  <div class='ocr_page' id='page_1' title='image "/cluster/home/n/w/nwhite01/storage/ocr_20150623/101/hvd.32044054112305/439.png"; bbox 0 0 4116 6194; ppageno 0'>
   <div class='ocr_carea' id='block_1_1' title="bbox 540 316 647 380">
    <p class='ocr_par' dir='ltr' id='par_1_1' title="bbox 540 316 647 380">
     <span class='ocr_line' id='line_1_1' title="bbox 540 316 647 380; baseline -0.028 0"><span class='ocrx_word' id='word_1_1' title='bbox 540 316 647 380; x_wconf 82' lang='lat'><strong>839</strong></span> 
     </span>
    </p>
   </div>
   <div class='ocr_carea' id='block_1_2' title="bbox 1763 314 2680 373">
    <p class='ocr_par' dir='ltr' id='par_1_2' title="bbox 1763 314 2680 373">
     <span class='ocr_line' id='line_1_2' title="bbox 1763 314 2680 373; baseline 0 -2"><span class='ocrx_word' id='word_1_2' title='bbox 1763 316 2001 372; x_wconf 81' lang='lat' dir='ltr'><strong>PHOTII</strong></span> <span class='ocrx_word' id='word_1_3' title='bbox 2043 314 2529 372; x_wconf 67' lang='lat' dir='ltr'><strong>PATRIARCHE</strong></span> <span class='ocrx_word' id='word_1_4' title='bbox 2571 315 2680 373; x_wconf 63' lang='grc' dir='ltr'><strong>(ΣΡ.</strong></span> 
     </span>
    </p>
   </div>
   <div class='ocr_carea' id='block_1_3' title="bbox 3835 320 3937 377">
    <p class='ocr_par' dir='ltr' id='par_1_3' title="bbox 3835 320 3937 377">
     <span class='ocr_line' id='line_1_3' title="bbox 3835 320 3937 377; baseline 0 0"><span class='ocrx_word' id='word_1_5' title='bbox 3835 320 3937 377; x_wconf 70' lang='grc'><strong>840</strong></span> 
     </span>
    </p>
   </div>
   <div class='ocr_carea' id='block_1_4' title="bbox 538 440 2184 514">
    <p class='ocr_par' dir='ltr' id='par_1_4' title="bbox 538 440 2184 513">
     <span class='ocr_line' id='line_1_4' title="bbox 538 440 2184 513; baseline -0.003 -16"><span class='ocrx_word' id='word_1_6' title='bbox 538 444 884 512; x_wconf 86' lang='lat' dir='ltr'><strong>«Quamvis</strong></span> <span class='ocrx_word' id='word_1_7' title='bbox 934 441 1142 507; x_wconf 88' lang='lat' dir='ltr'><strong>multa,</strong></span> <span class='ocrx_word' id='word_1_8' title='bbox 1174 441 1387 513; x_wconf 85' lang='lat' dir='ltr'><strong>inquit,</strong></span> <span class='ocrx_word' id='word_1_9' title='bbox 1432 441 1710 497; x_wconf 89' lang='lat' dir='ltr'><strong>miracula</strong></span> <span class='ocrx_word' id='word_1_10' title='bbox 1757 442 1952 497; x_wconf 87' lang='lat' dir='ltr'><strong>ederet</strong></span> <span class='ocrx_word' id='word_1_11' title='bbox 1993 440 2184 504; x_wconf 90' lang='lat' dir='ltr'><strong>Jesus,</strong></span> 
     </span>
    </p>
   </div>
   <div class='ocr_carea' id='block_1_5' title="bbox 2298 440 3927 514">
    <p class='ocr_par' dir='ltr' id='par_1_5' title="bbox 2302 441 3927 514">
     <span class='ocr_line' id='line_1_5' title="bbox 2302 441 3927 514; baseline 0.004 -23"><span class='ocrx_word' id='word_1_12' title='bbox 2302 441 2461 493; x_wconf 74' lang='grc' dir='ltr'>αὐτου</span> <span class='ocrx_word' id='word_1_13' title='bbox 2519 444 2758 505; x_wconf 87' lang='grc' dir='ltr'>θεότητα,</span> <span class='ocrx_word' id='word_1_14' title='bbox 2793 441 2983 507; x_wconf 84' lang='grc' dir='ltr'>Πολλὰ,</span> <span class='ocrx_word' id='word_1_15' title='bbox 3012 447 3155 513; x_wconf 87' lang='grc' dir='ltr'>φεσὶ,</span> <span class='ocrx_word' id='word_1_16' title='bbox 3190 451 3385 514; x_wconf 83' lang='grc' dir='ltr'>σημεῖα</span> <span class='ocrx_word' id='word_1_17' title='bbox 3428 450 3774 507; x_wconf 68' lang='grc' dir='ltr'>ποιησαντος</span> <span class='ocrx_word' id='word_1_18' title='bbox 3839 456 3927 497; x_wconf 68' lang='grc' dir='ltr'><strong>τον</strong></span> 
     </span>
    </p>
   </div>
   <div class='ocr_carea' id='block_1_6' title="bbox 534 529 2189 601">
    <p class='ocr_par' dir='ltr' id='par_1_6' title="bbox 534 529 2189 601">
     <span class='ocr_line' id='line_1_6' title="bbox 534 529 2189 601; baseline -0.003 -11"><span class='ocrx_word' id='word_1_19' title='bbox 534 534 719 591; x_wconf 65' lang='lat' dir='ltr'><strong>Judaei</strong></span> <span class='ocrx_word' id='word_1_20' title='bbox 751 538 954 589; x_wconf 90' lang='lat' dir='ltr'><strong>tamen</strong></span> <span class='ocrx_word' id='word_1_21' title='bbox 980 546 1101 586; x_wconf 93' lang='lat' dir='ltr'><strong>non</strong></span> <span class='ocrx_word' id='word_1_22' title='bbox 1127 530 1468 596; x_wconf 84' lang='lat' dir='ltr'><strong>credebant,</strong></span> <span class='ocrx_word' id='word_1_23' title='bbox 1495 536 1557 586; x_wconf 92' lang='lat' dir='ltr'><strong>ut</strong></span> <span class='ocrx_word' id='word_1_24' title='bbox 1588 530 1933 601; x_wconf 77' lang='lat' dir='ltr'><strong>impleretur</strong></span> <span class='ocrx_word' id='word_1_25' title='bbox 1963 529 2189 585; x_wconf 88' lang='lat' dir='ltr'><strong>dictum</strong></span> 
     </span>
    </p>
   </div>
   <div class='ocr_carea' id='block_1_7' title="bbox 540 618 2189 689">
    <p class='ocr_par' dir='ltr' id='par_1_7' title="bbox 540 618 2189 689">
     <span class='ocr_line' id='line_1_7' title="bbox 540 618 2189 689; baseline -0.003 -11"><span class='ocrx_word' id='word_1_26' title='bbox 540 622 704 679; x_wconf 68' lang='lat' dir='ltr'><strong>Isaiae</strong></span> <span class='ocrx_word' id='word_1_27' title='bbox 737 639 749 676; x_wconf 95' lang='lat'><strong>:</strong></span> <span class='ocrx_word' id='word_1_28' title='bbox 784 620 1049 683; x_wconf 86' lang='lat' dir='ltr'><strong>Domine,</strong></span> <span class='ocrx_word' id='word_1_29' title='bbox 1090 618 1228 689; x_wconf 88' lang='lat' dir='ltr'><strong>quis</strong></span> <span class='ocrx_word' id='word_1_30' title='bbox 1260 618 1503 673; x_wconf 81' lang='lat' dir='ltr'><strong>credidit</strong></span> <span class='ocrx_word' id='word_1_31' title='bbox 1542 618 1714 673; x_wconf 83' lang='lat' dir='ltr'><strong>dictis</strong></span> <span class='ocrx_word' id='word_1_32' title='bbox 1745 619 1972 685; x_wconf 89' lang='lat' dir='ltr'><strong>nostris,</strong></span> <span class='ocrx_word' id='word_1_33' title='bbox 2008 624 2063 673; x_wconf 93' lang='lat' dir='ltr'><strong>et</strong></span> <span class='ocrx_word' id='word_1_34' title='bbox 2092 618 2189 675; x_wconf 88' lang='lat' dir='ltr'><strong>cui</strong></span> 
     </span>
    </p>
   </div>
   <div class='ocr_carea' id='block_1_8' title="bbox 534 707 2189 779">
    <p class='ocr_par' dir='ltr' id='par_1_8' title="bbox 534 707 2189 779">
     <span class='ocr_line' id='line_1_8' title="bbox 534 707 2189 779; baseline -0.004 -12"><span class='ocrx_word' id='word_1_35' title='bbox 534 710 848 767; x_wconf 84' lang='lat' dir='ltr'><strong>brachium</strong></span> <span class='ocrx_word' id='word_1_36' title='bbox 872 708 1103 765; x_wconf 87' lang='lat' dir='ltr'><strong>Domini</strong></span> <span class='ocrx_word' id='word_1_37' title='bbox 1119 713 1207 763; x_wconf 87' lang='lat' dir='ltr'><strong>est</strong></span> <span class='ocrx_word' id='word_1_38' title='bbox 1225 707 1554 763; x_wconf 88' lang='lat' dir='ltr'><strong>revelatum</strong></span> <span class='ocrx_word' id='word_1_39' title='bbox 1576 710 1591 742; x_wconf 93' lang='grc'>¹</span> <span class='ocrx_word' id='word_1_40' title='bbox 1617 709 1645 763; x_wconf 84' lang='lat'><strong><em>?</em></strong></span> <span class='ocrx_word' id='word_1_41' title='bbox 1662 728 1688 758; x_wconf 92' lang='lat'>»</span> <span class='ocrx_word' id='word_1_42' title='bbox 1714 710 1730 762; x_wconf 87' lang='grc' dir='ltr'><strong>ι</strong></span> <span class='ocrx_word' id='word_1_43' title='bbox 1741 723 1841 779; x_wconf 92' lang='lat' dir='ltr'><strong>pse</strong></span> <span class='ocrx_word' id='word_1_44' title='bbox 1863 722 2102 778; x_wconf 90' lang='lat' dir='ltr'><strong>nempe,</strong></span> <span class='ocrx_word' id='word_1_45' title='bbox 2134 712 2189 761; x_wconf 93' lang='lat' dir='ltr'><strong>et</strong></span> 
     </span>
    </p>
   </div>
   <div class='ocr_carea' id='block_1_9' title="bbox 533 795 2191 872">
    <p class='ocr_par' dir='ltr' id='par_1_9' title="bbox 533 795 2191 872">
     <span class='ocr_line' id='line_1_9' title="bbox 533 795 2191 872; baseline -0.003 -17"><span class='ocrx_word' id='word_1_46' title='bbox 533 799 756 872; x_wconf 87' lang='lat' dir='ltr'><strong>justitia</strong></span> <span class='ocrx_word' id='word_1_47' title='bbox 784 799 933 868; x_wconf 86' lang='lat' dir='ltr'><strong>ejus.</strong></span> <span class='ocrx_word' id='word_1_48' title='bbox 966 817 995 849; x_wconf 78' lang='grc' dir='ltr'><strong>α</strong></span> <span class='ocrx_word' id='word_1_49' title='bbox 1025 797 1208 867; x_wconf 88' lang='lat' dir='ltr'><strong>Prope</strong></span> <span class='ocrx_word' id='word_1_50' title='bbox 1241 796 1402 851; x_wconf 93' lang='lat' dir='ltr'><strong>enim</strong></span> <span class='ocrx_word' id='word_1_51' title='bbox 1433 801 1539 863; x_wconf 90' lang='lat' dir='ltr'><strong>est,</strong></span> <span class='ocrx_word' id='word_1_52' title='bbox 1584 801 1647 851; x_wconf 91' lang='lat' dir='ltr'><strong>ut</strong></span> <span class='ocrx_word' id='word_1_53' title='bbox 1667 795 1897 866; x_wconf 90' lang='lat' dir='ltr'><strong>justitia</strong></span> <span class='ocrx_word' id='word_1_54' title='bbox 1924 811 2058 851; x_wconf 90' lang='lat' dir='ltr'><strong>mea</strong></span> <span class='ocrx_word' id='word_1_55' title='bbox 2087 795 2191 851; x_wconf 92' lang='lat' dir='ltr'><strong>ad-</strong></span> 
     </span>
    </p>
   </div>
   <div class='ocr_carea' id='block_1_10' title="bbox 535 884 2184 959">
    <p class='ocr_par' dir='ltr' id='par_1_10' title="bbox 535 884 2184 959">
     <span class='ocr_line' id='line_1_10' title="bbox 535 884 2184 959; baseline -0.003 -15"><span class='ocrx_word' id='word_1_56' title='bbox 535 889 753 944; x_wconf 83' lang='lat' dir='ltr'><strong>veniat.</strong></span> <span class='ocrx_word' id='word_1_57' title='bbox 785 909 813 937; x_wconf 78' lang='lat'>»</span> <span class='ocrx_word' id='word_1_58' title='bbox 848 890 973 959; x_wconf 90' lang='lat' dir='ltr'><strong>lpse</strong></span> <span class='ocrx_word' id='word_1_59' title='bbox 1002 885 1203 954; x_wconf 80' lang='lat' dir='ltr'><strong>itaque</strong></span> <span class='ocrx_word' id='word_1_60' title='bbox 1233 891 1289 940; x_wconf 93' lang='lat' dir='ltr'><strong>et</strong></span> <span class='ocrx_word' id='word_1_61' title='bbox 1318 887 1590 940; x_wconf 89' lang='lat' dir='ltr'><strong>Servator</strong></span> <span class='ocrx_word' id='word_1_62' title='bbox 1619 890 1724 951; x_wconf 87' lang='lat' dir='ltr'><strong>est,</strong></span> <span class='ocrx_word' id='word_1_63' title='bbox 1767 892 1821 940; x_wconf 91' lang='lat' dir='ltr'><strong>et</strong></span> <span class='ocrx_word' id='word_1_64' title='bbox 1852 884 2184 940; x_wconf 87' lang='lat' dir='ltr'><strong>brachium.</strong></span> 
     </span>
    </p>
   </div>
   <div class='ocr_carea' id='block_1_11' title="bbox 536 973 2189 1049">
    <p class='ocr_par' dir='ltr' id='par_1_11' title="bbox 536 973 2189 1049">
     <span class='ocr_line' id='line_1_11' title="bbox 536 973 2189 1049; baseline -0.002 -17"><span class='ocrx_word' id='word_1_65' title='bbox 536 978 854 1049; x_wconf 79' lang='lat' dir='ltr'><strong>Propterea</strong></span> <span class='ocrx_word' id='word_1_66' title='bbox 882 980 941 1031; x_wconf 85' lang='lat' dir='ltr'><strong>et</strong></span> <span class='ocrx_word' id='word_1_67' title='bbox 989 974 1203 1031; x_wconf 84' lang='lat' dir='ltr'><strong>Paulus</strong></span> <span class='ocrx_word' id='word_1_68' title='bbox 1250 976 1457 1029; x_wconf 89' lang='lat' dir='ltr'><strong>omnia</strong></span> <span class='ocrx_word' id='word_1_69' title='bbox 1483 973 1853 1045; x_wconf 87' lang='lat' dir='ltr'><strong>complexus,</strong></span> <span class='ocrx_word' id='word_1_70' title='bbox 1906 974 1967 1028; x_wconf 92' lang='lat' dir='ltr'><strong>in</strong></span> <span class='ocrx_word' id='word_1_71' title='bbox 2000 990 2189 1029; x_wconf 88' lang='lat' dir='ltr'><strong>unum</strong></span> 
     </span>
    </p>
   </div>
   <div class='ocr_carea' id='block_1_12' title="bbox 535 1062 2189 1133">
    <p class='ocr_par' dir='ltr' id='par_1_12' title="bbox 535 1062 2189 1133">
     <span class='ocr_line' id='line_1_12' title="bbox 535 1062 2189 1133; baseline -0.004 -10"><span class='ocrx_word' id='word_1_72' title='bbox 535 1066 780 1133; x_wconf 80' lang='lat' dir='ltr'><strong>confert,</strong></span> <span class='ocrx_word' id='word_1_73' title='bbox 812 1065 1055 1121; x_wconf 89' lang='lat' dir='ltr'><strong>dicens:</strong></span> <span class='ocrx_word' id='word_1_74' title='bbox 1093 1084 1121 1115; x_wconf 88' lang='lat'><strong>«</strong></span> <span class='ocrx_word' id='word_1_75' title='bbox 1174 1063 1283 1127; x_wconf 86' lang='lat' dir='ltr'><strong>Qui</strong></span> <span class='ocrx_word' id='word_1_76' title='bbox 1326 1063 1517 1118; x_wconf 88' lang='lat' dir='ltr'><strong>factus</strong></span> <span class='ocrx_word' id='word_1_77' title='bbox 1546 1062 1720 1117; x_wconf 90' lang='lat' dir='ltr'><strong>nobis</strong></span> <span class='ocrx_word' id='word_1_78' title='bbox 1745 1068 1833 1117; x_wconf 90' lang='lat' dir='ltr'><strong>est</strong></span> <span class='ocrx_word' id='word_1_79' title='bbox 1863 1079 1899 1118; x_wconf 90' lang='lat' dir='ltr'><strong>a</strong></span> <span class='ocrx_word' id='word_1_80' title='bbox 1950 1064 2063 1118; x_wconf 91' lang='lat' dir='ltr'><strong>Deo</strong></span> <span class='ocrx_word' id='word_1_81' title='bbox 2096 1078 2189 1117; x_wconf 89' lang='lat' dir='ltr'><strong>sa-</strong></span> 
     </span>
    </p>
   </div>
   <div class='ocr_carea' id='block_1_13' title="bbox 533 1152 2188 1230">
    <p class='ocr_par' dir='ltr' id='par_1_13' title="bbox 533 1152 2188 1230">
     <span class='ocr_line' id='line_1_13' title="bbox 533 1152 2188 1230; baseline -0.002 -20"><span class='ocrx_word' id='word_1_82' title='bbox 533 1157 778 1230; x_wconf 89' lang='lat' dir='ltr'><strong>pientia,</strong></span> <span class='ocrx_word' id='word_1_83' title='bbox 807 1160 863 1210; x_wconf 91' lang='lat' dir='ltr'><strong>et</strong></span> <span class='ocrx_word' id='word_1_84' title='bbox 920 1152 1332 1217; x_wconf 85' lang='lat' dir='ltr'><strong>sanctiﬁcatio,</strong></span> <span class='ocrx_word' id='word_1_85' title='bbox 1365 1157 1420 1207; x_wconf 92' lang='lat' dir='ltr'><strong>et</strong></span> <span class='ocrx_word' id='word_1_86' title='bbox 1455 1152 1721 1206; x_wconf 90' lang='lat' dir='ltr'><strong>liberatio</strong></span> <span class='ocrx_word' id='word_1_87' title='bbox 1769 1154 1811 1205; x_wconf 84' lang='grc'><strong>².</strong></span> <span class='ocrx_word' id='word_1_88' title='bbox 1842 1175 1870 1201; x_wconf 84' lang='grc'><strong>››</strong></span> <span class='ocrx_word' id='word_1_89' title='bbox 1918 1152 2018 1207; x_wconf 89' lang='lat' dir='ltr'><strong>Hic</strong></span> <span class='ocrx_word' id='word_1_90' title='bbox 2049 1152 2188 1206; x_wconf 91' lang='lat' dir='ltr'><strong>oriri</strong></span> 
     </span>
    </p>
   </div>
   <div class='ocr_carea' id='block_1_14' title="bbox 534 1240 2184 1312">
    <p class='ocr_par' dir='ltr' id='par_1_14' title="bbox 534 1240 2184 1312">
     <span class='ocr_line' id='line_1_14' title="bbox 534 1240 2184 1312; baseline -0.005 -10"><span class='ocrx_word' id='word_1_91' title='bbox 534 1246 708 1301; x_wconf 90' lang='lat' dir='ltr'><strong>nobis</strong></span> <span class='ocrx_word' id='word_1_92' title='bbox 730 1242 1515 1312; x_wconf 88' lang='lat' dir='ltr'><strong>fecitortumjustissimum.</strong></span> <span class='ocrx_word' id='word_1_93' title='bbox 1538 1261 1565 1291; x_wconf 90' lang='lat'><strong>«</strong></span> <span class='ocrx_word' id='word_1_94' title='bbox 1592 1240 1736 1295; x_wconf 86' lang='lat' dir='ltr'><strong>Ecce</strong></span> <span class='ocrx_word' id='word_1_95' title='bbox 1764 1242 1943 1304; x_wconf 86' lang='lat' dir='ltr'><strong>enim,</strong></span> <span class='ocrx_word' id='word_1_96' title='bbox 1974 1241 2184 1312; x_wconf 86' lang='lat' dir='ltr'><strong>inquit,</strong></span> 
     </span>
    </p>
   </div>
   <div class='ocr_carea' id='block_1_15' title="bbox 532 1330 2187 1398">
    <p class='ocr_par' dir='ltr' id='par_1_15' title="bbox 532 1330 2187 1398">
     <span class='ocr_line' id='line_1_15' title="bbox 532 1330 2187 1398; baseline -0.004 -7"><span class='ocrx_word' id='word_1_97' title='bbox 532 1336 669 1391; x_wconf 90' lang='lat' dir='ltr'><strong>oriri</strong></span> <span class='ocrx_word' id='word_1_98' title='bbox 717 1334 933 1389; x_wconf 81' lang='lat' dir='ltr'><strong>faciam</strong></span> <span class='ocrx_word' id='word_1_99' title='bbox 963 1331 1141 1387; x_wconf 93' lang='lat' dir='ltr'><strong>domo</strong></span> <span class='ocrx_word' id='word_1_100' title='bbox 1172 1330 1412 1385; x_wconf 89' lang='lat' dir='ltr'><strong>Davidis</strong></span> <span class='ocrx_word' id='word_1_101' title='bbox 1445 1337 1641 1385; x_wconf 90' lang='lat' dir='ltr'><strong>ortum</strong></span> <span class='ocrx_word' id='word_1_102' title='bbox 1692 1337 1989 1398; x_wconf 86' lang='lat' dir='ltr'><strong>sanctum,</strong></span> <span class='ocrx_word' id='word_1_103' title='bbox 2019 1337 2075 1384; x_wconf 91' lang='lat' dir='ltr'><strong>et</strong></span> <span class='ocrx_word' id='word_1_104' title='bbox 2098 1345 2187 1384; x_wconf 93' lang='lat' dir='ltr'><strong>re-</strong></span> 
     </span>
    </p>
   </div>
   <div class='ocr_carea' id='block_1_16' title="bbox 534 1418 2189 1495">
    <p class='ocr_par' dir='ltr' id='par_1_16' title="bbox 534 1418 2189 1495">
     <span class='ocr_line' id='line_1_16' title="bbox 534 1418 2189 1495; baseline -0.005 -15"><span class='ocrx_word' id='word_1_105' title='bbox 534 1423 740 1495; x_wconf 85' lang='lat' dir='ltr'><strong>gnabit</strong></span> <span class='ocrx_word' id='word_1_106' title='bbox 761 1424 879 1477; x_wconf 86' lang='lat' dir='ltr'><strong>Rex</strong></span> <span class='ocrx_word' id='word_1_107' title='bbox 902 1420 1099 1492; x_wconf 89' lang='lat' dir='ltr'><strong>justus</strong></span> <span class='ocrx_word' id='word_1_108' title='bbox 1125 1421 1167 1474; x_wconf 86' lang='grc'><strong>⁸.</strong></span> <span class='ocrx_word' id='word_1_109' title='bbox 1203 1442 1231 1469; x_wconf 85' lang='grc'>››</span> <span class='ocrx_word' id='word_1_110' title='bbox 1262 1422 1433 1475; x_wconf 90' lang='lat' dir='ltr'><strong>Ortus</strong></span> <span class='ocrx_word' id='word_1_111' title='bbox 1464 1420 1663 1490; x_wconf 87' lang='lat' dir='ltr'><strong>itaque</strong></span> <span class='ocrx_word' id='word_1_112' title='bbox 1700 1434 1853 1473; x_wconf 90' lang='lat' dir='ltr'><strong>unus</strong></span> <span class='ocrx_word' id='word_1_113' title='bbox 1881 1425 1986 1484; x_wconf 89' lang='lat' dir='ltr'><strong>est,</strong></span> <span class='ocrx_word' id='word_1_114' title='bbox 2021 1418 2189 1472; x_wconf 89' lang='lat' dir='ltr'><strong>multi</strong></span> 
     </span>
    </p>
   </div>
   <div class='ocr_carea' id='block_1_17' title="bbox 534 1507 2184 1582">
    <p class='ocr_par' dir='ltr' id='par_1_17' title="bbox 534 1507 2184 1582">
     <span class='ocr_line' id='line_1_17' title="bbox 534 1507 2184 1582; baseline -0.005 -14"><span class='ocrx_word' id='word_1_115' title='bbox 534 1529 674 1568; x_wconf 91' lang='lat' dir='ltr'><strong>vero</strong></span> <span class='ocrx_word' id='word_1_116' title='bbox 726 1511 999 1582; x_wconf 88' lang='lat' dir='ltr'><strong>ejusdem</strong></span> <span class='ocrx_word' id='word_1_117' title='bbox 1054 1508 1227 1563; x_wconf 88' lang='lat' dir='ltr'><strong>radii.</strong></span> <span class='ocrx_word' id='word_1_118' title='bbox 1281 1507 1446 1563; x_wconf 90' lang='lat' dir='ltr'><strong>Radii</strong></span> <span class='ocrx_word' id='word_1_119' title='bbox 1504 1510 1724 1563; x_wconf 88' lang='lat' dir='ltr'><strong>scilicet</strong></span> <span class='ocrx_word' id='word_1_120' title='bbox 1778 1507 2184 1571; x_wconf 81' lang='lat' dir='ltr'><strong>humanitatis,</strong></span> 
     </span>
    </p>
   </div>
   <div class='ocr_carea' id='block_1_18' title="bbox 533 1595 2189 1668">
    <p class='ocr_par' dir='ltr' id='par_1_18' title="bbox 533 1595 2189 1668">
     <span class='ocr_line' id='line_1_18' title="bbox 533 1595 2189 1668; baseline -0.005 -11"><span class='ocrx_word' id='word_1_121' title='bbox 533 1600 883 1663; x_wconf 85' lang='lat' dir='ltr'><strong>sanationis,</strong></span> <span class='ocrx_word' id='word_1_122' title='bbox 916 1598 1120 1668; x_wconf 86' lang='lat' dir='ltr'><strong>pacis:</strong></span> <span class='ocrx_word' id='word_1_123' title='bbox 1166 1595 1317 1651; x_wconf 87' lang='lat' dir='ltr'><strong>radii</strong></span> <span class='ocrx_word' id='word_1_124' title='bbox 1362 1595 1626 1664; x_wconf 74' lang='lat' dir='ltr'><strong>justitite,</strong></span> <span class='ocrx_word' id='word_1_125' title='bbox 1688 1596 2065 1667; x_wconf 88' lang='lat' dir='ltr'><strong>pluriumque</strong></span> <span class='ocrx_word' id='word_1_126' title='bbox 2112 1596 2189 1649; x_wconf 89' lang='lat' dir='ltr'><strong>si-</strong></span> 
     </span>
    </p>
   </div>
   <div class='ocr_carea' id='block_1_19' title="bbox 533 1684 2182 1757">
    <p class='ocr_par' dir='ltr' id='par_1_19' title="bbox 533 1684 2182 1757">
     <span class='ocr_line' id='line_1_19' title="bbox 533 1684 2182 1757; baseline -0.003 -12"><span class='ocrx_word' id='word_1_127' title='bbox 533 1691 785 1745; x_wconf 92' lang='lat' dir='ltr'><strong>milium.</strong></span> <span class='ocrx_word' id='word_1_128' title='bbox 820 1687 1136 1757; x_wconf 85' lang='lat' dir='ltr'><strong>Propterea</strong></span> <span class='ocrx_word' id='word_1_129' title='bbox 1156 1685 1334 1740; x_wconf 89' lang='lat' dir='ltr'><strong>etiam</strong></span> <span class='ocrx_word' id='word_1_130' title='bbox 1357 1684 1535 1739; x_wconf 86' lang='lat' dir='ltr'><strong>David</strong></span> <span class='ocrx_word' id='word_1_131' title='bbox 1562 1685 1906 1739; x_wconf 88' lang='lat' dir='ltr'><strong>vaticinatus</strong></span> <span class='ocrx_word' id='word_1_132' title='bbox 1940 1686 2147 1739; x_wconf 88' lang='lat' dir='ltr'><strong>cecinit</strong></span> <span class='ocrx_word' id='word_1_133' title='bbox 2171 1702 2182 1740; x_wconf 93' lang='lat'><strong>:</strong></span> 
     </span>
    </p>
   </div>
   <div class='ocr_carea' id='block_1_20' title="bbox 2301 529 3938 601">
    <p class='ocr_par' dir='ltr' id='par_1_20' title="bbox 2301 529 3938 601">
     <span class='ocr_line' id='line_1_20' title="bbox 2301 529 3938 601; baseline 0.002 -19"><span class='ocrx_word' id='word_1_134' title='bbox 2301 530 2480 588; x_wconf 80' lang='grc' dir='ltr'>Ἰησού</span> <span class='ocrx_word' id='word_1_135' title='bbox 2529 530 2642 601; x_wconf 88' lang='grc'><strong>(78)</strong></span> <span class='ocrx_word' id='word_1_136' title='bbox 2696 531 2789 582; x_wconf 65' lang='grc' dir='ltr'>οὐκ</span> <span class='ocrx_word' id='word_1_137' title='bbox 2846 529 3158 583; x_wconf 86' lang='grc' dir='ltr'>ἐπίστευσαν</span> <span class='ocrx_word' id='word_1_138' title='bbox 3212 534 3260 583; x_wconf 87' lang='grc' dir='ltr'>οἱ</span> <span class='ocrx_word' id='word_1_139' title='bbox 3316 529 3595 597; x_wconf 81' lang='grc' dir='ltr'>Ἰουδαῖοι,</span> <span class='ocrx_word' id='word_1_140' title='bbox 3656 536 3747 585; x_wconf 86' lang='grc' dir='ltr'>ἶνα</span> <span class='ocrx_word' id='word_1_141' title='bbox 3806 535 3938 591; x_wconf 64' lang='grc' dir='ltr'>πλε-</span> 
     </span>
    </p>
   </div>
   <div class='ocr_carea' id='block_1_21' title="bbox 2299 620 3935 696">
    <p class='ocr_par' dir='ltr' id='par_1_21' title="bbox 2299 620 3935 696">
     <span class='ocr_line' id='line_1_21' title="bbox 2299 620 3935 696; baseline -0.001 -27"><span class='ocrx_word' id='word_1_142' title='bbox 2299 621 2439 691; x_wconf 80' lang='grc' dir='ltr'>ρωθῇ</span> <span class='ocrx_word' id='word_1_143' title='bbox 2472 624 2528 670; x_wconf 88' lang='grc' dir='ltr'>τὸ</span> <span class='ocrx_word' id='word_1_144' title='bbox 2551 620 2704 692; x_wconf 77' lang='grc' dir='ltr'>ῥηθὲν</span> <span class='ocrx_word' id='word_1_145' title='bbox 2756 622 2855 671; x_wconf 83' lang='grc' dir='ltr'><strong>ύπό</strong></span> <span class='ocrx_word' id='word_1_146' title='bbox 2886 628 2977 671; x_wconf 82' lang='grc' dir='ltr'>τοῦ</span> <span class='ocrx_word' id='word_1_147' title='bbox 3034 620 3254 672; x_wconf 81' lang='grc' dir='ltr'>Ἠσαίου</span> <span class='ocrx_word' id='word_1_148' title='bbox 3306 636 3319 647; x_wconf 77' lang='grc'><strong>⁸</strong></span> <span class='ocrx_word' id='word_1_149' title='bbox 3379 642 3407 672; x_wconf 76' lang='lat' dir='ltr'><strong>a</strong></span> <span class='ocrx_word' id='word_1_150' title='bbox 3453 625 3633 696; x_wconf 76' lang='grc' dir='ltr'>Κύριε,</span> <span class='ocrx_word' id='word_1_151' title='bbox 3698 628 3784 684; x_wconf 87' lang='grc' dir='ltr'><strong>τίς</strong></span> <span class='ocrx_word' id='word_1_152' title='bbox 3830 624 3935 675; x_wconf 73' lang='grc' dir='ltr'><strong>ἐπὶ.</strong></span> 
     </span>
    </p>
   </div>
   <div class='ocr_carea' id='block_1_22' title="bbox 2303 707 3935 783">
    <p class='ocr_par' dir='ltr' id='par_1_22' title="bbox 2303 707 3935 783">
     <span class='ocr_line' id='line_1_22' title="bbox 2303 707 3935 783; baseline 0.002 -24"><span class='ocrx_word' id='word_1_153' title='bbox 2303 726 2513 760; x_wconf 89' lang='grc' dir='ltr'>στευσεν</span> <span class='ocrx_word' id='word_1_154' title='bbox 2554 716 2614 779; x_wconf 74' lang='grc' dir='ltr'>τῇ</span> <span class='ocrx_word' id='word_1_155' title='bbox 2677 707 2805 779; x_wconf 73' lang='grc' dir='ltr'>ἀκοῇ</span> <span class='ocrx_word' id='word_1_156' title='bbox 2846 710 3014 779; x_wconf 78' lang='grc' dir='ltr'>ἡμῶν,</span> <span class='ocrx_word' id='word_1_157' title='bbox 3046 714 3136 760; x_wconf 78' lang='grc' dir='ltr'>καὶ</span> <span class='ocrx_word' id='word_1_158' title='bbox 3192 712 3217 760; x_wconf 89' lang='grc' dir='ltr'><strong>ό</strong></span> <span class='ocrx_word' id='word_1_159' title='bbox 3268 708 3515 782; x_wconf 74' lang='grc' dir='ltr'>βραχίων</span> <span class='ocrx_word' id='word_1_160' title='bbox 3566 716 3779 783; x_wconf 74' lang='grc' dir='ltr'>Κυρίου</span> <span class='ocrx_word' id='word_1_161' title='bbox 3837 720 3935 764; x_wconf 75' lang='grc' dir='ltr'>τίνι</span> 
     </span>
    </p>
   </div>
   <div class='ocr_carea' id='block_1_23' title="bbox 2301 795 3935 871">
    <p class='ocr_par' dir='ltr' id='par_1_23' title="bbox 2301 795 3935 871">
     <span class='ocr_line' id='line_1_23' title="bbox 2301 795 3935 871; baseline 0.004 -23"><span class='ocrx_word' id='word_1_162' title='bbox 2301 795 2631 867; x_wconf 75' lang='grc' dir='ltr'><strong>ἀπεκαλύφθη</strong></span> <span class='ocrx_word' id='word_1_163' title='bbox 2660 816 2676 867; x_wconf 79' lang='grc'>;</span> <span class='ocrx_word' id='word_1_164' title='bbox 2706 820 2730 845; x_wconf 86' lang='lat'><strong>»</strong></span> <span class='ocrx_word' id='word_1_165' title='bbox 2765 798 2915 857; x_wconf 66' lang='grc' dir='ltr'>αὐτὸς</span> <span class='ocrx_word' id='word_1_166' title='bbox 2938 802 3108 850; x_wconf 80' lang='grc' dir='ltr'>τοίνυν</span> <span class='ocrx_word' id='word_1_167' title='bbox 3138 803 3227 850; x_wconf 82' lang='grc' dir='ltr'>καὶ</span> <span class='ocrx_word' id='word_1_168' title='bbox 3254 797 3290 851; x_wconf 87' lang='grc' dir='ltr'><strong>δ</strong></span> <span class='ocrx_word' id='word_1_169' title='bbox 3296 802 3594 857; x_wconf 81' lang='grc' dir='ltr'>ικαιοσύνη,</span> <span class='ocrx_word' id='word_1_170' title='bbox 3632 821 3665 851; x_wconf 80' lang='lat' dir='ltr'><strong>a</strong></span> <span class='ocrx_word' id='word_1_171' title='bbox 3696 802 3935 871; x_wconf 72' lang='grc' dir='ltr'>Ἐγγίζει</span> 
     </span>
    </p>
   </div>
   <div class='ocr_carea' id='block_1_24' title="bbox 2298 882 3934 961">
    <p class='ocr_par' dir='ltr' id='par_1_24' title="bbox 2298 882 3934 961">
     <span class='ocr_line' id='line_1_24' title="bbox 2298 882 3934 961; baseline 0.002 -24"><span class='ocrx_word' id='word_1_172' title='bbox 2298 888 2399 960; x_wconf 72' lang='grc' dir='ltr'><strong>’γὰρ</strong></span> <span class='ocrx_word' id='word_1_173' title='bbox 2435 888 2465 943; x_wconf 83' lang='grc' dir='ltr'>ἡ</span> <span class='ocrx_word' id='word_1_174' title='bbox 2506 882 2817 944; x_wconf 79' lang='grc' dir='ltr'><strong>δικαιοσύνη</strong></span> <span class='ocrx_word' id='word_1_175' title='bbox 2850 906 2951 957; x_wconf 88' lang='grc' dir='ltr'><strong>μου</strong></span> <span class='ocrx_word' id='word_1_176' title='bbox 2980 890 3386 961; x_wconf 69' lang='grc' dir='ltr'><strong>παραγενέσθαι.</strong></span> <span class='ocrx_word' id='word_1_177' title='bbox 3423 910 3443 937; x_wconf 76' lang='grc' dir='ltr'><strong>ι</strong></span> <span class='ocrx_word' id='word_1_178' title='bbox 3477 890 3647 951; x_wconf 79' lang='grc' dir='ltr'>Δύτός</span> <span class='ocrx_word' id='word_1_179' title='bbox 3683 896 3778 942; x_wconf 80' lang='grc' dir='ltr'>καὶ</span> <span class='ocrx_word' id='word_1_180' title='bbox 3838 898 3934 943; x_wconf 82' lang='grc' dir='ltr'><strong>Σω-</strong></span> 
     </span>
    </p>
   </div>
   <div class='ocr_carea' id='block_1_25' title="bbox 2299 974 3933 1049">
    <p class='ocr_par' dir='ltr' id='par_1_25' title="bbox 2299 974 3933 1049">
     <span class='ocr_line' id='line_1_25' title="bbox 2299 974 3933 1049; baseline 0.003 -23"><span class='ocrx_word' id='word_1_181' title='bbox 2299 979 2416 1049; x_wconf 80' lang='grc' dir='ltr'>τὴρ,</span> <span class='ocrx_word' id='word_1_182' title='bbox 2477 975 2633 1036; x_wconf 77' lang='grc' dir='ltr'>αὐτός</span> <span class='ocrx_word' id='word_1_183' title='bbox 2687 980 2776 1027; x_wconf 79' lang='grc' dir='ltr'>καὶ</span> <span class='ocrx_word' id='word_1_184' title='bbox 2833 974 3103 1048; x_wconf 78' lang='grc' dir='ltr'>βραχίων.</span> <span class='ocrx_word' id='word_1_185' title='bbox 3156 978 3250 1028; x_wconf 87' lang='grc' dir='ltr'>Διά</span> <span class='ocrx_word' id='word_1_186' title='bbox 3307 984 3461 1029; x_wconf 84' lang='grc' dir='ltr'>τούτο</span> <span class='ocrx_word' id='word_1_187' title='bbox 3517 984 3608 1030; x_wconf 78' lang='grc' dir='ltr'>καὶ</span> <span class='ocrx_word' id='word_1_188' title='bbox 3642 981 3671 1030; x_wconf 83' lang='grc' dir='ltr'><strong><em>ὁ</em></strong></span> <span class='ocrx_word' id='word_1_189' title='bbox 3724 980 3933 1041; x_wconf 63' lang='grc' dir='ltr'>Παῦλος</span> 
     </span>
    </p>
   </div>
   <div class='ocr_carea' id='block_1_26' title="bbox 2298 1063 3933 1139">
    <p class='ocr_par' dir='ltr' id='par_1_26' title="bbox 2298 1063 3933 1139">
     <span class='ocr_line' id='line_1_26' title="bbox 2298 1063 3933 1139; baseline 0.002 -23"><span class='ocrx_word' id='word_1_190' title='bbox 2298 1063 2583 1137; x_wconf 80' lang='grc' dir='ltr'>περιλαϐὼν</span> <span class='ocrx_word' id='word_1_191' title='bbox 2631 1065 2835 1116; x_wconf 79' lang='grc' dir='ltr'>ᾶπαντα</span> <span class='ocrx_word' id='word_1_192' title='bbox 2888 1065 2954 1125; x_wconf 87' lang='grc' dir='ltr'>εἰς</span> <span class='ocrx_word' id='word_1_193' title='bbox 3012 1064 3061 1117; x_wconf 81' lang='grc' dir='ltr'>ἓν</span> <span class='ocrx_word' id='word_1_194' title='bbox 3115 1064 3372 1139; x_wconf 74' lang='grc' dir='ltr'><strong>ἀναφέρει,</strong></span> <span class='ocrx_word' id='word_1_195' title='bbox 3426 1066 3585 1138; x_wconf 74' lang='grc' dir='ltr'>λέγων</span> <span class='ocrx_word' id='word_1_196' title='bbox 3647 1085 3662 1097; x_wconf 76' lang='grc' dir='ltr'><strong>ο</strong></span> <span class='ocrx_word' id='word_1_197' title='bbox 3743 1088 3778 1117; x_wconf 76' lang='grc' dir='ltr'>(ι</span> <span class='ocrx_word' id='word_1_198' title='bbox 3840 1069 3933 1132; x_wconf 62' lang='grc' dir='ltr'>⁴Ος</span> 
     </span>
    </p>
   </div>
   <div class='ocr_carea' id='block_1_27' title="bbox 2300 1152 3928 1229">
    <p class='ocr_par' dir='ltr' id='par_1_27' title="bbox 2300 1152 3928 1229">
     <span class='ocr_line' id='line_1_27' title="bbox 2300 1152 3928 1229; baseline 0.004 -24"><span class='ocrx_word' id='word_1_199' title='bbox 2300 1152 2542 1223; x_wconf 75' lang='grc' dir='ltr'><strong>ἐγεννήθη</strong></span> <span class='ocrx_word' id='word_1_200' title='bbox 2602 1156 2726 1224; x_wconf 80' lang='grc' dir='ltr'>ἡμῖν</span> <span class='ocrx_word' id='word_1_201' title='bbox 2786 1152 2886 1205; x_wconf 84' lang='grc' dir='ltr'>ἀπὸ</span> <span class='ocrx_word' id='word_1_202' title='bbox 2941 1161 3075 1207; x_wconf 84' lang='grc' dir='ltr'><strong>Θεοῦ</strong></span> <span class='ocrx_word' id='word_1_203' title='bbox 3152 1160 3308 1225; x_wconf 87' lang='grc' dir='ltr'>σοφία</span> <span class='ocrx_word' id='word_1_204' title='bbox 3358 1161 3449 1207; x_wconf 87' lang='grc' dir='ltr'>καὶ</span> <span class='ocrx_word' id='word_1_205' title='bbox 3505 1157 3791 1229; x_wconf 71' lang='grc' dir='ltr'>ἁγιασμὸς</span> <span class='ocrx_word' id='word_1_206' title='bbox 3837 1166 3928 1211; x_wconf 80' lang='grc' dir='ltr'>καὶ</span> 
     </span>
    </p>
   </div>
   <div class='ocr_carea' id='block_1_28' title="bbox 2300 1241 3929 1315">
    <p class='ocr_par' dir='ltr' id='par_1_28' title="bbox 2300 1241 3929 1315">
     <span class='ocr_line' id='line_1_28' title="bbox 2300 1241 3929 1315; baseline 0.005 -23"><span class='ocrx_word' id='word_1_207' title='bbox 2300 1241 2679 1315; x_wconf 79' lang='grc' dir='ltr'><strong>ἀπολύτρωσις.</strong></span> <span class='ocrx_word' id='word_1_208' title='bbox 2732 1264 2755 1293; x_wconf 74' lang='grc' dir='ltr'><strong>ν</strong></span> <span class='ocrx_word' id='word_1_209' title='bbox 2809 1244 2973 1305; x_wconf 78' lang='grc' dir='ltr'>Οὗτος</span> <span class='ocrx_word' id='word_1_210' title='bbox 3018 1246 3143 1315; x_wconf 82' lang='grc' dir='ltr'>ἡμῖν</span> <span class='ocrx_word' id='word_1_211' title='bbox 3212 1242 3457 1297; x_wconf 75' lang='grc' dir='ltr'>ἀνέτειλεν</span> <span class='ocrx_word' id='word_1_212' title='bbox 3508 1244 3771 1305; x_wconf 73' lang='grc' dir='ltr'>ἀνατολὴν</span> <span class='ocrx_word' id='word_1_213' title='bbox 3848 1245 3929 1300; x_wconf 79' lang='grc' dir='ltr'>δι·</span> 
     </span>
    </p>
   </div>
   <div class='ocr_carea' id='block_1_29' title="bbox 2297 1328 3934 1406">
    <p class='ocr_par' dir='ltr' id='par_1_29' title="bbox 2297 1328 3934 1406">
     <span class='ocr_line' id='line_1_29' title="bbox 2297 1328 3934 1406; baseline 0.004 -24"><span class='ocrx_word' id='word_1_214' title='bbox 2297 1336 2468 1385; x_wconf 89' lang='grc' dir='ltr'>καίαν.</span> <span class='ocrx_word' id='word_1_215' title='bbox 2504 1351 2533 1383; x_wconf 72' lang='grc' dir='ltr'>(ι</span> <span class='ocrx_word' id='word_1_216' title='bbox 2576 1328 2716 1384; x_wconf 82' lang='grc' dir='ltr'>Ἰδού</span> <span class='ocrx_word' id='word_1_217' title='bbox 2754 1336 2875 1404; x_wconf 73' lang='grc' dir='ltr'>γὰρ,</span> <span class='ocrx_word' id='word_1_218' title='bbox 2927 1337 3108 1403; x_wconf 85' lang='grc' dir='ltr'>φησὶν,</span> <span class='ocrx_word' id='word_1_219' title='bbox 3160 1332 3384 1385; x_wconf 82' lang='grc' dir='ltr'>ἀνατελῶ</span> <span class='ocrx_word' id='word_1_220' title='bbox 3437 1342 3509 1404; x_wconf 86' lang='grc' dir='ltr'>τῷ</span> <span class='ocrx_word' id='word_1_221' title='bbox 3561 1338 3694 1406; x_wconf 79' lang='grc' dir='ltr'>οίκῳ</span> <span class='ocrx_word' id='word_1_222' title='bbox 3757 1335 3934 1389; x_wconf 72' lang='grc' dir='ltr'>Δαϐἱδ</span> 
     </span>
    </p>
   </div>
   <div class='ocr_carea' id='block_1_30' title="bbox 2300 1417 3923 1493">
    <p class='ocr_par' dir='ltr' id='par_1_30' title="bbox 2300 1417 3923 1493">
     <span class='ocr_line' id='line_1_30' title="bbox 2300 1417 3923 1493; baseline 0.004 -22"><span class='ocrx_word' id='word_1_223' title='bbox 2300 1419 2546 1477; x_wconf 74' lang='grc' dir='ltr'>ἀνατολὴν</span> <span class='ocrx_word' id='word_1_224' title='bbox 2579 1417 2812 1487; x_wconf 83' lang='grc' dir='ltr'>δικαίαν,</span> <span class='ocrx_word' id='word_1_225' title='bbox 2848 1426 2935 1472; x_wconf 83' lang='grc' dir='ltr'>καὶ</span> <span class='ocrx_word' id='word_1_226' title='bbox 2967 1420 3274 1492; x_wconf 73' lang='grc' dir='ltr'>βασιλεύσει</span> <span class='ocrx_word' id='word_1_227' title='bbox 3310 1420 3563 1493; x_wconf 76' lang='grc' dir='ltr'>βασιλεὺς</span> <span class='ocrx_word' id='word_1_228' title='bbox 3617 1421 3865 1488; x_wconf 81' lang='grc' dir='ltr'>δίκαιος.</span> <span class='ocrx_word' id='word_1_229' title='bbox 3896 1448 3923 1477; x_wconf 66' lang='grc' dir='ltr'><strong>ε</strong></span> 
     </span>
    </p>
   </div>
   <div class='ocr_carea' id='block_1_31' title="bbox 2300 1507 3879 1580">
    <p class='ocr_par' dir='ltr' id='par_1_31' title="bbox 2300 1507 3879 1580">
     <span class='ocr_line' id='line_1_31' title="bbox 2300 1507 3879 1580; baseline 0.006 -21"><span class='ocrx_word' id='word_1_230' title='bbox 2300 1512 2410 1564; x_wconf 89' lang='grc' dir='ltr'>Μία</span> <span class='ocrx_word' id='word_1_231' title='bbox 2437 1513 2525 1580; x_wconf 74' lang='grc' dir='ltr'>μὲν</span> <span class='ocrx_word' id='word_1_232' title='bbox 2559 1507 2645 1561; x_wconf 78' lang='grc' dir='ltr'>οὖν</span> <span class='ocrx_word' id='word_1_233' title='bbox 2699 1509 2941 1575; x_wconf 78' lang='grc' dir='ltr'>ἀνατολὴ,</span> <span class='ocrx_word' id='word_1_234' title='bbox 3010 1511 3194 1562; x_wconf 83' lang='grc' dir='ltr'>πολλαὶ</span> <span class='ocrx_word' id='word_1_235' title='bbox 3248 1508 3307 1563; x_wconf 76' lang='grc' dir='ltr'>δὲ</span> <span class='ocrx_word' id='word_1_236' title='bbox 3360 1512 3521 1575; x_wconf 72' lang='grc' dir='ltr'>αὐτῆς</span> <span class='ocrx_word' id='word_1_237' title='bbox 3558 1516 3612 1565; x_wconf 84' lang='grc' dir='ltr'>αἱ</span> <span class='ocrx_word' id='word_1_238' title='bbox 3665 1514 3879 1577; x_wconf 76' lang='grc' dir='ltr'>ἀκτῖνες</span> 
     </span>
    </p>
   </div>
   <div class='ocr_carea' id='block_1_32' title="bbox 2300 1599 3927 1674">
    <p class='ocr_par' dir='ltr' id='par_1_32' title="bbox 2300 1599 3927 1674">
     <span class='ocr_line' id='line_1_32' title="bbox 2300 1599 3927 1674; baseline 0.003 -24"><span class='ocrx_word' id='word_1_239' title='bbox 2300 1600 2498 1660; x_wconf 88' lang='grc' dir='ltr'>ἀκτῖνες</span> <span class='ocrx_word' id='word_1_240' title='bbox 2536 1599 2943 1670; x_wconf 81' lang='grc' dir='ltr'>φιλανθρωπίας,</span> <span class='ocrx_word' id='word_1_241' title='bbox 3001 1600 3209 1660; x_wconf 85' lang='grc' dir='ltr'>ἰάσεως.</span> <span class='ocrx_word' id='word_1_242' title='bbox 3244 1600 3454 1674; x_wconf 79' lang='grc' dir='ltr'><strong>εἰρήνης</strong></span> <span class='ocrx_word' id='word_1_243' title='bbox 3491 1619 3505 1633; x_wconf 76' lang='grc'><strong><em>⁸</em></strong></span> <span class='ocrx_word' id='word_1_244' title='bbox 3564 1599 3927 1665; x_wconf 67' lang='grc' dir='ltr'>δικαιοσύνης</span> 
     </span>
    </p>
   </div>
   <div class='ocr_carea' id='block_1_33' title="bbox 2300 1686 3923 1766">
    <p class='ocr_par' dir='ltr' id='par_1_33' title="bbox 2300 1686 3923 1766">
     <span class='ocr_line' id='line_1_33' title="bbox 2300 1686 3923 1766; baseline 0.006 -28"><span class='ocrx_word' id='word_1_245' title='bbox 2300 1686 2520 1751; x_wconf 78' lang='grc' dir='ltr'>ἀκτῖνες,</span> <span class='ocrx_word' id='word_1_246' title='bbox 2553 1695 2641 1740; x_wconf 75' lang='grc' dir='ltr'>καὶ</span> <span class='ocrx_word' id='word_1_247' title='bbox 2670 1694 2868 1762; x_wconf 78' lang='grc' dir='ltr'>μυρίων</span> <span class='ocrx_word' id='word_1_248' title='bbox 2918 1689 3099 1741; x_wconf 76' lang='grc' dir='ltr'>ἄλλων.</span> <span class='ocrx_word' id='word_1_249' title='bbox 3167 1693 3253 1741; x_wconf 89' lang='grc' dir='ltr'><strong>Διὸ</strong></span> <span class='ocrx_word' id='word_1_250' title='bbox 3307 1695 3397 1742; x_wconf 80' lang='grc' dir='ltr'>καὶ</span> <span class='ocrx_word' id='word_1_251' title='bbox 3446 1693 3471 1741; x_wconf 86' lang='grc' dir='ltr'><strong><em>ὁ</em></strong></span> <span class='ocrx_word' id='word_1_252' title='bbox 3505 1690 3680 1744; x_wconf 80' lang='grc' dir='ltr'>Δαϐὶδ</span> <span class='ocrx_word' id='word_1_253' title='bbox 3736 1699 3923 1766; x_wconf 56' lang='grc' dir='ltr'>προθεο</span> 
     </span>
    </p>
   </div>
   <div class='ocr_carea' id='block_1_34' title="bbox 534 1774 2184 1853">
    <p class='ocr_par' dir='ltr' id='par_1_34' title="bbox 534 1774 2183 1845">
     <span class='ocr_line' id='line_1_34' title="bbox 534 1774 2183 1845; baseline 0.001 -17"><span class='ocrx_word' id='word_1_254' title='bbox 534 1800 562 1828; x_wconf 89' lang='grc'><strong>‹‹</strong></span> <span class='ocrx_word' id='word_1_255' title='bbox 596 1780 660 1832; x_wconf 91' lang='lat' dir='ltr'><strong>In</strong></span> <span class='ocrx_word' id='word_1_256' title='bbox 715 1776 927 1831; x_wconf 91' lang='lat' dir='ltr'><strong>diebus</strong></span> <span class='ocrx_word' id='word_1_257' title='bbox 967 1776 1097 1845; x_wconf 91' lang='lat' dir='ltr'><strong>ejus</strong></span> <span class='ocrx_word' id='word_1_258' title='bbox 1150 1774 1368 1829; x_wconf 92' lang='lat' dir='ltr'><strong>orietur</strong></span> <span class='ocrx_word' id='word_1_259' title='bbox 1402 1774 1648 1843; x_wconf 87' lang='lat' dir='ltr'><strong>justitia,</strong></span> <span class='ocrx_word' id='word_1_260' title='bbox 1691 1779 1748 1829; x_wconf 92' lang='lat' dir='ltr'><strong>et</strong></span> <span class='ocrx_word' id='word_1_261' title='bbox 1777 1774 1940 1845; x_wconf 90' lang='lat' dir='ltr'><strong>pacis</strong></span> <span class='ocrx_word' id='word_1_262' title='bbox 1991 1774 2183 1845; x_wconf 89' lang='lat' dir='ltr'><strong>copia,</strong></span> 
     </span>
    </p>
   </div>
   <div class='ocr_carea' id='block_1_35' title="bbox 2298 1774 3927 1853">
    <p class='ocr_par' dir='ltr' id='par_1_35' title="bbox 2302 1774 3927 1853">
     <span class='ocr_line' id='line_1_35' title="bbox 2302 1774 3927 1853; baseline 0.004 -24"><span class='ocrx_word' id='word_1_263' title='bbox 2302 1781 2500 1839; x_wconf 84' lang='grc' dir='ltr'>σπίζων</span> <span class='ocrx_word' id='word_1_264' title='bbox 2548 1774 2690 1848; x_wconf 72' lang='grc' dir='ltr'>ᾖδεν·</span> <span class='ocrx_word' id='word_1_265' title='bbox 2756 1798 2782 1829; x_wconf 80' lang='grc' dir='ltr'>ι(</span> <span class='ocrx_word' id='word_1_266' title='bbox 2816 1777 3073 1830; x_wconf 86' lang='grc' dir='ltr'>Ἀνατελεῖ</span> <span class='ocrx_word' id='word_1_267' title='bbox 3154 1781 3202 1830; x_wconf 75' lang='grc' dir='ltr'>ἐν</span> <span class='ocrx_word' id='word_1_268' title='bbox 3283 1787 3393 1839; x_wconf 86' lang='grc' dir='ltr'>ταῖς</span> <span class='ocrx_word' id='word_1_269' title='bbox 3474 1782 3698 1853; x_wconf 75' lang='grc' dir='ltr'>ἡμέραις</span> <span class='ocrx_word' id='word_1_270' title='bbox 3758 1784 3927 1836; x_wconf 63' lang='grc' dir='ltr'>αὑτοῦ</span> 
     </span>
    </p>
   </div>
   <div class='ocr_carea' id='block_1_36' title="bbox 532 1861 2186 1931">
    <p class='ocr_par' dir='ltr' id='par_1_36' title="bbox 532 1861 2186 1931">
     <span class='ocr_line' id='line_1_36' title="bbox 532 1861 2186 1931; baseline -0.003 -8"><span class='ocrx_word' id='word_1_271' title='bbox 532 1867 725 1923; x_wconf 90' lang='lat' dir='ltr'><strong>donec</strong></span> <span class='ocrx_word' id='word_1_272' title='bbox 754 1864 897 1921; x_wconf 90' lang='lat' dir='ltr'><strong>luna</strong></span> <span class='ocrx_word' id='word_1_273' title='bbox 926 1863 1232 1920; x_wconf 88' lang='lat' dir='ltr'><strong>aboleatur</strong></span> <span class='ocrx_word' id='word_1_274' title='bbox 1262 1863 1303 1917; x_wconf 83' lang='grc'><strong>⁴.</strong></span> <span class='ocrx_word' id='word_1_275' title='bbox 1339 1884 1367 1915; x_wconf 86' lang='grc'><strong>››</strong></span> <span class='ocrx_word' id='word_1_276' title='bbox 1403 1863 1503 1917; x_wconf 90' lang='lat' dir='ltr'><strong>Hic</strong></span> <span class='ocrx_word' id='word_1_277' title='bbox 1549 1863 1726 1931; x_wconf 78' lang='lat' dir='ltr'><strong>igitur</strong></span> <span class='ocrx_word' id='word_1_278' title='bbox 1756 1867 1921 1917; x_wconf 90' lang='lat' dir='ltr'><strong>ortus</strong></span> <span class='ocrx_word' id='word_1_279' title='bbox 1954 1877 2021 1917; x_wconf 84' lang='lat' dir='ltr'><strong>ex</strong></span> <span class='ocrx_word' id='word_1_280' title='bbox 2067 1861 2186 1918; x_wconf 91' lang='lat' dir='ltr'><strong>alto</strong></span> 
     </span>
    </p>
   </div>
   <div class='ocr_carea' id='block_1_37' title="bbox 533 1951 2185 2027">
    <p class='ocr_par' dir='ltr' id='par_1_37' title="bbox 533 1951 2185 2027">
     <span class='ocr_line' id='line_1_37' title="bbox 533 1951 2185 2027; baseline -0.003 -15"><span class='ocrx_word' id='word_1_281' title='bbox 533 1972 697 2027; x_wconf 72' lang='lat' dir='ltr'><strong>neque</strong></span> <span class='ocrx_word' id='word_1_282' title='bbox 729 1960 906 2027; x_wconf 91' lang='lat' dir='ltr'><strong>atque</strong></span> <span class='ocrx_word' id='word_1_283' title='bbox 958 1968 1029 2009; x_wconf 87' lang='lat' dir='ltr'><strong>ex</strong></span> <span class='ocrx_word' id='word_1_284' title='bbox 1058 1958 1212 2008; x_wconf 88' lang='lat' dir='ltr'><strong>terra</strong></span> <span class='ocrx_word' id='word_1_285' title='bbox 1242 1952 1485 2021; x_wconf 81' lang='lat' dir='ltr'><strong>contigit</strong></span> <span class='ocrx_word' id='word_1_286' title='bbox 1514 1968 1526 2006; x_wconf 94' lang='lat'><strong>:</strong></span> <span class='ocrx_word' id='word_1_287' title='bbox 1559 1968 1631 2007; x_wconf 89' lang='lat' dir='ltr'><strong>ex</strong></span> <span class='ocrx_word' id='word_1_288' title='bbox 1671 1951 1787 2007; x_wconf 88' lang='lat' dir='ltr'><strong>alto</strong></span> <span class='ocrx_word' id='word_1_289' title='bbox 1816 1952 2060 2023; x_wconf 88' lang='lat' dir='ltr'><strong>quidem</strong></span> <span class='ocrx_word' id='word_1_290' title='bbox 2096 1967 2185 2007; x_wconf 87' lang='lat' dir='ltr'><strong>se-</strong></span> 
     </span>
    </p>
   </div>
   <div class='ocr_carea' id='block_1_38' title="bbox 533 2041 2187 2109">
    <p class='ocr_par' dir='ltr' id='par_1_38' title="bbox 533 2041 2187 2109">
     <span class='ocr_line' id='line_1_38' title="bbox 533 2041 2187 2109; baseline -0.004 -7"><span class='ocrx_word' id='word_1_291' title='bbox 533 2046 798 2102; x_wconf 91' lang='lat' dir='ltr'><strong>cundum</strong></span> <span class='ocrx_word' id='word_1_292' title='bbox 822 2044 1109 2109; x_wconf 86' lang='lat' dir='ltr'><strong>divinam,</strong></span> <span class='ocrx_word' id='word_1_293' title='bbox 1133 2058 1207 2098; x_wconf 86' lang='lat' dir='ltr'><strong>ex</strong></span> <span class='ocrx_word' id='word_1_294' title='bbox 1227 2046 1377 2099; x_wconf 90' lang='lat' dir='ltr'><strong>terra</strong></span> <span class='ocrx_word' id='word_1_295' title='bbox 1398 2046 1599 2097; x_wconf 91' lang='lat' dir='ltr'><strong>autem</strong></span> <span class='ocrx_word' id='word_1_296' title='bbox 1622 2041 1954 2097; x_wconf 90' lang='lat' dir='ltr'><strong>secundum</strong></span> <span class='ocrx_word' id='word_1_297' title='bbox 1976 2042 2187 2097; x_wconf 86' lang='lat' dir='ltr'><strong>huma-</strong></span> 
     </span>
    </p>
   </div>
   <div class='ocr_carea' id='block_1_39' title="bbox 533 2139 991 2193">
    <p class='ocr_par' dir='ltr' id='par_1_39' title="bbox 533 2139 991 2193">
     <span class='ocr_line' id='line_1_39' title="bbox 533 2139 991 2193; baseline -0.009 -1"><span class='ocrx_word' id='word_1_298' title='bbox 533 2151 671 2193; x_wconf 86' lang='lat' dir='ltr'><strong>nam</strong></span> <span class='ocrx_word' id='word_1_299' title='bbox 696 2139 991 2191; x_wconf 91' lang='lat' dir='ltr'><strong>naturam.</strong></span> 
     </span>
    </p>
   </div>
   <div class='ocr_carea' id='block_1_40' title="bbox 640 2271 2077 2347">
    <p class='ocr_par' dir='ltr' id='par_1_40' title="bbox 640 2271 2077 2347">
     <span class='ocr_line' id='line_1_40' title="bbox 640 2271 2077 2347; baseline -0.005 -13"><span class='ocrx_word' id='word_1_300' title='bbox 640 2277 958 2343; x_wconf 67' lang='lat' dir='ltr'><strong>QUESTIO</strong></span> <span class='ocrx_word' id='word_1_301' title='bbox 986 2272 1137 2331; x_wconf 84' lang='lat' dir='ltr'><strong>CLXI</strong></span> <span class='ocrx_word' id='word_1_302' title='bbox 1165 2273 1370 2347; x_wconf 76' lang='lat' dir='ltr'><strong>[CoisL</strong></span> <span class='ocrx_word' id='word_1_303' title='bbox 1404 2275 1556 2331; x_wconf 84' lang='lat' dir='ltr'><strong>CXCI</strong></span> <span class='ocrx_word' id='word_1_304' title='bbox 1585 2274 1765 2330; x_wconf 85' lang='lat' dir='ltr'><strong>Taur.</strong></span> <span class='ocrx_word' id='word_1_305' title='bbox 1788 2271 2077 2345; x_wconf 82' lang='lat' dir='ltr'><strong>CLXXXI].</strong></span> 
     </span>
    </p>
   </div>
   <div class='ocr_carea' id='block_1_41' title="bbox 537 2416 2190 2490">
    <p class='ocr_par' dir='ltr' id='par_1_41' title="bbox 537 2416 2190 2490">
     <span class='ocr_line' id='line_1_41' title="bbox 537 2416 2190 2490; baseline -0.002 -15"><span class='ocrx_word' id='word_1_306' title='bbox 537 2419 691 2487; x_wconf 82' lang='lat' dir='ltr'><strong>Quid</strong></span> <span class='ocrx_word' id='word_1_307' title='bbox 718 2418 1014 2490; x_wconf 77' lang='lat' dir='ltr'><strong>signiﬁcat</strong></span> <span class='ocrx_word' id='word_1_308' title='bbox 1038 2436 1098 2477; x_wconf 83' lang='lat'><em>:«</em></span> <span class='ocrx_word' id='word_1_309' title='bbox 1120 2417 1288 2485; x_wconf 83' lang='lat' dir='ltr'><strong>Quod</strong></span> <span class='ocrx_word' id='word_1_310' title='bbox 1299 2422 1355 2473; x_wconf 87' lang='lat' dir='ltr'><strong>et</strong></span> <span class='ocrx_word' id='word_1_311' title='bbox 1377 2416 1510 2486; x_wconf 81' lang='lat' dir='ltr'><strong>ipsa</strong></span> <span class='ocrx_word' id='word_1_312' title='bbox 1536 2424 1815 2474; x_wconf 78' lang='lat' dir='ltr'><strong>creatura</strong></span> <span class='ocrx_word' id='word_1_313' title='bbox 1834 2416 2190 2474; x_wconf 74' lang='lat' dir='ltr'><strong>liberabitur</strong></span> 
     </span>
    </p>
   </div>
   <div class='ocr_carea' id='block_1_42' title="bbox 1032 2504 1689 2563">
    <p class='ocr_par' dir='ltr' id='par_1_42' title="bbox 1032 2504 1689 2563">
     <span class='ocr_line' id='line_1_42' title="bbox 1032 2504 1689 2563; baseline -0.005 0"><span class='ocrx_word' id='word_1_314' title='bbox 1032 2521 1069 2563; x_wconf 92' lang='lat' dir='ltr'><strong>a</strong></span> <span class='ocrx_word' id='word_1_315' title='bbox 1092 2506 1374 2563; x_wconf 81' lang='lat' dir='ltr'><strong>servitute</strong></span> <span class='ocrx_word' id='word_1_316' title='bbox 1402 2507 1423 2541; x_wconf 79' lang='grc'>⁵</span> <span class='ocrx_word' id='word_1_317' title='bbox 1448 2504 1476 2559; x_wconf 73' lang='lat'><strong>7</strong></span> <span class='ocrx_word' id='word_1_318' title='bbox 1514 2525 1541 2557; x_wconf 90' lang='lat'><strong>»</strong></span> <span class='ocrx_word' id='word_1_319' title='bbox 1581 2510 1689 2561; x_wconf 84' lang='lat' dir='ltr'><strong>etc.</strong></span> 
     </span>
    </p>
   </div>
   <div class='ocr_carea' id='block_1_43' title="bbox 2301 1864 3917 1946">
    <p class='ocr_par' dir='ltr' id='par_1_43' title="bbox 2301 1864 3917 1946">
     <span class='ocr_line' id='line_1_43' title="bbox 2301 1864 3917 1946; baseline 0.005 -29"><span class='ocrx_word' id='word_1_320' title='bbox 2301 1864 2613 1924; x_wconf 80' lang='grc' dir='ltr'>δικαιοσύνη</span> <span class='ocrx_word' id='word_1_321' title='bbox 2643 1872 2733 1918; x_wconf 86' lang='grc' dir='ltr'><strong>καὶ</strong></span> <span class='ocrx_word' id='word_1_322' title='bbox 2768 1865 2957 1927; x_wconf 80' lang='grc' dir='ltr'>πλῆθος</span> <span class='ocrx_word' id='word_1_323' title='bbox 3010 1867 3236 1937; x_wconf 75' lang='grc' dir='ltr'>εἰρήνης,</span> <span class='ocrx_word' id='word_1_324' title='bbox 3292 1869 3385 1930; x_wconf 82' lang='grc' dir='ltr'>ἓως</span> <span class='ocrx_word' id='word_1_325' title='bbox 3442 1869 3505 1920; x_wconf 83' lang='grc' dir='ltr'>οὗ</span> <span class='ocrx_word' id='word_1_326' title='bbox 3564 1869 3917 1946; x_wconf 66' lang='grc' dir='ltr'>ἀνταναιρεθῇ</span> 
     </span>
    </p>
   </div>
   <div class='ocr_carea' id='block_1_44' title="bbox 2299 1955 3928 2030">
    <p class='ocr_par' dir='ltr' id='par_1_44' title="bbox 2299 1955 3928 2030">
     <span class='ocr_line' id='line_1_44' title="bbox 2299 1955 3928 2030; baseline 0.005 -24"><span class='ocrx_word' id='word_1_327' title='bbox 2299 1956 2328 2013; x_wconf 82' lang='grc' dir='ltr'>ἡ</span> <span class='ocrx_word' id='word_1_328' title='bbox 2384 1955 2596 2013; x_wconf 78' lang='grc' dir='ltr'>σελήνη,</span> <span class='ocrx_word' id='word_1_329' title='bbox 2642 1976 2669 2005; x_wconf 84' lang='grc'><strong>››</strong></span> <span class='ocrx_word' id='word_1_330' title='bbox 2711 1956 2851 2012; x_wconf 83' lang='grc' dir='ltr'>Αύτη</span> <span class='ocrx_word' id='word_1_331' title='bbox 2883 1962 3008 2026; x_wconf 76' lang='grc' dir='ltr'>γοῦν</span> <span class='ocrx_word' id='word_1_332' title='bbox 3051 1957 3080 2013; x_wconf 85' lang='grc' dir='ltr'><strong>ἠ</strong></span> <span class='ocrx_word' id='word_1_333' title='bbox 3135 1955 3352 2015; x_wconf 83' lang='grc' dir='ltr'>ἀνατολὴ</span> <span class='ocrx_word' id='word_1_334' title='bbox 3411 1956 3465 2019; x_wconf 83' lang='grc' dir='ltr'><strong>ἐξ</strong></span> <span class='ocrx_word' id='word_1_335' title='bbox 3501 1958 3669 2030; x_wconf 65' lang='grc' dir='ltr'>ύψονς</span> <span class='ocrx_word' id='word_1_336' title='bbox 3727 1959 3928 2015; x_wconf 77' lang='grc' dir='ltr'>ἀνέτει-</span> 
     </span>
    </p>
   </div>
   <div class='ocr_carea' id='block_1_45' title="bbox 2297 2042 3923 2117">
    <p class='ocr_par' dir='ltr' id='par_1_45' title="bbox 2297 2042 3923 2117">
     <span class='ocr_line' id='line_1_45' title="bbox 2297 2042 3923 2117; baseline 0.005 -21"><span class='ocrx_word' id='word_1_337' title='bbox 2297 2044 2397 2110; x_wconf 83' lang='grc' dir='ltr'>λεν,</span> <span class='ocrx_word' id='word_1_338' title='bbox 2438 2048 2526 2097; x_wconf 84' lang='grc' dir='ltr'>καὶ</span> <span class='ocrx_word' id='word_1_339' title='bbox 2561 2042 2660 2096; x_wconf 87' lang='grc' dir='ltr'><strong>ἀπό</strong></span> <span class='ocrx_word' id='word_1_340' title='bbox 2690 2052 2779 2105; x_wconf 80' lang='grc' dir='ltr'>τῆς</span> <span class='ocrx_word' id='word_1_341' title='bbox 2808 2052 2925 2115; x_wconf 80' lang='grc' dir='ltr'><strong>γῆς·</strong></span> <span class='ocrx_word' id='word_1_342' title='bbox 2956 2044 3007 2106; x_wconf 78' lang='grc' dir='ltr'><strong>ἐξ</strong></span> <span class='ocrx_word' id='word_1_343' title='bbox 3060 2044 3225 2115; x_wconf 70' lang='grc' dir='ltr'>ὕψους</span> <span class='ocrx_word' id='word_1_344' title='bbox 3252 2048 3341 2117; x_wconf 74' lang='grc' dir='ltr'><strong>μεν</strong></span> <span class='ocrx_word' id='word_1_345' title='bbox 3372 2048 3509 2099; x_wconf 78' lang='grc' dir='ltr'>κατὰ</span> <span class='ocrx_word' id='word_1_346' title='bbox 3546 2052 3635 2105; x_wconf 77' lang='grc' dir='ltr'>τὴν</span> <span class='ocrx_word' id='word_1_347' title='bbox 3672 2051 3923 2115; x_wconf 67' lang='grc' dir='ltr'>θεότητα,</span> 
     </span>
    </p>
   </div>
   <div class='ocr_carea' id='block_1_46' title="bbox 2300 2129 3237 2206">
    <p class='ocr_par' dir='ltr' id='par_1_46' title="bbox 2300 2129 3237 2206">
     <span class='ocr_line' id='line_1_46' title="bbox 2300 2129 3237 2206; baseline 0.001 -21"><span class='ocrx_word' id='word_1_348' title='bbox 2300 2132 2400 2186; x_wconf 87' lang='grc' dir='ltr'>ἀπὸ</span> <span class='ocrx_word' id='word_1_349' title='bbox 2434 2141 2530 2206; x_wconf 81' lang='grc' dir='ltr'><strong>γῆς</strong></span> <span class='ocrx_word' id='word_1_350' title='bbox 2552 2129 2611 2187; x_wconf 73' lang='grc' dir='ltr'>δὲ</span> <span class='ocrx_word' id='word_1_351' title='bbox 2635 2136 2770 2186; x_wconf 86' lang='grc' dir='ltr'>κατὰ</span> <span class='ocrx_word' id='word_1_352' title='bbox 2794 2139 2885 2191; x_wconf 77' lang='grc' dir='ltr'>τὴν</span> <span class='ocrx_word' id='word_1_353' title='bbox 2920 2133 3237 2205; x_wconf 84' lang='grc' dir='ltr'>οἰκονομίαν.</span> 
     </span>
    </p>
   </div>
   <div class='ocr_carea' id='block_1_47' title="bbox 2831 2275 3336 2330">
    <p class='ocr_par' dir='ltr' id='par_1_47' title="bbox 2831 2275 3336 2330">
     <span class='ocr_line' id='line_1_47' title="bbox 2831 2275 3336 2330; baseline 0.004 -2"><span class='ocrx_word' id='word_1_354' title='bbox 2831 2280 3147 2329; x_wconf 83' lang='grc' dir='ltr'><strong>ΕΡΩΤΗΣΙΣ</strong></span> <span class='ocrx_word' id='word_1_355' title='bbox 3178 2275 3336 2330; x_wconf 79' lang='grc' dir='ltr'><strong>ΡΞΑ’.</strong></span> 
     </span>
    </p>
   </div>
   <div class='ocr_carea' id='block_1_48' title="bbox 2299 2413 3923 2494">
    <p class='ocr_par' dir='ltr' id='par_1_48' title="bbox 2299 2413 3923 2494">
     <span class='ocr_line' id='line_1_48' title="bbox 2299 2413 3923 2494; baseline -0.003 -23"><span class='ocrx_word' id='word_1_356' title='bbox 2299 2422 2361 2471; x_wconf 90' lang='grc' dir='ltr'>Τί</span> <span class='ocrx_word' id='word_1_357' title='bbox 2383 2413 2558 2484; x_wconf 87' lang='grc' dir='ltr'>δηλοῖ,</span> <span class='ocrx_word' id='word_1_358' title='bbox 2625 2416 2747 2469; x_wconf 82' lang='grc' dir='ltr'>Ὀτι</span> <span class='ocrx_word' id='word_1_359' title='bbox 2810 2422 2901 2469; x_wconf 90' lang='grc' dir='ltr'>καὶ</span> <span class='ocrx_word' id='word_1_360' title='bbox 2971 2416 3106 2475; x_wconf 82' lang='grc' dir='ltr'>αὕτη</span> <span class='ocrx_word' id='word_1_361' title='bbox 3175 2419 3205 2475; x_wconf 79' lang='grc' dir='ltr'>ἡ</span> <span class='ocrx_word' id='word_1_362' title='bbox 3269 2422 3447 2480; x_wconf 78' lang='grc' dir='ltr'>κτίσις</span> <span class='ocrx_word' id='word_1_363' title='bbox 3512 2416 3923 2494; x_wconf 46' lang='lat' dir='ltr'><strong>umquam“-</strong></span> 
     </span>
    </p>
   </div>
   <div class='ocr_carea' id='block_1_49' title="bbox 2616 2502 3582 2575">
    <p class='ocr_par' dir='ltr' id='par_1_49' title="bbox 2616 2502 3582 2575">
     <span class='ocr_line' id='line_1_49' title="bbox 2616 2502 3582 2575; baseline 0.005 -18"><span class='ocrx_word' id='word_1_364' title='bbox 2616 2525 2704 2558; x_wconf 89' lang='grc' dir='ltr'><strong>ται</strong></span> <span class='ocrx_word' id='word_1_365' title='bbox 2734 2504 2833 2558; x_wconf 90' lang='grc' dir='ltr'>ἀπὸ</span> <span class='ocrx_word' id='word_1_366' title='bbox 2864 2513 2954 2567; x_wconf 88' lang='grc' dir='ltr'>τῆς</span> <span class='ocrx_word' id='word_1_367' title='bbox 2996 2502 3255 2573; x_wconf 86' lang='grc' dir='ltr'>δουλείας,</span> <span class='ocrx_word' id='word_1_368' title='bbox 3295 2528 3316 2556; x_wconf 76' lang='grc' dir='ltr'><strong>ι</strong></span> <span class='ocrx_word' id='word_1_369' title='bbox 3352 2511 3440 2559; x_wconf 82' lang='grc' dir='ltr'>καὶ</span> <span class='ocrx_word' id='word_1_370' title='bbox 3469 2506 3541 2570; x_wconf 74' lang='grc' dir='ltr'><strong>ἐξ.</strong></span> <span class='ocrx_word' id='word_1_371' title='bbox 3570 2524 3582 2575; x_wconf 90' lang='grc'>;</span> 
     </span>
    </p>
   </div>
   <div class='ocr_carea' id='block_1_50' title="bbox 723 2756 3729 2824">
    <p class='ocr_par' dir='ltr' id='par_1_50' title="bbox 723 2756 3729 2824">
     <span class='ocr_line' id='line_1_50' title="bbox 723 2756 3729 2824; baseline -0.001 -14"><span class='ocrx_word' id='word_1_372' title='bbox 723 2759 998 2811; x_wconf 86' lang='lat' dir='ltr'><strong>Editarum</strong></span> <span class='ocrx_word' id='word_1_373' title='bbox 1031 2770 1063 2808; x_wconf 89' lang='lat' dir='ltr'><strong>a</strong></span> <span class='ocrx_word' id='word_1_374' title='bbox 1084 2756 1279 2808; x_wconf 84' lang='lat' dir='ltr'><strong>Wolﬁo</strong></span> <span class='ocrx_word' id='word_1_375' title='bbox 1301 2757 1559 2821; x_wconf 89' lang='lat' dir='ltr'><strong>vigesima</strong></span> <span class='ocrx_word' id='word_1_376' title='bbox 1585 2761 1795 2822; x_wconf 88' lang='lat' dir='ltr'><strong>quarta.</strong></span> <span class='ocrx_word' id='word_1_377' title='bbox 1821 2759 1874 2821; x_wconf 90' lang='grc' dir='ltr'><strong>(Ι.</strong></span> <span class='ocrx_word' id='word_1_378' title='bbox 1899 2774 1944 2809; x_wconf 92' lang='lat' dir='ltr'><strong>c.</strong></span> <span class='ocrx_word' id='word_1_379' title='bbox 1974 2775 2025 2824; x_wconf 88' lang='lat' dir='ltr'><strong>p.</strong></span> <span class='ocrx_word' id='word_1_380' title='bbox 2052 2762 2276 2813; x_wconf 89' lang='lat'><strong>790-800.</strong></span> <span class='ocrx_word' id='word_1_381' title='bbox 2304 2759 2545 2812; x_wconf 86' lang='lat' dir='ltr'><strong>Galland.</strong></span> <span class='ocrx_word' id='word_1_382' title='bbox 2578 2772 2629 2821; x_wconf 89' lang='lat' dir='ltr'><strong>p.</strong></span> <span class='ocrx_word' id='word_1_383' title='bbox 2662 2758 2886 2814; x_wconf 64' lang='lat'><strong>743-747,</strong></span> <span class='ocrx_word' id='word_1_384' title='bbox 2915 2771 2965 2806; x_wconf 91' lang='lat' dir='ltr'><strong>n.</strong></span> <span class='ocrx_word' id='word_1_385' title='bbox 3001 2756 3098 2820; x_wconf 76' lang='grc'><strong>40).</strong></span> <span class='ocrx_word' id='word_1_386' title='bbox 3137 2784 3199 2794; x_wconf 93' lang='grc'><strong>-</strong></span> <span class='ocrx_word' id='word_1_387' title='bbox 3222 2757 3282 2807; x_wconf 92' lang='lat' dir='ltr'><strong>In</strong></span> <span class='ocrx_word' id='word_1_388' title='bbox 3314 2759 3460 2813; x_wconf 87' lang='lat' dir='ltr'><strong>Rom.</strong></span> <span class='ocrx_word' id='word_1_389' title='bbox 3490 2770 3621 2816; x_wconf 76' lang='lat' dir='ltr'><strong>VIII.</strong></span> <span class='ocrx_word' id='word_1_390' title='bbox 3644 2760 3729 2808; x_wconf 78' lang='grc'><strong>21.</strong></span> 
     </span>
    </p>
   </div>
   <div class='ocr_carea' id='block_1_51' title="bbox 608 2926 2193 2999">
    <p class='ocr_par' dir='ltr' id='par_1_51' title="bbox 608 2926 2193 2999">
     <span class='ocr_line' id='line_1_51' title="bbox 608 2926 2193 2999; baseline -0.003 -10"><span class='ocrx_word' id='word_1_391' title='bbox 608 2930 909 2989; x_wconf 88' lang='lat' dir='ltr'><strong>Serviebat</strong></span> <span class='ocrx_word' id='word_1_392' title='bbox 956 2931 1227 2984; x_wconf 87' lang='lat' dir='ltr'><strong>creatura</strong></span> <span class='ocrx_word' id='word_1_393' title='bbox 1278 2926 1529 2993; x_wconf 91' lang='lat' dir='ltr'><strong>homini,</strong></span> <span class='ocrx_word' id='word_1_394' title='bbox 1582 2942 1703 2983; x_wconf 89' lang='lat' dir='ltr'><strong>non</strong></span> <span class='ocrx_word' id='word_1_395' title='bbox 1762 2931 1825 2983; x_wconf 90' lang='lat' dir='ltr'><strong>ut</strong></span> <span class='ocrx_word' id='word_1_396' title='bbox 1870 2927 2070 2999; x_wconf 88' lang='lat' dir='ltr'><strong>digno,</strong></span> <span class='ocrx_word' id='word_1_397' title='bbox 2105 2930 2193 2984; x_wconf 90' lang='lat' dir='ltr'><strong>sol</strong></span> 
     </span>
    </p>
   </div>
   <div class='ocr_carea' id='block_1_52' title="bbox 536 3016 2192 3087">
    <p class='ocr_par' dir='ltr' id='par_1_52' title="bbox 536 3016 2192 3087">
     <span class='ocr_line' id='line_1_52' title="bbox 536 3016 2192 3087; baseline -0.002 -12"><span class='ocrx_word' id='word_1_398' title='bbox 536 3020 772 3084; x_wconf 83' lang='lat' dir='ltr'><strong>scilicet,</strong></span> <span class='ocrx_word' id='word_1_399' title='bbox 801 3021 858 3074; x_wconf 91' lang='lat' dir='ltr'><strong>et</strong></span> <span class='ocrx_word' id='word_1_400' title='bbox 888 3018 1051 3083; x_wconf 88' lang='lat' dir='ltr'><strong>luna,</strong></span> <span class='ocrx_word' id='word_1_401' title='bbox 1083 3020 1140 3072; x_wconf 92' lang='lat' dir='ltr'><strong>et</strong></span> <span class='ocrx_word' id='word_1_402' title='bbox 1172 3020 1347 3084; x_wconf 89' lang='lat' dir='ltr'><strong>astra,</strong></span> <span class='ocrx_word' id='word_1_403' title='bbox 1377 3020 1434 3072; x_wconf 90' lang='lat' dir='ltr'><strong>et</strong></span> <span class='ocrx_word' id='word_1_404' title='bbox 1478 3019 1653 3080; x_wconf 90' lang='lat' dir='ltr'><strong>terra,</strong></span> <span class='ocrx_word' id='word_1_405' title='bbox 1694 3030 1951 3087; x_wconf 65' lang='lat' dir='ltr'><strong>quaeque</strong></span> <span class='ocrx_word' id='word_1_406' title='bbox 1992 3016 2052 3071; x_wconf 91' lang='lat' dir='ltr'><strong>in</strong></span> <span class='ocrx_word' id='word_1_407' title='bbox 2080 3017 2192 3072; x_wconf 87' lang='lat' dir='ltr'><strong>illis</strong></span> 
     </span>
    </p>
   </div>
   <div class='ocr_carea' id='block_1_53' title="bbox 536 3104 2193 3178">
    <p class='ocr_par' dir='ltr' id='par_1_53' title="bbox 536 3104 2193 3178">
     <span class='ocr_line' id='line_1_53' title="bbox 536 3104 2193 3178; baseline -0.002 -13"><span class='ocrx_word' id='word_1_408' title='bbox 536 3113 675 3165; x_wconf 88' lang='lat' dir='ltr'><strong>sunt</strong></span> <span class='ocrx_word' id='word_1_409' title='bbox 706 3127 719 3165; x_wconf 75' lang='grc' dir='ltr'><strong>ε</strong></span> <span class='ocrx_word' id='word_1_410' title='bbox 753 3123 895 3175; x_wconf 91' lang='lat' dir='ltr'><strong>non,</strong></span> <span class='ocrx_word' id='word_1_411' title='bbox 923 3106 1191 3178; x_wconf 90' lang='lat' dir='ltr'><strong>inquam,</strong></span> <span class='ocrx_word' id='word_1_412' title='bbox 1229 3110 1292 3160; x_wconf 87' lang='lat' dir='ltr'><strong>ut</strong></span> <span class='ocrx_word' id='word_1_413' title='bbox 1329 3104 1532 3177; x_wconf 91' lang='lat' dir='ltr'><strong>digno.</strong></span> <span class='ocrx_word' id='word_1_414' title='bbox 1574 3108 1722 3161; x_wconf 89' lang='lat' dir='ltr'><strong>Nam</strong></span> <span class='ocrx_word' id='word_1_415' title='bbox 1756 3109 1812 3161; x_wconf 85' lang='lat' dir='ltr'><strong>et</strong></span> <span class='ocrx_word' id='word_1_416' title='bbox 1842 3106 2193 3177; x_wconf 65' lang='lat' dir='ltr'><strong>praevarica-</strong></span> 
     </span>
    </p>
   </div>
   <div class='ocr_carea' id='block_1_54' title="bbox 2373 2924 3923 3005">
    <p class='ocr_par' dir='ltr' id='par_1_54' title="bbox 2373 2924 3923 3005">
     <span class='ocr_line' id='line_1_54' title="bbox 2373 2924 3923 3005; baseline 0.004 -25"><span class='ocrx_word' id='word_1_417' title='bbox 2373 2924 2708 2980; x_wconf 83' lang='grc' dir='ltr'>Ἐδούλευσεν</span> <span class='ocrx_word' id='word_1_418' title='bbox 2767 2928 2795 2983; x_wconf 79' lang='grc' dir='ltr'><strong>η</strong></span> <span class='ocrx_word' id='word_1_419' title='bbox 2839 2930 3009 2988; x_wconf 83' lang='grc' dir='ltr'>κτίσις</span> <span class='ocrx_word' id='word_1_420' title='bbox 3061 2935 3132 2997; x_wconf 82' lang='grc' dir='ltr'>τῷ</span> <span class='ocrx_word' id='word_1_421' title='bbox 3189 2926 3463 3002; x_wconf 82' lang='grc' dir='ltr'>ἀνθρώπῳ,</span> <span class='ocrx_word' id='word_1_422' title='bbox 3524 2933 3630 3004; x_wconf 67' lang='grc' dir='ltr'><strong>οὐχ</strong></span> <span class='ocrx_word' id='word_1_423' title='bbox 3682 2936 3750 2994; x_wconf 79' lang='grc' dir='ltr'><strong>ως</strong></span> <span class='ocrx_word' id='word_1_424' title='bbox 3793 2933 3923 3005; x_wconf 71' lang='grc' dir='ltr'>ἀξίω</span> 
     </span>
    </p>
   </div>
   <div class='ocr_carea' id='block_1_55' title="bbox 2302 3015 3925 3089">
    <p class='ocr_par' dir='ltr' id='par_1_55' title="bbox 2302 3015 3925 3089">
     <span class='ocr_line' id='line_1_55' title="bbox 2302 3015 3925 3089; baseline -0.004 -19"><span class='ocrx_word' id='word_1_425' title='bbox 2302 3017 2445 3077; x_wconf 77' lang='grc' dir='ltr'>ἣλιος</span> <span class='ocrx_word' id='word_1_426' title='bbox 2489 3020 2577 3068; x_wconf 88' lang='grc' dir='ltr'>καὶ</span> <span class='ocrx_word' id='word_1_427' title='bbox 2618 3015 2827 3080; x_wconf 77' lang='grc' dir='ltr'>σελήνη,</span> <span class='ocrx_word' id='word_1_428' title='bbox 2869 3021 2957 3067; x_wconf 84' lang='grc' dir='ltr'>καὶ</span> <span class='ocrx_word' id='word_1_429' title='bbox 2996 3016 3169 3088; x_wconf 76' lang='grc' dir='ltr'>ἄστρα</span> <span class='ocrx_word' id='word_1_430' title='bbox 3208 3024 3298 3069; x_wconf 82' lang='grc' dir='ltr'>καὶ</span> <span class='ocrx_word' id='word_1_431' title='bbox 3346 3027 3437 3089; x_wconf 70' lang='grc' dir='ltr'><strong>γῆ,</strong></span> <span class='ocrx_word' id='word_1_432' title='bbox 3471 3026 3558 3073; x_wconf 83' lang='grc' dir='ltr'>καὶ</span> <span class='ocrx_word' id='word_1_433' title='bbox 3605 3026 3671 3073; x_wconf 77' lang='grc' dir='ltr'><strong>τὰ</strong></span> <span class='ocrx_word' id='word_1_434' title='bbox 3714 3023 3762 3073; x_wconf 82' lang='grc' dir='ltr'>ἐν</span> <span class='ocrx_word' id='word_1_435' title='bbox 3832 3026 3925 3075; x_wconf 61' lang='grc' dir='ltr'><strong>αὖ-</strong></span> 
     </span>
    </p>
   </div>
   <div class='ocr_carea' id='block_1_56' title="bbox 2299 3100 3925 3183">
    <p class='ocr_par' dir='ltr' id='par_1_56' title="bbox 2299 3100 3925 3183">
     <span class='ocr_line' id='line_1_56' title="bbox 2299 3100 3925 3183; baseline 0.003 -24"><span class='ocrx_word' id='word_1_436' title='bbox 2299 3115 2409 3168; x_wconf 87' lang='grc' dir='ltr'><strong>τοίς</strong></span> <span class='ocrx_word' id='word_1_437' title='bbox 2442 3124 2452 3135; x_wconf 89' lang='grc'><strong>·</strong></span> <span class='ocrx_word' id='word_1_438' title='bbox 2489 3105 2593 3177; x_wconf 68' lang='grc' dir='ltr'>οὐχ</span> <span class='ocrx_word' id='word_1_439' title='bbox 2624 3107 2692 3164; x_wconf 80' lang='grc' dir='ltr'><strong>ως</strong></span> <span class='ocrx_word' id='word_1_440' title='bbox 2745 3103 2871 3174; x_wconf 83' lang='grc' dir='ltr'>ἀξίῳ</span> <span class='ocrx_word' id='word_1_441' title='bbox 2930 3100 2987 3156; x_wconf 73' lang='grc' dir='ltr'>δὲ</span> <span class='ocrx_word' id='word_1_442' title='bbox 3035 3105 3147 3175; x_wconf 87' lang='grc' dir='ltr'>(καὶ</span> <span class='ocrx_word' id='word_1_443' title='bbox 3185 3109 3287 3179; x_wconf 72' lang='grc' dir='ltr'><strong>γὰρ</strong></span> <span class='ocrx_word' id='word_1_444' title='bbox 3332 3108 3640 3183; x_wconf 78' lang='grc' dir='ltr'>παραϐάτης</span> <span class='ocrx_word' id='word_1_445' title='bbox 3706 3109 3768 3170; x_wconf 67' lang='grc' dir='ltr'>ἦν</span> <span class='ocrx_word' id='word_1_446' title='bbox 3832 3119 3925 3165; x_wconf 76' lang='grc' dir='ltr'>καὶ</span> 
     </span>
    </p>
   </div>
   <div class='ocr_carea' id='block_1_57' title="bbox 535 3190 2184 3283">
    <p class='ocr_par' dir='ltr' id='par_1_57' title="bbox 535 3194 2184 3268">
     <span class='ocr_line' id='line_1_57' title="bbox 535 3194 2184 3268; baseline -0.004 -12"><span class='ocrx_word' id='word_1_447' title='bbox 535 3203 631 3256; x_wconf 92' lang='lat' dir='ltr'><strong>tus</strong></span> <span class='ocrx_word' id='word_1_448' title='bbox 681 3202 823 3265; x_wconf 88' lang='lat' dir='ltr'><strong>erat,</strong></span> <span class='ocrx_word' id='word_1_449' title='bbox 886 3202 942 3252; x_wconf 89' lang='lat' dir='ltr'><strong>et</strong></span> <span class='ocrx_word' id='word_1_450' title='bbox 994 3210 1187 3267; x_wconf 64' lang='lat' dir='ltr'><strong>paenae</strong></span> <span class='ocrx_word' id='word_1_451' title='bbox 1247 3195 1557 3250; x_wconf 90' lang='lat' dir='ltr'><strong>obnoxius.</strong></span> <span class='ocrx_word' id='word_1_452' title='bbox 1612 3194 1915 3251; x_wconf 88' lang='lat' dir='ltr'><strong>Serviebat</strong></span> <span class='ocrx_word' id='word_1_453' title='bbox 1971 3196 2184 3268; x_wconf 82' lang='lat' dir='ltr'><strong>itaque,</strong></span> 
     </span>
    </p>
   </div>
   <div class='ocr_carea' id='block_1_58' title="bbox 2298 3190 3920 3283">
    <p class='ocr_par' dir='ltr' id='par_1_58' title="bbox 2302 3190 3920 3271">
     <span class='ocr_line' id='line_1_58' title="bbox 2302 3190 3920 3271; baseline 0.004 -24"><span class='ocrx_word' id='word_1_454' title='bbox 2302 3192 2597 3265; x_wconf 77' lang='grc' dir='ltr'>ὑπόδικος),</span> <span class='ocrx_word' id='word_1_455' title='bbox 2623 3192 2755 3245; x_wconf 88' lang='grc' dir='ltr'><strong>ἀλλά</strong></span> <span class='ocrx_word' id='word_1_456' title='bbox 2780 3200 2870 3244; x_wconf 82' lang='grc' dir='ltr'>τοῦ</span> <span class='ocrx_word' id='word_1_457' title='bbox 2912 3200 3043 3246; x_wconf 75' lang='grc' dir='ltr'>Θεοῦ</span> <span class='ocrx_word' id='word_1_458' title='bbox 3082 3190 3341 3249; x_wconf 77' lang='grc' dir='ltr'>δουλεύειν</span> <span class='ocrx_word' id='word_1_459' title='bbox 3394 3199 3817 3271; x_wconf 82' lang='grc' dir='ltr'>προστάξαντος,</span> <span class='ocrx_word' id='word_1_460' title='bbox 3852 3206 3920 3264; x_wconf 72' lang='grc' dir='ltr'>ὡς</span> 
     </span>
    </p>
   </div>
   <div class='ocr_carea' id='block_1_59' title="bbox 539 3284 2193 3356">
    <p class='ocr_par' dir='ltr' id='par_1_59' title="bbox 539 3284 2193 3356">
     <span class='ocr_line' id='line_1_59' title="bbox 539 3284 2193 3356; baseline -0.002 -15"><span class='ocrx_word' id='word_1_461' title='bbox 539 3288 657 3343; x_wconf 92' lang='lat' dir='ltr'><strong>Deo</strong></span> <span class='ocrx_word' id='word_1_462' title='bbox 688 3288 766 3343; x_wconf 92' lang='lat' dir='ltr'><strong>ita</strong></span> <span class='ocrx_word' id='word_1_463' title='bbox 782 3284 1048 3356; x_wconf 88' lang='lat' dir='ltr'><strong>jubente,</strong></span> <span class='ocrx_word' id='word_1_464' title='bbox 1082 3300 1155 3338; x_wconf 93' lang='lat' dir='ltr'><strong>ne</strong></span> <span class='ocrx_word' id='word_1_465' title='bbox 1182 3284 1384 3353; x_wconf 80' lang='lat' dir='ltr'><strong>imago</strong></span> <span class='ocrx_word' id='word_1_466' title='bbox 1418 3298 1561 3338; x_wconf 91' lang='lat' dir='ltr'><strong>suas</strong></span> <span class='ocrx_word' id='word_1_467' title='bbox 1591 3284 1823 3354; x_wconf 87' lang='lat' dir='ltr'><strong>penitus</strong></span> <span class='ocrx_word' id='word_1_468' title='bbox 1856 3285 2193 3356; x_wconf 88' lang='lat' dir='ltr'><strong>deturpare-</strong></span> 
     </span>
    </p>
   </div>
   <div class='ocr_carea' id='block_1_60' title="bbox 537 3371 2191 3447">
    <p class='ocr_par' dir='ltr' id='par_1_60' title="bbox 537 3371 2191 3447">
     <span class='ocr_line' id='line_1_60' title="bbox 537 3371 2191 3447; baseline -0.002 -16"><span class='ocrx_word' id='word_1_469' title='bbox 537 3380 648 3442; x_wconf 89' lang='lat' dir='ltr'><strong>tur,</strong></span> <span class='ocrx_word' id='word_1_470' title='bbox 681 3372 959 3447; x_wconf 89' lang='lat' dir='ltr'><strong>quamvis</strong></span> <span class='ocrx_word' id='word_1_471' title='bbox 1006 3371 1368 3443; x_wconf 84' lang='lat' dir='ltr'><strong>deliquisset.</strong></span> <span class='ocrx_word' id='word_1_472' title='bbox 1402 3374 1545 3427; x_wconf 86' lang='lat' dir='ltr'><strong>Cum</strong></span> <span class='ocrx_word' id='word_1_473' title='bbox 1578 3371 1779 3444; x_wconf 91' lang='lat' dir='ltr'><strong>itaque</strong></span> <span class='ocrx_word' id='word_1_474' title='bbox 1811 3374 2005 3428; x_wconf 89' lang='lat' dir='ltr'><strong>omnis</strong></span> <span class='ocrx_word' id='word_1_475' title='bbox 2036 3389 2191 3428; x_wconf 91' lang='lat' dir='ltr'><strong>crea-</strong></span> 
     </span>
    </p>
   </div>
   <div class='ocr_carea' id='block_1_61' title="bbox 538 3462 2190 3526">
    <p class='ocr_par' dir='ltr' id='par_1_61' title="bbox 538 3462 2190 3526">
     <span class='ocr_line' id='line_1_61' title="bbox 538 3462 2190 3526; baseline -0.003 -5"><span class='ocrx_word' id='word_1_476' title='bbox 538 3470 667 3522; x_wconf 89' lang='lat' dir='ltr'><strong>tura</strong></span> <span class='ocrx_word' id='word_1_477' title='bbox 698 3462 976 3519; x_wconf 91' lang='lat' dir='ltr'><strong>rebellem</strong></span> <span class='ocrx_word' id='word_1_478' title='bbox 1008 3477 1069 3517; x_wconf 91' lang='lat' dir='ltr'><strong>se</strong></span> <span class='ocrx_word' id='word_1_479' title='bbox 1112 3462 1360 3526; x_wconf 88' lang='lat' dir='ltr'><strong>sisteret,</strong></span> <span class='ocrx_word' id='word_1_480' title='bbox 1416 3463 1567 3516; x_wconf 91' lang='lat' dir='ltr'><strong>Deus</strong></span> <span class='ocrx_word' id='word_1_481' title='bbox 1602 3466 1799 3517; x_wconf 90' lang='lat' dir='ltr'><strong>tamen</strong></span> <span class='ocrx_word' id='word_1_482' title='bbox 1858 3466 2190 3517; x_wconf 90' lang='lat' dir='ltr'><strong>creaturam</strong></span> 
     </span>
    </p>
   </div>
   <div class='ocr_carea' id='block_1_62' title="bbox 536 3550 2191 3625">
    <p class='ocr_par' dir='ltr' id='par_1_62' title="bbox 536 3550 2191 3625">
     <span class='ocr_line' id='line_1_62' title="bbox 536 3550 2191 3625; baseline -0.003 -15"><span class='ocrx_word' id='word_1_483' title='bbox 536 3552 853 3625; x_wconf 91' lang='lat' dir='ltr'><strong>imperium</strong></span> <span class='ocrx_word' id='word_1_484' title='bbox 883 3566 1005 3607; x_wconf 92' lang='lat' dir='ltr'><strong>non</strong></span> <span class='ocrx_word' id='word_1_485' title='bbox 1037 3551 1360 3606; x_wconf 89' lang='lat' dir='ltr'><strong>detrectare</strong></span> <span class='ocrx_word' id='word_1_486' title='bbox 1406 3550 1612 3621; x_wconf 87' lang='lat' dir='ltr'><strong>jussit,</strong></span> <span class='ocrx_word' id='word_1_487' title='bbox 1646 3551 1749 3605; x_wconf 82' lang='lat' dir='ltr'><strong>sed</strong></span> <span class='ocrx_word' id='word_1_488' title='bbox 1779 3551 1965 3611; x_wconf 84' lang='lat' dir='ltr'><strong>solem</strong></span> <span class='ocrx_word' id='word_1_489' title='bbox 1991 3552 2191 3607; x_wconf 86' lang='lat' dir='ltr'><strong>radios</strong></span> 
     </span>
    </p>
   </div>
   <div class='ocr_carea' id='block_1_63' title="bbox 537 3637 2186 3710">
    <p class='ocr_par' dir='ltr' id='par_1_63' title="bbox 537 3637 2186 3710">
     <span class='ocr_line' id='line_1_63' title="bbox 537 3637 2186 3710; baseline -0.002 -13"><span class='ocrx_word' id='word_1_490' title='bbox 537 3658 699 3707; x_wconf 91' lang='lat' dir='ltr'><strong>suos,</strong></span> <span class='ocrx_word' id='word_1_491' title='bbox 722 3645 934 3697; x_wconf 88' lang='lat' dir='ltr'><strong>terram</strong></span> <span class='ocrx_word' id='word_1_492' title='bbox 955 3638 1179 3707; x_wconf 82' lang='lat' dir='ltr'><strong>fruges,</strong></span> <span class='ocrx_word' id='word_1_493' title='bbox 1207 3653 1370 3693; x_wconf 90' lang='lat' dir='ltr'><strong>mare</strong></span> <span class='ocrx_word' id='word_1_494' title='bbox 1399 3637 1609 3708; x_wconf 87' lang='lat' dir='ltr'><strong>pisces,</strong></span> <span class='ocrx_word' id='word_1_495' title='bbox 1640 3654 1990 3710; x_wconf 90' lang='lat' dir='ltr'><strong>mercesque</strong></span> <span class='ocrx_word' id='word_1_496' title='bbox 2017 3640 2186 3705; x_wconf 88' lang='lat' dir='ltr'><strong>alias,</strong></span> 
     </span>
    </p>
   </div>
   <div class='ocr_carea' id='block_1_64' title="bbox 534 3729 2191 3801">
    <p class='ocr_par' dir='ltr' id='par_1_64' title="bbox 534 3729 2191 3801">
     <span class='ocr_line' id='line_1_64' title="bbox 534 3729 2191 3801; baseline -0.002 -14"><span class='ocrx_word' id='word_1_497' title='bbox 534 3735 591 3788; x_wconf 93' lang='lat' dir='ltr'><strong>et</strong></span> <span class='ocrx_word' id='word_1_498' title='bbox 621 3729 859 3786; x_wconf 89' lang='lat' dir='ltr'><strong>condita</strong></span> <span class='ocrx_word' id='word_1_499' title='bbox 906 3742 1148 3801; x_wconf 90' lang='lat' dir='ltr'><strong>quoque</strong></span> <span class='ocrx_word' id='word_1_500' title='bbox 1205 3729 1418 3782; x_wconf 71' lang='lat' dir='ltr'><strong>caetera</strong></span> <span class='ocrx_word' id='word_1_501' title='bbox 1447 3742 1537 3793; x_wconf 88' lang='lat' dir='ltr'><strong>ea,</strong></span> <span class='ocrx_word' id='word_1_502' title='bbox 1597 3742 1732 3797; x_wconf 75' lang='lat' dir='ltr'><strong>quae</strong></span> <span class='ocrx_word' id='word_1_503' title='bbox 1768 3729 1898 3782; x_wconf 91' lang='lat' dir='ltr'><strong>usui</strong></span> <span class='ocrx_word' id='word_1_504' title='bbox 1930 3733 1985 3783; x_wconf 92' lang='lat' dir='ltr'><strong>et</strong></span> <span class='ocrx_word' id='word_1_505' title='bbox 2031 3745 2191 3784; x_wconf 88' lang='lat' dir='ltr'><strong>com-</strong></span> 
     </span>
    </p>
   </div>
   <div class='ocr_carea' id='block_1_65' title="bbox 534 3814 2189 3883">
    <p class='ocr_par' dir='ltr' id='par_1_65' title="bbox 534 3814 2189 3883">
     <span class='ocr_line' id='line_1_65' title="bbox 534 3814 2189 3883; baseline -0.002 -6"><span class='ocrx_word' id='word_1_506' title='bbox 534 3820 716 3877; x_wconf 92' lang='lat' dir='ltr'><strong>modo</strong></span> <span class='ocrx_word' id='word_1_507' title='bbox 764 3818 956 3874; x_wconf 86' lang='lat' dir='ltr'><strong>forent</strong></span> <span class='ocrx_word' id='word_1_508' title='bbox 1008 3816 1373 3883; x_wconf 86' lang='lat' dir='ltr'><strong>hominibus,</strong></span> <span class='ocrx_word' id='word_1_509' title='bbox 1416 3814 1695 3871; x_wconf 82' lang='lat' dir='ltr'><strong>exhibere</strong></span> <span class='ocrx_word' id='word_1_510' title='bbox 1755 3815 1959 3872; x_wconf 88' lang='lat' dir='ltr'><strong>voluit.</strong></span> <span class='ocrx_word' id='word_1_511' title='bbox 2023 3817 2189 3874; x_wconf 85' lang='lat' dir='ltr'><strong>Hanc</strong></span> 
     </span>
    </p>
   </div>
   <div class='ocr_carea' id='block_1_66' title="bbox 532 3904 2189 3979">
    <p class='ocr_par' dir='ltr' id='par_1_66' title="bbox 532 3904 2189 3979">
     <span class='ocr_line' id='line_1_66' title="bbox 532 3904 2189 3979; baseline -0.001 -14"><span class='ocrx_word' id='word_1_512' title='bbox 532 3910 887 3966; x_wconf 88' lang='lat' dir='ltr'><strong>sententiam</strong></span> <span class='ocrx_word' id='word_1_513' title='bbox 918 3906 1317 3979; x_wconf 85' lang='lat' dir='ltr'><strong>explicaturus</strong></span> <span class='ocrx_word' id='word_1_514' title='bbox 1347 3904 1669 3977; x_wconf 87' lang='lat' dir='ltr'><strong>Apostolus</strong></span> <span class='ocrx_word' id='word_1_515' title='bbox 1698 3904 1782 3961; x_wconf 90' lang='lat' dir='ltr'><strong>ait</strong></span> <span class='ocrx_word' id='word_1_516' title='bbox 1811 3922 1823 3961; x_wconf 92' lang='lat'><strong>:</strong></span> <span class='ocrx_word' id='word_1_517' title='bbox 1856 3928 1883 3957; x_wconf 87' lang='grc'><em>‹‹</em></span> <span class='ocrx_word' id='word_1_518' title='bbox 1933 3906 2189 3964; x_wconf 88' lang='lat' dir='ltr'><strong>Sollicita</strong></span> 
     </span>
    </p>
   </div>
   <div class='ocr_carea' id='block_1_67' title="bbox 531 3994 2186 4070">
    <p class='ocr_par' dir='ltr' id='par_1_67' title="bbox 531 3994 2186 4070">
     <span class='ocr_line' id='line_1_67' title="bbox 531 3994 2186 4070; baseline -0.002 -14"><span class='ocrx_word' id='word_1_519' title='bbox 531 4000 690 4056; x_wconf 91' lang='lat' dir='ltr'><strong>enim</strong></span> <span class='ocrx_word' id='word_1_520' title='bbox 723 3997 1083 4070; x_wconf 85' lang='lat' dir='ltr'><strong>exspectatio</strong></span> <span class='ocrx_word' id='word_1_521' title='bbox 1127 4000 1410 4053; x_wconf 83' lang='lat' dir='ltr'><strong>creaturae</strong></span> <span class='ocrx_word' id='word_1_522' title='bbox 1458 3994 1877 4051; x_wconf 88' lang='lat' dir='ltr'><strong>revelationem</strong></span> <span class='ocrx_word' id='word_1_523' title='bbox 1926 3996 2186 4054; x_wconf 88' lang='lat' dir='ltr'><strong>ﬁliorum</strong></span> 
     </span>
    </p>
   </div>
   <div class='ocr_carea' id='block_1_68' title="bbox 530 4085 2186 4160">
    <p class='ocr_par' dir='ltr' id='par_1_68' title="bbox 530 4085 2186 4160">
     <span class='ocr_line' id='line_1_68' title="bbox 530 4085 2186 4160; baseline -0.002 -14"><span class='ocrx_word' id='word_1_524' title='bbox 530 4090 633 4146; x_wconf 92' lang='lat' dir='ltr'><strong>Dei</strong></span> <span class='ocrx_word' id='word_1_525' title='bbox 661 4092 977 4160; x_wconf 85' lang='lat' dir='ltr'><strong>exspectat.</strong></span> <span class='ocrx_word' id='word_1_526' title='bbox 1028 4085 1279 4143; x_wconf 86' lang='lat' dir='ltr'><strong>Vanitati</strong></span> <span class='ocrx_word' id='word_1_527' title='bbox 1306 4086 1467 4141; x_wconf 91' lang='lat' dir='ltr'><strong>enim</strong></span> <span class='ocrx_word' id='word_1_528' title='bbox 1518 4089 1792 4142; x_wconf 89' lang='lat' dir='ltr'><strong>creatura</strong></span> <span class='ocrx_word' id='word_1_529' title='bbox 1821 4102 1936 4141; x_wconf 90' lang='lat' dir='ltr'><strong>non</strong></span> <span class='ocrx_word' id='word_1_530' title='bbox 1972 4094 2186 4158; x_wconf 85' lang='lat' dir='ltr'><strong>sponte</strong></span> 
     </span>
    </p>
   </div>
   <div class='ocr_carea' id='block_1_69' title="bbox 526 4174 2183 4248">
    <p class='ocr_par' dir='ltr' id='par_1_69' title="bbox 526 4174 2183 4248">
     <span class='ocr_line' id='line_1_69' title="bbox 526 4174 2183 4248; baseline -0.002 -13"><span class='ocrx_word' id='word_1_531' title='bbox 526 4194 637 4235; x_wconf 87' lang='lat' dir='ltr'><strong>sua</strong></span> <span class='ocrx_word' id='word_1_532' title='bbox 661 4182 751 4235; x_wconf 91' lang='lat' dir='ltr'><strong>est</strong></span> <span class='ocrx_word' id='word_1_533' title='bbox 780 4176 1067 4248; x_wconf 89' lang='lat' dir='ltr'><strong>subjecta,</strong></span> <span class='ocrx_word' id='word_1_534' title='bbox 1120 4174 1226 4230; x_wconf 91' lang='lat' dir='ltr'><strong>sed</strong></span> <span class='ocrx_word' id='word_1_535' title='bbox 1276 4178 1517 4247; x_wconf 89' lang='lat' dir='ltr'><strong>propter</strong></span> <span class='ocrx_word' id='word_1_536' title='bbox 1578 4190 1738 4244; x_wconf 88' lang='lat' dir='ltr'><strong>eum,</strong></span> <span class='ocrx_word' id='word_1_537' title='bbox 1800 4175 1904 4246; x_wconf 90' lang='lat' dir='ltr'><strong>qui</strong></span> <span class='ocrx_word' id='word_1_538' title='bbox 1936 4175 2049 4230; x_wconf 88' lang='lat' dir='ltr'><strong>sub</strong></span> <span class='ocrx_word' id='word_1_539' title='bbox 2081 4191 2183 4248; x_wconf 89' lang='lat' dir='ltr'><strong>spe</strong></span> 
     </span>
    </p>
   </div>
   <div class='ocr_carea' id='block_1_70' title="bbox 525 4263 2185 4339">
    <p class='ocr_par' dir='ltr' id='par_1_70' title="bbox 525 4263 2185 4339">
     <span class='ocr_line' id='line_1_70' title="bbox 525 4263 2185 4339; baseline -0.003 -15"><span class='ocrx_word' id='word_1_540' title='bbox 525 4268 775 4339; x_wconf 91' lang='lat' dir='ltr'><strong>subjecit</strong></span> <span class='ocrx_word' id='word_1_541' title='bbox 806 4286 817 4326; x_wconf 89' lang='lat'><strong>:</strong></span> <span class='ocrx_word' id='word_1_542' title='bbox 849 4265 1140 4338; x_wconf 89' lang='lat' dir='ltr'><strong>quoniam</strong></span> <span class='ocrx_word' id='word_1_543' title='bbox 1171 4269 1227 4319; x_wconf 90' lang='lat' dir='ltr'><strong>et</strong></span> <span class='ocrx_word' id='word_1_544' title='bbox 1253 4264 1387 4335; x_wconf 90' lang='lat' dir='ltr'><strong>ipsa</strong></span> <span class='ocrx_word' id='word_1_545' title='bbox 1416 4263 1515 4319; x_wconf 91' lang='lat' dir='ltr'><strong>illa</strong></span> <span class='ocrx_word' id='word_1_546' title='bbox 1550 4269 1814 4319; x_wconf 85' lang='lat' dir='ltr'><strong>creatura</strong></span> <span class='ocrx_word' id='word_1_547' title='bbox 1842 4263 2185 4320; x_wconf 87' lang='lat' dir='ltr'><strong>liberabitur</strong></span> 
     </span>
    </p>
   </div>
   <div class='ocr_carea' id='block_1_71' title="bbox 524 4352 2184 4425">
    <p class='ocr_par' dir='ltr' id='par_1_71' title="bbox 524 4352 2184 4425">
     <span class='ocr_line' id='line_1_71' title="bbox 524 4352 2184 4425; baseline -0.004 -11"><span class='ocrx_word' id='word_1_548' title='bbox 524 4374 559 4415; x_wconf 95' lang='lat' dir='ltr'><strong>a</strong></span> <span class='ocrx_word' id='word_1_549' title='bbox 598 4357 872 4413; x_wconf 87' lang='lat' dir='ltr'><strong>servitute</strong></span> <span class='ocrx_word' id='word_1_550' title='bbox 903 4354 1296 4425; x_wconf 90' lang='lat' dir='ltr'><strong>corruptionis</strong></span> <span class='ocrx_word' id='word_1_551' title='bbox 1352 4352 1411 4407; x_wconf 94' lang='lat' dir='ltr'><strong>in</strong></span> <span class='ocrx_word' id='word_1_552' title='bbox 1441 4352 1769 4408; x_wconf 86' lang='lat' dir='ltr'><strong>libertatem</strong></span> <span class='ocrx_word' id='word_1_553' title='bbox 1803 4353 2003 4424; x_wconf 72' lang='lat' dir='ltr'><strong>gloriaa</strong></span> <span class='ocrx_word' id='word_1_554' title='bbox 2037 4352 2184 4409; x_wconf 82' lang='lat' dir='ltr'><strong>ﬁlio-</strong></span> 
     </span>
    </p>
   </div>
   <div class='ocr_carea' id='block_1_72' title="bbox 521 4442 2180 4515">
    <p class='ocr_par' dir='ltr' id='par_1_72' title="bbox 521 4442 2180 4515">
     <span class='ocr_line' id='line_1_72' title="bbox 521 4442 2180 4515; baseline -0.004 -11"><span class='ocrx_word' id='word_1_555' title='bbox 521 4464 657 4504; x_wconf 91' lang='lat' dir='ltr'><strong>rum</strong></span> <span class='ocrx_word' id='word_1_556' title='bbox 685 4447 786 4503; x_wconf 93' lang='lat' dir='ltr'><strong>Dei</strong></span> <span class='ocrx_word' id='word_1_557' title='bbox 812 4448 853 4499; x_wconf 75' lang='grc'><strong>⁸.</strong></span> <span class='ocrx_word' id='word_1_558' title='bbox 880 4468 908 4495; x_wconf 94' lang='grc'><strong>››</strong></span> <span class='ocrx_word' id='word_1_559' title='bbox 934 4447 1050 4501; x_wconf 84' lang='lat' dir='ltr'><strong>Hoc</strong></span> <span class='ocrx_word' id='word_1_560' title='bbox 1075 4444 1273 4515; x_wconf 85' lang='lat' dir='ltr'><strong>itaque</strong></span> <span class='ocrx_word' id='word_1_561' title='bbox 1294 4442 1428 4498; x_wconf 89' lang='lat' dir='ltr'><strong>dico</strong></span> <span class='ocrx_word' id='word_1_562' title='bbox 1459 4459 1470 4497; x_wconf 92' lang='lat'><strong>:</strong></span> <span class='ocrx_word' id='word_1_563' title='bbox 1508 4442 1831 4515; x_wconf 88' lang='lat' dir='ltr'><strong>Postquam</strong></span> <span class='ocrx_word' id='word_1_564' title='bbox 1863 4442 2007 4499; x_wconf 90' lang='lat' dir='ltr'><strong>vidit</strong></span> <span class='ocrx_word' id='word_1_565' title='bbox 2028 4444 2180 4499; x_wconf 88' lang='lat' dir='ltr'><strong>Deus</strong></span> 
     </span>
    </p>
   </div>
   <div class='ocr_carea' id='block_1_73' title="bbox 519 4532 2178 4607">
    <p class='ocr_par' dir='ltr' id='par_1_73' title="bbox 519 4532 2178 4607">
     <span class='ocr_line' id='line_1_73' title="bbox 519 4532 2178 4607; baseline -0.003 -14"><span class='ocrx_word' id='word_1_566' title='bbox 519 4536 830 4593; x_wconf 90' lang='lat' dir='ltr'><strong>hominem</strong></span> <span class='ocrx_word' id='word_1_567' title='bbox 858 4534 1118 4607; x_wconf 89' lang='lat' dir='ltr'><strong>lapsum,</strong></span> <span class='ocrx_word' id='word_1_568' title='bbox 1149 4534 1477 4587; x_wconf 85' lang='lat' dir='ltr'><strong>creaturam</strong></span> <span class='ocrx_word' id='word_1_569' title='bbox 1507 4547 1648 4587; x_wconf 93' lang='lat' dir='ltr'><strong>vero</strong></span> <span class='ocrx_word' id='word_1_570' title='bbox 1674 4532 1978 4587; x_wconf 86' lang='lat' dir='ltr'><strong>servitium</strong></span> <span class='ocrx_word' id='word_1_571' title='bbox 2001 4532 2178 4604; x_wconf 89' lang='lat' dir='ltr'><strong>lapso</strong></span> 
     </span>
    </p>
   </div>
   <div class='ocr_carea' id='block_1_74' title="bbox 518 4619 2178 4695">
    <p class='ocr_par' dir='ltr' id='par_1_74' title="bbox 518 4619 2178 4695">
     <span class='ocr_line' id='line_1_74' title="bbox 518 4619 2178 4695; baseline -0.004 -13"><span class='ocrx_word' id='word_1_572' title='bbox 518 4625 940 4695; x_wconf 89' lang='lat' dir='ltr'><strong>denegantem,</strong></span> <span class='ocrx_word' id='word_1_573' title='bbox 973 4620 1344 4693; x_wconf 89' lang='lat' dir='ltr'><strong>compescuit</strong></span> <span class='ocrx_word' id='word_1_574' title='bbox 1369 4620 1532 4676; x_wconf 87' lang='lat' dir='ltr'><strong>illam</strong></span> <span class='ocrx_word' id='word_1_575' title='bbox 1558 4620 1736 4676; x_wconf 92' lang='lat' dir='ltr'><strong>etiam</strong></span> <span class='ocrx_word' id='word_1_576' title='bbox 1767 4619 2034 4686; x_wconf 89' lang='lat' dir='ltr'><strong>invitam,</strong></span> <span class='ocrx_word' id='word_1_577' title='bbox 2061 4638 2178 4676; x_wconf 92' lang='lat' dir='ltr'><strong>ser-</strong></span> 
     </span>
    </p>
   </div>
   <div class='ocr_carea' id='block_1_75' title="bbox 518 4708 2171 4787">
    <p class='ocr_par' dir='ltr' id='par_1_75' title="bbox 518 4708 2171 4787">
     <span class='ocr_line' id='line_1_75' title="bbox 518 4708 2171 4787; baseline -0.003 -16"><span class='ocrx_word' id='word_1_578' title='bbox 518 4714 759 4787; x_wconf 90' lang='lat' dir='ltr'><strong>vireque</strong></span> <span class='ocrx_word' id='word_1_579' title='bbox 806 4729 940 4769; x_wconf 93' lang='lat' dir='ltr'><strong>eam</strong></span> <span class='ocrx_word' id='word_1_580' title='bbox 993 4709 1186 4782; x_wconf 89' lang='lat' dir='ltr'><strong>jussit,</strong></span> <span class='ocrx_word' id='word_1_581' title='bbox 1250 4710 1399 4766; x_wconf 88' lang='lat' dir='ltr'><strong>sicut</strong></span> <span class='ocrx_word' id='word_1_582' title='bbox 1455 4708 1619 4774; x_wconf 90' lang='lat' dir='ltr'><strong>olim,</strong></span> <span class='ocrx_word' id='word_1_583' title='bbox 1668 4708 1915 4781; x_wconf 90' lang='lat' dir='ltr'><strong>quando</strong></span> <span class='ocrx_word' id='word_1_584' title='bbox 1973 4710 2171 4779; x_wconf 92' lang='lat' dir='ltr'><strong>homo,</strong></span> 
     </span>
    </p>
   </div>
   <div class='ocr_carea' id='block_1_76' title="bbox 513 4798 2173 4876">
    <p class='ocr_par' dir='ltr' id='par_1_76' title="bbox 513 4798 2173 4876">
     <span class='ocr_line' id='line_1_76' title="bbox 513 4798 2173 4876; baseline -0.003 -17"><span class='ocrx_word' id='word_1_585' title='bbox 513 4803 821 4876; x_wconf 64' lang='lat' dir='ltr'><strong>praeceptis</strong></span> <span class='ocrx_word' id='word_1_586' title='bbox 840 4801 1111 4867; x_wconf 88' lang='lat' dir='ltr'><strong>audiens,</strong></span> <span class='ocrx_word' id='word_1_587' title='bbox 1136 4800 1357 4870; x_wconf 84' lang='lat' dir='ltr'><strong>regiam</strong></span> <span class='ocrx_word' id='word_1_588' title='bbox 1378 4798 1950 4871; x_wconf 88' lang='lat' dir='ltr'><strong>imperatoriamque</strong></span> <span class='ocrx_word' id='word_1_589' title='bbox 1976 4798 2173 4868; x_wconf 86' lang='lat' dir='ltr'><strong>digni-</strong></span> 
     </span>
    </p>
   </div>
   <div class='ocr_carea' id='block_1_77' title="bbox 513 4888 2168 4961">
    <p class='ocr_par' dir='ltr' id='par_1_77' title="bbox 513 4888 2168 4961">
     <span class='ocr_line' id='line_1_77' title="bbox 513 4888 2168 4961; baseline -0.002 -14"><span class='ocrx_word' id='word_1_590' title='bbox 513 4898 693 4948; x_wconf 87' lang='lat' dir='ltr'><strong>tatem</strong></span> <span class='ocrx_word' id='word_1_591' title='bbox 712 4898 931 4948; x_wconf 85' lang='lat' dir='ltr'><strong>sartam</strong></span> <span class='ocrx_word' id='word_1_592' title='bbox 959 4895 1295 4961; x_wconf 88' lang='lat' dir='ltr'><strong>tectamque</strong></span> <span class='ocrx_word' id='word_1_593' title='bbox 1318 4888 1616 4943; x_wconf 90' lang='lat' dir='ltr'><strong>servabat.</strong></span> <span class='ocrx_word' id='word_1_594' title='bbox 1645 4889 1989 4943; x_wconf 84' lang='lat' dir='ltr'><strong>Creaturam</strong></span> <span class='ocrx_word' id='word_1_595' title='bbox 2008 4888 2168 4943; x_wconf 93' lang='lat' dir='ltr'><strong>enim</strong></span> 
     </span>
    </p>
   </div>
   <div class='ocr_carea' id='block_1_78' title="bbox 512 4976 2164 5053">
    <p class='ocr_par' dir='ltr' id='par_1_78' title="bbox 512 4976 2164 5053">
     <span class='ocr_line' id='line_1_78' title="bbox 512 4976 2164 5053; baseline -0.001 -18"><span class='ocrx_word' id='word_1_596' title='bbox 512 4981 774 5053; x_wconf 87' lang='lat' dir='ltr'><strong>pudebat</strong></span> <span class='ocrx_word' id='word_1_597' title='bbox 814 4996 974 5050; x_wconf 91' lang='lat' dir='ltr'><strong>eum,</strong></span> <span class='ocrx_word' id='word_1_598' title='bbox 1006 4979 1109 5051; x_wconf 90' lang='lat' dir='ltr'><strong>qui</strong></span> <span class='ocrx_word' id='word_1_599' title='bbox 1134 4978 1308 5049; x_wconf 88' lang='lat' dir='ltr'><strong>lapsu</strong></span> <span class='ocrx_word' id='word_1_600' title='bbox 1354 4977 1655 5049; x_wconf 89' lang='lat' dir='ltr'><strong>captivum</strong></span> <span class='ocrx_word' id='word_1_601' title='bbox 1691 4992 1750 5031; x_wconf 89' lang='lat' dir='ltr'><strong>se</strong></span> <span class='ocrx_word' id='word_1_602' title='bbox 1789 4976 2027 5043; x_wconf 89' lang='lat' dir='ltr'><strong>fecerat,</strong></span> <span class='ocrx_word' id='word_1_603' title='bbox 2060 4980 2164 5033; x_wconf 90' lang='lat' dir='ltr'><strong>Do-</strong></span> 
     </span>
    </p>
   </div>
   <div class='ocr_carea' id='block_1_79' title="bbox 512 5066 2160 5140">
    <p class='ocr_par' dir='ltr' id='par_1_79' title="bbox 512 5066 2160 5140">
     <span class='ocr_line' id='line_1_79' title="bbox 512 5066 2160 5140; baseline -0.002 -15"><span class='ocrx_word' id='word_1_604' title='bbox 512 5071 742 5125; x_wconf 88' lang='lat' dir='ltr'><strong>minum</strong></span> <span class='ocrx_word' id='word_1_605' title='bbox 802 5085 1149 5140; x_wconf 82' lang='lat' dir='ltr'><strong>agnoscere,</strong></span> <span class='ocrx_word' id='word_1_606' title='bbox 1191 5068 1362 5139; x_wconf 90' lang='lat' dir='ltr'><strong>eique</strong></span> <span class='ocrx_word' id='word_1_607' title='bbox 1411 5067 1645 5136; x_wconf 87' lang='lat' dir='ltr'><strong>servire,</strong></span> <span class='ocrx_word' id='word_1_608' title='bbox 1703 5082 1883 5138; x_wconf 90' lang='lat' dir='ltr'><strong>quem</strong></span> <span class='ocrx_word' id='word_1_609' title='bbox 1936 5066 2160 5137; x_wconf 88' lang='lat' dir='ltr'><strong>peccati</strong></span> 
     </span>
    </p>
   </div>
   <div class='ocr_carea' id='block_1_80' title="bbox 509 5156 2161 5215">
    <p class='ocr_par' dir='ltr' id='par_1_80' title="bbox 509 5156 2161 5215">
     <span class='ocr_line' id='line_1_80' title="bbox 509 5156 2161 5215; baseline -0.002 0"><span class='ocrx_word' id='word_1_610' title='bbox 509 5176 745 5215; x_wconf 87' lang='lat' dir='ltr'><strong>servum</strong></span> <span class='ocrx_word' id='word_1_611' title='bbox 774 5159 995 5215; x_wconf 84' lang='lat' dir='ltr'><strong>factum</strong></span> <span class='ocrx_word' id='word_1_612' title='bbox 1021 5174 1146 5213; x_wconf 90' lang='lat' dir='ltr'><strong>esse</strong></span> <span class='ocrx_word' id='word_1_613' title='bbox 1194 5156 1455 5213; x_wconf 89' lang='lat' dir='ltr'><strong>videbat.</strong></span> <span class='ocrx_word' id='word_1_614' title='bbox 1490 5156 1767 5212; x_wconf 89' lang='lat' dir='ltr'><strong>Conditor</strong></span> <span class='ocrx_word' id='word_1_615' title='bbox 1805 5160 2007 5212; x_wconf 89' lang='lat' dir='ltr'><strong>autem</strong></span> <span class='ocrx_word' id='word_1_616' title='bbox 2040 5172 2161 5212; x_wconf 90' lang='lat' dir='ltr'><strong>non</strong></span> 
     </span>
    </p>
   </div>
   <div class='ocr_carea' id='block_1_81' title="bbox 576 5331 2045 5401">
    <p class='ocr_par' dir='ltr' id='par_1_81' title="bbox 576 5331 2045 5401">
     <span class='ocr_line' id='line_1_81' title="bbox 576 5331 2045 5401; baseline -0.007 -9"><span class='ocrx_word' id='word_1_617' title='bbox 576 5341 593 5375; x_wconf 84' lang='grc'>¹</span> <span class='ocrx_word' id='word_1_618' title='bbox 626 5339 793 5392; x_wconf 87' lang='lat' dir='ltr'><strong>Joau.</strong></span> <span class='ocrx_word' id='word_1_619' title='bbox 826 5351 922 5400; x_wconf 89' lang='lat' dir='ltr'><strong>xu,</strong></span> <span class='ocrx_word' id='word_1_620' title='bbox 952 5339 1038 5400; x_wconf 89' lang='lat'><strong>37,</strong></span> <span class='ocrx_word' id='word_1_621' title='bbox 1072 5333 1138 5389; x_wconf 90' lang='lat'><strong>38</strong></span> <span class='ocrx_word' id='word_1_622' title='bbox 1166 5350 1179 5400; x_wconf 88' lang='lat'><strong>;</strong></span> <span class='ocrx_word' id='word_1_623' title='bbox 1210 5333 1321 5389; x_wconf 86' lang='lat' dir='ltr'><strong>Isa.</strong></span> <span class='ocrx_word' id='word_1_624' title='bbox 1354 5347 1468 5401; x_wconf 82' lang='lat' dir='ltr'>L111,</span> <span class='ocrx_word' id='word_1_625' title='bbox 1501 5338 1547 5398; x_wconf 83' lang='lat' dir='ltr'><strong>l,</strong></span> <span class='ocrx_word' id='word_1_626' title='bbox 1626 5338 1644 5368; x_wconf 88' lang='grc'>²</span> <span class='ocrx_word' id='word_1_627' title='bbox 1670 5335 1685 5387; x_wconf 92' lang='lat' dir='ltr'><strong>l</strong></span> <span class='ocrx_word' id='word_1_628' title='bbox 1713 5334 1841 5389; x_wconf 88' lang='lat' dir='ltr'><strong>Cor.</strong></span> <span class='ocrx_word' id='word_1_629' title='bbox 1881 5350 1917 5397; x_wconf 89' lang='grc' dir='ltr'><strong>ι,</strong></span> <span class='ocrx_word' id='word_1_630' title='bbox 1958 5331 2045 5387; x_wconf 86' lang='grc'><strong>30.</strong></span> 
     </span>
    </p>
   </div>
   <div class='ocr_carea' id='block_1_82' title="bbox 503 5410 1109 5476">
    <p class='ocr_par' dir='ltr' id='par_1_82' title="bbox 503 5410 1109 5476">
     <span class='ocr_line' id='line_1_82' title="bbox 503 5410 1109 5476; baseline -0.008 -11"><span class='ocrx_word' id='word_1_631' title='bbox 503 5410 525 5445; x_wconf 73' lang='grc' dir='ltr'><strong>δ</strong></span> <span class='ocrx_word' id='word_1_632' title='bbox 550 5413 717 5467; x_wconf 87' lang='lat' dir='ltr'><strong>Rom.</strong></span> <span class='ocrx_word' id='word_1_633' title='bbox 752 5423 869 5476; x_wconf 82' lang='lat' dir='ltr'><strong>vni,</strong></span> <span class='ocrx_word' id='word_1_634' title='bbox 908 5410 990 5472; x_wconf 81' lang='grc'><strong>19,</strong></span> <span class='ocrx_word' id='word_1_635' title='bbox 1023 5410 1109 5462; x_wconf 78' lang='grc'><strong>20.</strong></span> 
     </span>
    </p>
   </div>
   <div class='ocr_carea' id='block_1_83' title="bbox 2272 5155 2650 5226">
    <p class='ocr_par' dir='ltr' id='par_1_83' title="bbox 2272 5155 2650 5226">
     <span class='ocr_line' id='line_1_83' title="bbox 2272 5155 2650 5226; baseline -0.005 -19"><span class='ocrx_word' id='word_1_636' title='bbox 2272 5155 2355 5207; x_wconf 89' lang='grc' dir='ltr'><strong>λον</strong></span> <span class='ocrx_word' id='word_1_637' title='bbox 2384 5161 2650 5226; x_wconf 77' lang='grc' dir='ltr'>γενόμενον</span> 
     </span>
    </p>
   </div>
   <div class='ocr_carea' id='block_1_84' title="bbox 2126 5333 2663 5401">
    <p class='ocr_par' dir='ltr' id='par_1_84' title="bbox 2126 5333 2663 5401">
     <span class='ocr_line' id='line_1_84' title="bbox 2126 5333 2663 5401; baseline -0.002 -14"><span class='ocrx_word' id='word_1_638' title='bbox 2126 5338 2144 5366; x_wconf 81' lang='grc'>³</span> <span class='ocrx_word' id='word_1_639' title='bbox 2185 5333 2400 5387; x_wconf 85' lang='lat' dir='ltr'><strong>Jerem.</strong></span> <span class='ocrx_word' id='word_1_640' title='bbox 2435 5346 2584 5401; x_wconf 68' lang='grc' dir='ltr'>χχιιι,</span> <span class='ocrx_word' id='word_1_641' title='bbox 2612 5334 2663 5386; x_wconf 80' lang='grc'><strong>5.</strong></span> 
     </span>
    </p>
   </div>
   <div class='ocr_carea' id='block_1_85' title="bbox 2302 3279 3920 3355">
    <p class='ocr_par' dir='ltr' id='par_1_85' title="bbox 2302 3279 3920 3355">
     <span class='ocr_line' id='line_1_85' title="bbox 2302 3279 3920 3355; baseline 0.007 -24"><span class='ocrx_word' id='word_1_642' title='bbox 2302 3284 2360 3335; x_wconf 82' lang='grc' dir='ltr'>ἂν</span> <span class='ocrx_word' id='word_1_643' title='bbox 2392 3289 2462 3355; x_wconf 81' lang='grc' dir='ltr'>μὴ</span> <span class='ocrx_word' id='word_1_644' title='bbox 2526 3284 2637 3355; x_wconf 75' lang='grc'>(79)</span> <span class='ocrx_word' id='word_1_645' title='bbox 2693 3281 2970 3355; x_wconf 72' lang='grc' dir='ltr'>ἐξυϐρισθῇ</span> <span class='ocrx_word' id='word_1_646' title='bbox 3030 3279 3125 3335; x_wconf 81' lang='grc' dir='ltr'><strong>διὰ</strong></span> <span class='ocrx_word' id='word_1_647' title='bbox 3176 3287 3380 3337; x_wconf 86' lang='grc' dir='ltr'>πάντων</span> <span class='ocrx_word' id='word_1_648' title='bbox 3433 3290 3462 3345; x_wconf 82' lang='grc' dir='ltr'><strong>η</strong></span> <span class='ocrx_word' id='word_1_649' title='bbox 3520 3289 3693 3355; x_wconf 84' lang='grc' dir='ltr'>εἰκὼν,</span> <span class='ocrx_word' id='word_1_650' title='bbox 3748 3291 3793 3343; x_wconf 82' lang='grc' dir='ltr'><strong>εἰ</strong></span> <span class='ocrx_word' id='word_1_651' title='bbox 3826 3299 3920 3343; x_wconf 67' lang='grc' dir='ltr'>καὶ</span> 
     </span>
    </p>
   </div>
   <div class='ocr_carea' id='block_1_86' title="bbox 2301 3372 3917 3447">
    <p class='ocr_par' dir='ltr' id='par_1_86' title="bbox 2301 3372 3917 3447">
     <span class='ocr_line' id='line_1_86' title="bbox 2301 3372 3917 3447; baseline 0.003 -21"><span class='ocrx_word' id='word_1_652' title='bbox 2301 3372 2519 3447; x_wconf 79' lang='grc' dir='ltr'>παρέϐη.</span> <span class='ocrx_word' id='word_1_653' title='bbox 2570 3374 2751 3433; x_wconf 85' lang='grc' dir='ltr'>Πάσης</span> <span class='ocrx_word' id='word_1_654' title='bbox 2782 3376 2948 3423; x_wconf 81' lang='grc' dir='ltr'>τοίνυν</span> <span class='ocrx_word' id='word_1_655' title='bbox 3006 3381 3099 3432; x_wconf 79' lang='grc' dir='ltr'>τῆς</span> <span class='ocrx_word' id='word_1_656' title='bbox 3147 3377 3362 3435; x_wconf 84' lang='grc' dir='ltr'>κτίσεως</span> <span class='ocrx_word' id='word_1_657' title='bbox 3422 3379 3849 3445; x_wconf 75' lang='grc' dir='ltr'>στασιαζούσης,</span> <span class='ocrx_word' id='word_1_658' title='bbox 3893 3382 3917 3431; x_wconf 87' lang='lat'><strong>6</strong></span> 
     </span>
    </p>
   </div>
   <div class='ocr_carea' id='block_1_87' title="bbox 2303 3460 3919 3542">
    <p class='ocr_par' dir='ltr' id='par_1_87' title="bbox 2303 3460 3919 3542">
     <span class='ocr_line' id='line_1_87' title="bbox 2303 3460 3919 3542; baseline 0.002 -28"><span class='ocrx_word' id='word_1_659' title='bbox 2303 3466 2429 3524; x_wconf 82' lang='grc' dir='ltr'>Θεὸς</span> <span class='ocrx_word' id='word_1_660' title='bbox 2486 3461 2675 3514; x_wconf 81' lang='grc' dir='ltr'>κελεύει</span> <span class='ocrx_word' id='word_1_661' title='bbox 2728 3467 2787 3531; x_wconf 75' lang='grc' dir='ltr'><strong>τῇ</strong></span> <span class='ocrx_word' id='word_1_662' title='bbox 2845 3464 3013 3512; x_wconf 84' lang='grc' dir='ltr'>κτίσει</span> <span class='ocrx_word' id='word_1_663' title='bbox 3061 3465 3131 3531; x_wconf 79' lang='grc' dir='ltr'>μὴ</span> <span class='ocrx_word' id='word_1_664' title='bbox 3200 3460 3440 3534; x_wconf 79' lang='grc' dir='ltr'>ἀφηνιᾴν,</span> <span class='ocrx_word' id='word_1_665' title='bbox 3472 3464 3599 3517; x_wconf 75' lang='grc' dir='ltr'>ἀλλὰ</span> <span class='ocrx_word' id='word_1_666' title='bbox 3649 3474 3919 3542; x_wconf 77' lang='grc' dir='ltr'>παρέχειν</span> 
     </span>
    </p>
   </div>
   <div class='ocr_carea' id='block_1_88' title="bbox 2300 3549 3919 3629">
    <p class='ocr_par' dir='ltr' id='par_1_88' title="bbox 2300 3549 3919 3629">
     <span class='ocr_line' id='line_1_88' title="bbox 2300 3549 3919 3629; baseline 0.004 -27"><span class='ocrx_word' id='word_1_667' title='bbox 2300 3554 2388 3623; x_wconf 75' lang='grc' dir='ltr'>μὲν</span> <span class='ocrx_word' id='word_1_668' title='bbox 2419 3554 2503 3602; x_wconf 84' lang='grc' dir='ltr'>τὸν</span> <span class='ocrx_word' id='word_1_669' title='bbox 2532 3550 2672 3609; x_wconf 83' lang='grc' dir='ltr'>ἣλιον</span> <span class='ocrx_word' id='word_1_670' title='bbox 2698 3553 2790 3607; x_wconf 83' lang='grc' dir='ltr'>τὴν</span> <span class='ocrx_word' id='word_1_671' title='bbox 2848 3549 3029 3601; x_wconf 74' lang='grc' dir='ltr'>ἑαυτοῦ</span> <span class='ocrx_word' id='word_1_672' title='bbox 3088 3549 3289 3615; x_wconf 85' lang='grc' dir='ltr'>ἀκτῖνα,</span> <span class='ocrx_word' id='word_1_673' title='bbox 3346 3558 3439 3611; x_wconf 83' lang='grc' dir='ltr'>τὴν</span> <span class='ocrx_word' id='word_1_674' title='bbox 3470 3563 3568 3625; x_wconf 68' lang='grc' dir='ltr'><strong>γῆν</strong></span> <span class='ocrx_word' id='word_1_675' title='bbox 3597 3561 3717 3617; x_wconf 74' lang='grc' dir='ltr'>τοὺς</span> <span class='ocrx_word' id='word_1_676' title='bbox 3784 3578 3919 3629; x_wconf 59' lang='grc' dir='ltr'>καρε</span> 
     </span>
    </p>
   </div>
   <div class='ocr_carea' id='block_1_89' title="bbox 2300 3637 3916 3715">
    <p class='ocr_par' dir='ltr' id='par_1_89' title="bbox 2300 3637 3916 3715">
     <span class='ocr_line' id='line_1_89' title="bbox 2300 3637 3916 3715; baseline 0.001 -24"><span class='ocrx_word' id='word_1_677' title='bbox 2300 3642 2446 3708; x_wconf 71' lang='grc' dir='ltr'>πούς,</span> <span class='ocrx_word' id='word_1_678' title='bbox 2503 3643 2595 3696; x_wconf 79' lang='grc' dir='ltr'>τὴν</span> <span class='ocrx_word' id='word_1_679' title='bbox 2644 3637 2909 3689; x_wconf 77' lang='grc' dir='ltr'>θάλασσαν</span> <span class='ocrx_word' id='word_1_680' title='bbox 2958 3637 3113 3709; x_wconf 83' lang='grc' dir='ltr'>ἰχθῦς</span> <span class='ocrx_word' id='word_1_681' title='bbox 3167 3644 3255 3691; x_wconf 87' lang='grc' dir='ltr'>καὶ</span> <span class='ocrx_word' id='word_1_682' title='bbox 3306 3643 3391 3702; x_wconf 89' lang='grc' dir='ltr'><strong>τάς</strong></span> <span class='ocrx_word' id='word_1_683' title='bbox 3448 3641 3705 3715; x_wconf 82' lang='grc' dir='ltr'>ἐμπορίας</span> <span class='ocrx_word' id='word_1_684' title='bbox 3764 3662 3778 3675; x_wconf 70' lang='grc'><strong><em>⁸</em></strong></span> <span class='ocrx_word' id='word_1_685' title='bbox 3825 3651 3916 3698; x_wconf 73' lang='grc' dir='ltr'>καὶ</span> 
     </span>
    </p>
   </div>
   <div class='ocr_carea' id='block_1_90' title="bbox 2298 3728 3918 3807">
    <p class='ocr_par' dir='ltr' id='par_1_90' title="bbox 2298 3728 3918 3807">
     <span class='ocr_line' id='line_1_90' title="bbox 2298 3728 3918 3807; baseline 0.006 -27"><span class='ocrx_word' id='word_1_686' title='bbox 2298 3729 2515 3780; x_wconf 73' lang='grc' dir='ltr'>ἕκαστον</span> <span class='ocrx_word' id='word_1_687' title='bbox 2553 3735 2650 3780; x_wconf 88' lang='grc' dir='ltr'>τῶν</span> <span class='ocrx_word' id='word_1_688' title='bbox 2706 3728 3027 3798; x_wconf 77' lang='grc' dir='ltr'>κτισμάτων,</span> <span class='ocrx_word' id='word_1_689' title='bbox 3075 3732 3166 3786; x_wconf 80' lang='grc' dir='ltr'>τὴν</span> <span class='ocrx_word' id='word_1_690' title='bbox 3214 3728 3267 3791; x_wconf 82' lang='grc' dir='ltr'><strong>ἐξ</strong></span> <span class='ocrx_word' id='word_1_691' title='bbox 3304 3729 3530 3783; x_wconf 78' lang='grc' dir='ltr'>ἑκαυτών</span> <span class='ocrx_word' id='word_1_692' title='bbox 3571 3739 3761 3807; x_wconf 79' lang='grc' dir='ltr'>χρείαν</span> <span class='ocrx_word' id='word_1_693' title='bbox 3822 3741 3918 3788; x_wconf 79' lang='grc' dir='ltr'>καὶ</span> 
     </span>
    </p>
   </div>
   <div class='ocr_carea' id='block_1_91' title="bbox 2810 3813 3118 3889">
    <p class='ocr_par' dir='ltr' id='par_1_91' title="bbox 2810 3813 3118 3889">
     <span class='ocr_line' id='line_1_91' title="bbox 2810 3813 3118 3889; baseline 0.006 -23"><span class='ocrx_word' id='word_1_694' title='bbox 2810 3813 3118 3889; x_wconf 82' lang='grc' dir='ltr'>ἀνθρώποις.</span> 
     </span>
    </p>
   </div>
   <div class='ocr_carea' id='block_1_92' title="bbox 2300 3817 3912 3893">
    <p class='ocr_par' dir='ltr' id='par_1_92' title="bbox 2300 3817 3912 3893">
     <span class='ocr_line' id='line_1_92' title="bbox 2300 3817 3912 3893; baseline 0.005 -25"><span class='ocrx_word' id='word_1_695' title='bbox 2300 3817 2536 3888; x_wconf 84' lang='grc' dir='ltr'>ὠφέλειαν</span> <span class='ocrx_word' id='word_1_696' title='bbox 2601 3823 2708 3877; x_wconf 87' lang='grc' dir='ltr'>τοῖς</span> <span class='ocrx_word' id='word_1_697' title='bbox 2810 3817 3118 3889; x_wconf 82' lang='grc' dir='ltr'>ἀνθρώποις.</span> <span class='ocrx_word' id='word_1_698' title='bbox 3226 3820 3427 3877; x_wconf 85' lang='grc' dir='ltr'>Ταύτην</span> <span class='ocrx_word' id='word_1_699' title='bbox 3504 3819 3805 3893; x_wconf 74' lang='grc' dir='ltr'>ἐπιγνμνών</span> <span class='ocrx_word' id='word_1_700' title='bbox 3888 3827 3912 3876; x_wconf 83' lang='grc' dir='ltr'><strong>ό</strong></span> 
     </span>
    </p>
   </div>
   <div class='ocr_carea' id='block_1_93' title="bbox 2302 3905 3921 3987">
    <p class='ocr_par' dir='ltr' id='par_1_93' title="bbox 2302 3905 3921 3987">
     <span class='ocr_line' id='line_1_93' title="bbox 2302 3905 3921 3987; baseline 0.004 -28"><span class='ocrx_word' id='word_1_701' title='bbox 2302 3905 2614 3967; x_wconf 84' lang='grc' dir='ltr'>Ἀπόστολος</span> <span class='ocrx_word' id='word_1_702' title='bbox 2638 3910 2731 3963; x_wconf 82' lang='grc' dir='ltr'><strong>την</strong></span> <span class='ocrx_word' id='word_1_703' title='bbox 2783 3906 2973 3956; x_wconf 77' lang='grc' dir='ltr'>ἔννοιαν</span> <span class='ocrx_word' id='word_1_704' title='bbox 3030 3906 3218 3976; x_wconf 85' lang='grc' dir='ltr'>φάσκει</span> <span class='ocrx_word' id='word_1_705' title='bbox 3267 3922 3279 3933; x_wconf 92' lang='grc'><strong>·</strong></span> <span class='ocrx_word' id='word_1_706' title='bbox 3338 3929 3361 3958; x_wconf 81' lang='grc' dir='ltr'><strong>ιι</strong></span> <span class='ocrx_word' id='word_1_707' title='bbox 3395 3908 3453 3960; x_wconf 81' lang='grc' dir='ltr'><strong>Ἠ</strong></span> <span class='ocrx_word' id='word_1_708' title='bbox 3484 3913 3586 3983; x_wconf 77' lang='grc' dir='ltr'><strong>γὰρ</strong></span> <span class='ocrx_word' id='word_1_709' title='bbox 3639 3909 3921 3987; x_wconf 84' lang='grc' dir='ltr'>ἀποκαρα-</span> 
     </span>
    </p>
   </div>
   <div class='ocr_carea' id='block_1_94' title="bbox 2300 3992 3911 4066">
    <p class='ocr_par' dir='ltr' id='par_1_94' title="bbox 2300 3992 3911 4066">
     <span class='ocr_line' id='line_1_94' title="bbox 2300 3992 3911 4066; baseline 0.004 -19"><span class='ocrx_word' id='word_1_710' title='bbox 2300 3992 2457 4047; x_wconf 85' lang='grc' dir='ltr'>δοκία</span> <span class='ocrx_word' id='word_1_711' title='bbox 2512 4002 2603 4055; x_wconf 86' lang='grc' dir='ltr'>τῆς</span> <span class='ocrx_word' id='word_1_712' title='bbox 2657 3998 2878 4054; x_wconf 84' lang='grc' dir='ltr'>κτίσεως</span> <span class='ocrx_word' id='word_1_713' title='bbox 2931 3997 3024 4051; x_wconf 79' lang='grc' dir='ltr'>τὴν</span> <span class='ocrx_word' id='word_1_714' title='bbox 3074 3993 3403 4066; x_wconf 71' lang='grc' dir='ltr'>ἀποκάλυψιν</span> <span class='ocrx_word' id='word_1_715' title='bbox 3484 4006 3582 4049; x_wconf 85' lang='grc' dir='ltr'>τῶν</span> <span class='ocrx_word' id='word_1_716' title='bbox 3640 4002 3769 4052; x_wconf 78' lang='grc' dir='ltr'>υἱῶν</span> <span class='ocrx_word' id='word_1_717' title='bbox 3815 4010 3911 4054; x_wconf 66' lang='grc' dir='ltr'>τοῦ</span> 
     </span>
    </p>
   </div>
   <div class='ocr_carea' id='block_1_95' title="bbox 2299 4079 3915 4157">
    <p class='ocr_par' dir='ltr' id='par_1_95' title="bbox 2299 4079 3915 4157">
     <span class='ocr_line' id='line_1_95' title="bbox 2299 4079 3915 4157; baseline 0.006 -22"><span class='ocrx_word' id='word_1_718' title='bbox 2299 4092 2429 4139; x_wconf 66' lang='grc' dir='ltr'>Θεοῦ</span> <span class='ocrx_word' id='word_1_719' title='bbox 2464 4079 2813 4154; x_wconf 81' lang='grc' dir='ltr'>ἀπεκδέχεται</span> <span class='ocrx_word' id='word_1_720' title='bbox 2841 4097 2854 4111; x_wconf 85' lang='grc'><em>’</em></span> <span class='ocrx_word' id='word_1_721' title='bbox 2884 4090 2945 4154; x_wconf 74' lang='grc' dir='ltr'>τῇ</span> <span class='ocrx_word' id='word_1_722' title='bbox 3000 4086 3100 4157; x_wconf 70' lang='grc' dir='ltr'>γὰρ</span> <span class='ocrx_word' id='word_1_723' title='bbox 3156 4090 3471 4155; x_wconf 78' lang='grc' dir='ltr'>ματαιότητι</span> <span class='ocrx_word' id='word_1_724' title='bbox 3524 4090 3553 4146; x_wconf 81' lang='grc' dir='ltr'>ἡ</span> <span class='ocrx_word' id='word_1_725' title='bbox 3589 4096 3772 4153; x_wconf 84' lang='grc' dir='ltr'>κτίσις</span> <span class='ocrx_word' id='word_1_726' title='bbox 3804 4096 3915 4143; x_wconf 61' lang='lat'><em>&#39;31-:-</em></span> 
     </span>
    </p>
   </div>
   <div class='ocr_carea' id='block_1_96' title="bbox 2298 4169 3915 4245">
    <p class='ocr_par' dir='ltr' id='par_1_96' title="bbox 2298 4169 3915 4245">
     <span class='ocr_line' id='line_1_96' title="bbox 2298 4169 3915 4245; baseline 0.006 -19"><span class='ocrx_word' id='word_1_727' title='bbox 2298 4177 2451 4245; x_wconf 73' lang='grc' dir='ltr'>ετάγη</span> <span class='ocrx_word' id='word_1_728' title='bbox 2478 4173 2582 4245; x_wconf 72' lang='grc' dir='ltr'>οὐχ</span> <span class='ocrx_word' id='word_1_729' title='bbox 2614 4172 2821 4233; x_wconf 82' lang='grc' dir='ltr'>ἑκοῦσα,</span> <span class='ocrx_word' id='word_1_730' title='bbox 2860 4170 2987 4223; x_wconf 71' lang='grc' dir='ltr'><strong>ἀλλά</strong></span> <span class='ocrx_word' id='word_1_731' title='bbox 3019 4169 3110 4224; x_wconf 79' lang='grc' dir='ltr'>διὰ</span> <span class='ocrx_word' id='word_1_732' title='bbox 3141 4176 3223 4225; x_wconf 86' lang='grc' dir='ltr'>τὸν</span> <span class='ocrx_word' id='word_1_733' title='bbox 3243 4175 3573 4239; x_wconf 75' lang='grc' dir='ltr'>ὑποτάξαντα</span> <span class='ocrx_word' id='word_1_734' title='bbox 3591 4177 3668 4229; x_wconf 80' lang='grc' dir='ltr'><strong>ἐπ’</strong></span> <span class='ocrx_word' id='word_1_735' title='bbox 3705 4178 3915 4236; x_wconf 82' lang='grc' dir='ltr'>ἐλπίδι.</span> 
     </span>
    </p>
   </div>
   <div class='ocr_carea' id='block_1_97' title="bbox 2293 4260 3920 4336">
    <p class='ocr_par' dir='ltr' id='par_1_97' title="bbox 2293 4260 3920 4336">
     <span class='ocr_line' id='line_1_97' title="bbox 2293 4260 3920 4336; baseline -0.002 -21"><span class='ocrx_word' id='word_1_736' title='bbox 2293 4265 2373 4316; x_wconf 83' lang='grc' dir='ltr'>ὅτι</span> <span class='ocrx_word' id='word_1_737' title='bbox 2410 4267 2497 4314; x_wconf 86' lang='grc' dir='ltr'>καὶ</span> <span class='ocrx_word' id='word_1_738' title='bbox 2529 4262 2657 4319; x_wconf 82' lang='grc' dir='ltr'>αύτὴ</span> <span class='ocrx_word' id='word_1_739' title='bbox 2710 4263 2738 4319; x_wconf 76' lang='grc' dir='ltr'>ἡ</span> <span class='ocrx_word' id='word_1_740' title='bbox 2769 4265 2941 4322; x_wconf 89' lang='grc' dir='ltr'>κτίσις</span> <span class='ocrx_word' id='word_1_741' title='bbox 2996 4260 3458 4336; x_wconf 73' lang='grc' dir='ltr'>ἐλευθερωθήσεται</span> <span class='ocrx_word' id='word_1_742' title='bbox 3512 4264 3613 4318; x_wconf 82' lang='grc' dir='ltr'>ἀπὸ</span> <span class='ocrx_word' id='word_1_743' title='bbox 3638 4276 3731 4329; x_wconf 78' lang='grc' dir='ltr'>τῆς</span> <span class='ocrx_word' id='word_1_744' title='bbox 3787 4266 3920 4322; x_wconf 61' lang='grc' dir='ltr'>δον)-</span> 
     </span>
    </p>
   </div>
   <div class='ocr_carea' id='block_1_98' title="bbox 2291 4350 3918 4426">
    <p class='ocr_par' dir='ltr' id='par_1_98' title="bbox 2291 4350 3918 4426">
     <span class='ocr_line' id='line_1_98' title="bbox 2291 4350 3918 4426; baseline 0.002 -22"><span class='ocrx_word' id='word_1_745' title='bbox 2291 4352 2424 4413; x_wconf 86' lang='grc' dir='ltr'>λείας</span> <span class='ocrx_word' id='word_1_746' title='bbox 2450 4359 2542 4413; x_wconf 82' lang='grc' dir='ltr'>τῆς</span> <span class='ocrx_word' id='word_1_747' title='bbox 2596 4353 2792 4423; x_wconf 78' lang='grc' dir='ltr'>φθορᾶς</span> <span class='ocrx_word' id='word_1_748' title='bbox 2836 4350 2904 4412; x_wconf 80' lang='grc' dir='ltr'><strong>εἰς</strong></span> <span class='ocrx_word' id='word_1_749' title='bbox 2960 4354 3053 4408; x_wconf 83' lang='grc' dir='ltr'>τὴν</span> <span class='ocrx_word' id='word_1_750' title='bbox 3098 4350 3379 4426; x_wconf 74' lang='grc' dir='ltr'>ἐλευθερίαν</span> <span class='ocrx_word' id='word_1_751' title='bbox 3452 4364 3547 4418; x_wconf 80' lang='grc' dir='ltr'>τῆς</span> <span class='ocrx_word' id='word_1_752' title='bbox 3595 4353 3755 4421; x_wconf 81' lang='grc' dir='ltr'>δόξης</span> <span class='ocrx_word' id='word_1_753' title='bbox 3812 4370 3918 4412; x_wconf 71' lang='grc' dir='ltr'>τῶν</span> 
     </span>
    </p>
   </div>
   <div class='ocr_carea' id='block_1_99' title="bbox 2290 4440 3914 4512">
    <p class='ocr_par' dir='ltr' id='par_1_99' title="bbox 2290 4440 3914 4512">
     <span class='ocr_line' id='line_1_99' title="bbox 2290 4440 3914 4512; baseline 0.004 -19"><span class='ocrx_word' id='word_1_754' title='bbox 2290 4445 2475 4493; x_wconf 87' lang='grc' dir='ltr'>τέκνων</span> <span class='ocrx_word' id='word_1_755' title='bbox 2503 4447 2591 4492; x_wconf 79' lang='grc' dir='ltr'><strong>τού</strong></span> <span class='ocrx_word' id='word_1_756' title='bbox 2622 4447 2772 4493; x_wconf 74' lang='grc' dir='ltr'>Θεοῦ·</span> <span class='ocrx_word' id='word_1_757' title='bbox 2806 4463 2833 4489; x_wconf 87' lang='grc'><strong>››</strong></span> <span class='ocrx_word' id='word_1_758' title='bbox 2865 4440 2968 4491; x_wconf 84' lang='grc' dir='ltr'>οἶόν</span> <span class='ocrx_word' id='word_1_759' title='bbox 3000 4459 3051 4491; x_wconf 87' lang='grc' dir='ltr'><strong>τι</strong></span> <span class='ocrx_word' id='word_1_760' title='bbox 3081 4440 3212 4512; x_wconf 78' lang='grc' dir='ltr'>λέγω</span> <span class='ocrx_word' id='word_1_761' title='bbox 3244 4461 3256 4473; x_wconf 84' lang='grc'><strong>·</strong></span> <span class='ocrx_word' id='word_1_762' title='bbox 3301 4441 3388 4505; x_wconf 69' lang='grc' dir='ltr'><strong>Ὠς</strong></span> <span class='ocrx_word' id='word_1_763' title='bbox 3419 4440 3552 4497; x_wconf 83' lang='grc' dir='ltr'>εἶδεν</span> <span class='ocrx_word' id='word_1_764' title='bbox 3598 4446 3626 4495; x_wconf 80' lang='grc' dir='ltr'><strong>ύ</strong></span> <span class='ocrx_word' id='word_1_765' title='bbox 3656 4450 3786 4507; x_wconf 79' lang='grc' dir='ltr'>Θεὸς</span> <span class='ocrx_word' id='word_1_766' title='bbox 3822 4451 3914 4500; x_wconf 78' lang='grc' dir='ltr'><strong>τόν</strong></span> 
     </span>
    </p>
   </div>
   <div class='ocr_carea' id='block_1_100' title="bbox 2290 4528 3908 4604">
    <p class='ocr_par' dir='ltr' id='par_1_100' title="bbox 2290 4528 3908 4604">
     <span class='ocr_line' id='line_1_100' title="bbox 2290 4528 3908 4604; baseline 0.004 -22"><span class='ocrx_word' id='word_1_767' title='bbox 2290 4532 2558 4604; x_wconf 78' lang='grc' dir='ltr'>ἄνθρωπον</span> <span class='ocrx_word' id='word_1_768' title='bbox 2608 4528 2916 4594; x_wconf 84' lang='grc' dir='ltr'>ἐκπεσόντα,</span> <span class='ocrx_word' id='word_1_769' title='bbox 2979 4534 3068 4581; x_wconf 84' lang='grc' dir='ltr'>καὶ</span> <span class='ocrx_word' id='word_1_770' title='bbox 3117 4535 3209 4589; x_wconf 78' lang='grc' dir='ltr'>τὴν</span> <span class='ocrx_word' id='word_1_771' title='bbox 3277 4536 3449 4584; x_wconf 90' lang='grc' dir='ltr'>κτίσιν</span> <span class='ocrx_word' id='word_1_772' title='bbox 3544 4532 3908 4589; x_wconf 80' lang='grc' dir='ltr'>ἀνανεύουσαν</span> 
     </span>
    </p>
   </div>
   <div class='ocr_carea' id='block_1_101' title="bbox 2286 4619 3912 4693">
    <p class='ocr_par' dir='ltr' id='par_1_101' title="bbox 2286 4619 3912 4693">
     <span class='ocr_line' id='line_1_101' title="bbox 2286 4619 3912 4693; baseline 0.004 -22"><span class='ocrx_word' id='word_1_773' title='bbox 2286 4623 2414 4693; x_wconf 88' lang='grc' dir='ltr'>πρὸς</span> <span class='ocrx_word' id='word_1_774' title='bbox 2464 4620 2749 4693; x_wconf 78' lang='grc' dir='ltr'>ὑπηρεσίαν</span> <span class='ocrx_word' id='word_1_775' title='bbox 2794 4625 2886 4670; x_wconf 78' lang='grc' dir='ltr'>τοῦ</span> <span class='ocrx_word' id='word_1_776' title='bbox 2926 4619 3313 4691; x_wconf 79' lang='grc' dir='ltr'>ἡμαρτηκότος,</span> <span class='ocrx_word' id='word_1_777' title='bbox 3365 4620 3683 4692; x_wconf 71' lang='grc' dir='ltr'>ἐχαλίνωσε-δ</span> <span class='ocrx_word' id='word_1_778' title='bbox 3746 4628 3912 4683; x_wconf 59' lang='grc' dir='ltr'>αὐτὴν</span> 
     </span>
    </p>
   </div>
   <div class='ocr_carea' id='block_1_102' title="bbox 2284 4706 3908 4787">
    <p class='ocr_par' dir='ltr' id='par_1_102' title="bbox 2284 4706 3908 4787">
     <span class='ocr_line' id='line_1_102' title="bbox 2284 4706 3908 4787; baseline 0.002 -26"><span class='ocrx_word' id='word_1_779' title='bbox 2284 4714 2373 4761; x_wconf 84' lang='grc' dir='ltr'>καὶ</span> <span class='ocrx_word' id='word_1_780' title='bbox 2415 4713 2484 4780; x_wconf 76' lang='grc' dir='ltr'>μὴ</span> <span class='ocrx_word' id='word_1_781' title='bbox 2544 4708 2810 4773; x_wconf 80' lang='grc' dir='ltr'>θέλουσαν,</span> <span class='ocrx_word' id='word_1_782' title='bbox 2843 4712 2932 4760; x_wconf 83' lang='grc' dir='ltr'>καὶ</span> <span class='ocrx_word' id='word_1_783' title='bbox 2976 4706 3232 4761; x_wconf 81' lang='grc' dir='ltr'>ἐκέλευσεν</span> <span class='ocrx_word' id='word_1_784' title='bbox 3288 4711 3558 4783; x_wconf 78' lang='grc' dir='ltr'>ὑπηρετεῖν</span> <span class='ocrx_word' id='word_1_785' title='bbox 3622 4719 3908 4787; x_wconf 80' lang='grc' dir='ltr'>πρότερον,</span> 
     </span>
    </p>
   </div>
   <div class='ocr_carea' id='block_1_103' title="bbox 2283 4796 3907 4871">
    <p class='ocr_par' dir='ltr' id='par_1_103' title="bbox 2283 4796 3907 4871">
     <span class='ocr_line' id='line_1_103' title="bbox 2283 4796 3907 4871; baseline 0.003 -21"><span class='ocrx_word' id='word_1_786' title='bbox 2283 4802 2437 4858; x_wconf 80' lang='grc' dir='ltr'>ἡνίκα</span> <span class='ocrx_word' id='word_1_787' title='bbox 2478 4801 2533 4850; x_wconf 88' lang='grc' dir='ltr'>τὸ</span> <span class='ocrx_word' id='word_1_788' title='bbox 2568 4796 2845 4870; x_wconf 81' lang='grc' dir='ltr'>βασιλικόν</span> <span class='ocrx_word' id='word_1_789' title='bbox 2912 4796 3077 4867; x_wconf 81' lang='grc' dir='ltr'>ἑαυτῷ</span> <span class='ocrx_word' id='word_1_790' title='bbox 3130 4802 3219 4849; x_wconf 86' lang='grc' dir='ltr'>καὶ</span> <span class='ocrx_word' id='word_1_791' title='bbox 3274 4796 3497 4871; x_wconf 86' lang='grc' dir='ltr'>ἀρχικὸν</span> <span class='ocrx_word' id='word_1_792' title='bbox 3546 4805 3635 4858; x_wconf 76' lang='grc' dir='ltr'>τὴν</span> <span class='ocrx_word' id='word_1_793' title='bbox 3690 4803 3907 4861; x_wconf 60' lang='grc' dir='ltr'>ἐντολὴν</span> 
     </span>
    </p>
   </div>
   <div class='ocr_carea' id='block_1_104' title="bbox 2281 4881 3911 4960">
    <p class='ocr_par' dir='ltr' id='par_1_104' title="bbox 2281 4881 3911 4960">
     <span class='ocr_line' id='line_1_104' title="bbox 2281 4881 3911 4960; baseline 0.003 -21"><span class='ocrx_word' id='word_1_794' title='bbox 2281 4887 2545 4960; x_wconf 75' lang='grc' dir='ltr'>φυλάττων</span> <span class='ocrx_word' id='word_1_795' title='bbox 2602 4881 2948 4946; x_wconf 67' lang='grc' dir='ltr'>πνδιέσωζεν</span> <span class='ocrx_word' id='word_1_796' title='bbox 2982 4885 3294 4958; x_wconf 69' lang='grc' dir='ltr'>’ᾐσχύνετο</span> <span class='ocrx_word' id='word_1_797' title='bbox 3345 4889 3445 4960; x_wconf 73' lang='grc' dir='ltr'><strong>γὰρ</strong></span> <span class='ocrx_word' id='word_1_798' title='bbox 3502 4890 3531 4945; x_wconf 76' lang='grc' dir='ltr'>ἡ</span> <span class='ocrx_word' id='word_1_799' title='bbox 3590 4894 3763 4951; x_wconf 87' lang='grc' dir='ltr'>κτίσις</span> <span class='ocrx_word' id='word_1_800' title='bbox 3816 4896 3911 4944; x_wconf 82' lang='grc' dir='ltr'>τὸν</span> 
     </span>
    </p>
   </div>
   <div class='ocr_carea' id='block_1_105' title="bbox 2277 4972 3912 5049">
    <p class='ocr_par' dir='ltr' id='par_1_105' title="bbox 2277 4972 3912 5049">
     <span class='ocr_line' id='line_1_105' title="bbox 2277 4972 3912 5049; baseline 0.002 -21"><span class='ocrx_word' id='word_1_801' title='bbox 2277 4975 2615 5048; x_wconf 86' lang='grc' dir='ltr'>αἰχμάλωτον</span> <span class='ocrx_word' id='word_1_802' title='bbox 2645 4982 2705 5047; x_wconf 75' lang='grc' dir='ltr'>τῇ</span> <span class='ocrx_word' id='word_1_803' title='bbox 2762 4972 3057 5047; x_wconf 75' lang='grc' dir='ltr'>παραϐάσει</span> <span class='ocrx_word' id='word_1_804' title='bbox 3118 4976 3307 5048; x_wconf 74' lang='grc' dir='ltr'>Κύριον</span> <span class='ocrx_word' id='word_1_805' title='bbox 3356 4976 3759 5049; x_wconf 67' lang='grc' dir='ltr'>ἐπιγράφεσθαι,</span> <span class='ocrx_word' id='word_1_806' title='bbox 3816 4984 3912 5031; x_wconf 68' lang='grc' dir='ltr'><strong>καὶ⁵</strong></span> 
     </span>
    </p>
   </div>
   <div class='ocr_carea' id='block_1_106' title="bbox 2275 5062 3906 5138">
    <p class='ocr_par' dir='ltr' id='par_1_106' title="bbox 2275 5062 3906 5138">
     <span class='ocr_line' id='line_1_106' title="bbox 2275 5062 3906 5138; baseline 0.002 -21"><span class='ocrx_word' id='word_1_807' title='bbox 2275 5063 2597 5137; x_wconf 81' lang='grc' dir='ltr'>ἐξυπηρετεῖν</span> <span class='ocrx_word' id='word_1_808' title='bbox 2646 5062 2807 5135; x_wconf 77' lang='grc' dir='ltr'>αύτῷ,</span> <span class='ocrx_word' id='word_1_809' title='bbox 2884 5069 2978 5126; x_wconf 88' lang='grc' dir='ltr'>τῆς</span> <span class='ocrx_word' id='word_1_810' title='bbox 3031 5063 3290 5135; x_wconf 82' lang='grc' dir='ltr'>ἁμαρτίας</span> <span class='ocrx_word' id='word_1_811' title='bbox 3349 5063 3501 5116; x_wconf 65' lang='grc' dir='ltr'>αὐτόν</span> <span class='ocrx_word' id='word_1_812' title='bbox 3532 5066 3714 5138; x_wconf 79' lang='grc' dir='ltr'>ὁρῶσα</span> <span class='ocrx_word' id='word_1_813' title='bbox 3762 5064 3906 5121; x_wconf 76' lang='grc' dir='ltr'>δού-</span> 
     </span>
    </p>
   </div>
   <div class='ocr_carea' id='block_1_107' title="bbox 2712 5152 3893 5231">
    <p class='ocr_par' dir='ltr' id='par_1_107' title="bbox 2712 5152 3893 5231">
     <span class='ocr_line' id='line_1_107' title="bbox 2712 5152 3893 5231; baseline 0.004 -27"><span class='ocrx_word' id='word_1_814' title='bbox 2712 5171 2723 5182; x_wconf 91' lang='grc'><strong>·</strong></span> <span class='ocrx_word' id='word_1_815' title='bbox 2760 5152 2865 5204; x_wconf 86' lang='grc' dir='ltr'>ἀλλ’</span> <span class='ocrx_word' id='word_1_816' title='bbox 2927 5152 3183 5205; x_wconf 78' lang='grc' dir='ltr'>ἐκελευσεν</span> <span class='ocrx_word' id='word_1_817' title='bbox 3228 5155 3254 5205; x_wconf 92' lang='grc' dir='ltr'><strong>ό</strong></span> <span class='ocrx_word' id='word_1_818' title='bbox 3299 5158 3531 5216; x_wconf 81' lang='grc' dir='ltr'>Κτίστης</span> <span class='ocrx_word' id='word_1_819' title='bbox 3575 5160 3648 5227; x_wconf 77' lang='grc' dir='ltr'>μή</span> <span class='ocrx_word' id='word_1_820' title='bbox 3721 5155 3893 5231; x_wconf 77' lang='grc' dir='ltr'>ἐξαρ-</span> 
     </span>
    </p>
   </div>
   <div class='ocr_carea' id='block_1_108' title="bbox 2741 5328 3901 5403">
    <p class='ocr_par' dir='ltr' id='par_1_108' title="bbox 2741 5328 3901 5403">
     <span class='ocr_line' id='line_1_108' title="bbox 2741 5328 3901 5403; baseline 0.005 -20"><span class='ocrx_word' id='word_1_821' title='bbox 2741 5330 2762 5364; x_wconf 80' lang='grc'>⁴</span> <span class='ocrx_word' id='word_1_822' title='bbox 2803 5328 2963 5385; x_wconf 87' lang='lat' dir='ltr'><strong>Psal.</strong></span> <span class='ocrx_word' id='word_1_823' title='bbox 3004 5344 3188 5401; x_wconf 81' lang='lat' dir='ltr'><strong>Lxxu,</strong></span> <span class='ocrx_word' id='word_1_824' title='bbox 3224 5331 3277 5384; x_wconf 88' lang='lat'><strong>7.</strong></span> <span class='ocrx_word' id='word_1_825' title='bbox 3357 5330 3377 5366; x_wconf 79' lang='grc'>⁸</span> <span class='ocrx_word' id='word_1_826' title='bbox 3423 5333 3597 5387; x_wconf 85' lang='lat' dir='ltr'><strong>Rom.</strong></span> <span class='ocrx_word' id='word_1_827' title='bbox 3630 5344 3759 5403; x_wconf 74' lang='lat' dir='ltr'><strong>VIII,</strong></span> <span class='ocrx_word' id='word_1_828' title='bbox 3797 5334 3901 5389; x_wconf 73' lang='grc'><strong>21.</strong></span> 
     </span>
    </p>
   </div>
   <div class='ocr_carea' id='block_1_109' title="bbox 2069 5553 2290 5613">
    <p class='ocr_par' dir='ltr' id='par_1_109' title="bbox 2069 5553 2290 5613">
     <span class='ocr_line' id='line_1_109' title="bbox 2069 5553 2290 5613; baseline -0.014 0"><span class='ocrx_word' id='word_1_829' title='bbox 2069 5560 2111 5613; x_wconf 84' lang='grc' dir='ltr'><strong>Ν</strong></span> <span class='ocrx_word' id='word_1_830' title='bbox 2118 5553 2290 5613; x_wconf 77' lang='grc' dir='ltr'>ΟΤιΕ.</span> 
     </span>
    </p>
   </div>
   <div class='ocr_carea' id='block_1_110' title="bbox 566 5694 1155 5775">
    <p class='ocr_par' dir='ltr' id='par_1_110' title="bbox 566 5694 1155 5775">
     <span class='ocr_line' id='line_1_110' title="bbox 566 5694 1155 5775; baseline -0.002 -23"><span class='ocrx_word' id='word_1_831' title='bbox 566 5698 679 5775; x_wconf 75' lang='grc'><strong>(78)</strong></span> <span class='ocrx_word' id='word_1_832' title='bbox 712 5696 876 5755; x_wconf 92' lang='lat' dir='ltr'><strong>Colb.</strong></span> <span class='ocrx_word' id='word_1_833' title='bbox 906 5711 1009 5769; x_wconf 90' lang='lat' dir='ltr'><strong>pro</strong></span> <span class='ocrx_word' id='word_1_834' title='bbox 1039 5694 1155 5751; x_wconf 77' lang='grc' dir='ltr'>υἱοῦ</span> 
     </span>
    </p>
   </div>
   <div class='ocr_carea' id='block_1_111' title="bbox 2330 5687 3089 5764">
    <p class='ocr_par' dir='ltr' id='par_1_111' title="bbox 2330 5687 3089 5764">
     <span class='ocr_line' id='line_1_111' title="bbox 2330 5687 3089 5764; baseline 0 -21"><span class='ocrx_word' id='word_1_835' title='bbox 2330 5690 2419 5763; x_wconf 84' lang='grc'><strong>79)</strong></span> <span class='ocrx_word' id='word_1_836' title='bbox 2450 5692 2521 5764; x_wconf 78' lang='grc' dir='ltr'>μή</span> <span class='ocrx_word' id='word_1_837' title='bbox 2555 5687 2755 5745; x_wconf 84' lang='lat' dir='ltr'><strong>addidi</strong></span> <span class='ocrx_word' id='word_1_838' title='bbox 2786 5702 2857 5745; x_wconf 84' lang='lat' dir='ltr'><strong>ex</strong></span> <span class='ocrx_word' id='word_1_839' title='bbox 2890 5689 2969 5746; x_wconf 89' lang='lat' dir='ltr'><strong>Co</strong></span> <span class='ocrx_word' id='word_1_840' title='bbox 3002 5687 3089 5745; x_wconf 92' lang='lat' dir='ltr'><strong>1b.</strong></span> 
     </span>
    </p>
   </div>
  </div>
