3926 6190
161 290 242 346 841
1157 285 1262 339 AD-
1291 279 1827 340 AMPHILOCHIUM
1870 281 2195 350 QUIESTIO
2233 282 2421 340 CLXI.

3341 281 3446 340 842

155 416 325 466 νεῖσθαι
349 417 425 463 τόν
460 406 770 481 παραϐάτην,
810 407 915 459 ἀλλ’
963 405 1315 462 ἐπιδεικνύναι
1367 414 1458 460 τοῦ
1505 412 1680 459 κοινοῦ

1896 423 2093 479 legare
2119 408 2264 480 legis
2295 408 2668 472 violatorem,
2689 405 2795 462 sed
2825 404 3026 478 potius
3056 403 3446 478 locupletissi-

153 508 368 556 Δεσπότου
409 504 493 557 τὴν
547 500 756 570 ἄφθονον
812 503 992 572 χάριν,
1024 505 1110 550 καὶ
1161 502 1219 550 τό
1251 508 1345 558 τῆς
1385 497 1681 572 εὐεργεσίας

153 593 410 662 ἀμετάθετον
459 606 469 617 ·
517 586 934 658 ἐπαγγειλάμενος
983 593 1072 640 καὶ
1124 597 1185 660 τῇ
1256 593 1445 650 κτίσει,
1501 589 1678 658 ὅτιπερ

150 680 547 750 ἀνακαινιζομὲνου
622 683 709 728 καὶ
775 676 1198 749 ἐλευθερουμένου
1256 685 1348 729 τοῦ
1403 678 1682 748 φθαρέντος

149 775 220 820 καί
280 766 763 838 αἰχμαλωτισθέντας
837 765 1108 838 ἀνθρώπου
1186 765 1681 822 ἀνακαινισθήσεται

145 863 215 909 καὶ
238 861 349 908 αὕτη
379 877 390 889 ο
426 858 602 907 ὡσανεὶ
631 854 795 926 ἔλεγεν
824 876 836 887 ο
867 854 1087 908 ’Έπεσεν
1135 857 1164 912 ὴ
1211 855 1379 919 εἰκὼν,
1431 858 1521 905 καὶ
1565 853 1680 904 ὠλί-

146 948 301 1002 σθησεν
349 940 432 996 διὰ
481 948 570 1000 τὴν
617 941 937 1016 παράϐασιν,
981 948 1069 994 καὶ
1123 945 1381 1015 φθείρεται
1434 939 1528 993 διὰ
1588 946 1680 997 τὴν

145 1037 365 1104 παρακοήν
416 1052 428 1064 ο
487 1029 721 1102 ἀνάσχου
774 1028 1057 1082 δουλεῦσαι
1124 1039 1184 1103 τῇ
1260 1038 1349 1083 τοῦ
1404 1032 1682 1103 φθαρέντος

143 1125 290 1195 φθορᾷ,
329 1123 403 1173 ἶνα
443 1123 556 1173 ὅταν
604 1120 756 1172 αὐτόν
811 1119 1130 1182 ἀνακαινίζω
1171 1125 1261 1178 τὴν
1309 1120 1436 1191 ἐμὴν
1487 1118 1677 1184 εἰκόνα,

140 1215 207 1263 τόν
253 1213 482 1283 φθαρέντα
528 1210 813 1282 ἄνθρωπον,
847 1214 940 1260 σύν
999 1210 1138 1280 αὐτῷ
1176 1215 1262 1261 καὶ
1310 1212 1366 1261 σε
1423 1213 1516 1266 τὴν
1571 1211 1682 1258 κτί-

141 1320 202 1352 σιν
262 1299 573 1364 ἀνακαινίσω,
634 1303 723 1350 καὶ
793 1299 1068 1373 σύνθρονον
1118 1297 1277 1350 αὐτοῦ
1351 1305 1442 1356 τῆς
1520 1293 1679 1358 δόξης

138 1393 304 1446 ποιήσω
367 1406 378 1420 ⁸
433 1389 904 1459 συγκατεσπάσθης
969 1387 1126 1438 αὐτοῦ
1191 1393 1252 1458 τῇ
1331 1387 1676 1459 ταλαιπωρία,

137 1481 452 1550 σνναναστὴση
499 1485 558 1548 τῇ
595 1473 748 1548 δόξῃ.
783 1481 845 1529 Τί
894 1471 952 1527 δέ
1001 1474 1113 1527 ἐστι
1154 1479 1212 1527 τό
1242 1479 1333 1533 τὴν
1364 1479 1532 1526 κτίσιν
1564 1477 1679 1546 φεύ-

132 1585 215 1635 γειν
240 1571 320 1624 τὴν
340 1574 424 1618 τοῦ
455 1565 726 1637 ἀνθρώπου
762 1562 1108 1630 δεσποτείαν;
1144 1568 1296 1632 Λέγει
1347 1567 1470 1635 γὰρ,
1533 1586 1554 1612 ε
1599 1570 1672 1635 Τῇ

128 1659 394 1724 ματαιότητι
429 1657 455 1713 ἡ
489 1660 662 1716 κτίσις
685 1653 788 1725 οὐχ
819 1655 1075 1724 ὑπετάγη.
1115 1675 1134 1701 ν
1164 1658 1292 1724 Ποία
1320 1657 1674 1726 ματαιότητι;

1793 513 1955 552 mam
1970 501 2312 554 communis
2329 498 2558 554 Domini
2573 495 2848 566 gratiam,
2866 493 3447 568 beneﬁcentiamque

1792 585 2223 644 immutabilem
2265 588 2675 643 demonstrare
2716 585 2880 640 illam
2927 583 3208 654 jubebat;
3251 584 3445 642 eidem

1792 681 2073 732 creaturae
2117 677 2432 747 pollicitus,
2468 676 2590 731 fore
2623 682 2702 739 ut,
2740 673 2837 729 ubi
2867 673 3049 728 homo
3080 672 3345 744 perditus
3388 679 3444 730 et

1791 765 2058 836 captivus
2098 773 2437 832 renovatus,
2465 769 2523 821 et
2547 766 2608 821 in
2639 766 2937 833 integrum
2969 763 3272 818 restitutus
3313 763 3446 818 fue-

1793 855 1882 924 rit,
1916 856 2043 928 ipsa
2068 871 2305 928 quoque
2337 859 2690 921 renovetur;
2724 852 2899 926 quasi
2943 853 3198 908 diceret:
3236 853 3449 910 cecidit

1791 944 2014 1014 imago.
2058 952 2114 1000 et
2146 950 2388 1017 peccato
2419 960 2527 1000 suo
2569 943 2804 1008 defecit,
2839 957 3064 1014 perque
3096 941 3448 998 inobedien-

1793 1033 1935 1088 tiam
1967 1050 2140 1089 suam
2173 1034 2453 1104 perditur.
2487 1031 2947 1102 Sustineitaque
2979 1031 3200 1085 servire
3231 1031 3443 1102 perditi

1791 1122 1943 1177 illius
1985 1123 2373 1195 corruptioni,
2417 1130 2500 1188 ut,
2542 1121 2788 1196 quando
2841 1120 3170 1189 imaginem
3219 1135 3439 1190 meam,

1791 1210 2096 1266 hominem
2123 1211 2289 1266 illum
2320 1211 2634 1282 perditum,
2666 1223 3053 1272 renovavero,
3085 1212 3140 1262 et
3170 1213 3245 1273 te,
3275 1223 3440 1264 crea-

1790 1305 2006 1364 turam,
2049 1315 2168 1354 una
2215 1315 2350 1354 cum
2407 1299 2539 1371 ipso
2588 1313 2894 1364 renovem,
2941 1295 3264 1368 gloriaeque
3309 1297 3439 1368 ejus

1790 1393 2124 1444 consortem
2163 1389 2442 1444 efﬁciam.
2479 1391 2561 1443 Tu
2599 1385 2863 1460 quidem,
2895 1401 3028 1458 qua:
3059 1401 3164 1457 per
3197 1385 3439 1442 calami-

1789 1481 1969 1533 tatem
1999 1478 2124 1548 ejus
2154 1478 2329 1533 simul
2358 1477 2643 1549 depressa
2673 1493 2760 1541 es,
2802 1475 3003 1547 gloriae
3034 1490 3272 1546 quoque
3311 1475 3442 1546 ejus

1789 1566 2076 1637 particeps
2104 1581 2398 1635 resurges.
2433 1565 2585 1631 Quid
2616 1580 2757 1621 vero
2785 1563 2930 1619 illud
2964 1562 3076 1618 sibi
3103 1562 3246 1628 vult,
3275 1563 3440 1635 quod

1787 1660 2055 1710 creatura
2089 1655 2342 1712 hominis
2371 1654 2706 1710 dominium
2733 1652 3034 1721 refugiat?
3063 1653 3156 1707 Ait
3184 1651 3436 1710 scilicet:

131 1745 223 1813 'A?’
259 1744 310 1794 οὗ
336 1743 390 1794 ἂν
430 1743 654 1817 ἐκτραπῇ
685 1745 711 1794 6
741 1745 1011 1818 ἅνθρωπος
1058 1751 1149 1794 τοῦ
1193 1750 1347 1807 Θεοῦ,
1389 1747 1676 1812 ματαιότης

1890 1750 2121 1800 reatura
2161 1744 2399 1801 vanitati
2429 1759 2548 1799 non
2577 1747 2663 1799 est
2693 1742 2984 1812 subjecta.
3021 1761 3048 1791 »
3079 1740 3181 1796 Cui
3208 1741 3440 1796 vanita-

128 1832 328 1886 κκλεῑται.
376 1833 624 1886 Ἀκουσον
682 1832 967 1902 ψάλλοντος
1043 1828 1208 1884 Δαϐίδ
1265 1846 1279 1862 ⁸
1337 1852 1364 1878 ι(
1421 1831 1557 1888 Πλὴν
1610 1835 1676 1882 τὰ

131 1925 359 1990 σύμπαντα
403 1927 689 1992 ματαιότης
779 1927 875 1980 πᾶς
918 1922 1182 1992 ἄνθρωπος
1275 1921 1397 1980 ζῶν.
1475 1942 1502 1968 ι)
1567 1925 1676 1981 Πᾶς

125 2012 340 2081 ἄνθρωπος
390 2013 604 2083 μάταιός
650 2013 807 2071 ἐστιν,
866 2012 892 2062 ό
945 2014 1030 2063 τόν
1090 2014 1212 2063 Θεὸν
1273 2009 1673 2080 καταλιμπάνων

124 2104 190 2150 καὶ
213 2103 267 2150 τὰ
299 2103 485 2170 μάταια
535 2097 874 2172 μεταδιώκων
932 2116 945 2130 ο
997 2103 1213 2157 ἔστησεν
1257 2100 1282 2150 ό
1337 2103 1462 2159 Θεὸς
1522 2099 1673 2169 ἀγγέ-

122 2185 344 2250 λουςκατὰ
363 2193 423 2240 τὰ
477 2189 707 2261 κλίματα
757 2190 867 2260 (80)
927 2196 1021 2250 τῆς
1069 2189 1370 2259 οἰκουμένης
1408 2190 1492 2240 ἕνα
1552 2190 1670 2240 ἐκα-

122 2295 214 2327 στον
259 2276 613 2352 ἐπιτροπεύειν,
673 2281 738 2338 ως
785 2283 875 2329 καὶ
941 2283 1135 2338 Μωσῆς
1181 2277 1317 2348 λέγει
1365 2278 1500 2348 (81),
1563 2277 1672 2340 ἑνός

604 2371 797 2426 ἔστησε
825 2364 903 2429 δε,
959 2369 1041 2418 ἱνα
1087 2374 1180 2424 τὴν
1239 2366 1452 2438 ἄψυχον
1499 2371 1668 2418 κτίσιν

117 2454 449 2524 χαλινώσωσιν,
478 2457 645 2522 ἣλιον,
680 2461 769 2508 καὶ
823 2455 1061 2522 σελήνην,
1090 2461 1180 2508 καὶ
1248 2456 1536 2518 θάλασσαν,
1578 2460 1667 2508 καὶ

121 2365 296 2418 ἑκάστου
321 2369 485 2430 ἔθνους
528 2383 542 2398 ⁸

115 2551 206 2608 γῆν,
233 2549 309 2596 καὶ
330 2549 390 2596 τὰ
445 2545 490 2597 ἐν
549 2545 732 2606 αὐτοῖς
793 2546 1064 2618 ὑπηρετεῖν
1125 2553 1186 2616 τῇ
1246 2551 1338 2596 τοῦ
1391 2543 1663 2618 ἀνθρώπου

113 2628 370 2689 ἀπολαύσει.
411 2634 574 2687 Πάλιν
629 2637 676 2686 οἱ
715 2633 926 2705 ἄγγελοι
983 2633 1268 2705 ἐτρύχοντο
1318 2635 1662 2704 ύπηρετούμε-

112 2738 168 2769 νοι
207 2720 408 2785 ἀναξίοις
446 2729 535 2776 καὶ
584 2720 742 2785 δίκης
793 2722 994 2794 ἐνόχοις
1042 2724 1331 2794 ἀνθρώποις
1387 2744 1399 2756 υ
1452 2727 1542 2773 καὶ
1569 2723 1666 2794 μά-

110 2805 229 2860 λιστα
267 2812 468 2884 ὁρῶντες
517 2812 712 2874 αὐτούς
792 2816 886 2870 τὴν
963 2817 1280 2870 Δεσποτικὴν
1361 2809 1508 2874 ἀξίαν
1557 2819 1664 2872 τοῖς

1281 2902 1448 2973 ἔφερεν
1517 2903 1545 2958 ἡ
1596 2907 1660 2970 γὴ

109 2991 173 3036 τόν
195 2985 328 3052 οἶκον,
361 2995 443 3042 καὶ
471 2993 518 3043 οἱ
553 2989 732 3064 βωμοὶ
772 2991 872 3052 τὰς
926 2987 1154 3049 σπονδὰς
1184 2986 1430 3060 ἐδέχοντο
1487 3008 1500 3020 ·
1551 2995 1665 3049 τοὺς

108 3075 252 3139 illm};
297 3085 520 3153 καρπούς
576 3086 666 3132 καὶ
718 3086 826 3140 τοῖς
871 3077 1105 3139 εἰδώλοις
1189 3077 1469 3131 ἀνετίθεντο
1507 3096 1517 3109 ·

109 3172 222 3216 τοῦτο
255 3165 572 3241 ἐδυσφόρουν
615 3171 664 3221 οἰ
715 3168 927 3240 ἄγγελοι
1003 3171 1070 3220 τὰ
1129 3173 1200 3239 μὴ
1261 3172 1380 3219 ὄντα
1450 3169 1664 3240 ὁρῶντες

946 3255 1169 3309 ἐντεῦθεν
1226 3256 1426 3326 λέγεται
1486 3259 1662 3309 καὶτὸ

110 2893 296 2961 εἰδώλοις
353 2900 670 2963 ἀνάπτοντας
713 2906 802 2953 καὶ
848 2899 1167 2972 ἀνιεροῦντας
1217 2917 1230 2930 ⁶

109 3251 195 3304 ἀντὶ
231 3265 311 3308 τοῦ
357 3263 498 3320 ὄντος
531 3264 804 3329 τιμώμενα
852 3275 864 3289 ·

108 3342 238 3412 ἕτερον
273 3347 475 3419 ζήτημα
562 3351 622 3399 τό
691 3347 757 3407 εἰς
809 3350 894 3398 τὸν
951 3353 1220 3418 προφήτην
1273 3345 1661 3418 ἀναφερόμενον.

105 3449 126 3478 (ι
163 3431 319 3486 Ἦλθεν
375 3441 499 3509 πρὸς
560 3436 738 3499 αὐτὸν,
801 3440 976 3507 φησὶν,
1033 3437 1058 3486 ό
1120 3435 1338 3505 ἄγγελος
1408 3434 1656 3509 Γαϐριὴλ,

104 3521 466 3594 uilis/ua:ka
513 3545 525 3557 -
582 3525 790 3591 Δανιὴλ,
840 3526 864 3576 ό
905 3522 1092 3584 δοῦλος
1139 3530 1230 3576 τοῦ
1272 3531 1427 3591 Θεοῦ,
1486 3522 1568 3596 ἀφ’
1607 3525 1667 3584 ἧς

104 3609 258 3680 ἠμέρας
303 3617 523 3685 προέθου
585 3622 826 3666 κακῶσαι
865 3617 959 3671 τὴν
1005 3612 1187 3683 ψυχήν
1241 3631 1334 3664 σου
1371 3614 1535 3664 ἔναντι
1568 3618 1666 3664 Κυ-

103 3701 204 3764 ρίου,
235 3701 545 3762 εἰσηκούσθη
574 3705 603 3760 ὴ
640 3699 816 3764 δέησίς
868 3721 987 3764 σου,
1036 3708 1126 3754 καὶ⁵
1169 3699 1464 3758 ἀπεστάλην
1497 3699 1663 3770 ἀπαγ-

101 3786 233 3853 γεῖλαί
261 3809 337 3842 σοι
378 3794 442 3844 τὰ
491 3793 712 3867 ῥήματα
735 3798 901 3843 ταῦτα
957 3811 968 3823 ·
1006 3789 1109 3841 ἀλλ’
1162 3791 1186 3842 ό
1217 3791 1400 3862 ἄρχων
1453 3797 1547 3851 τῆς
1570 3788 1666 3861 βα-

102 3874 258 3939 σιλείας
287 3886 488 3954 Περσῶν
513 3881 736 3938 ἀντέστη
778 3899 888 3952 μοι,
933 3879 976 3932 εἰ
1017 3884 1088 3951 μὴ
1135 3878 1376 3949 Μιχαὴλ,
1406 3879 1431 3928 6
1477 3880 1660 3950 ἄρχων

102 3971 169 4013 τοῦ
190 3967 346 4030 ἔθνους
369 3970 534 4040 ὑμῶν,
588 3966 737 4027 ἦλθεν
786 3968 857 4029 εἰς
907 3966 1177 4040 βοήθειαν.
1239 3989 1266 4016 ››
1330 3966 1664 4039 Ἀπορὴσειεν

99 4055 176 4124 γὰρ
201 4057 254 4105 ἄν
288 4077 378 4120 τις,
412 4059 456 4110 εἰ
487 4061 513 4110 6
571 4065 668 4118 τῆς
713 4054 969 4132 Περσίδος
1023 4056 1370 4127 ἐπιτροπεύων
1447 4057 1666 4126 ἄγγελος

100 4146 209 4213 παρὰ
230 4149 346 4198 Θεοῦ
371 4146 731 4220 ἐπιτροπεύειν
767 4152 1027 4208 τέτακται,
1084 4148 1336 4206 ὡσαύτως
1389 4141 1447 4196 δὲ
1506 4151 1593 4197 καὶ
1639 4147 1663 4196 6

99 4230 302 4302 Γαϐριὴλ,
332 4241 634 4308 ἀνακομίων
689 4236 802 4305 (82)
850 4240 936 4286 τόν
984 4233 1197 4306 Ἰσραὴλ
1249 4241 1345 4294 τῆς
1393 4233 1665 4305 αἰχμαλω-

100 4323 191 4382 σίας
210 4328 339 4397 παρὰ
395 4335 534 4379 Θεοῦ
569 4323 910 4388 ἀπέσταλται,
957 4333 1061 4382 πῶς
1115 4327 1255 4392 αὐτῷ
1298 4331 1398 4374 τῶν
1456 4329 1664 4393 Περσῶν

96 4408 284 4482 ὸᾶρχων
314 4414 600 4468 ἀνθίστατο
633 4432 646 4478 ;

95 4493 212 4548 ὧδε·
257 4501 311 4552 Ὀ
375 4510 579 4575 κόσμος
632 4499 1055 4574 εἰδωλολατρείας
1109 4499 1460 4574 ἐπεπλήρωτο.
1513 4500 1664 4553 Οἰδε

93 4585 284 4654 ἄγγελοι,
321 4594 369 4644 οἱ
426 4592 712 4664 ἐφεστῶτες
748 4602 844 4643 τῶν
914 4590 1084 4658 ἐθνῶν,
1144 4591 1517 4660 ἠγανάκτησαν
1575 4595 1664 4642 καὶ

95 4670 316 4731 ἐθλίϐοντο
348 4699 359 4708 ·
395 4680 734 4752 αἰχμάλωτος
776 4677 834 4732 δε
873 4679 1061 4737 Δανιὴλ
1090 4679 1156 4738 εἰς
1211 4677 1496 4732 Βαϐυλῶνα
1537 4681 1666 4748 μετά

92 4771 170 4813 τῶν
212 4768 471 4841 ὁμοφύλων
518 4768 782 4840 ἀπαχθεὶς
828 4773 922 4827 τὴν
983 4771 1297 4839 θεογνωσίαν
1346 4766 1618 4839 ἐκήρυττεν
1649 4784 1661 4796 ·

92 4854 305 4919 ὡσαύτως
337 4863 428 4911 καὶ
474 4860 526 4910 οἱ
569 4865 707 4931 τρεῖς
755 4854 960 4922 παῖδες,
1017 4855 1103 4918 οὓς
1131 4858 1189 4908 τό
1219 4863 1322 4929 πῦρ
1369 4856 1441 4916 εἰς
1487 4855 1664 4927 ἱλαρὰς

92 4942 225 5012 αὔρας
272 4950 364 5004 τὴν
417 4950 710 5004 καυστικὴν
769 4943 991 5016 δύναμιν
1065 4943 1292 5016 ἀμεῖψαν
1334 4942 1593 5016 ἀνέψυχεν
1647 4961 1659 4975 °

92 5024 160 5080 διὸ
186 5039 266 5086 καὶ
307 5035 530 5096 πολλοὺς
573 5042 668 5097 τῆς
738 5031 1013 5097 εἰδωλικῆς
1061 5038 1484 5106 μεταστήσαντες
1533 5033 1662 5085 πλά-

146 5244 165 5278 τ
195 5246 334 5305 Psal.
365 5265 618 5316 xxxvut,
643 5255 695 5306 5.

1788 1833 1874 1888 ti?
1909 1833 2368 1905 Quamprimum
2409 1833 2592 1889 homo
2623 1849 2655 1887 a
2694 1834 2813 1887 Deo
2847 1845 2910 1885 se
2948 1831 3173 1895 avertit,
3208 1829 3441 1886 vanitas

1787 1928 2050 1978 vocatur.
2085 1923 2237 1978 Audi
2268 1921 2557 1978 Davidem
2607 1924 2922 1977 canentem
2955 1937 2968 1975 :
3021 1941 3042 1968 ι
3090 1918 3203 1975 Sed
3233 1918 3440 1974 omnia

1789 2013 2034 2078 vanitas,
2067 2012 2264 2067 omnis
2305 2012 2479 2067 homo
2511 2010 2716 2066 vivens
2746 2011 2788 2063 ⁷.
2821 2030 2846 2060 ››
2891 2007 3096 2064 Omnis
3126 2007 3304 2063 homo
3339 2023 3440 2064 va-

1783 2116 1894 2156 nus
1926 2105 2034 2164 est,
2078 2101 2178 2172 qui
2241 2102 2422 2156 Deum
2480 2097 2715 2162 deserit,
2744 2102 2802 2153 et
2849 2111 3006 2152 vana
3057 2100 3434 2152 consectans.

1785 2191 1938 2244 Deus
1969 2189 2216 2258 angelos
2240 2204 2346 2260 per
2375 2187 2570 2244 varias
2599 2186 2761 2241 orbis
2794 2191 2994 2257 partes
3025 2183 3342 2257 disposuit,
3373 2188 3437 2240 ut

1782 2277 1998 2346 singuli
2029 2293 2258 2347 eorum,
2279 2276 2443 2349 quod
2469 2282 2523 2331 et
2540 2279 2726 2332 Moses
2758 2273 2858 2337 ait,
2881 2272 3131 2342 singulis
3157 2272 3436 2343 gentibus

1779 2367 2043 2438 praesint.
2079 2366 2394 2422 Constituit
2416 2381 2558 2420 vero
2597 2363 2752 2433 ideo,
2781 2367 2843 2418 ut
2873 2366 3210 2418 creaturam
3242 2359 3433 2418 inani-

1779 2461 2004 2512 matam
2053 2459 2375 2520 coerceant,
2423 2453 2634 2522 solem,
2682 2456 2738 2508 et
2796 2452 3016 2520 lunam,
3047 2456 3104 2506 et
3150 2465 3336 2516 mare,
3378 2455 3436 2506 et

1779 2551 2017 2608 terram,
2036 2550 2103 2600 ut
2123 2560 2257 2616 qua:
2279 2544 2338 2599 in
2357 2543 2470 2599 illis
2494 2547 2652 2607 sunt,
2680 2541 2984 2597 hominum
3019 2539 3227 2595 usibus
3249 2540 3435 2596 inser-

1778 2635 1958 2691 viant.
1980 2635 2068 2690 Ab
2094 2634 2276 2690 altera
2299 2637 2459 2705 parte
2487 2631 2775 2687 dolebant
2813 2629 3031 2699 angeli,
3087 2628 3434 2685 hominibus

1775 2723 2039 2792 indignis
2073 2737 2387 2795 poenaque
2426 2720 2703 2777 obnoxiis
2756 2719 3098 2782 servientes,
3133 2717 3194 2773 in
3225 2717 3434 2790 primis

1777 2829 1914 2868 cum
1954 2811 2239 2874 viderent,
2273 2827 2375 2866 eos
2430 2809 2663 2866 Domini
2709 2807 3057 2878 dignitatem
3090 2805 3432 2878 cultumque

1776 2901 1836 2956 in
1893 2901 2056 2956 idola
2108 2899 2424 2955 transferre
2474 2902 2532 2954 et
2577 2901 2944 2954 convertere.
2985 2895 3160 2950 Terra
3203 2893 3433 2950 ferebat

1779 2989 2005 3053 vinum,
2028 2989 2236 3044 altaria
2268 3002 2410 3043 vero
2438 2986 2844 3042 desastrorum
2865 2983 3148 3039 libamina
3177 2983 3432 3055 excipie-

1572 3076 1664 3131 διὰ
1699 3080 1743 3138 C
1780 3079 1940 3144 bant,
1991 3078 2140 3133 sicut
2169 3083 2224 3132 et
2249 3075 2397 3133 alios
2419 3074 2643 3130 fructus
2666 3072 2844 3128 idolis
2871 3087 3076 3128 sacros
3105 3087 3234 3127 esse
3254 3071 3431 3143 jube-

1778 3169 1934 3232 bant,
1960 3169 2128 3236 lEgre
2153 3166 2346 3237 itaque
2368 3163 2637 3220 ferebant
2655 3161 2872 3230 angeli,
2892 3175 2964 3217 ea
2977 3175 3108 3231 qum
3127 3175 3247 3216 non
3267 3165 3428 3230 sunt,

1776 3272 1882 3327 pro
1921 3271 2014 3321 eo,
2055 3255 2159 3328 qui
2199 3261 2308 3318 est,
2341 3253 2454 3308 coli
2501 3250 2790 3308 videntes.
2823 3250 2967 3304 Hinc
2996 3247 3338 3321 intelligitur
3375 3256 3430 3306 et

1777 3346 2028 3401 alterum
2053 3344 2198 3400 illud
2230 3341 2572 3416 quesitum,
2607 3339 2774 3412 quod
2799 3338 2876 3394 ad
2907 3338 3265 3410 prophetam
3296 3354 3430 3412 spe-

1774 3438 1896 3490 ctat
1929 3450 1941 3487 :
2000 3453 2027 3485 ‹‹
2059 3432 2228 3488 Venit
2271 3430 2349 3487 ad
2394 3429 2584 3496 illum,
2616 3427 2828 3500 inquit,
2861 3425 3110 3497 angelus
3169 3425 3426 3490 Gabriel,

1775 3523 2035 3595 dicitque
2061 3521 2139 3577 illi
2163 3537 2176 3576 :
2209 3519 2434 3585 Daniel,
2461 3533 2628 3575 serve
2653 3517 2768 3587 Dei,
2802 3531 2870 3572 ex
2893 3531 3016 3588 quo
3037 3515 3134 3571 die
3159 3517 3426 3573 animam

1779 3620 1942 3669 tuam
1974 3627 2176 3667 coram
2227 3609 2481 3666 Domino
2537 3607 2802 3679 afﬂigere
2847 3605 3118 3671 statuisti,
3151 3605 3430 3662 exaudita

1775 3707 1861 3757 est
1887 3700 2149 3773 precatio
2177 3705 2298 3764 tua,
2328 3713 2560 3770 egoque
2592 3697 2814 3752 missus
2839 3711 2998 3757 sum,
3021 3698 3082 3750 ut
3105 3693 3212 3750 tibi
3242 3694 3428 3750 verba

1775 3792 1902 3846 haec
1949 3789 2304 3845 renuntiem.
2347 3788 2462 3844 Sed
2513 3801 2698 3856 regno
2756 3783 3068 3840 Persarum
3114 3781 3428 3855 praefectus

1775 3879 2081 3934 restitisset
2136 3877 2304 3944 mihi,
2359 3875 2470 3932 nisi
2524 3872 2783 3934 Michael,
2835 3873 2939 3945 qui
2997 3873 3156 3944 genti
3219 3877 3430 3928 vestrae

1777 3973 2006 4040 praeest,
2034 3966 2254 4023 auxilio
2280 3964 2535 4020 venisset
2565 3965 2587 3998 ⁸
2612 3984 2660 4018 .»
2687 3961 2787 4018 Hic
2809 3961 3167 4016 dubitaverit
3188 3960 3426 4032 aliquis,

1773 4059 1876 4129 qui
1915 4056 2040 4111 fieri
2072 4055 2348 4126 potuerit,
2383 4053 2430 4107 si
2463 4051 2734 4120 angelus,
2767 4049 2984 4105 Persius
3011 4048 3351 4120 praefectus,
3393 4063 3430 4104 a

1778 4147 1914 4210 Deo,
1947 4149 2009 4199 ut
2049 4143 2130 4199 illi
2160 4147 2460 4215 praeesset,
2485 4139 2870 4203 constitutus,
2906 4136 3296 4209 similiterque
3323 4137 3432 4193 Ga-

1773 4233 1921 4289 briel
1951 4233 2027 4288 ad
2054 4231 2322 4287 Israelem
2353 4245 2425 4285 ex
2469 4228 2804 4300 captivitate
2843 4225 3253 4282 reducendum
3283 4226 3426 4282 mis-

1775 4339 1874 4376 sus
1905 4321 2096 4384 fuerit,
2124 4325 2187 4375 ut
2230 4318 2314 4373 illi
2346 4319 2666 4373 Persarum
2713 4314 3028 4388 praefectus
3079 4313 3427 4371 resisteret?

701 4415 896 4472 Λυθείη
949 4409 999 4465 δ’
1032 4411 1092 4463 ἂν
1151 4416 1207 4464 τὸ
1259 4408 1664 4484 διαπορούμενον
1696 4430 1741 4486 D
1780 4412 2090 4465 Enimvero
2120 4424 2251 4464 omn

1874 4412 2090 4465 imvero
2120 4407 2314 4464 omnis
2345 4407 2474 4462 haec
2506 4404 2801 4461 dubitatio
2826 4402 2998 4460 facile
3029 4403 3114 4458 sic
3141 4403 3424 4475 expedie-

1779 4509 1887 4556 tur.
1920 4501 2098 4554 Totus
2123 4496 2285 4552 orbis
2314 4494 2654 4551 idololatria
2684 4492 2946 4548 scatebat
2987 4511 3000 4551 :
3038 4492 3231 4561 angeli
3260 4507 3426 4558 vero,

1776 4588 2052 4655 gentibus
2081 4584 2360 4658 praefecti,
2386 4582 2856 4654 indignabantur
2880 4587 2936 4638 et
2953 4596 3109 4651 aegre
3131 4596 3256 4637 rem
3285 4580 3428 4638 fere-

1777 4678 1940 4733 bant.
1967 4677 2193 4732 lnterea
2224 4673 2450 4737 Daniel,
2480 4689 2619 4728 cum
2641 4671 2874 4728 civibus
2905 4671 3028 4726 suis
3063 4669 3426 4742 Babylonem

1775 4766 2046 4835 captivus
2067 4763 2282 4819 ductus
2307 4762 2490 4818 divini
2525 4761 2794 4816 Numinis
2821 4760 3224 4829 cognitionem
3247 4759 3430 4816 instil-

1774 4854 1955 4909 labat.
1981 4853 2141 4908 Idem
2164 4850 2467 4908 faciebant
2492 4855 2608 4906 tres
2628 4849 2816 4922 pueri,
2839 4863 2992 4920 quos
3017 4847 3194 4917 ignis,
3214 4847 3428 4904 urendi

1774 4943 2112 4998 facultatem
2145 4957 2283 4996 cum
2308 4939 2584 5013 jucunda
2613 4954 2761 4994 aura
2790 4941 3165 5009 permutans,
3200 4952 3425 4996 recrea-

1774 5032 1880 5088 bat
1905 5033 1948 5084 θ.
1978 5033 2098 5088 Hoc
2127 5030 2282 5088 facto
2300 5029 2494 5086 .iidem
2519 5026 2863 5093 effecerunt,
2899 5031 2965 5086 ut
2993 5025 3182 5096 multi,
3206 5026 3286 5086 ab
3306 5026 3430 5084 ido-

773 5250 794 5285 ⁸
835 5251 984 5306 Dan.
1015 5264 1069 5318 x,
1113 5252 1176 5305 l2
1200 5263 1351 5322 seqq
1424 5248 1447 5284 ⁸
1489 5249 1636 5305 Dan.
1671 5261 1754 5313 ιιι,
1781 5245 1851 5302 25
1881 5261 2048 5320 seqq.

1635 5415 1862 5473 NOTAE.

166 5601 246 5677 βο)
265 5603 363 5677 _l_ta
388 5603 588 5677 scribo
615 5619 725 5677 pro
763 5602 1022 5677 κλήματα.

162 5672 244 5742 8t)
265 5674 463 5731 Mosen
499 5675 555 5730 id
585 5672 828 5748 quidem
847 5672 1042 5730 dicere
1071 5689 1190 5730 non
1220 5672 1488 5730 memini.

1851 5600 1968 5674 (82)
1999 5602 2088 5657 Sic
2119 5599 2316 5656 scribo
2347 5614 2458 5674 pro
2488 5598 2822 5674 ἀνακομίσω.
