  <div class='ocr_page' id='page_1' title='image "/cluster/home/n/w/nwhite01/storage/ocr_20150623/101/hvd.32044054112305/441.png"; bbox 0 0 3926 6190; ppageno 0'>
   <div class='ocr_carea' id='block_1_1' title="bbox 501 264 606 321">
    <p class='ocr_par' dir='ltr' id='par_1_1' title="bbox 501 264 606 321">
     <span class='ocr_line' id='line_1_1' title="bbox 501 264 606 321; baseline -0.01 0"><span class='ocrx_word' id='word_1_1' title='bbox 501 264 606 321; x_wconf 69' lang='grc'>843</span> 
     </span>
    </p>
   </div>
   <div class='ocr_carea' id='block_1_2' title="bbox 1747 249 3753 319">
    <p class='ocr_par' dir='ltr' id='par_1_2' title="bbox 1747 249 3753 319">
     <span class='ocr_line' id='line_1_2' title="bbox 1747 249 3753 319; baseline -0 -9"><span class='ocrx_word' id='word_1_2' title='bbox 1747 253 1984 310; x_wconf 84' lang='grc' dir='ltr'>ΡΗΟΊἪ</span> <span class='ocrx_word' id='word_1_3' title='bbox 2024 249 2506 307; x_wconf 74' lang='grc' dir='ltr'>ΡΑΤΗΙΑΒΟΗᾸΞ</span> <span class='ocrx_word' id='word_1_4' title='bbox 2548 252 2661 309; x_wconf 85' lang='lat' dir='ltr'>CP.</span> <span class='ocrx_word' id='word_1_5' title='bbox 3680 263 3753 319; x_wconf 61' lang='grc'>844</span> 
     </span>
    </p>
   </div>
   <div class='ocr_carea' id='block_1_3' title="bbox 489 375 2039 454">
    <p class='ocr_par' dir='ltr' id='par_1_3' title="bbox 489 380 2039 448">
     <span class='ocr_line' id='line_1_3' title="bbox 489 380 2039 448; baseline -0.009 -1"><span class='ocrx_word' id='word_1_6' title='bbox 489 389 732 447; x_wconf 74' lang='lat' dir='ltr'>lolatriae</span> <span class='ocrx_word' id='word_1_7' title='bbox 777 400 968 442; x_wconf 91' lang='lat' dir='ltr'>errore</span> <span class='ocrx_word' id='word_1_8' title='bbox 1019 383 1296 448; x_wconf 81' lang='lat' dir='ltr'>revocati,</span> <span class='ocrx_word' id='word_1_9' title='bbox 1366 385 1550 439; x_wconf 92' lang='lat' dir='ltr'>Deum</span> <span class='ocrx_word' id='word_1_10' title='bbox 1598 398 1804 438; x_wconf 90' lang='lat' dir='ltr'>verum</span> <span class='ocrx_word' id='word_1_11' title='bbox 1852 380 2039 436; x_wconf 88' lang='lat' dir='ltr'>colere</span> 
     </span>
    </p>
   </div>
   <div class='ocr_carea' id='block_1_4' title="bbox 2204 375 3754 454">
    <p class='ocr_par' dir='ltr' id='par_1_4' title="bbox 2204 375 3754 454">
     <span class='ocr_line' id='line_1_4' title="bbox 2204 375 3754 454; baseline 0.003 -24"><span class='ocrx_word' id='word_1_12' title='bbox 2204 410 2215 430; x_wconf 62' lang='grc' dir='ltr'>ι</span> <span class='ocrx_word' id='word_1_13' title='bbox 2247 398 2341 438; x_wconf 85' lang='grc' dir='ltr'>νης</span> <span class='ocrx_word' id='word_1_14' title='bbox 2388 378 2637 431; x_wconf 87' lang='grc' dir='ltr'>θεοσεϐεῖν</span> <span class='ocrx_word' id='word_1_15' title='bbox 2668 382 3087 453; x_wconf 73' lang='grc' dir='ltr'>παρεσκεύασαν.</span> <span class='ocrx_word' id='word_1_16' title='bbox 3139 378 3196 431; x_wconf 81' lang='grc' dir='ltr'><strong>Ὀ</strong></span> <span class='ocrx_word' id='word_1_17' title='bbox 3245 375 3329 431; x_wconf 76' lang='grc' dir='ltr'>οὖν</span> <span class='ocrx_word' id='word_1_18' title='bbox 3370 388 3459 442; x_wconf 85' lang='grc' dir='ltr'>τῆς</span> <span class='ocrx_word' id='word_1_19' title='bbox 3514 381 3655 454; x_wconf 79' lang='grc' dir='ltr'>ἀρχῆς</span> <span class='ocrx_word' id='word_1_20' title='bbox 3691 399 3754 440; x_wconf 61' lang='grc' dir='ltr'>τῶν</span> 
     </span>
    </p>
   </div>
   <div class='ocr_carea' id='block_1_5' title="bbox 488 472 2133 547">
    <p class='ocr_par' dir='ltr' id='par_1_5' title="bbox 488 472 2133 547">
     <span class='ocr_line' id='line_1_5' title="bbox 488 472 2133 547; baseline -0.009 -11"><span class='ocrx_word' id='word_1_21' title='bbox 488 481 679 536; x_wconf 89' lang='lat' dir='ltr'>Persis</span> <span class='ocrx_word' id='word_1_22' title='bbox 708 479 902 547; x_wconf 89' lang='lat' dir='ltr'>itaque</span> <span class='ocrx_word' id='word_1_23' title='bbox 960 474 1271 546; x_wconf 69' lang='lat' dir='ltr'>praefectus</span> <span class='ocrx_word' id='word_1_24' title='bbox 1320 474 1568 543; x_wconf 80' lang='lat' dir='ltr'>angelus</span> <span class='ocrx_word' id='word_1_25' title='bbox 1619 472 1939 542; x_wconf 85' lang='lat' dir='ltr'>gaudebat,</span> <span class='ocrx_word' id='word_1_26' title='bbox 1997 485 2133 524; x_wconf 92' lang='lat' dir='ltr'>cum</span> 
     </span>
    </p>
   </div>
   <div class='ocr_carea' id='block_1_6' title="bbox 484 558 2130 634">
    <p class='ocr_par' dir='ltr' id='par_1_6' title="bbox 484 558 2130 634">
     <span class='ocr_line' id='line_1_6' title="bbox 484 558 2130 634; baseline -0.009 -9"><span class='ocrx_word' id='word_1_27' title='bbox 484 570 711 625; x_wconf 79' lang='lat' dir='ltr'>videret</span> <span class='ocrx_word' id='word_1_28' title='bbox 742 570 922 621; x_wconf 88' lang='lat' dir='ltr'>Deum</span> <span class='ocrx_word' id='word_1_29' title='bbox 948 564 1003 618; x_wconf 92' lang='lat' dir='ltr'>in</span> <span class='ocrx_word' id='word_1_30' title='bbox 1038 563 1307 634; x_wconf 86' lang='lat' dir='ltr'>partibus</span> <span class='ocrx_word' id='word_1_31' title='bbox 1340 564 1459 617; x_wconf 84' lang='lat' dir='ltr'>suis</span> <span class='ocrx_word' id='word_1_32' title='bbox 1500 564 1631 619; x_wconf 93' lang='lat' dir='ltr'>loco</span> <span class='ocrx_word' id='word_1_33' title='bbox 1673 562 1966 617; x_wconf 84' lang='lat' dir='ltr'>idolorum</span> <span class='ocrx_word' id='word_1_34' title='bbox 1998 558 2130 614; x_wconf 89' lang='lat' dir='ltr'>coli.</span> 
     </span>
    </p>
   </div>
   <div class='ocr_carea' id='block_1_7' title="bbox 486 647 2131 722">
    <p class='ocr_par' dir='ltr' id='par_1_7' title="bbox 486 647 2131 722">
     <span class='ocr_line' id='line_1_7' title="bbox 486 647 2131 722; baseline -0.008 -8"><span class='ocrx_word' id='word_1_35' title='bbox 486 658 735 713; x_wconf 86' lang='lat' dir='ltr'>Videbat</span> <span class='ocrx_word' id='word_1_36' title='bbox 787 656 879 710; x_wconf 92' lang='lat' dir='ltr'>ille</span> <span class='ocrx_word' id='word_1_37' title='bbox 932 652 1583 708; x_wconf 87' lang='lat' dir='ltr'>Nabuchodonosorem</span> <span class='ocrx_word' id='word_1_38' title='bbox 1654 668 1765 722; x_wconf 90' lang='lat' dir='ltr'>pro</span> <span class='ocrx_word' id='word_1_39' title='bbox 1815 666 1905 713; x_wconf 89' lang='lat' dir='ltr'>eo,</span> <span class='ocrx_word' id='word_1_40' title='bbox 1969 647 2131 720; x_wconf 89' lang='lat' dir='ltr'>quod</span> 
     </span>
    </p>
   </div>
   <div class='ocr_carea' id='block_1_8' title="bbox 485 739 2133 809">
    <p class='ocr_par' dir='ltr' id='par_1_8' title="bbox 485 739 2133 809">
     <span class='ocr_line' id='line_1_8' title="bbox 485 739 2133 809; baseline -0.007 -7"><span class='ocrx_word' id='word_1_41' title='bbox 485 748 625 803; x_wconf 91' lang='lat' dir='ltr'>olim</span> <span class='ocrx_word' id='word_1_42' title='bbox 668 745 783 799; x_wconf 89' lang='lat' dir='ltr'>diis</span> <span class='ocrx_word' id='word_1_43' title='bbox 835 760 1005 798; x_wconf 82' lang='lat' dir='ltr'>sacra</span> <span class='ocrx_word' id='word_1_44' title='bbox 1064 741 1253 796; x_wconf 83' lang='lat' dir='ltr'>facere</span> <span class='ocrx_word' id='word_1_45' title='bbox 1307 741 1577 809; x_wconf 83' lang='lat' dir='ltr'>cogebat,</span> <span class='ocrx_word' id='word_1_46' title='bbox 1616 748 1670 796; x_wconf 88' lang='lat' dir='ltr'>et</span> <span class='ocrx_word' id='word_1_47' title='bbox 1718 739 2133 807; x_wconf 87' lang='lat' dir='ltr'>immorigeros</span> 
     </span>
    </p>
   </div>
   <div class='ocr_carea' id='block_1_9' title="bbox 486 826 2133 903">
    <p class='ocr_par' dir='ltr' id='par_1_9' title="bbox 486 826 2133 903">
     <span class='ocr_line' id='line_1_9' title="bbox 486 826 2133 903; baseline -0.008 -12"><span class='ocrx_word' id='word_1_48' title='bbox 486 834 763 891; x_wconf 84' lang='lat' dir='ltr'>extremis</span> <span class='ocrx_word' id='word_1_49' title='bbox 817 830 1125 903; x_wconf 86' lang='lat' dir='ltr'>suppliciis</span> <span class='ocrx_word' id='word_1_50' title='bbox 1165 829 1534 899; x_wconf 89' lang='lat' dir='ltr'>subjiciebat,</span> <span class='ocrx_word' id='word_1_51' title='bbox 1564 845 1723 883; x_wconf 89' lang='lat' dir='ltr'>nunc</span> <span class='ocrx_word' id='word_1_52' title='bbox 1762 826 2004 883; x_wconf 80' lang='lat' dir='ltr'>tandem</span> <span class='ocrx_word' id='word_1_53' title='bbox 2043 840 2133 879; x_wconf 92' lang='lat' dir='ltr'>ve-</span> 
     </span>
    </p>
   </div>
   <div class='ocr_carea' id='block_1_10' title="bbox 487 914 2130 979">
    <p class='ocr_par' dir='ltr' id='par_1_10' title="bbox 487 914 2130 979">
     <span class='ocr_line' id='line_1_10' title="bbox 487 914 2130 979; baseline -0.007 0"><span class='ocrx_word' id='word_1_54' title='bbox 487 942 605 979; x_wconf 88' lang='lat' dir='ltr'>rum</span> <span class='ocrx_word' id='word_1_55' title='bbox 629 925 810 977; x_wconf 90' lang='lat' dir='ltr'>Deum</span> <span class='ocrx_word' id='word_1_56' title='bbox 837 920 1096 975; x_wconf 79' lang='lat' dir='ltr'>maxime</span> <span class='ocrx_word' id='word_1_57' title='bbox 1120 918 1417 973; x_wconf 89' lang='lat' dir='ltr'>celebrare</span> <span class='ocrx_word' id='word_1_58' title='bbox 1444 923 1499 973; x_wconf 94' lang='lat' dir='ltr'>et</span> <span class='ocrx_word' id='word_1_59' title='bbox 1527 918 1723 973; x_wconf 83' lang='lat' dir='ltr'>dicere</span> <span class='ocrx_word' id='word_1_60' title='bbox 1748 934 1761 971; x_wconf 91' lang='lat'><strong>:</strong></span> <span class='ocrx_word' id='word_1_61' title='bbox 1789 938 1815 967; x_wconf 82' lang='lat'><strong>«</strong></span> <span class='ocrx_word' id='word_1_62' title='bbox 1851 914 2130 977; x_wconf 89' lang='lat' dir='ltr'>Sedrach,</span> 
     </span>
    </p>
   </div>
   <div class='ocr_carea' id='block_1_11' title="bbox 486 1003 2135 1076">
    <p class='ocr_par' dir='ltr' id='par_1_11' title="bbox 486 1003 2135 1076">
     <span class='ocr_line' id='line_1_11' title="bbox 486 1003 2135 1076; baseline -0.007 -7"><span class='ocrx_word' id='word_1_63' title='bbox 486 1013 723 1075; x_wconf 86' lang='lat' dir='ltr'>Misach,</span> <span class='ocrx_word' id='word_1_64' title='bbox 743 1010 1089 1076; x_wconf 83' lang='lat' dir='ltr'>Abdenago,</span> <span class='ocrx_word' id='word_1_65' title='bbox 1115 1007 1269 1062; x_wconf 84' lang='lat' dir='ltr'>servi</span> <span class='ocrx_word' id='word_1_66' title='bbox 1299 1007 1400 1062; x_wconf 92' lang='lat' dir='ltr'>Dei</span> <span class='ocrx_word' id='word_1_67' title='bbox 1422 1007 1635 1062; x_wconf 82' lang='lat' dir='ltr'>excelsi</span> <span class='ocrx_word' id='word_1_68' title='bbox 1666 1009 1711 1041; x_wconf 82' lang='grc'>¹⁰</span> <span class='ocrx_word' id='word_1_69' title='bbox 1742 1024 1811 1070; x_wconf 87' lang='grc'>;››</span> <span class='ocrx_word' id='word_1_70' title='bbox 1848 1003 2135 1060; x_wconf 91' lang='lat' dir='ltr'>etsimilia</span> 
     </span>
    </p>
   </div>
   <div class='ocr_carea' id='block_1_12' title="bbox 486 1096 2135 1176">
    <p class='ocr_par' dir='ltr' id='par_1_12' title="bbox 486 1096 2135 1176">
     <span class='ocr_line' id='line_1_12' title="bbox 486 1096 2135 1176; baseline -0.007 -18"><span class='ocrx_word' id='word_1_71' title='bbox 486 1104 682 1176; x_wconf 91' lang='lat' dir='ltr'>plura.</span> <span class='ocrx_word' id='word_1_72' title='bbox 732 1100 1027 1168; x_wconf 86' lang='lat' dir='ltr'>Quoniam</span> <span class='ocrx_word' id='word_1_73' title='bbox 1059 1098 1260 1168; x_wconf 81' lang='lat' dir='ltr'>itaque</span> <span class='ocrx_word' id='word_1_74' title='bbox 1284 1096 1454 1151; x_wconf 89' lang='lat' dir='ltr'>divus</span> <span class='ocrx_word' id='word_1_75' title='bbox 1486 1096 1685 1151; x_wconf 88' lang='lat' dir='ltr'>Daniel</span> <span class='ocrx_word' id='word_1_76' title='bbox 1723 1098 1905 1151; x_wconf 92' lang='lat' dir='ltr'>Deum</span> <span class='ocrx_word' id='word_1_77' title='bbox 1932 1108 2135 1165; x_wconf 90' lang='lat' dir='ltr'>preca-</span> 
     </span>
    </p>
   </div>
   <div class='ocr_carea' id='block_1_13' title="bbox 485 1184 2135 1256">
    <p class='ocr_par' dir='ltr' id='par_1_13' title="bbox 485 1184 2135 1256">
     <span class='ocr_line' id='line_1_13' title="bbox 485 1184 2135 1256; baseline -0.007 -8"><span class='ocrx_word' id='word_1_78' title='bbox 485 1193 680 1253; x_wconf 90' lang='lat' dir='ltr'>batur,</span> <span class='ocrx_word' id='word_1_79' title='bbox 724 1195 788 1245; x_wconf 90' lang='lat' dir='ltr'>ut</span> <span class='ocrx_word' id='word_1_80' title='bbox 837 1186 1320 1244; x_wconf 87' lang='lat' dir='ltr'>hebdomadibus</span> <span class='ocrx_word' id='word_1_81' title='bbox 1376 1185 1491 1239; x_wconf 87' lang='lat' dir='ltr'>illis</span> <span class='ocrx_word' id='word_1_82' title='bbox 1548 1184 1945 1256; x_wconf 85' lang='lat' dir='ltr'>septuaginta,</span> <span class='ocrx_word' id='word_1_83' title='bbox 2000 1198 2135 1254; x_wconf 71' lang='lat' dir='ltr'>quae</span> 
     </span>
    </p>
   </div>
   <div class='ocr_carea' id='block_1_14' title="bbox 486 1274 2138 1353">
    <p class='ocr_par' dir='ltr' id='par_1_14' title="bbox 486 1274 2138 1353">
     <span class='ocr_line' id='line_1_14' title="bbox 486 1274 2138 1353; baseline -0.006 -17"><span class='ocrx_word' id='word_1_84' title='bbox 486 1280 803 1353; x_wconf 84' lang='lat' dir='ltr'>captivitati</span> <span class='ocrx_word' id='word_1_85' title='bbox 829 1282 1057 1333; x_wconf 62' lang='lat' dir='ltr'>statutae</span> <span class='ocrx_word' id='word_1_86' title='bbox 1078 1280 1264 1343; x_wconf 88' lang='lat' dir='ltr'>erant,</span> <span class='ocrx_word' id='word_1_87' title='bbox 1299 1275 1428 1345; x_wconf 92' lang='lat' dir='ltr'>jam</span> <span class='ocrx_word' id='word_1_88' title='bbox 1471 1274 1930 1342; x_wconf 86' lang='lat' dir='ltr'>consummatis,</span> <span class='ocrx_word' id='word_1_89' title='bbox 1959 1276 2138 1327; x_wconf 84' lang='lat' dir='ltr'>Israe-</span> 
     </span>
    </p>
   </div>
   <div class='ocr_carea' id='block_1_15' title="bbox 484 1360 2138 1434">
    <p class='ocr_par' dir='ltr' id='par_1_15' title="bbox 484 1360 2138 1434">
     <span class='ocr_line' id='line_1_15' title="bbox 484 1360 2138 1434; baseline -0.008 -8"><span class='ocrx_word' id='word_1_90' title='bbox 484 1372 616 1426; x_wconf 89' lang='lat' dir='ltr'>litas</span> <span class='ocrx_word' id='word_1_91' title='bbox 669 1385 740 1424; x_wconf 83' lang='lat' dir='ltr'>ex</span> <span class='ocrx_word' id='word_1_92' title='bbox 783 1382 1016 1423; x_wconf 87' lang='lat' dir='ltr'>carcere</span> <span class='ocrx_word' id='word_1_93' title='bbox 1048 1365 1319 1419; x_wconf 89' lang='lat' dir='ltr'>educeret</span> <span class='ocrx_word' id='word_1_94' title='bbox 1345 1382 1357 1429; x_wconf 91' lang='lat'>;</span> <span class='ocrx_word' id='word_1_95' title='bbox 1387 1368 1445 1419; x_wconf 90' lang='lat' dir='ltr'>et</span> <span class='ocrx_word' id='word_1_96' title='bbox 1476 1363 1711 1419; x_wconf 87' lang='lat' dir='ltr'>Gabriel</span> <span class='ocrx_word' id='word_1_97' title='bbox 1742 1368 2026 1434; x_wconf 74' lang='lat' dir='ltr'>praeterea</span> <span class='ocrx_word' id='word_1_98' title='bbox 2060 1360 2138 1415; x_wconf 93' lang='lat' dir='ltr'>ad</span> 
     </span>
    </p>
   </div>
   <div class='ocr_carea' id='block_1_16' title="bbox 488 1450 2137 1517">
    <p class='ocr_par' dir='ltr' id='par_1_16' title="bbox 488 1450 2137 1517">
     <span class='ocr_line' id='line_1_16' title="bbox 488 1450 2137 1517; baseline -0.007 -1"><span class='ocrx_word' id='word_1_99' title='bbox 488 1458 860 1516; x_wconf 69' lang='lat' dir='ltr'>afferendum</span> <span class='ocrx_word' id='word_1_100' title='bbox 906 1456 986 1511; x_wconf 90' lang='lat' dir='ltr'>illi</span> <span class='ocrx_word' id='word_1_101' title='bbox 1025 1454 1321 1517; x_wconf 91' lang='lat' dir='ltr'>nuntium,</span> <span class='ocrx_word' id='word_1_102' title='bbox 1351 1454 1566 1509; x_wconf 89' lang='lat' dir='ltr'>missus</span> <span class='ocrx_word' id='word_1_103' title='bbox 1592 1458 1735 1509; x_wconf 90' lang='lat' dir='ltr'>erat.</span> <span class='ocrx_word' id='word_1_104' title='bbox 1774 1452 2000 1507; x_wconf 88' lang='lat' dir='ltr'>Persico</span> <span class='ocrx_word' id='word_1_105' title='bbox 2031 1450 2137 1504; x_wconf 92' lang='lat' dir='ltr'>im-</span> 
     </span>
    </p>
   </div>
   <div class='ocr_carea' id='block_1_17' title="bbox 486 1542 2138 1623">
    <p class='ocr_par' dir='ltr' id='par_1_17' title="bbox 486 1542 2138 1623">
     <span class='ocr_line' id='line_1_17' title="bbox 486 1542 2138 1623; baseline -0.007 -18"><span class='ocrx_word' id='word_1_106' title='bbox 486 1550 651 1623; x_wconf 82' lang='lat' dir='ltr'>perio</span> <span class='ocrx_word' id='word_1_107' title='bbox 682 1546 989 1619; x_wconf 71' lang='lat' dir='ltr'>praefectus</span> <span class='ocrx_word' id='word_1_108' title='bbox 1014 1543 1258 1598; x_wconf 86' lang='lat' dir='ltr'>Gabrieli</span> <span class='ocrx_word' id='word_1_109' title='bbox 1289 1543 1514 1605; x_wconf 87' lang='lat' dir='ltr'>restitit,</span> <span class='ocrx_word' id='word_1_110' title='bbox 1546 1542 1925 1597; x_wconf 90' lang='lat' dir='ltr'>contristatus</span> <span class='ocrx_word' id='word_1_111' title='bbox 1949 1556 2021 1595; x_wconf 77' lang='lat' dir='ltr'>ex</span> <span class='ocrx_word' id='word_1_112' title='bbox 2046 1555 2138 1606; x_wconf 92' lang='lat' dir='ltr'>eo,</span> 
     </span>
    </p>
   </div>
   <div class='ocr_carea' id='block_1_18' title="bbox 487 1630 2141 1711">
    <p class='ocr_par' dir='ltr' id='par_1_18' title="bbox 487 1630 2141 1711">
     <span class='ocr_line' id='line_1_18' title="bbox 487 1630 2141 1711; baseline -0.007 -16"><span class='ocrx_word' id='word_1_113' title='bbox 487 1638 650 1711; x_wconf 92' lang='lat' dir='ltr'>quod</span> <span class='ocrx_word' id='word_1_114' title='bbox 686 1643 856 1700; x_wconf 90' lang='lat' dir='ltr'>terra,</span> <span class='ocrx_word' id='word_1_115' title='bbox 881 1635 971 1689; x_wconf 91' lang='lat' dir='ltr'>cui</span> <span class='ocrx_word' id='word_1_116' title='bbox 1017 1636 1287 1703; x_wconf 68' lang='lat' dir='ltr'>prmerat,</span> <span class='ocrx_word' id='word_1_117' title='bbox 1322 1632 1381 1687; x_wconf 92' lang='lat' dir='ltr'>in</span> <span class='ocrx_word' id='word_1_118' title='bbox 1428 1631 1737 1702; x_wconf 82' lang='lat' dir='ltr'>pristinam</span> <span class='ocrx_word' id='word_1_119' title='bbox 1779 1630 2141 1701; x_wconf 86' lang='lat' dir='ltr'>impietatem</span> 
     </span>
    </p>
   </div>
   <div class='ocr_carea' id='block_1_19' title="bbox 2248 468 3758 543">
    <p class='ocr_par' dir='ltr' id='par_1_19' title="bbox 2248 468 3758 543">
     <span class='ocr_line' id='line_1_19' title="bbox 2248 468 3758 543; baseline 0.007 -24"><span class='ocrx_word' id='word_1_120' title='bbox 2248 475 2457 539; x_wconf 79' lang='grc' dir='ltr'>Περσῶν</span> <span class='ocrx_word' id='word_1_121' title='bbox 2508 468 2803 540; x_wconf 66' lang='grc' dir='ltr'>ἐφεστηκὼς</span> <span class='ocrx_word' id='word_1_122' title='bbox 2856 469 3071 540; x_wconf 70' lang='grc' dir='ltr'>ἄγγελος</span> <span class='ocrx_word' id='word_1_123' title='bbox 3142 472 3366 543; x_wconf 83' lang='grc' dir='ltr'>ἔχαιρεν,</span> <span class='ocrx_word' id='word_1_124' title='bbox 3446 473 3564 541; x_wconf 69' lang='grc' dir='ltr'>ὁρῶν</span> <span class='ocrx_word' id='word_1_125' title='bbox 3610 474 3648 525; x_wconf 76' lang='grc' dir='ltr'>ἐν</span> <span class='ocrx_word' id='word_1_126' title='bbox 3688 488 3758 540; x_wconf 64' lang='grc' dir='ltr'>τοῖς</span> 
     </span>
    </p>
   </div>
   <div class='ocr_carea' id='block_1_20' title="bbox 2246 556 3760 635">
    <p class='ocr_par' dir='ltr' id='par_1_20' title="bbox 2246 556 3760 635">
     <span class='ocr_line' id='line_1_20' title="bbox 2246 556 3760 635; baseline 0.006 -27"><span class='ocrx_word' id='word_1_127' title='bbox 2246 558 2407 608; x_wconf 70' lang='grc' dir='ltr'>αὐτοῦ</span> <span class='ocrx_word' id='word_1_128' title='bbox 2430 562 2715 629; x_wconf 84' lang='grc' dir='ltr'>μερεσιτὸν</span> <span class='ocrx_word' id='word_1_129' title='bbox 2766 562 2887 611; x_wconf 83' lang='grc' dir='ltr'>Θεὸν</span> <span class='ocrx_word' id='word_1_130' title='bbox 2938 558 3049 609; x_wconf 85' lang='grc' dir='ltr'>ἀντὶ</span> <span class='ocrx_word' id='word_1_131' title='bbox 3103 568 3201 609; x_wconf 81' lang='grc' dir='ltr'>τῶν</span> <span class='ocrx_word' id='word_1_132' title='bbox 3255 556 3474 611; x_wconf 72' lang='grc' dir='ltr'>εἰδώλων</span> <span class='ocrx_word' id='word_1_133' title='bbox 3521 561 3760 635; x_wconf 36' lang='grc' dir='ltr'>λατρευοδίιε-</span> 
     </span>
    </p>
   </div>
   <div class='ocr_carea' id='block_1_21' title="bbox 2242 645 3765 725">
    <p class='ocr_par' dir='ltr' id='par_1_21' title="bbox 2242 645 3765 725">
     <span class='ocr_line' id='line_1_21' title="bbox 2242 645 3765 725; baseline 0.005 -29"><span class='ocrx_word' id='word_1_134' title='bbox 2242 667 2343 697; x_wconf 84' lang='grc' dir='ltr'>νυν.</span> <span class='ocrx_word' id='word_1_135' title='bbox 2406 646 2505 699; x_wconf 86' lang='grc' dir='ltr'>Τὸν</span> <span class='ocrx_word' id='word_1_136' title='bbox 2572 645 3052 719; x_wconf 85' lang='grc' dir='ltr'>Ναϐουχοδονόσορ</span> <span class='ocrx_word' id='word_1_137' title='bbox 3099 648 3231 719; x_wconf 83' lang='grc' dir='ltr'>ἐώρα</span> <span class='ocrx_word' id='word_1_138' title='bbox 3284 648 3393 702; x_wconf 84' lang='grc' dir='ltr'>ἀντὶ</span> <span class='ocrx_word' id='word_1_139' title='bbox 3442 659 3526 701; x_wconf 76' lang='grc' dir='ltr'>του</span> <span class='ocrx_word' id='word_1_140' title='bbox 3573 672 3765 725; x_wconf 69' lang='grc' dir='ltr'>καταναγ-</span> 
     </span>
    </p>
   </div>
   <div class='ocr_carea' id='block_1_22' title="bbox 2243 734 3765 810">
    <p class='ocr_par' dir='ltr' id='par_1_22' title="bbox 2243 734 3765 810">
     <span class='ocr_line' id='line_1_22' title="bbox 2243 734 3765 810; baseline -0.001 -25"><span class='ocrx_word' id='word_1_141' title='bbox 2243 736 2418 795; x_wconf 77' lang='grc' dir='ltr'>κάζειν</span> <span class='ocrx_word' id='word_1_142' title='bbox 2457 738 2592 788; x_wconf 81' lang='grc' dir='ltr'>θύειν</span> <span class='ocrx_word' id='word_1_143' title='bbox 2642 734 2891 799; x_wconf 73' lang='grc' dir='ltr'>εἰδώλοις,</span> <span class='ocrx_word' id='word_1_144' title='bbox 2924 742 3011 788; x_wconf 86' lang='grc' dir='ltr'>καὶ</span> <span class='ocrx_word' id='word_1_145' title='bbox 3065 737 3322 808; x_wconf 76' lang='grc' dir='ltr'>ἐσχάταις</span> <span class='ocrx_word' id='word_1_146' title='bbox 3376 744 3488 799; x_wconf 63' lang='grc' dir='ltr'>τοὺς</span> <span class='ocrx_word' id='word_1_147' title='bbox 3539 746 3599 810; x_wconf 74' lang='grc' dir='ltr'>μὴ</span> <span class='ocrx_word' id='word_1_148' title='bbox 3643 748 3765 796; x_wconf 74' lang='grc' dir='ltr'>πειθο.</span> 
     </span>
    </p>
   </div>
   <div class='ocr_carea' id='block_1_23' title="bbox 2242 824 3771 901">
    <p class='ocr_par' dir='ltr' id='par_1_23' title="bbox 2242 824 3771 901">
     <span class='ocr_line' id='line_1_23' title="bbox 2242 824 3771 901; baseline 0.007 -27"><span class='ocrx_word' id='word_1_149' title='bbox 2242 828 2423 894; x_wconf 79' lang='grc' dir='ltr'>μένους</span> <span class='ocrx_word' id='word_1_150' title='bbox 2477 824 2781 877; x_wconf 81' lang='grc' dir='ltr'>ὑποϐάλλειν</span> <span class='ocrx_word' id='word_1_151' title='bbox 2857 832 3147 897; x_wconf 70' lang='grc' dir='ltr'>τιμωρίαις,</span> <span class='ocrx_word' id='word_1_152' title='bbox 3225 825 3465 899; x_wconf 75' lang='grc' dir='ltr'>λαμπρῶς</span> <span class='ocrx_word' id='word_1_153' title='bbox 3509 830 3771 901; x_wconf 69' lang='grc' dir='ltr'>θεολογοῡντε</span> 
     </span>
    </p>
   </div>
   <div class='ocr_carea' id='block_1_24' title="bbox 2243 912 3769 989">
    <p class='ocr_par' dir='ltr' id='par_1_24' title="bbox 2243 912 3769 989">
     <span class='ocr_line' id='line_1_24' title="bbox 2243 912 3769 989; baseline 0.005 -24"><span class='ocrx_word' id='word_1_154' title='bbox 2243 919 2331 965; x_wconf 86' lang='grc' dir='ltr'>καὶ</span> <span class='ocrx_word' id='word_1_155' title='bbox 2355 914 2583 982; x_wconf 76' lang='grc' dir='ltr'>λέγοντα,</span> <span class='ocrx_word' id='word_1_156' title='bbox 2617 937 2645 963; x_wconf 83' lang='grc' dir='ltr'>ιι</span> <span class='ocrx_word' id='word_1_157' title='bbox 2679 912 2911 989; x_wconf 77' lang='grc' dir='ltr'>Σεδράχ,</span> <span class='ocrx_word' id='word_1_158' title='bbox 2967 919 3167 980; x_wconf 79' lang='grc' dir='ltr'>Μισάκ,</span> <span class='ocrx_word' id='word_1_159' title='bbox 3222 914 3567 987; x_wconf 73' lang='grc' dir='ltr'>Ἀϐδενναγω,</span> <span class='ocrx_word' id='word_1_160' title='bbox 3619 924 3660 971; x_wconf 83' lang='grc' dir='ltr'>οἰ</span> <span class='ocrx_word' id='word_1_161' title='bbox 3685 919 3769 972; x_wconf 70' lang='grc' dir='ltr'>δον-</span> 
     </span>
    </p>
   </div>
   <div class='ocr_carea' id='block_1_25' title="bbox 2243 1000 3773 1074">
    <p class='ocr_par' dir='ltr' id='par_1_25' title="bbox 2243 1000 3773 1074">
     <span class='ocr_line' id='line_1_25' title="bbox 2243 1000 3773 1074; baseline 0.007 -22"><span class='ocrx_word' id='word_1_162' title='bbox 2243 1000 2321 1053; x_wconf 92' lang='grc' dir='ltr'>λοι</span> <span class='ocrx_word' id='word_1_163' title='bbox 2360 1010 2450 1054; x_wconf 78' lang='grc' dir='ltr'>τοῦ</span> <span class='ocrx_word' id='word_1_164' title='bbox 2502 1012 2635 1056; x_wconf 76' lang='grc' dir='ltr'>Θεοῦ</span> <span class='ocrx_word' id='word_1_165' title='bbox 2685 1012 2776 1056; x_wconf 77' lang='grc' dir='ltr'>τοῦ</span> <span class='ocrx_word' id='word_1_166' title='bbox 2826 1004 3055 1074; x_wconf 70' lang='grc' dir='ltr'>ὑψίστου</span> <span class='ocrx_word' id='word_1_167' title='bbox 3108 1024 3119 1036; x_wconf 90' lang='grc'><strong>·</strong></span> <span class='ocrx_word' id='word_1_168' title='bbox 3178 1028 3205 1053; x_wconf 82' lang='grc'><strong>›)</strong></span> <span class='ocrx_word' id='word_1_169' title='bbox 3264 1009 3355 1057; x_wconf 83' lang='grc' dir='ltr'>καὶ</span> <span class='ocrx_word' id='word_1_170' title='bbox 3411 1007 3564 1059; x_wconf 81' lang='grc' dir='ltr'>πο)λά</span> <span class='ocrx_word' id='word_1_171' title='bbox 3597 1018 3773 1063; x_wconf 72' lang='grc' dir='ltr'>τοιαῦτα.</span> 
     </span>
    </p>
   </div>
   <div class='ocr_carea' id='block_1_26' title="bbox 2246 1090 3779 1173">
    <p class='ocr_par' dir='ltr' id='par_1_26' title="bbox 2246 1090 3779 1173">
     <span class='ocr_line' id='line_1_26' title="bbox 2246 1090 3779 1173; baseline 0.005 -29"><span class='ocrx_word' id='word_1_172' title='bbox 2246 1092 2384 1145; x_wconf 84' lang='grc' dir='ltr'>Ἐπεὶ</span> <span class='ocrx_word' id='word_1_173' title='bbox 2415 1090 2501 1145; x_wconf 79' lang='grc' dir='ltr'>οὖν</span> <span class='ocrx_word' id='word_1_174' title='bbox 2530 1096 2554 1145; x_wconf 86' lang='grc' dir='ltr'>ὁ</span> <span class='ocrx_word' id='word_1_175' title='bbox 2588 1097 2843 1169; x_wconf 88' lang='grc' dir='ltr'>μακάριος</span> <span class='ocrx_word' id='word_1_176' title='bbox 2870 1094 3059 1153; x_wconf 77' lang='grc' dir='ltr'>Δανιὴλ</span> <span class='ocrx_word' id='word_1_177' title='bbox 3089 1091 3252 1147; x_wconf 83' lang='grc' dir='ltr'>ἐδεῖτο</span> <span class='ocrx_word' id='word_1_178' title='bbox 3308 1104 3400 1148; x_wconf 73' lang='grc' dir='ltr'>τοῦ</span> <span class='ocrx_word' id='word_1_179' title='bbox 3438 1105 3581 1161; x_wconf 76' lang='grc' dir='ltr'>Θεοῦ,</span> <span class='ocrx_word' id='word_1_180' title='bbox 3629 1101 3779 1173; x_wconf 65' lang='grc' dir='ltr'>πληρω-</span> 
     </span>
    </p>
   </div>
   <div class='ocr_carea' id='block_1_27' title="bbox 2249 1181 3779 1259">
    <p class='ocr_par' dir='ltr' id='par_1_27' title="bbox 2249 1181 3779 1259">
     <span class='ocr_line' id='line_1_27' title="bbox 2249 1181 3779 1259; baseline 0.005 -27"><span class='ocrx_word' id='word_1_181' title='bbox 2249 1182 2430 1233; x_wconf 82' lang='grc' dir='ltr'>θέντων</span> <span class='ocrx_word' id='word_1_182' title='bbox 2487 1192 2586 1234; x_wconf 82' lang='grc' dir='ltr'>τών</span> <span class='ocrx_word' id='word_1_183' title='bbox 2639 1181 2998 1255; x_wconf 78' lang='grc' dir='ltr'>ἑϐδομήκοντα</span> <span class='ocrx_word' id='word_1_184' title='bbox 3078 1183 3220 1249; x_wconf 83' lang='grc' dir='ltr'>ἐτῶν,</span> <span class='ocrx_word' id='word_1_185' title='bbox 3267 1194 3366 1236; x_wconf 83' lang='grc' dir='ltr'>τῶν</span> <span class='ocrx_word' id='word_1_186' title='bbox 3441 1186 3519 1238; x_wconf 77' lang='grc' dir='ltr'>ἐπὶ</span> <span class='ocrx_word' id='word_1_187' title='bbox 3556 1196 3609 1259; x_wconf 70' lang='grc' dir='ltr'>τῇ</span> <span class='ocrx_word' id='word_1_188' title='bbox 3661 1189 3779 1259; x_wconf 66' lang='grc' dir='ltr'>αἰχμ-</span> 
     </span>
    </p>
   </div>
   <div class='ocr_carea' id='block_1_28' title="bbox 2247 1270 3783 1347">
    <p class='ocr_par' dir='ltr' id='par_1_28' title="bbox 2247 1270 3783 1347">
     <span class='ocr_line' id='line_1_28' title="bbox 2247 1270 3783 1347; baseline 0.005 -26"><span class='ocrx_word' id='word_1_189' title='bbox 2247 1270 2447 1342; x_wconf 82' lang='grc' dir='ltr'>αλωσίᾳ</span> <span class='ocrx_word' id='word_1_190' title='bbox 2500 1270 2889 1344; x_wconf 73' lang='grc' dir='ltr'>διορισθέντων,</span> <span class='ocrx_word' id='word_1_191' title='bbox 2961 1272 3235 1344; x_wconf 78' lang='grc' dir='ltr'>ἀναγαγεῖν</span> <span class='ocrx_word' id='word_1_192' title='bbox 3307 1283 3407 1336; x_wconf 76' lang='grc' dir='ltr'>τῆς</span> <span class='ocrx_word' id='word_1_193' title='bbox 3480 1276 3783 1347; x_wconf 72' lang='grc' dir='ltr'>αἰχμαλωσίας</span> 
     </span>
    </p>
   </div>
   <div class='ocr_carea' id='block_1_29' title="bbox 2245 1359 3781 1435">
    <p class='ocr_par' dir='ltr' id='par_1_29' title="bbox 2245 1359 3781 1435">
     <span class='ocr_line' id='line_1_29' title="bbox 2245 1359 3781 1435; baseline 0.003 -24"><span class='ocrx_word' id='word_1_194' title='bbox 2245 1362 2329 1411; x_wconf 85' lang='grc' dir='ltr'>τὸν</span> <span class='ocrx_word' id='word_1_195' title='bbox 2362 1359 2576 1433; x_wconf 77' lang='grc' dir='ltr'>Ἰσραὴλ</span> <span class='ocrx_word' id='word_1_196' title='bbox 2624 1360 2887 1419; x_wconf 76' lang='grc' dir='ltr'>ἀπεστάλη</span> <span class='ocrx_word' id='word_1_197' title='bbox 2924 1359 2981 1414; x_wconf 77' lang='grc' dir='ltr'>δὲ</span> <span class='ocrx_word' id='word_1_198' title='bbox 3026 1361 3244 1435; x_wconf 83' lang='grc' dir='ltr'>Γαϐριὴλ</span> <span class='ocrx_word' id='word_1_199' title='bbox 3300 1372 3530 1434; x_wconf 77' lang='grc' dir='ltr'>μηνῦσαι</span> <span class='ocrx_word' id='word_1_200' title='bbox 3578 1366 3694 1433; x_wconf 63' lang='grc' dir='ltr'>αὐτῷ</span> <span class='ocrx_word' id='word_1_201' title='bbox 3716 1372 3781 1421; x_wconf 65' lang='grc' dir='ltr'>τὴν</span> 
     </span>
    </p>
   </div>
   <div class='ocr_carea' id='block_1_30' title="bbox 2249 1446 3787 1526">
    <p class='ocr_par' dir='ltr' id='par_1_30' title="bbox 2249 1446 3787 1526">
     <span class='ocr_line' id='line_1_30' title="bbox 2249 1446 3787 1526; baseline 0.005 -27"><span class='ocrx_word' id='word_1_202' title='bbox 2249 1446 2554 1523; x_wconf 80' lang='grc' dir='ltr'>ἀνάρρησιν,</span> <span class='ocrx_word' id='word_1_203' title='bbox 2599 1450 2910 1503; x_wconf 77' lang='grc' dir='ltr'>ἀνθίσταται</span> <span class='ocrx_word' id='word_1_204' title='bbox 2969 1460 3038 1520; x_wconf 79' lang='grc' dir='ltr'>τῷ</span> <span class='ocrx_word' id='word_1_205' title='bbox 3094 1451 3315 1526; x_wconf 77' lang='grc' dir='ltr'>Γαϐριὴλ</span> <span class='ocrx_word' id='word_1_206' title='bbox 3362 1455 3389 1503; x_wconf 83' lang='grc' dir='ltr'><strong><em>ὁ</em></strong></span> <span class='ocrx_word' id='word_1_207' title='bbox 3451 1461 3538 1513; x_wconf 78' lang='grc' dir='ltr'>τῆς</span> <span class='ocrx_word' id='word_1_208' title='bbox 3584 1460 3787 1525; x_wconf 69' lang='grc' dir='ltr'>Περσικῆς</span> 
     </span>
    </p>
   </div>
   <div class='ocr_carea' id='block_1_31' title="bbox 2253 1536 3788 1612">
    <p class='ocr_par' dir='ltr' id='par_1_31' title="bbox 2253 1536 3788 1612">
     <span class='ocr_line' id='line_1_31' title="bbox 2253 1536 3788 1612; baseline 0.004 -24"><span class='ocrx_word' id='word_1_209' title='bbox 2253 1536 2423 1609; x_wconf 83' lang='grc' dir='ltr'>ἀρχῆς</span> <span class='ocrx_word' id='word_1_210' title='bbox 2454 1538 2739 1600; x_wconf 71' lang='grc' dir='ltr'>ἐπιστάτης</span> <span class='ocrx_word' id='word_1_211' title='bbox 2768 1542 3101 1612; x_wconf 73' lang='grc' dir='ltr'>λυπούμενος,</span> <span class='ocrx_word' id='word_1_212' title='bbox 3138 1544 3217 1592; x_wconf 81' lang='grc' dir='ltr'>ὅτι</span> <span class='ocrx_word' id='word_1_213' title='bbox 3242 1542 3396 1593; x_wconf 86' lang='grc' dir='ltr'>πάλιν</span> <span class='ocrx_word' id='word_1_214' title='bbox 3420 1544 3448 1599; x_wconf 73' lang='grc' dir='ltr'><em>ὴ</em></span> <span class='ocrx_word' id='word_1_215' title='bbox 3505 1551 3565 1612; x_wconf 80' lang='grc' dir='ltr'>γῆ</span> <span class='ocrx_word' id='word_1_216' title='bbox 3591 1544 3706 1612; x_wconf 81' lang='grc'>(83),</span> <span class='ocrx_word' id='word_1_217' title='bbox 3747 1545 3788 1601; x_wconf 77' lang='grc' dir='ltr'>ξς</span> 
     </span>
    </p>
   </div>
   <div class='ocr_carea' id='block_1_32' title="bbox 2254 1626 3791 1693">
    <p class='ocr_par' dir='ltr' id='par_1_32' title="bbox 2254 1626 3791 1693">
     <span class='ocr_line' id='line_1_32' title="bbox 2254 1626 3791 1693; baseline 0.004 -15"><span class='ocrx_word' id='word_1_218' title='bbox 2254 1626 2541 1693; x_wconf 74' lang='grc' dir='ltr'>ἐπεστάτει,</span> <span class='ocrx_word' id='word_1_219' title='bbox 2595 1638 2693 1680; x_wconf 83' lang='grc' dir='ltr'>τῶν</span> <span class='ocrx_word' id='word_1_220' title='bbox 2754 1626 3094 1682; x_wconf 80' lang='grc' dir='ltr'>διδασκάλων</span> <span class='ocrx_word' id='word_1_221' title='bbox 3170 1639 3263 1692; x_wconf 88' lang='grc' dir='ltr'>τῆς</span> <span class='ocrx_word' id='word_1_222' title='bbox 3337 1630 3588 1692; x_wconf 68' lang='grc' dir='ltr'>εὐσεϐείας</span> <span class='ocrx_word' id='word_1_223' title='bbox 3652 1634 3791 1684; x_wconf 66' lang='grc' dir='ltr'>ἐκεῖθεν</span> 
     </span>
    </p>
   </div>
   <div class='ocr_carea' id='block_1_33' title="bbox 496 1716 2046 1793">
    <p class='ocr_par' dir='ltr' id='par_1_33' title="bbox 496 1719 2041 1786">
     <span class='ocr_line' id='line_1_33' title="bbox 496 1719 2041 1786; baseline -0.007 -2"><span class='ocrx_word' id='word_1_224' title='bbox 496 1735 551 1784; x_wconf 93' lang='lat' dir='ltr'>et</span> <span class='ocrx_word' id='word_1_225' title='bbox 620 1742 845 1781; x_wconf 88' lang='lat' dir='ltr'>errores</span> <span class='ocrx_word' id='word_1_226' title='bbox 927 1727 1169 1786; x_wconf 86' lang='lat' dir='ltr'>veteres,</span> <span class='ocrx_word' id='word_1_227' title='bbox 1229 1721 1480 1776; x_wconf 87' lang='lat' dir='ltr'>reductis</span> <span class='ocrx_word' id='word_1_228' title='bbox 1558 1720 1694 1775; x_wconf 91' lang='lat' dir='ltr'>inde</span> <span class='ocrx_word' id='word_1_229' title='bbox 1766 1720 1887 1774; x_wconf 92' lang='lat' dir='ltr'>veri</span> <span class='ocrx_word' id='word_1_230' title='bbox 1950 1719 2041 1774; x_wconf 92' lang='lat' dir='ltr'>cul</span> 
     </span>
    </p>
   </div>
   <div class='ocr_carea' id='block_1_34' title="bbox 2243 1716 3793 1793">
    <p class='ocr_par' dir='ltr' id='par_1_34' title="bbox 2257 1716 3793 1793">
     <span class='ocr_line' id='line_1_34' title="bbox 2257 1716 3793 1793; baseline 0.003 -26"><span class='ocrx_word' id='word_1_231' title='bbox 2257 1716 2724 1789; x_wconf 79' lang='grc' dir='ltr'>ἀνακομισθέντων,</span> <span class='ocrx_word' id='word_1_232' title='bbox 2781 1719 2853 1779; x_wconf 84' lang='grc' dir='ltr'>εἰς</span> <span class='ocrx_word' id='word_1_233' title='bbox 2912 1725 3005 1777; x_wconf 81' lang='grc' dir='ltr'>τὴν</span> <span class='ocrx_word' id='word_1_234' title='bbox 3062 1724 3313 1793; x_wconf 85' lang='grc' dir='ltr'>προτέραν</span> <span class='ocrx_word' id='word_1_235' title='bbox 3386 1720 3674 1793; x_wconf 48' lang='grc' dir='ltr'>ἀναστρέψει</span> <span class='ocrx_word' id='word_1_236' title='bbox 3709 1720 3793 1772; x_wconf 72' lang='grc' dir='ltr'>ἆσέ-</span> 
     </span>
    </p>
   </div>
   <div class='ocr_carea' id='block_1_35' title="bbox 498 1808 2145 1875">
    <p class='ocr_par' dir='ltr' id='par_1_35' title="bbox 498 1808 2145 1875">
     <span class='ocr_line' id='line_1_35' title="bbox 498 1808 2145 1875; baseline -0.006 -4"><span class='ocrx_word' id='word_1_237' title='bbox 498 1814 855 1875; x_wconf 91' lang='lat' dir='ltr'>doctoribus,</span> <span class='ocrx_word' id='word_1_238' title='bbox 909 1811 1134 1865; x_wconf 87' lang='lat' dir='ltr'>ruitura</span> <span class='ocrx_word' id='word_1_239' title='bbox 1182 1808 1498 1863; x_wconf 87' lang='lat' dir='ltr'>videretur.</span> <span class='ocrx_word' id='word_1_240' title='bbox 1541 1808 1766 1864; x_wconf 81' lang='lat' dir='ltr'>Restitit</span> <span class='ocrx_word' id='word_1_241' title='bbox 1811 1823 1972 1871; x_wconf 88' lang='lat' dir='ltr'>vero,</span> <span class='ocrx_word' id='word_1_242' title='bbox 2025 1823 2145 1862; x_wconf 92' lang='lat' dir='ltr'>non</span> 
     </span>
    </p>
   </div>
   <div class='ocr_carea' id='block_1_36' title="bbox 498 1897 2148 1977">
    <p class='ocr_par' dir='ltr' id='par_1_36' title="bbox 498 1897 2148 1977">
     <span class='ocr_line' id='line_1_36' title="bbox 498 1897 2148 1977; baseline -0.006 -18"><span class='ocrx_word' id='word_1_243' title='bbox 498 1918 799 1977; x_wconf 81' lang='lat' dir='ltr'>pugnans,</span> <span class='ocrx_word' id='word_1_244' title='bbox 829 1900 934 1955; x_wconf 91' lang='lat' dir='ltr'>sed</span> <span class='ocrx_word' id='word_1_245' title='bbox 968 1900 1047 1955; x_wconf 91' lang='lat' dir='ltr'>ita</span> <span class='ocrx_word' id='word_1_246' title='bbox 1076 1914 1271 1953; x_wconf 85' lang='lat' dir='ltr'>causae</span> <span class='ocrx_word' id='word_1_247' title='bbox 1294 1897 1589 1968; x_wconf 82' lang='lat' dir='ltr'>justitiam</span> <span class='ocrx_word' id='word_1_248' title='bbox 1620 1897 1953 1953; x_wconf 90' lang='lat' dir='ltr'>edisserens</span> <span class='ocrx_word' id='word_1_249' title='bbox 1988 1914 2000 1951; x_wconf 89' lang='lat'>:</span> <span class='ocrx_word' id='word_1_250' title='bbox 2035 1899 2148 1952; x_wconf 89' lang='lat' dir='ltr'>Cur</span> 
     </span>
    </p>
   </div>
   <div class='ocr_carea' id='block_1_37' title="bbox 499 1985 2151 2057">
    <p class='ocr_par' dir='ltr' id='par_1_37' title="bbox 499 1985 2151 2057">
     <span class='ocr_line' id='line_1_37' title="bbox 499 1985 2151 2057; baseline -0.006 -8"><span class='ocrx_word' id='word_1_251' title='bbox 499 1994 717 2049; x_wconf 90' lang='lat' dir='ltr'>reditus</span> <span class='ocrx_word' id='word_1_252' title='bbox 744 1995 903 2045; x_wconf 89' lang='lat' dir='ltr'>tanto</span> <span class='ocrx_word' id='word_1_253' title='bbox 927 1989 1125 2044; x_wconf 89' lang='lat' dir='ltr'>studio</span> <span class='ocrx_word' id='word_1_254' title='bbox 1149 1993 1393 2057; x_wconf 83' lang='lat' dir='ltr'>urgetur</span> <span class='ocrx_word' id='word_1_255' title='bbox 1409 1990 1437 2043; x_wconf 84' lang='lat'>‘?</span> <span class='ocrx_word' id='word_1_256' title='bbox 1464 1986 1671 2053; x_wconf 87' lang='lat' dir='ltr'>Quoad</span> <span class='ocrx_word' id='word_1_257' title='bbox 1694 1985 1946 2057; x_wconf 91' lang='lat' dir='ltr'>populus</span> <span class='ocrx_word' id='word_1_258' title='bbox 1970 1986 2151 2041; x_wconf 88' lang='lat' dir='ltr'>Israe-</span> 
     </span>
    </p>
   </div>
   <div class='ocr_carea' id='block_1_38' title="bbox 502 2076 2151 2149">
    <p class='ocr_par' dir='ltr' id='par_1_38' title="bbox 502 2076 2151 2149">
     <span class='ocr_line' id='line_1_38' title="bbox 502 2076 2151 2149; baseline -0.005 -12"><span class='ocrx_word' id='word_1_259' title='bbox 502 2083 693 2138; x_wconf 88' lang='lat' dir='ltr'>liticus</span> <span class='ocrx_word' id='word_1_260' title='bbox 723 2085 941 2135; x_wconf 87' lang='lat' dir='ltr'>terram</span> <span class='ocrx_word' id='word_1_261' title='bbox 972 2079 1227 2149; x_wconf 89' lang='lat' dir='ltr'>patriam</span> <span class='ocrx_word' id='word_1_262' title='bbox 1266 2076 1594 2140; x_wconf 84' lang='lat' dir='ltr'>habitabat,</span> <span class='ocrx_word' id='word_1_263' title='bbox 1624 2079 1681 2129; x_wconf 91' lang='lat' dir='ltr'>et</span> <span class='ocrx_word' id='word_1_264' title='bbox 1700 2090 1981 2146; x_wconf 88' lang='lat' dir='ltr'>prospere</span> <span class='ocrx_word' id='word_1_265' title='bbox 2012 2090 2151 2144; x_wconf 86' lang='lat' dir='ltr'>age-</span> 
     </span>
    </p>
   </div>
   <div class='ocr_carea' id='block_1_39' title="bbox 499 2163 2152 2241">
    <p class='ocr_par' dir='ltr' id='par_1_39' title="bbox 499 2163 2152 2241">
     <span class='ocr_line' id='line_1_39' title="bbox 499 2163 2152 2241; baseline -0.006 -14"><span class='ocrx_word' id='word_1_266' title='bbox 499 2173 620 2237; x_wconf 90' lang='lat' dir='ltr'>bat,</span> <span class='ocrx_word' id='word_1_267' title='bbox 646 2185 801 2241; x_wconf 65' lang='lat' dir='ltr'>sazpe</span> <span class='ocrx_word' id='word_1_268' title='bbox 824 2170 883 2223; x_wconf 92' lang='lat' dir='ltr'>in</span> <span class='ocrx_word' id='word_1_269' title='bbox 904 2166 1300 2222; x_wconf 90' lang='lat' dir='ltr'>idololatriam</span> <span class='ocrx_word' id='word_1_270' title='bbox 1314 2164 1546 2221; x_wconf 90' lang='lat' dir='ltr'>divertit</span> <span class='ocrx_word' id='word_1_271' title='bbox 1571 2186 1583 2219; x_wconf 90' lang='lat'><strong>:</strong></span> <span class='ocrx_word' id='word_1_272' title='bbox 1598 2166 1722 2235; x_wconf 90' lang='lat' dir='ltr'>jam</span> <span class='ocrx_word' id='word_1_273' title='bbox 1745 2179 1880 2219; x_wconf 92' lang='lat' dir='ltr'>vero</span> <span class='ocrx_word' id='word_1_274' title='bbox 1897 2163 2152 2234; x_wconf 91' lang='lat' dir='ltr'>peregri—</span> 
     </span>
    </p>
   </div>
   <div class='ocr_carea' id='block_1_40' title="bbox 500 2252 2147 2329">
    <p class='ocr_par' dir='ltr' id='par_1_40' title="bbox 500 2252 2147 2329">
     <span class='ocr_line' id='line_1_40' title="bbox 500 2252 2147 2329; baseline -0.007 -12"><span class='ocrx_word' id='word_1_275' title='bbox 500 2278 645 2317; x_wconf 90' lang='lat' dir='ltr'>nam</span> <span class='ocrx_word' id='word_1_276' title='bbox 675 2259 958 2322; x_wconf 90' lang='lat' dir='ltr'>incolens,</span> <span class='ocrx_word' id='word_1_277' title='bbox 993 2272 1138 2329; x_wconf 89' lang='lat' dir='ltr'>pure</span> <span class='ocrx_word' id='word_1_278' title='bbox 1195 2258 1379 2311; x_wconf 92' lang='lat' dir='ltr'>Deum</span> <span class='ocrx_word' id='word_1_279' title='bbox 1416 2254 1573 2320; x_wconf 89' lang='lat' dir='ltr'>colit,</span> <span class='ocrx_word' id='word_1_280' title='bbox 1606 2270 1716 2309; x_wconf 92' lang='lat' dir='ltr'>nec</span> <span class='ocrx_word' id='word_1_281' title='bbox 1747 2253 1886 2309; x_wconf 90' lang='lat' dir='ltr'>colit</span> <span class='ocrx_word' id='word_1_282' title='bbox 1932 2252 2147 2315; x_wconf 92' lang='lat' dir='ltr'>solum,</span> 
     </span>
    </p>
   </div>
   <div class='ocr_carea' id='block_1_41' title="bbox 503 2342 2151 2420">
    <p class='ocr_par' dir='ltr' id='par_1_41' title="bbox 503 2342 2151 2420">
     <span class='ocr_line' id='line_1_41' title="bbox 503 2342 2151 2420; baseline -0.005 -15"><span class='ocrx_word' id='word_1_283' title='bbox 503 2350 608 2405; x_wconf 89' lang='lat' dir='ltr'>sed</span> <span class='ocrx_word' id='word_1_284' title='bbox 655 2354 711 2403; x_wconf 91' lang='lat' dir='ltr'>et</span> <span class='ocrx_word' id='word_1_285' title='bbox 738 2362 847 2420; x_wconf 91' lang='lat' dir='ltr'>pro</span> <span class='ocrx_word' id='word_1_286' title='bbox 888 2346 1047 2401; x_wconf 89' lang='lat' dir='ltr'>cultu</span> <span class='ocrx_word' id='word_1_287' title='bbox 1085 2346 1199 2400; x_wconf 92' lang='lat' dir='ltr'>hoc</span> <span class='ocrx_word' id='word_1_288' title='bbox 1244 2344 1469 2400; x_wconf 88' lang='lat' dir='ltr'>fortiter</span> <span class='ocrx_word' id='word_1_289' title='bbox 1515 2347 1763 2414; x_wconf 90' lang='lat' dir='ltr'>pugnat,</span> <span class='ocrx_word' id='word_1_290' title='bbox 1808 2342 2151 2414; x_wconf 91' lang='lat' dir='ltr'>multosque</span> 
     </span>
    </p>
   </div>
   <div class='ocr_carea' id='block_1_42' title="bbox 504 2430 2149 2504">
    <p class='ocr_par' dir='ltr' id='par_1_42' title="bbox 504 2430 2149 2504">
     <span class='ocr_line' id='line_1_42' title="bbox 504 2430 2149 2504; baseline -0.005 -11"><span class='ocrx_word' id='word_1_291' title='bbox 504 2438 818 2493; x_wconf 87' lang='lat' dir='ltr'>errantium</span> <span class='ocrx_word' id='word_1_292' title='bbox 837 2436 912 2490; x_wconf 90' lang='lat' dir='ltr'>ad</span> <span class='ocrx_word' id='word_1_293' title='bbox 936 2451 1141 2489; x_wconf 85' lang='lat' dir='ltr'>verum</span> <span class='ocrx_word' id='word_1_294' title='bbox 1162 2436 1341 2488; x_wconf 90' lang='lat' dir='ltr'>Deum</span> <span class='ocrx_word' id='word_1_295' title='bbox 1366 2433 1627 2488; x_wconf 90' lang='lat' dir='ltr'>adducit.</span> <span class='ocrx_word' id='word_1_296' title='bbox 1664 2430 2149 2504; x_wconf 87' lang='lat' dir='ltr'>Quandoquidem</span> 
     </span>
    </p>
   </div>
   <div class='ocr_carea' id='block_1_43' title="bbox 505 2520 2152 2594">
    <p class='ocr_par' dir='ltr' id='par_1_43' title="bbox 505 2520 2152 2594">
     <span class='ocr_line' id='line_1_43' title="bbox 505 2520 2152 2594; baseline -0.005 -13"><span class='ocrx_word' id='word_1_297' title='bbox 505 2541 647 2593; x_wconf 92' lang='lat' dir='ltr'>ergo</span> <span class='ocrx_word' id='word_1_298' title='bbox 669 2530 727 2579; x_wconf 89' lang='lat' dir='ltr'>et</span> <span class='ocrx_word' id='word_1_299' title='bbox 755 2524 891 2591; x_wconf 88' lang='lat' dir='ltr'>illis,</span> <span class='ocrx_word' id='word_1_300' title='bbox 924 2523 1025 2594; x_wconf 91' lang='lat' dir='ltr'>qui</span> <span class='ocrx_word' id='word_1_301' title='bbox 1067 2523 1317 2591; x_wconf 85' lang='lat' dir='ltr'>gratiam</span> <span class='ocrx_word' id='word_1_302' title='bbox 1366 2525 1737 2592; x_wconf 89' lang='lat' dir='ltr'>receperunt,</span> <span class='ocrx_word' id='word_1_303' title='bbox 1782 2520 1944 2585; x_wconf 85' lang='lat' dir='ltr'>nihil,</span> <span class='ocrx_word' id='word_1_304' title='bbox 1988 2520 2152 2591; x_wconf 90' lang='lat' dir='ltr'>quod</span> 
     </span>
    </p>
   </div>
   <div class='ocr_carea' id='block_1_44' title="bbox 505 2609 2154 2681">
    <p class='ocr_par' dir='ltr' id='par_1_44' title="bbox 505 2609 2154 2681">
     <span class='ocr_line' id='line_1_44' title="bbox 505 2609 2154 2681; baseline -0.005 -11"><span class='ocrx_word' id='word_1_305' title='bbox 505 2613 723 2670; x_wconf 69' lang='lat' dir='ltr'>animae</span> <span class='ocrx_word' id='word_1_306' title='bbox 754 2612 1073 2667; x_wconf 89' lang='lat' dir='ltr'>salutarius</span> <span class='ocrx_word' id='word_1_307' title='bbox 1104 2610 1196 2675; x_wconf 86' lang='lat' dir='ltr'>sit,</span> <span class='ocrx_word' id='word_1_308' title='bbox 1230 2610 1443 2674; x_wconf 91' lang='lat' dir='ltr'>evenit,</span> <span class='ocrx_word' id='word_1_309' title='bbox 1486 2615 1540 2665; x_wconf 91' lang='lat' dir='ltr'>et</span> <span class='ocrx_word' id='word_1_310' title='bbox 1571 2609 1719 2674; x_wconf 91' lang='lat' dir='ltr'>illos,</span> <span class='ocrx_word' id='word_1_311' title='bbox 1762 2610 1865 2681; x_wconf 90' lang='lat' dir='ltr'>qui</span> <span class='ocrx_word' id='word_1_312' title='bbox 1898 2625 2003 2681; x_wconf 92' lang='lat' dir='ltr'>per</span> <span class='ocrx_word' id='word_1_313' title='bbox 2052 2624 2154 2664; x_wconf 92' lang='lat' dir='ltr'>eos</span> 
     </span>
    </p>
   </div>
   <div class='ocr_carea' id='block_1_45' title="bbox 503 2699 2156 2770">
    <p class='ocr_par' dir='ltr' id='par_1_45' title="bbox 503 2699 2156 2770">
     <span class='ocr_line' id='line_1_45' title="bbox 503 2699 2156 2770; baseline -0.004 -12"><span class='ocrx_word' id='word_1_314' title='bbox 503 2718 714 2758; x_wconf 86' lang='lat' dir='ltr'>verum</span> <span class='ocrx_word' id='word_1_315' title='bbox 757 2704 940 2755; x_wconf 90' lang='lat' dir='ltr'>Deum</span> <span class='ocrx_word' id='word_1_316' title='bbox 980 2699 1169 2755; x_wconf 90' lang='lat' dir='ltr'>colere</span> <span class='ocrx_word' id='word_1_317' title='bbox 1217 2700 1585 2770; x_wconf 91' lang='lat' dir='ltr'>inceperunt,</span> <span class='ocrx_word' id='word_1_318' title='bbox 1634 2699 1928 2769; x_wconf 85' lang='lat' dir='ltr'>impietas,</span> <span class='ocrx_word' id='word_1_319' title='bbox 1972 2703 2156 2753; x_wconf 87' lang='lat' dir='ltr'>extre-</span> 
     </span>
    </p>
   </div>
   <div class='ocr_carea' id='block_1_46' title="bbox 508 2787 2157 2855">
    <p class='ocr_par' dir='ltr' id='par_1_46' title="bbox 508 2787 2157 2855">
     <span class='ocr_line' id='line_1_46' title="bbox 508 2787 2157 2855; baseline -0.004 -7"><span class='ocrx_word' id='word_1_320' title='bbox 508 2808 671 2848; x_wconf 93' lang='lat' dir='ltr'>mum</span> <span class='ocrx_word' id='word_1_321' title='bbox 700 2790 995 2847; x_wconf 89' lang='lat' dir='ltr'>malorum</span> <span class='ocrx_word' id='word_1_322' title='bbox 1020 2790 1308 2855; x_wconf 91' lang='lat' dir='ltr'>omnium,</span> <span class='ocrx_word' id='word_1_323' title='bbox 1344 2788 1457 2844; x_wconf 87' lang='lat' dir='ltr'>sibi</span> <span class='ocrx_word' id='word_1_324' title='bbox 1479 2788 1689 2844; x_wconf 88' lang='lat' dir='ltr'>iterum</span> <span class='ocrx_word' id='word_1_325' title='bbox 1712 2788 2005 2843; x_wconf 82' lang='lat' dir='ltr'>obnoxios</span> <span class='ocrx_word' id='word_1_326' title='bbox 2029 2787 2157 2842; x_wconf 92' lang='lat' dir='ltr'>red-</span> 
     </span>
    </p>
   </div>
   <div class='ocr_carea' id='block_1_47' title="bbox 507 2878 2159 2951">
    <p class='ocr_par' dir='ltr' id='par_1_47' title="bbox 507 2878 2159 2951">
     <span class='ocr_line' id='line_1_47' title="bbox 507 2878 2159 2951; baseline -0.004 -13"><span class='ocrx_word' id='word_1_327' title='bbox 507 2883 610 2938; x_wconf 90' lang='lat' dir='ltr'>dat</span> <span class='ocrx_word' id='word_1_328' title='bbox 644 2898 656 2947; x_wconf 91' lang='lat'><strong>;</strong></span> <span class='ocrx_word' id='word_1_329' title='bbox 697 2896 898 2936; x_wconf 90' lang='lat' dir='ltr'>nonne</span> <span class='ocrx_word' id='word_1_330' title='bbox 938 2884 1259 2951; x_wconf 62' lang='lat' dir='ltr'>praestaret,</span> <span class='ocrx_word' id='word_1_331' title='bbox 1302 2878 1349 2932; x_wconf 87' lang='lat' dir='ltr'>si</span> <span class='ocrx_word' id='word_1_332' title='bbox 1391 2878 1567 2934; x_wconf 88' lang='lat' dir='ltr'>Israel</span> <span class='ocrx_word' id='word_1_333' title='bbox 1607 2893 1767 2932; x_wconf 92' lang='lat' dir='ltr'>nunc</span> <span class='ocrx_word' id='word_1_334' title='bbox 1806 2878 2055 2951; x_wconf 88' lang='lat' dir='ltr'>quidem</span> <span class='ocrx_word' id='word_1_335' title='bbox 2087 2894 2159 2932; x_wconf 86' lang='lat' dir='ltr'>ex</span> 
     </span>
    </p>
   </div>
   <div class='ocr_carea' id='block_1_48' title="bbox 508 2966 2161 3042">
    <p class='ocr_par' dir='ltr' id='par_1_48' title="bbox 508 2966 2161 3042">
     <span class='ocr_line' id='line_1_48' title="bbox 508 2966 2161 3042; baseline -0.004 -15"><span class='ocrx_word' id='word_1_336' title='bbox 508 2971 846 3042; x_wconf 87' lang='lat' dir='ltr'>captivitate</span> <span class='ocrx_word' id='word_1_337' title='bbox 878 2985 997 3024; x_wconf 92' lang='lat' dir='ltr'>non</span> <span class='ocrx_word' id='word_1_338' title='bbox 1050 2968 1414 3031; x_wconf 90' lang='lat' dir='ltr'>educeretur,</span> <span class='ocrx_word' id='word_1_339' title='bbox 1448 2966 1529 3022; x_wconf 90' lang='lat' dir='ltr'>illi</span> <span class='ocrx_word' id='word_1_340' title='bbox 1555 2983 1715 3031; x_wconf 89' lang='lat' dir='ltr'>vero,</span> <span class='ocrx_word' id='word_1_341' title='bbox 1744 2967 1843 3038; x_wconf 90' lang='lat' dir='ltr'>qui</span> <span class='ocrx_word' id='word_1_342' title='bbox 1883 2966 2161 3022; x_wconf 91' lang='lat' dir='ltr'>salutaris</span> 
     </span>
    </p>
   </div>
   <div class='ocr_carea' id='block_1_49' title="bbox 2257 1804 3798 1882">
    <p class='ocr_par' dir='ltr' id='par_1_49' title="bbox 2257 1804 3798 1882">
     <span class='ocr_line' id='line_1_49' title="bbox 2257 1804 3798 1882; baseline 0.001 -25"><span class='ocrx_word' id='word_1_343' title='bbox 2257 1804 2395 1857; x_wconf 85' lang='grc' dir='ltr'>ϐειαν</span> <span class='ocrx_word' id='word_1_344' title='bbox 2426 1812 2513 1858; x_wconf 85' lang='grc' dir='ltr'>καὶ</span> <span class='ocrx_word' id='word_1_345' title='bbox 2543 1806 2738 1865; x_wconf 82' lang='grc' dir='ltr'>πλάνην</span> <span class='ocrx_word' id='word_1_346' title='bbox 2778 1823 2789 1834; x_wconf 89' lang='grc'>⁶</span> <span class='ocrx_word' id='word_1_347' title='bbox 2850 1806 3129 1860; x_wconf 79' lang='grc' dir='ltr'>ἀνθίστατο</span> <span class='ocrx_word' id='word_1_348' title='bbox 3188 1806 3246 1861; x_wconf 74' lang='grc' dir='ltr'>δὲ</span> <span class='ocrx_word' id='word_1_349' title='bbox 3278 1809 3335 1861; x_wconf 67' lang='grc' dir='ltr'>οὗ</span> <span class='ocrx_word' id='word_1_350' title='bbox 3365 1816 3665 1882; x_wconf 77' lang='grc' dir='ltr'>μαχόμενος,</span> <span class='ocrx_word' id='word_1_351' title='bbox 3706 1809 3798 1860; x_wconf 73' lang='grc' dir='ltr'>ἀλλὰ</span> 
     </span>
    </p>
   </div>
   <div class='ocr_carea' id='block_1_50' title="bbox 2260 1891 3798 1969">
    <p class='ocr_par' dir='ltr' id='par_1_50' title="bbox 2260 1891 3798 1969">
     <span class='ocr_line' id='line_1_50' title="bbox 2260 1891 3798 1969; baseline 0.003 -24"><span class='ocrx_word' id='word_1_352' title='bbox 2260 1891 2760 1967; x_wconf 65' lang='grc' dir='ltr'>δικαιολογούμενος</span> <span class='ocrx_word' id='word_1_353' title='bbox 2807 1902 2898 1958; x_wconf 88' lang='grc' dir='ltr'>Τίς</span> <span class='ocrx_word' id='word_1_354' title='bbox 2929 1899 2957 1954; x_wconf 80' lang='grc' dir='ltr'><strong>ἠ</strong></span> <span class='ocrx_word' id='word_1_355' title='bbox 2993 1894 3223 1965; x_wconf 78' lang='grc' dir='ltr'>σπουδὴ,</span> <span class='ocrx_word' id='word_1_356' title='bbox 3260 1898 3443 1969; x_wconf 78' lang='grc' dir='ltr'>λέγων,</span> <span class='ocrx_word' id='word_1_357' title='bbox 3478 1908 3569 1961; x_wconf 76' lang='grc' dir='ltr'>τῆς</span> <span class='ocrx_word' id='word_1_358' title='bbox 3611 1896 3798 1963; x_wconf 72' lang='grc' dir='ltr'>ἁνόδου;</span> 
     </span>
    </p>
   </div>
   <div class='ocr_carea' id='block_1_51' title="bbox 2257 1983 3801 2061">
    <p class='ocr_par' dir='ltr' id='par_1_51' title="bbox 2257 1983 3801 2061">
     <span class='ocr_line' id='line_1_51' title="bbox 2257 1983 3801 2061; baseline 0.001 -26"><span class='ocrx_word' id='word_1_359' title='bbox 2257 1988 2348 2041; x_wconf 79' lang='grc' dir='ltr'>τὴν</span> <span class='ocrx_word' id='word_1_360' title='bbox 2380 1985 2569 2036; x_wconf 78' lang='grc' dir='ltr'>οἰκείαν</span> <span class='ocrx_word' id='word_1_361' title='bbox 2622 1986 2773 2036; x_wconf 82' lang='grc' dir='ltr'>οἰκῶν</span> <span class='ocrx_word' id='word_1_362' title='bbox 2838 1983 3073 2058; x_wconf 80' lang='grc' dir='ltr'>πατρίδα</span> <span class='ocrx_word' id='word_1_363' title='bbox 3130 1988 3153 2038; x_wconf 86' lang='grc' dir='ltr'><strong>ὁ</strong></span> <span class='ocrx_word' id='word_1_364' title='bbox 3205 1988 3414 2061; x_wconf 77' lang='grc' dir='ltr'>Ἰσραὴλ</span> <span class='ocrx_word' id='word_1_365' title='bbox 3467 1994 3552 2039; x_wconf 86' lang='grc' dir='ltr'>καὶ</span> <span class='ocrx_word' id='word_1_366' title='bbox 3620 1988 3801 2039; x_wconf 64' lang='grc' dir='ltr'>εὐπαθὼν</span> 
     </span>
    </p>
   </div>
   <div class='ocr_carea' id='block_1_52' title="bbox 2260 2070 3804 2148">
    <p class='ocr_par' dir='ltr' id='par_1_52' title="bbox 2260 2070 3804 2148">
     <span class='ocr_line' id='line_1_52' title="bbox 2260 2070 3804 2148; baseline 0.001 -23"><span class='ocrx_word' id='word_1_367' title='bbox 2260 2074 2327 2133; x_wconf 88' lang='grc' dir='ltr'>εἰς</span> <span class='ocrx_word' id='word_1_368' title='bbox 2385 2070 2783 2148; x_wconf 86' lang='grc' dir='ltr'>εἰδωλολατρίαν</span> <span class='ocrx_word' id='word_1_369' title='bbox 2842 2075 3087 2137; x_wconf 83' lang='grc' dir='ltr'>πολλάκις</span> <span class='ocrx_word' id='word_1_370' title='bbox 3145 2076 3415 2139; x_wconf 83' lang='grc' dir='ltr'>ἐξὼλισθεν</span> <span class='ocrx_word' id='word_1_371' title='bbox 3482 2095 3498 2111; x_wconf 75' lang='grc'><strong><em>⁸</em></strong></span> <span class='ocrx_word' id='word_1_372' title='bbox 3558 2086 3635 2127; x_wconf 73' lang='grc' dir='ltr'>νῦν</span> <span class='ocrx_word' id='word_1_373' title='bbox 3684 2074 3731 2128; x_wconf 70' lang='grc' dir='ltr'>δε</span> <span class='ocrx_word' id='word_1_374' title='bbox 3764 2078 3804 2127; x_wconf 73' lang='grc' dir='ltr'>ον</span> 
     </span>
    </p>
   </div>
   <div class='ocr_carea' id='block_1_53' title="bbox 2259 2163 3803 2238">
    <p class='ocr_par' dir='ltr' id='par_1_53' title="bbox 2259 2163 3803 2238">
     <span class='ocr_line' id='line_1_53' title="bbox 2259 2163 3803 2238; baseline 0.005 -25"><span class='ocrx_word' id='word_1_375' title='bbox 2259 2164 2502 2233; x_wconf 74' lang='grc' dir='ltr'>καθαρῶς</span> <span class='ocrx_word' id='word_1_376' title='bbox 2550 2163 2747 2216; x_wconf 69' lang='grc' dir='ltr'>εὐσεϐεῖ</span> <span class='ocrx_word' id='word_1_377' title='bbox 2820 2169 2991 2235; x_wconf 86' lang='grc' dir='ltr'>μόνον,</span> <span class='ocrx_word' id='word_1_378' title='bbox 3050 2164 3175 2217; x_wconf 84' lang='grc' dir='ltr'>ἀλλὰ</span> <span class='ocrx_word' id='word_1_379' title='bbox 3251 2170 3340 2217; x_wconf 79' lang='grc' dir='ltr'>καὶ</span> <span class='ocrx_word' id='word_1_380' title='bbox 3434 2167 3685 2238; x_wconf 70' lang='grc' dir='ltr'>ὑπεραθλιῖ</span> <span class='ocrx_word' id='word_1_381' title='bbox 3735 2174 3803 2223; x_wconf 73' lang='grc' dir='ltr'>τῆς</span> 
     </span>
    </p>
   </div>
   <div class='ocr_carea' id='block_1_54' title="bbox 2261 2251 3807 2328">
    <p class='ocr_par' dir='ltr' id='par_1_54' title="bbox 2261 2251 3807 2328">
     <span class='ocr_line' id='line_1_54' title="bbox 2261 2251 3807 2328; baseline -0.001 -24"><span class='ocrx_word' id='word_1_382' title='bbox 2261 2251 2536 2317; x_wconf 71' lang='grc' dir='ltr'>εὐσεϐείας,</span> <span class='ocrx_word' id='word_1_383' title='bbox 2593 2259 2681 2305; x_wconf 83' lang='grc' dir='ltr'>καὶ</span> <span class='ocrx_word' id='word_1_384' title='bbox 2732 2253 2927 2305; x_wconf 81' lang='grc' dir='ltr'>πολλῶν</span> <span class='ocrx_word' id='word_1_385' title='bbox 3006 2263 3104 2305; x_wconf 76' lang='grc' dir='ltr'>τῶν</span> <span class='ocrx_word' id='word_1_386' title='bbox 3156 2255 3553 2328; x_wconf 74' lang='grc' dir='ltr'>πεπλανημένων</span> <span class='ocrx_word' id='word_1_387' title='bbox 3596 2258 3705 2327; x_wconf 84' lang='grc' dir='ltr'>πρὸς</span> <span class='ocrx_word' id='word_1_388' title='bbox 3744 2259 3807 2305; x_wconf 63' lang='grc' dir='ltr'>τὸν</span> 
     </span>
    </p>
   </div>
   <div class='ocr_carea' id='block_1_55' title="bbox 2263 2341 3807 2415">
    <p class='ocr_par' dir='ltr' id='par_1_55' title="bbox 2263 2341 3807 2415">
     <span class='ocr_line' id='line_1_55' title="bbox 2263 2341 3807 2415; baseline 0.001 -24"><span class='ocrx_word' id='word_1_389' title='bbox 2263 2341 2501 2399; x_wconf 78' lang='grc' dir='ltr'>ἀληθινὸν</span> <span class='ocrx_word' id='word_1_390' title='bbox 2575 2342 2951 2415; x_wconf 58' lang='grc' dir='ltr'>ἐπιστρέφουσι</span> <span class='ocrx_word' id='word_1_391' title='bbox 2996 2348 3082 2396; x_wconf 88' lang='grc' dir='ltr'>τὸν</span> <span class='ocrx_word' id='word_1_392' title='bbox 3131 2349 3270 2399; x_wconf 79' lang='grc' dir='ltr'>Θεὸν.</span> <span class='ocrx_word' id='word_1_393' title='bbox 3314 2344 3441 2403; x_wconf 77' lang='grc' dir='ltr'>ὀτε</span> <span class='ocrx_word' id='word_1_394' title='bbox 3493 2341 3576 2397; x_wconf 77' lang='grc' dir='ltr'>οὖν</span> <span class='ocrx_word' id='word_1_395' title='bbox 3614 2350 3692 2395; x_wconf 77' lang='grc' dir='ltr'>καὶ</span> <span class='ocrx_word' id='word_1_396' title='bbox 3732 2352 3807 2401; x_wconf 78' lang='grc' dir='ltr'>τοῖς</span> 
     </span>
    </p>
   </div>
   <div class='ocr_carea' id='block_1_56' title="bbox 2260 2428 3807 2505">
    <p class='ocr_par' dir='ltr' id='par_1_56' title="bbox 2260 2428 3807 2505">
     <span class='ocr_line' id='line_1_56' title="bbox 2260 2428 3807 2505; baseline 0.002 -25"><span class='ocrx_word' id='word_1_397' title='bbox 2260 2434 2353 2487; x_wconf 86' lang='grc' dir='ltr'>τὴν</span> <span class='ocrx_word' id='word_1_398' title='bbox 2384 2432 2546 2503; x_wconf 83' lang='grc' dir='ltr'>χάριν</span> <span class='ocrx_word' id='word_1_399' title='bbox 2602 2428 2909 2503; x_wconf 76' lang='grc' dir='ltr'>δεχομένοις</span> <span class='ocrx_word' id='word_1_400' title='bbox 2938 2430 3088 2485; x_wconf 71' lang='grc' dir='ltr'>ουδὶν</span> <span class='ocrx_word' id='word_1_401' title='bbox 3121 2437 3253 2486; x_wconf 88' lang='grc' dir='ltr'>κατά</span> <span class='ocrx_word' id='word_1_402' title='bbox 3295 2434 3485 2505; x_wconf 68' lang='grc' dir='ltr'>ψυχὴν</span> <span class='ocrx_word' id='word_1_403' title='bbox 3514 2433 3807 2486; x_wconf 78' lang='grc' dir='ltr'>λυσιτελέστεο</span> 
     </span>
    </p>
   </div>
   <div class='ocr_carea' id='block_1_57' title="bbox 2260 2520 3809 2593">
    <p class='ocr_par' dir='ltr' id='par_1_57' title="bbox 2260 2520 3809 2593">
     <span class='ocr_line' id='line_1_57' title="bbox 2260 2520 3809 2593; baseline 0.001 -23"><span class='ocrx_word' id='word_1_404' title='bbox 2260 2538 2347 2593; x_wconf 91' lang='grc' dir='ltr'>ρον</span> <span class='ocrx_word' id='word_1_405' title='bbox 2378 2520 2726 2584; x_wconf 75' lang='grc' dir='ltr'>ἐπακολουθεῖ,</span> <span class='ocrx_word' id='word_1_406' title='bbox 2776 2528 2864 2574; x_wconf 86' lang='grc' dir='ltr'>καὶ</span> <span class='ocrx_word' id='word_1_407' title='bbox 2916 2526 3033 2583; x_wconf 78' lang='grc' dir='ltr'>τοὺς</span> <span class='ocrx_word' id='word_1_408' title='bbox 3089 2522 3311 2575; x_wconf 67' lang='grc' dir='ltr'>εὐσεϐεῖν</span> <span class='ocrx_word' id='word_1_409' title='bbox 3352 2520 3429 2576; x_wconf 82' lang='grc' dir='ltr'>δι’</span> <span class='ocrx_word' id='word_1_410' title='bbox 3487 2524 3654 2582; x_wconf 64' lang='grc' dir='ltr'>αὐτοὺς</span> <span class='ocrx_word' id='word_1_411' title='bbox 3692 2522 3809 2593; x_wconf 75' lang='grc' dir='ltr'>ἀρξα-</span> 
     </span>
    </p>
   </div>
   <div class='ocr_carea' id='block_1_58' title="bbox 2263 2610 3811 2682">
    <p class='ocr_par' dir='ltr' id='par_1_58' title="bbox 2263 2610 3811 2682">
     <span class='ocr_line' id='line_1_58' title="bbox 2263 2610 3811 2682; baseline -0.001 -21"><span class='ocrx_word' id='word_1_412' title='bbox 2263 2614 2445 2681; x_wconf 79' lang='grc' dir='ltr'>μένους</span> <span class='ocrx_word' id='word_1_413' title='bbox 2492 2610 2601 2680; x_wconf 75' lang='grc'>(84)</span> <span class='ocrx_word' id='word_1_414' title='bbox 2670 2614 2727 2662; x_wconf 88' lang='grc' dir='ltr'>τὸ</span> <span class='ocrx_word' id='word_1_415' title='bbox 2764 2614 2990 2682; x_wconf 82' lang='grc' dir='ltr'>ἔσχατον</span> <span class='ocrx_word' id='word_1_416' title='bbox 3046 2616 3223 2679; x_wconf 83' lang='grc' dir='ltr'>κακὸν,</span> <span class='ocrx_word' id='word_1_417' title='bbox 3270 2616 3298 2670; x_wconf 80' lang='grc' dir='ltr'>ἡ</span> <span class='ocrx_word' id='word_1_418' title='bbox 3352 2610 3649 2677; x_wconf 73' lang='grc' dir='ltr'>δυσσέϐεια,</span> <span class='ocrx_word' id='word_1_419' title='bbox 3698 2610 3811 2662; x_wconf 65' lang='grc' dir='ltr'>πάλιν</span> 
     </span>
    </p>
   </div>
   <div class='ocr_carea' id='block_1_59' title="bbox 2265 2699 3811 2774">
    <p class='ocr_par' dir='ltr' id='par_1_59' title="bbox 2265 2699 3811 2774">
     <span class='ocr_line' id='line_1_59' title="bbox 2265 2699 3811 2774; baseline 0.004 -25"><span class='ocrx_word' id='word_1_420' title='bbox 2265 2701 2601 2773; x_wconf 74' lang='grc' dir='ltr'>ὑποχειρίους</span> <span class='ocrx_word' id='word_1_421' title='bbox 2630 2707 2783 2765; x_wconf 87' lang='grc' dir='ltr'>ποιεῖ,</span> <span class='ocrx_word' id='word_1_422' title='bbox 2830 2721 2989 2753; x_wconf 89' lang='grc' dir='ltr'>ποσον</span> <span class='ocrx_word' id='word_1_423' title='bbox 3044 2699 3103 2759; x_wconf 74' lang='grc' dir='ltr'>ἦν</span> <span class='ocrx_word' id='word_1_424' title='bbox 3161 2704 3365 2773; x_wconf 75' lang='grc' dir='ltr'>ἄμεινον</span> <span class='ocrx_word' id='word_1_425' title='bbox 3411 2708 3605 2755; x_wconf 80' lang='grc' dir='ltr'>καὶτὸν</span> <span class='ocrx_word' id='word_1_426' title='bbox 3646 2699 3811 2774; x_wconf 57' lang='grc' dir='ltr'>Ἰσραήλ</span> 
     </span>
    </p>
   </div>
   <div class='ocr_carea' id='block_1_60' title="bbox 2265 2789 3815 2863">
    <p class='ocr_par' dir='ltr' id='par_1_60' title="bbox 2265 2789 3815 2863">
     <span class='ocr_line' id='line_1_60' title="bbox 2265 2789 3815 2863; baseline 0 -25"><span class='ocrx_word' id='word_1_427' title='bbox 2265 2793 2385 2848; x_wconf 84' lang='grc' dir='ltr'>τέως</span> <span class='ocrx_word' id='word_1_428' title='bbox 2414 2798 2501 2848; x_wconf 82' lang='grc' dir='ltr'>τῆς</span> <span class='ocrx_word' id='word_1_429' title='bbox 2555 2789 2927 2859; x_wconf 77' lang='grc' dir='ltr'>αἰχμαλωσίας</span> <span class='ocrx_word' id='word_1_430' title='bbox 2964 2796 3034 2863; x_wconf 87' lang='grc' dir='ltr'>μὴ</span> <span class='ocrx_word' id='word_1_431' title='bbox 3092 2790 3391 2861; x_wconf 50' lang='grc' dir='ltr'>ἀναγαγεῖν,</span> <span class='ocrx_word' id='word_1_432' title='bbox 3454 2798 3540 2843; x_wconf 80' lang='grc' dir='ltr'>καὶ</span> <span class='ocrx_word' id='word_1_433' title='bbox 3582 2794 3687 2852; x_wconf 72' lang='grc' dir='ltr'>τοὺς</span> <span class='ocrx_word' id='word_1_434' title='bbox 3724 2790 3815 2861; x_wconf 68' lang='grc' dir='ltr'>ἄρτι</span> 
     </span>
    </p>
   </div>
   <div class='ocr_carea' id='block_1_61' title="bbox 2267 2878 3811 2951">
    <p class='ocr_par' dir='ltr' id='par_1_61' title="bbox 2267 2878 3811 2951">
     <span class='ocr_line' id='line_1_61' title="bbox 2267 2878 3811 2951; baseline 0.001 -23"><span class='ocrx_word' id='word_1_435' title='bbox 2267 2881 2390 2948; x_wconf 87' lang='grc' dir='ltr'>πρὸς</span> <span class='ocrx_word' id='word_1_436' title='bbox 2437 2882 2497 2928; x_wconf 84' lang='grc' dir='ltr'>τὸ</span> <span class='ocrx_word' id='word_1_437' title='bbox 2548 2887 2651 2949; x_wconf 74' lang='grc' dir='ltr'>φῶς</span> <span class='ocrx_word' id='word_1_438' title='bbox 2704 2878 3089 2950; x_wconf 69' lang='grc' dir='ltr'>ἀναϐλέψαντας</span> <span class='ocrx_word' id='word_1_439' title='bbox 3144 2890 3233 2940; x_wconf 79' lang='grc' dir='ltr'>τῆς</span> <span class='ocrx_word' id='word_1_440' title='bbox 3309 2883 3616 2951; x_wconf 80' lang='grc' dir='ltr'>θεογνωσίας</span> <span class='ocrx_word' id='word_1_441' title='bbox 3683 2879 3722 2930; x_wconf 63' lang='grc' dir='ltr'>ἐν</span> <span class='ocrx_word' id='word_1_442' title='bbox 3770 2885 3811 2946; x_wconf 67' lang='grc' dir='ltr'>τῇ</span> 
     </span>
    </p>
   </div>
   <div class='ocr_carea' id='block_1_62' title="bbox 2270 2966 3816 3041">
    <p class='ocr_par' dir='ltr' id='par_1_62' title="bbox 2270 2966 3816 3041">
     <span class='ocr_line' id='line_1_62' title="bbox 2270 2966 3816 3041; baseline -0.001 -25"><span class='ocrx_word' id='word_1_443' title='bbox 2270 2966 2399 3037; x_wconf 69' lang='grc' dir='ltr'>αὐτῇ</span> <span class='ocrx_word' id='word_1_444' title='bbox 2442 2974 2711 3041; x_wconf 77' lang='grc' dir='ltr'>συντηρεῖν</span> <span class='ocrx_word' id='word_1_445' title='bbox 2742 2967 2973 3039; x_wconf 70' lang='grc' dir='ltr'>εὐσεϐείᾳ</span> <span class='ocrx_word' id='word_1_446' title='bbox 3009 2969 3019 3023; x_wconf 87' lang='lat'><strong>!</strong></span> <span class='ocrx_word' id='word_1_447' title='bbox 3058 2968 3403 3035; x_wconf 81' lang='grc' dir='ltr'>Ἀπεστάλην,</span> <span class='ocrx_word' id='word_1_448' title='bbox 3460 2975 3569 3041; x_wconf 75' lang='grc' dir='ltr'>φὴς,</span> <span class='ocrx_word' id='word_1_449' title='bbox 3629 2972 3703 3020; x_wconf 75' lang='grc' dir='ltr'>τὸν</span> <span class='ocrx_word' id='word_1_450' title='bbox 3727 2966 3816 3016; x_wconf 62' lang='grc' dir='ltr'>λαὸν</span> 
     </span>
    </p>
   </div>
   <div class='ocr_carea' id='block_1_63' title="bbox 511 3054 2061 3138">
    <p class='ocr_par' dir='ltr' id='par_1_63' title="bbox 511 3056 2061 3129">
     <span class='ocr_line' id='line_1_63' title="bbox 511 3056 2061 3129; baseline -0.005 -11"><span class='ocrx_word' id='word_1_451' title='bbox 511 3062 610 3118; x_wconf 91' lang='lat' dir='ltr'>Dei</span> <span class='ocrx_word' id='word_1_452' title='bbox 642 3059 996 3129; x_wconf 89' lang='lat' dir='ltr'>cognitionis</span> <span class='ocrx_word' id='word_1_453' title='bbox 1020 3058 1363 3128; x_wconf 89' lang='lat' dir='ltr'>lucemjam</span> <span class='ocrx_word' id='word_1_454' title='bbox 1392 3061 1681 3128; x_wconf 89' lang='lat' dir='ltr'>spectant,</span> <span class='ocrx_word' id='word_1_455' title='bbox 1714 3057 1773 3111; x_wconf 92' lang='lat' dir='ltr'>in</span> <span class='ocrx_word' id='word_1_456' title='bbox 1806 3056 2015 3111; x_wconf 88' lang='lat' dir='ltr'>eadem</span> <span class='ocrx_word' id='word_1_457' title='bbox 2042 3072 2061 3126; x_wconf 65' lang='grc' dir='ltr'>ι</span> 
     </span>
    </p>
   </div>
   <div class='ocr_carea' id='block_1_64' title="bbox 2268 3054 3818 3138">
    <p class='ocr_par' dir='ltr' id='par_1_64' title="bbox 2272 3054 3818 3134">
     <span class='ocr_line' id='line_1_64' title="bbox 2272 3054 3818 3134; baseline 0.006 -27"><span class='ocrx_word' id='word_1_458' title='bbox 2272 3054 2706 3115; x_wconf 78' lang='grc' dir='ltr'>ἀποκαταστῆσαι</span> <span class='ocrx_word' id='word_1_459' title='bbox 2749 3066 2810 3129; x_wconf 75' lang='grc' dir='ltr'>τῇ</span> <span class='ocrx_word' id='word_1_460' title='bbox 2850 3056 3089 3131; x_wconf 83' lang='grc' dir='ltr'>πατρίδι.</span> <span class='ocrx_word' id='word_1_461' title='bbox 3126 3064 3257 3129; x_wconf 79' lang='grc' dir='ltr'>Ποία</span> <span class='ocrx_word' id='word_1_462' title='bbox 3305 3058 3533 3134; x_wconf 75' lang='grc' dir='ltr'>πατρίδι</span> <span class='ocrx_word' id='word_1_463' title='bbox 3580 3060 3682 3130; x_wconf 73' lang='grc'>(85)</span> <span class='ocrx_word' id='word_1_464' title='bbox 3710 3075 3721 3117; x_wconf 72' lang='grc' dir='ltr'>ζ</span> <span class='ocrx_word' id='word_1_465' title='bbox 3746 3057 3818 3106; x_wconf 70' lang='grc' dir='ltr'>Ἦν</span> 
     </span>
    </p>
   </div>
   <div class='ocr_carea' id='block_1_65' title="bbox 508 3144 2157 3218">
    <p class='ocr_par' dir='ltr' id='par_1_65' title="bbox 508 3144 2157 3218">
     <span class='ocr_line' id='line_1_65' title="bbox 508 3144 2157 3218; baseline -0.005 -11"><span class='ocrx_word' id='word_1_466' title='bbox 508 3155 629 3207; x_wconf 89' lang='lat' dir='ltr'>tate</span> <span class='ocrx_word' id='word_1_467' title='bbox 677 3148 1210 3206; x_wconf 82' lang='lat' dir='ltr'>conservarentur?</span> <span class='ocrx_word' id='word_1_468' title='bbox 1240 3146 1327 3201; x_wconf 90' lang='lat' dir='ltr'>Tu</span> <span class='ocrx_word' id='word_1_469' title='bbox 1370 3147 1617 3218; x_wconf 89' lang='lat' dir='ltr'>quidem</span> <span class='ocrx_word' id='word_1_470' title='bbox 1644 3148 1899 3201; x_wconf 90' lang='lat' dir='ltr'>missum</span> <span class='ocrx_word' id='word_1_471' title='bbox 1938 3150 1991 3200; x_wconf 92' lang='lat' dir='ltr'>te</span> <span class='ocrx_word' id='word_1_472' title='bbox 2048 3144 2157 3213; x_wconf 88' lang='lat' dir='ltr'>ais,</span> 
     </span>
    </p>
   </div>
   <div class='ocr_carea' id='block_1_66' title="bbox 513 3235 2163 3311">
    <p class='ocr_par' dir='ltr' id='par_1_66' title="bbox 513 3235 2163 3311">
     <span class='ocr_line' id='line_1_66' title="bbox 513 3235 2163 3311; baseline -0.004 -16"><span class='ocrx_word' id='word_1_473' title='bbox 513 3246 573 3295; x_wconf 90' lang='lat' dir='ltr'>ut</span> <span class='ocrx_word' id='word_1_474' title='bbox 619 3239 913 3311; x_wconf 89' lang='lat' dir='ltr'>populum</span> <span class='ocrx_word' id='word_1_475' title='bbox 948 3238 1151 3308; x_wconf 54' lang='lat' dir='ltr'>patrias</span> <span class='ocrx_word' id='word_1_476' title='bbox 1182 3252 1305 3291; x_wconf 65' lang='lat' dir='ltr'>suae</span> <span class='ocrx_word' id='word_1_477' title='bbox 1338 3235 1633 3291; x_wconf 90' lang='lat' dir='ltr'>restituas.</span> <span class='ocrx_word' id='word_1_478' title='bbox 1688 3235 1826 3301; x_wconf 74' lang='lat' dir='ltr'>Quae</span> <span class='ocrx_word' id='word_1_479' title='bbox 1886 3250 2022 3290; x_wconf 90' lang='lat' dir='ltr'>vero</span> <span class='ocrx_word' id='word_1_480' title='bbox 2077 3237 2163 3289; x_wconf 93' lang='lat' dir='ltr'>est</span> 
     </span>
    </p>
   </div>
   <div class='ocr_carea' id='block_1_67' title="bbox 510 3323 2162 3398">
    <p class='ocr_par' dir='ltr' id='par_1_67' title="bbox 510 3323 2162 3398">
     <span class='ocr_line' id='line_1_67' title="bbox 510 3323 2162 3398; baseline -0.003 -17"><span class='ocrx_word' id='word_1_481' title='bbox 510 3328 608 3383; x_wconf 90' lang='lat' dir='ltr'>illa</span> <span class='ocrx_word' id='word_1_482' title='bbox 629 3329 857 3398; x_wconf 88' lang='lat' dir='ltr'>patria?</span> <span class='ocrx_word' id='word_1_483' title='bbox 883 3330 961 3382; x_wconf 88' lang='lat' dir='ltr'>Ea</span> <span class='ocrx_word' id='word_1_484' title='bbox 993 3326 1188 3395; x_wconf 79' lang='lat' dir='ltr'>utique</span> <span class='ocrx_word' id='word_1_485' title='bbox 1218 3341 1405 3396; x_wconf 87' lang='lat' dir='ltr'>quam</span> <span class='ocrx_word' id='word_1_486' title='bbox 1427 3324 1765 3380; x_wconf 89' lang='lat' dir='ltr'>habitantes</span> <span class='ocrx_word' id='word_1_487' title='bbox 1789 3328 1847 3378; x_wconf 92' lang='lat' dir='ltr'>et</span> <span class='ocrx_word' id='word_1_488' title='bbox 1872 3323 2162 3379; x_wconf 60' lang='lat' dir='ltr'>daemoni-</span> 
     </span>
    </p>
   </div>
   <div class='ocr_carea' id='block_1_68' title="bbox 512 3412 2162 3484">
    <p class='ocr_par' dir='ltr' id='par_1_68' title="bbox 512 3412 2162 3484">
     <span class='ocr_line' id='line_1_68' title="bbox 512 3412 2162 3484; baseline -0.002 -13"><span class='ocrx_word' id='word_1_489' title='bbox 512 3417 624 3471; x_wconf 90' lang='lat' dir='ltr'>bus</span> <span class='ocrx_word' id='word_1_490' title='bbox 654 3433 824 3472; x_wconf 90' lang='lat' dir='ltr'>sacra</span> <span class='ocrx_word' id='word_1_491' title='bbox 852 3416 1157 3480; x_wconf 87' lang='lat' dir='ltr'>facientes,</span> <span class='ocrx_word' id='word_1_492' title='bbox 1202 3414 1510 3470; x_wconf 86' lang='lat' dir='ltr'>nidoribus</span> <span class='ocrx_word' id='word_1_493' title='bbox 1543 3418 1596 3469; x_wconf 91' lang='lat' dir='ltr'>et</span> <span class='ocrx_word' id='word_1_494' title='bbox 1640 3413 1915 3469; x_wconf 89' lang='lat' dir='ltr'>idolatria</span> <span class='ocrx_word' id='word_1_495' title='bbox 1942 3412 2162 3484; x_wconf 89' lang='lat' dir='ltr'>pollue-</span> 
     </span>
    </p>
   </div>
   <div class='ocr_carea' id='block_1_69' title="bbox 510 3502 2159 3561">
    <p class='ocr_par' dir='ltr' id='par_1_69' title="bbox 510 3502 2159 3561">
     <span class='ocr_line' id='line_1_69' title="bbox 510 3502 2159 3561; baseline -0.002 -1"><span class='ocrx_word' id='word_1_496' title='bbox 510 3509 666 3561; x_wconf 90' lang='lat' dir='ltr'>runt.</span> <span class='ocrx_word' id='word_1_497' title='bbox 702 3509 906 3560; x_wconf 87' lang='lat' dir='ltr'>Nonne</span> <span class='ocrx_word' id='word_1_498' title='bbox 935 3506 1147 3560; x_wconf 89' lang='lat' dir='ltr'>horum</span> <span class='ocrx_word' id='word_1_499' title='bbox 1182 3510 1422 3559; x_wconf 90' lang='lat' dir='ltr'>accusat</span> <span class='ocrx_word' id='word_1_500' title='bbox 1463 3520 1565 3559; x_wconf 89' lang='lat' dir='ltr'>eos</span> <span class='ocrx_word' id='word_1_501' title='bbox 1602 3502 1885 3558; x_wconf 85' lang='lat' dir='ltr'>Jeremias</span> <span class='ocrx_word' id='word_1_502' title='bbox 1919 3503 2159 3557; x_wconf 91' lang='lat' dir='ltr'>dicens:</span> 
     </span>
    </p>
   </div>
   <div class='ocr_carea' id='block_1_70' title="bbox 514 3590 2160 3649">
    <p class='ocr_par' dir='ltr' id='par_1_70' title="bbox 514 3590 2160 3649">
     <span class='ocr_line' id='line_1_70' title="bbox 514 3590 2160 3649; baseline -0.002 -1"><span class='ocrx_word' id='word_1_503' title='bbox 514 3616 541 3644; x_wconf 91' lang='grc'>‹‹</span> <span class='ocrx_word' id='word_1_504' title='bbox 575 3594 916 3649; x_wconf 91' lang='lat' dir='ltr'>Secundum</span> <span class='ocrx_word' id='word_1_505' title='bbox 948 3607 1268 3647; x_wconf 89' lang='lat' dir='ltr'>numerum</span> <span class='ocrx_word' id='word_1_506' title='bbox 1310 3592 1551 3646; x_wconf 84' lang='lat' dir='ltr'>urbium</span> <span class='ocrx_word' id='word_1_507' title='bbox 1592 3597 1829 3647; x_wconf 90' lang='lat' dir='ltr'>tuarum</span> <span class='ocrx_word' id='word_1_508' title='bbox 1858 3598 2024 3646; x_wconf 91' lang='lat' dir='ltr'>erant</span> <span class='ocrx_word' id='word_1_509' title='bbox 2060 3590 2160 3646; x_wconf 89' lang='lat' dir='ltr'>tibi</span> 
     </span>
    </p>
   </div>
   <div class='ocr_carea' id='block_1_71' title="bbox 513 3680 2162 3747">
    <p class='ocr_par' dir='ltr' id='par_1_71' title="bbox 513 3680 2162 3747">
     <span class='ocr_line' id='line_1_71' title="bbox 513 3680 2162 3747; baseline -0.003 -9"><span class='ocrx_word' id='word_1_510' title='bbox 513 3682 614 3747; x_wconf 91' lang='lat' dir='ltr'>dii,</span> <span class='ocrx_word' id='word_1_511' title='bbox 643 3698 678 3737; x_wconf 94' lang='grc' dir='ltr'>ο</span> <span class='ocrx_word' id='word_1_512' title='bbox 704 3681 880 3747; x_wconf 89' lang='lat' dir='ltr'>Juda,</span> <span class='ocrx_word' id='word_1_513' title='bbox 913 3685 970 3736; x_wconf 90' lang='lat' dir='ltr'>et</span> <span class='ocrx_word' id='word_1_514' title='bbox 1009 3680 1341 3735; x_wconf 90' lang='lat' dir='ltr'>secundum</span> <span class='ocrx_word' id='word_1_515' title='bbox 1365 3680 1526 3735; x_wconf 90' lang='lat' dir='ltr'>bivia</span> <span class='ocrx_word' id='word_1_516' title='bbox 1562 3681 1889 3736; x_wconf 86' lang='lat' dir='ltr'>Jerusalem</span> <span class='ocrx_word' id='word_1_517' title='bbox 1934 3680 2162 3735; x_wconf 78' lang='lat' dir='ltr'>sacriﬁ-</span> 
     </span>
    </p>
   </div>
   <div class='ocr_carea' id='block_1_72' title="bbox 513 3769 2164 3841">
    <p class='ocr_par' dir='ltr' id='par_1_72' title="bbox 513 3769 2164 3841">
     <span class='ocr_line' id='line_1_72' title="bbox 513 3769 2164 3841; baseline -0.002 -14"><span class='ocrx_word' id='word_1_518' title='bbox 513 3772 695 3829; x_wconf 89' lang='lat' dir='ltr'>cabas</span> <span class='ocrx_word' id='word_1_519' title='bbox 736 3770 893 3827; x_wconf 87' lang='lat' dir='ltr'>Baali</span> <span class='ocrx_word' id='word_1_520' title='bbox 932 3772 976 3806; x_wconf 83' lang='grc'>¹¹</span> <span class='ocrx_word' id='word_1_521' title='bbox 1017 3769 1045 3823; x_wconf 71' lang='lat' dir='ltr'>‘I</span> <span class='ocrx_word' id='word_1_522' title='bbox 1081 3792 1107 3818; x_wconf 74' lang='grc' dir='ltr'><strong>η</strong></span> <span class='ocrx_word' id='word_1_523' title='bbox 1144 3776 1301 3823; x_wconf 89' lang='lat' dir='ltr'>Tunc</span> <span class='ocrx_word' id='word_1_524' title='bbox 1330 3769 1574 3841; x_wconf 93' lang='lat' dir='ltr'>quidem</span> <span class='ocrx_word' id='word_1_525' title='bbox 1606 3787 1641 3825; x_wconf 86' lang='lat' dir='ltr'>a</span> <span class='ocrx_word' id='word_1_526' title='bbox 1678 3771 1796 3825; x_wconf 92' lang='lat' dir='ltr'>Deo</span> <span class='ocrx_word' id='word_1_527' title='bbox 1836 3770 2164 3824; x_wconf 89' lang='lat' dir='ltr'>innumeris</span> 
     </span>
    </p>
   </div>
   <div class='ocr_carea' id='block_1_73' title="bbox 514 3858 2166 3924">
    <p class='ocr_par' dir='ltr' id='par_1_73' title="bbox 514 3858 2166 3924">
     <span class='ocr_line' id='line_1_73' title="bbox 514 3858 2166 3924; baseline -0.002 -8"><span class='ocrx_word' id='word_1_528' title='bbox 514 3860 812 3916; x_wconf 86' lang='lat' dir='ltr'>beneﬁciis</span> <span class='ocrx_word' id='word_1_529' title='bbox 846 3858 1314 3924; x_wconf 86' lang='lat' dir='ltr'>inundabantur,</span> <span class='ocrx_word' id='word_1_530' title='bbox 1370 3858 1468 3913; x_wconf 92' lang='lat' dir='ltr'>sed</span> <span class='ocrx_word' id='word_1_531' title='bbox 1520 3859 1614 3913; x_wconf 91' lang='lat' dir='ltr'>vel</span> <span class='ocrx_word' id='word_1_532' title='bbox 1673 3860 1755 3914; x_wconf 82' lang='lat' dir='ltr'>sic</span> <span class='ocrx_word' id='word_1_533' title='bbox 1795 3876 1829 3914; x_wconf 93' lang='lat' dir='ltr'>a</span> <span class='ocrx_word' id='word_1_534' title='bbox 1862 3858 2086 3913; x_wconf 89' lang='lat' dir='ltr'>malitia</span> <span class='ocrx_word' id='word_1_535' title='bbox 2111 3864 2166 3913; x_wconf 94' lang='lat' dir='ltr'>et</span> 
     </span>
    </p>
   </div>
   <div class='ocr_carea' id='block_1_74' title="bbox 509 3946 2166 4022">
    <p class='ocr_par' dir='ltr' id='par_1_74' title="bbox 509 3946 2166 4022">
     <span class='ocr_line' id='line_1_74' title="bbox 509 3946 2166 4022; baseline -0.002 -15"><span class='ocrx_word' id='word_1_536' title='bbox 509 3951 811 4022; x_wconf 89' lang='lat' dir='ltr'>impietate</span> <span class='ocrx_word' id='word_1_537' title='bbox 834 3966 945 4005; x_wconf 92' lang='lat' dir='ltr'>sua</span> <span class='ocrx_word' id='word_1_538' title='bbox 962 3964 1082 4003; x_wconf 93' lang='lat' dir='ltr'>non</span> <span class='ocrx_word' id='word_1_539' title='bbox 1109 3946 1492 4004; x_wconf 88' lang='lat' dir='ltr'>desistebant.</span> <span class='ocrx_word' id='word_1_540' title='bbox 1514 3948 1647 4004; x_wconf 89' lang='lat' dir='ltr'>Jam</span> <span class='ocrx_word' id='word_1_541' title='bbox 1674 3965 1815 4004; x_wconf 85' lang='lat' dir='ltr'>vero</span> <span class='ocrx_word' id='word_1_542' title='bbox 1846 3949 2166 4004; x_wconf 90' lang='lat' dir='ltr'>innumera</span> 
     </span>
    </p>
   </div>
   <div class='ocr_carea' id='block_1_75' title="bbox 513 4037 2163 4110">
    <p class='ocr_par' dir='ltr' id='par_1_75' title="bbox 513 4037 2163 4110">
     <span class='ocr_line' id='line_1_75' title="bbox 513 4037 2163 4110; baseline -0.004 -15"><span class='ocrx_word' id='word_1_543' title='bbox 513 4039 671 4095; x_wconf 90' lang='lat' dir='ltr'>mala</span> <span class='ocrx_word' id='word_1_544' title='bbox 708 4039 1137 4110; x_wconf 90' lang='lat' dir='ltr'>perpetiuntur,</span> <span class='ocrx_word' id='word_1_545' title='bbox 1180 4052 1375 4108; x_wconf 88' lang='lat' dir='ltr'>neque</span> <span class='ocrx_word' id='word_1_546' title='bbox 1417 4042 1615 4093; x_wconf 90' lang='lat' dir='ltr'>tamen</span> <span class='ocrx_word' id='word_1_547' title='bbox 1647 4054 1681 4093; x_wconf 89' lang='lat' dir='ltr'>a</span> <span class='ocrx_word' id='word_1_548' title='bbox 1713 4039 1831 4093; x_wconf 92' lang='lat' dir='ltr'>Deo</span> <span class='ocrx_word' id='word_1_549' title='bbox 1858 4037 2163 4091; x_wconf 89' lang='lat' dir='ltr'>recedunt.</span> 
     </span>
    </p>
   </div>
   <div class='ocr_carea' id='block_1_76' title="bbox 512 4125 2169 4198">
    <p class='ocr_par' dir='ltr' id='par_1_76' title="bbox 512 4125 2169 4198">
     <span class='ocr_line' id='line_1_76' title="bbox 512 4125 2169 4198; baseline -0.002 -13"><span class='ocrx_word' id='word_1_550' title='bbox 512 4129 653 4194; x_wconf 89' lang='lat' dir='ltr'>Quis</span> <span class='ocrx_word' id='word_1_551' title='bbox 684 4128 864 4197; x_wconf 86' lang='lat' dir='ltr'>igitur</span> <span class='ocrx_word' id='word_1_552' title='bbox 888 4126 1107 4183; x_wconf 89' lang='lat' dir='ltr'>reditus</span> <span class='ocrx_word' id='word_1_553' title='bbox 1138 4126 1363 4181; x_wconf 88' lang='lat' dir='ltr'>fructus</span> <span class='ocrx_word' id='word_1_554' title='bbox 1390 4126 1498 4182; x_wconf 90' lang='lat' dir='ltr'>erit</span> <span class='ocrx_word' id='word_1_555' title='bbox 1526 4127 1554 4180; x_wconf 72' lang='lat' dir='ltr'><strong><em>‘I</em></strong></span> <span class='ocrx_word' id='word_1_556' title='bbox 1586 4129 1784 4198; x_wconf 86' lang='lat' dir='ltr'>Itaque</span> <span class='ocrx_word' id='word_1_557' title='bbox 1831 4125 2169 4181; x_wconf 88' lang='lat' dir='ltr'>resistentia</span> 
     </span>
    </p>
   </div>
   <div class='ocr_carea' id='block_1_77' title="bbox 510 4214 2165 4279">
    <p class='ocr_par' dir='ltr' id='par_1_77' title="bbox 510 4214 2165 4279">
     <span class='ocr_line' id='line_1_77' title="bbox 510 4214 2165 4279; baseline -0.004 -4"><span class='ocrx_word' id='word_1_558' title='bbox 510 4219 607 4275; x_wconf 89' lang='lat' dir='ltr'>hic</span> <span class='ocrx_word' id='word_1_559' title='bbox 632 4222 758 4273; x_wconf 89' lang='lat' dir='ltr'>erat</span> <span class='ocrx_word' id='word_1_560' title='bbox 777 4232 899 4272; x_wconf 92' lang='lat' dir='ltr'>non</span> <span class='ocrx_word' id='word_1_561' title='bbox 920 4215 1060 4272; x_wconf 90' lang='lat' dir='ltr'>mali</span> <span class='ocrx_word' id='word_1_562' title='bbox 1079 4214 1370 4271; x_wconf 83' lang='lat' dir='ltr'>adversus</span> <span class='ocrx_word' id='word_1_563' title='bbox 1398 4215 1649 4270; x_wconf 90' lang='lat' dir='ltr'>bonum.</span> <span class='ocrx_word' id='word_1_564' title='bbox 1678 4218 1803 4270; x_wconf 87' lang='lat' dir='ltr'>Non</span> <span class='ocrx_word' id='word_1_565' title='bbox 1832 4216 1985 4270; x_wconf 89' lang='lat' dir='ltr'>enim</span> <span class='ocrx_word' id='word_1_566' title='bbox 2008 4214 2165 4279; x_wconf 91' lang='lat' dir='ltr'>dicit,</span> 
     </span>
    </p>
   </div>
   <div class='ocr_carea' id='block_1_78' title="bbox 509 4303 2170 4379">
    <p class='ocr_par' dir='ltr' id='par_1_78' title="bbox 509 4303 2170 4379">
     <span class='ocr_line' id='line_1_78' title="bbox 509 4303 2170 4379; baseline -0.003 -16"><span class='ocrx_word' id='word_1_567' title='bbox 509 4307 841 4379; x_wconf 87' lang='lat' dir='ltr'>pugnabat,</span> <span class='ocrx_word' id='word_1_568' title='bbox 885 4304 983 4360; x_wconf 91' lang='lat' dir='ltr'>sed</span> <span class='ocrx_word' id='word_1_569' title='bbox 1024 4303 1355 4359; x_wconf 89' lang='lat' dir='ltr'>resistebat.</span> <span class='ocrx_word' id='word_1_570' title='bbox 1397 4304 1564 4375; x_wconf 76' lang='lat' dir='ltr'>Saepe</span> <span class='ocrx_word' id='word_1_571' title='bbox 1604 4303 1765 4359; x_wconf 92' lang='lat' dir='ltr'>enim</span> <span class='ocrx_word' id='word_1_572' title='bbox 1828 4303 1995 4358; x_wconf 87' lang='lat' dir='ltr'>datur</span> <span class='ocrx_word' id='word_1_573' title='bbox 2028 4303 2170 4358; x_wconf 88' lang='lat' dir='ltr'>resi-</span> 
     </span>
    </p>
   </div>
   <div class='ocr_carea' id='block_1_79' title="bbox 516 4392 2167 4465">
    <p class='ocr_par' dir='ltr' id='par_1_79' title="bbox 516 4392 2167 4465">
     <span class='ocr_line' id='line_1_79' title="bbox 516 4392 2167 4465; baseline -0.004 -13"><span class='ocrx_word' id='word_1_574' title='bbox 516 4396 729 4452; x_wconf 91' lang='lat' dir='ltr'>stentia</span> <span class='ocrx_word' id='word_1_575' title='bbox 754 4393 897 4465; x_wconf 88' lang='lat' dir='ltr'>justi</span> <span class='ocrx_word' id='word_1_576' title='bbox 929 4393 1219 4449; x_wconf 87' lang='lat' dir='ltr'>adversus</span> <span class='ocrx_word' id='word_1_577' title='bbox 1249 4393 1493 4457; x_wconf 91' lang='lat' dir='ltr'>bonum,</span> <span class='ocrx_word' id='word_1_578' title='bbox 1530 4393 1679 4447; x_wconf 87' lang='lat' dir='ltr'>sicut</span> <span class='ocrx_word' id='word_1_579' title='bbox 1710 4410 1863 4464; x_wconf 84' lang='lat' dir='ltr'>saepe</span> <span class='ocrx_word' id='word_1_580' title='bbox 1895 4392 2167 4447; x_wconf 87' lang='lat' dir='ltr'>humani-</span> 
     </span>
    </p>
   </div>
   <div class='ocr_carea' id='block_1_80' title="bbox 516 4480 2168 4553">
    <p class='ocr_par' dir='ltr' id='par_1_80' title="bbox 516 4480 2168 4553">
     <span class='ocr_line' id='line_1_80' title="bbox 516 4480 2168 4553; baseline -0.002 -13"><span class='ocrx_word' id='word_1_581' title='bbox 516 4494 609 4542; x_wconf 89' lang='lat' dir='ltr'>tas</span> <span class='ocrx_word' id='word_1_582' title='bbox 634 4484 835 4541; x_wconf 88' lang='lat' dir='ltr'>obstat</span> <span class='ocrx_word' id='word_1_583' title='bbox 862 4483 997 4553; x_wconf 84' lang='lat' dir='ltr'>legi,</span> <span class='ocrx_word' id='word_1_584' title='bbox 1030 4486 1085 4537; x_wconf 88' lang='lat' dir='ltr'>et</span> <span class='ocrx_word' id='word_1_585' title='bbox 1115 4482 1206 4538; x_wconf 83' lang='lat' dir='ltr'>lex</span> <span class='ocrx_word' id='word_1_586' title='bbox 1232 4480 1609 4539; x_wconf 89' lang='lat' dir='ltr'>humanitati.</span> <span class='ocrx_word' id='word_1_587' title='bbox 1636 4482 1753 4537; x_wconf 82' lang='lat' dir='ltr'>Lex</span> <span class='ocrx_word' id='word_1_588' title='bbox 1797 4482 1953 4537; x_wconf 93' lang='lat' dir='ltr'>enim</span> <span class='ocrx_word' id='word_1_589' title='bbox 1987 4482 2168 4538; x_wconf 91' lang='lat' dir='ltr'>delin-</span> 
     </span>
    </p>
   </div>
   <div class='ocr_carea' id='block_1_81' title="bbox 516 4571 2166 4646">
    <p class='ocr_par' dir='ltr' id='par_1_81' title="bbox 516 4571 2166 4646">
     <span class='ocr_line' id='line_1_81' title="bbox 516 4571 2166 4646; baseline 0 -18"><span class='ocrx_word' id='word_1_590' title='bbox 516 4578 797 4646; x_wconf 91' lang='lat' dir='ltr'>quentem</span> <span class='ocrx_word' id='word_1_591' title='bbox 829 4573 994 4643; x_wconf 91' lang='lat' dir='ltr'>punit</span> <span class='ocrx_word' id='word_1_592' title='bbox 1027 4589 1039 4637; x_wconf 90' lang='lat'>;</span> <span class='ocrx_word' id='word_1_593' title='bbox 1081 4576 1140 4626; x_wconf 90' lang='lat' dir='ltr'>at</span> <span class='ocrx_word' id='word_1_594' title='bbox 1169 4571 1483 4627; x_wconf 90' lang='lat' dir='ltr'>clementia</span> <span class='ocrx_word' id='word_1_595' title='bbox 1512 4572 1667 4641; x_wconf 90' lang='lat' dir='ltr'>regis</span> <span class='ocrx_word' id='word_1_596' title='bbox 1692 4571 1974 4627; x_wconf 91' lang='lat' dir='ltr'>eumdem</span> <span class='ocrx_word' id='word_1_597' title='bbox 2009 4588 2166 4644; x_wconf 76' lang='lat' dir='ltr'>saepe</span> 
     </span>
    </p>
   </div>
   <div class='ocr_carea' id='block_1_82' title="bbox 516 4660 2164 4734">
    <p class='ocr_par' dir='ltr' id='par_1_82' title="bbox 516 4660 2164 4734">
     <span class='ocr_line' id='line_1_82' title="bbox 516 4660 2164 4734; baseline -0.002 -15"><span class='ocrx_word' id='word_1_598' title='bbox 516 4664 845 4726; x_wconf 88' lang='lat' dir='ltr'>miseratur,</span> <span class='ocrx_word' id='word_1_599' title='bbox 878 4666 991 4718; x_wconf 90' lang='lat' dir='ltr'>eta</span> <span class='ocrx_word' id='word_1_600' title='bbox 1028 4676 1209 4734; x_wconf 62' lang='lat' dir='ltr'>paena</span> <span class='ocrx_word' id='word_1_601' title='bbox 1261 4660 1489 4717; x_wconf 89' lang='lat' dir='ltr'>liberat.</span> <span class='ocrx_word' id='word_1_602' title='bbox 1551 4661 1759 4732; x_wconf 84' lang='lat' dir='ltr'>Pugna</span> <span class='ocrx_word' id='word_1_603' title='bbox 1824 4662 2018 4733; x_wconf 84' lang='lat' dir='ltr'>itaque</span> <span class='ocrx_word' id='word_1_604' title='bbox 2069 4662 2164 4717; x_wconf 90' lang='lat' dir='ltr'>hic</span> 
     </span>
    </p>
   </div>
   <div class='ocr_carea' id='block_1_83' title="bbox 2270 3142 3821 3220">
    <p class='ocr_par' dir='ltr' id='par_1_83' title="bbox 2270 3142 3821 3220">
     <span class='ocr_line' id='line_1_83' title="bbox 2270 3142 3821 3220; baseline -0.001 -24"><span class='ocrx_word' id='word_1_605' title='bbox 2270 3145 2520 3206; x_wconf 71' lang='grc' dir='ltr'>οἰκοῦντες</span> <span class='ocrx_word' id='word_1_606' title='bbox 2551 3146 2757 3218; x_wconf 78' lang='grc' dir='ltr'>ἐμίαναν</span> <span class='ocrx_word' id='word_1_607' title='bbox 2804 3153 3028 3211; x_wconf 89' lang='grc' dir='ltr'>κνίσαις,</span> <span class='ocrx_word' id='word_1_608' title='bbox 3064 3144 3289 3220; x_wconf 85' lang='grc' dir='ltr'>δαίμοσι</span> <span class='ocrx_word' id='word_1_609' title='bbox 3318 3151 3542 3213; x_wconf 82' lang='grc' dir='ltr'>θύοντες,</span> <span class='ocrx_word' id='word_1_610' title='bbox 3584 3153 3663 3198; x_wconf 83' lang='grc' dir='ltr'>καὶ</span> <span class='ocrx_word' id='word_1_611' title='bbox 3709 3142 3821 3197; x_wconf 68' lang='grc' dir='ltr'>εἰδω-</span> 
     </span>
    </p>
   </div>
   <div class='ocr_carea' id='block_1_84' title="bbox 2269 3234 3818 3310">
    <p class='ocr_par' dir='ltr' id='par_1_84' title="bbox 2269 3234 3818 3310">
     <span class='ocr_line' id='line_1_84' title="bbox 2269 3234 3818 3310; baseline 0 -25"><span class='ocrx_word' id='word_1_612' title='bbox 2269 3234 2539 3305; x_wconf 87' lang='grc' dir='ltr'>λομανίαις</span> <span class='ocrx_word' id='word_1_613' title='bbox 2596 3253 2608 3264; x_wconf 85' lang='grc'><em>’</em></span> <span class='ocrx_word' id='word_1_614' title='bbox 2660 3236 2717 3287; x_wconf 70' lang='grc' dir='ltr'>οὗ</span> <span class='ocrx_word' id='word_1_615' title='bbox 2770 3244 2933 3288; x_wconf 78' lang='grc' dir='ltr'>ταυτα</span> <span class='ocrx_word' id='word_1_616' title='bbox 2979 3246 3260 3310; x_wconf 85' lang='grc' dir='ltr'>κατηγορεῖ</span> <span class='ocrx_word' id='word_1_617' title='bbox 3331 3237 3496 3309; x_wconf 75' lang='grc' dir='ltr'>λέγων</span> <span class='ocrx_word' id='word_1_618' title='bbox 3561 3239 3818 3309; x_wconf 79' lang='grc' dir='ltr'>Ἱερεμίας·</span> 
     </span>
    </p>
   </div>
   <div class='ocr_carea' id='block_1_85' title="bbox 2272 3324 3819 3397">
    <p class='ocr_par' dir='ltr' id='par_1_85' title="bbox 2272 3324 3819 3397">
     <span class='ocr_line' id='line_1_85' title="bbox 2272 3324 3819 3397; baseline -0.004 -20"><span class='ocrx_word' id='word_1_619' title='bbox 2272 3346 2299 3372; x_wconf 92' lang='grc'>‹‹</span> <span class='ocrx_word' id='word_1_620' title='bbox 2338 3325 2461 3377; x_wconf 80' lang='grc' dir='ltr'>Κατ’</span> <span class='ocrx_word' id='word_1_621' title='bbox 2529 3324 2745 3397; x_wconf 83' lang='grc' dir='ltr'>ἀριθμὸν</span> <span class='ocrx_word' id='word_1_622' title='bbox 2812 3334 2910 3378; x_wconf 85' lang='grc' dir='ltr'>τῶν</span> <span class='ocrx_word' id='word_1_623' title='bbox 2967 3327 3155 3379; x_wconf 84' lang='grc' dir='ltr'>πόλεών</span> <span class='ocrx_word' id='word_1_624' title='bbox 3189 3347 3281 3379; x_wconf 91' lang='grc' dir='ltr'>σου</span> <span class='ocrx_word' id='word_1_625' title='bbox 3332 3324 3474 3384; x_wconf 77' lang='grc' dir='ltr'>ἦσαν</span> <span class='ocrx_word' id='word_1_626' title='bbox 3508 3331 3555 3380; x_wconf 80' lang='grc' dir='ltr'>οἱ</span> <span class='ocrx_word' id='word_1_627' title='bbox 3602 3330 3694 3379; x_wconf 83' lang='grc' dir='ltr'>θεοί</span> <span class='ocrx_word' id='word_1_628' title='bbox 3734 3343 3819 3381; x_wconf 76' lang='grc' dir='ltr'>σον,</span> 
     </span>
    </p>
   </div>
   <div class='ocr_carea' id='block_1_86' title="bbox 2274 3412 3820 3490">
    <p class='ocr_par' dir='ltr' id='par_1_86' title="bbox 2274 3412 3820 3490">
     <span class='ocr_line' id='line_1_86' title="bbox 2274 3412 3820 3490; baseline 0 -23"><span class='ocrx_word' id='word_1_629' title='bbox 2274 3412 2452 3467; x_wconf 73' lang='grc' dir='ltr'>Ἰούδα</span> <span class='ocrx_word' id='word_1_630' title='bbox 2504 3432 2515 3443; x_wconf 88' lang='grc'><strong>·</strong></span> <span class='ocrx_word' id='word_1_631' title='bbox 2568 3420 2657 3466; x_wconf 87' lang='grc' dir='ltr'>καὶ</span> <span class='ocrx_word' id='word_1_632' title='bbox 2710 3418 2843 3467; x_wconf 87' lang='grc' dir='ltr'>κατά</span> <span class='ocrx_word' id='word_1_633' title='bbox 2874 3419 2938 3467; x_wconf 87' lang='grc' dir='ltr'>τά</span> <span class='ocrx_word' id='word_1_634' title='bbox 2985 3413 3592 3490; x_wconf 73' lang='grc' dir='ltr'>ἀμφόδιαΊερουσαλὴμ</span> <span class='ocrx_word' id='word_1_635' title='bbox 3638 3418 3820 3480; x_wconf 66' lang='grc' dir='ltr'>ἓθυεςτξ</span> 
     </span>
    </p>
   </div>
   <div class='ocr_carea' id='block_1_87' title="bbox 2272 3503 3822 3579">
    <p class='ocr_par' dir='ltr' id='par_1_87' title="bbox 2272 3503 3822 3579">
     <span class='ocr_line' id='line_1_87' title="bbox 2272 3503 3822 3579; baseline -0.001 -26"><span class='ocrx_word' id='word_1_636' title='bbox 2272 3503 2408 3554; x_wconf 85' lang='grc' dir='ltr'>Βαάλ</span> <span class='ocrx_word' id='word_1_637' title='bbox 2440 3504 2553 3573; x_wconf 85' lang='grc'>(86)</span> <span class='ocrx_word' id='word_1_638' title='bbox 2589 3521 2599 3532; x_wconf 79' lang='grc'><strong><em>⁸</em></strong></span> <span class='ocrx_word' id='word_1_639' title='bbox 2634 3525 2659 3554; x_wconf 87' lang='grc'><strong>)›</strong></span> <span class='ocrx_word' id='word_1_640' title='bbox 2709 3510 2919 3577; x_wconf 88' lang='grc' dir='ltr'>μυρίοις</span> <span class='ocrx_word' id='word_1_641' title='bbox 2962 3512 3075 3558; x_wconf 87' lang='grc' dir='ltr'>τοτε</span> <span class='ocrx_word' id='word_1_642' title='bbox 3118 3510 3259 3579; x_wconf 85' lang='grc' dir='ltr'>παρά</span> <span class='ocrx_word' id='word_1_643' title='bbox 3303 3516 3443 3559; x_wconf 69' lang='grc' dir='ltr'>Θεοῦ</span> <span class='ocrx_word' id='word_1_644' title='bbox 3488 3505 3822 3579; x_wconf 78' lang='grc' dir='ltr'>περιεκλνζοντο</span> 
     </span>
    </p>
   </div>
   <div class='ocr_carea' id='block_1_88' title="bbox 2273 3590 3823 3663">
    <p class='ocr_par' dir='ltr' id='par_1_88' title="bbox 2273 3590 3823 3663">
     <span class='ocr_line' id='line_1_88' title="bbox 2273 3590 3823 3663; baseline 0.001 -20"><span class='ocrx_word' id='word_1_645' title='bbox 2273 3590 2507 3663; x_wconf 78' lang='grc' dir='ltr'>ἀγαθοῖς,</span> <span class='ocrx_word' id='word_1_646' title='bbox 2568 3599 2656 3646; x_wconf 87' lang='grc' dir='ltr'>καὶ</span> <span class='ocrx_word' id='word_1_647' title='bbox 2710 3604 2805 3655; x_wconf 85' lang='grc' dir='ltr'>τῆς</span> <span class='ocrx_word' id='word_1_648' title='bbox 2857 3601 3043 3655; x_wconf 89' lang='grc' dir='ltr'>κακίας</span> <span class='ocrx_word' id='word_1_649' title='bbox 3099 3601 3187 3647; x_wconf 84' lang='grc' dir='ltr'>καὶ</span> <span class='ocrx_word' id='word_1_650' title='bbox 3245 3595 3487 3657; x_wconf 83' lang='grc' dir='ltr'>ἀσεϐείας</span> <span class='ocrx_word' id='word_1_651' title='bbox 3538 3596 3626 3649; x_wconf 69' lang='grc' dir='ltr'>οὐκ</span> <span class='ocrx_word' id='word_1_652' title='bbox 3672 3593 3823 3662; x_wconf 60' lang='grc' dir='ltr'>ἀνεχώ-</span> 
     </span>
    </p>
   </div>
   <div class='ocr_carea' id='block_1_89' title="bbox 2272 3686 3825 3756">
    <p class='ocr_par' dir='ltr' id='par_1_89' title="bbox 2272 3686 3825 3756">
     <span class='ocr_line' id='line_1_89' title="bbox 2272 3686 3825 3756; baseline -0.002 -23"><span class='ocrx_word' id='word_1_653' title='bbox 2272 3700 2430 3751; x_wconf 79' lang='grc' dir='ltr'>ρουν’</span> <span class='ocrx_word' id='word_1_654' title='bbox 2486 3688 2649 3756; x_wconf 88' lang='grc' dir='ltr'>μυρία</span> <span class='ocrx_word' id='word_1_655' title='bbox 2712 3692 2796 3735; x_wconf 80' lang='grc' dir='ltr'>νῦν</span> <span class='ocrx_word' id='word_1_656' title='bbox 2864 3686 3181 3753; x_wconf 72' lang='grc' dir='ltr'>ὑπομένουσί</span> <span class='ocrx_word' id='word_1_657' title='bbox 3238 3689 3397 3753; x_wconf 67' lang='grc' dir='ltr'>κακέ(⁹</span> <span class='ocrx_word' id='word_1_658' title='bbox 3457 3694 3542 3737; x_wconf 76' lang='grc' dir='ltr'>και</span> <span class='ocrx_word' id='word_1_659' title='bbox 3599 3692 3679 3736; x_wconf 76' lang='grc' dir='ltr'>τοῦ</span> <span class='ocrx_word' id='word_1_660' title='bbox 3725 3688 3825 3733; x_wconf 70' lang='lat' dir='ltr'>em</span> 
     </span>
    </p>
   </div>
   <div class='ocr_carea' id='block_1_90' title="bbox 2274 3765 3825 3842">
    <p class='ocr_par' dir='ltr' id='par_1_90' title="bbox 2274 3765 3825 3842">
     <span class='ocr_line' id='line_1_90' title="bbox 2274 3765 3825 3842; baseline -0.003 -22"><span class='ocrx_word' id='word_1_661' title='bbox 2274 3769 2367 3821; x_wconf 70' lang='grc' dir='ltr'>οὐκ</span> <span class='ocrx_word' id='word_1_662' title='bbox 2418 3770 2743 3842; x_wconf 58' lang='grc' dir='ltr'>ἀφίστανται.</span> <span class='ocrx_word' id='word_1_663' title='bbox 2782 3778 2844 3824; x_wconf 88' lang='grc' dir='ltr'>Τί</span> <span class='ocrx_word' id='word_1_664' title='bbox 2894 3776 3005 3825; x_wconf 79' lang='grc' dir='ltr'>ποτ’</span> <span class='ocrx_word' id='word_1_665' title='bbox 3056 3770 3143 3825; x_wconf 71' lang='grc' dir='ltr'>οὖν</span> <span class='ocrx_word' id='word_1_666' title='bbox 3187 3777 3333 3826; x_wconf 83' lang='grc' dir='ltr'>ἔσται</span> <span class='ocrx_word' id='word_1_667' title='bbox 3382 3778 3445 3826; x_wconf 85' lang='grc' dir='ltr'>τὸ</span> <span class='ocrx_word' id='word_1_668' title='bbox 3494 3782 3582 3835; x_wconf 76' lang='grc' dir='ltr'>τῆς</span> <span class='ocrx_word' id='word_1_669' title='bbox 3623 3765 3825 3824; x_wconf 51' lang='lat' dir='ltr'>iunctio:</span> 
     </span>
    </p>
   </div>
   <div class='ocr_carea' id='block_1_91' title="bbox 2274 3856 3828 3934">
    <p class='ocr_par' dir='ltr' id='par_1_91' title="bbox 2274 3856 3828 3934">
     <span class='ocr_line' id='line_1_91' title="bbox 2274 3856 3828 3934; baseline 0.001 -24"><span class='ocrx_word' id='word_1_670' title='bbox 2274 3856 2498 3933; x_wconf 77' lang='grc' dir='ltr'>κέρδος;</span> <span class='ocrx_word' id='word_1_671' title='bbox 2540 3860 2635 3912; x_wconf 78' lang='grc' dir='ltr'>Ἦν</span> <span class='ocrx_word' id='word_1_672' title='bbox 2681 3866 2847 3913; x_wconf 84' lang='grc' dir='ltr'>τοίνυν</span> <span class='ocrx_word' id='word_1_673' title='bbox 2896 3864 2925 3919; x_wconf 78' lang='grc' dir='ltr'><em>ἡ</em></span> <span class='ocrx_word' id='word_1_674' title='bbox 2978 3862 3362 3923; x_wconf 83' lang='grc' dir='ltr'>ἀντίστασιςού</span> <span class='ocrx_word' id='word_1_675' title='bbox 3395 3873 3562 3915; x_wconf 76' lang='grc' dir='ltr'>κακοῦ</span> <span class='ocrx_word' id='word_1_676' title='bbox 3600 3859 3828 3934; x_wconf 64' lang='grc' dir='ltr'>πρὸςὰνιςί·</span> 
     </span>
    </p>
   </div>
   <div class='ocr_carea' id='block_1_92' title="bbox 2279 3947 3825 4023">
    <p class='ocr_par' dir='ltr' id='par_1_92' title="bbox 2279 3947 3825 4023">
     <span class='ocr_line' id='line_1_92' title="bbox 2279 3947 3825 4023; baseline 0.003 -24"><span class='ocrx_word' id='word_1_677' title='bbox 2279 3950 2401 3999; x_wconf 82' lang='grc' dir='ltr'>θον·</span> <span class='ocrx_word' id='word_1_678' title='bbox 2434 3949 2492 4000; x_wconf 67' lang='grc' dir='ltr'>οὐ</span> <span class='ocrx_word' id='word_1_679' title='bbox 2551 3951 2651 4022; x_wconf 82' lang='grc' dir='ltr'>γὰρ</span> <span class='ocrx_word' id='word_1_680' title='bbox 2713 3947 2867 4015; x_wconf 86' lang='grc' dir='ltr'>εἶπεν,</span> <span class='ocrx_word' id='word_1_681' title='bbox 2921 3950 3168 4023; x_wconf 81' lang='grc' dir='ltr'>ἐμάχετο,</span> <span class='ocrx_word' id='word_1_682' title='bbox 3224 3951 3353 4016; x_wconf 83' lang='grc' dir='ltr'>ἀλλ’,</span> <span class='ocrx_word' id='word_1_683' title='bbox 3411 3953 3722 4006; x_wconf 79' lang='grc' dir='ltr'>ἀνθίστατο·</span> <span class='ocrx_word' id='word_1_684' title='bbox 3761 3950 3825 3995; x_wconf 61' lang='grc' dir='ltr'>καὶ</span> 
     </span>
    </p>
   </div>
   <div class='ocr_carea' id='block_1_93' title="bbox 2274 4038 3827 4113">
    <p class='ocr_par' dir='ltr' id='par_1_93' title="bbox 2274 4038 3827 4113">
     <span class='ocr_line' id='line_1_93' title="bbox 2274 4038 3827 4113; baseline 0.003 -25"><span class='ocrx_word' id='word_1_685' title='bbox 2274 4040 2375 4111; x_wconf 81' lang='grc' dir='ltr'>γὰρ</span> <span class='ocrx_word' id='word_1_686' title='bbox 2424 4040 2535 4089; x_wconf 80' lang='grc' dir='ltr'>ἔστι</span> <span class='ocrx_word' id='word_1_687' title='bbox 2583 4038 2825 4099; x_wconf 87' lang='grc' dir='ltr'>πολλάκις</span> <span class='ocrx_word' id='word_1_688' title='bbox 2864 4038 3170 4102; x_wconf 87' lang='grc' dir='ltr'>ἀντίστασις</span> <span class='ocrx_word' id='word_1_689' title='bbox 3224 4038 3443 4095; x_wconf 89' lang='grc' dir='ltr'>δικαίου</span> <span class='ocrx_word' id='word_1_690' title='bbox 3490 4046 3617 4113; x_wconf 83' lang='grc' dir='ltr'>πρὸς</span> <span class='ocrx_word' id='word_1_691' title='bbox 3659 4039 3827 4109; x_wconf 64' lang='grc' dir='ltr'>ἀγαθον.</span> 
     </span>
    </p>
   </div>
   <div class='ocr_carea' id='block_1_94' title="bbox 2279 4125 3828 4203">
    <p class='ocr_par' dir='ltr' id='par_1_94' title="bbox 2279 4125 3828 4203">
     <span class='ocr_line' id='line_1_94' title="bbox 2279 4125 3828 4203; baseline 0.002 -27"><span class='ocrx_word' id='word_1_692' title='bbox 2279 4130 2343 4186; x_wconf 81' lang='grc' dir='ltr'>ὡς</span> <span class='ocrx_word' id='word_1_693' title='bbox 2421 4125 2730 4179; x_wconf 78' lang='grc' dir='ltr'>ἀνθίσταται</span> <span class='ocrx_word' id='word_1_694' title='bbox 2806 4128 3054 4190; x_wconf 83' lang='grc' dir='ltr'>πολλάκις</span> <span class='ocrx_word' id='word_1_695' title='bbox 3117 4136 3256 4201; x_wconf 83' lang='grc' dir='ltr'>νομῳ</span> <span class='ocrx_word' id='word_1_696' title='bbox 3335 4131 3703 4203; x_wconf 73' lang='grc' dir='ltr'>φιλανθρωπία,</span> <span class='ocrx_word' id='word_1_697' title='bbox 3766 4127 3828 4173; x_wconf 71' lang='grc' dir='ltr'>καὶ</span> 
     </span>
    </p>
   </div>
   <div class='ocr_carea' id='block_1_95' title="bbox 2280 4215 3832 4295">
    <p class='ocr_par' dir='ltr' id='par_1_95' title="bbox 2280 4215 3832 4295">
     <span class='ocr_line' id='line_1_95' title="bbox 2280 4215 3832 4295; baseline 0.001 -29"><span class='ocrx_word' id='word_1_698' title='bbox 2280 4215 2639 4288; x_wconf 80' lang='grc' dir='ltr'>φιλανθρωπίᾳ</span> <span class='ocrx_word' id='word_1_699' title='bbox 2689 4221 2858 4289; x_wconf 86' lang='grc' dir='ltr'>νόμος.</span> <span class='ocrx_word' id='word_1_700' title='bbox 2912 4218 2968 4269; x_wconf 78' lang='grc' dir='ltr'><strong>Ὀ</strong></span> <span class='ocrx_word' id='word_1_701' title='bbox 3026 4223 3177 4290; x_wconf 82' lang='grc' dir='ltr'>νόμος</span> <span class='ocrx_word' id='word_1_702' title='bbox 3234 4222 3319 4271; x_wconf 87' lang='grc' dir='ltr'>τὸν</span> <span class='ocrx_word' id='word_1_703' title='bbox 3373 4220 3735 4295; x_wconf 65' lang='grc' dir='ltr'>ἁμαρτήσαντα</span> <span class='ocrx_word' id='word_1_704' title='bbox 3772 4232 3832 4263; x_wconf 69' lang='grc' dir='ltr'>κῦ-</span> 
     </span>
    </p>
   </div>
   <div class='ocr_carea' id='block_1_96' title="bbox 2278 4304 3832 4380">
    <p class='ocr_par' dir='ltr' id='par_1_96' title="bbox 2278 4304 3832 4380">
     <span class='ocr_line' id='line_1_96' title="bbox 2278 4304 3832 4380; baseline -0.001 -25"><span class='ocrx_word' id='word_1_705' title='bbox 2278 4304 2443 4365; x_wconf 77' lang='grc' dir='ltr'>λάςει.</span> <span class='ocrx_word' id='word_1_706' title='bbox 2494 4306 2856 4380; x_wconf 79' lang='grc' dir='ltr'>Φιλανθρωπία</span> <span class='ocrx_word' id='word_1_707' title='bbox 2904 4306 3149 4369; x_wconf 85' lang='grc' dir='ltr'>πολλάκις</span> <span class='ocrx_word' id='word_1_708' title='bbox 3200 4307 3466 4379; x_wconf 77' lang='grc' dir='ltr'>βασιλέως</span> <span class='ocrx_word' id='word_1_709' title='bbox 3512 4314 3596 4361; x_wconf 79' lang='grc' dir='ltr'>τὸν</span> <span class='ocrx_word' id='word_1_710' title='bbox 3646 4306 3832 4376; x_wconf 68' lang='grc' dir='ltr'>ἁμαρτί·</span> 
     </span>
    </p>
   </div>
   <div class='ocr_carea' id='block_1_97' title="bbox 2282 4386 3831 4470">
    <p class='ocr_par' dir='ltr' id='par_1_97' title="bbox 2282 4386 3831 4470">
     <span class='ocr_line' id='line_1_97' title="bbox 2282 4386 3831 4470; baseline 0 -26"><span class='ocrx_word' id='word_1_711' title='bbox 2282 4411 2445 4445; x_wconf 89' lang='grc' dir='ltr'>σαντα</span> <span class='ocrx_word' id='word_1_712' title='bbox 2493 4393 2635 4462; x_wconf 83' lang='grc' dir='ltr'>ἐλεεῖ,</span> <span class='ocrx_word' id='word_1_713' title='bbox 2675 4402 2763 4447; x_wconf 82' lang='grc' dir='ltr'>καὶ</span> <span class='ocrx_word' id='word_1_714' title='bbox 2814 4395 3089 4470; x_wconf 81' lang='grc' dir='ltr'>ἐξαρπάζει</span> <span class='ocrx_word' id='word_1_715' title='bbox 3142 4406 3237 4457; x_wconf 79' lang='grc' dir='ltr'>τῆς</span> <span class='ocrx_word' id='word_1_716' title='bbox 3290 4403 3571 4469; x_wconf 86' lang='grc' dir='ltr'>τιμωρίας.</span> <span class='ocrx_word' id='word_1_717' title='bbox 3623 4391 3729 4447; x_wconf 72' lang='lat' dir='ltr'>&#39;no&quot;</span> <span class='ocrx_word' id='word_1_718' title='bbox 3768 4386 3831 4441; x_wconf 66' lang='grc' dir='ltr'>οὖν</span> 
     </span>
    </p>
   </div>
   <div class='ocr_carea' id='block_1_98' title="bbox 2278 4484 3832 4560">
    <p class='ocr_par' dir='ltr' id='par_1_98' title="bbox 2278 4484 3832 4560">
     <span class='ocr_line' id='line_1_98' title="bbox 2278 4484 3832 4560; baseline 0.001 -26"><span class='ocrx_word' id='word_1_719' title='bbox 2278 4484 2306 4539; x_wconf 81' lang='grc' dir='ltr'>ἡ</span> <span class='ocrx_word' id='word_1_720' title='bbox 2341 4486 2493 4554; x_wconf 82' lang='grc' dir='ltr'>μάχη</span> <span class='ocrx_word' id='word_1_721' title='bbox 2527 4484 2619 4535; x_wconf 71' lang='grc' dir='ltr'>οὐκ</span> <span class='ocrx_word' id='word_1_722' title='bbox 2674 4484 2903 4537; x_wconf 85' lang='grc' dir='ltr'>ἐναντίου</span> <span class='ocrx_word' id='word_1_723' title='bbox 2956 4490 3085 4560; x_wconf 78' lang='grc' dir='ltr'>πρὸς</span> <span class='ocrx_word' id='word_1_724' title='bbox 3135 4490 3378 4551; x_wconf 83' lang='grc' dir='ltr'>ἐναντίον,</span> <span class='ocrx_word' id='word_1_725' title='bbox 3426 4487 3554 4539; x_wconf 75' lang='grc' dir='ltr'>ἀλλὰ</span> <span class='ocrx_word' id='word_1_726' title='bbox 3604 4486 3832 4553; x_wconf 57' lang='grc' dir='ltr'>συγγενῶς</span> 
     </span>
    </p>
   </div>
   <div class='ocr_carea' id='block_1_99' title="bbox 2275 4572 3830 4648">
    <p class='ocr_par' dir='ltr' id='par_1_99' title="bbox 2275 4572 3830 4648">
     <span class='ocr_line' id='line_1_99' title="bbox 2275 4572 3830 4648; baseline 0 -26"><span class='ocrx_word' id='word_1_727' title='bbox 2275 4576 2400 4643; x_wconf 83' lang='grc' dir='ltr'>πρὸς</span> <span class='ocrx_word' id='word_1_728' title='bbox 2432 4577 2693 4644; x_wconf 85' lang='grc' dir='ltr'>συγγενές.</span> <span class='ocrx_word' id='word_1_729' title='bbox 2728 4574 2859 4626; x_wconf 71' lang='grc' dir='ltr'>Οὔτε</span> <span class='ocrx_word' id='word_1_730' title='bbox 2901 4578 3002 4648; x_wconf 81' lang='grc' dir='ltr'>γὰρ</span> <span class='ocrx_word' id='word_1_731' title='bbox 3034 4578 3090 4626; x_wconf 88' lang='grc' dir='ltr'>τὸ</span> <span class='ocrx_word' id='word_1_732' title='bbox 3137 4572 3342 4627; x_wconf 86' lang='grc' dir='ltr'>δίκαιον</span> <span class='ocrx_word' id='word_1_733' title='bbox 3394 4576 3492 4639; x_wconf 79' lang='grc' dir='ltr'>ἔξω</span> <span class='ocrx_word' id='word_1_734' title='bbox 3532 4574 3830 4646; x_wconf 68' lang='grc' dir='ltr'>ἀγαθοπτθς.</span> 
     </span>
    </p>
   </div>
   <div class='ocr_carea' id='block_1_100' title="bbox 2275 4660 3550 4739">
    <p class='ocr_par' dir='ltr' id='par_1_100' title="bbox 2275 4660 3550 4739">
     <span class='ocr_line' id='line_1_100' title="bbox 2275 4660 3550 4739; baseline 0.004 -28"><span class='ocrx_word' id='word_1_735' title='bbox 2275 4664 2390 4712; x_wconf 69' lang='grc' dir='ltr'>οὔτε</span> <span class='ocrx_word' id='word_1_736' title='bbox 2416 4664 2473 4711; x_wconf 87' lang='grc' dir='ltr'>τὸ</span> <span class='ocrx_word' id='word_1_737' title='bbox 2501 4660 2694 4732; x_wconf 82' lang='grc' dir='ltr'>ἀγαθὸν</span> <span class='ocrx_word' id='word_1_738' title='bbox 2734 4663 2827 4725; x_wconf 81' lang='grc' dir='ltr'>ἔξω</span> <span class='ocrx_word' id='word_1_739' title='bbox 2859 4660 3205 4726; x_wconf 79' lang='grc' dir='ltr'>δικαιοσύνης</span> <span class='ocrx_word' id='word_1_740' title='bbox 3230 4666 3550 4739; x_wconf 74' lang='grc' dir='ltr'>εὑρίσκεται.</span> 
     </span>
    </p>
   </div>
   <div class='ocr_carea' id='block_1_101' title="bbox 514 4746 3826 4825">
    <p class='ocr_par' dir='ltr' id='par_1_101' title="bbox 514 4746 3826 4825">
     <span class='ocr_line' id='line_1_101' title="bbox 514 4746 3826 4825; baseline -0.002 -18"><span class='ocrx_word' id='word_1_741' title='bbox 514 4756 601 4807; x_wconf 88' lang='lat' dir='ltr'>est</span> <span class='ocrx_word' id='word_1_742' title='bbox 639 4767 754 4807; x_wconf 92' lang='lat' dir='ltr'>non</span> <span class='ocrx_word' id='word_1_743' title='bbox 808 4750 1022 4807; x_wconf 89' lang='lat' dir='ltr'>inimici</span> <span class='ocrx_word' id='word_1_744' title='bbox 1079 4749 1367 4807; x_wconf 89' lang='lat' dir='ltr'>adversus</span> <span class='ocrx_word' id='word_1_745' title='bbox 1405 4749 1724 4816; x_wconf 88' lang='lat' dir='ltr'>inimicum,</span> <span class='ocrx_word' id='word_1_746' title='bbox 1766 4750 1871 4806; x_wconf 92' lang='lat' dir='ltr'>sed</span> <span class='ocrx_word' id='word_1_747' title='bbox 1898 4751 2135 4823; x_wconf 89' lang='lat' dir='ltr'>cognati</span> <span class='ocrx_word' id='word_1_748' title='bbox 2175 4751 2461 4808; x_wconf 88' lang='lat' dir='ltr'>adversus</span> <span class='ocrx_word' id='word_1_749' title='bbox 2498 4757 2846 4823; x_wconf 78' lang='lat' dir='ltr'>COgnatum.</span> <span class='ocrx_word' id='word_1_750' title='bbox 2880 4755 3079 4825; x_wconf 88' lang='lat' dir='ltr'>Neque</span> <span class='ocrx_word' id='word_1_751' title='bbox 3102 4754 3262 4809; x_wconf 92' lang='lat' dir='ltr'>enim</span> <span class='ocrx_word' id='word_1_752' title='bbox 3288 4754 3519 4823; x_wconf 82' lang='lat' dir='ltr'>justitia</span> <span class='ocrx_word' id='word_1_753' title='bbox 3551 4753 3671 4809; x_wconf 83' lang='lat' dir='ltr'>sine</span> <span class='ocrx_word' id='word_1_754' title='bbox 3695 4746 3826 4804; x_wconf 78' lang='lat' dir='ltr'>boni~</span> 
     </span>
    </p>
   </div>
   <div class='ocr_carea' id='block_1_102' title="bbox 524 4838 1760 4913">
    <p class='ocr_par' dir='ltr' id='par_1_102' title="bbox 524 4838 1760 4913">
     <span class='ocr_line' id='line_1_102' title="bbox 524 4838 1760 4913; baseline -0.002 -18"><span class='ocrx_word' id='word_1_755' title='bbox 524 4844 659 4905; x_wconf 88' lang='lat' dir='ltr'>tate,</span> <span class='ocrx_word' id='word_1_756' title='bbox 683 4856 879 4913; x_wconf 89' lang='lat' dir='ltr'>neque</span> <span class='ocrx_word' id='word_1_757' title='bbox 903 4840 1135 4897; x_wconf 87' lang='lat' dir='ltr'>bonitas</span> <span class='ocrx_word' id='word_1_758' title='bbox 1162 4839 1341 4895; x_wconf 88' lang='lat' dir='ltr'>datur</span> <span class='ocrx_word' id='word_1_759' title='bbox 1366 4839 1491 4895; x_wconf 85' lang='lat' dir='ltr'>sine</span> <span class='ocrx_word' id='word_1_760' title='bbox 1518 4838 1760 4909; x_wconf 86' lang='lat' dir='ltr'>justitia.</span> 
     </span>
    </p>
   </div>
   <div class='ocr_carea' id='block_1_103' title="bbox 597 5012 1623 5085">
    <p class='ocr_par' dir='ltr' id='par_1_103' title="bbox 597 5012 1623 5085">
     <span class='ocr_line' id='line_1_103' title="bbox 597 5012 1623 5085; baseline -0.002 -16"><span class='ocrx_word' id='word_1_761' title='bbox 597 5012 646 5051; x_wconf 72' lang='grc' dir='ltr'><strong>ιο</strong></span> <span class='ocrx_word' id='word_1_762' title='bbox 666 5016 814 5072; x_wconf 88' lang='lat' dir='ltr'>Dan.</span> <span class='ocrx_word' id='word_1_763' title='bbox 840 5032 921 5085; x_wconf 84' lang='grc' dir='ltr'>ιιι,</span> <span class='ocrx_word' id='word_1_764' title='bbox 947 5020 1035 5073; x_wconf 87' lang='lat'>28.</span> <span class='ocrx_word' id='word_1_765' title='bbox 1114 5016 1158 5054; x_wconf 77' lang='grc'>¹¹</span> <span class='ocrx_word' id='word_1_766' title='bbox 1192 5018 1405 5074; x_wconf 86' lang='lat' dir='ltr'>Jerem.</span> <span class='ocrx_word' id='word_1_767' title='bbox 1431 5030 1491 5081; x_wconf 85' lang='grc' dir='ltr'>ιι,</span> <span class='ocrx_word' id='word_1_768' title='bbox 1533 5014 1623 5069; x_wconf 84' lang='lat'>28.</span> 
     </span>
    </p>
   </div>
   <div class='ocr_carea' id='block_1_104' title="bbox 2076 5214 2299 5271">
    <p class='ocr_par' dir='ltr' id='par_1_104' title="bbox 2076 5214 2299 5271">
     <span class='ocr_line' id='line_1_104' title="bbox 2076 5214 2299 5271; baseline -0.009 0"><span class='ocrx_word' id='word_1_769' title='bbox 2076 5214 2299 5271; x_wconf 73' lang='lat' dir='ltr'>NOT/E.</span> 
     </span>
    </p>
   </div>
   <div class='ocr_carea' id='block_1_105' title="bbox 605 5412 1890 5492">
    <p class='ocr_par' dir='ltr' id='par_1_105' title="bbox 605 5412 1890 5492">
     <span class='ocr_line' id='line_1_105' title="bbox 605 5412 1890 5492; baseline 0.002 -21"><span class='ocrx_word' id='word_1_770' title='bbox 605 5419 715 5492; x_wconf 84' lang='lat'>(83)</span> <span class='ocrx_word' id='word_1_771' title='bbox 748 5415 944 5492; x_wconf 72' lang='lat' dir='ltr'>Codex</span> <span class='ocrx_word' id='word_1_772' title='bbox 974 5418 1105 5492; x_wconf 74' lang='grc' dir='ltr'>ἡγῇ,</span> <span class='ocrx_word' id='word_1_773' title='bbox 1128 5412 1285 5492; x_wconf 86' lang='lat' dir='ltr'>male</span> <span class='ocrx_word' id='word_1_774' title='bbox 1321 5420 1377 5471; x_wconf 90' lang='lat' dir='ltr'>et</span> <span class='ocrx_word' id='word_1_775' title='bbox 1416 5432 1575 5473; x_wconf 85' lang='lat' dir='ltr'>mox.</span> <span class='ocrx_word' id='word_1_776' title='bbox 1618 5416 1890 5492; x_wconf 72' lang='grc' dir='ltr'>ἐπέστάτῃ.</span> 
     </span>
    </p>
   </div>
   <div class='ocr_carea' id='block_1_106' title="bbox 632 5484 1418 5560">
    <p class='ocr_par' dir='ltr' id='par_1_106' title="bbox 632 5484 1418 5560">
     <span class='ocr_line' id='line_1_106' title="bbox 632 5484 1418 5560; baseline -0.006 -13"><span class='ocrx_word' id='word_1_777' title='bbox 632 5484 720 5560; x_wconf 77' lang='grc'>84)</span> <span class='ocrx_word' id='word_1_778' title='bbox 751 5487 915 5543; x_wconf 91' lang='lat' dir='ltr'>Colb.</span> <span class='ocrx_word' id='word_1_779' title='bbox 939 5484 1062 5560; x_wconf 79' lang='lat' dir='ltr'>pro</span> <span class='ocrx_word' id='word_1_780' title='bbox 1081 5484 1418 5560; x_wconf 72' lang='grc' dir='ltr'>ἀρχομένους.</span> 
     </span>
    </p>
   </div>
   <div class='ocr_carea' id='block_1_107' title="bbox 608 5419 1787 5639">
    <p class='ocr_par' dir='ltr' id='par_1_107' title="bbox 608 5419 1787 5639">
     <span class='ocr_line' id='line_1_107' title="bbox 608 5419 1787 5488; baseline -0.005 -13"><span class='ocrx_word' id='word_1_781' title='bbox 608 5422 691 5487; x_wconf 86' lang='lat'>(83</span> <span class='ocrx_word' id='word_1_782' title='bbox 748 5419 944 5473; x_wconf 85' lang='lat' dir='ltr'>Codex</span> <span class='ocrx_word' id='word_1_783' title='bbox 974 5419 1105 5488; x_wconf 76' lang='grc' dir='ltr'>ἡγῇ,</span> <span class='ocrx_word' id='word_1_784' title='bbox 1128 5419 1283 5469; x_wconf 89' lang='lat' dir='ltr'>male</span> <span class='ocrx_word' id='word_1_785' title='bbox 1321 5420 1377 5471; x_wconf 91' lang='lat' dir='ltr'>et</span> <span class='ocrx_word' id='word_1_786' title='bbox 1416 5432 1575 5473; x_wconf 85' lang='lat' dir='ltr'>mox.</span> <span class='ocrx_word' id='word_1_787' title='bbox 1618 5419 1787 5470; x_wconf 80' lang='grc' dir='ltr'>ἐπέστι</span> 
     </span>
     <span class='ocr_line' id='line_1_108' title="bbox 608 5419 1680 5639; baseline -0.007 -91"><span class='ocrx_word' id='word_1_788' title='bbox 608 5419 721 5639; x_wconf 46' lang='grc' dir='ltr'>ἓ84ξ</span> <span class='ocrx_word' id='word_1_789' title='bbox 751 5487 915 5577; x_wconf 81' lang='lat' dir='ltr'>Colb.</span> <span class='ocrx_word' id='word_1_790' title='bbox 939 5504 1047 5560; x_wconf 91' lang='lat' dir='ltr'>pro</span> <span class='ocrx_word' id='word_1_791' title='bbox 1081 5484 1418 5609; x_wconf 54' lang='grc' dir='ltr'>ᾇαβχἍιένους.</span> <span class='ocrx_word' id='word_1_792' title='bbox 1672 5559 1680 5569; x_wconf 33' lang='grc'>¹</span> 
     </span>
     <span class='ocr_line' id='line_1_109' title="bbox 632 5557 1787 5635; baseline -0.002 -20"><span class='ocrx_word' id='word_1_793' title='bbox 632 5567 698 5619; x_wconf 82' lang='lat'>85</span> <span class='ocrx_word' id='word_1_794' title='bbox 773 5567 906 5635; x_wconf 80' lang='grc' dir='ltr'>Ποιᾳ</span> <span class='ocrx_word' id='word_1_795' title='bbox 934 5576 1095 5634; x_wconf 88' lang='grc' dir='ltr'>πατρι</span> <span class='ocrx_word' id='word_1_796' title='bbox 1142 5575 1178 5619; x_wconf 86' lang='grc' dir='ltr'>ι,</span> <span class='ocrx_word' id='word_1_797' title='bbox 1251 5557 1399 5615; x_wconf 90' lang='lat' dir='ltr'>ebeo</span> <span class='ocrx_word' id='word_1_798' title='bbox 1436 5558 1787 5615; x_wconf 83' lang='lat' dir='ltr'>Colberuno.</span> 
     </span>
    </p>
   </div>
   <div class='ocr_carea' id='block_1_108' title="bbox 2292 5416 3835 5542">
    <p class='ocr_par' dir='ltr' id='par_1_108' title="bbox 2292 5416 3835 5542">
     <span class='ocr_line' id='line_1_110' title="bbox 2292 5416 3835 5542; baseline -0.021 -63"><span class='ocrx_word' id='word_1_799' title='bbox 2292 5487 2325 5542; x_wconf 63' lang='grc' dir='ltr'><em>ὃ</em></span> <span class='ocrx_word' id='word_1_800' title='bbox 2360 5418 2471 5541; x_wconf 51' lang='lat'>(.36)</span> <span class='ocrx_word' id='word_1_801' title='bbox 2516 5418 2619 5473; x_wconf 89' lang='lat' dir='ltr'>Ubi</span> <span class='ocrx_word' id='word_1_802' title='bbox 2653 5423 2848 5475; x_wconf 89' lang='lat' dir='ltr'>tamen</span> <span class='ocrx_word' id='word_1_803' title='bbox 2894 5419 3073 5475; x_wconf 86' lang='lat' dir='ltr'>hodie</span> <span class='ocrx_word' id='word_1_804' title='bbox 3114 5420 3361 5490; x_wconf 83' lang='lat' dir='ltr'>legitur:</span> <span class='ocrx_word' id='word_1_805' title='bbox 3396 5425 3485 5472; x_wconf 84' lang='grc' dir='ltr'>καὶ</span> <span class='ocrx_word' id='word_1_806' title='bbox 3516 5419 3627 5493; x_wconf 72' lang='grc' dir='ltr'>μετ’</span> <span class='ocrx_word' id='word_1_807' title='bbox 3666 5416 3835 5489; x_wconf 45' lang='grc' dir='ltr'>ἀριθμῶ</span> 
     </span>
     <span class='ocr_line' id='line_1_111' title="bbox 2334 5510 2507 5542; baseline -0.023 0"><span class='ocrx_word' id='word_1_808' title='bbox 2334 5510 2377 5542; x_wconf 88' lang='grc' dir='ltr'>ιο</span> <span class='ocrx_word' id='word_1_809' title='bbox 2422 5512 2507 5542; x_wconf 87' lang='grc' dir='ltr'>ων.</span> 
     </span>
    </p>
   </div>
   <div class='ocr_carea' id='block_1_109' title="bbox 2334 5510 2507 5546">
    <p class='ocr_par' dir='ltr' id='par_1_109' title="bbox 2334 5510 2507 5546">
     <span class='ocr_line' id='line_1_112' title="bbox 2334 5510 2507 5546; baseline -0.012 -5"><span class='ocrx_word' id='word_1_810' title='bbox 2334 5510 2507 5546; x_wconf 82' lang='grc' dir='ltr'>ιοοων,</span> 
     </span>
    </p>
   </div>
  </div>
