4116 6194
243 269 356 324 845

1308 264 1403 320 AD
1445 257 1992 320 AMPHILOCHIUM
2038 259 2358 328 QU/ESTIO
2399 263 2580 318 CLXI.

3521 265 3626 322 846

315 393 436 446 ’Ὁτι
477 400 572 454 τῆς
631 397 868 454 κτίσεως,
919 397 1100 464 φησὶν,
1150 395 1218 452 ὡς
1268 396 1590 466 προείρηται,
1649 386 1837 442 διακει-

2028 389 2368 446 Creaturam
2399 390 2500 456 ait,
2534 389 2699 462 quod
2726 393 2862 446 ante
2901 388 3126 446 dictum
3159 393 3266 457 est,
3301 390 3456 446 male
3487 392 3626 448 affe-

244 487 402 555 μένης
447 486 536 534 καὶ
587 480 1004 552 ἀγανακτούσης,
1053 479 1128 552 ἐφ’
1261 485 1350 532 καὶ
1395 483 1603 532 ἄκουσα
1633 489 1702 549 τῷ
1749 497 1848 530 πα-

245 571 450 645 ραϐάτη
499 579 724 642 παρεῖχε
771 575 864 628 τὴν
905 573 1112 642 χρείαν,
1143 575 1233 622 καὶ
1273 569 1592 643 ἐξυπηρέτει,
1625 573 1715 620 καὶ
1745 567 1844 638 ἀγ-

241 662 404 732 γέλων
457 661 759 732 ἀχθομένων
813 659 892 711 ἐπὶ
937 667 996 730 τῇ
1059 667 1150 711 τοῦ
1207 659 1630 732 εὖεργετουμένου
1687 657 1846 728 ἀγνω-

241 753 470 822 μοσύνῃ,
521 754 612 800 καὶ
663 749 782 800 ὅλου
841 750 1158 809 κακωθέντος
1222 757 1312 800 τοῦ
1353 753 1554 819 κόσμου
1611 744 1706 800 διὰ
1753 749 1843 808 τάς

243 843 592 912 παρανομίας.
629 857 656 888 ‹‹
711 843 810 891 Καὶ
840 841 940 910 γὰρ
983 833 1136 900 εἶδεν,
1185 842 1362 908 φησὶν,
1393 839 1418 888 ό
1450 839 1568 896 Θεὸς
1601 840 1694 894 τὴν
1723 844 1840 906 γῆν.

243 935 336 980 καὶ
383 925 444 986 ἦν
489 929 902 1000 κατεφθαρμένη,
963 928 1044 978 ὅτι
1118 929 1440 1000 κατέφθειρεν
1516 931 1664 978 πᾶσα
1714 925 1845 1000 σὰρξ

241 1023 338 1076 τὴν
392 1013 516 1068 ὁδὸν
567 1016 751 1076 αὐτῆς.
811 1037 829 1064 ι
889 1015 998 1068 Οὐκ
1050 1018 1111 1073 ἡν
1169 1016 1364 1082 κτίσις,
1410 1017 1521 1066 οἵαν
1552 1016 1844 1072 ὑπέστησεν

242 1107 418 1166 αὐτοῖς
447 1107 472 1158 ὁ
505 1109 634 1166 Θεὸς
681 1104 768 1157 ἀπ’
818 1103 1014 1176 ἀρχῆς·
1059 1104 1153 1154 οὐκ
1189 1101 1247 1162 ἦν
1279 1111 1382 1164 τοῖς
1426 1106 1644 1178 ἄστροις
1687 1105 1711 1154 ό
1761 1103 1844 1154 οὗ·

240 1199 413 1268 ρανὸς,
474 1197 542 1256 ὡς
587 1198 642 1246 τὸ
692 1199 834 1266 πρὶν,
885 1195 1004 1245 οἵνευ
1055 1197 1187 1254 τινὸς
1240 1195 1538 1264 μιάσματος
1579 1191 1842 1263 καταλαμ-

237 1291 477 1357 πόμενος·
554 1284 648 1336 οὐκ
701 1281 762 1341 ἦν
825 1285 854 1340 ἡ
912 1290 978 1353 γῆ
1041 1286 1160 1344 τοὺς
1225 1286 1456 1353 καρποὺς
1509 1280 1838 1353 ἀμολύντους,

237 1377 310 1436 ὡς
361 1377 420 1426 τὸ
467 1377 604 1444 πρὶν,
655 1369 1006 1424 ἀναδιδοῦσα·
1063 1371 1122 1422 οὐ
1165 1371 1427 1436 θάλασσα,
1474 1371 1568 1422 οὐκ
1617 1369 1740 1422 ἄλλο
1791 1389 1842 1420 τι

233 1472 338 1516 τῶν
383 1462 432 1515 ἐν
487 1471 558 1535 .τῇ
621 1467 812 1514 κτίσει.
867 1462 924 1514 Ὀ
982 1463 1080 1534 γὰρ
1141 1459 1452 1533 παραϐάτης
1503 1459 1741 1513 εἰσελθών
1791 1457 1840 1510 ἐν

240 1552 398 1624 αὐτῇ,
430 1556 754 1622 κατεμίαινεν,
785 1556 874 1603 καὶ
919 1549 1229 1602 ἀνεθόλωσεν
1279 1549 1484 1602 ἅπαντα
1515 1557 1624 1610 ταῖς
1671 1547 1838 1621 βλασ-

241 1647 486 1713 φημίαις,
539 1647 650 1701 ταῖς
693 1641 974 1712 θεομάχοις
1025 1644 1114 1691 καὶ
1165 1639 1424 1712 αἰσχραῖς
1470 1645 1676 1710 φωναῖς,
1725 1644 1840 1698 ταῖς

1955 481 2112 534 ctam
2155 483 2211 533 et
2248 479 2620 548 indignatam
2668 495 2815 544 esse,
2859 477 3114 550 ideoque
3157 477 3332 534 etiam
3375 479 3624 537 invitam

1955 565 2316 638 delinquenti
2339 569 2674 624 necessaria
2703 567 3138 638 suppeditasse,
3175 571 3232 622 et
3261 568 3624 634 inserviisse,

1955 655 2182 724 angelis
2213 672 2448 728 quoque
2477 657 2778 726 ingratum
2809 655 3094 711 adversus
3143 653 3434 712 beneficia
3487 657 3616 712 ani-

1956 761 2122 800 mum
2141 745 2389 800 moleste
2403 744 2750 812 ferentibus,
2767 749 3006 816 totoque
3029 744 3256 799 mundo
3277 760 3380 816 per
3393 745 3618 818 ﬂagitia

1953 837 2249 903 corrupto.
2285 853 2314 884 «
2344 835 2497 890 Deus
2529 833 2712 902 enim,
2747 833 2956 904 inquit,
2993 833 3136 888 vidit
3163 838 3374 890 terram
3408 851 3616 890 corru-

1955 928 2136 994 ptam,
2171 923 2336 994 quod
2361 939 2496 978 caro
2521 923 2710 978 omnis
2733 923 2890 982 viam
2924 939 3097 977 suam
3127 925 3546 994 corruperat”.
3583 945 3610 975 »

1953 1015 2080 1068 Non
2111 1017 2238 1068 erat
2269 1019 2536 1068 creatura
2564 1011 2804 1085 qualem
2831 1011 2986 1066 illam
3020 1011 3097 1066 ab
3133 1011 3299 1066 initio
3335 1013 3616 1069 condide-

1953 1107 2042 1156 rat
2093 1103 2262 1156 Deus.
2319 1101 2544 1156 Caelum
2583 1117 2726 1168 non,
2759 1105 2823 1156 ut
2871 1101 3035 1169 olim,
3075 1101 3197 1154 sine
3245 1099 3379 1156 labe
3411 1101 3619 1173 aliqua

1951 1191 2124 1245 astris
2157 1189 2454 1246 micabat:
2490 1195 2642 1246 terra
2667 1205 2807 1256 non,
2837 1193 2898 1244 ut
2919 1189 3084 1254 olim,
3116 1188 3340 1244 fructus
3369 1189 3611 1246 inteme-

1953 1284 2110 1335 ratos
2141 1279 2430 1335 inferebat
2481 1298 2493 1332 :
2527 1295 2649 1334 non
2701 1295 2884 1344 mare,
2919 1294 3032 1334 non
3076 1277 3240 1334 aliud
3279 1278 3611 1350 quidquam

1951 1369 2110 1440 quod
2141 1368 2290 1424 inter
2318 1373 2619 1424 creaturas
2645 1369 3085 1424 numerabatur.
3129 1367 3408 1422 Peccator
3447 1369 3610 1424 enim

1949 1457 2252 1526 ingressus
2287 1473 2420 1513 eam
2473 1455 2798 1528 polluebat,
2841 1459 2894 1511 et
2943 1456 3148 1511 omnia
3189 1455 3610 1528 blasphemiis,

1953 1545 2344 1617 turpibusque
2365 1551 2421 1600 et
2451 1547 2567 1600 Deo
2589 1544 2860 1600 adversis
2873 1543 3141 1610 vocibus,
3176 1543 3441 1600 caedibus
3467 1545 3609 1600 item

1953 1639 2178 1700 terram,
2213 1634 2416 1706 piratis
2459 1638 2515 1690 et
2543 1633 2926 1704 pradonibus
2969 1648 3150 1702 mare,
3187 1633 3378 1688 fontes
3410 1637 3466 1688 et
3495 1633 3606 1690 ﬂu-

235 1735 564 1802 μιαιφονίαις
583 1733 676 1787 τὴν
705 1737 804 1800 γῆν
827 1729 942 1800 (87)
967 1735 1076 1789 τοῖς
1105 1735 1370 1802 πειραταῖς
1396 1731 1486 1780 καὶ
1508 1727 1724 1799 λῃσταῖς
1745 1731 1837 1784 τὴν

1951 1722 2076 1778 vios
2101 1721 2464 1786 idololatriis,
2495 1723 2570 1778 ad
2627 1721 2932 1794 nymphas
2965 1727 3021 1776 et
3064 1720 3374 1776 daemonas
3405 1723 3610 1779 omnia

241 1819 532 1872 Θάλασσαν·
594 1821 688 1878 τὰς
733 1821 908 1890 πηγὰς
957 1823 1046 1870 καὶ
1093 1821 1361 1889 ποταμοὺς
1413 1825 1522 1878 ταῖς
1565 1813 1840 1870 εἰδωλολα-

237 1913 430 1982 τρίαις,
497 1911 742 1980 νύμφαις,
815 1911 902 1958 καὶ
977 1903 1226 1979 δαίμοσιν
1301 1906 1608 1966 ἀνάπτοντες
1684 1905 1834 1958 αὐτά⁸

237 2004 388 2050 πᾶσα
442 2005 550 2058 τοῖς
609 1996 894 2070 ἀνθρώποις
941 1998 970 2054 ἡ
1037 2001 1210 2056 κτίσις
1278 1995 1348 2056 εἰς
1404 1997 1548 2056 θεοὺς
1595 1993 1838 2047 ἀνεπλάτ-

237 2107 376 2140 τετο·
433 2084 584 2140 οὐδὲν
632 2083 692 2140 δὲ
740 2091 912 2140 κτίσιν
965 2087 1100 2138 οὓτω
1151 2090 1336 2138 ιιιαίνει
1387 2090 1476 2137 καὶ
1519 2081 1836 2148 κιϐδηλεύει,

235 2179 310 2237 ὡς
358 2179 414 2228 τὸ
465 2177 817 2228 θεοποιεῖσθαι
873 2175 1056 2232 αὐτήν,
1121 2173 1374 2232 Εἰσῆλθεν
1423 2175 1447 2225 ὁ
1505 2178 1680 2248 Σωτὴρ
1747 2181 1837 2226 τοῦ

233 2271 439 2336 κόσμου
481 2261 574 2318 διὰ
620 2267 809 2338 σαρκὸς
849 2262 896 2315 ἐν
941 2264 1092 2335 αὐτῇ,
1137 2268 1224 2315 καὶ
1275 2266 1470 2321 ταύτην
1501 2271 1598 2315 τῶν
1640 2267 1838 2336 μυρίων

233 2357 434 2406 τούτων
480 2353 778 2416 ἀπαλλάξας
821 2355 1129 2425 μιασμάτων
1171 2351 1506 2420 ἀνεκαίνισεν,
1557 2353 1684 2405 πολὺ
1733 2373 1838 2423 χα-

232 2443 535 2517 λεπωτέρων
611 2447 640 2500 ἧ
739 2451 1044 2514 σωματικῆς
1127 2438 1418 2515 διαφθορᾶς
1497 2441 1838 2515 ἐλευθερώσας

235 2532 404 2589 αὐτὴν
459 2537 738 2584 κακώσεων
801 2537 890 2584 καὶ
955 2533 1154 2598 παθών,
1223 2531 1542 2596 ἀνακαινίζει
1605 2527 1698 2582 διὰ
1749 2539 1840 2591 τῆς

233 2627 448 2694 πρώτης
487 2627 778 2696 παρουσίας
825 2626 916 2680 τὴν
963 2626 1156 2672 κτίσιν·
1207 2622 1290 2672 ἶνα
1327 2623 1520 2694 μάθῃς,
1567 2622 1644 2672 ὅτι
1685 2621 1840 2682 αὑτός

235 2709 380 2762 ἐστιν
412 2713 438 2762 ό
483 2717 570 2764 καὶ
605 2710 692 2762 ἀπ’
743 2709 918 2785 ἀρχῆς
968 2710 1130 2767 αὐτὴν
1180 2707 1610 2781 δημιουρ-γήσας·
1649 2710 1707 2762 οὐ
1737 2713 1837 2783 γὰρ

235 2799 396 2852 ὀᾶλου
448 2803 536 2872 μὲν
589 2803 806 2865 κτίζειν,
860 2799 1014 2852 mou
1061 2795 1121 2852 δε
1161 2797 1538 2872 διαφθαρεῖσαν
1575 2798 1836 2852 ἀνακαινί-

233 2889 365 2949 ζεινο
419 2888 546 2941 ἀλλά
611 2898 704 2951 τῆς
767 2889 928 2949 αὐτῆς
981 2888 1218 2962 ἑκάτερον
1268 2893 1444 2960 σοφίας
1499 2893 1586 2940 καὶ
1625 2893 1834 2958 τέχνης,

233 2977 581 3039 ἀνακαινίζειν
621 2983 712 3036 τὴν
759 2983 932 3030 κτίσιν
961 2980 1098 3029 κατά
1136 2981 1229 3034 τὴν
1276 2983 1486 3050 πρώτην
1531 2973 1834 3048 ἐπιδημίαν,

1947 1811 2278 1876 referendo,
2313 1811 2605 1868 turbabat.
2638 1814 2782 1866 Tota
2824 1813 3116 1875 creatura,
3149 1809 3228 1866 ab
3255 1810 3605 1866 hominibus

1947 1901 2008 1956 in
2060 1900 2326 1956 deastros
2379 1899 2854 1956 convertebatur.
2895 1898 3046 1955 Nihil
3099 1913 3239 1954 vero
3295 1903 3400 1964 est,
3443 1899 3610 1972 quod

1945 1995 2282 2046 creaturam
2321 1989 2472 2046 adeo
2506 1989 2736 2062 polluat
2767 1993 2822 2045 et
2854 1987 3164 2054 adulterat,
3198 2003 3387 2060 quam
3436 1987 3482 2042 si
3516 1989 3610 2044 Dei

1947 2079 2077 2136 loco
2093 2080 2404 2136 habeatur.
2423 2082 2700 2136 Servator
2723 2078 2885 2136 orbis
2912 2093 3018 2150 per
3043 2093 3282 2134 carnem
3295 2077 3606 2148 ingressus

1945 2185 2081 2226 eam
2111 2170 2496 2241 (creaturam)
2547 2173 2660 2239 est,
2714 2183 2990 2240 eamque,
3025 2167 3259 2224 infinita
3296 2167 3430 2224 labe
3475 2183 3603 2232 sua,

1945 2275 2078 2332 quae
2108 2259 2264 2316 omni
2296 2258 2680 2330 corruptione
2713 2272 3002 2329 corporea
3039 2257 3280 2326 gravior
3307 2262 3416 2326 est,
3457 2255 3606 2312 libe-

1945 2354 2124 2406 ratam
2153 2349 2486 2414 renovavit,
2525 2347 2845 2418 multisque
2874 2345 3313 2402 calamitatibus
3349 2349 3403 2402 et
3435 2346 3608 2402 malis

1946 2443 2206 2510 ereptam
2229 2454 2334 2510 per
2353 2437 2616 2510 primum
2655 2452 2824 2492 suum
2857 2435 3186 2492 adventum
3211 2435 3464 2490 restituit
3500 2453 3513 2500 ;
3543 2439 3608 2490 ut

1949 2527 2080 2584 inde
2105 2527 2420 2598 intelligas,
2445 2527 2642 2598 ipsum
2669 2525 2834 2580 illum
2863 2540 3016 2588 esse,
3045 2523 3304 2596 quieam
3333 2523 3410 2580 ab
3437 2523 3605 2580 initio

1947 2617 2225 2672 condidit.
2257 2617 2458 2688 Neque
2489 2615 2650 2672 enim
2674 2613 2914 2670 alterius
2937 2617 3026 2668 est
3051 2611 3326 2684 condere,
3364 2611 3605 2668 alterius

1949 2721 2087 2762 vero
2115 2709 2454 2776 corruptam
2479 2719 2766 2760 renovare
2793 2719 2806 2758 :
2844 2702 2952 2758 sed
2985 2705 3302 2774 utrumque
3329 2701 3604 2772 ejusdem

1947 2801 2034 2850 est
2073 2795 2374 2866 sapientiai
2397 2793 2632 2864 etartis,
2667 2797 2732 2850 ut
2764 2792 2848 2846 sic
2897 2796 3170 2847 creatura
3196 2805 3298 2861 per
3343 2790 3604 2862 priorem

1947 2884 2272 2940 adventum
2315 2887 2648 2946 renovetur,
2681 2896 2792 2936 nec
2823 2879 2978 2935 ullus
3013 2877 3412 2934 incredulitati
3437 2877 3604 2934 locus

1946 2972 2336 3042 relinquatur,
2371 2971 2540 3043 quasi
2562 2969 2772 3026 eadem
2805 2968 2864 3024 in
2889 2967 3153 3023 secundo
3176 2966 3440 3022 adventu
3477 2981 3601 3022 non

233 3069 318 3119 ἶνα
359 3063 598 3139 μηδεμία
643 3085 728 3120 σοι
765 3073 920 3140 χώρα
949 3067 1262 3138 καταλειφθῇ
1307 3065 1575 3130 ἀπιστίας,
1609 3069 1676 3126 ὡς
1705 3067 1837 3116 κατὰ

1949 3061 2024 3117 sit
2053 3061 2413 3130 renovanda,
2447 3065 2502 3114 et
2529 3064 2590 3116 tu
2627 3058 2754 3132 ipse
2801 3059 2932 3114 ante
2964 3055 3128 3112 illam
3159 3055 3216 3110 in
3245 3053 3602 3126 incorrupti-

229 3161 328 3214 τὴν
382 3153 626 3228 δευτέραν
681 3159 976 3228 παρούσιαν
1035 3156 1093 3207 οὗ
1141 3157 1564 3218 καινισθήσεται,
1626 3157 1714 3206 καὶ
1775 3157 1838 3205 σὺ

231 3249 334 3318 πρὸ
379 3246 536 3306 αὐτῆς
577 3246 652 3306 εὶς
705 3243 1020 3318 ἀφθαρσίαν,
1073 3245 1141 3304 εἰς
1200 3243 1470 3304 ἀπάθειαν,
1523 3243 1590 3304 εἰς
1646 3243 1838 3314 ἄφατον

231 3334 506 3392 καλλονήν.
563 3334 620 3386 Εἰ
675 3337 776 3407 ’γὰρ
824 3337 906 3386 ὅτε
955 3331 1014 3392 ἦν
1069 3333 1194 3386 ἑκὼν
1247 3332 1294 3384 ἐν
1343 3333 1584 3404 ἀσθενείᾳ
1627 3335 1834 3406 σαρκός,

229 3423 282 3476 ἐν
317 3421 560 3498 ἱδρῶσιν,
601 3422 650 3475 ἐν
680 3425 901 3476 πάθεσιν
945 3423 1062 3494 (88)
1113 3425 1138 3473 ό
1183 3427 1436 3496 Χριστός,
1483 3423 1506 3473 ὁ
1557 3441 1608 3472 τε
1655 3419 1838 3482 πλάνος

231 3517 326 3566 καὶ
383 3518 704 3586 Σαμαρείτης
759 3511 1172 3584 ἐσυκοφαντεῖτο,
1227 3515 1319 3568 τὴν
1367 3515 1536 3562 κτίσιν
1593 3511 1838 3582 ἐκάθαρεν

233 3611 332 3654 τῶν
379 3605 635 3654 τοσούτων
685 3605 774 3652 καὶ
827 3600 1142 3658 τηλικούτων
1198 3605 1286 3652 καὶ
1333 3599 1838 3672 πολυχρονιωτάτων

229 3693 410 3744 παθῶν
436 3695 524 3742 καὶ
549 3692 878 3762 μιασμάτων
911 3691 982 3742 ὅτ’
1017 3688 1076 3740 ἀν
1111 3692 1180 3750 ὡς
1205 3693 1386 3764 κριτὴς
1419 3689 1622 3748 ζώντων
1671 3707 1838 3762 παρα·

227 3785 442 3850 γένηται
497 3785 584 3832 καί
635 3785 843 3846 νεκρῶν,
896 3781 1016 3830 ὅταν
1081 3780 1332 3852 μυριάσιν
1389 3777 1614 3848 ἀγγελων
1676 3773 1834 3850 δορυ-

233 3871 544 3942 φορούμενος
621 3871 908 3940 τάγμασιν,
980 3869 1100 3920 ὃταν
1169 3867 1370 3918 πάντων
1421 3863 1694 3926 δεσπόζων
1749 3871 1836 3918 καὶ

237 3961 446 4032 Κύριος,
499 3959 618 4010 ὅταν
667 3959 836 4010 πάντα
885 3962 1082 4032 φρίσσῃ
1142 3961 1232 4008 καὶ
1273 3959 1432 4028 τρέμῃ
1478 3955 1611 4026 (89),
1655 3964 1763 4017 πῶς
1801 3957 1830 4013 ἡ

233 4048 290 4100 ἐκ
331 4049 522 4122 φθορᾶς
595 4049 660 4108 εἱς
743 4045 1036 4119 ἀφθαρσίαν
1093 4045 1348 4117 μεταϐολὴ
1417 4045 1474 4096 οὐ
1519 4047 1576 4096 τό
1641 4045 1834 4118 ῥᾷστον

231 4139 438 4208 ἔχουσα
481 4138 810 4209 καθορᾶται;
869 4139 969 4188 Καὶ
1019 4138 1074 4186 τὸ
1125 4134 1422 4198 ἀκόλουθον,
1474 4137 1563 4184 καὶ
1631 4135 1834 4206 θεοπρε-

231 4230 342 4290 πές,
392 4227 472 4277 ὅτι
522 4230 866 4296 παραγίνεται
922 4227 947 4276 ό
991 4229 1187 4295 Σωτὴρ,
1234 4227 1693 4296 προκηρυττόντων
1734 4231 1830 4275 τῶν

233 4323 532 4388 προφητῶν,
589 4315 671 4366 ἱνα
716 4319 870 4384 μήτις
917 4319 1130 4385 νομίσῃ,
1173 4314 1250 4364 ὅτι
1279 4312 1396 4364 καθ’
1445 4315 1497 4364 ὄν
1529 4317 1714 4386 τρόπον
1747 4311 1826 4364 ἆνο

233 4407 440 4478 θρωπος
485 4413 580 4464 τῆς
631 4407 886 4477 προτέρας
933 4399 1238 4474 διαμαρτών
1291 4399 1533 4461 ἐπιϐολῆς
1572 4407 1661 4454 καὶ
1703 4399 1831 4474 βοη-

235 4495 372 4552 θείας
419 4491 502 4544 ἐπὶ
559 4489 805 4566 δευτέραν
845 4495 1080 4564 ἔρχεται,
1139 4491 1274 4542 οὕτω
1322 4509 1405 4542 και
1461 4491 1486 4540 ὁ
1527 4495 1666 4551 Θεός.
1721 4489 1832 4544 Ἰνα

231 4577 322 4633 οὖν
376 4587 444 4652 μή
497 4601 572 4642 τις
625 4581 890 4652 ὑπονοήσῃ
965 4589 1138 4644 τουτο,
1203 4581 1391 4630 ἄνωθεν
1445 4579 1714 4652 προέλεγον
1783 4581 1832 4630 οἱ

233 4678 500 4742 προφῆται
559 4673 652 4728 τὴν
703 4673 996 4740 παρουσίαν
1052 4669 1231 4720 αὑτοῦ·
1293 4669 1374 4720 ἱνα
1435 4664 1694 4734 δείξωσιν,
1757 4669 1832 4720 ὅτι

1733 4757 1834 4808 ἀλλ’

235 4847 324 4900 ἀπ’
383 4845 556 4920 ἀρχῆς
599 4843 812 4923 προῖὸεν
865 4847 1090 4900 ἅπαντα.
1137 4846 1314 4918 Ἡμεῖς
1357 4848 1444 4918 μεν
1493 4848 1594 4918 γὰρ
1651 4847 1698 4898 οἰ
1750 4847 1836 4898 ἄν·

235 4763 369 4820 Θεὸς
417 4764 474 4810 οὐ
531 4763 872 4830 σκεπτόμενος
941 4760 1170 4831 εὑρίσκει
1225 4761 1282 4809 τό
1370 4761 1648 4832 συμφέρον,

240 4941 438 5011 θρωποι
497 4939 843 5010 σκεπτόμεθα,
884 4941 992 5004 καὶ,
1045 4935 1126 4988 ἐὰν
1171 4935 1516 5008 ἀποτύχωμεν
1565 4943 1659 4997 τῆς
1701 4941 1837 5009 πρώ-

235 5047 333 5089 της
381 5031 586 5101 πείρας,
633 5027 710 5100 ἀφ’
759 5026 932 5101 ἑτέραν
981 5023 1372 5099 μεταϐαίνομεν·
1407 5027 1431 5076 ὸ
1481 5021 1540 5078 δε
1581 5027 1706 5086 Θεὸς
1733 5025 1838 5097 οὐχ

325 5257 372 5292 ¹²
391 5255 540 5314 Gen.
571 5271 652 5321 vi,
680 5259 764 5311 l2.

1947 3151 2254 3214 bilitatem,
2271 3148 2657 3204 indolentiam
2676 3144 3249 3218 etpulchritudinem
3275 3159 3388 3198 non
3413 3147 3603 3198 trans-

1947 3239 2080 3295 ferri
2111 3239 2352 3294 debeas.
2400 3237 2570 3304 Quod
2617 3235 2666 3292 si
2695 3235 2856 3292 enim
2899 3233 3177 3298 Christus,
3220 3233 3362 3288 dum
3387 3233 3447 3290 in
3479 3247 3605 3288 car-

1945 3330 2038 3384 nis
2065 3327 2428 3394 inﬁrmitate,
2463 3325 2806 3392 sudoribus,
2848 3328 2905 3380 et
2943 3323 3088 3379 varii
3141 3322 3376 3395 generis
3429 3321 3603 3378 malis

1946 3423 2158 3490 sponte
2186 3417 2560 3486 versabalur,
2589 3416 2736 3472 dum
2773 3414 3047 3469 seductor
3071 3416 3127 3468 et
3155 3410 3450 3468 Samarita
3497 3427 3604 3482 per

1945 3507 2312 3564 calumniam
2353 3505 2688 3572 vocabatur,
2721 3507 3060 3560 creaturam
3117 3518 3150 3556 a
3177 3505 3260 3556 tot
3305 3499 3604 3572 tantisque

1945 3603 2188 3669 tamque
2211 3595 2510 3652 diuturnis
2543 3593 2716 3650 malis
2742 3597 2798 3648 et
2827 3589 3268 3664 impuritatibus
3295 3587 3598 3654 liberavit;

1947 3702 2166 3750 nonne,
2203 3685 2302 3740 ubi
2329 3683 2488 3740 idem
2523 3687 2586 3738 ut
2611 3683 2794 3754 judex
2829 3679 3095 3736 vivorum
3125 3684 3181 3734 et
3211 3683 3596 3740 mortuorum,

1947 3775 2046 3832 ubi
2077 3773 2394 3830 innumeris
2425 3771 2777 3842 angelorum
2825 3767 3128 3824 ordinibus
3181 3767 3450 3837 stipatus,
3501 3765 3603 3821 ubi

1943 3871 2006 3920 ut
2043 3865 2366 3936 imperator
2399 3867 2456 3917 et
2495 3861 2782 3918 Dominus
2819 3857 3094 3914 omnium
3125 3855 3455 3920 advenerit,
3500 3853 3602 3910 ubi

1942 3953 2148 4009 omnia
2177 3953 2290 4008 sibi
2313 3951 2606 4008 timebunt
2635 3953 2690 4004 et
2723 3951 2992 4012 trement,
3033 3943 3334 4001 translatio
3373 3959 3444 3998 ex
3475 3958 3600 3998 cor-

1939 4043 2213 4115 ruptione
2243 4043 2304 4096 in
2351 4037 2976 4110 incorruptibilitatem,
3037 4039 3098 4089 ut
3149 4049 3242 4088 res
3307 4032 3584 4090 omnium

1937 4131 2240 4195 facillima,
2281 4128 2596 4202 apparebit
2629 4125 2658 4181 ‘?
2689 4123 2946 4193 Accedit,
3009 4122 3174 4195 quod
3204 4121 3344 4176 hinc
3395 4135 3600 4176 conse-

1935 4223 2154 4294 quitur,
2191 4223 2426 4292 Deoque
2466 4215 2740 4288 inprimis
2791 4213 3044 4284 dignum
3096 4215 3201 4274 est,
3257 4209 3419 4282 quod
3465 4223 3596 4280 pro-

1935 4312 2126 4383 phetae
2167 4310 2332 4364 illum
2365 4305 2688 4364 Servatoris
2720 4303 3048 4360 adventum
3097 4299 3594 4372 prmnuntiarunt,

1939 4415 2010 4454 ne
2047 4399 2182 4471 quis
2225 4397 2444 4452 scilicet
2487 4393 2798 4464 existimet,
2841 4391 3024 4464 quod,
3067 4386 3592 4462 quemadmodum

1937 4488 2230 4552 homines,
2255 4485 2420 4554 alias,
2457 4483 2658 4556 primis
2683 4481 2845 4538 ausis
2874 4483 2932 4536 et
2961 4479 3276 4536 conatibus
3305 4475 3585 4540 frustrati,

1941 4577 2058 4633 alia
2087 4577 2182 4632 via
2201 4591 2324 4630 rem
2348 4571 2808 4648 aggrediuntur;
2837 4570 2916 4624 ita
2937 4583 3180 4640 quoque
3209 4567 3362 4622 Deus
3387 4563 3596 4648 egerit.

1943 4671 2022 4724 Ne
2047 4665 2200 4738 quis,
2249 4665 2516 4736 inquam,
2572 4663 2654 4718 ita
2706 4659 3064 4732 suspicetur,
3099 4647 3426 4729 prophetae
3463 4653 3594 4724 jam

1944 4755 2088 4812 olim
2128 4754 2442 4810 adventum
2468 4751 2596 4822 ejus
2653 4746 3144 4822 praenuntiarunt,
3179 4749 3240 4800 ut
3287 4743 3369 4798 sic
3399 4747 3594 4798 osten-

1943 4845 2168 4910 derent,
2205 4847 2388 4899 Deum
2421 4857 2540 4897 non
2568 4855 2673 4912 per
2721 4835 3166 4894 meditationem
3196 4831 3521 4908 quamdam
3553 4831 3610 4886 et

1947 4931 2543 5004 circumspectionem
2559 4927 2642 4998 id,
2657 4925 2822 5000 quod
2833 4923 3122 4997 prodesse
3138 4921 3344 4996 possit,
3361 4919 3608 4976 tandem

1947 5023 2263 5086 detexisse,
2293 5021 2394 5077 seb
2432 5019 2510 5078 ab
2535 5018 2706 5076 initio
2735 5015 2936 5089 potius
2979 5013 3186 5070 omnia
3210 5008 3610 5084 perspexisse.

1822 5325 2022 5380 NOTIE
2037 5368 2048 5380 .

345 5577 432 5646 87)
471 5581 566 5636 τὴν
604 5583 702 5646 γῆν
735 5573 962 5646 addidi,
997 5588 1177 5646 sensu
1217 5571 1297 5628 ita
1337 5569 1690 5642 postulante.

345 5579 432 5646 87)
471 5581 566 5636 τήν
641 5583 702 5634 ἦν
735 5579 962 5638 addidi,
997 5588 1177 5627 sensu
1217 5579 1248 5627 il

321 5579 434 5721 $88)
468 5647 560 5703 Sic
591 5597 758 5703 (ΞΟΠ).
797 5661 908 5718 pro
939 5641 1248 5717 ἕμπαθέσιν.

2033 5569 2148 5642 (89)
2179 5573 2268 5622 καὶ
2297 5571 2457 5644 τρέμῃ
2491 5565 2684 5624 debeo
2724 5564 3080 5624 Colhertino.
