4116 6194
501 284 612 345 847

1718 276 1956 335 PHOTII
1993 271 2472 331 PATRIARCHIE
2511 273 2617 332 CP.

3808 270 3915 327 848

519 414 676 468 Deus
702 414 905 467 autem
944 422 1063 463 non
1109 406 1193 463 ita
1235 406 1368 479 agit.
1412 406 1580 463 Dedit
1606 405 1700 462 ille
1745 406 1916 477 prius
1955 404 2173 471 legem,

2299 397 2471 461 θῦτως·
2526 398 2634 451 ἀλλ’
2686 396 2848 452 ἔδωκε
2892 402 3066 471 νόμον,
3123 402 3419 471 προφήτας,
3454 416 3552 450 και
3585 396 3742 469 μετὰ
3770 404 3933 449 ταῦτα

508 504 625 559 Nos
653 498 814 555 enim
864 496 1138 552 homines
1170 494 1697 567 circumspicimus
1728 492 1955 557 omnia,
1985 495 2041 546 et
2072 488 2177 544 ubi

507 592 707 665 primo
752 585 1179 653 exciderimus,
1235 601 1455 641 novum
1487 584 1742 641 facimus
1790 580 2175 655 periculum:

510 678 833 754 prophetas
854 680 910 731 et
927 679 1135 747 postea
1160 674 1568 743 Evangelium,
1595 689 1716 729 non
1749 688 1887 727 cum
1910 677 2178 738 tempore

511 766 752 823 meliora
798 763 1162 836 postliminio
1200 762 1462 827 edoctus,
1518 761 1622 817 sed
1649 761 1726 817 ab
1772 760 1935 816 initio
1975 756 2182 813 intelli-

513 870 680 929 gens,
708 857 1067 919 creaturam,
1100 858 1157 907 et
1189 852 1503 922 speciatim
1543 850 1873 917 hominem,
1921 863 2041 902 non
2071 845 2184 900 alia

514 944 744 1001 ratione
771 941 865 998 vel
891 941 1093 1006 condi,
1130 940 1216 996 vel
1264 940 1423 1007 duci,
1457 944 1561 996 aut
1606 934 2183 1009 incorruptibilitatis

515 1033 746 1090 donum
785 1030 1047 1102 recipere
1091 1045 1288 1102 posse,
1337 1028 1444 1084 nisi
1472 1028 1594 1094 illa,
1633 1043 1817 1101 quam
1863 1023 2184 1081 ineffabilis

518 1122 651 1193 ejus
678 1119 1052 1190 providentia
1082 1124 1139 1175 et
1184 1117 1601 1175 benevolentia
1629 1116 1943 1188 disposuit.
2010 1113 2190 1168 Aiunt

516 1209 763 1284 quidem
807 1208 1077 1265 nonnulli
1122 1224 1134 1264 :
1186 1207 1243 1264 Si
1277 1210 1420 1263 Deus
1462 1206 1760 1262 Adamum
1807 1207 2187 1277 peccaturum

516 1315 646 1356 esse
672 1297 966 1371 praevidit,
998 1313 1176 1369 quare
1206 1313 1346 1352 eum
1371 1294 1689 1353 condidit?
1720 1297 1791 1350 At
1821 1294 2023 1349 multae
2054 1296 2189 1347 sunt

519 1393 578 1444 et
641 1386 942 1459 praeclaras
974 1385 1108 1450 vim,
1156 1385 1380 1457 quibus
1412 1383 1715 1457 objectum
1746 1384 1857 1439 hoc
1906 1381 2184 1437 diluatur.

522 1478 610 1534 Ita
662 1476 927 1532 Joannes
1009 1474 1495 1546 Chrysostomus,
1537 1472 1848 1528 divinioris
1904 1470 2189 1525 doctrinae

521 1565 943 1638 gnarissimus,
973 1564 1090 1619 ait:
1122 1583 1145 1612 «
1178 1565 1303 1617 Non
1322 1562 1437 1617 hoc
1465 1561 1657 1616 solum
1676 1560 1825 1625 dico,
1847 1558 2011 1631 quod
2042 1575 2189 1631 prae-

522 1654 735 1711 viderit
788 1652 1101 1724 (lapsum),
1148 1650 1255 1705 sed
1294 1650 1461 1722 quod
1503 1650 1681 1705 etiam
1732 1647 2085 1721 praeviderit,
2128 1662 2189 1703 se

2284 491 2343 541 τό
2398 488 2725 560 Exim/731w»,
2783 488 2841 541 οὐ
2890 493 3069 560 χρόνῳ
3122 491 3179 539 τὸ
3237 491 3501 561 συμφέρον
3570 490 3930 559 μεταμαθὼν,

2287 577 2373 629 ἀπ’
2421 577 2597 650 ἀρχῆς
2636 574 2694 629 δὲ
2743 574 2915 643 εἰδὼς,
2967 580 3036 639 ὡς
3082 576 3188 648 οὐχ
3234 577 3339 628 οἷόν
3391 595 3444 628 τε
3490 575 3674 637 ἄλλως
3733 576 3804 632 ἦν
3849 583 3932 633 τήν

2287 671 2479 732 κτίσιν,
2535 670 2620 718 καὶ
2676 670 2762 719 τὸν
2824 665 2872 718 ἐν
2943 666 3074 737 αὐτῇ
3136 667 3404 738 ἄνθρωπον
3463 669 3590 717 οὔτε
3652 668 3933 736 γενέσθαι,

2290 760 2405 808 οὔτε
2451 753 2947 829 παιδαγωγηθῆναι,
2982 760 3099 807 οὔτε
3140 759 3197 807 τό
3237 763 3331 816 τῆς
3363 753 3675 827 ἀφθαρσίας

2292 842 2577 897 ἀναλαϐεῖν·
2631 846 2675 897 εἰ
2722 850 2792 917 μὴ
2840 845 2956 898 καθ’
2997 847 3051 897 ὃν
3103 849 3292 918 τρόπον
3346 846 3376 903 ἡ
3428 846 3641 915 οἶφατος
3708 850 3935 917 πρόνοια

2292 938 2381 986 καὶ
2411 933 2768 1008 φιλανθρωπία
2818 934 3165 1007 ᾠκονόμησεν.
3216 931 3356 998 Ὀτι,
3401 938 3587 1004 φασὶν,
3645 933 3695 984 εἰ
3756 941 3933 1005 προεῐκ

2296 1020 2381 1076 δεν
2438 1023 2759 1095 ἁμαρτήσειν
2806 1026 2891 1076 τόν
2940 1019 3113 1095 Ἀδὰμ
3157 1024 3183 1074 ό
3232 1026 3381 1086 Θεὸς,
3430 1027 3483 1073 τί
3532 1027 3634 1073 καὶ
3680 1028 3935 1093 προήγα-

2294 1132 2380 1184 γεν
2423 1111 2616 1178 αὖτόν;
2653 1117 2753 1164 Καὶ
2800 1111 2985 1165 πολλαὶ
3034 1118 3124 1183 μέν
3171 1111 3273 1164 εἰσι
3321 1116 3411 1163 καὶ
3440 1111 3730 1183 πάγκαλοι
3778 1109 3937 1163 τοῦδε

2294 1210 2387 1253 τοῦ
2432 1200 2769 1275 ἀπορήματος
2811 1200 3092 1262 ἐπιλύσεις.
3142 1204 3296 1271 Λέγει
3331 1197 3381 1252 δ’
3441 1197 3531 1251 οὖν
3584 1206 3686 1252 καὶ
3750 1202 3779 1251 ὁ
3828 1203 3933 1252 θεό-

2298 1311 2448 1363 σοφος
2531 1292 2771 1351 Ἰωάννης
2846 1292 2871 1342 ὁ
2934 1298 3333 1363 Χρυσόστομος,
3394 1291 3475 1342 ὅτι
3528 1311 3553 1339 ιι
3622 1289 3710 1341 Οὐ
3778 1298 3937 1342 τοῦτο

2296 1385 2448 1452 μόνον
2487 1386 2641 1452 φημὶ,
2682 1382 2760 1431 ὅτι
2805 1376 3050 1453 προῄδει,
3096 1379 3205 1431 ἀλλ’
3246 1382 3326 1431 ὁτι
3372 1384 3462 1431 καὶ
3509 1384 3769 1431 πεσόντα

2300 1475 2482 1528 στήσει
2529 1469 2685 1522 αὐτόν
2730 1466 2824 1521 διὰ
2865 1476 2962 1531 τῆς
3008 1469 3324 1540 οἰκονομίας·
3372 1490 3401 1517 »
3446 1474 3537 1521 καὶ
3600 1468 3665 1520 οὐ
3717 1477 3937 1542 πρῶτον

2299 1554 2433 1611 εἶδεν
2482 1563 2575 1616 τήν
2623 1566 2845 1622 πτῶσιν,
2898 1557 2941 1609 εἰ
2980 1562 3051 1629 μὴ
3108 1562 3482 1632 προεπενόησεν
3520 1562 3619 1616 τὴν
3678 1556 3938 1609 ἀνάστα-

2301 1661 2411 1700 σιν⁶
2464 1644 2604 1720 ᾔδει,
2662 1648 2741 1699 ὅτι
2799 1654 3055 1713 πεσεῖται,
3108 1645 3234 1698 ἀλλά
3272 1648 3600 1720 προσεπέθετο
3652 1655 3759 1707 τῆς
3806 1647 3937 1698 ἀνα-

525 1744 761 1814 lapsum
776 1756 882 1813 per
896 1739 1293 1795 oeconomiam
1321 1738 1646 1795 salutarem
1672 1738 1882 1793 iterum
1911 1737 2191 1792 excitatu-

2303 1739 2533 1798 στάσεως
2583 1737 2871 1810 φάρμακον,
2926 1740 3015 1787 καὶ
3068 1741 3435 1809 συνεχώρησεν
3480 1735 3550 1797 εἰς
3598 1743 3806 1809 πεῖραν
3860 1736 3939 1788 ἐλ-

528 1847 683 1886 rum.
718 1851 745 1882 ››
803 1832 1004 1900 Itaque
1038 1844 1158 1883 non
1200 1827 1367 1899 prius
1419 1826 1563 1883 vidit
1609 1827 1869 1899 lapsum,
1902 1842 2088 1897 quam
2117 1825 2191 1881 de

530 1918 877 1975 excitatione
930 1917 1230 1986 cogitavit.
1271 1920 1518 1973 Noverat
1569 1932 1705 1972 eum
1758 1915 2091 1986 lapsuram,
2134 1919 2194 1970 at

531 2005 1246 2063 excitationisremedium
1259 2007 1388 2077 jam
1415 2009 1551 2060 ante
1576 2005 1935 2059 instruxerat
1964 2020 1977 2057 :
2006 2003 2194 2058 homi-

531 2112 671 2153 nem
699 2095 1065 2167 experiundo
1090 2095 1317 2151 discere
1346 2100 1597 2150 mortem
1632 2109 1854 2166 passus
1885 2097 1995 2160 est,
2025 2096 2087 2147 ut
2111 2091 2194 2147 in'

532 2185 839 2257 telligeret,
870 2185 1031 2249 hinc,
1055 2184 1201 2257 quid
1234 2200 1344 2240 suo
1379 2183 1495 2239 sibi
1532 2184 1829 2255 jumento,
1860 2182 2019 2248 hinc,
2051 2182 2192 2253 quid

531 2290 638 2347 per
652 2274 985 2331 Conditoris
998 2274 1251 2343 gratiam
1272 2271 1388 2328 sibi
1408 2272 1481 2327 sit
1501 2272 1914 2327 accersiturus.
1940 2272 2194 2326 Noverat

534 2364 833 2421 Adamum
859 2368 1267 2436 peccaturum,
1303 2367 1363 2418 at
1408 2360 1773 2434 praevidebat
1809 2375 2071 2432 quoque,
2122 2375 2191 2415 ex

536 2452 749 2509 codem
762 2452 1102 2523 prodituros
1129 2467 1256 2505 esse
1269 2450 1534 2517 Abelem,
1551 2452 1836 2516 Enosum,
1860 2450 2187 2516 Enochum,

538 2544 752 2606 Noam,
782 2539 988 2605 Eliam,
1031 2538 1375 2611 prophetas,
1416 2537 1722 2609 apostolos
1776 2538 2185 2606 admirandos,

542 2627 743 2684 nobile
773 2626 917 2683 illud
941 2643 1142 2698 genus,
1176 2642 1285 2681 nec
1315 2626 1517 2681 minus
1551 2630 1880 2698 martyrum
1911 2627 2117 2694 nubes,
2155 2643 2191 2682 a

542 2718 663 2773 Deo
714 2714 1016 2782 excitatas,
1042 2719 1100 2770 et
1146 2714 1428 2786 pietatem
1462 2713 1773 2769 stillantes.
1811 2718 1942 2770 Haec
1989 2715 2190 2787 praevi-

539 2802 1390 2863 debatNumen.Pulchrumne
1405 2802 1626 2875 itaque,
1641 2804 1973 2874 justumne,
2003 2807 2191 2861 Deove

540 2896 791 2965 dignum
812 2893 1037 2958 fuisset,
1079 2892 1233 2960 ideo,
1262 2892 1429 2966 quod
1456 2908 1611 2948 unus
1639 2892 1822 2949 homo
1845 2900 2190 2966 peccaturus

541 2988 687 3048 erat,
720 2998 859 3039 eum
886 2998 957 3038 ex
988 2982 1171 3038 nihilo
1201 2996 1325 3037 non
1359 2980 1637 3046 condere,
1670 2986 1727 3037 et
1763 2984 1975 3038 eadem
2008 2999 2191 3054 opera
2222 2992 2263 3050 C
2300 2986 2568 3049 καλλονὴν,

542 3077 846 3131 tantorum
886 3071 1177 3139 virorum,
1204 3086 1466 3142 quorum
1515 3086 1625 3126 nec
1674 3086 1796 3127 uno
1844 3070 2061 3141 dignus
2105 3077 2194 3128 est

544 3163 722 3227 orbis,
746 3165 1105 3234 proventum
1131 3158 1466 3232 prohibere,
1497 3163 1618 3215 tam
1635 3159 1831 3215 laetam
1854 3160 2193 3233 pulchram-

542 3266 660 3324 que
691 3249 927 3306 humani
958 3248 1193 3317 generis
1233 3252 1559 3304 sementem
1599 3248 1885 3304 radicitus
1923 3248 2193 3318 evellere,

540 3340 744 3411 illique
776 3338 1071 3394 excidium
1091 3343 1148 3393 et
1176 3337 1319 3393 iram
1344 3337 1681 3402 immittere,
1722 3337 1900 3409 idque
1938 3354 2010 3394 eo
2049 3343 2194 3394 tem-

540 3443 707 3501 pore,
749 3442 871 3499 quo
920 3425 1126 3495 homo,
1174 3426 1277 3497 qui
1305 3430 1513 3497 postea
1542 3434 1787 3498 peccato
1817 3426 2192 3497 indulgebat,

546 3532 654 3572 nec
682 3518 1051 3588 peccaverat,
1079 3528 1272 3585 neque
1303 3512 1379 3569 de
1418 3514 1715 3585 patrando
1744 3519 2011 3587 peccato,
2055 3533 2194 3573 cum

544 3603 819 3661 nondum
832 3601 1158 3667 exsisteret,
1181 3601 1583 3672 cogitaverat?
1598 3602 1654 3659 Si
1673 3604 1833 3661 enim
1858 3604 2196 3678 sapientum

547 3699 656 3762 est,
683 3692 761 3749 ab
787 3707 877 3757 eo,
912 3691 1008 3763 qui
1038 3706 1287 3763 peccare
1312 3689 1561 3763 quidem
1586 3697 1838 3749 conatus
1871 3700 1977 3759 est,
2007 3711 2197 3768 neque

546 3786 748 3839 tamen
770 3796 907 3837 vere
934 3779 1215 3852 peccavit,
1247 3780 1469 3852 peccati
1501 3796 1715 3853 pcenas
1741 3799 1861 3839 non
1888 3790 2150 3856 repetere
2181 3801 2196 3851 ;

547 3870 857 3945 quomodo
874 3871 1061 3926 Deum
1076 3869 1360 3936 decuerit,
1380 3886 1527 3938 eum,
1544 3871 1648 3943 qui
1676 3885 1783 3929 nec
1797 3889 2037 3944 peccare
2058 3878 2197 3931 tunc

541 3961 895 4027 instituerat,
911 3959 1287 4032 peccantium
1318 3962 1512 4032 poenis
1554 3961 1846 4033 subjicere
1872 3962 1900 4018 ‘i
1925 3964 2198 4035 Inprimis

544 4067 703 4121 cum,
730 4050 1011 4124 quamvis
1036 4056 1349 4121 peccatum
1378 4051 1529 4107 adeo
1557 4067 1739 4122 grave
1766 4057 1935 4108 esset.
1973 4053 2196 4123 (nonne

542 4141 703 4196 enim
727 4154 907 4211 grave
920 4143 1044 4194 erat
1064 4143 1427 4211 praeceptum
1460 4140 1695 4195 Domini
1722 4140 1941 4196 violare
1970 4142 2015 4212 ‘2)
2047 4142 2193 4198 idem

542 4234 743 4286 tamen
757 4227 1118 4284 medicinam
1131 4244 1199 4284 ex
1217 4227 1391 4284 ineffa
1402 4227 1502 4283 bili
1528 4229 1875 4296 Conditoris,
1898 4230 2194 4288 hominem

542 4317 622 4376 ad
671 4318 986 4390 pristinam
1031 4332 1208 4373 suam
1252 4315 1595 4387 dignitatem
1620 4316 1942 4388 reducturi,
1968 4321 2197 4378 benevo

541 4407 725 4465 lentia
755 4406 1109 4463 admitteret.
1165 4406 1337 4473 Quod
1392 4406 1440 4461 si
1484 4405 1683 4478 itaque
1735 4408 2011 4466 conditus
2052 4427 2199 4468 non-

543 4498 750 4555 fuisset
776 4497 934 4567 ideo,
982 4496 1149 4570 quod
1207 4496 1439 4568 primus
1482 4496 1578 4553 ille
1610 4496 1795 4553 homo
1844 4507 2195 4571 peccaturus

2304 1827 2404 1878 θεῖν
2466 1827 2687 1877 θανάτου
2747 1828 2831 1877 τὸν
2895 1824 3183 1900 ἄνθρωπον.
3236 1824 3346 1877 Ἵνα
3401 1826 3568 1896 μάθῃ,
3630 1830 3779 1885 τίνος

2303 1913 2585 1967 ἀπολαύσει
2643 1911 2714 1966 δι’
2767 1914 2964 1966 ἑαυτόν
3022 1918 3159 1974 τίνος
3225 1910 3284 1965 δε
3340 1922 3402 1985 τῇ
3461 1921 3555 1965 τοῦ
3614 1913 3937 1975 πλάσαντος

2301 2006 2508 2076 χάριτι·
2565 2001 2684 2077 ᾔδει
2739 2006 3050 2075 πεσούμενον
3121 2006 3207 2055 τὸν
3266 1999 3465 2075 Ἀδὰμ,
3527 2002 3642 2054 ἀλλ’
3714 2003 3935 2056 ἔϐλεπεν

2302 2091 2354 2155 ἐξ
2410 2092 2569 2145 αὐτοῦ
2616 2091 3043 2167 προελευσόμενον
3089 2094 3177 2143 τόν
3223 2089 3393 2155 Ἀϐελ,
3447 2093 3535 2142 τὸν
3594 2091 3789 2156 Ἐνώς,
3849 2097 3934 2143 τὸν

2298 2183 2491 2253 Ἐνὼχ,
2555 2184 2641 2234 τὸν
2685 2188 2817 2243 Νῶε,
2871 2183 2955 2233 τὸν
3016 2180 3213 2247 Ἠλίαν,
3264 2184 3385 2241 τοὺς
3439 2186 3743 2253 προφήτας,
3812 2186 3936 2241 τοὺς

2301 2272 2635 2341 θαυμαστοὺς
2689 2268 3031 2336 ἀποστόλους,
3098 2274 3185 2327 τὴν
3229 2269 3481 2340 εὐγένειαν
3536 2277 3632 2330 τῆς
3689 2273 3932 2341 φύσεως,

2298 2363 2363 2412 τὰ
2416 2362 2686 2418 θεοκίνητα
2734 2369 2832 2412 τῶν
2885 2362 3161 2435 μαρτύρων
3216 2363 3306 2411 καὶ
3365 2360 3628 2421 στάζοντα
3683 2365 3785 2418 τὴν
3850 2362 3933 2414 εὖ-

2301 2448 2500 2502 σέϐειαν
2566 2453 2709 2522 νέφη·
2784 2448 2957 2502 ἓϐλεπε
3018 2456 3203 2514 ταῦτα,
3284 2453 3374 2501 καὶ
3450 2456 3550 2500 ποῦ
3601 2446 3668 2507 ἦν
3739 2450 3928 2514 καλὸν,

2296 2546 2397 2592 ποῦ
2438 2536 2497 2592 δὲ
2543 2535 2768 2603 δίκαιον,
2818 2546 2917 2590 ποῦ
2973 2534 3032 2591 δε
3082 2540 3370 2610 θεοπρεπὲς,
3434 2540 3533 2603 ἱνα,
3579 2535 3728 2591 διότι
3786 2542 3932 2611 ἔμελ-

2299 2626 2378 2679 λεν
2435 2629 2505 2690 εἷς
2558 2629 2821 2702 ἄνθρωπος
2875 2627 3205 2701 ἁμαρτάνειν,
3252 2634 3433 2679 τοῦτον
3487 2632 3559 2698 μὴ
3634 2626 3933 2701 ἀναγαγεῖν

2300 2717 2355 2769 ἐκ
2385 2722 2456 2790 μὴ
2508 2722 2683 2783 ὄντων,
2742 2722 2832 2769 καὶ
2883 2720 3146 2770 τοσούτων
3204 2713 3427 2791 ἀνδρῶν,
3489 2717 3557 2768 ὧν
3611 2714 3744 2771 οὐδε
3808 2722 3934 2771 καθ’

2300 2808 2387 2860 ἕνα
2441 2806 2587 2870 ἄξιος
2651 2808 2676 2859 ό
2750 2811 2963 2878 κόσμος,
3025 2809 3182 2881 φορὰν
3223 2805 3505 2877 ἀνακόψαι,
3561 2812 3654 2858 καὶ
3710 2810 3931 2880 θερίσαι

2301 2896 2580 2971 πρόρριζον
2635 2900 2727 2954 τὴν
2778 2898 3041 2953 τόσαύτην
3096 2904 3188 2947 τοῦ
3237 2900 3410 2966 γένους
3472 2894 3787 2967 βλάστησιν
3842 2906 3933 2950 καὶ

2646 2990 2734 3038 καὶ
2802 2986 2918 3038 κατ’
2991 2985 3152 3046 αὐτῆς
3213 2984 3481 3057 ἐπαφιέναι
3539 2991 3634 3044 τὴν
3694 2987 3931 3059 ἐκτομὴν

2299 3081 2390 3127 καὶ
2438 3075 2617 3149 ὀργὴν,
2666 3079 2756 3126 καὶ
2808 3078 2923 3126 τότε
2964 3081 3055 3127 τοῦ
3098 3078 3191 3132 τὴν
3237 3073 3493 3146 ἁμαρτίαν
3555 3075 3783 3148 ὕστερον
3826 3076 3931 3129 ἕλο-

2301 3169 2452 3237 μένου
2510 3168 2625 3217 οὔτε
2679 3163 3015 3236 ἁμαρτόντος.
3081 3165 3199 3215 οὐτε
3268 3164 3516 3236 ἁμαρτεῖν
3572 3164 3927 3236 μεμελετηκό-

2301 3273 2409 3321 τος,
2452 3253 2542 3306 ἇτε
2593 3257 2750 3325 μήπω
2799 3249 2927 3324 μηδ’
2986 3254 3324 3324 ὑφεστῶτοςς
3385 3252 3445 3305 Ei
3489 3255 3593 3325 γὰρ
3638 3259 3927 3325 σωφρόνων

2302 3343 2442 3396 ἐστὶν
2495 3339 2716 3417 ἀνδρῶν,
2770 3346 2829 3394 τό
2882 3341 3235 3415 μελετήσαντα
3288 3344 3379 3412 μεν
3445 3340 3783 3416 ἀμαρτῆσαι,
3848 3348 3921 3415 μὴ

2302 3433 2678 3507 ἁμαρτήσαντα
2745 3428 2825 3497 δι,
2907 3436 2975 3503 μὴ
3049 3430 3377 3504 εἰσπράττειν
3449 3430 3669 3493 εὐθύνας
3749 3432 3925 3505 ἁμαρο

2302 3524 2564 3595 τημάτων·
2608 3524 2653 3573 εἶ
2706 3540 2803 3573 που
2855 3540 2914 3591 γε
2974 3521 3035 3572 οἶν
3092 3522 3169 3577 εἴη
3221 3528 3377 3589 Θεοῦ,
3426 3524 3532 3586 τὸν,
3589 3517 3733 3593 μηδὶ
3775 3523 3924 3593 μελε-

2302 3616 2539 3669 τήσαντα
2589 3609 2969 3685 ἐξαμαρτῆσαι,
3025 3611 3115 3669 τὰς
3156 3616 3256 3660 τῶν
3310 3611 3692 3681 ἡμαρτηκότων
3752 3608 3920 3663 ἀπαι-

2303 3708 2406 3753 τεῖν
2461 3696 2630 3761 δικας,
2681 3703 2771 3751 καὶ
2827 3702 2943 3751 τότε
2989 3697 3223 3770 χαλεποῦ
3279 3700 3368 3769 μὲν
3419 3701 3558 3759 ὄντος
3608 3706 3703 3751 τοῦ
3744 3698 3919 3773 ἆμαρ.

2303 3794 2532 3862 τήματος
2584 3788 2713 3860 (πῶς
2762 3789 2860 3861 γὰρ
2906 3786 2964 3840 οὐ
3015 3786 3247 3858 χαλεπόν
3293 3787 3545 3848 ἀθέτησις
3590 3794 3919 3851 Δεσποτικῆς

2305 3877 2505 3938 ἐντολῆς
2552 3877 2611 3949 ;),
2668 3876 2762 3929 οὐκ
2812 3876 3023 3928 ἀνιάτου
3065 3872 3125 3928 δε
3165 3874 3413 3948 ἐσομένου
3464 3884 3525 3948 τῇ
3576 3875 3756 3949 ἀφάτῳ
3804 3878 3915 3949 φιλ-

2306 3970 2574 4043 ανθρωπίᾳ
2627 3974 2718 4018 τοῦ
2785 3965 3104 4031 Πλάσαντος,
3166 3970 3249 4016 καὶ
3320 3972 3411 4017 τοῦ
3472 3965 3915 4039 πρωτοπλάστου,

2306 4058 2377 4117 εἰς
2427 4060 2520 4114 τὴν
2585 4054 2815 4130 ἀρχαίαν
2882 4054 3235 4125 ἕπανάγεσθαι
3305 4054 3572 4125 μέλλοντος
3630 4056 3912 4126 εὐγένειαν-

2306 4148 2437 4198 ὥστε
2486 4146 2528 4198 εἰ
2579 4150 2649 4217 μὴ
2698 4154 2949 4218 προῆκτο,
3012 4141 3150 4196 διότι
3197 4142 3395 4214 ἔμελλεν
3443 4144 3695 4219 ἁμαρτεῖν
3751 4147 3777 4197 ὁ
3830 4147 3917 4220 ἀρ-

2304 4239 2540 4307 χέγονος,
2603 4230 2867 4287 ἐδείκνυτο
2915 4232 2975 4285 ἆν
3018 4235 3074 4284 τὸ
3134 4239 3304 4297 Θεῖον,
3344 4235 3431 4284 τόν
3474 4237 3542 4303 μὴ
3583 4233 3907 4307 ἁμαρτάνον-

2304 4344 2370 4376 τα
2419 4325 2672 4389 κολάζων,
2724 4328 2813 4375 καὶ
2873 4330 2966 4383 τῆς
3004 4321 3220 4393 ὕστερον
3274 4320 3607 4384 ἀνακλήσεως
3658 4329 3752 4375 καὶ
3818 4343 3917 4375 σω-

2303 4418 2489 4489 τηρίας
2533 4412 2849 4483 ἀποστερῶν,
2891 4416 2979 4463 καὶ
3010 4413 3269 4463 τοσούτων
3301 4406 3501 4485 ἀνδρῶν
3532 4410 3705 4463 καλῶν
3738 4432 3791 4465 τε
3828 4418 3915 4466 καὶ

2306 4502 2512 4575 ἀγαθῶν
2547 4504 2735 4575 ἔρημον
2761 4506 2854 4559 τὴν
2893 4504 3064 4552 κτίσιν
3092 4498 3413 4571 ἀποφαίνων.

545 4594 689 4653 erat,
744 4588 899 4642 Deus
930 4586 1129 4657 utique
1178 4584 1310 4642 talis
1340 4585 1499 4641 visus
1530 4591 1708 4652 esset,
1754 4587 1851 4659 qui
1888 4593 1946 4644 et
1974 4590 2303 4657 hominem,
2353 4590 2577 4664 peccati
2618 4589 2884 4646 nondum
2935 4605 3125 4653 reum,
3189 4587 3501 4659 puniisset,
3531 4594 3587 4643 et
3637 4596 3915 4647 secutura

543 4676 919 4733 revocatione
944 4690 1015 4731 ac
1042 4674 1229 4731 salute
1258 4674 1533 4747 privaret,
1562 4681 1897 4733 creaturam
1919 4678 2180 4752 denique
2206 4686 2290 4738 tot
2315 4687 2369 4738 et
2399 4687 2516 4737 tam
2544 4679 2846 4752 praeclaris
2868 4678 3164 4750 bonisque
3188 4677 3534 4733 hominibus
3570 4679 3913 4751 spoliasset.

547 4780 869 4848 QUIESTIO
921 4779 1104 4839 CLXIl
1151 4780 1355 4853 [Coisl.
1412 4781 1610 4847 CXCII,
1652 4783 1833 4839 Taur.
1872 4782 2203 4859 CLXXXII].

551 4889 707 4957 Quid
720 4888 1039 4960 signiﬁcat,
1062 4910 1091 4941 «
1108 4888 1540 4959 Primogenitus
1551 4890 1739 4946 omnis
1754 4897 2036 4947 creatm-w
2054 4894 2119 4963 η,
2132 4892 2161 4947 7
2176 4913 2203 4943 ››

2860 4788 3175 4836 ΕΡΩΤΗΣΙΣ
3215 4781 3369 4835 ΡΞΒ¹.

2509 4896 2572 4945 Τί
2599 4891 2735 4944 ἐστι·
2782 4910 2809 4942 «
2841 4894 3175 4964 ιίρωτότοκος
3200 4890 3379 4949 πάσης
3403 4891 3621 4950 κτίσεως
3654 4906 3667 4956 ;
3708 4913 3730 4940 ι

736 5012 1013 5065 Editarum
1038 5026 1070 5063 a
1093 5012 1284 5065 Wolﬁo
1316 5012 1577 5078 vigesima
1600 5014 1790 5079 quinta
1819 5015 1872 5074 (1.
1898 5029 1976 5075 c.,
2008 5032 2061 5081 p.
2088 5018 2191 5067 800⁴

2301 5055 2311 5065 .
2344 5016 2587 5067 Galland.
2616 5031 2668 5080 p.
2704 5017 2814 5073 747,
2842 5017 2951 5073 948,
2987 5030 3040 5065 n.
3074 5016 3181 5077 42),
3216 5042 3278 5052 -
3306 5015 3360 5064 in
3385 5012 3587 5066 Coloss.
3616 5017 3663 5075 I,
3700 5018 3787 5072 15.

626 5128 879 5196 Quando
898 5129 1114 5187 Paulus
1139 5150 1163 5182 α
1180 5129 1645 5203 primogenitum
1658 5131 1854 5188 omnis
1872 5136 2154 5189 creaturae
2176 5153 2200 5185 ε

552 5217 818 5293 appellat
853 5218 1243 5293 (Dominum),
1273 5219 1531 5277 haeretici
1561 5236 1682 5278 non
1708 5222 2101 5292 recogitantes
2130 5222 2203 5279 de

625 5342 697 5382 1³⁸
720 5341 928 5401 Coloss
953 5358 994 5412 ι,
1029 5348 1113 5400 15.

2381 5131 2503 5185 Ὀτι
2523 5140 2614 5185 τοῦ
2643 5135 2779 5186 θείου
2806 5131 3012 5185 Παύλου
3040 5135 3288 5199 εἰπόντος,
3319 5155 3351 5191 ‹
3374 5138 3715 5211 Πρωτότοκος
3740 5136 3918 5196 πάσης

2313 5226 2546 5292 κτίσεως,
2582 5241 2610 5276 ν
2641 5224 2689 5274 οἰ
2733 5224 3007 5297 αἱρετικοὶ,
3039 5226 3188 5294 φησὶ,
3231 5224 3350 5296 (90)
3384 5229 3455 5297 μὴ
3488 5227 3777 5285 νοήσαντες
3801 5230 3919 5299 περὶ

2120 5453 2348 5511 ΝΟΤΔΕ.

628 5578 743 5650 (90)
772 5578 838 5635 In
867 5592 985 5633 ms.
1018 5592 1167 5650 φασι,
1210 5576 1378 5649 quod
1407 5580 1607 5634 tamen
1638 5577 1717 5635 ob
1756 5594 2013 5651 sequens
2052 5588 2191 5633 κατα(

2299 5578 2490 5645 ἱζουσι,
2538 5578 2735 5639 locum
2781 5578 3002 5641 habere
3035 5594 3154 5637 non
3187 5583 3402 5661 potest.
3460 5582 3662 5653 Itaque
3699 5583 3911 5656 scripsi

555 5671 704 5745 φησί.
735 5667 1013 5728 Fortasse
1035 5665 1444 5745 Chrysostomi
1470 5666 1599 5725 hinc
1617 5671 1778 5725 sunt.
