3926 6190
154 273 242 331 349
1011 263 1107 322 AD
1150 265 1709 325 AMPHILOCHIUM
1749 229 2076 336 QUESTI‘O
2116 269 2320 336 CLXII,
2364 271 2597 328 anxur.

3349 276 3459 332 850

157 403 283 458 ποίας
323 398 525 456 κτίσεως
570 391 721 464 λέγει,
756 389 827 452 είς
873 394 1075 464 κτίσμα
1114 394 1201 445 τὸν
1247 395 1364 446 Υἱόν
1395 393 1444 446 οἱ
1488 394 1696 451 ἀνόητοι

1884 394 1968 452 ιδιὶ
1997 401 2269 453 creatura
2286 397 2585 470 loquatur,
2610 397 2822 454 Filium
2846 398 3192 470 insipientes
3218 400 3278 455 in
3301 416 3460 458 crea-

155 484 522 544 καταϐιϐάζονσι
554 499 566 510 ⁸
592 477 739 538 διττὴ
771 476 831 532 δε
856 483 884 539 ἡ
927 485 1101 543 κτίσις
1131 501 1143 514 ·
1171 484 1200 540 ἠ
1259 485 1349 554 μὲν
1404 485 1506 556 γὰρ
1557 481 1696 536 ἐστιν

157 579 181 635 ὴ
223 576 517 646 γεγενημένη,
548 573 576 628 ἠ
628 567 686 622 δὲ
761 572 790 628 ἡ
862 569 1318 644 ἆνακαινιζομένη.
1370 572 1534 634 Αύτὸς
1594 574 1694 645 γὰρ

155 664 322 724 Παῦλος
361 660 458 736 βοᾷ
490 679 501 691 ⁸
536 681 563 713 ι(
616 662 753 721 Birt;
801 658 847 710 ἐν
905 667 1142 734 Χριστῷ,
1198 666 1348 719 καινὴ
1400 667 1568 722 κτίσις
1598 679 1608 691 ·
1667 685 1694 711 ι)

155 758 222 807 ἶνα
264 750 315 805 δὲ
358 751 588 824 λαμπρῶς
645 745 919 822 ἀποδείξῃ,
961 751 1042 802 ὅτι
1093 759 1188 811 τῆς
1243 750 1698 813 ἁνακαινισθείσης

153 847 334 903 κτίσεως
354 840 477 912 λέγει
506 843 827 914 πρωτότοκον
858 841 945 890 τὸν
972 843 1222 912 Χριστὸν,
1251 839 1426 911 ἐπάγει
1455 857 1466 868 ⁸
1498 863 1519 889 ε
1549 847 1700 912 Πρω-

153 939 327 992 τὸτοκος
361 930 412 982 ἐκ
457 939 660 1005 νεκρῶν,
695 932 777 982 ἱνα
822 934 1037 1002 γένηται
1084 929 1132 982 ἐν
1163 936 1294 984 πᾶσι
1323 933 1592 1004 πρωτεύων
1621 952 1634 964 ·
1669 952 1695 984 ε

151 1025 385 1095 πρωτεύων
444 1028 539 1072 τῶν
602 1017 1088 1092 ἁνακαινιξομένων,
1140 1029 1238 1072 τῶν
1278 1021 1348 1082 εἰς
1404 1019 1698 1097 ἀφθαρσίαν

149 1112 466 1184 καλουμένων,
533 1118 630 1162 τῶν
708 1109 765 1161 ἐκ
839 1117 1026 1184 νεκρῶν
1101 1108 1431 1185 ἐγειρομένων
1491 1128 1502 1139 ⁸
1561 1131 1698 1186 πρωο

148 1205 295 1266 τεύων,
339 1200 392 1252 ού
437 1201 567 1252 κατὰ
615 1203 708 1257 τὴν
753 1200 972 1257 θεότητα
1026 1217 1039 1232 ο
1104 1201 1274 1272 ἄπαγε
1327 1217 1338 1229 ⁸
1391 1199 1537 1274 ύϐρις
1593 1203 1696 1272 γὰρ

150 1300 258 1362 Θεῷ,
295 1293 348 1343 τὸ
401 1288 665 1343 καλεῖσθαι
713 1296 917 1361 πρῶτον
962 1296 1060 1341 τῶν
1118 1292 1440 1362 κτισμάτων,
1501 1293 1556 1353 ὅς
1613 1289 1701 1366 ἀρ⁶

145 1383 262 1456 ῥήτῳ
301 1381 424 1451 λόγῳ
475 1384 562 1431 καὶ
610 1377 926 1450 ἁνεπινοήτῳ
964 1380 1200 1452 ὑπεροχῇ
1248 1381 1424 1440 πάσης
1471 1381 1696 1452 ὑπερήρ-

145 1489 272 1527 τηται
321 1473 403 1522 καὶ
453 1468 564 1539 (91)
593 1463 941 1542 ὑπερίδρυται
990 1471 1192 1540 φύσεως
1236 1487 1248 1500 ·
1289 1467 1415 1520 ἀλλὰ
1449 1472 1699 1543 πρωτεύει

144 1561 254 1611 κατά
301 1579 356 1629 γε
395 1563 484 1616 τὴν
537 1555 934 1630 ἆνθρωποτητα,
996 1556 1240 1631 ἀρχηγὸς
1287 1560 1433 1629 ἡμῶν
1481 1563 1699 1630 γεγονὼς

144 1657 220 1710 τῆς
269 1646 609 1713 ἀναστάσεως,
642 1651 732 1699 καὶ
783 1655 878 1707 τῆς
931 1645 985 1698 ἐκ
1031 1649 1225 1722 φθορᾶς
1273 1647 1345 1708 εἰς
1402 1646 1698 1721 ἀφθαρσίαν

1809 489 2075 540 turarum
2090 502 2406 543 numerum
2433 487 2776 542 detrudunt.
2801 487 2935 542 Jam
2959 504 3100 543 vero
3121 489 3345 556 duplex
3376 496 3460 546 est

1808 581 2088 631 creaturae
2134 591 2322 644 genus
2356 592 2368 632 :
2422 577 2539 632 alia
2578 581 2665 632 est
2695 576 2956 646 condita,
3001 577 3116 632 alia
3148 584 3452 635 renovata.

1809 665 1934 734 lpse
1965 664 2124 720 enim
2159 665 2374 720 Paulus
2399 665 2654 722 clamat:
2690 687 2717 714 «
2749 665 2804 720 Si
2838 665 2972 736 quis
2998 666 3059 720 in
3091 667 3315 722 Christo
3346 673 3455 734 est,

1809 767 1962 806 nova
1992 756 2080 806 est
2113 760 2382 809 creatura
2417 757 2480 806 ιε.
2519 774 2546 805 ››
2577 755 2646 809 Ut
2679 769 2811 810 vero
2842 753 2998 810 clare
3033 755 3367 810 ostenderet
3398 771 3458 810 se

1808 839 2106 896 Christum
2143 841 2600 913 primogenitum
2633 843 2849 908 dicere,
2877 843 3082 898 habito
3123 843 3198 898 ad
3229 848 3456 899 creatu-

1806 946 1925 986 ram
1940 938 2280 988 renovatam
2294 938 2586 1004 respectu,
2603 933 2732 1002 subj
2745 933 2944 1001 ungit:
2967 952 2994 984 ε
3026 932 3458 1002 Primogenitus

1807 1034 1876 1075 ex
1891 1020 2162 1087 mortuis,
2187 1024 2251 1076 ut
2276 1021 2602 1092 primatum
2623 1021 2773 1076 inter
2788 1037 2999 1076 omnes
3020 1020 3283 1076 obtineat
3316 1023 3361 1056 ¹⁴
3386 1039 3399 1077 :
3427 1039 3457 1074 ›

1809 1109 2133 1180 primatum
2192 1110 2410 1166 scilicet
2456 1110 2606 1166 inter
2652 1126 2774 1176 eos,
2829 1111 2932 1182 qui
2975 1111 3240 1166 renovati
3300 1115 3456 1175 sunt,

1807 1199 1911 1270 qui
1957 1199 2033 1254 ad
2079 1200 2698 1272 incorruptibilitatem
2727 1201 2942 1264 vocati,
2977 1201 3075 1270 qui
3108 1216 3177 1255 ex
3209 1201 3460 1256 mortuis

1807 1287 2046 1343 excitati
2090 1303 2104 1354 ;
2145 1289 2468 1359 primatum
2510 1294 2685 1352 tenet,
2735 1304 2854 1344 non
2896 1289 3230 1344 secundum
3270 1288 3458 1345 deita-

1809 1381 1927 1433 tem
1958 1394 1971 1444 ;
2001 1377 2154 1433 absit
2187 1378 2300 1433 hoc
2331 1377 2342 1433 ι
2377 1377 2457 1450 inj
2471 1378 2664 1434 urium
2696 1377 2855 1433 enim
2884 1377 3076 1446 fuerit,
3111 1379 3295 1432 Deum
3327 1377 3457 1448 pri-

1809 1482 1974 1521 mum
2015 1470 2347 1522 creaturam
2381 1467 2583 1523 vocari
2616 1467 2718 1539 qui
2753 1466 2982 1522 ratione
3008 1466 3276 1538 quadam
3305 1466 3457 1522 inef-

1809 1553 1975 1610 fabili
2005 1559 2061 1611 et
2091 1555 2501 1626 praerogativa,
2545 1555 2839 1612 intellectu
2885 1571 3007 1610 non
3052 1554 3452 1627 assequenda,

1808 1661 1988 1716 supra
2020 1660 2262 1702 omnem
2291 1650 2568 1701 naturam
2599 1646 2824 1718 positus
2854 1651 2910 1700 et
2931 1650 3168 1700 evectus
3200 1649 3308 1699 est.
3344 1645 3456 1701 Sed

145 1743 641 1809 μεταστοιχειώσεως.
702 1735 761 1791 Εἰ
803 1738 904 1811 γὰρ
962 1737 988 1788 ὁ
1051 1737 1162 1808 (92)
1227 1735 1400 1799 Ἠλίας
1453 1740 1539 1789 τὸν
1587 1739 1696 1790 υἱὸν

1884 1734 2135 1791 imatum
2154 1739 2310 1791 tenet
2327 1735 2659 1791 secundum
2675 1735 3126 1798 humanitatem,
3145 1733 3272 1789 dux
3287 1735 3458 1789 nobis

142 1834 212 1887 τῆς
257 1830 418 1898 χήρας
466 1829 663 1900 ἤγειρε,
692 1829 781 1877 καὶ
821 1824 1113 1886 Ἐλισσαῖος
1153 1829 1239 1879 τὸν
1286 1833 1381 1887 τῆς
1412 1831 1700 1899 Σωμανίτι-

145 1912 230 1980 δος,
261 1921 339 1967 καὶ
375 1914 526 1978 αὐτὸς
559 1917 586 1967 ὀ
634 1919 810 1990 Σωτὴρ
842 1922 1078 1986 τεταρίον
1109 1919 1236 1968 τὸτα
1273 1916 1517 1988 Λάζαρον
1572 1935 1696 1968 συν-

142 2004 449 2069 εξανέστησεν,
491 2003 602 2056 ἀλλ’
654 2000 826 2066 οὐδεὶς
887 2004 1055 2056 αὐτῶν
1107 2005 1224 2075 (93)
1274 2005 1346 2067 εἰς
1398 2004 1696 2078 ἀφθαρσίαν

140 2099 210 2145 καὶ
250 2092 519 2146 ἀθανασίαν
559 2093 828 2156 ἐξανέστη.
865 2093 1024 2145 Πάλιν
1063 2097 1164 2166 γὰρ
1197 2094 1364 2146 αὐτῶν
1395 2098 1507 2162 (94)
1539 2095 1564 2146 ὁ
1604 2096 1699 2146 θά-

137 2202 254 2244 νατος
299 2182 608 2256 ἐκυρίευσεν.
655 2185 878 2255 Χριστὸς
919 2178 977 2235 δε
1005 2181 1235 2246 ἀναστὰς
1280 2183 1334 2235 ἐκ
1375 2192 1564 2255 νεκρῶν
1603 2183 1696 2237 οὐκ

138 2275 199 2322 ἐτι
263 2271 443 2330 ἁποθνη
454 2291 594 2338 σκεε,

134 2359 242 2414 Ἀλλ’
287 2359 400 2415 ούδε
458 2361 686 2427 ἐκείνων,
735 2361 821 2422 ούς
883 2363 1020 2413 κατὰ
1084 2366 1177 2420 τὴν
1235 2358 1479 2436 δευτέραν
1535 2362 1694 2415 αὐτοῦ

133 2454 382 2522 παρουσίαν
443 2449 758 2508 ἀναστήσει.
811 2449 880 2503 Ὠ
930 2459 1092 2511 κακῆς
1134 2455 1224 2503 καὶ
1275 2452 1492 2524 ἄφρονος
1549 2453 1694 2524 ἡμῶν

135 2540 346 2612 γνώμηςῑ
405 2537 560 2599 ἦλθε-δ
608 2541 634 2592 ὁ
690 2543 916 2613 Χριστὸς
971 2543 1099 2612 πρὸς
1156 2541 1315 2612 ἡμᾶς,
1350 2538 1538 2593 ἔδωκεν
1572 2544 1694 2614 ἡμῖν

133 2633 179 2680 τὸ
229 2628 371 2682 αὐτοῦ
426 2636 641 2702 Πνεῦμα
707 2629 840 2701 (95),
900 2634 990 2682 καὶ
1044 2627 1278 2682 ἀνέλαϐεν
1335 2634 1393 2682 τὸ
1451 2632 1695 2706 ἡμέτερον

138 2726 279 2789 σῶμα,
315 2723 399 2772 καὶ
429 2723 485 2772 τὸ
519 2717 864 2790 συνάλλαγμα
893 2717 1144 2791 προῆλθεν
1172 2735 1184 2747 ⁸
1219 2723 1308 2770 καὶ
1352 2717 1519 2771 λαϐὼν
1549 2722 1695 2791 ἡμῶν

135 2809 178 2857 τὸ
227 2809 422 2881 φύραμα
475 2808 753 2879 ἀνύψωσεν
807 2807 949 2878 αὐτὸ,
1009 2812 1099 2860 καὶ
1153 2806 1388 2860 ἐκάθισεν
1446 2807 1496 2860 ἐν
1547 2805 1697 2881 δεξιᾷ

135 2903 206 2946 τοῦ
255 2903 444 2973 Πατρος
501 2913 515 2928 ⁸
582 2901 671 2949 καὶ
734 2898 765 2956 ἡ
823 2895 1164 2969 ἀγνωμοσύνη
1238 2901 1331 2956 τὴν
1398 2896 1696 2969 εὐεργεσίαν

135 2981 302 3056 ὑϐρίζει
337 3001 349 3012 ⁸
405 2985 654 3058 ἐλάϐομεν
685 2984 738 3048 ἐξ
791 2985 950 3038 αὐτοῦ
1007 2989 1065 3038 τὸ
1127 2993 1353 3058 Πνεῦμα,
1411 2990 1500 3038 καὶ
1551 2985 1695 3059 ύϐρί-

135 3075 258 3144 ζομεν
330 3073 376 3126 ἐν
439 3080 707 3148 κτίσμασι
763 3079 852 3127 καὶ
909 3071 1118 3137 δούλοις
1195 3075 1322 3128 αὐτὸ
1387 3074 1693 3146 καταλέγονο

133 3177 210 3221 τες.

672 2273 884 2332 θάνατος
949 2272 1110 2324 αὐτοῦ
1161 2272 1256 2324 ούκ
1321 2275 1398 2324 ἔτι
1444 2276 1691 2345 κυριεύει.

1808 1824 1999 1880 factus
2031 1823 2108 1880 ad
2138 1823 2629 1880 resurrectionem
2653 1828 2709 1880 et
2737 1823 2814 1880 ad
2840 1821 3457 1894 incorruptibilitatem

1807 1929 1879 1969 ex
1897 1913 2270 1984 corruptione
2283 1913 2798 1985 consequendam.
2823 1913 3105 1978 Quamvis
3126 1911 3284 1967 enim
3307 1911 3460 1967 Elias

1808 2002 1994 2058 viduas
2041 2001 2234 2058 ﬁlium
2265 2002 2560 2067 excitavit,
2596 2001 2870 2057 Elissaeus
2902 2017 3042 2056 vero
3078 2000 3242 2056 illum
3277 2001 3459 2057 Suna.

1808 2092 2051 2158 mitidis,
2116 2094 2382 2148 Servator
2429 2091 2688 2163 denique
2732 2095 2933 2146 noster
2986 2091 3301 2154 Lazarum,
3351 2105 3459 2162 per

1805 2180 2190 2254 quatriduum
2219 2185 2542 2248 mortuum,
2573 2181 2631 2235 in
2662 2179 2841 2235 vitam
2875 2179 3172 2234 revocavit
3211 2195 3224 2243 ;
3263 2193 3456 2244 nemo

1808 2275 2006 2325 tamen
2036 2285 2244 2325 eorum
2274 2267 2352 2324 ad
2393 2267 3006 2340 incorruptibilitatem
3037 2272 3092 2321 et
3120 2265 3453 2322 immortali-

1806 2365 1987 2416 tatem
2020 2359 2352 2415 resurrexit.
2386 2361 2535 2415 Mors
2578 2359 2734 2414 enim
2773 2358 2831 2412 in
2863 2356 2994 2412 illos
3020 2357 3234 2412 iterum
3261 2355 3455 2411 domi-

1804 2453 1947 2504 nata
1985 2453 2089 2505 est.
2140 2447 2400 2502 Christus
2431 2463 2592 2513 vero,
2627 2452 2944 2520 postquam
2975 2462 3046 2502 ex
3079 2444 3328 2501 mortuis
3371 2459 3457 2498 re-

1806 2537 2075 2603 surrexit,
2113 2552 2235 2592 non
2278 2537 2492 2592 iterum
2539 2538 2805 2602 moritur,
2845 2551 3005 2591 mors
3036 2535 3095 2590 in
3135 2533 3299 2589 illum
3332 2547 3455 2589 non

1804 2627 2065 2699 amplius
2109 2626 2455 2684 dominatur
2485 2627 2554 2693 '5,
2602 2626 2752 2682 sicut
2781 2641 2890 2681 nec
2928 2625 2988 2680 in
3035 2640 3158 2691 eos,
3201 2636 3350 2696 quos
3392 2623 3453 2678 in

1805 2716 2071 2772 secundo
2098 2715 2359 2773 adventu
2383 2733 2491 2772 suo
2511 2715 2812 2772 excitabit.
2841 2716 2884 2772 Ο
2912 2713 3222 2770 sinistrum
3244 2717 3297 2767 et
3319 2711 3456 2767 insi-

1804 2806 1974 2878 piens
2006 2811 2273 2861 nostrum
2298 2804 2599 2878 judicium
2637 2803 2649 2858 !
2687 2803 2950 2860 Christus
2990 2803 3152 2858 venit
3185 2800 3262 2856 ad
3296 2815 3404 2856 nos
3433 2812 3452 2857 :

1804 2894 1967 2950 dedit
1988 2894 2156 2949 nobis
2177 2895 2457 2966 Spiritum
2481 2909 2655 2949 suum
2682 2909 2694 2947 :
2728 2893 3048 2963 assumpsit
3072 2905 3210 2945 vero
3236 2904 3456 2961 corpus

1806 2989 2075 3040 nostrum
2110 2999 2121 3038 :
2153 2982 2304 3039 facta
2333 2988 2421 3038 est
2450 2983 2802 3054 permutatio
2833 2998 2846 3036 :
2879 2996 3141 3036 massam
3171 2978 3331 3034 enim
3357 2992 3460 3032 no-

1807 3079 1990 3128 stram
2007 3075 2382 3144 assumptam
2396 3071 2607 3140 evexit,
2626 3075 2682 3126 et
2699 3069 2775 3126 ad
2790 3069 3060 3124 dextram
3077 3067 3265 3123 Patris
3285 3064 3461 3121 collo—

1737 3165 1776 3219 C
1808 3161 1982 3218 cavit.
2009 3162 2140 3216 Jam
2164 3176 2304 3216 vero
2337 3159 2606 3230 ingratus
2645 3158 2884 3215 animus
2917 3159 2978 3213 in
3001 3154 3460 3214 beneﬁcentiam

131 3249 260 3306 hanc
288 3253 364 3326 inj
379 3253 545 3310 urius
576 3257 684 3308 est.
717 3255 999 3308 Naturam
1033 3269 1103 3308 ex
1131 3251 1306 3308 nobis
1335 3251 1690 3324 assumpsit,
1719 3256 1776 3307 et
1808 3267 1844 3307 a
1881 3249 2102 3306 dextris
2132 3251 2323 3306 Patris
2353 3249 2664 3306 collocavit
2694 3267 2706 3307 :
2742 3263 2850 3302 nos
2877 3246 2955 3304 ab
2982 3246 3080 3302 illo
3113 3246 3462 3317 accepimus

131 3337 374 3412 Spiritum
406 3361 422 3413 ;
455 3348 512 3398 et
560 3341 644 3396 vel
675 3340 761 3396 sic
791 3341 1004 3412 injuria
1036 3340 1334 3398 afﬁcimns
1360 3341 1512 3398 inter
1545 3347 1846 3398 creaturas
1871 3344 1928 3396 et
1948 3354 2148 3395 servos
2181 3338 2347 3394 illum
2377 3341 2780 3394 numerantes.

643 3455 958 3503 ΕΡΩΤΗΣΙΣ
999 3448 1153 3503 ΡΞΓ.

457 3683 524 3737 Τί
557 3680 669 3735 ἐστι
696 3677 879 3743 δέησις
907 3686 996 3735 καὶ
1023 3687 1295 3756 προσευχὴ
1333 3697 1346 3748 ;

2093 3445 2414 3514 QUIESTIO
2455 3445 2655 3502 CLXIII
2707 3443 2912 3516 [CoisL
2956 3441 3174 3507 CXCIII,

2357 3536 2539 3591 Taur.
2582 3533 2926 3604 CLXXXIII].

2129 3679 2288 3749 Quid
2324 3687 2404 3736 est
2429 3675 2610 3740 δέησις
2645 3685 2699 3736 et
2740 3681 3014 3751 προσευχή
3045 3677 3092 3713 ¹⁶
3122 3677 3144 3731 ἲ

603 3861 878 3912 Editarum
900 3872 933 3910 a
958 3859 1150 3911 Wolﬁo
1171 3860 1430 3923 vigesima
1459 3862 1611 3909 sexta
1637 3859 1691 3918 (1.

1901 3861 2009 3920 802,
2039 3859 2147 3908 803.
2173 3858 2395 3910 Galland
2443 3875 2493 3924 p.
2523 3858 2632 3913 747.
2662 3858 2771 3913 7ι8,
2805 3871 2858 3906 n.
2888 3857 2987 3915 42).

179 4028 470 4104 Ὀτι,φησὶ,
492 4034 612 4103 (96)
642 4028 830 4094 δέησις
849 4033 939 4104 μεν
965 4030 1186 4103 λέγεται,
1219 4033 1339 4083 ὅταν
1364 4050 1444 4092 τις
1470 4032 1556 4082 τὸν
1573 4031 1696 4083 Θεὸν

1885 4034 2088 4094 Δέησις,
2142 4028 2354 4100 inquit,
2396 4028 2631 4092 dicitur,
2691 4026 2940 4098 quando
2980 4026 3118 4098 quis
3161 4029 3345 4081 Deum
3385 4023 3460 4081 ad

127 4115 242 4180 ἀξιοῖ
270 4121 334 4182 εἰς
357 4128 584 4195 πρᾶγμα
614 4136 631 4152 ⁸
667 4125 943 4196 προσευχή
977 4116 1058 4188 δε,
1091 4122 1211 4172 ὅταν
1245 4121 1376 4192 ὑμνῇ
1410 4123 1496 4171 τὸν
1529 4123 1657 4173 Θεὸν
1686 4135 1696 4148 ·

1884 4137 1906 4173 s
1942 4135 2082 4174 suas
2114 4117 2507 4190 perﬁciendas
2537 4106 2788 4171 advoCat
2831 4131 2844 4168 :
2873 4119 3172 4187 προσευχὴ,
3213 4113 3462 4184 quando

123 4208 410 4284 εὶχαριστία
454 4208 539 4278 δε,
581 4212 700 4264 ὃταν
747 4230 821 4271 τις
871 4212 1008 4284 ὑπὲρ
1043 4210 1114 4260 ὧν
1143 4210 1342 4274 ἔπαθεν,
1378 4209 1537 4283 χάριν
1582 4206 1696 4261 ἀνθ-

1884 4223 1998 4261 ιυη]
2030 4205 2237 4261 laudat
2263 4222 2272 4260 :
2300 4205 2646 4278 εὐχαριστία,
2675 4203 2924 4275 quando
2949 4219 3056 4273 pro
3079 4202 3336 4273 acceptis
3365 4201 3462 4257 be-

124 4298 316 4372 ομολογῇ
348 4310 421 4372 τῷ
459 4309 577 4372 Θεῷ
602 4320 614 4333 ⁸
660 4299 879 4371 ἐντυχία
911 4295 991 4364 δὲ,
1022 4299 1142 4351 ὅταν
1173 4317 1249 4358 τις
1279 4300 1413 4350 κατὰ
1451 4307 1549 4349 τῶν
1585 4294 1696 4349 ἁδι-

1889 4295 2032 4351 iiciis
2057 4295 2276 4364 gratias
2301 4297 2415 4349 Deo
2443 4293 2564 4363 agit
2591 4310 2603 4348 :
2638 4291 2857 4362 ίντυχία
2881 4306 3036 4356 vero,
3060 4290 3306 4362 quando
3327 4289 3461 4360 quis

122 4390 315 4441 κούντων
360 4388 661 4462 ἐντυγχάνῃ
707 4397 780 4459 τῷ
827 4395 941 4457 Θεῷ
974 4386 1423 4461 προσκαλούμενος
1451 4387 1562 4457 (9³7)
1605 4385 1696 4438 αύ-

1884 4387 2104 4440 lversus
2137 4383 2386 4454 iujurios
2414 4387 2597 4439 Deum
2620 4380 2968 4452 interpellat,
2995 4394 3252 4452 eumque
3274 4379 3352 4434 ad
3376 4378 3462 4433 ul-

122 4479 193 4527 τὸν
241 4477 304 4539 εἰς
359 4475 662 4537 ἐκδίκησιν.
694 4477 815 4531 Ὀτι
870 4473 930 4530 δε
970 4481 1026 4528 τὸ
1077 4475 1410 4549 ἐντυγχάνειν
1446 4475 1538 4527 ούκ
1568 4478 1696 4540 ἔστι,

1884 4490 2035 4530 mem
2067 4473 2425 4528 sumendam
2456 4473 2690 4528 excitat.
2729 4471 2895 4532 Quod
2941 4485 3098 4532 vero,
3141 4468 3352 4540 inquit,
3383 4470 3464 4520 ἐν·-

123 4569 275 4636 natu,
330 4570 591 4633 ἱκετεύειν,
646 4566 752 4620 ἁλλ’
834 4566 1047 4642 ἐρωτᾷν,
1105 4570 1194 4618 καὶ
1265 4564 1543 4637 ἀπόκρισιν
1610 4561 1696 4616 δέ·

1884 4564 2094 4634 γχάνειν
2141 4578 2259 4617 non
2305 4561 2461 4617 idem
2508 4561 2580 4616 sit
2630 4559 2794 4632 quod
2842 4560 3101 4622 ἰκετέυειν,
3149 4557 3253 4613 sed
3300 4557 3462 4613 idem

122 4656 315 4725 χεσθαι,
354 4656 492 4729 λέγει
525 4659 551 4709 ὁ
583 4661 714 4719 Θεὸς
739 4659 865 4730 πρὸς
895 4658 978 4707 τὸν
1010 4655 1187 4708 Ἠλίαν
1216 4673 1230 4688 ο
1267 4677 1294 4704 ‹‹
1325 4659 1388 4706 Τί
1421 4653 1485 4706 σύ
1528 4653 1696 4706 ἐνταῦ-

1884 4653 2013 4708 ιίίιιε
2033 4652 2199 4725 quod
2219 4652 2600 4721 interrogare,
2623 4656 2677 4706 et
2701 4664 3036 4720 responsum
3050 4650 3334 4718 accipere,
3357 4661 3462 4719 ap-

184 4842 226 4876 "
251 4841 296 4896 ll
320 4843 450 4898 Cor.
489 4857 542 4907 v,
577 4841 645 4896 17
679 4841 725 4878 ¹⁴
755 4839 978 4898 Coloss.
1013 4856 1050 4908 ι,
1083 4843 1169 4897 18.
1203 4841 1249 4877 ¹⁵
1282 4843 1452 4897 Rom.
1487 4855 1566 4905 v1,
1598 4839 1651 4896 9.
1686 4843 1696 4874 '

1884 4855 1956 4906 ω,
2017 4855 2075 4910 ιι,
2111 4839 2164 4893 1.

1675 5018 1900 5076 ΝΟΤιΕ.

312 5200 811 5274 ύπερῂρτηταιῌκαί.
846 5212 917 5254 ex
948 5194 1201 5254 Colbert.

201 5272 288 5340 92)
318 5268 421 5324 καῖ
441 5268 641 5336 Ἠλίας,
673 5268 839 5326 Colb.

202 5340 285 5411 93)
312 5341 488 5398 Colb.
518 5357 622 5410 pro
651 5341 826 5395 αὐτόν.

178 5410 289 5552 (94)
321 5417 407 5469 Ita
439 5414 630 5470 scribo
660 5428 770 5486 pro
800 5410 974 5465 αὐτόν.

199 5482 287 5552 95)
319 5486 594 5542 Fortasse
641 5483 963 5552 legendum

199 5478 287 5554 95)
319 5486 594 5556 Fortasse
641 5478 963 5556 légendum
1002 5487 1090 5538 est
1118 5480 1294 5556 αὐτόν,
1324 5483 1389 5537 ut
1430 5479 1509 5537 ad
1539 5478 1703 5556 Cbri-

119 5551 595 5624 stum'referatur,
619 5551 868 5634 quando
888 5569 1049 5614 nunc
1070 5553 1148 5610 ad
1179 5560 1404 5628 Πνεῦμα,
1438 5551 1701 5625 proxime

1811 5195 2195 5260 antecedens,
2229 5197 2475 5267 spectat.

1884 5267 1996 5393 (96)
2023 5265 2429 5340 Chrysostomi
2448 5265 2574 5320 haec
2597 5268 2753 5346 sunt,
2773 5279 2955 5337 quem
2974 5265 3180 5320 Noster
3202 5276 3343 5343 mox
3363 5278 3466 5346 ap-

1911 5339 2010 5393 lat.
2041 5338 2212 5393 Apud
2245 5353 2382 5393 eum
2414 5340 2612 5393 tamen
2643 5335 2743 5392 illa
2771 5335 2850 5392 ad
2878 5335 2938 5390 b.
2971 5335 3012 5391 l.
3048 5349 3172 5391 non
3201 5349 3461 5390 invenio.

1812 5333 2010 5411 pellat.
2041 5333 2212 5411 Apud
2245 5353 2382 5393 eum
2414 5335 2743 5411 tamenilla
2771 5333 2850 5392 ad
2878 5335 2938 5411 b.
2971 5335 3012 5391 l.
3048 5349 3172 5391 non
3201 5333 3461 5411 invenio.

1818 5406 1830 5495 ξ
1884 5409 1995 5498 (97)
2034 5406 2198 5536 ϐἶὶιὺ.
2233 5425 2340 5482 pro
2383 5408 2816 5482 προκαλούμενος.
2861 5407 3022 5464 Idem
3054 5421 3195 5462 mox
3243 5406 3316 5458 ἔτι
3361 5419 3465 5476 pro

1818 5499 1943 5536 εστι.
1979 5496 2078 5536 ma
2103 5496 2155 5536 θ.

1811 5485 1943 5546 ἐστί,
1979 5485 2155 5537 male.
