  <div class='ocr_page' id='page_1' title='image "/cluster/home/n/w/nwhite01/storage/ocr_20150623/101/hvd.32044054112305/445.png"; bbox 0 0 4116 6194; ppageno 0'>
   <div class='ocr_carea' id='block_1_1' title="bbox 479 269 577 324">
    <p class='ocr_par' dir='ltr' id='par_1_1' title="bbox 479 269 577 324">
     <span class='ocr_line' id='line_1_1' title="bbox 479 269 577 324; baseline -0.01 0"><span class='ocrx_word' id='word_1_1' title='bbox 479 269 577 324; x_wconf 77' lang='grc'><strong>851</strong></span> 
     </span>
    </p>
   </div>
   <div class='ocr_carea' id='block_1_2' title="bbox 1648 263 2600 321">
    <p class='ocr_par' dir='ltr' id='par_1_2' title="bbox 1648 263 2600 321">
     <span class='ocr_line' id='line_1_2' title="bbox 1648 263 2600 321; baseline -0.001 -3"><span class='ocrx_word' id='word_1_2' title='bbox 1648 268 1652 283; x_wconf 98' lang='lat'><strong>&#39;</strong></span> <span class='ocrx_word' id='word_1_3' title='bbox 1720 263 1957 320; x_wconf 84' lang='lat' dir='ltr'><strong>PHOTII</strong></span> <span class='ocrx_word' id='word_1_4' title='bbox 1988 264 2464 321; x_wconf 68' lang='lat' dir='ltr'><strong>PATRIARCHE</strong></span> <span class='ocrx_word' id='word_1_5' title='bbox 2495 264 2600 321; x_wconf 86' lang='lat' dir='ltr'><strong>CP.</strong></span> 
     </span>
    </p>
   </div>
   <div class='ocr_carea' id='block_1_3' title="bbox 3768 268 3883 324">
    <p class='ocr_par' dir='ltr' id='par_1_3' title="bbox 3768 268 3883 324">
     <span class='ocr_line' id='line_1_3' title="bbox 3768 268 3883 324; baseline 0 0"><span class='ocrx_word' id='word_1_6' title='bbox 3768 268 3883 324; x_wconf 70' lang='lat'><strong>852</strong></span> 
     </span>
    </p>
   </div>
   <div class='ocr_carea' id='block_1_4' title="bbox 478 389 2134 467">
    <p class='ocr_par' dir='ltr' id='par_1_4' title="bbox 478 389 2127 466">
     <span class='ocr_line' id='line_1_4' title="bbox 478 389 2127 466; baseline -0.002 -17"><span class='ocrx_word' id='word_1_7' title='bbox 478 398 645 466; x_wconf 84' lang='lat' dir='ltr'><strong>paret</strong></span> <span class='ocrx_word' id='word_1_8' title='bbox 671 408 743 447; x_wconf 83' lang='lat' dir='ltr'><strong>ex</strong></span> <span class='ocrx_word' id='word_1_9' title='bbox 767 406 855 459; x_wconf 91' lang='lat' dir='ltr'><strong>eo,</strong></span> <span class='ocrx_word' id='word_1_10' title='bbox 888 389 1055 462; x_wconf 89' lang='lat' dir='ltr'><strong>quod</strong></span> <span class='ocrx_word' id='word_1_11' title='bbox 1079 391 1232 445; x_wconf 87' lang='lat' dir='ltr'><strong>Deus</strong></span> <span class='ocrx_word' id='word_1_12' title='bbox 1256 389 1331 445; x_wconf 91' lang='lat' dir='ltr'><strong>ad</strong></span> <span class='ocrx_word' id='word_1_13' title='bbox 1357 389 1540 445; x_wconf 88' lang='lat' dir='ltr'><strong>Eliam</strong></span> <span class='ocrx_word' id='word_1_14' title='bbox 1559 390 1675 446; x_wconf 90' lang='lat' dir='ltr'><strong>ait:</strong></span> <span class='ocrx_word' id='word_1_15' title='bbox 1710 411 1739 439; x_wconf 88' lang='grc'><strong>‹‹</strong></span> <span class='ocrx_word' id='word_1_16' title='bbox 1772 389 1923 455; x_wconf 88' lang='lat' dir='ltr'><strong>Quid</strong></span> <span class='ocrx_word' id='word_1_17' title='bbox 1947 395 2007 446; x_wconf 92' lang='lat' dir='ltr'><strong>tu</strong></span> <span class='ocrx_word' id='word_1_18' title='bbox 2032 390 2127 445; x_wconf 85' lang='lat' dir='ltr'><strong>hic</strong></span> 
     </span>
    </p>
   </div>
   <div class='ocr_carea' id='block_1_5' title="bbox 2249 389 3868 467">
    <p class='ocr_par' dir='ltr' id='par_1_5' title="bbox 2249 389 3868 467">
     <span class='ocr_line' id='line_1_5' title="bbox 2249 389 3868 467; baseline 0.003 -25"><span class='ocrx_word' id='word_1_19' title='bbox 2249 393 2329 454; x_wconf 76' lang='grc' dir='ltr'><strong>θα,</strong></span> <span class='ocrx_word' id='word_1_20' title='bbox 2357 390 2507 443; x_wconf 81' lang='grc' dir='ltr'>Ἠλία</span> <span class='ocrx_word' id='word_1_21' title='bbox 2530 408 2542 458; x_wconf 91' lang='grc'>;</span> <span class='ocrx_word' id='word_1_22' title='bbox 2582 413 2610 444; x_wconf 86' lang='lat'><strong>»</strong></span> <span class='ocrx_word' id='word_1_23' title='bbox 2641 389 2970 464; x_wconf 78' lang='grc' dir='ltr'>ἀποκρίνεται</span> <span class='ocrx_word' id='word_1_24' title='bbox 2995 390 3269 467; x_wconf 82' lang='grc' dir='ltr'>ἐρωτηθεὶς</span> <span class='ocrx_word' id='word_1_25' title='bbox 3295 395 3321 445; x_wconf 99' lang='lat'><strong>6</strong></span> <span class='ocrx_word' id='word_1_26' title='bbox 3352 398 3631 467; x_wconf 77' lang='grc' dir='ltr'><strong>προφήτης</strong></span> <span class='ocrx_word' id='word_1_27' title='bbox 3659 412 3672 424; x_wconf 87' lang='grc'><strong>·</strong></span> <span class='ocrx_word' id='word_1_28' title='bbox 3696 418 3717 444; x_wconf 81' lang='grc' dir='ltr'><strong>ε</strong></span> <span class='ocrx_word' id='word_1_29' title='bbox 3755 403 3868 452; x_wconf 85' lang='grc' dir='ltr'><strong>Ζη-</strong></span> 
     </span>
    </p>
   </div>
   <div class='ocr_carea' id='block_1_6' title="bbox 478 479 2123 551">
    <p class='ocr_par' dir='ltr' id='par_1_6' title="bbox 478 479 2123 551">
     <span class='ocr_line' id='line_1_6' title="bbox 478 479 2123 551; baseline 0 -14"><span class='ocrx_word' id='word_1_30' title='bbox 478 484 626 551; x_wconf 80' lang='lat' dir='ltr'><strong>agis.</strong></span> <span class='ocrx_word' id='word_1_31' title='bbox 655 482 772 536; x_wconf 91' lang='lat' dir='ltr'><strong>Elia</strong></span> <span class='ocrx_word' id='word_1_32' title='bbox 797 482 823 535; x_wconf 87' lang='lat'><strong>‘?</strong></span> <span class='ocrx_word' id='word_1_33' title='bbox 859 501 882 531; x_wconf 81' lang='grc' dir='ltr'>ι)</span> <span class='ocrx_word' id='word_1_34' title='bbox 920 481 1017 534; x_wconf 84' lang='lat' dir='ltr'><strong>Hic</strong></span> <span class='ocrx_word' id='word_1_35' title='bbox 1042 479 1435 547; x_wconf 82' lang='lat' dir='ltr'><strong>interrogatus</strong></span> <span class='ocrx_word' id='word_1_36' title='bbox 1454 480 1745 550; x_wconf 80' lang='lat' dir='ltr'><strong>propheta</strong></span> <span class='ocrx_word' id='word_1_37' title='bbox 1767 480 2123 551; x_wconf 77' lang='lat' dir='ltr'><strong>respondet:</strong></span> 
     </span>
    </p>
   </div>
   <div class='ocr_carea' id='block_1_7' title="bbox 481 570 2125 640">
    <p class='ocr_par' dir='ltr' id='par_1_7' title="bbox 481 570 2125 640">
     <span class='ocr_line' id='line_1_7' title="bbox 481 570 2125 640; baseline 0 -17"><span class='ocrx_word' id='word_1_38' title='bbox 481 594 507 623; x_wconf 74' lang='grc' dir='ltr'><strong><em>α</em></strong></span> <span class='ocrx_word' id='word_1_39' title='bbox 539 572 669 627; x_wconf 90' lang='lat' dir='ltr'><strong>Zelo</strong></span> <span class='ocrx_word' id='word_1_40' title='bbox 700 570 927 625; x_wconf 89' lang='lat' dir='ltr'><strong>zelatus</strong></span> <span class='ocrx_word' id='word_1_41' title='bbox 960 585 1093 623; x_wconf 91' lang='lat' dir='ltr'><strong>sum</strong></span> <span class='ocrx_word' id='word_1_42' title='bbox 1126 572 1368 639; x_wconf 81' lang='lat' dir='ltr'><strong>prOpter</strong></span> <span class='ocrx_word' id='word_1_43' title='bbox 1402 571 1717 624; x_wconf 89' lang='lat' dir='ltr'><strong>Dominum</strong></span> <span class='ocrx_word' id='word_1_44' title='bbox 1750 570 2125 640; x_wconf 86' lang='lat' dir='ltr'><strong>omnipoten-</strong></span> 
     </span>
    </p>
   </div>
   <div class='ocr_carea' id='block_1_8' title="bbox 478 658 2127 732">
    <p class='ocr_par' dir='ltr' id='par_1_8' title="bbox 478 658 2127 732">
     <span class='ocr_line' id='line_1_8' title="bbox 478 658 2127 732; baseline -0.002 -16"><span class='ocrx_word' id='word_1_45' title='bbox 478 669 614 725; x_wconf 84' lang='lat' dir='ltr'><strong>tem,</strong></span> <span class='ocrx_word' id='word_1_46' title='bbox 649 660 792 732; x_wconf 86' lang='lat' dir='ltr'><strong>quia</strong></span> <span class='ocrx_word' id='word_1_47' title='bbox 833 665 884 714; x_wconf 92' lang='lat' dir='ltr'><strong>te</strong></span> <span class='ocrx_word' id='word_1_48' title='bbox 924 659 1309 713; x_wconf 89' lang='lat' dir='ltr'><strong>deseruerunt</strong></span> <span class='ocrx_word' id='word_1_49' title='bbox 1338 658 1439 712; x_wconf 91' lang='lat' dir='ltr'><strong>ﬁlii</strong></span> <span class='ocrx_word' id='word_1_50' title='bbox 1472 658 1650 713; x_wconf 78' lang='lat' dir='ltr'><strong>Israel</strong></span> <span class='ocrx_word' id='word_1_51' title='bbox 1691 661 1758 728; x_wconf 69' lang='grc' dir='ltr'>Π,</span> <span class='ocrx_word' id='word_1_52' title='bbox 1800 680 1823 709; x_wconf 76' lang='grc' dir='ltr'><strong>υ</strong></span> <span class='ocrx_word' id='word_1_53' title='bbox 1857 664 1963 714; x_wconf 86' lang='lat' dir='ltr'><strong>etc.</strong></span> <span class='ocrx_word' id='word_1_54' title='bbox 2010 660 2127 713; x_wconf 82' lang='lat' dir='ltr'><strong>Hoc</strong></span> 
     </span>
    </p>
   </div>
   <div class='ocr_carea' id='block_1_9' title="bbox 473 745 2127 818">
    <p class='ocr_par' dir='ltr' id='par_1_9' title="bbox 473 745 2127 818">
     <span class='ocr_line' id='line_1_9' title="bbox 473 745 2127 818; baseline -0.002 -12"><span class='ocrx_word' id='word_1_55' title='bbox 473 751 605 806; x_wconf 90' lang='lat' dir='ltr'><strong>loco</strong></span> <span class='ocrx_word' id='word_1_56' title='bbox 636 766 757 805; x_wconf 87' lang='lat' dir='ltr'><strong>non</strong></span> <span class='ocrx_word' id='word_1_57' title='bbox 814 755 901 804; x_wconf 87' lang='lat' dir='ltr'><strong>est</strong></span> <span class='ocrx_word' id='word_1_58' title='bbox 933 745 1112 807; x_wconf 80' lang='grc' dir='ltr'>δέησις</span> <span class='ocrx_word' id='word_1_59' title='bbox 1144 747 1476 818; x_wconf 73' lang='lat' dir='ltr'><strong>(precatio),</strong></span> <span class='ocrx_word' id='word_1_60' title='bbox 1524 748 1627 802; x_wconf 84' lang='lat' dir='ltr'><strong>sed</strong></span> <span class='ocrx_word' id='word_1_61' title='bbox 1657 747 2043 815; x_wconf 73' lang='lat' dir='ltr'><strong>interrogatio</strong></span> <span class='ocrx_word' id='word_1_62' title='bbox 2069 752 2127 802; x_wconf 91' lang='lat' dir='ltr'><strong>et</strong></span> 
     </span>
    </p>
   </div>
   <div class='ocr_carea' id='block_1_10' title="bbox 473 836 2123 909">
    <p class='ocr_par' dir='ltr' id='par_1_10' title="bbox 473 836 2123 909">
     <span class='ocr_line' id='line_1_10' title="bbox 473 836 2123 909; baseline -0.004 -14"><span class='ocrx_word' id='word_1_63' title='bbox 473 838 797 909; x_wconf 86' lang='lat' dir='ltr'><strong>responsio.</strong></span> <span class='ocrx_word' id='word_1_64' title='bbox 856 840 936 892; x_wconf 85' lang='lat' dir='ltr'><strong>Ex</strong></span> <span class='ocrx_word' id='word_1_65' title='bbox 1002 843 1246 906; x_wconf 88' lang='lat' dir='ltr'><strong>utroque</strong></span> <span class='ocrx_word' id='word_1_66' title='bbox 1306 841 1505 891; x_wconf 90' lang='lat' dir='ltr'><strong>autem</strong></span> <span class='ocrx_word' id='word_1_67' title='bbox 1566 837 1832 892; x_wconf 91' lang='lat' dir='ltr'><strong>nascitur</strong></span> <span class='ocrx_word' id='word_1_68' title='bbox 1886 836 2123 898; x_wconf 81' lang='grc' dir='ltr'><strong>ἔντευξις.</strong></span> 
     </span>
    </p>
   </div>
   <div class='ocr_carea' id='block_1_11' title="bbox 476 926 2126 983">
    <p class='ocr_par' dir='ltr' id='par_1_11' title="bbox 476 926 2126 983">
     <span class='ocr_line' id='line_1_11' title="bbox 476 926 2126 983; baseline -0.001 -1"><span class='ocrx_word' id='word_1_69' title='bbox 476 928 641 983; x_wconf 86' lang='lat' dir='ltr'><strong>Unde</strong></span> <span class='ocrx_word' id='word_1_70' title='bbox 676 943 812 982; x_wconf 86' lang='lat' dir='ltr'><strong>vero</strong></span> <span class='ocrx_word' id='word_1_71' title='bbox 836 927 948 981; x_wconf 87' lang='lat' dir='ltr'><strong>hoc</strong></span> <span class='ocrx_word' id='word_1_72' title='bbox 983 926 1360 981; x_wconf 83' lang='lat' dir='ltr'><strong>manifestum</strong></span> <span class='ocrx_word' id='word_1_73' title='bbox 1397 932 1485 981; x_wconf 91' lang='lat' dir='ltr'><strong>est</strong></span> <span class='ocrx_word' id='word_1_74' title='bbox 1517 926 1543 979; x_wconf 82' lang='lat'><strong>‘?</strong></span> <span class='ocrx_word' id='word_1_75' title='bbox 1579 926 1722 980; x_wconf 79' lang='lat' dir='ltr'><strong>Audi</strong></span> <span class='ocrx_word' id='word_1_76' title='bbox 1764 926 2012 980; x_wconf 88' lang='lat' dir='ltr'><strong>Paulum</strong></span> <span class='ocrx_word' id='word_1_77' title='bbox 2045 926 2126 981; x_wconf 90' lang='lat' dir='ltr'><strong>ita</strong></span> 
     </span>
    </p>
   </div>
   <div class='ocr_carea' id='block_1_12' title="bbox 475 1013 2126 1088">
    <p class='ocr_par' dir='ltr' id='par_1_12' title="bbox 475 1013 2126 1088">
     <span class='ocr_line' id='line_1_12' title="bbox 475 1013 2126 1088; baseline -0.001 -17"><span class='ocrx_word' id='word_1_78' title='bbox 475 1017 823 1088; x_wconf 87' lang='lat' dir='ltr'><strong>loquentem</strong></span> <span class='ocrx_word' id='word_1_79' title='bbox 853 1034 908 1069; x_wconf 73' lang='lat' dir='ltr'><strong>:a</strong></span> <span class='ocrx_word' id='word_1_80' title='bbox 946 1017 1149 1069; x_wconf 88' lang='lat' dir='ltr'><strong>Nonne</strong></span> <span class='ocrx_word' id='word_1_81' title='bbox 1186 1013 1408 1082; x_wconf 81' lang='lat' dir='ltr'><strong>legistis</strong></span> <span class='ocrx_word' id='word_1_82' title='bbox 1448 1016 1610 1084; x_wconf 91' lang='lat' dir='ltr'><strong>apud</strong></span> <span class='ocrx_word' id='word_1_83' title='bbox 1654 1014 1840 1069; x_wconf 87' lang='lat' dir='ltr'><strong>Eliam</strong></span> <span class='ocrx_word' id='word_1_84' title='bbox 1866 1015 2126 1085; x_wconf 87' lang='lat' dir='ltr'><strong>prophe-</strong></span> 
     </span>
    </p>
   </div>
   <div class='ocr_carea' id='block_1_13' title="bbox 472 1103 2125 1177">
    <p class='ocr_par' dir='ltr' id='par_1_13' title="bbox 472 1103 2125 1177">
     <span class='ocr_line' id='line_1_13' title="bbox 472 1103 2125 1177; baseline -0.002 -16"><span class='ocrx_word' id='word_1_85' title='bbox 472 1110 616 1172; x_wconf 90' lang='lat' dir='ltr'><strong>tam,</strong></span> <span class='ocrx_word' id='word_1_86' title='bbox 650 1105 815 1177; x_wconf 89' lang='lat' dir='ltr'><strong>quod</strong></span> <span class='ocrx_word' id='word_1_87' title='bbox 837 1104 978 1159; x_wconf 87' lang='lat' dir='ltr'><strong>dicit</strong></span> <span class='ocrx_word' id='word_1_88' title='bbox 1000 1104 1320 1174; x_wconf 84' lang='lat' dir='ltr'><strong>Scriptura,</strong></span> <span class='ocrx_word' id='word_1_89' title='bbox 1347 1104 1511 1175; x_wconf 90' lang='lat' dir='ltr'><strong>quod</strong></span> <span class='ocrx_word' id='word_1_90' title='bbox 1530 1103 1911 1175; x_wconf 83' lang='lat' dir='ltr'><strong>interpellarit</strong></span> <span class='ocrx_word' id='word_1_91' title='bbox 1942 1105 2125 1159; x_wconf 91' lang='lat' dir='ltr'><strong>Deum</strong></span> 
     </span>
    </p>
   </div>
   <div class='ocr_carea' id='block_1_14' title="bbox 474 1191 2130 1263">
    <p class='ocr_par' dir='ltr' id='par_1_14' title="bbox 474 1191 2130 1263">
     <span class='ocr_line' id='line_1_14' title="bbox 474 1191 2130 1263; baseline -0.001 -13"><span class='ocrx_word' id='word_1_92' title='bbox 474 1200 681 1250; x_wconf 89' lang='lat' dir='ltr'><strong>contra</strong></span> <span class='ocrx_word' id='word_1_93' title='bbox 712 1193 988 1249; x_wconf 84' lang='lat' dir='ltr'><strong>Israelem</strong></span> <span class='ocrx_word' id='word_1_94' title='bbox 1023 1194 1069 1228; x_wconf 80' lang='grc'>¹⁸</span> <span class='ocrx_word' id='word_1_95' title='bbox 1100 1194 1127 1248; x_wconf 87' lang='lat'><strong><em>?</em></strong></span> <span class='ocrx_word' id='word_1_96' title='bbox 1167 1213 1189 1242; x_wconf 87' lang='lat'><strong>»</strong></span> <span class='ocrx_word' id='word_1_97' title='bbox 1224 1195 1420 1263; x_wconf 85' lang='lat' dir='ltr'><strong>Itaque</strong></span> <span class='ocrx_word' id='word_1_98' title='bbox 1457 1191 1670 1263; x_wconf 82' lang='grc' dir='ltr'>ἐντυχία</span> <span class='ocrx_word' id='word_1_99' title='bbox 1699 1208 1819 1247; x_wconf 92' lang='lat' dir='ltr'><strong>non</strong></span> <span class='ocrx_word' id='word_1_100' title='bbox 1853 1193 2011 1248; x_wconf 90' lang='lat' dir='ltr'><strong>idem</strong></span> <span class='ocrx_word' id='word_1_101' title='bbox 2039 1198 2130 1248; x_wconf 86' lang='lat' dir='ltr'><strong>est</strong></span> 
     </span>
    </p>
   </div>
   <div class='ocr_carea' id='block_1_15' title="bbox 474 1280 2129 1355">
    <p class='ocr_par' dir='ltr' id='par_1_15' title="bbox 474 1280 2129 1355">
     <span class='ocr_line' id='line_1_15' title="bbox 474 1280 2129 1355; baseline -0.001 -16"><span class='ocrx_word' id='word_1_102' title='bbox 474 1283 637 1355; x_wconf 89' lang='lat' dir='ltr'><strong>quod</strong></span> <span class='ocrx_word' id='word_1_103' title='bbox 669 1280 871 1343; x_wconf 84' lang='grc' dir='ltr'>δέησις.</span> <span class='ocrx_word' id='word_1_104' title='bbox 916 1284 1103 1348; x_wconf 82' lang='lat' dir='ltr'><strong>Atque</strong></span> <span class='ocrx_word' id='word_1_105' title='bbox 1125 1283 1252 1337; x_wconf 70' lang='lat' dir='ltr'><strong>haec</strong></span> <span class='ocrx_word' id='word_1_106' title='bbox 1282 1281 1528 1352; x_wconf 87' lang='lat' dir='ltr'><strong>quidem</strong></span> <span class='ocrx_word' id='word_1_107' title='bbox 1567 1283 1747 1337; x_wconf 89' lang='lat' dir='ltr'><strong>habet</strong></span> <span class='ocrx_word' id='word_1_108' title='bbox 1781 1283 2129 1354; x_wconf 81' lang='lat' dir='ltr'><strong>Chrysosto-</strong></span> 
     </span>
    </p>
   </div>
   <div class='ocr_carea' id='block_1_16' title="bbox 472 1370 2129 1429">
    <p class='ocr_par' dir='ltr' id='par_1_16' title="bbox 472 1370 2129 1429">
     <span class='ocr_line' id='line_1_16' title="bbox 472 1370 2129 1429; baseline -0.002 0"><span class='ocrx_word' id='word_1_109' title='bbox 472 1389 631 1429; x_wconf 90' lang='lat' dir='ltr'><strong>mus.</strong></span> <span class='ocrx_word' id='word_1_110' title='bbox 663 1374 839 1427; x_wconf 88' lang='lat' dir='ltr'><strong>Juvat</strong></span> <span class='ocrx_word' id='word_1_111' title='bbox 863 1388 995 1426; x_wconf 87' lang='lat' dir='ltr'><strong>vero</strong></span> <span class='ocrx_word' id='word_1_112' title='bbox 1023 1370 1359 1425; x_wconf 88' lang='lat' dir='ltr'><strong>accuratius</strong></span> <span class='ocrx_word' id='word_1_113' title='bbox 1384 1371 1447 1426; x_wconf 90' lang='lat' dir='ltr'><strong>in</strong></span> <span class='ocrx_word' id='word_1_114' title='bbox 1470 1371 1683 1426; x_wconf 89' lang='lat' dir='ltr'><strong>harum</strong></span> <span class='ocrx_word' id='word_1_115' title='bbox 1720 1388 1935 1427; x_wconf 85' lang='lat' dir='ltr'><strong>vocum</strong></span> <span class='ocrx_word' id='word_1_116' title='bbox 1966 1371 2129 1426; x_wconf 76' lang='lat' dir='ltr'><strong>diffe-</strong></span> 
     </span>
    </p>
   </div>
   <div class='ocr_carea' id='block_1_17' title="bbox 472 1461 2127 1533">
    <p class='ocr_par' dir='ltr' id='par_1_17' title="bbox 472 1461 2127 1533">
     <span class='ocr_line' id='line_1_17' title="bbox 472 1461 2127 1533; baseline -0.001 -15"><span class='ocrx_word' id='word_1_117' title='bbox 472 1462 727 1518; x_wconf 88' lang='lat' dir='ltr'><strong>rentiam</strong></span> <span class='ocrx_word' id='word_1_118' title='bbox 768 1463 1087 1533; x_wconf 86' lang='lat' dir='ltr'><strong>inquirere,</strong></span> <span class='ocrx_word' id='word_1_119' title='bbox 1128 1477 1197 1517; x_wconf 90' lang='lat' dir='ltr'><strong>ac</strong></span> <span class='ocrx_word' id='word_1_120' title='bbox 1226 1461 1405 1516; x_wconf 89' lang='lat' dir='ltr'><strong>simul</strong></span> <span class='ocrx_word' id='word_1_121' title='bbox 1445 1462 1776 1526; x_wconf 88' lang='lat' dir='ltr'><strong>ostendere,</strong></span> <span class='ocrx_word' id='word_1_122' title='bbox 1804 1464 1970 1532; x_wconf 89' lang='lat' dir='ltr'><strong>quod</strong></span> <span class='ocrx_word' id='word_1_123' title='bbox 2008 1477 2127 1516; x_wconf 91' lang='lat' dir='ltr'><strong>non</strong></span> 
     </span>
    </p>
   </div>
   <div class='ocr_carea' id='block_1_18' title="bbox 474 1549 2129 1621">
    <p class='ocr_par' dir='ltr' id='par_1_18' title="bbox 474 1549 2129 1621">
     <span class='ocr_line' id='line_1_18' title="bbox 474 1549 2129 1621; baseline -0.001 -15"><span class='ocrx_word' id='word_1_124' title='bbox 474 1552 669 1606; x_wconf 85' lang='lat' dir='ltr'><strong>solum</strong></span> <span class='ocrx_word' id='word_1_125' title='bbox 698 1551 870 1621; x_wconf 90' lang='lat' dir='ltr'><strong>copia</strong></span> <span class='ocrx_word' id='word_1_126' title='bbox 901 1566 1011 1604; x_wconf 90' lang='lat' dir='ltr'><strong>sua</strong></span> <span class='ocrx_word' id='word_1_127' title='bbox 1039 1549 1308 1604; x_wconf 81' lang='lat' dir='ltr'><strong>dicendae</strong></span> <span class='ocrx_word' id='word_1_128' title='bbox 1341 1551 1457 1603; x_wconf 90' lang='lat' dir='ltr'><strong>sint</strong></span> <span class='ocrx_word' id='word_1_129' title='bbox 1486 1549 1781 1613; x_wconf 87' lang='lat' dir='ltr'><strong>sufﬁcere,</strong></span> <span class='ocrx_word' id='word_1_130' title='bbox 1816 1550 1920 1604; x_wconf 89' lang='lat' dir='ltr'><strong>sed</strong></span> <span class='ocrx_word' id='word_1_131' title='bbox 1952 1550 2129 1605; x_wconf 89' lang='lat' dir='ltr'><strong>etiam</strong></span> 
     </span>
    </p>
   </div>
   <div class='ocr_carea' id='block_1_19' title="bbox 473 1637 2130 1711">
    <p class='ocr_par' dir='ltr' id='par_1_19' title="bbox 473 1637 2130 1711">
     <span class='ocr_line' id='line_1_19' title="bbox 473 1637 2130 1711; baseline -0.001 -16"><span class='ocrx_word' id='word_1_132' title='bbox 473 1640 603 1703; x_wconf 89' lang='lat' dir='ltr'><strong>illis,</strong></span> <span class='ocrx_word' id='word_1_133' title='bbox 637 1639 738 1711; x_wconf 87' lang='lat' dir='ltr'><strong>qui</strong></span> <span class='ocrx_word' id='word_1_134' title='bbox 770 1654 869 1694; x_wconf 90' lang='lat' dir='ltr'><strong>eas</strong></span> <span class='ocrx_word' id='word_1_135' title='bbox 920 1638 1191 1693; x_wconf 85' lang='lat' dir='ltr'><strong>solertius</strong></span> <span class='ocrx_word' id='word_1_136' title='bbox 1231 1643 1501 1693; x_wconf 79' lang='lat' dir='ltr'><strong>excutere</strong></span> <span class='ocrx_word' id='word_1_137' title='bbox 1533 1638 1848 1702; x_wconf 89' lang='lat' dir='ltr'><strong>voluerint,</strong></span> <span class='ocrx_word' id='word_1_138' title='bbox 1885 1637 2130 1693; x_wconf 77' lang='lat' dir='ltr'><strong>inteme-</strong></span> 
     </span>
    </p>
   </div>
   <div class='ocr_carea' id='block_1_20' title="bbox 474 1728 1276 1798">
    <p class='ocr_par' dir='ltr' id='par_1_20' title="bbox 474 1728 1276 1798">
     <span class='ocr_line' id='line_1_20' title="bbox 474 1728 1276 1798; baseline -0.005 -14"><span class='ocrx_word' id='word_1_139' title='bbox 474 1732 619 1784; x_wconf 70' lang='lat' dir='ltr'><strong>ratae</strong></span> <span class='ocrx_word' id='word_1_140' title='bbox 645 1733 702 1783; x_wconf 86' lang='lat' dir='ltr'><strong>et</strong></span> <span class='ocrx_word' id='word_1_141' title='bbox 728 1728 900 1782; x_wconf 72' lang='lat' dir='ltr'><strong>salvae</strong></span> <span class='ocrx_word' id='word_1_142' title='bbox 927 1731 1276 1798; x_wconf 84' lang='lat' dir='ltr'><strong>appareant.</strong></span> 
     </span>
    </p>
   </div>
   <div class='ocr_carea' id='block_1_21' title="bbox 477 1864 2121 1940">
    <p class='ocr_par' dir='ltr' id='par_1_21' title="bbox 477 1864 2121 1940">
     <span class='ocr_line' id='line_1_21' title="bbox 477 1864 2121 1940; baseline -0.001 -17"><span class='ocrx_word' id='word_1_143' title='bbox 477 1867 794 1932; x_wconf 65' lang='lat' dir='ltr'><strong>QUESTIO</strong></span> <span class='ocrx_word' id='word_1_144' title='bbox 827 1865 1018 1921; x_wconf 83' lang='lat' dir='ltr'><strong>CLXIV</strong></span> <span class='ocrx_word' id='word_1_145' title='bbox 1051 1865 1251 1939; x_wconf 73' lang='lat' dir='ltr'><strong>[CoisL</strong></span> <span class='ocrx_word' id='word_1_146' title='bbox 1290 1864 1515 1930; x_wconf 85' lang='lat' dir='ltr'><strong>CXCIV,</strong></span> <span class='ocrx_word' id='word_1_147' title='bbox 1565 1867 1746 1923; x_wconf 81' lang='lat' dir='ltr'><strong>Taur.</strong></span> <span class='ocrx_word' id='word_1_148' title='bbox 1781 1866 2121 1940; x_wconf 82' lang='lat' dir='ltr'><strong>CLXXXIV].</strong></span> 
     </span>
    </p>
   </div>
   <div class='ocr_carea' id='block_1_22' title="bbox 473 2010 2122 2082">
    <p class='ocr_par' dir='ltr' id='par_1_22' title="bbox 473 2010 2122 2082">
     <span class='ocr_line' id='line_1_22' title="bbox 473 2010 2122 2082; baseline 0.004 -20"><span class='ocrx_word' id='word_1_149' title='bbox 473 2029 499 2062; x_wconf 89' lang='lat'><strong>«</strong></span> <span class='ocrx_word' id='word_1_150' title='bbox 532 2012 736 2082; x_wconf 86' lang='lat' dir='ltr'><strong>Neque</strong></span> <span class='ocrx_word' id='word_1_151' title='bbox 775 2013 928 2067; x_wconf 79' lang='lat' dir='ltr'><strong>enim</strong></span> <span class='ocrx_word' id='word_1_152' title='bbox 966 2010 1153 2079; x_wconf 82' lang='lat' dir='ltr'><strong>pudet</strong></span> <span class='ocrx_word' id='word_1_153' title='bbox 1191 2025 1282 2065; x_wconf 90' lang='lat' dir='ltr'><strong>me</strong></span> <span class='ocrx_word' id='word_1_154' title='bbox 1311 2010 1633 2078; x_wconf 72' lang='lat' dir='ltr'><strong>Evangelii</strong></span> <span class='ocrx_word' id='word_1_155' title='bbox 1664 2027 1675 2065; x_wconf 89' lang='lat'>:</span> <span class='ocrx_word' id='word_1_156' title='bbox 1701 2012 1942 2081; x_wconf 78' lang='lat' dir='ltr'><strong>justitia</strong></span> <span class='ocrx_word' id='word_1_157' title='bbox 1971 2012 2122 2068; x_wconf 79' lang='lat' dir='ltr'><strong>enim</strong></span> 
     </span>
    </p>
   </div>
   <div class='ocr_carea' id='block_1_23' title="bbox 1092 2098 1529 2165">
    <p class='ocr_par' dir='ltr' id='par_1_23' title="bbox 1092 2098 1529 2165">
     <span class='ocr_line' id='line_1_23' title="bbox 1092 2098 1529 2165; baseline 0 -12"><span class='ocrx_word' id='word_1_158' title='bbox 1092 2098 1201 2156; x_wconf 81' lang='lat' dir='ltr'><strong>Dei</strong></span> <span class='ocrx_word' id='word_1_159' title='bbox 1232 2099 1318 2165; x_wconf 70' lang='grc' dir='ltr'>ιδ’,</span> <span class='ocrx_word' id='word_1_160' title='bbox 1355 2121 1375 2149; x_wconf 81' lang='grc' dir='ltr'><strong>ι</strong></span> <span class='ocrx_word' id='word_1_161' title='bbox 1421 2103 1529 2155; x_wconf 91' lang='lat' dir='ltr'><strong>etc.</strong></span> 
     </span>
    </p>
   </div>
   <div class='ocr_carea' id='block_1_24' title="bbox 2235 481 3877 556">
    <p class='ocr_par' dir='ltr' id='par_1_24' title="bbox 2235 481 3877 556">
     <span class='ocr_line' id='line_1_24' title="bbox 2235 481 3877 556; baseline 0.001 -23"><span class='ocrx_word' id='word_1_162' title='bbox 2235 481 2334 533; x_wconf 84' lang='grc' dir='ltr'>λῶν</span> <span class='ocrx_word' id='word_1_163' title='bbox 2405 481 2641 541; x_wconf 75' lang='grc' dir='ltr'><strong>ἐζήλωκα</strong></span> <span class='ocrx_word' id='word_1_164' title='bbox 2721 487 2895 555; x_wconf 77' lang='grc' dir='ltr'>Κυρίῳ</span> <span class='ocrx_word' id='word_1_165' title='bbox 2972 485 3379 556; x_wconf 86' lang='grc' dir='ltr'>παντοκράτορι,</span> <span class='ocrx_word' id='word_1_166' title='bbox 3435 486 3517 535; x_wconf 83' lang='grc' dir='ltr'>ὅτι</span> <span class='ocrx_word' id='word_1_167' title='bbox 3595 483 3877 553; x_wconf 72' lang='grc' dir='ltr'>ἐγκατέλι-</span> 
     </span>
    </p>
   </div>
   <div class='ocr_carea' id='block_1_25' title="bbox 2236 570 3877 642">
    <p class='ocr_par' dir='ltr' id='par_1_25' title="bbox 2236 570 3877 642">
     <span class='ocr_line' id='line_1_25' title="bbox 2236 570 3877 642; baseline 0.002 -21"><span class='ocrx_word' id='word_1_168' title='bbox 2236 575 2329 622; x_wconf 84' lang='grc' dir='ltr'><strong>πον</strong></span> <span class='ocrx_word' id='word_1_169' title='bbox 2384 590 2439 621; x_wconf 86' lang='grc' dir='ltr'><strong>σε</strong></span> <span class='ocrx_word' id='word_1_170' title='bbox 2470 573 2571 622; x_wconf 79' lang='grc' dir='ltr'>υἱοὶ</span> <span class='ocrx_word' id='word_1_171' title='bbox 2615 570 2849 642; x_wconf 84' lang='grc' dir='ltr'>Ἰσραὴλ,</span> <span class='ocrx_word' id='word_1_172' title='bbox 2894 594 2920 620; x_wconf 90' lang='grc'><strong>››</strong></span> <span class='ocrx_word' id='word_1_173' title='bbox 2968 576 3057 623; x_wconf 84' lang='grc' dir='ltr'>καὶ</span> <span class='ocrx_word' id='word_1_174' title='bbox 3106 572 3244 634; x_wconf 83' lang='grc' dir='ltr'><strong>ἑξῆς.</strong></span> <span class='ocrx_word' id='word_1_175' title='bbox 3293 578 3391 625; x_wconf 72' lang='grc' dir='ltr'><strong>Καὶ</strong></span> <span class='ocrx_word' id='word_1_176' title='bbox 3440 573 3535 624; x_wconf 68' lang='grc' dir='ltr'>οὐκ</span> <span class='ocrx_word' id='word_1_177' title='bbox 3585 576 3741 625; x_wconf 82' lang='grc' dir='ltr'>ἔστιν</span> <span class='ocrx_word' id='word_1_178' title='bbox 3804 573 3877 625; x_wconf 81' lang='grc' dir='ltr'><strong>ἐν-</strong></span> 
     </span>
    </p>
   </div>
   <div class='ocr_carea' id='block_1_26' title="bbox 3770 669 3875 716">
    <p class='ocr_par' dir='ltr' id='par_1_26' title="bbox 3770 669 3875 716">
     <span class='ocr_line' id='line_1_26' title="bbox 3770 669 3875 716; baseline 0 -1"><span class='ocrx_word' id='word_1_179' title='bbox 3770 669 3875 716; x_wconf 76' lang='grc' dir='ltr'><strong>Καὶ</strong></span> 
     </span>
    </p>
   </div>
   <div class='ocr_carea' id='block_1_27' title="bbox 3708 754 3873 805">
    <p class='ocr_par' dir='ltr' id='par_1_27' title="bbox 3708 754 3873 805">
     <span class='ocr_line' id='line_1_27' title="bbox 3708 754 3873 805; baseline 0.012 -2"><span class='ocrx_word' id='word_1_180' title='bbox 3708 754 3873 805; x_wconf 70' lang='grc' dir='ltr'>πόθεν</span> 
     </span>
    </p>
   </div>
   <div class='ocr_carea' id='block_1_28' title="bbox 2240 656 3676 735">
    <p class='ocr_par' dir='ltr' id='par_1_28' title="bbox 2240 656 3676 735">
     <span class='ocr_line' id='line_1_28' title="bbox 2240 656 3676 735; baseline 0.002 -24"><span class='ocrx_word' id='word_1_181' title='bbox 2240 661 2405 711; x_wconf 84' lang='grc' dir='ltr'>ταῦΘα</span> <span class='ocrx_word' id='word_1_182' title='bbox 2457 656 2661 726; x_wconf 84' lang='grc' dir='ltr'>δέησις,</span> <span class='ocrx_word' id='word_1_183' title='bbox 2715 658 2822 710; x_wconf 77' lang='grc' dir='ltr'>ἀλλ’</span> <span class='ocrx_word' id='word_1_184' title='bbox 2876 659 3136 733; x_wconf 78' lang='grc' dir='ltr'>ἐρώτησις</span> <span class='ocrx_word' id='word_1_185' title='bbox 3204 666 3294 713; x_wconf 85' lang='grc' dir='ltr'>καὶ</span> <span class='ocrx_word' id='word_1_186' title='bbox 3362 660 3676 735; x_wconf 78' lang='grc' dir='ltr'>ἀπόκρισις.</span> 
     </span>
    </p>
   </div>
   <div class='ocr_carea' id='block_1_29' title="bbox 2235 748 3592 817">
    <p class='ocr_par' dir='ltr' id='par_1_29' title="bbox 2235 748 3592 817">
     <span class='ocr_line' id='line_1_29' title="bbox 2235 748 3592 817; baseline 0.004 -18"><span class='ocrx_word' id='word_1_187' title='bbox 2235 752 2438 817; x_wconf 73' lang='grc' dir='ltr'>γέγονεν</span> <span class='ocrx_word' id='word_1_188' title='bbox 2539 753 2597 799; x_wconf 87' lang='grc' dir='ltr'>τὸ</span> <span class='ocrx_word' id='word_1_189' title='bbox 2699 748 2751 811; x_wconf 83' lang='grc' dir='ltr'>ἐξ</span> <span class='ocrx_word' id='word_1_190' title='bbox 2851 748 3041 817; x_wconf 78' lang='grc' dir='ltr'><strong>ἀμφοῖν</strong></span> <span class='ocrx_word' id='word_1_191' title='bbox 3139 750 3379 812; x_wconf 83' lang='grc' dir='ltr'>ἔντευξις.</span> <span class='ocrx_word' id='word_1_192' title='bbox 3489 756 3592 804; x_wconf 81' lang='grc' dir='ltr'>Καὶ</span> 
     </span>
    </p>
   </div>
   <div class='ocr_carea' id='block_1_30' title="bbox 2239 833 3877 910">
    <p class='ocr_par' dir='ltr' id='par_1_30' title="bbox 2239 833 3877 910">
     <span class='ocr_line' id='line_1_30' title="bbox 2239 833 3877 910; baseline 0.002 -21"><span class='ocrx_word' id='word_1_193' title='bbox 2239 833 2438 903; x_wconf 85' lang='grc' dir='ltr'>δῆλον;</span> <span class='ocrx_word' id='word_1_194' title='bbox 2495 838 2698 890; x_wconf 79' lang='grc' dir='ltr'><strong>Παύλου</strong></span> <span class='ocrx_word' id='word_1_195' title='bbox 2781 838 3014 910; x_wconf 77' lang='grc' dir='ltr'>λέγοντος</span> <span class='ocrx_word' id='word_1_196' title='bbox 3106 841 3332 892; x_wconf 82' lang='grc' dir='ltr'>ἄκουσον</span> <span class='ocrx_word' id='word_1_197' title='bbox 3395 856 3409 869; x_wconf 90' lang='lat'>&#39;</span> <span class='ocrx_word' id='word_1_198' title='bbox 3489 860 3517 891; x_wconf 84' lang='grc' dir='ltr'>ί(</span> <span class='ocrx_word' id='word_1_199' title='bbox 3577 842 3698 893; x_wconf 79' lang='grc' dir='ltr'><strong>Ούκ</strong></span> <span class='ocrx_word' id='word_1_200' title='bbox 3786 841 3877 892; x_wconf 73' lang='grc' dir='ltr'><strong>ἂν·</strong></span> 
     </span>
    </p>
   </div>
   <div class='ocr_carea' id='block_1_31' title="bbox 2851 748 3379 821">
    <p class='ocr_par' dir='ltr' id='par_1_31' title="bbox 2851 748 3379 821">
     <span class='ocr_line' id='line_1_31' title="bbox 2851 748 3379 821; baseline 0.006 -21"><span class='ocrx_word' id='word_1_201' title='bbox 2851 748 3041 821; x_wconf 77' lang='grc' dir='ltr'>ἀμφοῖν</span> <span class='ocrx_word' id='word_1_202' title='bbox 3139 750 3379 812; x_wconf 83' lang='grc' dir='ltr'>ἔντευξις.</span> 
     </span>
    </p>
   </div>
   <div class='ocr_carea' id='block_1_32' title="bbox 3106 841 3409 892">
    <p class='ocr_par' dir='ltr' id='par_1_32' title="bbox 3106 841 3409 892">
     <span class='ocr_line' id='line_1_32' title="bbox 3106 841 3409 892; baseline 0.003 -3"><span class='ocrx_word' id='word_1_203' title='bbox 3106 841 3332 892; x_wconf 82' lang='grc' dir='ltr'>ἄκουσον</span> <span class='ocrx_word' id='word_1_204' title='bbox 3395 856 3409 869; x_wconf 92' lang='grc'><strong>·</strong></span> 
     </span>
    </p>
   </div>
   <div class='ocr_carea' id='block_1_33' title="bbox 2238 926 3875 1002">
    <p class='ocr_par' dir='ltr' id='par_1_33' title="bbox 2238 926 3875 1002">
     <span class='ocr_line' id='line_1_33' title="bbox 2238 926 3875 1002; baseline 0.002 -24"><span class='ocrx_word' id='word_1_205' title='bbox 2238 930 2419 997; x_wconf 73' lang='grc' dir='ltr'>έγνωτε</span> <span class='ocrx_word' id='word_1_206' title='bbox 2476 929 2522 979; x_wconf 77' lang='grc' dir='ltr'>ἓν</span> <span class='ocrx_word' id='word_1_207' title='bbox 2585 926 2736 998; x_wconf 82' lang='grc' dir='ltr'>Ἠλίᾳ</span> <span class='ocrx_word' id='word_1_208' title='bbox 2764 936 2836 997; x_wconf 85' lang='grc' dir='ltr'>τῷ</span> <span class='ocrx_word' id='word_1_209' title='bbox 2878 933 3136 1001; x_wconf 73' lang='grc' dir='ltr'>προφήτῃ,</span> <span class='ocrx_word' id='word_1_210' title='bbox 3183 933 3234 981; x_wconf 88' lang='grc' dir='ltr'><strong>τί</strong></span> <span class='ocrx_word' id='word_1_211' title='bbox 3272 928 3407 999; x_wconf 74' lang='grc' dir='ltr'>λέγει</span> <span class='ocrx_word' id='word_1_212' title='bbox 3459 932 3487 987; x_wconf 82' lang='grc' dir='ltr'>ἡ</span> <span class='ocrx_word' id='word_1_213' title='bbox 3540 934 3751 1002; x_wconf 70' lang='grc' dir='ltr'>Γραφη,</span> <span class='ocrx_word' id='word_1_214' title='bbox 3810 934 3875 990; x_wconf 74' lang='grc' dir='ltr'>ὡς</span> 
     </span>
    </p>
   </div>
   <div class='ocr_carea' id='block_1_34' title="bbox 2238 1014 3868 1089">
    <p class='ocr_par' dir='ltr' id='par_1_34' title="bbox 2238 1014 3868 1089">
     <span class='ocr_line' id='line_1_34' title="bbox 2238 1014 3868 1089; baseline 0.002 -23"><span class='ocrx_word' id='word_1_215' title='bbox 2238 1014 2543 1087; x_wconf 78' lang='grc' dir='ltr'><strong>ἐντυγχάνει</strong></span> <span class='ocrx_word' id='word_1_216' title='bbox 2573 1024 2645 1086; x_wconf 82' lang='grc' dir='ltr'>τῷ</span> <span class='ocrx_word' id='word_1_217' title='bbox 2686 1024 2821 1086; x_wconf 83' lang='grc' dir='ltr'>Θεῷ,</span> <span class='ocrx_word' id='word_1_218' title='bbox 2854 1019 2989 1069; x_wconf 87' lang='grc' dir='ltr'>κατὰ</span> <span class='ocrx_word' id='word_1_219' title='bbox 3031 1025 3123 1068; x_wconf 83' lang='grc' dir='ltr'><strong>τοῦ</strong></span> <span class='ocrx_word' id='word_1_220' title='bbox 3153 1018 3409 1089; x_wconf 72' lang='grc' dir='ltr'>Ἰσραηλς</span> <span class='ocrx_word' id='word_1_221' title='bbox 3456 1040 3482 1067; x_wconf 84' lang='grc'><strong>››</strong></span> <span class='ocrx_word' id='word_1_222' title='bbox 3526 1019 3743 1070; x_wconf 76' lang='grc' dir='ltr'>Οὐκοῦν</span> <span class='ocrx_word' id='word_1_223' title='bbox 3794 1018 3868 1070; x_wconf 75' lang='grc' dir='ltr'><strong>ἐν·</strong></span> 
     </span>
    </p>
   </div>
   <div class='ocr_carea' id='block_1_35' title="bbox 2235 1102 3870 1179">
    <p class='ocr_par' dir='ltr' id='par_1_35' title="bbox 2235 1102 3870 1179">
     <span class='ocr_line' id='line_1_35' title="bbox 2235 1102 3870 1179; baseline 0.002 -23"><span class='ocrx_word' id='word_1_224' title='bbox 2235 1109 2402 1176; x_wconf 86' lang='grc' dir='ltr'>τυχία</span> <span class='ocrx_word' id='word_1_225' title='bbox 2457 1105 2550 1157; x_wconf 75' lang='grc' dir='ltr'>οὐκ</span> <span class='ocrx_word' id='word_1_226' title='bbox 2589 1107 2701 1158; x_wconf 81' lang='grc' dir='ltr'>ἔστι</span> <span class='ocrx_word' id='word_1_227' title='bbox 2751 1102 2955 1167; x_wconf 79' lang='grc' dir='ltr'>δέησις.</span> <span class='ocrx_word' id='word_1_228' title='bbox 2998 1105 3156 1157; x_wconf 75' lang='grc' dir='ltr'>Ἀλλὰ</span> <span class='ocrx_word' id='word_1_229' title='bbox 3202 1114 3368 1158; x_wconf 86' lang='grc' dir='ltr'>ταῦτα</span> <span class='ocrx_word' id='word_1_230' title='bbox 3563 1110 3589 1159; x_wconf 89' lang='lat'><strong>6</strong></span> <span class='ocrx_word' id='word_1_231' title='bbox 3646 1114 3870 1179; x_wconf 76' lang='grc' dir='ltr'>Χρυσο-</span> 
     </span>
    </p>
   </div>
   <div class='ocr_carea' id='block_1_36' title="bbox 2240 1191 3865 1270">
    <p class='ocr_par' dir='ltr' id='par_1_36' title="bbox 2240 1191 3865 1270">
     <span class='ocr_line' id='line_1_36' title="bbox 2240 1191 3865 1270; baseline 0.001 -24"><span class='ocrx_word' id='word_1_232' title='bbox 2240 1213 2452 1267; x_wconf 89' lang='grc' dir='ltr'>στομος.</span> <span class='ocrx_word' id='word_1_233' title='bbox 2496 1202 2577 1247; x_wconf 89' lang='grc' dir='ltr'><strong>Δεῐ</strong></span> <span class='ocrx_word' id='word_1_234' title='bbox 2607 1191 2657 1246; x_wconf 88' lang='grc' dir='ltr'>δ’</span> <span class='ocrx_word' id='word_1_235' title='bbox 2692 1191 2781 1246; x_wconf 82' lang='grc' dir='ltr'>οὖν</span> <span class='ocrx_word' id='word_1_236' title='bbox 2822 1198 2898 1246; x_wconf 80' lang='grc' dir='ltr'>ἔτι</span> <span class='ocrx_word' id='word_1_237' title='bbox 2939 1195 3399 1268; x_wconf 79' lang='grc' dir='ltr'><strong>λεπτομερέστερον</strong></span> <span class='ocrx_word' id='word_1_238' title='bbox 3452 1199 3549 1253; x_wconf 76' lang='grc' dir='ltr'>τὰς</span> <span class='ocrx_word' id='word_1_239' title='bbox 3595 1193 3865 1270; x_wconf 69' lang='grc' dir='ltr'>διαφορὰς</span> 
     </span>
    </p>
   </div>
   <div class='ocr_carea' id='block_1_37' title="bbox 2238 1283 3863 1356">
    <p class='ocr_par' dir='ltr' id='par_1_37' title="bbox 2238 1283 3863 1356">
     <span class='ocr_line' id='line_1_37' title="bbox 2238 1283 3863 1356; baseline 0.002 -21"><span class='ocrx_word' id='word_1_240' title='bbox 2238 1292 2335 1335; x_wconf 86' lang='grc' dir='ltr'>τῶν</span> <span class='ocrx_word' id='word_1_241' title='bbox 2387 1285 2662 1356; x_wconf 79' lang='grc' dir='ltr'><strong>εἰρημένων</strong></span> <span class='ocrx_word' id='word_1_242' title='bbox 2721 1283 2982 1356; x_wconf 80' lang='grc' dir='ltr'><strong>ὀνομάτων</strong></span> <span class='ocrx_word' id='word_1_243' title='bbox 3033 1285 3444 1356; x_wconf 73' lang='grc' dir='ltr'>ἐπισκέψασθαι,</span> <span class='ocrx_word' id='word_1_244' title='bbox 3488 1290 3579 1337; x_wconf 86' lang='grc' dir='ltr'>καὶ</span> <span class='ocrx_word' id='word_1_245' title='bbox 3642 1285 3863 1339; x_wconf 67' lang='grc' dir='ltr'>ἐπιθεωι</span> 
     </span>
    </p>
   </div>
   <div class='ocr_carea' id='block_1_38' title="bbox 2238 1371 3860 1445">
    <p class='ocr_par' dir='ltr' id='par_1_38' title="bbox 2238 1371 3860 1445">
     <span class='ocr_line' id='line_1_38' title="bbox 2238 1371 3860 1445; baseline 0.001 -20"><span class='ocrx_word' id='word_1_246' title='bbox 2238 1383 2422 1445; x_wconf 84' lang='grc' dir='ltr'>ρῆσαι,</span> <span class='ocrx_word' id='word_1_247' title='bbox 2476 1376 2555 1425; x_wconf 87' lang='grc' dir='ltr'>ὅτι</span> <span class='ocrx_word' id='word_1_248' title='bbox 2612 1378 2683 1445; x_wconf 83' lang='grc' dir='ltr'>μὴ</span> <span class='ocrx_word' id='word_1_249' title='bbox 2735 1382 2808 1424; x_wconf 87' lang='grc' dir='ltr'>τῶ</span> <span class='ocrx_word' id='word_1_250' title='bbox 2847 1372 3032 1431; x_wconf 82' lang='grc' dir='ltr'>πλήθει</span> <span class='ocrx_word' id='word_1_251' title='bbox 3062 1378 3214 1445; x_wconf 85' lang='grc' dir='ltr'>μόνον</span> <span class='ocrx_word' id='word_1_252' title='bbox 3243 1376 3394 1426; x_wconf 84' lang='grc' dir='ltr'>ἱκανά</span> <span class='ocrx_word' id='word_1_253' title='bbox 3419 1371 3551 1426; x_wconf 84' lang='grc' dir='ltr'>εἶναι</span> <span class='ocrx_word' id='word_1_254' title='bbox 3576 1375 3860 1445; x_wconf 71' lang='grc' dir='ltr'>λέγεσθαι,</span> 
     </span>
    </p>
   </div>
   <div class='ocr_carea' id='block_1_39' title="bbox 2241 1460 3863 1536">
    <p class='ocr_par' dir='ltr' id='par_1_39' title="bbox 2241 1460 3863 1536">
     <span class='ocr_line' id='line_1_39' title="bbox 2241 1460 3863 1536; baseline 0.002 -22"><span class='ocrx_word' id='word_1_255' title='bbox 2241 1461 2367 1514; x_wconf 76' lang='grc' dir='ltr'>ἀλλὰ</span> <span class='ocrx_word' id='word_1_256' title='bbox 2396 1467 2485 1514; x_wconf 85' lang='grc' dir='ltr'><strong>καὶ</strong></span> <span class='ocrx_word' id='word_1_257' title='bbox 2523 1470 2632 1525; x_wconf 85' lang='grc' dir='ltr'>τοῖς</span> <span class='ocrx_word' id='word_1_258' title='bbox 2679 1460 2964 1536; x_wconf 86' lang='grc' dir='ltr'>δεινότερον</span> <span class='ocrx_word' id='word_1_259' title='bbox 2996 1460 3407 1524; x_wconf 75' lang='grc' dir='ltr'>διακωδωνίζειν</span> <span class='ocrx_word' id='word_1_260' title='bbox 3437 1472 3611 1516; x_wconf 88' lang='grc' dir='ltr'>ταῦτα</span> <span class='ocrx_word' id='word_1_261' title='bbox 3667 1463 3863 1536; x_wconf 69' lang='grc' dir='ltr'>βουλον</span> 
     </span>
    </p>
   </div>
   <div class='ocr_carea' id='block_1_40' title="bbox 2242 1549 3484 1625">
    <p class='ocr_par' dir='ltr' id='par_1_40' title="bbox 2242 1549 3484 1625">
     <span class='ocr_line' id='line_1_40' title="bbox 2242 1549 3484 1625; baseline 0.004 -22"><span class='ocrx_word' id='word_1_262' title='bbox 2242 1556 2413 1624; x_wconf 78' lang='grc' dir='ltr'><strong>μένοις</strong></span> <span class='ocrx_word' id='word_1_263' title='bbox 2440 1551 2675 1604; x_wconf 76' lang='grc' dir='ltr'>ἀνάλωτα</span> <span class='ocrx_word' id='word_1_264' title='bbox 2700 1557 2789 1604; x_wconf 80' lang='grc' dir='ltr'>καὶ</span> <span class='ocrx_word' id='word_1_265' title='bbox 2815 1550 3177 1625; x_wconf 79' lang='grc' dir='ltr'>ἀνεπηρέαστα</span> <span class='ocrx_word' id='word_1_266' title='bbox 3203 1549 3484 1625; x_wconf 83' lang='grc' dir='ltr'>διαμένειν.</span> 
     </span>
    </p>
   </div>
   <div class='ocr_carea' id='block_1_41' title="bbox 2793 1869 3299 1927">
    <p class='ocr_par' dir='ltr' id='par_1_41' title="bbox 2793 1869 3299 1927">
     <span class='ocr_line' id='line_1_41' title="bbox 2793 1869 3299 1927; baseline 0.008 -5"><span class='ocrx_word' id='word_1_267' title='bbox 2793 1876 3108 1924; x_wconf 83' lang='grc' dir='ltr'><strong>ΕΡΩΤΗΣῙΣ</strong></span> <span class='ocrx_word' id='word_1_268' title='bbox 3149 1869 3275 1923; x_wconf 65' lang='grc' dir='ltr'><strong>ΡΞΔ’</strong></span> <span class='ocrx_word' id='word_1_269' title='bbox 3288 1914 3299 1927; x_wconf 95' lang='grc'><strong>.</strong></span> 
     </span>
    </p>
   </div>
   <div class='ocr_carea' id='block_1_42' title="bbox 2285 2011 3834 2086">
    <p class='ocr_par' dir='ltr' id='par_1_42' title="bbox 2285 2011 3834 2086">
     <span class='ocr_line' id='line_1_42' title="bbox 2285 2011 3834 2086; baseline 0.001 -23"><span class='ocrx_word' id='word_1_270' title='bbox 2285 2032 2308 2063; x_wconf 83' lang='lat'><strong>«</strong></span> <span class='ocrx_word' id='word_1_271' title='bbox 2352 2012 2428 2064; x_wconf 86' lang='grc' dir='ltr'><strong>Ού</strong></span> <span class='ocrx_word' id='word_1_272' title='bbox 2458 2014 2559 2086; x_wconf 71' lang='grc' dir='ltr'><strong>γὰρ</strong></span> <span class='ocrx_word' id='word_1_273' title='bbox 2592 2011 2983 2085; x_wconf 79' lang='grc' dir='ltr'>ἐπαισχύνομαι</span> <span class='ocrx_word' id='word_1_274' title='bbox 3012 2015 3069 2064; x_wconf 86' lang='grc' dir='ltr'>τὸ</span> <span class='ocrx_word' id='word_1_275' title='bbox 3107 2011 3417 2083; x_wconf 70' lang='grc' dir='ltr'>Εύαγγίλιον</span> <span class='ocrx_word' id='word_1_276' title='bbox 3449 2031 3461 2042; x_wconf 88' lang='grc'><strong>·</strong></span> <span class='ocrx_word' id='word_1_277' title='bbox 3498 2011 3834 2073; x_wconf 74' lang='grc' dir='ltr'>δνκαιοσύνη</span> 
     </span>
    </p>
   </div>
   <div class='ocr_carea' id='block_1_43' title="bbox 2722 2102 3365 2177">
    <p class='ocr_par' dir='ltr' id='par_1_43' title="bbox 2722 2102 3365 2177">
     <span class='ocr_line' id='line_1_43' title="bbox 2722 2102 3365 2177; baseline 0.003 -23"><span class='ocrx_word' id='word_1_278' title='bbox 2722 2105 2823 2177; x_wconf 77' lang='grc' dir='ltr'><strong>γὰρ</strong></span> <span class='ocrx_word' id='word_1_279' title='bbox 2853 2107 2999 2167; x_wconf 89' lang='grc' dir='ltr'>Θεοῦ,</span> <span class='ocrx_word' id='word_1_280' title='bbox 3037 2122 3064 2153; x_wconf 86' lang='lat'><strong>»</strong></span> <span class='ocrx_word' id='word_1_281' title='bbox 3108 2106 3198 2154; x_wconf 83' lang='grc' dir='ltr'>καὶ</span> <span class='ocrx_word' id='word_1_282' title='bbox 3229 2102 3365 2165; x_wconf 81' lang='grc' dir='ltr'><strong>ἑξῆς.</strong></span> 
     </span>
    </p>
   </div>
   <div class='ocr_carea' id='block_1_44' title="bbox 652 2326 2134 2391">
    <p class='ocr_par' dir='ltr' id='par_1_44' title="bbox 652 2326 2134 2391">
     <span class='ocr_line' id='line_1_44' title="bbox 652 2326 2134 2391; baseline -0.001 -15"><span class='ocrx_word' id='word_1_283' title='bbox 652 2326 927 2376; x_wconf 86' lang='lat' dir='ltr'><strong>Editarum</strong></span> <span class='ocrx_word' id='word_1_284' title='bbox 961 2341 993 2377; x_wconf 80' lang='grc' dir='ltr'><strong>θ.</strong></span> <span class='ocrx_word' id='word_1_285' title='bbox 1016 2327 1210 2380; x_wconf 88' lang='lat' dir='ltr'><strong>Wolﬁo</strong></span> <span class='ocrx_word' id='word_1_286' title='bbox 1254 2326 1514 2388; x_wconf 84' lang='lat' dir='ltr'><strong>vigesima</strong></span> <span class='ocrx_word' id='word_1_287' title='bbox 1539 2328 1768 2391; x_wconf 86' lang='lat' dir='ltr'><strong>septima</strong></span> <span class='ocrx_word' id='word_1_288' title='bbox 1791 2327 1844 2389; x_wconf 87' lang='grc' dir='ltr'><strong>(Ι.</strong></span> <span class='ocrx_word' id='word_1_289' title='bbox 1872 2340 1949 2383; x_wconf 88' lang='lat' dir='ltr'><strong>c.,</strong></span> <span class='ocrx_word' id='word_1_290' title='bbox 1987 2341 2038 2390; x_wconf 92' lang='lat' dir='ltr'><strong>p.</strong></span> <span class='ocrx_word' id='word_1_291' title='bbox 2066 2328 2134 2375; x_wconf 82' lang='lat'><strong>80.‘</strong></span> 
     </span>
    </p>
   </div>
   <div class='ocr_carea' id='block_1_45' title="bbox 2249 2326 3674 2391">
    <p class='ocr_par' dir='ltr' id='par_1_45' title="bbox 2249 2326 3674 2391">
     <span class='ocr_line' id='line_1_45' title="bbox 2249 2326 3674 2391; baseline 0.001 -17"><span class='ocrx_word' id='word_1_292' title='bbox 2249 2329 2294 2380; x_wconf 83' lang='lat'><strong>9.</strong></span> <span class='ocrx_word' id='word_1_293' title='bbox 2321 2326 2543 2377; x_wconf 89' lang='lat' dir='ltr'><strong>Galland</strong></span> <span class='ocrx_word' id='word_1_294' title='bbox 2562 2343 2612 2391; x_wconf 89' lang='lat' dir='ltr'><strong>p.</strong></span> <span class='ocrx_word' id='word_1_295' title='bbox 2635 2328 2932 2384; x_wconf 68' lang='lat' dir='ltr'><strong>748-750,n.</strong></span> <span class='ocrx_word' id='word_1_296' title='bbox 2960 2329 3058 2390; x_wconf 74' lang='grc'><strong>43).</strong></span> <span class='ocrx_word' id='word_1_297' title='bbox 3090 2328 3219 2377; x_wconf 94' lang='lat' dir='ltr'><strong>—ln</strong></span> <span class='ocrx_word' id='word_1_298' title='bbox 3243 2328 3394 2378; x_wconf 85' lang='lat' dir='ltr'><strong>Rom.</strong></span> <span class='ocrx_word' id='word_1_299' title='bbox 3424 2343 3459 2385; x_wconf 83' lang='grc' dir='ltr'><strong>ι,</strong></span> <span class='ocrx_word' id='word_1_300' title='bbox 3486 2330 3567 2385; x_wconf 85' lang='grc'><strong>16.</strong></span> <span class='ocrx_word' id='word_1_301' title='bbox 3595 2331 3674 2378; x_wconf 81' lang='grc'><strong>17.</strong></span> 
     </span>
    </p>
   </div>
   <div class='ocr_carea' id='block_1_46' title="bbox 562 2451 2141 2525">
    <p class='ocr_par' dir='ltr' id='par_1_46' title="bbox 562 2451 2141 2525">
     <span class='ocr_line' id='line_1_46' title="bbox 562 2451 2141 2525; baseline 0.002 -21"><span class='ocrx_word' id='word_1_302' title='bbox 562 2451 780 2506; x_wconf 86' lang='lat' dir='ltr'><strong>Paulus</strong></span> <span class='ocrx_word' id='word_1_303' title='bbox 822 2452 903 2507; x_wconf 89' lang='lat' dir='ltr'><strong>ait</strong></span> <span class='ocrx_word' id='word_1_304' title='bbox 933 2472 959 2503; x_wconf 90' lang='lat'><strong>«</strong></span> <span class='ocrx_word' id='word_1_305' title='bbox 994 2456 1121 2509; x_wconf 87' lang='lat' dir='ltr'><strong>Non</strong></span> <span class='ocrx_word' id='word_1_306' title='bbox 1171 2456 1356 2525; x_wconf 87' lang='lat' dir='ltr'><strong>pudet</strong></span> <span class='ocrx_word' id='word_1_307' title='bbox 1384 2470 1478 2508; x_wconf 91' lang='lat' dir='ltr'><strong>me</strong></span> <span class='ocrx_word' id='word_1_308' title='bbox 1531 2452 1871 2520; x_wconf 85' lang='lat' dir='ltr'><strong>Evangelii:</strong></span> <span class='ocrx_word' id='word_1_309' title='bbox 1911 2452 2141 2523; x_wconf 87' lang='lat' dir='ltr'><strong>justitia</strong></span> 
     </span>
    </p>
   </div>
   <div class='ocr_carea' id='block_1_47' title="bbox 490 2538 2141 2611">
    <p class='ocr_par' dir='ltr' id='par_1_47' title="bbox 490 2538 2141 2611">
     <span class='ocr_line' id='line_1_47' title="bbox 490 2538 2141 2611; baseline 0.004 -20"><span class='ocrx_word' id='word_1_310' title='bbox 490 2538 649 2592; x_wconf 90' lang='lat' dir='ltr'><strong>enim</strong></span> <span class='ocrx_word' id='word_1_311' title='bbox 683 2541 779 2594; x_wconf 91' lang='lat' dir='ltr'><strong>Dei</strong></span> <span class='ocrx_word' id='word_1_312' title='bbox 804 2540 862 2594; x_wconf 92' lang='lat' dir='ltr'><strong>in</strong></span> <span class='ocrx_word' id='word_1_313' title='bbox 896 2541 993 2595; x_wconf 92' lang='lat' dir='ltr'><strong>illo</strong></span> <span class='ocrx_word' id='word_1_314' title='bbox 1017 2543 1331 2598; x_wconf 87' lang='lat' dir='ltr'><strong>revelatur.</strong></span> <span class='ocrx_word' id='word_1_315' title='bbox 1362 2564 1388 2591; x_wconf 78' lang='lat'><strong>»</strong></span> <span class='ocrx_word' id='word_1_316' title='bbox 1416 2541 1728 2609; x_wconf 90' lang='lat' dir='ltr'><strong>Quomodo</strong></span> <span class='ocrx_word' id='word_1_317' title='bbox 1758 2556 1893 2595; x_wconf 88' lang='lat' dir='ltr'><strong>vero</strong></span> <span class='ocrx_word' id='word_1_318' title='bbox 1914 2541 2141 2611; x_wconf 88' lang='lat' dir='ltr'><strong>justitia.</strong></span> 
     </span>
    </p>
   </div>
   <div class='ocr_carea' id='block_1_48' title="bbox 492 2626 2139 2703">
    <p class='ocr_par' dir='ltr' id='par_1_48' title="bbox 492 2626 2139 2703">
     <span class='ocr_line' id='line_1_48' title="bbox 492 2626 2139 2703; baseline 0.004 -24"><span class='ocrx_word' id='word_1_319' title='bbox 492 2626 590 2680; x_wconf 85' lang='lat' dir='ltr'><strong>Dei</strong></span> <span class='ocrx_word' id='word_1_320' title='bbox 642 2626 701 2681; x_wconf 91' lang='lat' dir='ltr'><strong>in</strong></span> <span class='ocrx_word' id='word_1_321' title='bbox 735 2627 832 2683; x_wconf 92' lang='lat' dir='ltr'><strong>illo</strong></span> <span class='ocrx_word' id='word_1_322' title='bbox 865 2630 1151 2685; x_wconf 75' lang='lat' dir='ltr'><strong>reveletur</strong></span> <span class='ocrx_word' id='word_1_323' title='bbox 1180 2632 1206 2685; x_wconf 85' lang='lat'><strong>‘?</strong></span> <span class='ocrx_word' id='word_1_324' title='bbox 1238 2631 1544 2703; x_wconf 90' lang='lat' dir='ltr'><strong>quomodo</strong></span> <span class='ocrx_word' id='word_1_325' title='bbox 1582 2628 1611 2684; x_wconf 74' lang='lat'><strong>‘1&#39;</strong></span> <span class='ocrx_word' id='word_1_326' title='bbox 1643 2630 1913 2701; x_wconf 89' lang='lat' dir='ltr'><strong>inquam.</strong></span> <span class='ocrx_word' id='word_1_327' title='bbox 1966 2630 2028 2683; x_wconf 93' lang='lat' dir='ltr'><strong>In</strong></span> <span class='ocrx_word' id='word_1_328' title='bbox 2068 2645 2139 2685; x_wconf 91' lang='lat' dir='ltr'><strong>eo</strong></span> 
     </span>
    </p>
   </div>
   <div class='ocr_carea' id='block_1_49' title="bbox 486 2715 2140 2787">
    <p class='ocr_par' dir='ltr' id='par_1_49' title="bbox 486 2715 2140 2787">
     <span class='ocr_line' id='line_1_49' title="bbox 486 2715 2140 2787; baseline 0.003 -18"><span class='ocrx_word' id='word_1_329' title='bbox 486 2715 649 2785; x_wconf 89' lang='lat' dir='ltr'><strong>quod</strong></span> <span class='ocrx_word' id='word_1_330' title='bbox 697 2715 790 2771; x_wconf 85' lang='lat' dir='ltr'><strong>lex</strong></span> <span class='ocrx_word' id='word_1_331' title='bbox 822 2717 1017 2787; x_wconf 87' lang='lat' dir='ltr'><strong>prima</strong></span> <span class='ocrx_word' id='word_1_332' title='bbox 1041 2719 1260 2775; x_wconf 73' lang='lat' dir='ltr'><strong>Iudaeis</strong></span> <span class='ocrx_word' id='word_1_333' title='bbox 1292 2720 1432 2774; x_wconf 91' lang='lat' dir='ltr'><strong>solis</strong></span> <span class='ocrx_word' id='word_1_334' title='bbox 1458 2719 1597 2774; x_wconf 89' lang='lat' dir='ltr'><strong>data</strong></span> <span class='ocrx_word' id='word_1_335' title='bbox 1623 2725 1729 2784; x_wconf 89' lang='lat' dir='ltr'><strong>est,</strong></span> <span class='ocrx_word' id='word_1_336' title='bbox 1766 2734 1884 2773; x_wconf 92' lang='lat' dir='ltr'><strong>non</strong></span> <span class='ocrx_word' id='word_1_337' title='bbox 1938 2724 2140 2774; x_wconf 91' lang='lat' dir='ltr'><strong>autem</strong></span> 
     </span>
    </p>
   </div>
   <div class='ocr_carea' id='block_1_50' title="bbox 470 2799 2139 2880">
    <p class='ocr_par' dir='ltr' id='par_1_50' title="bbox 470 2799 2139 2880">
     <span class='ocr_line' id='line_1_50' title="bbox 470 2799 2139 2880; baseline 0.004 -23"><span class='ocrx_word' id='word_1_338' title='bbox 470 2799 707 2858; x_wconf 58' lang='lat' dir='ltr'><strong>:cmteris</strong></span> <span class='ocrx_word' id='word_1_339' title='bbox 734 2805 1099 2873; x_wconf 88' lang='lat' dir='ltr'><strong>hominibus,</strong></span> <span class='ocrx_word' id='word_1_340' title='bbox 1142 2808 1421 2863; x_wconf 91' lang='lat' dir='ltr'><strong>eumdem</strong></span> <span class='ocrx_word' id='word_1_341' title='bbox 1456 2808 1724 2880; x_wconf 87' lang='lat' dir='ltr'><strong>alioquin</strong></span> <span class='ocrx_word' id='word_1_342' title='bbox 1758 2807 2139 2863; x_wconf 89' lang='lat' dir='ltr'><strong>Conditorem</strong></span> 
     </span>
    </p>
   </div>
   <div class='ocr_carea' id='block_1_51' title="bbox 484 2892 2139 2967">
    <p class='ocr_par' dir='ltr' id='par_1_51' title="bbox 484 2892 2139 2967">
     <span class='ocr_line' id='line_1_51' title="bbox 484 2892 2139 2967; baseline 0.003 -20"><span class='ocrx_word' id='word_1_343' title='bbox 484 2892 882 2966; x_wconf 87' lang='lat' dir='ltr'><strong>eamdemque</strong></span> <span class='ocrx_word' id='word_1_344' title='bbox 913 2902 1190 2952; x_wconf 89' lang='lat' dir='ltr'><strong>naturam</strong></span> <span class='ocrx_word' id='word_1_345' title='bbox 1216 2897 1577 2952; x_wconf 86' lang='lat' dir='ltr'><strong>habentibus</strong></span> <span class='ocrx_word' id='word_1_346' title='bbox 1603 2914 1614 2951; x_wconf 92' lang='lat'>:</span> <span class='ocrx_word' id='word_1_347' title='bbox 1644 2901 1850 2952; x_wconf 88' lang='lat' dir='ltr'><strong>contra</strong></span> <span class='ocrx_word' id='word_1_348' title='bbox 1881 2899 2139 2967; x_wconf 89' lang='lat' dir='ltr'><strong>Evange-</strong></span> 
     </span>
    </p>
   </div>
   <div class='ocr_carea' id='block_1_52' title="bbox 482 2981 2139 3059">
    <p class='ocr_par' dir='ltr' id='par_1_52' title="bbox 482 2981 2139 3059">
     <span class='ocr_line' id='line_1_52' title="bbox 482 2981 2139 3059; baseline 0.004 -23"><span class='ocrx_word' id='word_1_349' title='bbox 482 2981 628 3037; x_wconf 92' lang='lat' dir='ltr'><strong>lium</strong></span> <span class='ocrx_word' id='word_1_350' title='bbox 653 2984 934 3039; x_wconf 89' lang='lat' dir='ltr'><strong>omnibus</strong></span> <span class='ocrx_word' id='word_1_351' title='bbox 948 2986 1161 3041; x_wconf 91' lang='lat' dir='ltr'><strong>eodem</strong></span> <span class='ocrx_word' id='word_1_352' title='bbox 1181 3002 1395 3055; x_wconf 86' lang='lat' dir='ltr'><strong>genere</strong></span> <span class='ocrx_word' id='word_1_353' title='bbox 1418 2989 1559 3042; x_wconf 88' lang='lat' dir='ltr'><strong>ortis</strong></span> <span class='ocrx_word' id='word_1_354' title='bbox 1578 2986 1888 3059; x_wconf 67' lang='lat' dir='ltr'><strong>aequaliter</strong></span> <span class='ocrx_word' id='word_1_355' title='bbox 1905 3003 2139 3058; x_wconf 80' lang='lat' dir='ltr'><strong>compe-</strong></span> 
     </span>
    </p>
   </div>
   <div class='ocr_carea' id='block_1_53' title="bbox 482 3071 2134 3154">
    <p class='ocr_par' dir='ltr' id='par_1_53' title="bbox 482 3071 2134 3147">
     <span class='ocr_line' id='line_1_53' title="bbox 482 3071 2134 3147; baseline 0.003 -21"><span class='ocrx_word' id='word_1_356' title='bbox 482 3071 566 3126; x_wconf 91' lang='lat' dir='ltr'><strong>tit.</strong></span> <span class='ocrx_word' id='word_1_357' title='bbox 620 3076 680 3127; x_wconf 89' lang='lat' dir='ltr'><strong>In</strong></span> <span class='ocrx_word' id='word_1_358' title='bbox 729 3073 829 3128; x_wconf 92' lang='lat' dir='ltr'><strong>illo</strong></span> <span class='ocrx_word' id='word_1_359' title='bbox 873 3091 1013 3130; x_wconf 89' lang='lat' dir='ltr'><strong>vero</strong></span> <span class='ocrx_word' id='word_1_360' title='bbox 1064 3076 1293 3146; x_wconf 89' lang='lat' dir='ltr'><strong>justitia</strong></span> <span class='ocrx_word' id='word_1_361' title='bbox 1345 3076 1442 3131; x_wconf 89' lang='lat' dir='ltr'><strong>Dei</strong></span> <span class='ocrx_word' id='word_1_362' title='bbox 1494 3076 1809 3141; x_wconf 84' lang='lat' dir='ltr'><strong>revelatur,</strong></span> <span class='ocrx_word' id='word_1_363' title='bbox 1859 3076 2134 3147; x_wconf 91' lang='lat' dir='ltr'><strong>idemque</strong></span> 
     </span>
    </p>
   </div>
   <div class='ocr_carea' id='block_1_54' title="bbox 2249 3071 2754 3154">
    <p class='ocr_par' dir='ltr' id='par_1_54' title="bbox 2252 3077 2754 3147">
     <span class='ocr_line' id='line_1_54' title="bbox 2252 3077 2754 3147; baseline 0.002 -20"><span class='ocrx_word' id='word_1_364' title='bbox 2252 3079 2430 3147; x_wconf 78' lang='grc' dir='ltr'>φυέσιν</span> <span class='ocrx_word' id='word_1_365' title='bbox 2488 3077 2695 3137; x_wconf 80' lang='grc' dir='ltr'><strong>εἰκότως</strong></span> <span class='ocrx_word' id='word_1_366' title='bbox 2743 3097 2754 3108; x_wconf 91' lang='grc'><strong>·</strong></span> 
     </span>
    </p>
   </div>
   <div class='ocr_carea' id='block_1_55' title="bbox 479 3160 2138 3237">
    <p class='ocr_par' dir='ltr' id='par_1_55' title="bbox 479 3160 2138 3237">
     <span class='ocr_line' id='line_1_55' title="bbox 479 3160 2138 3237; baseline 0.004 -22"><span class='ocrx_word' id='word_1_367' title='bbox 479 3160 723 3231; x_wconf 76' lang='lat' dir='ltr'><strong>justitiae</strong></span> <span class='ocrx_word' id='word_1_368' title='bbox 748 3164 1132 3234; x_wconf 88' lang='lat' dir='ltr'><strong>Evangelium</strong></span> <span class='ocrx_word' id='word_1_369' title='bbox 1145 3172 1413 3221; x_wconf 88' lang='lat' dir='ltr'><strong>vocatur.</strong></span> <span class='ocrx_word' id='word_1_370' title='bbox 1440 3169 1500 3220; x_wconf 84' lang='lat' dir='ltr'><strong>In</strong></span> <span class='ocrx_word' id='word_1_371' title='bbox 1520 3165 1706 3221; x_wconf 91' lang='lat' dir='ltr'><strong>Veteri</strong></span> <span class='ocrx_word' id='word_1_372' title='bbox 1728 3165 1930 3237; x_wconf 88' lang='lat' dir='ltr'><strong>itaque</strong></span> <span class='ocrx_word' id='word_1_373' title='bbox 1943 3168 2138 3221; x_wconf 83' lang='lat' dir='ltr'><strong>Testa-</strong></span> 
     </span>
    </p>
   </div>
   <div class='ocr_carea' id='block_1_56' title="bbox 484 3253 2139 3326">
    <p class='ocr_par' dir='ltr' id='par_1_56' title="bbox 484 3253 2139 3326">
     <span class='ocr_line' id='line_1_56' title="bbox 484 3253 2139 3326; baseline 0.002 -21"><span class='ocrx_word' id='word_1_374' title='bbox 484 3256 686 3306; x_wconf 87' lang='lat' dir='ltr'><strong>mento</strong></span> <span class='ocrx_word' id='word_1_375' title='bbox 720 3253 948 3309; x_wconf 88' lang='lat' dir='ltr'><strong>vocatio</strong></span> <span class='ocrx_word' id='word_1_376' title='bbox 977 3270 1095 3310; x_wconf 88' lang='lat' dir='ltr'><strong>non</strong></span> <span class='ocrx_word' id='word_1_377' title='bbox 1126 3260 1251 3310; x_wconf 86' lang='lat' dir='ltr'><strong>erat</strong></span> <span class='ocrx_word' id='word_1_378' title='bbox 1275 3256 1434 3324; x_wconf 85' lang='lat' dir='ltr'><strong>justa</strong></span> <span class='ocrx_word' id='word_1_379' title='bbox 1470 3272 1483 3321; x_wconf 89' lang='lat'><strong>;</strong></span> <span class='ocrx_word' id='word_1_380' title='bbox 1520 3270 1713 3326; x_wconf 90' lang='lat' dir='ltr'><strong>neque</strong></span> <span class='ocrx_word' id='word_1_381' title='bbox 1740 3256 1897 3309; x_wconf 90' lang='lat' dir='ltr'><strong>enim</strong></span> <span class='ocrx_word' id='word_1_382' title='bbox 1928 3270 2139 3310; x_wconf 92' lang='lat' dir='ltr'><strong>omnes</strong></span> 
     </span>
    </p>
   </div>
   <div class='ocr_carea' id='block_1_57' title="bbox 485 3340 2135 3409">
    <p class='ocr_par' dir='ltr' id='par_1_57' title="bbox 485 3340 2135 3409">
     <span class='ocr_line' id='line_1_57' title="bbox 485 3340 2135 3409; baseline 0.002 -17"><span class='ocrx_word' id='word_1_383' title='bbox 485 3340 700 3409; x_wconf 86' lang='lat' dir='ltr'><strong>pariter</strong></span> <span class='ocrx_word' id='word_1_384' title='bbox 732 3342 1517 3408; x_wconf 87' lang='lat' dir='ltr'><strong>vocabatautilluminabat;</strong></span> <span class='ocrx_word' id='word_1_385' title='bbox 1552 3345 1654 3399; x_wconf 92' lang='lat' dir='ltr'><strong>sed</strong></span> <span class='ocrx_word' id='word_1_386' title='bbox 1686 3343 1925 3399; x_wconf 67' lang='lat' dir='ltr'><strong>Judaaos</strong></span> <span class='ocrx_word' id='word_1_387' title='bbox 1958 3344 2135 3400; x_wconf 91' lang='lat' dir='ltr'><strong>solos.</strong></span> 
     </span>
    </p>
   </div>
   <div class='ocr_carea' id='block_1_58' title="bbox 485 3431 2137 3504">
    <p class='ocr_par' dir='ltr' id='par_1_58' title="bbox 485 3431 2137 3504">
     <span class='ocr_line' id='line_1_58' title="bbox 485 3431 2137 3504; baseline 0.003 -22"><span class='ocrx_word' id='word_1_388' title='bbox 485 3431 683 3498; x_wconf 86' lang='lat' dir='ltr'><strong>Itaque</strong></span> <span class='ocrx_word' id='word_1_389' title='bbox 705 3445 825 3483; x_wconf 93' lang='lat' dir='ltr'><strong>non</strong></span> <span class='ocrx_word' id='word_1_390' title='bbox 840 3437 958 3485; x_wconf 88' lang='lat' dir='ltr'><strong>erat</strong></span> <span class='ocrx_word' id='word_1_391' title='bbox 974 3432 1154 3500; x_wconf 88' lang='lat' dir='ltr'><strong>justa,</strong></span> <span class='ocrx_word' id='word_1_392' title='bbox 1175 3432 1277 3486; x_wconf 91' lang='lat' dir='ltr'><strong>sed</strong></span> <span class='ocrx_word' id='word_1_393' title='bbox 1296 3433 1689 3491; x_wconf 66' lang='lat' dir='ltr'><strong>oeconomica.</strong></span> <span class='ocrx_word' id='word_1_394' title='bbox 1707 3448 1963 3504; x_wconf 70' lang='lat' dir='ltr'><strong>quaeque</strong></span> <span class='ocrx_word' id='word_1_395' title='bbox 1979 3434 2137 3487; x_wconf 90' lang='lat' dir='ltr'><strong>viam</strong></span> 
     </span>
    </p>
   </div>
   <div class='ocr_carea' id='block_1_59' title="bbox 481 3517 2140 3591">
    <p class='ocr_par' dir='ltr' id='par_1_59' title="bbox 481 3517 2140 3591">
     <span class='ocr_line' id='line_1_59' title="bbox 481 3517 2140 3591; baseline 0.004 -21"><span class='ocrx_word' id='word_1_396' title='bbox 481 3517 724 3586; x_wconf 69' lang='lat' dir='ltr'><strong>justitias</strong></span> <span class='ocrx_word' id='word_1_397' title='bbox 742 3519 1006 3574; x_wconf 89' lang='lat' dir='ltr'><strong>muniret.</strong></span> <span class='ocrx_word' id='word_1_398' title='bbox 1024 3520 1205 3584; x_wconf 80' lang='lat' dir='ltr'><strong>Absit,</strong></span> <span class='ocrx_word' id='word_1_399' title='bbox 1224 3521 1483 3591; x_wconf 88' lang='lat' dir='ltr'><strong>uthancj</strong></span> <span class='ocrx_word' id='word_1_400' title='bbox 1497 3528 1710 3585; x_wconf 91' lang='lat' dir='ltr'><strong>ustam,</strong></span> <span class='ocrx_word' id='word_1_401' title='bbox 1728 3522 1889 3576; x_wconf 86' lang='lat' dir='ltr'><strong>illam</strong></span> <span class='ocrx_word' id='word_1_402' title='bbox 1907 3537 2041 3575; x_wconf 87' lang='lat' dir='ltr'><strong>vero</strong></span> <span class='ocrx_word' id='word_1_403' title='bbox 2055 3523 2140 3577; x_wconf 92' lang='lat' dir='ltr'><strong>in-</strong></span> 
     </span>
    </p>
   </div>
   <div class='ocr_carea' id='block_1_60' title="bbox 482 3606 2139 3682">
    <p class='ocr_par' dir='ltr' id='par_1_60' title="bbox 482 3606 2139 3682">
     <span class='ocr_line' id='line_1_60' title="bbox 482 3606 2139 3682; baseline 0.004 -23"><span class='ocrx_word' id='word_1_404' title='bbox 482 3606 716 3676; x_wconf 87' lang='lat' dir='ltr'><strong>justam,</strong></span> <span class='ocrx_word' id='word_1_405' title='bbox 737 3608 1023 3678; x_wconf 88' lang='lat' dir='ltr'><strong>appellem</strong></span> <span class='ocrx_word' id='word_1_406' title='bbox 1042 3608 1053 3661; x_wconf 91' lang='lat' dir='ltr'><strong>l</strong></span> <span class='ocrx_word' id='word_1_407' title='bbox 1072 3609 1187 3663; x_wconf 90' lang='lat' dir='ltr'><strong>Imo</strong></span> <span class='ocrx_word' id='word_1_408' title='bbox 1201 3625 1341 3663; x_wconf 93' lang='lat' dir='ltr'><strong>vero</strong></span> <span class='ocrx_word' id='word_1_409' title='bbox 1358 3610 1511 3664; x_wconf 88' lang='lat' dir='ltr'><strong>hanc</strong></span> <span class='ocrx_word' id='word_1_410' title='bbox 1529 3609 1676 3663; x_wconf 90' lang='lat' dir='ltr'><strong>viam</strong></span> <span class='ocrx_word' id='word_1_411' title='bbox 1692 3613 1747 3664; x_wconf 91' lang='lat' dir='ltr'><strong>et</strong></span> <span class='ocrx_word' id='word_1_412' title='bbox 1760 3612 2139 3682; x_wconf 64' lang='lat' dir='ltr'><strong>praeparatio-</strong></span> 
     </span>
    </p>
   </div>
   <div class='ocr_carea' id='block_1_61' title="bbox 484 3694 2139 3768">
    <p class='ocr_par' dir='ltr' id='par_1_61' title="bbox 484 3694 2139 3768">
     <span class='ocr_line' id='line_1_61' title="bbox 484 3694 2139 3768; baseline 0.004 -21"><span class='ocrx_word' id='word_1_413' title='bbox 484 3709 622 3748; x_wconf 92' lang='lat' dir='ltr'><strong>nem</strong></span> <span class='ocrx_word' id='word_1_414' title='bbox 654 3695 730 3749; x_wconf 88' lang='lat' dir='ltr'><strong>ad</strong></span> <span class='ocrx_word' id='word_1_415' title='bbox 763 3694 940 3749; x_wconf 88' lang='lat' dir='ltr'><strong>istam</strong></span> <span class='ocrx_word' id='word_1_416' title='bbox 965 3712 1093 3751; x_wconf 88' lang='lat' dir='ltr'><strong>esse</strong></span> <span class='ocrx_word' id='word_1_417' title='bbox 1113 3696 1718 3767; x_wconf 64' lang='lat' dir='ltr'><strong>suspicantesJudtei,</strong></span> <span class='ocrx_word' id='word_1_418' title='bbox 1751 3698 2060 3768; x_wconf 77' lang='lat' dir='ltr'><strong>putabant,</strong></span> <span class='ocrx_word' id='word_1_419' title='bbox 2086 3704 2139 3754; x_wconf 88' lang='lat' dir='ltr'><strong>et</strong></span> 
     </span>
    </p>
   </div>
   <div class='ocr_carea' id='block_1_62' title="bbox 487 3783 2137 3855">
    <p class='ocr_par' dir='ltr' id='par_1_62' title="bbox 487 3783 2137 3855">
     <span class='ocr_line' id='line_1_62' title="bbox 487 3783 2137 3855; baseline 0.004 -18"><span class='ocrx_word' id='word_1_420' title='bbox 487 3783 869 3852; x_wconf 87' lang='lat' dir='ltr'><strong>Evangelium</strong></span> <span class='ocrx_word' id='word_1_421' title='bbox 884 3783 993 3839; x_wconf 85' lang='lat' dir='ltr'><strong>sibi</strong></span> <span class='ocrx_word' id='word_1_422' title='bbox 1008 3784 1184 3840; x_wconf 89' lang='lat' dir='ltr'><strong>etiam</strong></span> <span class='ocrx_word' id='word_1_423' title='bbox 1201 3785 1361 3848; x_wconf 88' lang='lat' dir='ltr'><strong>solis,</strong></span> <span class='ocrx_word' id='word_1_424' title='bbox 1380 3784 1683 3841; x_wconf 87' lang='lat' dir='ltr'><strong>sicutolim</strong></span> <span class='ocrx_word' id='word_1_425' title='bbox 1701 3786 1914 3855; x_wconf 85' lang='lat' dir='ltr'><strong>legem,</strong></span> <span class='ocrx_word' id='word_1_426' title='bbox 1929 3787 2137 3844; x_wconf 90' lang='lat' dir='ltr'><strong>datum</strong></span> 
     </span>
    </p>
   </div>
   <div class='ocr_carea' id='block_1_63' title="bbox 485 3871 2137 3945">
    <p class='ocr_par' dir='ltr' id='par_1_63' title="bbox 485 3871 2137 3945">
     <span class='ocr_line' id='line_1_63' title="bbox 485 3871 2137 3945; baseline 0.004 -19"><span class='ocrx_word' id='word_1_427' title='bbox 485 3871 574 3926; x_wconf 92' lang='lat' dir='ltr'><strong>iri.</strong></span> <span class='ocrx_word' id='word_1_428' title='bbox 609 3875 819 3927; x_wconf 68' lang='lat' dir='ltr'><strong>Praeter</strong></span> <span class='ocrx_word' id='word_1_429' title='bbox 837 3888 995 3945; x_wconf 91' lang='lat' dir='ltr'><strong>spem</strong></span> <span class='ocrx_word' id='word_1_430' title='bbox 1018 3890 1155 3929; x_wconf 86' lang='lat' dir='ltr'><strong>vero</strong></span> <span class='ocrx_word' id='word_1_431' title='bbox 1170 3876 1532 3945; x_wconf 79' lang='lat' dir='ltr'><strong>exspectatio</strong></span> <span class='ocrx_word' id='word_1_432' title='bbox 1563 3875 1692 3930; x_wconf 73' lang='lat' dir='ltr'><strong>haec</strong></span> <span class='ocrx_word' id='word_1_433' title='bbox 1716 3876 1881 3931; x_wconf 89' lang='lat' dir='ltr'><strong>aliter</strong></span> <span class='ocrx_word' id='word_1_434' title='bbox 1908 3878 2137 3935; x_wconf 89' lang='lat' dir='ltr'><strong>cecidit.</strong></span> 
     </span>
    </p>
   </div>
   <div class='ocr_carea' id='block_1_64' title="bbox 485 3962 2140 4036">
    <p class='ocr_par' dir='ltr' id='par_1_64' title="bbox 485 3962 2140 4036">
     <span class='ocr_line' id='line_1_64' title="bbox 485 3962 2140 4036; baseline 0.003 -20"><span class='ocrx_word' id='word_1_435' title='bbox 485 3962 805 4033; x_wconf 90' lang='lat' dir='ltr'><strong>Propterea</strong></span> <span class='ocrx_word' id='word_1_436' title='bbox 822 3966 882 4021; x_wconf 92' lang='lat' dir='ltr'><strong>et</strong></span> <span class='ocrx_word' id='word_1_437' title='bbox 899 3962 1203 4022; x_wconf 88' lang='lat' dir='ltr'><strong>David&#39;ait:</strong></span> <span class='ocrx_word' id='word_1_438' title='bbox 1226 3965 1768 4036; x_wconf 80' lang='lat' dir='ltr'><strong>«Exspectavimus,</strong></span> <span class='ocrx_word' id='word_1_439' title='bbox 1784 3982 1818 4021; x_wconf 96' lang='lat' dir='ltr'><strong>o</strong></span> <span class='ocrx_word' id='word_1_440' title='bbox 1832 3967 2007 4033; x_wconf 92' lang='lat' dir='ltr'><strong>Deus,</strong></span> <span class='ocrx_word' id='word_1_441' title='bbox 2028 3967 2140 4021; x_wconf 89' lang='lat' dir='ltr'><strong>mi-</strong></span> 
     </span>
    </p>
   </div>
   <div class='ocr_carea' id='block_1_65' title="bbox 487 4050 2133 4125">
    <p class='ocr_par' dir='ltr' id='par_1_65' title="bbox 487 4050 2133 4125">
     <span class='ocr_line' id='line_1_65' title="bbox 487 4050 2133 4125; baseline 0.003 -19"><span class='ocrx_word' id='word_1_442' title='bbox 487 4050 872 4108; x_wconf 87' lang='lat' dir='ltr'><strong>sericordiam</strong></span> <span class='ocrx_word' id='word_1_443' title='bbox 898 4056 1062 4108; x_wconf 87' lang='lat' dir='ltr'><strong>tuam</strong></span> <span class='ocrx_word' id='word_1_444' title='bbox 1084 4053 1142 4108; x_wconf 90' lang='lat' dir='ltr'><strong>in</strong></span> <span class='ocrx_word' id='word_1_445' title='bbox 1161 4054 1356 4109; x_wconf 89' lang='lat' dir='ltr'><strong>medio</strong></span> <span class='ocrx_word' id='word_1_446' title='bbox 1376 4053 1580 4125; x_wconf 91' lang='lat' dir='ltr'><strong>populi</strong></span> <span class='ocrx_word' id='word_1_447' title='bbox 1598 4055 1769 4110; x_wconf 71' lang='lat' dir='ltr'><strong>tui”.</strong></span> <span class='ocrx_word' id='word_1_448' title='bbox 1796 4076 1824 4109; x_wconf 85' lang='lat'><strong>»</strong></span> <span class='ocrx_word' id='word_1_449' title='bbox 1865 4059 1930 4110; x_wconf 88' lang='lat' dir='ltr'><strong>Et</strong></span> <span class='ocrx_word' id='word_1_450' title='bbox 1953 4072 2090 4111; x_wconf 86' lang='lat' dir='ltr'><strong>mox</strong></span> <span class='ocrx_word' id='word_1_451' title='bbox 2121 4074 2133 4111; x_wconf 89' lang='lat'>:</span> 
     </span>
    </p>
   </div>
   <div class='ocr_carea' id='block_1_66' title="bbox 485 4143 2137 4215">
    <p class='ocr_par' dir='ltr' id='par_1_66' title="bbox 485 4143 2137 4215">
     <span class='ocr_line' id='line_1_66' title="bbox 485 4143 2137 4215; baseline 0.005 -22"><span class='ocrx_word' id='word_1_452' title='bbox 485 4161 513 4194; x_wconf 90' lang='lat'><strong>«</strong></span> <span class='ocrx_word' id='word_1_453' title='bbox 553 4143 728 4196; x_wconf 85' lang='lat' dir='ltr'><strong>Prout</strong></span> <span class='ocrx_word' id='word_1_454' title='bbox 766 4156 987 4196; x_wconf 88' lang='lat' dir='ltr'><strong>nomen</strong></span> <span class='ocrx_word' id='word_1_455' title='bbox 1029 4149 1196 4198; x_wconf 92' lang='lat' dir='ltr'><strong>tuum</strong></span> <span class='ocrx_word' id='word_1_456' title='bbox 1236 4148 1341 4213; x_wconf 87' lang='lat' dir='ltr'><strong>est,</strong></span> <span class='ocrx_word' id='word_1_457' title='bbox 1387 4144 1559 4208; x_wconf 89' lang='lat' dir='ltr'><strong>Deus,</strong></span> <span class='ocrx_word' id='word_1_458' title='bbox 1606 4144 1689 4200; x_wconf 89' lang='lat' dir='ltr'><strong>ita</strong></span> <span class='ocrx_word' id='word_1_459' title='bbox 1730 4145 1908 4200; x_wconf 87' lang='lat' dir='ltr'><strong>etiam</strong></span> <span class='ocrx_word' id='word_1_460' title='bbox 1952 4146 2137 4215; x_wconf 86' lang='lat' dir='ltr'><strong>gloria</strong></span> 
     </span>
    </p>
   </div>
   <div class='ocr_carea' id='block_1_67' title="bbox 484 4230 2137 4307">
    <p class='ocr_par' dir='ltr' id='par_1_67' title="bbox 484 4230 2137 4307">
     <span class='ocr_line' id='line_1_67' title="bbox 484 4230 2137 4307; baseline 0.002 -22"><span class='ocrx_word' id='word_1_461' title='bbox 484 4234 584 4286; x_wconf 90' lang='lat' dir='ltr'><strong>tua</strong></span> <span class='ocrx_word' id='word_1_462' title='bbox 613 4231 661 4307; x_wconf 63' lang='grc' dir='ltr'><strong>ἐξ</strong></span> <span class='ocrx_word' id='word_1_463' title='bbox 696 4250 710 4285; x_wconf 88' lang='lat'><strong>:</strong></span> <span class='ocrx_word' id='word_1_464' title='bbox 742 4250 766 4280; x_wconf 82' lang='lat'>»</span> <span class='ocrx_word' id='word_1_465' title='bbox 819 4246 939 4285; x_wconf 89' lang='lat' dir='ltr'><strong>non</strong></span> <span class='ocrx_word' id='word_1_466' title='bbox 971 4230 1156 4286; x_wconf 87' lang='lat' dir='ltr'><strong>solum</strong></span> <span class='ocrx_word' id='word_1_467' title='bbox 1197 4230 1258 4286; x_wconf 90' lang='lat' dir='ltr'><strong>in</strong></span> <span class='ocrx_word' id='word_1_468' title='bbox 1294 4232 1492 4287; x_wconf 90' lang='lat' dir='ltr'><strong>medio</strong></span> <span class='ocrx_word' id='word_1_469' title='bbox 1525 4232 1730 4304; x_wconf 90' lang='lat' dir='ltr'><strong>populi</strong></span> <span class='ocrx_word' id='word_1_470' title='bbox 1764 4234 1866 4296; x_wconf 90' lang='lat' dir='ltr'><strong>tui,</strong></span> <span class='ocrx_word' id='word_1_471' title='bbox 1918 4233 2023 4288; x_wconf 92' lang='lat' dir='ltr'><strong>sed</strong></span> <span class='ocrx_word' id='word_1_472' title='bbox 2081 4240 2137 4289; x_wconf 90' lang='lat' dir='ltr'><strong>et</strong></span> 
     </span>
    </p>
   </div>
   <div class='ocr_carea' id='block_1_68' title="bbox 484 4319 2137 4393">
    <p class='ocr_par' dir='ltr' id='par_1_68' title="bbox 484 4319 2137 4393">
     <span class='ocr_line' id='line_1_68' title="bbox 484 4319 2137 4393; baseline 0.004 -20"><span class='ocrx_word' id='word_1_473' title='bbox 484 4335 663 4392; x_wconf 91' lang='lat' dir='ltr'><strong>super</strong></span> <span class='ocrx_word' id='word_1_474' title='bbox 692 4335 903 4374; x_wconf 92' lang='lat' dir='ltr'><strong>omnes</strong></span> <span class='ocrx_word' id='word_1_475' title='bbox 924 4319 1072 4374; x_wconf 91' lang='lat' dir='ltr'><strong>ﬁnes</strong></span> <span class='ocrx_word' id='word_1_476' title='bbox 1096 4326 1281 4376; x_wconf 62' lang='lat' dir='ltr'><strong>terras.</strong></span> <span class='ocrx_word' id='word_1_477' title='bbox 1306 4322 1662 4377; x_wconf 91' lang='lat' dir='ltr'><strong>Ostensurus</strong></span> <span class='ocrx_word' id='word_1_478' title='bbox 1682 4323 2137 4393; x_wconf 65' lang='lat' dir='ltr'><strong>autemjustitiaa</strong></span> 
     </span>
    </p>
   </div>
   <div class='ocr_carea' id='block_1_69' title="bbox 484 4408 2138 4476">
    <p class='ocr_par' dir='ltr' id='par_1_69' title="bbox 484 4408 2138 4476">
     <span class='ocr_line' id='line_1_69' title="bbox 484 4408 2138 4476; baseline 0.004 -14"><span class='ocrx_word' id='word_1_479' title='bbox 484 4424 612 4463; x_wconf 89' lang='lat' dir='ltr'><strong>esse</strong></span> <span class='ocrx_word' id='word_1_480' title='bbox 640 4408 910 4464; x_wconf 90' lang='lat' dir='ltr'><strong>omnium</strong></span> <span class='ocrx_word' id='word_1_481' title='bbox 935 4414 1100 4464; x_wconf 63' lang='lat' dir='ltr'><strong>terra;</strong></span> <span class='ocrx_word' id='word_1_482' title='bbox 1114 4408 1322 4465; x_wconf 89' lang='lat' dir='ltr'><strong>ﬁnium</strong></span> <span class='ocrx_word' id='word_1_483' title='bbox 1341 4409 1625 4476; x_wconf 88' lang='lat' dir='ltr'><strong>misereri,</strong></span> <span class='ocrx_word' id='word_1_484' title='bbox 1648 4411 1839 4466; x_wconf 88' lang='lat' dir='ltr'><strong>addit:</strong></span> <span class='ocrx_word' id='word_1_485' title='bbox 1864 4432 1891 4463; x_wconf 86' lang='lat'>«</span> <span class='ocrx_word' id='word_1_486' title='bbox 1924 4415 2138 4468; x_wconf 85' lang='lat' dir='ltr'><strong>Dextra</strong></span> 
     </span>
    </p>
   </div>
   <div class='ocr_carea' id='block_1_70' title="bbox 484 4497 2135 4570">
    <p class='ocr_par' dir='ltr' id='par_1_70' title="bbox 484 4497 2135 4570">
     <span class='ocr_line' id='line_1_70' title="bbox 484 4497 2135 4570; baseline 0.001 -17"><span class='ocrx_word' id='word_1_487' title='bbox 484 4502 586 4553; x_wconf 91' lang='lat' dir='ltr'><strong>tua</strong></span> <span class='ocrx_word' id='word_1_488' title='bbox 625 4497 803 4568; x_wconf 90' lang='lat' dir='ltr'><strong>plena</strong></span> <span class='ocrx_word' id='word_1_489' title='bbox 841 4502 927 4552; x_wconf 89' lang='lat' dir='ltr'><strong>est</strong></span> <span class='ocrx_word' id='word_1_490' title='bbox 980 4498 1218 4569; x_wconf 70' lang='lat' dir='ltr'><strong>justitias</strong></span> <span class='ocrx_word' id='word_1_491' title='bbox 1261 4516 1273 4565; x_wconf 89' lang='lat'><strong>;</strong></span> <span class='ocrx_word' id='word_1_492' title='bbox 1335 4499 1623 4554; x_wconf 89' lang='lat' dir='ltr'><strong>Dominus</strong></span> <span class='ocrx_word' id='word_1_493' title='bbox 1664 4502 1928 4570; x_wconf 85' lang='lat' dir='ltr'><strong>regnavit</strong></span> <span class='ocrx_word' id='word_1_494' title='bbox 1986 4504 2052 4556; x_wconf 82' lang='grc'><strong>²¹.</strong></span> <span class='ocrx_word' id='word_1_495' title='bbox 2107 4524 2135 4555; x_wconf 88' lang='grc'><strong>››</strong></span> 
     </span>
    </p>
   </div>
   <div class='ocr_carea' id='block_1_71' title="bbox 486 4586 2137 4657">
    <p class='ocr_par' dir='ltr' id='par_1_71' title="bbox 486 4586 2137 4657">
     <span class='ocr_line' id='line_1_71' title="bbox 486 4586 2137 4657; baseline 0.003 -17"><span class='ocrx_word' id='word_1_496' title='bbox 486 4586 796 4651; x_wconf 88' lang='lat' dir='ltr'><strong>Quomodo</strong></span> <span class='ocrx_word' id='word_1_497' title='bbox 819 4602 958 4642; x_wconf 89' lang='lat' dir='ltr'><strong>vero</strong></span> <span class='ocrx_word' id='word_1_498' title='bbox 988 4586 1237 4642; x_wconf 87' lang='lat' dir='ltr'><strong>dicitur:</strong></span> <span class='ocrx_word' id='word_1_499' title='bbox 1272 4606 1301 4638; x_wconf 87' lang='grc'>‹‹</span> <span class='ocrx_word' id='word_1_500' title='bbox 1336 4592 1609 4657; x_wconf 90' lang='lat' dir='ltr'><strong>regnavit</strong></span> <span class='ocrx_word' id='word_1_501' title='bbox 1637 4592 1790 4645; x_wconf 91' lang='lat' dir='ltr'><strong>Deus</strong></span> <span class='ocrx_word' id='word_1_502' title='bbox 1817 4592 1850 4645; x_wconf 68' lang='grc' dir='ltr'><strong>’ἲ</strong></span> <span class='ocrx_word' id='word_1_503' title='bbox 1876 4612 1899 4641; x_wconf 72' lang='lat' dir='ltr'><strong>n</strong></span> <span class='ocrx_word' id='word_1_504' title='bbox 1932 4594 2137 4647; x_wconf 84' lang='lat' dir='ltr'><strong>Nonne</strong></span> 
     </span>
    </p>
   </div>
   <div class='ocr_carea' id='block_1_72' title="bbox 484 4675 2138 4752">
    <p class='ocr_par' dir='ltr' id='par_1_72' title="bbox 484 4675 2138 4752">
     <span class='ocr_line' id='line_1_72' title="bbox 484 4675 2138 4752; baseline 0.004 -23"><span class='ocrx_word' id='word_1_505' title='bbox 484 4675 804 4747; x_wconf 89' lang='lat' dir='ltr'><strong>ideo,quod</strong></span> <span class='ocrx_word' id='word_1_506' title='bbox 832 4677 1060 4745; x_wconf 89' lang='lat' dir='ltr'><strong>regiam</strong></span> <span class='ocrx_word' id='word_1_507' title='bbox 1082 4675 1242 4731; x_wconf 89' lang='lat' dir='ltr'><strong>illam</strong></span> <span class='ocrx_word' id='word_1_508' title='bbox 1266 4676 1615 4745; x_wconf 87' lang='lat' dir='ltr'><strong>dignitatem</strong></span> <span class='ocrx_word' id='word_1_509' title='bbox 1634 4695 1841 4734; x_wconf 89' lang='lat' dir='ltr'><strong>recens</strong></span> <span class='ocrx_word' id='word_1_510' title='bbox 1868 4680 2138 4752; x_wconf 83' lang='lat' dir='ltr'><strong>accepit?</strong></span> 
     </span>
    </p>
   </div>
   <div class='ocr_carea' id='block_1_73' title="bbox 485 4764 2136 4842">
    <p class='ocr_par' dir='ltr' id='par_1_73' title="bbox 485 4764 2136 4842">
     <span class='ocr_line' id='line_1_73' title="bbox 485 4764 2136 4842; baseline 0.002 -20"><span class='ocrx_word' id='word_1_511' title='bbox 485 4764 542 4822; x_wconf 89' lang='lat' dir='ltr'><strong>Si</strong></span> <span class='ocrx_word' id='word_1_512' title='bbox 573 4765 730 4821; x_wconf 91' lang='lat' dir='ltr'><strong>enim</strong></span> <span class='ocrx_word' id='word_1_513' title='bbox 780 4764 1015 4821; x_wconf 84' lang='lat' dir='ltr'><strong>dixisset</strong></span> <span class='ocrx_word' id='word_1_514' title='bbox 1060 4781 1072 4820; x_wconf 89' lang='lat'><strong>:</strong></span> <span class='ocrx_word' id='word_1_515' title='bbox 1104 4765 1384 4822; x_wconf 89' lang='lat' dir='ltr'><strong>Dominus</strong></span> <span class='ocrx_word' id='word_1_516' title='bbox 1418 4773 1645 4838; x_wconf 85' lang='lat' dir='ltr'><strong>regnat,</strong></span> <span class='ocrx_word' id='word_1_517' title='bbox 1680 4774 1972 4835; x_wconf 64' lang='lat' dir='ltr'><strong>aeternum</strong></span> <span class='ocrx_word' id='word_1_518' title='bbox 2011 4772 2136 4842; x_wconf 89' lang='lat' dir='ltr'><strong>ejus</strong></span> 
     </span>
    </p>
   </div>
   <div class='ocr_carea' id='block_1_74' title="bbox 556 4925 1760 4999">
    <p class='ocr_par' dir='ltr' id='par_1_74' title="bbox 556 4925 1760 4999">
     <span class='ocr_line' id='line_1_74' title="bbox 556 4925 1760 4999; baseline 0.002 -19"><span class='ocrx_word' id='word_1_519' title='bbox 556 4927 597 4961; x_wconf 74' lang='lat'><strong>1&quot;</strong></span> <span class='ocrx_word' id='word_1_520' title='bbox 632 4926 653 4980; x_wconf 93' lang='grc' dir='ltr'>Ι</span> <span class='ocrx_word' id='word_1_521' title='bbox 682 4926 824 4997; x_wconf 80' lang='lat' dir='ltr'><strong>Reg.</strong></span> <span class='ocrx_word' id='word_1_522' title='bbox 858 4941 977 4994; x_wconf 72' lang='lat' dir='ltr'><strong>xxx,</strong></span> <span class='ocrx_word' id='word_1_523' title='bbox 1010 4926 1045 4979; x_wconf 85' lang='lat'>9</span> <span class='ocrx_word' id='word_1_524' title='bbox 1072 4941 1237 4999; x_wconf 89' lang='lat' dir='ltr'><strong>seqq.</strong></span> <span class='ocrx_word' id='word_1_525' title='bbox 1345 4925 1388 4961; x_wconf 69' lang='grc'><strong>1⁸</strong></span> <span class='ocrx_word' id='word_1_526' title='bbox 1418 4929 1585 4983; x_wconf 85' lang='lat' dir='ltr'><strong>Rom.</strong></span> <span class='ocrx_word' id='word_1_527' title='bbox 1619 4944 1679 4997; x_wconf 82' lang='grc' dir='ltr'><strong>ιι,</strong></span> <span class='ocrx_word' id='word_1_528' title='bbox 1706 4930 1760 4987; x_wconf 84' lang='grc'><strong>2.</strong></span> 
     </span>
    </p>
   </div>
   <div class='ocr_carea' id='block_1_75' title="bbox 484 5020 1297 5083">
    <p class='ocr_par' dir='ltr' id='par_1_75' title="bbox 484 5020 1297 5083">
     <span class='ocr_line' id='line_1_75' title="bbox 484 5020 1297 5083; baseline 0.002 -14"><span class='ocrx_word' id='word_1_529' title='bbox 484 5030 612 5081; x_wconf 83' lang='lat' dir='ltr'><strong>xcv,</strong></span> <span class='ocrx_word' id='word_1_530' title='bbox 636 5020 667 5072; x_wconf 90' lang='lat'>9</span> <span class='ocrx_word' id='word_1_531' title='bbox 704 5030 896 5081; x_wconf 84' lang='lat' dir='ltr'><strong>;xcv1,</strong></span> <span class='ocrx_word' id='word_1_532' title='bbox 936 5021 952 5071; x_wconf 83' lang='grc'><strong>1</strong></span> <span class='ocrx_word' id='word_1_533' title='bbox 994 5031 1009 5083; x_wconf 87' lang='grc'><strong>;</strong></span> <span class='ocrx_word' id='word_1_534' title='bbox 1041 5031 1212 5082; x_wconf 85' lang='lat' dir='ltr'><strong>xcvu,</strong></span> <span class='ocrx_word' id='word_1_535' title='bbox 1252 5021 1297 5071; x_wconf 84' lang='lat' dir='ltr'><strong>l.</strong></span> 
     </span>
    </p>
   </div>
   <div class='ocr_carea' id='block_1_76' title="bbox 1867 4930 2297 5001">
    <p class='ocr_par' dir='ltr' id='par_1_76' title="bbox 1867 4930 2297 5001">
     <span class='ocr_line' id='line_1_76' title="bbox 1867 4930 2297 5001; baseline 0.002 -15"><span class='ocrx_word' id='word_1_536' title='bbox 1867 4930 1914 4966; x_wconf 73' lang='grc' dir='ltr'><strong>ιε</strong></span> <span class='ocrx_word' id='word_1_537' title='bbox 1945 4932 2095 4987; x_wconf 82' lang='lat' dir='ltr'><strong>Rom</strong></span> <span class='ocrx_word' id='word_1_538' title='bbox 2141 4948 2179 5001; x_wconf 88' lang='grc' dir='ltr'><strong>ι,</strong></span> <span class='ocrx_word' id='word_1_539' title='bbox 2220 4933 2297 4987; x_wconf 79' lang='grc' dir='ltr'><strong>ιδ.</strong></span> 
     </span>
    </p>
   </div>
   <div class='ocr_carea' id='block_1_77' title="bbox 2317 2452 3868 2528">
    <p class='ocr_par' dir='ltr' id='par_1_77' title="bbox 2317 2452 3868 2528">
     <span class='ocr_line' id='line_1_77' title="bbox 2317 2452 3868 2528; baseline 0.003 -24"><span class='ocrx_word' id='word_1_540' title='bbox 2317 2452 2437 2504; x_wconf 82' lang='grc' dir='ltr'>’Ὁτι</span> <span class='ocrx_word' id='word_1_541' title='bbox 2489 2458 2646 2524; x_wconf 81' lang='grc' dir='ltr'>φησὶν</span> <span class='ocrx_word' id='word_1_542' title='bbox 2696 2454 2722 2505; x_wconf 89' lang='lat'><strong>6</strong></span> <span class='ocrx_word' id='word_1_543' title='bbox 2772 2454 2993 2520; x_wconf 88' lang='grc' dir='ltr'>Παῦλος,</span> <span class='ocrx_word' id='word_1_544' title='bbox 3048 2475 3072 2506; x_wconf 75' lang='grc' dir='ltr'><strong>α</strong></span> <span class='ocrx_word' id='word_1_545' title='bbox 3109 2455 3186 2505; x_wconf 83' lang='grc' dir='ltr'>Ού</span> <span class='ocrx_word' id='word_1_546' title='bbox 3216 2457 3315 2528; x_wconf 71' lang='grc' dir='ltr'>’γὰρ</span> <span class='ocrx_word' id='word_1_547' title='bbox 3346 2454 3749 2527; x_wconf 82' lang='grc' dir='ltr'>ἐπαισχύνομαι</span> <span class='ocrx_word' id='word_1_548' title='bbox 3807 2460 3868 2509; x_wconf 77' lang='grc' dir='ltr'>τὸ</span> 
     </span>
    </p>
   </div>
   <div class='ocr_carea' id='block_1_78' title="bbox 2250 2539 3867 2617">
    <p class='ocr_par' dir='ltr' id='par_1_78' title="bbox 2250 2539 3867 2617">
     <span class='ocr_line' id='line_1_78' title="bbox 2250 2539 3867 2617; baseline 0.002 -22"><span class='ocrx_word' id='word_1_549' title='bbox 2250 2541 2579 2613; x_wconf 75' lang='grc' dir='ltr'>Ἐυαγγέλιον</span> <span class='ocrx_word' id='word_1_550' title='bbox 2609 2562 2621 2575; x_wconf 72' lang='grc'><strong>⁸</strong></span> <span class='ocrx_word' id='word_1_551' title='bbox 2657 2539 2968 2601; x_wconf 72' lang='grc' dir='ltr'>δικαιοσύνη</span> <span class='ocrx_word' id='word_1_552' title='bbox 3027 2547 3128 2617; x_wconf 74' lang='grc' dir='ltr'><strong>γὰρ</strong></span> <span class='ocrx_word' id='word_1_553' title='bbox 3186 2551 3319 2597; x_wconf 85' lang='grc' dir='ltr'>Θεοῦ</span> <span class='ocrx_word' id='word_1_554' title='bbox 3371 2542 3419 2595; x_wconf 81' lang='grc' dir='ltr'>ἐν</span> <span class='ocrx_word' id='word_1_555' title='bbox 3461 2545 3601 2615; x_wconf 75' lang='grc' dir='ltr'>αύτῷ</span> <span class='ocrx_word' id='word_1_556' title='bbox 3650 2544 3867 2598; x_wconf 75' lang='grc' dir='ltr'>ἀποκα-</span> 
     </span>
    </p>
   </div>
   <div class='ocr_carea' id='block_1_79' title="bbox 2249 2628 3867 2703">
    <p class='ocr_par' dir='ltr' id='par_1_79' title="bbox 2249 2628 3867 2703">
     <span class='ocr_line' id='line_1_79' title="bbox 2249 2628 3867 2703; baseline 0.002 -20"><span class='ocrx_word' id='word_1_557' title='bbox 2249 2631 2514 2684; x_wconf 86' lang='grc' dir='ltr'>λύπτεται.</span> <span class='ocrx_word' id='word_1_558' title='bbox 2551 2652 2578 2683; x_wconf 92' lang='grc'><strong>››</strong></span> <span class='ocrx_word' id='word_1_559' title='bbox 2612 2639 2727 2692; x_wconf 86' lang='grc' dir='ltr'><strong>Πῶς</strong></span> <span class='ocrx_word' id='word_1_560' title='bbox 2774 2628 2861 2683; x_wconf 74' lang='grc' dir='ltr'>οὖν</span> <span class='ocrx_word' id='word_1_561' title='bbox 2913 2629 3227 2691; x_wconf 80' lang='grc' dir='ltr'>δικαιοσύνη</span> <span class='ocrx_word' id='word_1_562' title='bbox 3264 2641 3396 2686; x_wconf 90' lang='grc' dir='ltr'>Θεοῦ</span> <span class='ocrx_word' id='word_1_563' title='bbox 3441 2636 3488 2685; x_wconf 78' lang='grc' dir='ltr'>ἓν</span> <span class='ocrx_word' id='word_1_564' title='bbox 3538 2633 3685 2703; x_wconf 78' lang='grc' dir='ltr'>αύτῷ</span> <span class='ocrx_word' id='word_1_565' title='bbox 3731 2633 3867 2687; x_wconf 72' lang='grc' dir='ltr'>ἁπο-</span> 
     </span>
    </p>
   </div>
   <div class='ocr_carea' id='block_1_80' title="bbox 2250 2718 3868 2796">
    <p class='ocr_par' dir='ltr' id='par_1_80' title="bbox 2250 2718 3868 2796">
     <span class='ocr_line' id='line_1_80' title="bbox 2250 2718 3868 2796; baseline 0.004 -25"><span class='ocrx_word' id='word_1_566' title='bbox 2250 2720 2620 2787; x_wconf 83' lang='grc' dir='ltr'>καλύπτεται;</span> <span class='ocrx_word' id='word_1_567' title='bbox 2695 2729 2808 2783; x_wconf 80' lang='grc' dir='ltr'><strong>Ηῶς</strong></span> <span class='ocrx_word' id='word_1_568' title='bbox 2867 2722 3021 2792; x_wconf 88' lang='grc'>(98);</span> <span class='ocrx_word' id='word_1_569' title='bbox 3077 2718 3290 2779; x_wconf 79' lang='grc' dir='ltr'>Ἐπειδὴ</span> <span class='ocrx_word' id='word_1_570' title='bbox 3353 2723 3378 2773; x_wconf 96' lang='lat'><strong>6</strong></span> <span class='ocrx_word' id='word_1_571' title='bbox 3432 2730 3635 2796; x_wconf 86' lang='grc' dir='ltr'>πρῶτος</span> <span class='ocrx_word' id='word_1_572' title='bbox 3701 2728 3868 2795; x_wconf 80' lang='grc' dir='ltr'>νόμος</span> 
     </span>
    </p>
   </div>
   <div class='ocr_carea' id='block_1_81' title="bbox 2251 2805 3867 2881">
    <p class='ocr_par' dir='ltr' id='par_1_81' title="bbox 2251 2805 3867 2881">
     <span class='ocr_line' id='line_1_81' title="bbox 2251 2805 3867 2881; baseline 0.001 -20"><span class='ocrx_word' id='word_1_573' title='bbox 2251 2805 2526 2871; x_wconf 73' lang='grc' dir='ltr'>Ἰουδαίοις</span> <span class='ocrx_word' id='word_1_574' title='bbox 2579 2814 2752 2881; x_wconf 85' lang='grc' dir='ltr'>μόνοις</span> <span class='ocrx_word' id='word_1_575' title='bbox 2793 2806 3005 2862; x_wconf 81' lang='grc' dir='ltr'><strong>ἐδέδοτο</strong></span> <span class='ocrx_word' id='word_1_576' title='bbox 3056 2814 3146 2861; x_wconf 84' lang='grc' dir='ltr'>καὶ</span> <span class='ocrx_word' id='word_1_577' title='bbox 3192 2811 3304 2880; x_wconf 86' lang='grc'>(99)</span> <span class='ocrx_word' id='word_1_578' title='bbox 3341 2810 3399 2862; x_wconf 84' lang='grc' dir='ltr'><strong>ού</strong></span> <span class='ocrx_word' id='word_1_579' title='bbox 3440 2819 3541 2861; x_wconf 84' lang='grc' dir='ltr'>τῶν</span> <span class='ocrx_word' id='word_1_580' title='bbox 3577 2812 3744 2862; x_wconf 77' lang='grc' dir='ltr'>ἄλλων</span> <span class='ocrx_word' id='word_1_581' title='bbox 3778 2812 3867 2863; x_wconf 74' lang='grc' dir='ltr'><strong>ἀν-</strong></span> 
     </span>
    </p>
   </div>
   <div class='ocr_carea' id='block_1_82' title="bbox 2253 2895 3871 2972">
    <p class='ocr_par' dir='ltr' id='par_1_82' title="bbox 2253 2895 3871 2972">
     <span class='ocr_line' id='line_1_82' title="bbox 2253 2895 3871 2972; baseline 0.003 -23"><span class='ocrx_word' id='word_1_582' title='bbox 2253 2900 2488 2967; x_wconf 83' lang='grc' dir='ltr'>θρώπων,</span> <span class='ocrx_word' id='word_1_583' title='bbox 2566 2908 2656 2959; x_wconf 84' lang='grc' dir='ltr'>τῆς</span> <span class='ocrx_word' id='word_1_584' title='bbox 2738 2899 2897 2959; x_wconf 73' lang='grc' dir='ltr'>αὐτῆς</span> <span class='ocrx_word' id='word_1_585' title='bbox 2964 2902 3309 2971; x_wconf 78' lang='grc' dir='ltr'>ὑπαρχόντων</span> <span class='ocrx_word' id='word_1_586' title='bbox 3369 2895 3721 2972; x_wconf 71' lang='grc' dir='ltr'>δημιουργίας</span> <span class='ocrx_word' id='word_1_587' title='bbox 3774 2922 3871 2954; x_wconf 83' lang='grc' dir='ltr'><strong>και</strong></span> 
     </span>
    </p>
   </div>
   <div class='ocr_carea' id='block_1_83' title="bbox 2252 2984 3868 3062">
    <p class='ocr_par' dir='ltr' id='par_1_83' title="bbox 2252 2984 3868 3062">
     <span class='ocr_line' id='line_1_83' title="bbox 2252 2984 3868 3062; baseline 0.004 -25"><span class='ocrx_word' id='word_1_588' title='bbox 2252 2988 2466 3058; x_wconf 78' lang='grc' dir='ltr'>φύσεως,</span> <span class='ocrx_word' id='word_1_589' title='bbox 2502 2991 2559 3039; x_wconf 84' lang='grc' dir='ltr'>τὸ</span> <span class='ocrx_word' id='word_1_590' title='bbox 2609 2984 2667 3040; x_wconf 74' lang='grc' dir='ltr'>δὲ</span> <span class='ocrx_word' id='word_1_591' title='bbox 2708 2988 3018 3059; x_wconf 73' lang='grc' dir='ltr'>Εύαγγέλιον</span> <span class='ocrx_word' id='word_1_592' title='bbox 3068 2994 3230 3040; x_wconf 87' lang='grc' dir='ltr'>πᾶσιν</span> <span class='ocrx_word' id='word_1_593' title='bbox 3274 2990 3537 3061; x_wconf 84' lang='grc' dir='ltr'>ὀμοτίμως</span> <span class='ocrx_word' id='word_1_594' title='bbox 3576 2997 3687 3051; x_wconf 85' lang='grc' dir='ltr'>τοῖς</span> <span class='ocrx_word' id='word_1_595' title='bbox 3738 2992 3868 3062; x_wconf 83' lang='grc' dir='ltr'>ὀμο-</span> 
     </span>
    </p>
   </div>
   <div class='ocr_carea' id='block_1_84' title="bbox 2816 3074 3869 3148">
    <p class='ocr_par' dir='ltr' id='par_1_84' title="bbox 2816 3074 3869 3148">
     <span class='ocr_line' id='line_1_84' title="bbox 2816 3074 3869 3148; baseline 0.003 -20"><span class='ocrx_word' id='word_1_596' title='bbox 2816 3076 3047 3148; x_wconf 68' lang='grc' dir='ltr'>ἐν,αύτῷ</span> <span class='ocrx_word' id='word_1_597' title='bbox 3101 3074 3415 3135; x_wconf 76' lang='grc' dir='ltr'>δικαιοσύνη</span> <span class='ocrx_word' id='word_1_598' title='bbox 3479 3082 3605 3131; x_wconf 83' lang='grc' dir='ltr'>Θεοῦ</span> <span class='ocrx_word' id='word_1_599' title='bbox 3660 3078 3869 3131; x_wconf 65' lang='grc' dir='ltr'>ἀποκα-</span> 
     </span>
    </p>
   </div>
   <div class='ocr_carea' id='block_1_85' title="bbox 2249 3164 3863 3238">
    <p class='ocr_par' dir='ltr' id='par_1_85' title="bbox 2249 3164 3863 3238">
     <span class='ocr_line' id='line_1_85' title="bbox 2249 3164 3863 3238; baseline 0.002 -22"><span class='ocrx_word' id='word_1_600' title='bbox 2249 3165 2497 3217; x_wconf 85' lang='grc' dir='ltr'>λύπτεται</span> <span class='ocrx_word' id='word_1_601' title='bbox 2548 3168 2645 3235; x_wconf 78' lang='grc'>(1),</span> <span class='ocrx_word' id='word_1_602' title='bbox 2689 3172 2778 3219; x_wconf 85' lang='grc' dir='ltr'>καὶ</span> <span class='ocrx_word' id='word_1_603' title='bbox 2826 3166 3057 3219; x_wconf 85' lang='grc' dir='ltr'>καλεῖται</span> <span class='ocrx_word' id='word_1_604' title='bbox 3116 3164 3463 3228; x_wconf 86' lang='grc' dir='ltr'>δικαιοσύνης</span> <span class='ocrx_word' id='word_1_605' title='bbox 3515 3168 3863 3238; x_wconf 53' lang='lat' dir='ltr'><strong>Edon-770.com</strong></span> 
     </span>
    </p>
   </div>
   <div class='ocr_carea' id='block_1_86' title="bbox 2252 3254 3866 3328">
    <p class='ocr_par' dir='ltr' id='par_1_86' title="bbox 2252 3254 3866 3328">
     <span class='ocr_line' id='line_1_86' title="bbox 2252 3254 3866 3328; baseline 0.002 -21"><span class='ocrx_word' id='word_1_606' title='bbox 2252 3254 2331 3307; x_wconf 85' lang='grc' dir='ltr'>Ἐν</span> <span class='ocrx_word' id='word_1_607' title='bbox 2381 3260 2551 3307; x_wconf 84' lang='grc' dir='ltr'>τοίνυν</span> <span class='ocrx_word' id='word_1_608' title='bbox 2600 3264 2657 3328; x_wconf 76' lang='grc' dir='ltr'>τῇ</span> <span class='ocrx_word' id='word_1_609' title='bbox 2704 3256 2908 3326; x_wconf 83' lang='grc' dir='ltr'>Παλαιᾷ</span> <span class='ocrx_word' id='word_1_610' title='bbox 2934 3258 3163 3328; x_wconf 77' lang='grc' dir='ltr'>Διαθηκη</span> <span class='ocrx_word' id='word_1_611' title='bbox 3199 3256 3293 3308; x_wconf 81' lang='grc' dir='ltr'><strong>ούκ</strong></span> <span class='ocrx_word' id='word_1_612' title='bbox 3348 3254 3408 3315; x_wconf 81' lang='grc' dir='ltr'>ἧν</span> <span class='ocrx_word' id='word_1_613' title='bbox 3453 3259 3484 3314; x_wconf 83' lang='grc' dir='ltr'><strong>ἠ</strong></span> <span class='ocrx_word' id='word_1_614' title='bbox 3538 3257 3727 3317; x_wconf 78' lang='grc' dir='ltr'>κλῆσις</span> <span class='ocrx_word' id='word_1_615' title='bbox 3773 3255 3866 3310; x_wconf 74' lang='grc' dir='ltr'>διο</span> 
     </span>
    </p>
   </div>
   <div class='ocr_carea' id='block_1_87' title="bbox 2249 3344 3860 3419">
    <p class='ocr_par' dir='ltr' id='par_1_87' title="bbox 2249 3344 3860 3419">
     <span class='ocr_line' id='line_1_87' title="bbox 2249 3344 3860 3419; baseline 0.001 -24"><span class='ocrx_word' id='word_1_616' title='bbox 2249 3353 2374 3395; x_wconf 86' lang='grc' dir='ltr'>καία</span> <span class='ocrx_word' id='word_1_617' title='bbox 2410 3362 2423 3374; x_wconf 80' lang='grc'><em>’</em></span> <span class='ocrx_word' id='word_1_618' title='bbox 2469 3345 2528 3396; x_wconf 85' lang='grc' dir='ltr'><strong>ού</strong></span> <span class='ocrx_word' id='word_1_619' title='bbox 2570 3348 2671 3419; x_wconf 74' lang='grc' dir='ltr'><strong>γὰρ</strong></span> <span class='ocrx_word' id='word_1_620' title='bbox 2722 3346 2915 3417; x_wconf 84' lang='grc' dir='ltr'>ὁμοίως</span> <span class='ocrx_word' id='word_1_621' title='bbox 2967 3348 3156 3404; x_wconf 86' lang='grc' dir='ltr'>πάντας</span> <span class='ocrx_word' id='word_1_622' title='bbox 3210 3344 3378 3397; x_wconf 79' lang='grc' dir='ltr'>ἐκάλει</span> <span class='ocrx_word' id='word_1_623' title='bbox 3416 3351 3505 3397; x_wconf 83' lang='grc' dir='ltr'>καὶ</span> <span class='ocrx_word' id='word_1_624' title='bbox 3555 3345 3809 3416; x_wconf 69' lang='grc' dir='ltr'>ἐφώτιζεν</span> <span class='ocrx_word' id='word_1_625' title='bbox 3848 3366 3860 3376; x_wconf 65' lang='grc' dir='ltr'><strong>ι</strong></span> 
     </span>
    </p>
   </div>
   <div class='ocr_carea' id='block_1_88' title="bbox 2249 3431 3863 3506">
    <p class='ocr_par' dir='ltr' id='par_1_88' title="bbox 2249 3431 3863 3506">
     <span class='ocr_line' id='line_1_88' title="bbox 2249 3431 3863 3506; baseline 0.001 -22"><span class='ocrx_word' id='word_1_626' title='bbox 2249 3441 2357 3495; x_wconf 82' lang='grc' dir='ltr'>τοῖς</span> <span class='ocrx_word' id='word_1_627' title='bbox 2389 3431 2665 3494; x_wconf 88' lang='grc' dir='ltr'>Ἰουδαίοις</span> <span class='ocrx_word' id='word_1_628' title='bbox 2698 3431 2757 3486; x_wconf 69' lang='grc' dir='ltr'>δὲ</span> <span class='ocrx_word' id='word_1_629' title='bbox 2786 3440 2957 3506; x_wconf 84' lang='grc' dir='ltr'>μόνοις</span> <span class='ocrx_word' id='word_1_630' title='bbox 3132 3434 3243 3486; x_wconf 85' lang='grc' dir='ltr'><strong>Ούκ</strong></span> <span class='ocrx_word' id='word_1_631' title='bbox 3272 3432 3332 3492; x_wconf 78' lang='grc' dir='ltr'><strong>ἧν</strong></span> <span class='ocrx_word' id='word_1_632' title='bbox 3373 3435 3461 3486; x_wconf 78' lang='grc' dir='ltr'>οὖν</span> <span class='ocrx_word' id='word_1_633' title='bbox 3508 3431 3717 3502; x_wconf 80' lang='grc' dir='ltr'>δικαία,</span> <span class='ocrx_word' id='word_1_634' title='bbox 3747 3434 3863 3486; x_wconf 75' lang='grc' dir='ltr'>ἀλλ’</span> 
     </span>
    </p>
   </div>
   <div class='ocr_carea' id='block_1_89' title="bbox 2249 3519 3857 3598">
    <p class='ocr_par' dir='ltr' id='par_1_89' title="bbox 2249 3519 3857 3598">
     <span class='ocr_line' id='line_1_89' title="bbox 2249 3519 3857 3598; baseline 0.001 -24"><span class='ocrx_word' id='word_1_635' title='bbox 2249 3522 2570 3595; x_wconf 85' lang='grc' dir='ltr'>οἰκονομικὴ,</span> <span class='ocrx_word' id='word_1_636' title='bbox 2607 3524 3192 3598; x_wconf 85' lang='grc' dir='ltr'>προπαρασκευάζουσα</span> <span class='ocrx_word' id='word_1_637' title='bbox 3230 3519 3354 3574; x_wconf 87' lang='grc' dir='ltr'>ὁδὸν</span> <span class='ocrx_word' id='word_1_638' title='bbox 3384 3532 3445 3595; x_wconf 73' lang='grc' dir='ltr'>τῇ</span> <span class='ocrx_word' id='word_1_639' title='bbox 3484 3520 3804 3595; x_wconf 70' lang='grc' dir='ltr'>δικαιοσύνη</span> <span class='ocrx_word' id='word_1_640' title='bbox 3844 3545 3857 3556; x_wconf 63' lang='grc' dir='ltr'><em>υ</em></span> 
     </span>
    </p>
   </div>
   <div class='ocr_carea' id='block_1_90' title="bbox 3716 3614 3861 3666">
    <p class='ocr_par' dir='ltr' id='par_1_90' title="bbox 3716 3614 3861 3666">
     <span class='ocr_line' id='line_1_90' title="bbox 3716 3614 3861 3666; baseline 0.014 -4"><span class='ocrx_word' id='word_1_641' title='bbox 3716 3614 3861 3666; x_wconf 64' lang='grc' dir='ltr'>Ἀλλ’</span> 
     </span>
    </p>
   </div>
   <div class='ocr_carea' id='block_1_91' title="bbox 2250 3698 3861 3772">
    <p class='ocr_par' dir='ltr' id='par_1_91' title="bbox 2250 3698 3861 3772">
     <span class='ocr_line' id='line_1_91' title="bbox 2250 3698 3861 3772; baseline 0 -20"><span class='ocrx_word' id='word_1_642' title='bbox 2250 3700 2442 3758; x_wconf 85' lang='grc' dir='ltr'>ἐκείνην</span> <span class='ocrx_word' id='word_1_643' title='bbox 2511 3698 2632 3753; x_wconf 85' lang='grc' dir='ltr'>ὁδὸν</span> <span class='ocrx_word' id='word_1_644' title='bbox 2706 3704 2903 3763; x_wconf 82' lang='grc' dir='ltr'>ταύτης</span> <span class='ocrx_word' id='word_1_645' title='bbox 2986 3706 3075 3753; x_wconf 90' lang='grc' dir='ltr'>καὶ</span> <span class='ocrx_word' id='word_1_646' title='bbox 3151 3706 3581 3772; x_wconf 78' lang='grc' dir='ltr'>προκατασκευην</span> <span class='ocrx_word' id='word_1_647' title='bbox 3654 3705 3861 3765; x_wconf 69' lang='grc' dir='ltr'>ταύτης</span> 
     </span>
    </p>
   </div>
   <div class='ocr_carea' id='block_1_92' title="bbox 2250 3609 3642 3682">
    <p class='ocr_par' dir='ltr' id='par_1_92' title="bbox 2250 3609 3642 3682">
     <span class='ocr_line' id='line_1_92' title="bbox 2250 3609 3642 3682; baseline 0.001 -20"><span class='ocrx_word' id='word_1_648' title='bbox 2250 3612 2306 3663; x_wconf 82' lang='grc' dir='ltr'><strong>ού</strong></span> <span class='ocrx_word' id='word_1_649' title='bbox 2364 3612 2496 3682; x_wconf 76' lang='grc' dir='ltr'>λέγω</span> <span class='ocrx_word' id='word_1_650' title='bbox 2562 3616 2756 3669; x_wconf 84' lang='grc' dir='ltr'>ταύτην</span> <span class='ocrx_word' id='word_1_651' title='bbox 2819 3609 3052 3677; x_wconf 85' lang='grc' dir='ltr'>δικαίαν,</span> <span class='ocrx_word' id='word_1_652' title='bbox 3106 3613 3348 3669; x_wconf 73' lang='grc' dir='ltr'>κάκείνην</span> <span class='ocrx_word' id='word_1_653' title='bbox 3435 3609 3642 3669; x_wconf 80' lang='grc' dir='ltr'>ἀδικον,</span> 
     </span>
    </p>
   </div>
   <div class='ocr_carea' id='block_1_93' title="bbox 2250 3788 3863 3862">
    <p class='ocr_par' dir='ltr' id='par_1_93' title="bbox 2250 3788 3863 3862">
     <span class='ocr_line' id='line_1_93' title="bbox 2250 3788 3863 3862; baseline 0.001 -21"><span class='ocrx_word' id='word_1_654' title='bbox 2250 3789 2604 3860; x_wconf 82' lang='grc' dir='ltr'>ὑπελάμϐανον</span> <span class='ocrx_word' id='word_1_655' title='bbox 2675 3794 2724 3842; x_wconf 81' lang='grc' dir='ltr'>οἱ</span> <span class='ocrx_word' id='word_1_656' title='bbox 2801 3788 3069 3855; x_wconf 84' lang='grc' dir='ltr'>Ἰουδαῖοι,</span> <span class='ocrx_word' id='word_1_657' title='bbox 3132 3792 3212 3841; x_wconf 83' lang='grc' dir='ltr'>ὅτι</span> <span class='ocrx_word' id='word_1_658' title='bbox 3268 3796 3357 3842; x_wconf 86' lang='grc' dir='ltr'>καὶ</span> <span class='ocrx_word' id='word_1_659' title='bbox 3416 3795 3474 3841; x_wconf 85' lang='grc' dir='ltr'>τὸ</span> <span class='ocrx_word' id='word_1_660' title='bbox 3542 3791 3863 3862; x_wconf 45' lang='lat' dir='ltr'><strong>Etim/751:6:</strong></span> 
     </span>
    </p>
   </div>
   <div class='ocr_carea' id='block_1_94' title="bbox 2251 3877 3859 3952">
    <p class='ocr_par' dir='ltr' id='par_1_94' title="bbox 2251 3877 3859 3952">
     <span class='ocr_line' id='line_1_94' title="bbox 2251 3877 3859 3952; baseline 0.001 -22"><span class='ocrx_word' id='word_1_661' title='bbox 2251 3880 2428 3940; x_wconf 65' lang='grc' dir='ltr'>αὐτοῖς</span> <span class='ocrx_word' id='word_1_662' title='bbox 2481 3877 2764 3937; x_wconf 71' lang='grc' dir='ltr'>δοθήσεται</span> <span class='ocrx_word' id='word_1_663' title='bbox 2807 3884 2896 3931; x_wconf 83' lang='grc' dir='ltr'>καὶ</span> <span class='ocrx_word' id='word_1_664' title='bbox 2951 3884 3147 3951; x_wconf 81' lang='grc' dir='ltr'>μόνοις,</span> <span class='ocrx_word' id='word_1_665' title='bbox 3204 3882 3377 3952; x_wconf 80' lang='grc' dir='ltr'>ὥσπερ</span> <span class='ocrx_word' id='word_1_666' title='bbox 3422 3884 3512 3930; x_wconf 84' lang='grc' dir='ltr'>καὶ</span> <span class='ocrx_word' id='word_1_667' title='bbox 3573 3882 3597 3931; x_wconf 90' lang='lat'><strong>6</strong></span> <span class='ocrx_word' id='word_1_668' title='bbox 3656 3885 3859 3951; x_wconf 83' lang='grc' dir='ltr'>νόμος·</span> 
     </span>
    </p>
   </div>
   <div class='ocr_carea' id='block_1_95' title="bbox 2250 3964 3866 4043">
    <p class='ocr_par' dir='ltr' id='par_1_95' title="bbox 2250 3964 3866 4043">
     <span class='ocr_line' id='line_1_95' title="bbox 2250 3964 3866 4043; baseline 0.001 -23"><span class='ocrx_word' id='word_1_669' title='bbox 2250 3968 2392 4031; x_wconf 84' lang='grc' dir='ltr'>ἐξέϐη</span> <span class='ocrx_word' id='word_1_670' title='bbox 2447 3966 2505 4021; x_wconf 77' lang='grc' dir='ltr'>δὲ</span> <span class='ocrx_word' id='word_1_671' title='bbox 2549 3969 2672 4043; x_wconf 86' lang='grc' dir='ltr'>παρ’</span> <span class='ocrx_word' id='word_1_672' title='bbox 2704 3965 2919 4029; x_wconf 82' lang='grc' dir='ltr'>ἐλπίδας</span> <span class='ocrx_word' id='word_1_673' title='bbox 2950 3971 2979 4027; x_wconf 81' lang='grc' dir='ltr'><strong>ἠ</strong></span> <span class='ocrx_word' id='word_1_674' title='bbox 3025 3965 3323 4043; x_wconf 87' lang='grc' dir='ltr'>προσδοκία</span> <span class='ocrx_word' id='word_1_675' title='bbox 3357 3986 3369 3997; x_wconf 86' lang='grc'><strong>·</strong></span> <span class='ocrx_word' id='word_1_676' title='bbox 3406 3964 3491 4019; x_wconf 85' lang='grc' dir='ltr'>διὸ</span> <span class='ocrx_word' id='word_1_677' title='bbox 3547 3973 3637 4020; x_wconf 86' lang='grc' dir='ltr'>καὶ</span> <span class='ocrx_word' id='word_1_678' title='bbox 3688 3967 3866 4022; x_wconf 80' lang='grc' dir='ltr'>Δαϐὶδ</span> 
     </span>
    </p>
   </div>
   <div class='ocr_carea' id='block_1_96' title="bbox 2248 4056 3864 4131">
    <p class='ocr_par' dir='ltr' id='par_1_96' title="bbox 2248 4056 3864 4131">
     <span class='ocr_line' id='line_1_96' title="bbox 2248 4056 3864 4131; baseline -0.001 -20"><span class='ocrx_word' id='word_1_679' title='bbox 2248 4058 2381 4129; x_wconf 75' lang='grc' dir='ltr'>λέγει</span> <span class='ocrx_word' id='word_1_680' title='bbox 2417 4075 2427 4086; x_wconf 92' lang='grc'>·</span> <span class='ocrx_word' id='word_1_681' title='bbox 2465 4082 2491 4107; x_wconf 89' lang='grc'><em>‹‹</em></span> <span class='ocrx_word' id='word_1_682' title='bbox 2514 4057 2878 4131; x_wconf 75' lang='grc' dir='ltr'>’Υπελάϐομεν,</span> <span class='ocrx_word' id='word_1_683' title='bbox 2911 4060 2936 4110; x_wconf 95' lang='lat'><strong>6</strong></span> <span class='ocrx_word' id='word_1_684' title='bbox 2966 4061 3115 4123; x_wconf 85' lang='grc' dir='ltr'>Θεὸς,</span> <span class='ocrx_word' id='word_1_685' title='bbox 3144 4061 3202 4109; x_wconf 87' lang='grc' dir='ltr'>τὸ</span> <span class='ocrx_word' id='word_1_686' title='bbox 3242 4057 3372 4118; x_wconf 85' lang='grc' dir='ltr'>ἔλεός</span> <span class='ocrx_word' id='word_1_687' title='bbox 3406 4076 3499 4110; x_wconf 84' lang='grc' dir='ltr'><strong>σου</strong></span> <span class='ocrx_word' id='word_1_688' title='bbox 3528 4056 3578 4109; x_wconf 82' lang='grc' dir='ltr'>ἐν</span> <span class='ocrx_word' id='word_1_689' title='bbox 3599 4062 3745 4129; x_wconf 81' lang='grc' dir='ltr'>μέσῳ</span> <span class='ocrx_word' id='word_1_690' title='bbox 3766 4068 3864 4111; x_wconf 86' lang='grc' dir='ltr'><strong>τοῦ</strong></span> 
     </span>
    </p>
   </div>
   <div class='ocr_carea' id='block_1_97' title="bbox 2248 4146 3862 4215">
    <p class='ocr_par' dir='ltr' id='par_1_97' title="bbox 2248 4146 3862 4215">
     <span class='ocr_line' id='line_1_97' title="bbox 2248 4146 3862 4215; baseline -0.001 -16"><span class='ocrx_word' id='word_1_691' title='bbox 2248 4147 2375 4199; x_wconf 91' lang='grc' dir='ltr'>λαοῦ</span> <span class='ocrx_word' id='word_1_692' title='bbox 2410 4167 2524 4199; x_wconf 89' lang='grc' dir='ltr'>σου.</span> <span class='ocrx_word' id='word_1_693' title='bbox 2563 4168 2586 4198; x_wconf 70' lang='grc' dir='ltr'><strong>ι)</strong></span> <span class='ocrx_word' id='word_1_694' title='bbox 2621 4146 2752 4214; x_wconf 71' lang='grc' dir='ltr'>εἶτα,</span> <span class='ocrx_word' id='word_1_695' title='bbox 2784 4167 2813 4199; x_wconf 76' lang='grc' dir='ltr'>(ι</span> <span class='ocrx_word' id='word_1_696' title='bbox 2843 4150 2987 4200; x_wconf 79' lang='grc' dir='ltr'>Κατὰ</span> <span class='ocrx_word' id='word_1_697' title='bbox 3029 4150 3085 4199; x_wconf 91' lang='grc' dir='ltr'><strong>τό</strong></span> <span class='ocrx_word' id='word_1_698' title='bbox 3118 4149 3280 4215; x_wconf 79' lang='grc' dir='ltr'>ὄνομά</span> <span class='ocrx_word' id='word_1_699' title='bbox 3313 4166 3429 4211; x_wconf 80' lang='grc' dir='ltr'>σου,</span> <span class='ocrx_word' id='word_1_700' title='bbox 3465 4148 3490 4197; x_wconf 91' lang='lat'><strong>6</strong></span> <span class='ocrx_word' id='word_1_701' title='bbox 3532 4150 3686 4215; x_wconf 84' lang='grc' dir='ltr'>Θεὸς,</span> <span class='ocrx_word' id='word_1_702' title='bbox 3721 4148 3862 4198; x_wconf 68' lang='grc' dir='ltr'>οὕτω</span> 
     </span>
    </p>
   </div>
   <div class='ocr_carea' id='block_1_98' title="bbox 2249 4234 3865 4308">
    <p class='ocr_par' dir='ltr' id='par_1_98' title="bbox 2249 4234 3865 4308">
     <span class='ocr_line' id='line_1_98' title="bbox 2249 4234 3865 4308; baseline -0.001 -20"><span class='ocrx_word' id='word_1_703' title='bbox 2249 4243 2337 4289; x_wconf 86' lang='grc' dir='ltr'>καὶ</span> <span class='ocrx_word' id='word_1_704' title='bbox 2368 4239 2395 4293; x_wconf 80' lang='grc' dir='ltr'>ἡ</span> <span class='ocrx_word' id='word_1_705' title='bbox 2432 4240 2627 4298; x_wconf 84' lang='grc' dir='ltr'>αἵνεσίς</span> <span class='ocrx_word' id='word_1_706' title='bbox 2659 4256 2751 4288; x_wconf 86' lang='grc' dir='ltr'><strong>σου</strong></span> <span class='ocrx_word' id='word_1_707' title='bbox 2782 4254 2794 4266; x_wconf 82' lang='lat'>&#39;</span> <span class='ocrx_word' id='word_1_708' title='bbox 2827 4236 2955 4307; x_wconf 80' lang='grc' dir='ltr'>ούχὶ</span> <span class='ocrx_word' id='word_1_709' title='bbox 2992 4235 3039 4287; x_wconf 85' lang='grc' dir='ltr'>ἐν</span> <span class='ocrx_word' id='word_1_710' title='bbox 3082 4241 3223 4308; x_wconf 84' lang='grc' dir='ltr'>μέσῳ</span> <span class='ocrx_word' id='word_1_711' title='bbox 3254 4243 3345 4287; x_wconf 83' lang='grc' dir='ltr'><strong>τοῦ</strong></span> <span class='ocrx_word' id='word_1_712' title='bbox 3369 4234 3495 4287; x_wconf 85' lang='grc' dir='ltr'>λαοῦ</span> <span class='ocrx_word' id='word_1_713' title='bbox 3538 4254 3633 4287; x_wconf 83' lang='grc' dir='ltr'><strong>σου</strong></span> <span class='ocrx_word' id='word_1_714' title='bbox 3676 4240 3865 4306; x_wconf 75' lang='grc' dir='ltr'>μόνον,</span> 
     </span>
    </p>
   </div>
   <div class='ocr_carea' id='block_1_99' title="bbox 2250 4320 3867 4396">
    <p class='ocr_par' dir='ltr' id='par_1_99' title="bbox 2250 4320 3867 4396">
     <span class='ocr_line' id='line_1_99' title="bbox 2250 4320 3867 4396; baseline -0.001 -19"><span class='ocrx_word' id='word_1_715' title='bbox 2250 4324 2376 4377; x_wconf 77' lang='grc' dir='ltr'>ἀλλὰ</span> <span class='ocrx_word' id='word_1_716' title='bbox 2425 4325 2506 4377; x_wconf 82' lang='grc' dir='ltr'><strong>ἐπὶ</strong></span> <span class='ocrx_word' id='word_1_717' title='bbox 2564 4328 2631 4377; x_wconf 83' lang='grc' dir='ltr'>τὰ</span> <span class='ocrx_word' id='word_1_718' title='bbox 2682 4330 2880 4394; x_wconf 85' lang='grc' dir='ltr'>πέρατα</span> <span class='ocrx_word' id='word_1_719' title='bbox 2936 4333 3031 4385; x_wconf 80' lang='grc' dir='ltr'>τῆς</span> <span class='ocrx_word' id='word_1_720' title='bbox 3086 4334 3181 4396; x_wconf 75' lang='grc' dir='ltr'><strong>’γῆς</strong></span> <span class='ocrx_word' id='word_1_721' title='bbox 3226 4342 3237 4354; x_wconf 86' lang='grc'><strong><em>⁸</em></strong></span> <span class='ocrx_word' id='word_1_722' title='bbox 3280 4329 3369 4376; x_wconf 83' lang='grc' dir='ltr'>καὶ</span> <span class='ocrx_word' id='word_1_723' title='bbox 3428 4326 3510 4375; x_wconf 83' lang='grc' dir='ltr'>ἶνα</span> <span class='ocrx_word' id='word_1_724' title='bbox 3563 4320 3733 4396; x_wconf 67' lang='grc' dir='ltr'>δείξῃ,</span> <span class='ocrx_word' id='word_1_725' title='bbox 3780 4327 3867 4375; x_wconf 80' lang='grc' dir='ltr'>ὅτι</span> 
     </span>
    </p>
   </div>
   <div class='ocr_carea' id='block_1_100' title="bbox 2248 4409 3862 4487">
    <p class='ocr_par' dir='ltr' id='par_1_100' title="bbox 2248 4409 3862 4487">
     <span class='ocr_line' id='line_1_100' title="bbox 2248 4409 3862 4487; baseline -0.003 -21"><span class='ocrx_word' id='word_1_726' title='bbox 2248 4418 2304 4466; x_wconf 86' lang='grc' dir='ltr'>τὸ</span> <span class='ocrx_word' id='word_1_727' title='bbox 2373 4414 2581 4474; x_wconf 81' lang='grc' dir='ltr'>ἐλεῆσαι</span> <span class='ocrx_word' id='word_1_728' title='bbox 2624 4417 2689 4466; x_wconf 79' lang='grc' dir='ltr'>τὰ</span> <span class='ocrx_word' id='word_1_729' title='bbox 2756 4418 2956 4487; x_wconf 85' lang='grc' dir='ltr'>πέρατα</span> <span class='ocrx_word' id='word_1_730' title='bbox 3006 4422 3102 4475; x_wconf 81' lang='grc' dir='ltr'>τῆς</span> <span class='ocrx_word' id='word_1_731' title='bbox 3150 4422 3251 4484; x_wconf 73' lang='grc' dir='ltr'><strong>γῆς</strong></span> <span class='ocrx_word' id='word_1_732' title='bbox 3305 4409 3648 4472; x_wconf 85' lang='grc' dir='ltr'>δικαιοσύνης</span> <span class='ocrx_word' id='word_1_733' title='bbox 3691 4410 3862 4476; x_wconf 73' lang='grc' dir='ltr'>ἐστὶν,</span> 
     </span>
    </p>
   </div>
   <div class='ocr_carea' id='block_1_101' title="bbox 2249 4497 3861 4575">
    <p class='ocr_par' dir='ltr' id='par_1_101' title="bbox 2249 4497 3861 4575">
     <span class='ocr_line' id='line_1_101' title="bbox 2249 4497 3861 4575; baseline -0.004 -19"><span class='ocrx_word' id='word_1_734' title='bbox 2249 4504 2427 4575; x_wconf 76' lang='grc' dir='ltr'>ἐπάγει</span> <span class='ocrx_word' id='word_1_735' title='bbox 2471 4521 2481 4533; x_wconf 90' lang='grc'><strong>·</strong></span> <span class='ocrx_word' id='word_1_736' title='bbox 2527 4524 2556 4555; x_wconf 87' lang='grc'><strong>‹‹</strong></span> <span class='ocrx_word' id='word_1_737' title='bbox 2598 4506 2941 4564; x_wconf 86' lang='grc' dir='ltr'>Δικαιοσύνης</span> <span class='ocrx_word' id='word_1_738' title='bbox 2981 4508 3185 4575; x_wconf 75' lang='grc' dir='ltr'>πλήρης</span> <span class='ocrx_word' id='word_1_739' title='bbox 3228 4504 3257 4559; x_wconf 80' lang='grc' dir='ltr'>ἡ</span> <span class='ocrx_word' id='word_1_740' title='bbox 3308 4497 3454 4563; x_wconf 83' lang='grc' dir='ltr'>δεξιά</span> <span class='ocrx_word' id='word_1_741' title='bbox 3500 4519 3614 4554; x_wconf 89' lang='grc' dir='ltr'>σου.</span> <span class='ocrx_word' id='word_1_742' title='bbox 3650 4500 3712 4552; x_wconf 82' lang='grc' dir='ltr'>Ὁ</span> <span class='ocrx_word' id='word_1_743' title='bbox 3748 4504 3861 4553; x_wconf 75' lang='grc' dir='ltr'><strong>Κύ-</strong></span> 
     </span>
    </p>
   </div>
   <div class='ocr_carea' id='block_1_102' title="bbox 2248 4588 3848 4671">
    <p class='ocr_par' dir='ltr' id='par_1_102' title="bbox 2248 4588 3848 4671">
     <span class='ocr_line' id='line_1_102' title="bbox 2248 4588 3848 4671; baseline -0.004 -24"><span class='ocrx_word' id='word_1_744' title='bbox 2248 4616 2358 4671; x_wconf 87' lang='grc' dir='ltr'>ριος</span> <span class='ocrx_word' id='word_1_745' title='bbox 2391 4592 2720 4645; x_wconf 84' lang='grc' dir='ltr'>ἐϐασίλευσεν</span> <span class='ocrx_word' id='word_1_746' title='bbox 2750 4610 2761 4622; x_wconf 82' lang='grc'><strong>·</strong></span> <span class='ocrx_word' id='word_1_747' title='bbox 2798 4613 2825 4643; x_wconf 87' lang='grc'>)›</span> <span class='ocrx_word' id='word_1_748' title='bbox 2854 4600 2983 4660; x_wconf 82' lang='grc' dir='ltr'>πῶς,</span> <span class='ocrx_word' id='word_1_749' title='bbox 3022 4614 3042 4640; x_wconf 77' lang='grc' dir='ltr'><strong>ε</strong></span> <span class='ocrx_word' id='word_1_750' title='bbox 3094 4591 3117 4643; x_wconf 87' lang='grc' dir='ltr'>ὀ</span> <span class='ocrx_word' id='word_1_751' title='bbox 3165 4594 3354 4664; x_wconf 85' lang='grc' dir='ltr'>Κύριος</span> <span class='ocrx_word' id='word_1_752' title='bbox 3385 4588 3720 4642; x_wconf 79' lang='grc' dir='ltr'>ἐϐασίλευσεν</span> <span class='ocrx_word' id='word_1_753' title='bbox 3752 4607 3763 4653; x_wconf 91' lang='grc'><strong>;</strong></span> <span class='ocrx_word' id='word_1_754' title='bbox 3818 4611 3848 4640; x_wconf 67' lang='grc' dir='ltr'><strong>ν</strong></span> 
     </span>
    </p>
   </div>
   <div class='ocr_carea' id='block_1_103' title="bbox 2249 4676 3861 4756">
    <p class='ocr_par' dir='ltr' id='par_1_103' title="bbox 2249 4676 3861 4756">
     <span class='ocr_line' id='line_1_103' title="bbox 2249 4676 3861 4756; baseline -0.003 -22"><span class='ocrx_word' id='word_1_755' title='bbox 2249 4678 2329 4755; x_wconf 81' lang='grc' dir='ltr'><strong>ἆρ’</strong></span> <span class='ocrx_word' id='word_1_756' title='bbox 2362 4686 2429 4742; x_wconf 86' lang='grc' dir='ltr'>ὡς</span> <span class='ocrx_word' id='word_1_757' title='bbox 2475 4686 2774 4756; x_wconf 75' lang='grc' dir='ltr'>πρόσφατον</span> <span class='ocrx_word' id='word_1_758' title='bbox 2813 4680 2981 4732; x_wconf 69' lang='grc' dir='ltr'>λαϐὼν</span> <span class='ocrx_word' id='word_1_759' title='bbox 3034 4683 3091 4732; x_wconf 85' lang='grc' dir='ltr'>τὸ</span> <span class='ocrx_word' id='word_1_760' title='bbox 3138 4688 3227 4740; x_wconf 82' lang='grc' dir='ltr'>τῆς</span> <span class='ocrx_word' id='word_1_761' title='bbox 3277 4678 3546 4750; x_wconf 80' lang='grc' dir='ltr'>βασιλείας</span> <span class='ocrx_word' id='word_1_762' title='bbox 3603 4676 3861 4749; x_wconf 72' lang='grc' dir='ltr'>ἀξίωμας</span> 
     </span>
    </p>
   </div>
   <div class='ocr_carea' id='block_1_104' title="bbox 2252 4764 3865 4843">
    <p class='ocr_par' dir='ltr' id='par_1_104' title="bbox 2252 4764 3865 4843">
     <span class='ocr_line' id='line_1_104' title="bbox 2252 4764 3865 4843; baseline -0.004 -20"><span class='ocrx_word' id='word_1_763' title='bbox 2252 4772 2293 4823; x_wconf 79' lang='grc' dir='ltr'>εἰ</span> <span class='ocrx_word' id='word_1_764' title='bbox 2348 4776 2437 4843; x_wconf 67' lang='grc' dir='ltr'>μὲν</span> <span class='ocrx_word' id='word_1_765' title='bbox 2484 4774 2585 4842; x_wconf 70' lang='grc' dir='ltr'><strong>γὰρ</strong></span> <span class='ocrx_word' id='word_1_766' title='bbox 2648 4772 2779 4823; x_wconf 82' lang='grc' dir='ltr'>εἶπεν</span> <span class='ocrx_word' id='word_1_767' title='bbox 2815 4770 2913 4822; x_wconf 84' lang='grc' dir='ltr'><strong>’Ὀ</strong></span> <span class='ocrx_word' id='word_1_768' title='bbox 2942 4773 3132 4842; x_wconf 83' lang='grc' dir='ltr'>Κύριος</span> <span class='ocrx_word' id='word_1_769' title='bbox 3184 4767 3471 4841; x_wconf 73' lang='grc' dir='ltr'>βασιλεύει,</span> <span class='ocrx_word' id='word_1_770' title='bbox 3533 4771 3627 4824; x_wconf 78' lang='grc' dir='ltr'>τήν</span> <span class='ocrx_word' id='word_1_771' title='bbox 3682 4764 3865 4819; x_wconf 78' lang='grc' dir='ltr'>ἀίδιον</span> 
     </span>
    </p>
   </div>
   <div class='ocr_carea' id='block_1_105' title="bbox 3612 4929 3865 4985">
    <p class='ocr_par' dir='ltr' id='par_1_105' title="bbox 3612 4929 3865 4985">
     <span class='ocr_line' id='line_1_105' title="bbox 3612 4929 3865 4985; baseline 0 -2"><span class='ocrx_word' id='word_1_772' title='bbox 3612 4932 3656 4965; x_wconf 79' lang='grc'>³¹</span> <span class='ocrx_word' id='word_1_773' title='bbox 3701 4929 3865 4985; x_wconf 83' lang='lat' dir='ltr'><strong>Psal.</strong></span> 
     </span>
    </p>
   </div>
   <div class='ocr_carea' id='block_1_106' title="bbox 2404 4930 3507 5002">
    <p class='ocr_par' dir='ltr' id='par_1_106' title="bbox 2404 4930 3507 5002">
     <span class='ocr_line' id='line_1_106' title="bbox 2404 4930 3507 5002; baseline -0.005 -16"><span class='ocrx_word' id='word_1_774' title='bbox 2404 4934 2448 4967; x_wconf 72' lang='grc' dir='ltr'>ιθ</span> <span class='ocrx_word' id='word_1_775' title='bbox 2486 4931 2636 4989; x_wconf 88' lang='lat' dir='ltr'><strong>Psal.</strong></span> <span class='ocrx_word' id='word_1_776' title='bbox 2666 4948 2835 5002; x_wconf 66' lang='lat' dir='ltr'><strong>xnvu,</strong></span> <span class='ocrx_word' id='word_1_777' title='bbox 2872 4932 2927 4986; x_wconf 87' lang='lat'><strong>9.</strong></span> <span class='ocrx_word' id='word_1_778' title='bbox 3032 4933 3079 4967; x_wconf 83' lang='grc'><strong>²⁰</strong></span> <span class='ocrx_word' id='word_1_779' title='bbox 3112 4930 3261 4988; x_wconf 89' lang='lat' dir='ltr'><strong>Psal.</strong></span> <span class='ocrx_word' id='word_1_780' title='bbox 3297 4944 3426 4994; x_wconf 84' lang='lat' dir='ltr'><strong>xcu,</strong></span> <span class='ocrx_word' id='word_1_781' title='bbox 3457 4930 3507 4983; x_wconf 86' lang='grc'><strong>1.</strong></span> 
     </span>
    </p>
   </div>
   <div class='ocr_carea' id='block_1_107' title="bbox 2048 5153 2278 5213">
    <p class='ocr_par' dir='ltr' id='par_1_107' title="bbox 2048 5153 2278 5213">
     <span class='ocr_line' id='line_1_107' title="bbox 2048 5153 2278 5213; baseline 0.013 -3"><span class='ocrx_word' id='word_1_782' title='bbox 2048 5154 2093 5210; x_wconf 89' lang='grc' dir='ltr'>Ν</span> <span class='ocrx_word' id='word_1_783' title='bbox 2100 5153 2278 5213; x_wconf 72' lang='grc' dir='ltr'><strong>ΟΤᾹΞ.</strong></span> 
     </span>
    </p>
   </div>
   <div class='ocr_carea' id='block_1_108' title="bbox 561 5323 1770 5394">
    <p class='ocr_par' dir='ltr' id='par_1_108' title="bbox 561 5323 1770 5394">
     <span class='ocr_line' id='line_1_108' title="bbox 561 5323 1770 5394; baseline -0.002 -15"><span class='ocrx_word' id='word_1_784' title='bbox 561 5324 672 5394; x_wconf 89' lang='grc'>(98)</span> <span class='ocrx_word' id='word_1_785' title='bbox 697 5331 810 5385; x_wconf 86' lang='grc' dir='ltr'>πῶς</span> <span class='ocrx_word' id='word_1_786' title='bbox 841 5323 928 5376; x_wconf 80' lang='grc' dir='ltr'>οὖν</span> <span class='ocrx_word' id='word_1_787' title='bbox 966 5354 1033 5363; x_wconf 92' lang='grc'><strong><em>-</em></strong></span> <span class='ocrx_word' id='word_1_788' title='bbox 1065 5331 1178 5387; x_wconf 86' lang='grc' dir='ltr'>πῶς</span> <span class='ocrx_word' id='word_1_789' title='bbox 1205 5341 1219 5391; x_wconf 89' lang='grc'>;</span> <span class='ocrx_word' id='word_1_790' title='bbox 1256 5328 1394 5381; x_wconf 90' lang='lat' dir='ltr'><strong>sunt</strong></span> <span class='ocrx_word' id='word_1_791' title='bbox 1423 5340 1494 5381; x_wconf 81' lang='lat' dir='ltr'><strong>ex</strong></span> <span class='ocrx_word' id='word_1_792' title='bbox 1520 5323 1770 5381; x_wconf 89' lang='lat' dir='ltr'><strong>Colbert.</strong></span> 
     </span>
    </p>
   </div>
   <div class='ocr_carea' id='block_1_109' title="bbox 571 5394 2154 5468">
    <p class='ocr_par' dir='ltr' id='par_1_109' title="bbox 571 5394 2154 5468">
     <span class='ocr_line' id='line_1_109' title="bbox 571 5394 2154 5468; baseline -0.002 -15"><span class='ocrx_word' id='word_1_793' title='bbox 571 5395 684 5467; x_wconf 84' lang='lat'><strong>(99)</strong></span> <span class='ocrx_word' id='word_1_794' title='bbox 716 5394 794 5468; x_wconf 30' lang='grc' dir='ltr'>Αού</span> <span class='ocrx_word' id='word_1_795' title='bbox 836 5394 1000 5468; x_wconf 82' lang='lat' dir='ltr'><strong>Colb.</strong></span> <span class='ocrx_word' id='word_1_796' title='bbox 1039 5395 1192 5451; x_wconf 89' lang='lat' dir='ltr'><strong>male</strong></span> <span class='ocrx_word' id='word_1_797' title='bbox 1240 5397 1476 5452; x_wconf 89' lang='lat' dir='ltr'><strong>omittit.</strong></span> <span class='ocrx_word' id='word_1_798' title='bbox 1535 5395 1866 5452; x_wconf 83' lang='lat' dir='ltr'><strong>Memineris</strong></span> <span class='ocrx_word' id='word_1_799' title='bbox 1916 5411 2154 5468; x_wconf 87' lang='lat' dir='ltr'><strong>quoque</strong></span> 
     </span>
    </p>
   </div>
   <div class='ocr_carea' id='block_1_110' title="bbox 494 5466 2154 5540">
    <p class='ocr_par' dir='ltr' id='par_1_110' title="bbox 494 5466 2154 5540">
     <span class='ocr_line' id='line_1_110' title="bbox 494 5466 2154 5540; baseline -0.002 -18"><span class='ocrx_word' id='word_1_800' title='bbox 494 5467 589 5522; x_wconf 92' lang='lat' dir='ltr'><strong>hic</strong></span> <span class='ocrx_word' id='word_1_801' title='bbox 642 5466 1209 5540; x_wconf 44' lang='lat' dir='ltr'><strong>s&#39;ubintelligendum</strong></span> <span class='ocrx_word' id='word_1_802' title='bbox 1255 5484 1385 5524; x_wconf 90' lang='lat' dir='ltr'><strong>esse</strong></span> <span class='ocrx_word' id='word_1_803' title='bbox 1422 5472 1547 5540; x_wconf 78' lang='grc' dir='ltr'>τοῖς,</span> <span class='ocrx_word' id='word_1_804' title='bbox 1574 5468 1689 5525; x_wconf 88' lang='lat' dir='ltr'><strong>hoc</strong></span> <span class='ocrx_word' id='word_1_805' title='bbox 1724 5466 2071 5524; x_wconf 51' lang='lat' dir='ltr'><strong>sensui—mi</strong></span> <span class='ocrx_word' id='word_1_806' title='bbox 2096 5467 2154 5519; x_wconf 83' lang='grc' dir='ltr'><strong>ού</strong></span> 
     </span>
    </p>
   </div>
   <div class='ocr_carea' id='block_1_111' title="bbox 498 5538 1266 5611">
    <p class='ocr_par' dir='ltr' id='par_1_111' title="bbox 498 5538 1266 5611">
     <span class='ocr_line' id='line_1_111' title="bbox 498 5538 1266 5611; baseline 0.001 -19"><span class='ocrx_word' id='word_1_807' title='bbox 498 5546 607 5601; x_wconf 86' lang='grc' dir='ltr'>τοῖς</span> <span class='ocrx_word' id='word_1_808' title='bbox 650 5539 747 5591; x_wconf 78' lang='grc' dir='ltr'>τῶν</span> <span class='ocrx_word' id='word_1_809' title='bbox 775 5538 937 5591; x_wconf 79' lang='grc' dir='ltr'>ἄλλων</span> <span class='ocrx_word' id='word_1_810' title='bbox 970 5538 1266 5611; x_wconf 78' lang='grc' dir='ltr'>ἀνθρώπων.</span> 
     </span>
    </p>
   </div>
   <div class='ocr_carea' id='block_1_112' title="bbox 2358 5322 3466 5395">
    <p class='ocr_par' dir='ltr' id='par_1_112' title="bbox 2358 5322 3466 5395">
     <span class='ocr_line' id='line_1_112' title="bbox 2358 5322 3466 5395; baseline 0.004 -17"><span class='ocrx_word' id='word_1_811' title='bbox 2358 5324 2411 5395; x_wconf 85' lang='grc'>1)</span> <span class='ocrx_word' id='word_1_812' title='bbox 2444 5322 2863 5377; x_wconf 79' lang='grc' dir='ltr'>ἀποκαλύπτεται</span> <span class='ocrx_word' id='word_1_813' title='bbox 2884 5324 3077 5381; x_wconf 89' lang='lat' dir='ltr'><strong>debeo</strong></span> <span class='ocrx_word' id='word_1_814' title='bbox 3109 5326 3466 5385; x_wconf 88' lang='lat' dir='ltr'><strong>Colbertino.</strong></span> 
     </span>
    </p>
   </div>
   <div class='ocr_carea' id='block_1_113' title="bbox 2334 5325 3873 5479">
    <p class='ocr_par' dir='ltr' id='par_1_113' title="bbox 2334 5325 3873 5479">
     <span class='ocr_line' id='line_1_113' title="bbox 2358 5325 3466 5395; baseline 0.004 -17"><span class='ocrx_word' id='word_1_815' title='bbox 2358 5325 2411 5395; x_wconf 85' lang='grc'>1)</span> <span class='ocrx_word' id='word_1_816' title='bbox 2444 5325 2863 5377; x_wconf 79' lang='grc' dir='ltr'>ἀποκαλύπτεται</span> <span class='ocrx_word' id='word_1_817' title='bbox 2884 5325 3077 5381; x_wconf 89' lang='lat' dir='ltr'><strong>debeo</strong></span> <span class='ocrx_word' id='word_1_818' title='bbox 3109 5326 3466 5385; x_wconf 88' lang='lat' dir='ltr'><strong>Colbertino.</strong></span> 
     </span>
     <span class='ocr_line' id='line_1_114' title="bbox 2334 5325 3873 5479; baseline 0.003 -29"><span class='ocrx_word' id='word_1_819' title='bbox 2334 5325 2412 5479; x_wconf 45' lang='grc' dir='ltr'><strong>ἒξ)</strong></span> <span class='ocrx_word' id='word_1_820' title='bbox 2448 5396 2784 5479; x_wconf 47' lang='grc' dir='ltr'>[ίεςθιιςίᾳω</span> <span class='ocrx_word' id='word_1_821' title='bbox 2831 5395 3021 5463; x_wconf 88' lang='lat' dir='ltr'><strong>fuerit,</strong></span> <span class='ocrx_word' id='word_1_822' title='bbox 3045 5401 3173 5479; x_wconf 41' lang='grc' dir='ltr'>,τούς</span> <span class='ocrx_word' id='word_1_823' title='bbox 3217 5396 3513 5479; x_wconf 81' lang='grc' dir='ltr'>Ἰουδαίους</span> <span class='ocrx_word' id='word_1_824' title='bbox 3550 5397 3610 5454; x_wconf 70' lang='grc' dir='ltr'>δὲ</span> <span class='ocrx_word' id='word_1_825' title='bbox 3651 5405 3873 5479; x_wconf 63' lang='grc' dir='ltr'>μόνους,</span> 
     </span>
    </p>
   </div>
   <div class='ocr_carea' id='block_1_114' title="bbox 2265 5466 3870 5591">
    <p class='ocr_par' dir='ltr' id='par_1_114' title="bbox 2265 5466 3870 5591">
     <span class='ocr_line' id='line_1_115' title="bbox 2265 5466 3870 5591; baseline 0.004 -71"><span class='ocrx_word' id='word_1_826' title='bbox 2265 5484 2345 5591; x_wconf 56' lang='grc' dir='ltr'><strong>ἓο.</strong></span> <span class='ocrx_word' id='word_1_827' title='bbox 2379 5466 2568 5538; x_wconf 80' lang='grc' dir='ltr'>ἐκάλει,</span> <span class='ocrx_word' id='word_1_828' title='bbox 2594 5466 2709 5523; x_wconf 85' lang='lat' dir='ltr'><strong>nisi</strong></span> <span class='ocrx_word' id='word_1_829' title='bbox 2746 5483 2819 5524; x_wconf 79' lang='lat' dir='ltr'><strong>ex</strong></span> <span class='ocrx_word' id='word_1_830' title='bbox 2860 5468 3261 5541; x_wconf 84' lang='lat' dir='ltr'><strong>superioribus</strong></span> <span class='ocrx_word' id='word_1_831' title='bbox 3283 5478 3549 5547; x_wconf 86' lang='lat' dir='ltr'><strong>repetere</strong></span> <span class='ocrx_word' id='word_1_832' title='bbox 3576 5466 3723 5530; x_wconf 88' lang='lat' dir='ltr'><strong>velis</strong></span> <span class='ocrx_word' id='word_1_833' title='bbox 3753 5466 3870 5527; x_wconf 66' lang='grc' dir='ltr'><strong>ἐδέὲ</strong></span> 
     </span>
     <span class='ocr_line' id='line_1_116' title="bbox 2306 5557 2409 5591; baseline 0.01 -1"><span class='ocrx_word' id='word_1_834' title='bbox 2306 5557 2409 5591; x_wconf 89' lang='grc' dir='ltr'>οτο.</span> 
     </span>
    </p>
   </div>
   <div class='ocr_carea' id='block_1_115' title="bbox 2306 5557 2409 5593">
    <p class='ocr_par' dir='ltr' id='par_1_115' title="bbox 2306 5557 2409 5593">
     <span class='ocr_line' id='line_1_117' title="bbox 2306 5557 2409 5593; baseline 0.029 -3"><span class='ocrx_word' id='word_1_835' title='bbox 2306 5557 2409 5593; x_wconf 89' lang='grc' dir='ltr'>οτο.</span> 
     </span>
    </p>
   </div>
  </div>
