3926 6190
117 262 208 317 853
1017 252 1114 308 AD
1147 249 1686 307 AMPHILOCHIUM
1729 250 2057 318 QUIESTIO
2098 250 2326 317 CLXIV,
2349 251 2560 308 CLXV.

3307 247 3414 305 854

117 386 254 438 αὗτοῡ
309 382 553 457 ἑρμηνευεν
614 377 871 441 ἐξουσίαν.
928 378 1097 432 Εἰπὼν
1169 375 1246 438 δὲ,
1299 376 1644 442 ἐϐασίλευσεν,

1860 377 2094 433 ninium
2135 377 2473 434 indicasset.
2518 375 2772 443 Quando
2802 393 2941 432 vero
2982 376 3080 445 ait,
3121 377 3410 446 regnavit,

113 482 192 532 τὴν
219 471 300 526 διὰ
329 474 500 543 σαρκός
530 469 680 520 αὐτοῦ
713 469 1006 540 οἰκονομίαν
1035 469 1190 537 λέγει,
1225 465 1296 520 δι’
1329 467 1390 528 ἧς
1421 469 1449 524 ἡ
1494 470 1649 538 φύσις

114 569 234 635 ἡμῶν
279 567 361 618 τὴν
413 560 730 631 ἐπικράτειαν
786 567 876 611 τοῦ
937 555 1184 610 διαϐόλου
1239 565 1332 616 τῆς
1390 556 1649 630 ἁμαρτίας

110 659 183 704 τού
232 652 430 703 Θανάτου
484 648 861 718 ἀποσεισαμένη
915 647 1108 718 ἐπέγνω
1154 646 1395 703 Πλάστην
1441 665 1525 697 τον
1580 647 1649 706 ὼς

112 741 282 800 ἀληθῶς
325 738 554 810 βασιλέα,
584 740 670 788 τόν
708 740 943 811 χορηγόν
974 745 1063 797 τῆς
1106 735 1511 810 ἀφθαρσίας
1555 744 1649 796 τῆς

112 829 417 890 ἀναστάσεως.
495 826 895 898 Εύαγγελίζεται
970 832 1138 878 τοίνυν
1223 827 1248 877 6
1323 821 1490 878 Δαϐὶὸ
1539 832 1648 886 τοῖς

111 921 189 970 ὑπὸ
236 925 319 978 τῆς
375 916 637 991 ἁμαρτίας,
685 917 783 968 ὑπὸ
842 916 920 988 (4)
972 923 1064 968 τοῦ
1116 917 1354 981 θανάτου,
1406 916 1504 967 ὑπὸ
1556 922 1647 966 τοῦ

111 1005 314 1059 διαϐόλου
364 1005 517 1057 πάλαι
570 1004 1014 1078 βασιλευομένοις,
1056 1006 1137 1056 ὃτι
1185 1006 1209 1056 6
1259 1005 1420 1074 ζυγός
1466 1002 1648 1064 ἐκεῖνος

111 1101 442 1169 συντέτριπται,
500 1098 557 1147 τό
640 1099 826 1168 κράτος
903 1094 1127 1159 λέλυται,
1207 1098 1296 1145 καὶ
1382 1092 1650 1165 βασιλεύει

109 1189 271 1237 πάντων
311 1187 334 1236 6
382 1187 580 1256 Κύριος,
613 1187 680 1246 ὡς
727 1190 817 1237 καὶ
863 1184 1014 1245 αύτός
1043 1186 1172 1256 μετὰ
1218 1187 1312 1241 τὴν
1361 1181 1648 1234 ἀνάστασιν

107 1270 466 1346 ἓφηάΈόόθη
514 1294 602 1345 μοι
644 1280 792 1326 πᾶσα
839 1273 1050 1336 ἐξουσία
1098 1271 1144 1324 ἐν
1200 1273 1399 1347 οὐρανῷ
1445 1275 1534 1324 καὶ
1566 1270 1649 1324 ἐπὶ

106 1371 197 1431 γῆς.
229 1383 252 1413 ι)
298 1367 415 1436 Πρὶν
463 1360 520 1416 δὲ
566 1361 895 1416 ἐϐασίλευσεν
940 1365 1084 1434 ἡμῶν
1133 1363 1158 1413 ό
1217 1364 1428 1421 θάνατος
1476 1366 1566 1412 καὶ
1615 1363 1645 1419 ἡ

107 1452 328 1523 ἁμαρτίαι
369 1472 395 1502 (ι
430 1450 775 1507 Ἐϐασίλευσε
821 1455 922 1525 γὰρ
964 1453 989 1503 6
1042 1453 1251 1511 θάνατος
1308 1449 1408 1502 ἀπὸ
1441 1477 1450 1488 ο
1479 1446 1649 1520 Ἀδὰμ

103 1545 232 1612 μέχρι
275 1545 534 1608 Μωυσέως,
577 1562 604 1594 ))
657 1546 746 1594 καὶ
801 1541 916 1603 ἑξῆς
947 1563 959 1574 ⁹
993 1546 1083 1593 καὶ
1131 1542 1156 1592 ὁ
1188 1544 1362 1612 Σωτὴρ
1394 1545 1510 1614 περὶ
1556 1546 1649 1590 τοῦ

106 1625 305 1681 διαϐόλου
332 1651 346 1664 ·
386 1634 489 1696 καὶ,
539 1650 567 1679 ι(
602 1631 664 1682 Εἰ
713 1632 737 1682 ό
778 1636 1002 1691 Σατανᾶς
1057 1633 1143 1682 τόν
1188 1635 1414 1682 Σατανᾶν
1467 1627 1649 1681 ἐκϐάλ-

1759 468 1876 532 illa,
1907 485 2043 540 qum
2073 470 2148 524 ab
2165 485 2235 523 eo
2258 469 2314 523 in
2343 484 2518 524 carne
2545 473 2711 539 gesta
2735 471 2891 531 sunt,
2921 466 3163 530 indicat,
3187 464 3412 536 quibus

1761 557 1981 612 factum
2005 564 2113 624 est,
2148 565 2209 613 ut
2239 563 2452 614 natura
2483 563 2703 625 nostra,
2730 556 2974 620 diaboli,
3009 554 3232 627 peccati
3261 570 3412 610 mor—

1759 647 1951 719 tisque
1967 647 2281 718 imperium
2302 647 2568 718 amolita,
2591 645 2969 702 Conditorem
2983 661 3180 703 suum.
3204 659 3415 699 verum

1758 736 1924 791 illum
1947 753 2169 807 regem,
2199 742 2259 792 ut
2279 737 2492 791 ducem
2515 735 2960 790 resurrectionis
2983 739 3036 787 et
3065 731 3414 802 incorrupti-

1757 825 1993 880 bilitatis
2017 831 2382 891 agnosceret.
2413 825 2598 881 David
2627 825 2801 894 igitur
2823 822 2952 886 illis,
2987 821 3047 876 in
3070 838 3220 891 quos
3249 835 3412 874 mors

1758 919 1815 970 et
1843 914 2118 970 diabolus
2149 914 2290 970 olim
2313 914 2655 970 dominatus
2681 920 2823 979 erat,
2842 911 3038 967 laetum
3073 910 3235 965 hunc
3265 924 3416 964 nun-

1759 1004 1904 1059 tium
1935 1004 2122 1068 aﬂert.
2157 1003 2321 1076 quod
2349 1005 2562 1075 jugum
2595 1002 2737 1057 illud
2760 1002 3007 1057 fractum
3029 999 3122 1064 sit,
3152 1003 3416 1071 potestas

1757 1092 2003 1158 abolita,
2031 1099 2087 1148 et
2115 1092 2394 1147 Dominus
2420 1091 2702 1147 omnibus
2728 1091 2994 1161 imperet,
3029 1088 3417 1160 quemadmo-

1759 1181 1904 1236 dum
1957 1185 2012 1236 et
2057 1181 2186 1253 ipse
2231 1186 2365 1253 post
2420 1180 2903 1236 resurrectionem
2960 1177 3148 1233 dicit:
3205 1179 3416 1232 «Data

1760 1275 1844 1326 est
1876 1270 2019 1325 mihi
2064 1269 2262 1325 omnis
2309 1274 2572 1340 potestas
2606 1269 2668 1324 in
2708 1269 2858 1324 caelo
2886 1273 2942 1323 et
2971 1267 3029 1321 in
3082 1272 3238 1321 terra
3270 1268 3338 1318 ³³.
3384 1284 3411 1317 ››

1762 1365 1944 1415 Antea
1973 1375 2110 1415 vero
2145 1375 2304 1415 mors
2329 1365 2384 1414 et
2414 1366 2727 1431 peccatum
2753 1357 2928 1413 nobis
2957 1354 3408 1412 dominabatur.

1761 1451 1974 1504 «Mors
2031 1449 2188 1504 enim
2247 1448 2558 1505 dominata
2608 1453 2695 1504 est
2733 1448 2810 1504 ab
2871 1446 3103 1504 Adamo
3153 1444 3229 1499 ad
3296 1445 3414 1499 Mo-

1760 1555 1866 1594 sen
1891 1542 1958 1605 ²³,
1998 1562 2018 1588 υ
2051 1543 2159 1594 etc.
2195 1541 2470 1594 Servator
2497 1553 2637 1594 vero
2668 1538 2742 1592 de
2772 1534 3012 1592 diabolo
3045 1533 3161 1590 ait:
3199 1555 3226 1583 (ι
3266 1535 3331 1588 Et
3362 1531 3410 1586 si

1764 1631 2015 1686 Satanas
2047 1630 2330 1685 Satanam
2379 1626 2630 1699 expellit,
2688 1641 2942 1695 regnum
2996 1624 3124 1694 ejus
3157 1622 3413 1678 divisum

104 1718 175 1782 λιι,
216 1716 438 1792 ἐμερίσθη
490 1720 520 1776 ἡ
576 1717 826 1792 βασιλεία
855 1719 1046 1772 αὐτοῦ·
1081 1739 1110 1770 ››
1142 1721 1276 1771 ὥστε
1322 1717 1649 1770 ἐϐασίλευσεν

1881 1721 1948 1774 ³⁸.
1979 1741 2007 1768 ››
2045 1722 2246 1790 itaque
2273 1721 2408 1773 ante
2431 1716 2751 1774 adventum
2773 1714 2980 1771 Christi
3003 1711 3164 1782 genti
3194 1714 3413 1767 nostrae

104 1810 181 1879 πρὸ
224 1815 299 1868 τῆς
343 1804 626 1880 ἐπιδημίας
673 1816 762 1861 τοῦ
808 1815 1044 1882 Χριστοῦ
1087 1816 1180 1861 τοῦ
1223 1812 1402 1880 γένους
1440 1810 1585 1880 ἡμῶν
1625 1809 1650 1859 6

104 1903 301 1962 Σατανᾶς,
349 1896 472 1949 ἀλλὰ
519 1903 609 1950 καὶ
664 1900 693 1956 ἡ
750 1898 1001 1972 ἁμαρτία.
1068 1902 1222 1969 Λέγει
1269 1900 1370 1972 ’γὰρ
1421 1897 1572 1950 πάλιν
1624 1899 1650 1950 6

105 1984 264 2047 Παῦλος
295 2007 305 2020 ·
352 2008 376 2037 α
423 1986 625 2062 Ὥσπερ
684 1990 785 2063 γὰρ
843 1986 1169 2041 ἐϐασίλευσεν
1222 1990 1251 2045 ἡ
1315 1988 1548 2062 ἁμαρτία
1602 1990 1652 2039 ἐν

102 2084 156 2143 τῷ
201 2077 347 2147 θνητῷ
393 2078 536 2148 ἡμῶν
603 2083 827 2149 σώματι,
877 2078 1012 2129 ούτω
1064 2082 1153 2129 καὶ
1201 2079 1230 2136 ἡ
1287 2079 1451 2151 χάρις
1495 2075 1653 2148 βασι-

99 2163 203 2215 λεύει
249 2161 332 2216 διὰ
383 2173 642 2238 Χριστοῦ.
676 2187 706 2217 ››
752 2198 818 2206 --
863 2166 922 2218 Ὀ
979 2168 1161 2240 Κύριος
1215 2165 1542 2218 ἐϐασίλευσεν
1572 2187 1584 2199 ·
1619 2186 1648 2218 ››

101 2259 313 2307 πέπαυται
360 2265 454 2318 τῆς
501 2256 770 2330 ἁμαρτίας
817 2260 873 2308 τό
921 2259 1128 2331 κράτος,
1163 2264 1250 2308 τοῦ
1285 2259 1525 2326 θανάτου,
1558 2264 1650 2308 τοῦ

103 2339 302 2396 διαϐόλου
327 2365 338 2378 ·
369 2345 559 2398 ούκοῦν
591 2345 923 2417 ἁγαλλιάσθω
955 2348 984 2404 ἠ
1029 2354 1121 2418 γῆ,
1149 2348 1178 2404 ἡ
1227 2349 1378 2418 φύσις
1407 2350 1649 2417 γηγενὴς,

100 2434 248 2488 iacti:
285 2433 608 2507 πλανωμένη,
641 2442 728 2486 νῦν
759 2431 818 2487 δὲ
867 2431 1210 2507 δοξαζομένη,
1245 2437 1274 2494 ἡ
1321 2437 1444 2487 ποτε
1474 2435 1520 2486 ἐν
1563 2436 1650 2487 τά·

101 2541 205 2590 φοις,
258 2530 335 2574 νῦν
385 2524 434 2576 ἐν
500 2527 729 2597 θρόνοις.
787 2523 927 2591 "On,
989 2529 1166 2596 φησὶν,
1233 2524 1518 2596 οἰκονομίας
1591 2521 1652 2582 ἦν

101 2612 149 2661 τὰ
202 2611 398 2666 πλεῖστα
476 2623 586 2666 τῶν
644 2613 691 2664 ἐν
760 2621 820 2686 τῇ
901 2613 1123 2684 Παλαιᾷ,
1181 2612 1287 2665 ἀλλ’
1371 2613 1464 2665 ούκ
1541 2611 1654 2686 ἁρε-

105 2717 242 2761 σκειας
287 2710 411 2755 Θεοῦ
477 2707 574 2755 κοιὶ
636 2707 1032 2776 προηγουμένῆς
1095 2700 1376 2765 εὐδοκίας·
1420 2707 1511 2754 καὶ
1566 2705 1653 2754 τύ-

101 2805 167 2839 ποι
209 2797 295 2841 τῶν
335 2791 620 2863 μελλόντων
677 2797 767 2844 καὶ
824 2797 1010 2844 σκιαί·
1064 2791 1170 2844 ἀλλ’
1237 2792 1331 2844 ούκ
1387 2792 1522 2843 αὐτὰ
1577 2792 1653 2862 (5)

99 2879 145 2927 τὰ
181 2881 455 2953 πράγματα.
493 2885 602 2936 Καὶ
646 2885 784 2934 ἔστιν
828 2878 957 2934 ἰδεῖν
1000 2881 1076 2934 ἐπ’
1108 2882 1276 2934 αὐτῶν
1315 2881 1444 2933 ἄλλα
1473 2885 1562 2953 μὲν
1590 2884 1656 2933 τὰ

105 2972 329 3039 σχήματα,
372 2971 499 3024 ἄλλα
566 2968 625 3023 δὲ
676 2975 741 3024 τὰ
788 2977 1019 3043 νοήματα
1053 2992 1066 3005 ·
1108 2972 1211 3023 οἷον
1264 2972 1469 3033 πάντως
1526 2974 1654 3032 Θεὸς

101 3054 170 3104 οῧκ
225 3057 292 3128 (6)
365 3059 691 3113 ἀναπαύεται
778 3062 1008 3132 ὑακίνθῳ
1087 3066 1176 3112 καὶ
1251 3063 1509 3134 πορφύρᾳ,
1564 3064 1652 3112 καὶ

1761 1809 2101 1864 dominatus
2132 1814 2218 1862 est
2241 1808 2512 1868 Satanas.
2547 1805 2669 1861 imo
2723 1809 2777 1860 et
2809 1807 3144 1875 peccatum.
3200 1799 3414 1856 Paulus

1761 1899 1923 1954 enim
1951 1897 2163 1954 iterum
2193 1896 2273 1952 ait
2305 1909 2316 1949 :
2356 1917 2379 1947 «
2426 1896 2585 1952 Sicut
2615 1893 2775 1950 enim
2808 1897 3114 1965 peccatum
3144 1889 3417 1959 regnavit

1761 1988 1823 2043 in
1861 1987 2095 2043 mortali
2123 1988 2329 2042 nostro
2359 2000 2626 2056 corpore,
2656 1984 2736 2038 ita
2770 1981 2950 2038 etiam
2991 1979 3182 2050 gratia
3206 1979 3416 2045 regnat

1762 2093 1865 2149 per
1886 2076 2185 2132 Christum
2209 2076 2276 2129 ³³.
2308 2095 2336 2126 ››
2368 2104 2435 2115 -
2463 2095 2490 2123 ‹‹
2518 2073 2807 2127 Dominus
2830 2070 3097 2139 regnavit
3132 2085 3145 2132 ;
3177 2087 3205 2119 ››
3241 2065 3418 2121 desiit

1761 2166 2004 2239 peccati,
2028 2164 2254 2233 mortis,
2279 2161 2500 2218 diaboli
2523 2161 2724 2217 robur.
2747 2162 2946 2231 itaque
2968 2157 3222 2212 exsultet
3241 2160 3412 2218 terra,

1760 2260 1975 2312 natura
2019 2259 2269 2318 terrena,
2311 2252 2455 2308 olim
2505 2250 2804 2307 erroribus
2829 2249 3071 2320 jactata,
3109 2246 3237 2316 jam
3276 2258 3414 2299 vero

1760 2344 2104 2415 gloriﬁcata,
2138 2343 2280 2399 olim
2309 2341 2557 2413 sepulta,
2591 2355 2750 2394 nunc
2778 2340 2837 2394 in
2861 2338 3074 2394 throno
3105 2334 3411 2390 collocata.

1763 2434 2070 2506 Pleraque,
2103 2434 2201 2498 ait,
2233 2430 2454 2486 Veteris
2501 2427 2855 2486 Testamenti
2882 2442 2988 2498 per
3013 2421 3412 2481 oeconomiam

1761 2523 2074 2598 quamdam
2088 2521 2440 2592 agebantur,
2464 2521 2583 2575 Deo
2597 2533 2732 2573 vero
2753 2531 2873 2572 non
2889 2530 2990 2586 per
3004 2530 3064 2568 se
3077 2511 3412 2584 placebant,

1764 2619 1864 2672 aut
1893 2612 2179 2668 voluntati
2207 2611 2337 2681 ejus
2365 2609 2668 2680 prmcipuaa
2701 2602 3174 2661 satisfaciebant.
3193 2600 3338 2672 Typi
3360 2601 3418 2653 et

1763 2704 1994 2760 umbraa
2021 2706 2191 2757 erant
2220 2699 2576 2763 futurorum,
2611 2711 2732 2751 non
2781 2710 2871 2750 res
2901 2693 3068 2764 ipsae.
3123 2693 3325 2761 Itaque
3354 2688 3415 2742 in

1764 2794 1874 2849 illis
1903 2793 2046 2848 alias
2076 2792 2318 2860 ﬁguras,
2343 2788 2461 2844 alia
2502 2801 2641 2842 vero
2673 2800 2851 2840 sensa
2882 2781 3227 2853 conspicere
3258 2779 3412 2834 licet.

1766 2885 1848 2938 Ita
1897 2885 2048 2937 Deus
2077 2895 2200 2936 non
2231 2878 2466 2951 penitus
2515 2874 2837 2946 acquiescit
2865 2873 2924 2926 in
2955 2869 3284 2942 hyacintho
3316 2871 3418 2922 aut

1763 2987 2052 3044 purpura,
2081 2974 2181 3024 aut
2207 2983 2406 3032 cocco,
2449 2970 2545 3020 aut
2579 2963 2781 3035 bysso.
2817 2962 2970 3016 Deus
3001 2959 3161 3013 enim
3191 2956 3419 3012 anima-

1767 3077 1894 3116 rum
1916 3059 2235 3132 puritatem
2275 3054 2534 3127 requirit,
2581 3067 2698 3106 non
2727 3063 3048 3121 corporum
3077 3046 3287 3100 ﬂorem
3319 3049 3421 3100 aut

99 3148 250 3216 κόκκῳ,
287 3153 370 3201 καὶ
432 3149 650 3222 βύσσῳ.
704 3154 826 3213 Θεὸς
863 3153 964 3222 ’γὰρ
1013 3149 1203 3221 ψυχῶν
1240 3149 1449 3202 ἀπαιτεῖ
1493 3151 1649 3202 καθα-

1867 3149 2143 3204 endorem
2174 3164 2187 3212 ,
2225 3145 2339 3200 illis
2366 3158 2525 3207 vero,
2558 3156 2694 3213 quae
2720 3139 2780 3194 in
2809 3153 3056 3209 corpore
3085 3134 3417 3206 splendent,

96 3237 270 3302 ἑνότητα,
325 3239 379 3290 ού
457 3242 717 3312 σωμάτων
769 3242 921 3305 οἷνθη,
977 3244 1065 3292 καὶ
1130 3239 1488 3312 λαμπρότητα,
1546 3237 1652 3290 ἀλλ’

99 3326 136 3369 εν
192 3333 289 3386 ταῖς
360 3335 692 3401 σωματικαῖς
767 3326 1090 3401 φαιδρότησι
1165 3334 1259 3387 τὴν
1319 3328 1489 3381 εἰκόνα
1555 3338 1654 3380 τῶν

98 3421 250 3482 «paer
325 3412 630 3491 διαγράφει.
692 3417 754 3469 Εἰ
818 3420 918 3492 γὰρ
998 3425 1113 3479 ταῖς
1182 3417 1389 3480 στολαῖς
1446 3417 1656 3478 ἐκείναις

99 3518 148 3558 ως
194 3499 376 3566 ἀληθῶς
431 3505 737 3570 ἀνεπαύετο,
796 3515 904 3568 πῶς
970 3510 1055 3558 τόν
1115 3515 1344 3566 Μωυσῆν
1396 3511 1495 3578 πρὸ
1565 3515 1654 3559 τοῦ

99 3585 259 3661 Ἀαρὼν
302 3594 391 3646 οὐκ
421 3592 664 3648 ἐνέδυσεν
697 3617 707 3627 ·
744 3594 847 3647 ἀλλ’
896 3597 957 3655 ἣν
997 3598 1184 3657 ἐκεῖνος
1227 3597 1320 3648 ούκ
1353 3593 1652 3665 ἐνεδύσατο,

100 3693 253 3764 ῖαντην
298 3688 411 3746 τοὺς
463 3687 633 3759 ἱερέας
677 3685 975 3756 ἠμφίασεν;
1026 3691 1114 3737 καὶ
1175 3693 1370 3747 Μωσῆς
1420 3690 1509 3757 μὲν
1562 3686 1656 3738 ούκ

97 3770 276 3828 ἐλούσθη
340 3769 498 3826 ὕδατι
554 3779 642 3826 καὶ
693 3775 859 3827 ἕλουεν
893 3797 905 3808 ο
949 3771 1042 3827 διὰ
1082 3780 1171 3842 τίς
1208 3777 1290 3826 ἶνα
1340 3778 1510 3848 μάθῃς
1556 3780 1652 3843 (7),

96 3873 156 3906 ότι
181 3858 260 3911 οὐκ
296 3858 353 3919 ἦν
381 3871 555 3916 ταῦτα
591 3866 953 3938 προηγούμενα
994 3873 1066 3934 τῷ
1097 3872 1230 3934 Θεῷ,
1266 3867 1346 3917 ὅτι
1387 3874 1456 3935 τῷ
1485 3865 1656 3936 τελείῳ

97 3949 196 4014 πρὸς
219 3953 399 4023 κόσμον
427 3952 586 4024 ἀρκεῖ
611 3955 640 4010 ἡ
677 3952 828 4027 ἁρετὴ
860 3954 962 4026 (8),
993 3958 1082 4006 καὶ
1113 3955 1194 4006 ὅτι
1221 3962 1386 4007 ταῦτα
1415 3956 1573 4016 τύπος
1595 3951 1656 4013 ἧν

94 4045 264 4109 αρετῆς,
293 4041 395 4093 ἀλλ’
428 4043 527 4095 οὐκ
561 4041 740 4115 ἀρετή.

577 4183 896 4250 ΟΗᾸΞΞΤΙΟ
937 4184 1134 4241 CLXV.

109 4323 183 4370 Οτι
233 4321 309 4378 ἐπὶ
383 4335 474 4388 τῆς
540 4326 770 4405 κεφαλῆς
831 4330 990 4405 ἔφερε,
1062 4334 1240 4401 φησιν,
1303 4331 1328 4382 ό
1382 4329 1654 4405 ἀρχιερεὺς

686 4401 866 4472 τιάραν
894 4399 970 4472 (9)
995 4419 1007 4464 ;

1769 3239 2049 3295 virtutum
2081 3235 2403 3305 imaginem
2443 3231 2740 3302 exprimit.
2784 3226 2954 3292 Quod
2986 3224 3034 3279 si
3061 3224 3220 3279 enim
3252 3223 3418 3278 stolis

1765 3328 1878 3384 illis
1908 3343 2039 3382 vere
2070 3325 2480 3383 delectaretur,
2504 3334 2686 3392 quare
2718 3320 2915 3373 Mosen
2948 3330 3068 3368 non
3095 3329 3216 3384 prm
3241 3315 3421 3367 Aaro-

1766 3416 2064 3484 neinduit,
2083 3413 2207 3479 sed,
2226 3427 2412 3484 quam
2431 3409 2523 3465 ille
2538 3413 2759 3463 vestem
2775 3421 2895 3461 non
2920 3403 3214 3468 adhibuit,
3238 3417 3307 3457 ea
3329 3417 3423 3458 sa-

1767 3508 2033 3563 cerdotes
2049 3501 2329 3560 ornavit?
2353 3503 2416 3554 Et
2434 3502 2616 3555 Moses
2628 3495 2862 3568 quidem
2883 3492 3149 3548 neclotus
3169 3507 3324 3564 aqua
3338 3494 3425 3546 est

1769 3595 2205 3654 neclavitalios.
2231 3591 2347 3648 Cur
2368 3591 2444 3646 ita
2462 3588 2490 3644 ‘l‘
2512 3590 2580 3644 Ut
2596 3587 2807 3642 exinde
2828 3584 3112 3646 disceres,
3135 3581 3280 3638 talia
3301 3597 3424 3637 non

1767 3704 1894 3744 esse
1908 3685 2069 3758 apud
2088 3684 2256 3738 Deum
2274 3679 2588 3753 praecipua,
2606 3676 2975 3748 perfectoque
2994 3671 3209 3727 homini
3227 3670 3303 3727 ad
3323 3686 3425 3725 or-

1767 3783 1964 3834 natum
1981 3773 2246 3829 sufficere
2259 3773 2556 3836 virtutem,
2579 3767 2692 3822 ista
2703 3764 2959 3835 denique
2973 3761 3168 3817 omnia
3182 3761 3422 3815 virtutes

1767 3865 2167 3923 adumbrassc
2195 3860 2463 3933 quidem,
2497 3856 2602 3912 sed
2633 3871 2753 3911 non
2796 3853 2994 3924 ipsam
3032 3849 3213 3905 fuisse
3243 3847 3423 3904 virtu-

1767 3962 1906 4014 tem.

2338 4180 2652 4233 ΕΡΩΤΗΣΙΣ
2689 4170 2842 4226 ΡΞΕ’.

1767 4331 1957 4398 Quare
1976 4341 2261 4384 summum
2279 4321 2612 4447 pantagiae?
2627 4317 2690 4372 in
2713 4314 2897 4443 gapite
2920 4311 3136 4368 tiaram
3157 4303 3422 4362 habuisse

2479 4405 2571 4446 zca
2603 4405 2676 4443 ur

2479 4405 2596 4446 ιοαι
2603 4405 2676 4443 ur

712 4533 987 4583 Editarum
1022 4547 1054 4584 a
1100 4535 1294 4586 Wolﬁo
1329 4537 1598 4600 vigesima:
1635 4539 1869 4602 septimm
1906 4547 2026 4598 pars
2060 4530 2322 4597 posterior
2356 4528 2409 4585 (1.
2446 4541 2490 4576 c.
2527 4539 2586 4588 p.
2625 4521 2760 4582 807).

148 4656 271 4704 Διότι
320 4659 405 4708 τόν
455 4657 921 4731 προχειριζόμενον
974 4659 1211 4712 ἁπάντων
1255 4661 1476 4734 κεφαλὴν
1531 4664 1667 4714 κατά

1871 4659 2001 4725 )uia
2053 4655 2156 4730 qui
2196 4653 2477 4711 omnibus
2535 4649 2722 4705 instar
2787 4640 2997 4716 capitis
3059 4638 3212 4694 esset
3271 4646 3421 4705 prae-

146 4814 185 4850 ²²
209 4817 352 4874 Matt.
380 4835 585 4884 xxvm,
619 4820 702 4874 18.
778 4821 825 4855 ³³
849 4820 1018 4878 Rom.
1048 4838 1098 4888 v,
1132 4825 1216 4877 14.

1293 4823 1341 4857 ³⁸
1373 4821 1573 4880 Matth.
1606 4835 1704 4891 x11,
1735 4825 1823 4877 26.

1901 4821 1948 4856 ³⁸
1976 4821 2145 4876 Rom.
2179 4833 2232 4882 v,
2261 4815 2348 4870 21.

1619 4963 1846 5021 NOT/E.

145 5095 210 5170 (3)
244 5095 525 5170 Suspicor
540 5097 840 5170 excidisse
868 5102 979 5155 καί.

138 5166 205 5238 (4)
242 5166 575 5226 ﬁné'addidi
606 5184 676 5225 ex
709 5167 962 5226 Colbert.

237 5239 328 5322 Sic
355 5241 663 5322 Colb._pro
692 5239 846 5322 oo__
875 5242 1027 5296 κατά.

137 5311 205 5385 (9)
241 5311 332 5385 ούκ
362 5311 590 5376 addidi,
622 5311 784 5384 quod
815 5327 1029 5369 sensus
1057 5312 1335 5385 postulat.

136 5380 201 5456 (ἶ)
241 5383 398 5439 ldem
430 5399 543 5456 pro
571 5380 664 5456 μὴ’
678 5385 828 5456 om,
983 5407 988 5418 -

138 5450 204 5537 εξ)
243 5457 322 5537 ea
353 5450 550 5537 scalae
571 5450 710 5527 'pro.
744 5456 773 5514 ἡ
809 5454 985 5537 asa.

107 5525 221 5599 ⁸(θλ
246 5528 365 5599 Non
389 5533 478 5582 est
501 5525 629 5583 haec
651 5525 894 5599 quaestio
917 5527 977 5582 in
1000 5526 1132 5599 cod.
1159 5526 1401 5599 Coislin.
1428 5529 1483 5581 et
1500 5525 1649 5580 Tau-

79 5598 173 5678 ιξξῑιἶ
185 5598 261 5676 lix
273 5598 383 5678 hac
393 5598 722 5678 quastione
733 5599 794 5654 in
808 5598 1105 5678 nonnullis
1117 5598 1517 5678 codicibus,_v.
1532 5611 1642 5678 ειυς,

86 5662 122 5718 V
131 5666 345 5728 atieano
353 5662 528 5739 43'0,f.
545 5671 644 5728 155
655 5685 712 5740 a,
721 5685 860 5744 pars
873 5671 1155 5745 quaadam
1166 5669 1418 5728 seorsim
1431 5662 1646 5726 descrié

1763 5099 1869 5168 pta
1894 5094 2123 5168 estsub
2152 5091 2321 5148 titulo
2357 5111 2368 5149 :
2397 5093 2546 5150 Τίνος
2593 5087 2754 5168 χάριν
2783 5080 3076 5168 τίθεται-τὸ
3106 5074 3418 5168 Εύαῗσγέλιον

1762 5146 2216 5241 *κεῷαλτῇῖῒτο-ύ-
2233 5146 2697 5241 ξειρνοτονουμένομυ
2782 5155 2902 5241 ρμν
2928 5146 3419 5241 ‘quageliamvzln

1761 5218 1950 5309 capiti:
1969 5218 2296 5294 οιίιίίηαηῖἶί
2307 5218 2689 5309 ίὲηροηαίιινῖ
2707 5218 3026 5309 falluntur
3040 5218 3418 5309 hi‘storiaue‘lit-

1762 5290 1995 5366 {aias
2010 5290 2354 5380 scriptores,
2381 5290 2522 5359 dum
2552 5298 2913 5380 peculiarem
2965 5292 3155 5349 Photii
3182 5290 3413 5380 librum,

1761 5360 1837 5438 ab
1852 5360 2373 5451 wA-r-ivip—hilolthianis
2397 5360 2830 5451 quaestionibus
2839 5368 3168 5451 diversum,
3181 5360 3416 5451 rhacde

1758 5435 1826 5507 re
1842 5435 2332 5507 commemorant.
2368 5435 2514 5512 Ahg.
2551 5447 2675 5500 MAI.
2709 5473 2779 5482 -
2815 5441 2947 5496 Haec
2969 5435 3202 5510 questio
3228 5447 3414 5512 quam

1760 5503 1821 5579 {it
1844 5503 2137 5578 ἷιὶἆιίῖάέῇ
2147 5503 2334 5575 edidit
2356 5503 2501 5586 Aug.
2529 5517 2637 5571 Mn
2670 5515 2825 5587 (γει.
2843 5503 3067 5587 δρνίῂε.
3089 5521 3224 5561 που.
3244 5503 3409 5587 ξριιη

1755 5601 1797 5650 t.
1815 5595 1902 5659 1x,
1930 5594 2215 5663 102,103),
2248 5606 2387 5664 pars
2403 5580 2490 5644 est
2509 5580 2800 5660 posterior
2820 5582 3120 5655 vigesimm
3139 5580 3408 5649 septimae

1755 5683 1792 5724 a
1819 5665 2038 5724 Wolﬁo
2056 5663 2375 5722 editarum.
2407 5664 2554 5718 Eorr.
