4116 6194
514 277 620 333 855

1744 278 1985 334 PHOTII
2026 276 2509 333 PATRIARCH/E
2538 277 2644 333 (ΣΡ.

3782 284 3890 341 856

498 382 715 470 fectus,
758 417 938 475 super
968 402 1160 474 capite
1191 406 1539 475 potestatem
1567 404 1789 461 habere
1828 404 2163 477 oportebat,

2284 402 2496 476 κεφαλῆς
2562 407 2701 475 ἔχειν
2743 409 2834 463 τὴν
2895 405 3137 469 ἐξουσίαν
3178 406 3291 479 (10)
3350 405 3472 471 ἔδει,
3528 412 3622 461 καὶ
3677 406 3897 476 εἰδέναι,

507 501 684 567 atque
712 494 851 548 inde
877 492 1177 561 colligere,
1205 494 1389 564 quod,
1419 494 1691 566 quamvis
1711 494 1904 567 capite
1937 494 2164 549 caeteris

504 585 780 653 emineat,
816 585 942 654 ipse
983 588 1181 637 tamen
1216 583 1329 637 sub
1360 584 1570 654 capite,
1604 585 1909 640 communi
1942 584 2166 639 scilicet

501 675 765 731 omnium
812 672 1056 728 Domino
1115 677 1169 727 et
1220 671 1598 741 imperatore,
1659 674 1731 729 sit
1786 675 2161 729 constitutus.

505 763 823 835 Imperium
852 763 1010 817 enim
1034 762 1268 833 penitus
1291 762 1545 818 liberum
1571 768 1625 819 et
1650 763 1882 834 legibus
1903 763 2165 819 solutum

504 869 686 925 grave
717 858 818 913 est.
852 857 906 906 et
936 851 1065 905 ferri
1100 851 1197 905 vix
1247 856 1455 922 potest.
1492 852 1805 924 Propterea
1830 857 1886 907 et
1916 854 1972 906 in
2002 855 2166 906 Novo

502 945 880 997 Testamento
912 940 1013 1004 illi,
1040 942 1141 1012 qui
1177 941 1511 995 sacerdotio
1541 957 1777 995 summo
1804 942 2167 1012 inauguran-

508 1036 622 1096 tur,
660 1028 957 1101 Evangelii
984 1029 1202 1084 librum
1250 1029 1424 1100 capiti
1455 1031 1801 1103 impositum
1835 1031 2076 1093 habent,
2107 1034 2169 1083 ut

509 1118 704 1175 ofﬁcio
742 1119 880 1174 huic
911 1118 1171 1174 initiatus
1193 1118 1498 1188 intelligat,
1533 1136 1596 1173 se
1627 1136 1825 1174 veram
1870 1116 2167 1188 Evangelii

511 1208 724 1265 tiaram
751 1208 1076 1280 accepisse,
1101 1224 1300 1280 seque,
1330 1209 1561 1264 etiamsi
1590 1209 1841 1264 aliorum
1874 1212 2050 1279 caput
2069 1222 2167 1261 sa-

507 1315 608 1354 cro
659 1299 774 1353 ritu
827 1299 899 1353 sit
953 1298 1307 1353 constitutus
1364 1298 1456 1353 vel
1518 1298 1601 1353 sic
1668 1303 1868 1353 tamen
1933 1296 2167 1368 legibus

508 1388 719 1443 iisdem
762 1388 1099 1458 subjectum
1131 1402 1276 1452 esse,
1321 1388 1573 1461 aliisque
1604 1388 1997 1460 imperantem
2024 1385 2169 1455 legis

510 1477 760 1550 imperio
788 1476 996 1533 teneri.
1034 1480 1235 1550 Itaque
1262 1478 1409 1533 tiara
1445 1477 1541 1532 illa
1574 1482 1918 1548 potestatem
1952 1473 2169 1545 signiﬁ-

510 1567 705 1633 cabat,
734 1572 882 1631 tum,
915 1583 1098 1637 quam
1143 1567 1200 1621 in
1226 1567 1518 1637 populum
1545 1566 1831 1630 habebat,
1865 1570 2014 1631 tum,
2074 1562 2168 1618 cui

510 1658 638 1729 ipse
669 1657 958 1711 adversus
994 1659 1175 1710 Deum
1202 1661 1324 1711 erat
1355 1656 1680 1725 subjectus.
1710 1655 1890 1709 Porro
1926 1654 2171 1708 bractea

511 1762 705 1811 aurea,
739 1746 832 1800 cui
885 1746 984 1799 Dei
1041 1760 1261 1800 nomen
1312 1749 1435 1799 erat
1496 1744 1888 1816 insculptum,
1948 1741 2170 1813 pectori

512 1834 909 1900 incumbebat,
939 1833 1273 1905 eademque
1330 1849 1512 1905 opera
1543 1832 1937 1905 signiﬁcabat,
1976 1831 2172 1886 cordis

514 1921 762 1979 affectus
788 1924 974 1995 probe
1007 1923 1437 1989 observandos,
1465 1922 1830 1994 eosdemque
1852 1920 1929 1976 ad
1953 1918 2173 1975 summi

514 2011 784 2067 Numinis
816 2017 1025 2067 nutum
1058 2028 1184 2067 esse
1216 2011 1787 2068 accommodandos.
1820 2014 1880 2065 In
1911 2008 2175 2064 humeris

516 2104 1117 2173 prmtereasmaragdi
1150 2102 1289 2167 duo,
1315 2118 1417 2157 sex
1450 2102 1713 2158 tribuum
1750 2099 1997 2155 nomina
2014 2098 2172 2160 hinc,

515 2190 671 2246 illinc
716 2205 853 2246 vero
906 2191 1146 2246 totidem
1196 2206 1480 2262 expressa
1528 2190 1844 2245 habentes.
1905 2187 1985 2242 llli
2041 2200 2177 2241 vero

519 2279 860 2351 symbolum
875 2285 1043 2335 erant
1060 2280 1524 2351 pulchritudinis
1549 2296 1654 2333 seu
1679 2280 1886 2335 forma
1906 2274 2177 2332 sacerdo-

521 2373 639 2424 tem
698 2368 979 2424 decentis.
1040 2369 1411 2441 Smaragdus
1462 2368 1645 2432 enim,
1687 2368 1837 2438 lapis
1886 2365 2178 2421 viriditate

520 2458 735 2513 decora
787 2463 840 2512 et
884 2457 1176 2528 pellucida
1240 2458 1489 2529 puritate
1547 2458 1895 2520 instructus,
1952 2453 2177 2525 speculi

518 2546 862 2601 facultatem
896 2545 1251 2601 subindicat.
1291 2546 1669 2602 Sacerdotem
1705 2546 1865 2599 enim
1897 2544 2177 2598 virtutum

515 2634 792 2689 exercitio
811 2635 1069 2704 vigilare,
1104 2635 1406 2706 vitamque
1435 2651 1605 2689 suam
1631 2633 1763 2697 illis,
1789 2633 1893 2704 qui
1914 2632 2024 2687 sibi
2044 2636 2179 2687 sunt

516 2723 788 2793 subjecti,
834 2723 1021 2778 instar
1051 2724 1273 2795 speculi
1321 2730 1743 2794 repraesentare
1799 2726 2051 2792 oportet.
2113 2723 2175 2775 In

514 2813 908 2869 humerovero
963 2814 1228 2869 haerebat
1257 2812 1638 2883 smaragdus,
1671 2812 1961 2884 quoniam
1994 2811 2178 2867 actio-

514 2906 608 2959 nis
624 2908 749 2959 erat
771 2902 1074 2957 indicium.
1096 2903 1321 2973 Agendi
1345 2903 1502 2957 enim
1525 2900 1788 2973 potentia
1816 2901 1891 2955 ab
1914 2900 2177 2955 humeris

518 2992 762 3066 pendet.
800 2992 1119 3062 Propterea
1134 2993 1311 3047 etiam
1331 2994 1479 3047 Deus
1497 2990 1575 3045 ad
1604 2989 1930 3045 Jerusalem
1950 2989 2173 3061 inquit:

519 3104 547 3133 «
582 3084 691 3138 Cor
724 3088 890 3137 tuum
926 3081 1177 3137 humeris
1224 3081 1338 3136 tuis
1394 3081 1650 3151 impone,
1713 3078 2178 3135 honoratissima

519 3171 665 3235 ﬁlia,
688 3172 829 3244 quia
861 3172 1219 3226 Dominuste
1251 3170 1310 3224 in
1344 3170 1595 3225 salutem
1627 3169 1846 3224 creavit
1876 3170 1943 3221 ²⁶.
1978 3189 2004 3215 ››
2033 3171 2176 3223 Nam

520 3268 575 3316 et
606 3276 822 3315 manus
855 3266 909 3315 et
941 3261 1218 3315 humeros
1279 3261 1353 3315 de
1384 3259 1721 3315 actionibus
1776 3258 1991 3328 accipit
2031 3258 2175 3313 Scri'

523 3349 999 3421 ptura,quando,
1026 3365 1081 3401 v.
1116 3364 1194 3418 g.,
1222 3347 1294 3403 de
1320 3348 1539 3403 Davide
1564 3348 1641 3402 ait
1666 3363 1678 3402 :
1704 3369 1730 3395 ‹‹
1760 3350 1823 3401 Et
1844 3348 1901 3401 in
1923 3346 2179 3417 pruden-

522 3439 603 3493 tia
636 3454 925 3492 manuum
958 3453 1204 3492 suarum
1231 3437 1398 3491 duxit
1427 3452 1528 3491 eos
1555 3438 1622 3487 ³⁷.
1661 3458 1684 3487 ››
1720 3437 1971 3492 Oraculo
2002 3451 2180 3507 porro

520 3524 620 3590 illi,
659 3525 824 3595 quod
855 3527 1076 3596 pectori
1107 3530 1232 3580 erat
1270 3530 1562 3595 aptatum,
1594 3525 1909 3579 duodecim
1950 3524 2179 3594 lapides

518 3615 684 3671 inﬁxi
733 3620 917 3678 erant,
952 3615 1052 3686 qui
1105 3614 1425 3669 duodecim
1484 3614 1671 3668 tribus
1734 3614 2175 3685 signiﬁcabant.

520 3704 621 3758 Hic
650 3702 819 3757 velim
851 3704 1148 3771 observes,
1201 3717 1384 3772 supra
1422 3701 1663 3773 quidem
1696 3707 1751 3757 et
1803 3703 1859 3756 in
1916 3702 2179 3757 humeris

519 3808 709 3848 unum
740 3791 989 3847 omnino
1029 3791 1307 3863 lapidem,
1343 3790 1730 3859 smaragdum
1762 3792 1999 3856 scilicet,
2031 3791 2179 3847 infra

519 3886 711 3936 autem
767 3885 822 3935 et
877 3880 936 3935 in
986 3886 1214 3951 pectore
1272 3878 1590 3933 duodecim
1630 3878 1826 3934 fuisse.
1881 3880 1999 3935 Hoc
2040 3896 2179 3935 vero

518 3970 838 4033 subinnuit,
882 3986 991 4025 nos
1017 3985 1228 4025 omnes
1272 3968 1417 4024 olim
1449 3968 1696 4040 quidem
1723 3968 1933 4024 eodem
1964 3985 2177 4039 genere

518 4065 679 4117 ortos
737 4076 887 4125 esse,
942 4060 1296 4131 procedente
1350 4074 1490 4113 vero
1534 4064 1797 4129 tempore
1838 4060 1899 4113 in
1949 4059 2178 4113 diversa

517 4150 711 4205 studia
777 4150 1013 4204 scissos.
1050 4150 1249 4220 Itaque
1295 4147 1461 4203 aliud
1518 4147 1715 4203 studio
1758 4153 1982 4212 nostro,
2016 4148 2178 4203 aliud

518 4244 741 4295 naturae
782 4239 963 4294 fertur
1009 4244 1339 4309 acceptum.
1396 4240 1512 4291 Sub
1562 4237 1802 4293 ﬁmbria
1852 4237 2178 4292 sacerdotis

516 4327 999 4399 conspiciebatur
1026 4342 1255 4395 margo,
1296 4325 1444 4397 λῶμα
1486 4326 1700 4391 dictus,
1732 4342 1805 4381 ex
1835 4342 1955 4399 quo
2005 4324 2179 4381 ﬂores

519 4417 661 4473 mali
710 4418 929 4488 punici,
985 4416 1139 4471 mala
1188 4416 1407 4488 punica
1459 4432 1640 4471 aurea
1690 4422 1744 4471 et
1775 4416 2180 4471 tintinnabula

2274 496 2352 544 ὅτι
2398 493 2589 565 κεφαλῇ
2624 504 2721 545 τῶν
2766 495 2929 546 ἄλλων
2974 495 3381 569 προϐαλλόμενος
3431 502 3519 550 καὶ
3577 498 3745 561 αυτὸς
3794 502 3897 551 ὑπὸ

2273 582 2495 654 κεφαλὴν
2533 582 2645 635 ἐστι
2696 588 2782 635 τὸν
2812 588 2981 637 κοινόν
3028 585 3265 637 ἁπάντων
3316 592 3580 646 Δεσπότην
3627 594 3722 640 καὶ
3757 588 3900 651 ἐξον-

2276 678 2516 730 σιαστὴν.
2575 673 2947 745 Ἀπολελυμενη
2996 679 3097 747 γάρ
3144 675 3408 728 αύθεντεία
3452 683 3541 729 καὶ
3594 678 3890 750 αὐτόνομος

2276 760 2533 832 ἀφόρητος
2563 762 2676 833 (11)
2709 762 2845 814 ἔστιν
2887 770 2975 816 καὶ
3006 764 3233 835 χαλεπή.
3272 767 3365 816 Διά
3406 774 3559 818 τοῦτο
3590 772 3688 818 καὶ
3743 766 3795 818 ἐν
3838 776 3893 839 τῇ

2274 852 2461 923 χάριτι
2520 854 2566 902 οἱ
2631 854 3020 925 ἀρχιερατεύειν
3086 853 3395 925 τελούμενοι,
3452 858 3511 906 τὸ
3574 855 3901 927 Εύαγγέλιον

2277 938 2359 990 ἐπι
2412 940 2629 1012 κεφαλῆς
2687 939 2956 1013 δέχονται,
3012 944 3092 993 ἱνα
3140 945 3281 1016 μάθη
3338 944 3363 994 ό
3402 948 3899 1017 χειροτονούμενος,

2277 1031 2356 1079 ὅτι
2421 1034 2513 1087 τὴν
2571 1029 2817 1089 ἀληθινὴν
2875 1039 2965 1083 τοῦ
3022 1032 3336 1103 Εύαγγελίου
3383 1036 3566 1105 τιάραν
3640 1034 3905 1107 λαμϐάνει

2276 1122 2365 1170 καὶ
2408 1121 2506 1183 ὅτι,
2542 1120 2584 1172 εἰ
2614 1126 2702 1171 καὶ
2750 1130 2849 1172 τῶν
2894 1120 3056 1172 ἄλλων
3103 1124 3442 1194 ἱερουργεῖται
3488 1124 3693 1197 κεφαλῇ
3752 1126 3896 1195 (12),

2276 1206 2382 1259 ἀλλ’
2435 1206 2521 1260 οὖν
2576 1214 2658 1260 xui
2720 1210 2871 1271 αὐτὸς
2919 1212 3018 1262 ὑπὸ
3076 1214 3288 1271 τούτους
3344 1212 3457 1281 (13)
3506 1214 3742 1265 τελεῖται
3787 1219 3907 1275 τοὺς

2276 1300 2477 1367 νόμους,
2520 1303 2608 1350 καὶ
2673 1308 2773 1349 τῶν
2821 1299 2984 1350 ἄλλων
3028 1308 3227 1373 κρατῶν
3267 1308 3535 1374 κρατεῖται
3592 1309 3670 1372 τῷ
3727 1308 3902 1374 νόμῳ.

3700 1396 3768 1450 ἦν
3854 1412 3907 1445 τε

2280 1473 2434 1535 αὐτὸς
2493 1472 2630 1547 εἶχεν
2680 1485 2771 1529 τοῦ
2821 1477 2972 1546 λαοῦ,
3026 1483 3114 1530 καὶ
3159 1479 3243 1551 ὑφ’
3294 1478 3354 1537 ἢν
3405 1480 3563 1542 αὐτὸς
3620 1479 3904 1553 ἀνεφέρετο

2279 1570 2370 1614 τοῦ
2401 1568 2526 1616 Θεοῦ
2558 1586 2569 1597 -
2599 1569 2656 1616 τό
2703 1562 2762 1618 δὲ
2794 1567 3007 1619 πέταλον
3038 1572 3095 1619 τὸ
3140 1576 3401 1639 χρυσοῦν,
3435 1572 3480 1620 ὲν
3619 1574 3681 1621 τό
3732 1576 3908 1642 ὄνομα

2279 1384 2391 1435 Αλλ⁹
2451 1388 2479 1443 ἡ
2555 1390 2644 1458 μὲν
2715 1392 2871 1461 τιάρα
2940 1394 3032 1447 τὴν
3100 1389 3337 1452 ἐξουσίαν
3403 1389 3612 1456 ἐτύπου,

2281 1651 2588 1705 ἐκεκόλαπτο
2646 1664 2737 1706 τοῦ
2794 1664 2947 1722 Θεοῦ,
2999 1656 3221 1709 ἐπέκειτο
3275 1662 3363 1729 μεν
3408 1666 3479 1728 τῷ
3532 1661 3745 1723 στήθει,
3812 1681 3910 1730 φυ-

2208 1776 2250 1831 B
2280 1742 2443 1805 λακῆς
2492 1739 2542 1795 δ’
2600 1742 2776 1816 ἐπεῖχε
2828 1746 2984 1797 τύπον
3034 1755 3132 1797 τῶν
3197 1745 3244 1798 ἔν
3293 1743 3489 1820 καρδίᾳ
3541 1750 3861 1819 κινημάτων
3892 1770 3906 1781 ο

2281 1836 2371 1883 καὶ
2424 1834 2491 1893 ὡς
2545 1829 2626 1885 δεῖ
2663 1841 2828 1885 ταῦτα
2884 1834 3318 1909 καταῤῥυθμίζειν
3369 1837 3480 1906 (14)
3536 1846 3597 1895 τῆ
3654 1842 3799 1909 πρὸς
3852 1843 3911 1889 τό

2286 1928 2434 1973 Θεῐον
2490 1926 2659 1974 νεύσει
2710 1928 2799 1974 καὶ
2856 1923 3124 1996 ἀναφορᾷ·
3160 1927 3242 1976 ἰπὶ
3294 1921 3353 1977 δε
3405 1934 3503 1977 τῶν
3553 1931 3710 1998 ὤμων
3772 1948 3915 1999 σμαο

2285 2008 2489 2083 ράγδου
2519 2010 2656 2063 λίθοι
2688 2008 2805 2078 δύο,
2840 2016 3049 2083 ἔχοντες
3077 2017 3173 2074 τὰς
3216 2013 3267 2076 ἓξ
3317 2014 3472 2085 φυλὰς
3517 2014 3778 2077 ἐντεῦθεν,
3818 2022 3911 2068 καὶ

2286 2103 2378 2161 τὰς
2424 2100 2477 2162 ἓξ
2506 2098 2751 2154 ἐντεῦθεν.
2793 2102 2953 2154 Οὗτοι
3004 2099 3063 2154 δὲ
3112 2102 3369 2174 σύμϐολον
3417 2100 3551 2161 ἦσαν
3595 2112 3695 2166 τῆς
3734 2105 3914 2175 ὅψεως

2286 2192 2379 2246 τῆς
2422 2187 2801 2260 ἀρχιερατικῆς
2826 2212 2838 2223 ·
2874 2194 2986 2263 ἔχει
3033 2194 3133 2265 γὰρ
3184 2193 3212 2249 ἡ
3248 2200 3338 2243 τοῦ
3374 2190 3696 2265 σμαράγδου
3728 2194 3915 2265 ψῆφος

2288 2281 2377 2327 καὶ
2432 2277 2743 2350 χλωρότητα
2808 2279 3057 2352 εὐπρεπῆ,
3114 2286 3202 2332 καὶ
3278 2282 3616 2353 καθαρότητα
3679 2279 3911 2353 διαιρῇ,

2289 2371 2583 2435 κατόπτρου
2641 2363 2862 2439 δύναμιν
2932 2371 3311 2440 ὑποφαίνουσα.
3370 2375 3469 2423 Καὶ
3517 2375 3620 2444 γάρ
3683 2368 3772 2423 δεῖ
3824 2378 3913 2423 τόν

2292 2456 2428 2527 ἱερέα
2470 2460 2559 2507 καὶ
2591 2454 2815 2513 ἀσκήσει
2854 2463 3051 2529 νήφειν,
3082 2463 3169 2510 καὶ
3203 2462 3289 2510 τόν
3321 2458 3436 2530 βίον
3477 2468 3588 2521 τοῖς
3618 2462 3711 2511 ὑπ’
3744 2462 3911 2513 αὐτόν

2290 2546 2463 2616 ὥσπερ
2496 2548 2786 2618 κάτοπτρον
2832 2552 3082 2621 παρέχειν
3118 2569 3130 2580 ·
3166 2548 3248 2600 ἐπὶ
3280 2552 3365 2600 τὸν
3395 2546 3533 2621 ὦμον
3579 2546 3640 2602 δε
3686 2553 3717 2607 η
3762 2554 3909 2622 σμά-

2288 2630 2506 2706 ραγδος,
2587 2632 2769 2693 ἐπειδὴ
2848 2637 3077 2709 πράξεώς
3154 2639 3292 2689 ἐστιν
3370 2646 3633 2709 σημεῖον·
3697 2642 3725 2698 ἡ
3800 2643 3908 2710 γὰρ

3563 2725 3651 2780 διὸ
3722 2735 3822 2781 καὶ
3882 2732 3907 2781 ὁ

2289 2816 2415 2873 Θεὸς
2472 2816 2599 2887 πρὸς
2660 2818 2753 2871 τὴν
2799 2814 3139 2887 Ἰερουσαλὴμ
3190 2814 3325 2886 λέγει
3379 2816 3514 2887 (l5).
3580 2838 3605 2867 ‹‹
3657 2820 3756 2877 Θὲς
3813 2824 3910 2875 τὴν

2288 2898 2513 2973 καρδίαν
2586 2922 2680 2954 σου
2741 2902 2823 2955 ἐπὶ
2880 2913 2979 2955 τῶν
3044 2908 3196 2975 ὤμων
3271 2924 3386 2969 σου,
3449 2907 3671 2980 θύγατερ
3730 2908 3761 2964 ἡ
3836 2927 3911 2959 τι·

2587 2632 2769 2693 ἐπειδὴ
2848 2637 3077 2709 πράξεώς
3154 2639 3292 2689 ἐστιν
3370 2646 3584 2709 σημεῖον
3619 2660 3633 2672 ·

2289 2727 2549 2791 πρακτική
2607 2721 2825 2796 δύναμις
2878 2733 2977 2776 τῶν
3026 2730 3177 2796 ὤμων
3235 2730 3461 2798 ἤρτηται
3495 2749 3506 2760 ·

2290 2994 2521 3061 μωμένη,
2568 2992 2647 3043 ὅτι
2700 2996 2888 3068 Κύριος
2944 2994 3111 3054 κτίζει
3172 3012 3227 3045 σε
3279 2994 3349 3055 εἰς
3406 3000 3709 3069 σωτηρίαν·
3747 3017 3780 3046 ι)
3816 3003 3908 3049 καὶ

2288 3081 2390 3151 γὰρ
2458 3082 2546 3141 τάς
2618 3089 2803 3154 χεῖρας
2869 3088 2958 3135 καὶ
3023 3086 3145 3143 τούς
3219 3088 3393 3154 ὤμους
3464 3084 3536 3145 εἰς
3588 3084 3813 3157 πράξεις
3877 3088 3907 3142 ἡ

2293 3173 2467 3240 Γραφὴ
2540 3168 2809 3242 λαμϐάνει,
2878 3174 2947 3233 ὡς
3019 3173 3139 3223 ὅταν
3204 3170 3341 3242 λέγει
3424 3178 3539 3244 περὶ
3622 3182 3719 3225 τοῦ
3807 3183 3910 3227 Δα-

2292 3254 2423 3308 ϐίδο
2460 3283 2483 3306 (ι
2530 3264 2629 3311 Καὶ
2697 3259 2743 3311 ἐν
2819 3268 2929 3321 ταῖς
3005 3264 3250 3313 συνέσεσι
3321 3269 3421 3312 τῶν
3476 3271 3672 3335 χειρῶν
3732 3263 3910 3314 αὐτῶν

2292 3343 2569 3418 ὡδήγησεν
2623 3349 2830 3410 αὐτούς.
2876 3370 2903 3400 ››
2959 3351 3178 3408 Ἐνῆσαν
3238 3347 3297 3403 δὲ
3338 3359 3410 3420 τῷ
3462 3351 3637 3421 λογίῳ,
3692 3360 3766 3422 τῷ
3826 3352 3910 3404 ἐπὶ

2291 3444 2381 3488 τοῦ
2430 3439 2657 3499 στήθους
2703 3443 2791 3489 καὶ
2835 3441 2883 3491 οἱ
2925 3436 3137 3491 δώδεκα
3186 3440 3322 3493 λίθοι
3372 3443 3768 3512 ἑνηρμοσμένοι,
3812 3444 3907 3503 τὰς

2294 3522 2503 3578 δώδεκα
2548 3526 2708 3597 φυλὰς
2750 3524 3148 3590 ὑποδηλοῦντες.
3201 3535 3300 3581 Καὶ
3353 3531 3484 3602 ὅρα·
3516 3530 3620 3579 άνω
3651 3534 3763 3600 μὲν,
3816 3521 3906 3580 κειἱ

2291 3614 2369 3667 ἐπὶ
2415 3624 2515 3667 τῶν
2569 3620 2719 3688 ὤμων
2750 3621 2845 3687 μία
2892 3614 2952 3675 ἧν
2993 3620 3150 3689 φύσις
3177 3627 3273 3669 τῶν
3303 3618 3459 3671 λίθων
3502 3620 3527 3669 ὁ
3563 3615 3905 3693 σμάραγδος,

2290 3702 2431 3753 κάτω
2489 3698 2547 3753 δὲ
2600 3707 2687 3753 καὶ
2742 3704 2825 3754 ἐπὶ
2876 3710 2969 3754 τοῦ
3027 3706 3253 3767 στήθους
3324 3706 3371 3756 οἱ
3439 3700 3690 3757 δώδεκα·
3734 3705 3907 3756 αἰνιτ-

2290 3795 2504 3862 τομένου
2582 3798 2672 3842 τοῦ
2744 3790 2920 3863 λόγου,
2990 3794 3069 3843 ὅτι
3143 3794 3334 3845 ἄνωθεν
3411 3796 3499 3864 μὲν
3569 3792 3793 3853 ἅπαντες
3851 3793 3906 3845 ἐκ

2290 3886 2409 3951 μιᾶς
2472 3880 2791 3954 προήλθομεν
2848 3883 3046 3952 φύσεως
3079 3903 3091 3914 ·
3160 3887 3424 3955 προίόντος
3491 3878 3551 3933 δε
3620 3889 3714 3933 τοῦ
3769 3888 3907 3953 χρό’

2289 3988 2377 4019 νου
2460 3965 2733 4042 διαφόροις
2778 3976 3012 4040 γνώμαις
3081 3969 3423 4043 ἐμερίσθημεν
3477 3971 3636 4041 (16)·
3700 3976 3791 4021 καὶ
3848 3976 3905 4023 τό

3686 4062 3788 4111 ὑπὸ
3848 4058 3909 4113 δε

2291 4144 2589 4221 κράσπεδον
2654 4155 2745 4199 τοῦ
2816 4150 3003 4221 ἱερέως,
3057 4153 3116 4200 τό
3196 4149 3462 4221 λεγόμενον
3535 4149 3708 4221 λώμα,
3770 4153 3905 4207 ἄνθη

2292 4061 2380 4130 μεν
2440 4054 2641 4110 δίδωσι
2699 4067 2761 4130 τῇ
2822 4064 3023 4132 γνώμῃ,
3082 4064 3137 4111 τό
3193 4057 3253 4112 δε
3342 4068 3372 4132 ᾗ
3429 4062 3625 4131 φύσει·

2290 4238 2433 4310 ῥόας,
2465 4241 2549 4287 xui
2581 4238 2789 4310 ῥοΐσκοι
2816 4244 3036 4310 χρυσοῖ,
3060 4243 3148 4290 καὶ
3177 4234 3415 4299 κώδωνες
3442 4236 3779 4309 ἀπηώρηντοσ
3816 4244 3909 4290 καὶ

2291 4334 2399 4386 πῶς
2458 4324 2517 4376 ἆν
2568 4329 2645 4383 εἴη
2700 4333 2813 4395 Θεῷ
2873 4333 3039 4379 ταῦτα
3096 4329 3233 4379 κατὰ
3302 4334 3503 4399 πρῶτον
3558 4326 3713 4396 λόγον
3783 4326 3908 4399 ἀρε-

2294 4431 2521 4479 σκοντα;
2582 4413 2687 4465 ἀλλ’
2750 4413 2797 4465 ἐν
2868 4422 2937 4485 τῷ
3024 4420 3271 4487 σχήματι
3326 4422 3416 4467 τοῦ
3485 4417 3650 4486 ἱερέως
3722 4414 3908 4487 ἐφῆκεν

516 4481 880 4578 pendebant.
902 4481 1215 4572 Quomodo
1233 4521 1373 4560 vero
1392 4507 1517 4560 haec
1540 4506 1657 4560 Deo
1677 4522 1781 4576 per
1804 4521 1867 4561 se
1883 4511 1938 4560 et
1957 4506 2174 4560 ratione

2293 4503 2695 4565 ἐξεικονίςεσθαι
2726 4508 2813 4564 τὰς
2862 4502 3043 4577 ἀρετάς
3068 4525 3080 4537 ο
3114 4507 3254 4556 κάτω
3307 4506 3436 4561 οἶνθη
3470 4508 3559 4555 καὶ
3590 4509 3787 4576 καρποὶ
3842 4510 3909 4556 τὰ

517 4596 800 4669 praecipui
848 4595 1074 4651 consilii
1118 4595 1206 4648 sui
1248 4594 1483 4667 placere
1514 4596 1840 4667 poterant?
1880 4595 2006 4649 Imo
2048 4611 2181 4650 vero

516 4685 649 4757 ipso
674 4685 788 4740 hoc
806 4684 1129 4740 sacerdotis
1147 4682 1355 4738 habitu
1382 4684 1623 4739 virtutes
1652 4683 1889 4753 depingi
1907 4683 2178 4739 faciebat.

521 4775 629 4842 Qui
674 4774 827 4830 infra
864 4778 1032 4829 erant
1070 4772 1241 4828 liores
1285 4777 1339 4827 et
1378 4772 1622 4838 fructus,
1654 4773 1973 4843 praeclaras
2005 4789 2179 4845 quas-

2293 4602 2391 4645 τών
2424 4592 2614 4664 ἀρετῶν
2644 4595 3043 4664 κατορθώματα,
3078 4593 3229 4645 ἅτινά
3273 4593 3411 4645 ἐστιν
3443 4592 3765 4662 ἐλεημοσύνη
3814 4598 3904 4645 καὶ

2295 4680 2605 4740 δικαιοσύνη
2638 4687 2725 4733 καὶ
2757 4683 3132 4754 φιλανθρωπία,
3166 4688 3254 4735 καὶ
3284 4692 3383 4735 τῶν
3413 4682 3576 4734 ἄλλων
3618 4683 3642 4733 ό
3679 4685 3904 4733 σύστοι-

2294 4792 2389 4844 χος
2418 4776 2597 4846 χορός.

521 4880 637 4937 que
669 4864 931 4931 virtutes,
990 4862 1199 4935 quales
1254 4866 1391 4918 sunt
1437 4862 1843 4933 eleemosyna,
1894 4862 2143 4934 justitia,
2196 4862 2560 4927 humanitas,
2594 4866 2651 4918 et
2684 4860 3048 4932 reliquarum
3097 4860 3210 4917 illis
3269 4861 3553 4917 similium
3607 4874 3905 4916 coronam

522 4953 1051 5025 repraesentabant.

596 5094 644 5131 ³⁸
689 5094 905 5151 Jerem.
937 5094 1209 5163 1111,22.
1287 5094 1331 5129 ³⁷
1376 5091 1523 5150 Psal.
1564 5095 1895 5161 Lxxvu,78.

2090 5236 2322 5294 NOTAE.

630 5523 717 5595 12)
750 5523 942 5595 Malim
976 5523 1170 5595 κεφαλή
1184 5566 1194 5576 ,

634 5594 718 5667 13)
754 5594 919 5653 Colb.
954 5610 1063 5667 pro
1097 5597 1197 5647 ύπό
1221 5594 1432 5667 αὐτούς,

623 5382 709 5449 10)
741 5380 939 5435 Phrasi
973 5380 1153 5435 utitur
1184 5378 1437 5435 Paulina
1475 5380 1497 5434 Ι
1527 5379 1656 5436 Cor.
1688 5394 1767 5443 x1,
1814 5378 1901 5437 10.

623 5382 689 5436 10

633 5460 680 5507 11

630 5525 692 5579 12

634 5597 692 5651 13

630 5672 692 5725 14

633 5460 680 5507 11
740 5453 832 5509 Sic
858 5451 1057 5507 scribo
1081 5468 1184 5524 pro
1208 5450 1514 5525 ἀφόριστος.

633 5525 693 5579 19.
750 5523 942 5580 Malim
976 5523 1194 5595 κεφαλή,

634 5597 695 5651 13
754 5594 919 5653 Colb.
954 5610 1063 5667 pro
1097 5597 1197 5647 ύπό
1221 5594 1432 5655 αὐτούς.

633 5672 692 5725 14
770 5666 866 5726 Sic
906 5666 1104 5724 scribo
1162 5682 1272 5740 pro
1340 5666 1507 5739 καθαρ

770 5666 866 5726 Sic
906 5663 1104 5724 scribo
1162 5682 1272 5740 pro
1340 5664 1775 5739 καθαριθμήζειν,
1830 5663 1950 5720 nisi
2014 5664 2192 5722 scribi

2296 5378 2470 5451 malis
2506 5375 2849 5451 κναταῤῥυθμῆ
2859 5395 2967 5451 σαι.

2369 5449 2489 5537 (ἦ),
2522 5442 2864 5507 Ubi't'amen
2886 5446 3059 5504 hodie
3086 5446 3252 5520 apud
3272 5451 3393 5510 τοὺς
3422 5447 3553 5504 LXX
3572 5444 3792 5517 legitur
3815 5442 3911 5506 δὸς

2295 5523 2602 5665 Ρῐῗίὲἷςίῐᾶ
2630 5590 2853 5665 scripsi
2867 5606 2976 5665 pro
3002 5590 3375 5664 ἐμερίσθησαν,
3400 5588 3613 5663 pendet
3636 5588 3795 5645 enim
3828 5587 3912 5645 ab

2297 5662 2685 5722 antecedente
2708 5662 3047 5737 προήλθομεν.
