3926 6190
115 290 200 350 857
932 287 1023 343 ΑΙ)
1053 285 1636 345 AMPHILOCOHUM
1669 284 1992 357 QUESTIO
2027 289 2262 357 CLXVI,
2301 287 2556 347 CLXVII.

3312 295 3416 354 858

172 416 276 470 Ὀτι
316 415 437 486 (17),
484 417 654 479 φησὶν,
696 417 768 485 μὴ
801 412 1085 487 μεταϐαλλε
1123 415 1335 488 ῥήματα
1371 421 1502 468 Θεοῦ
1531 414 1658 474 ζῶν-

1840 416 1918 469 Ne
1955 414 2265 484 immutes,
2307 416 2517 488 inquit,
2556 415 2736 471 verba
2769 414 2866 471 Dei
2910 417 3172 473 viventis.
3217 422 3278 475 In
3312 423 3420 478 Pa-

114 527 201 567 τος·
227 505 290 565 εὶς
327 508 534 575 Πατέρα,
568 507 652 554 καὶ
694 505 832 564 Υἰὸν,
867 508 956 556 καὶ
987 503 1132 574 οἷγιον
1172 511 1382 576 Πνεῦμα
1411 503 1660 555 ἐϐαπτίσ-

118 599 210 658 θης,
249 599 293 645 τί
328 593 539 666 ἀναιρεῖς
580 593 692 662 (18)
728 596 794 644 τὰ
825 592 1054 664 ὀνόματα
1083 595 1149 645 τά
1188 593 1358 653 ζῶντα
1404 597 1494 644 καὶ
1521 592 1660 644 εἰσά-

115 705 201 755 γεις
228 683 432 754 ὀνόματα
459 681 735 753 λογισμῶν,
767 685 996 754 γέννημα
1032 682 1211 752 λέγων,
1246 687 1335 735 καὶ
1367 681 1660 753 ἀγέννητον,

117 779 189 824 καὶ
227 775 466 843 γεννητὸν,
521 774 571 822 ὅν
619 769 714 836 ἀεὶ,
771 776 861 823 καὶ
917 776 987 844 μὴ
1038 773 1091 823 ὸν
1144 771 1240 842 ἀεί,
1297 772 1504 826 Τούτων
1546 770 1662 822 ἀνέ-

118 882 246 934 χεται
293 864 410 922 Θεὸς
477 869 573 912 τῶν
633 865 862 932 ματαίων
930 862 1220 935 pupum»;
1281 861 1328 913 ἓν
1383 862 1528 935 ῥῆμα
1583 861 1665 911 ἵνα

119 949 363 1023 μεταϐάλῃ,
423 954 685 1023 προφήτας
750 952 873 1001 ποτε
949 945 1304 1002 ἐκινδύνευσεν
1390 948 1661 1004 ἀπολέσαι.

119 1045 200 1094 Καὶ
264 1037 408 1111 βλέπε
502 1039 732 1112 ῥήματος
829 1033 1020 1112 μικρού
1103 1036 1485 1110 ἀκριϐολογίαν
1589 1039 1665 1089 Τὰ

119 1131 295 1202 ῥήματα
315 1136 407 1179 τῶν
445 1136 718 1201 προφητῶν
747 1147 880 1189 τινες
909 1126 1120 1180 ἐκάλουν
1147 1129 1246 1179 ύπὸ
1281 1125 1520 1199 ἀπειρίας
1549 1126 1663 1197 (19)

117 1219 266 1290 λῆμμα
296 1222 498 1292 Κυρίου·
531 1217 665 1288 λέγει
695 1219 720 1269 ὁ
752 1222 881 1280 Θεὸς
912 1213 1004 1270 διὰ
1032 1216 1277 1290 Ἰερεμίου
1311 1217 1443 1288 (20)·
1481 1237 1508 1268 (ι
1549 1217 1666 1268 Ἐὰν

119 1306 314 1378 ἐρωτήση
344 1325 398 1358 σε
425 1307 450 1356 ὁ
482 1306 617 1369 λαὸς,
652 1310 678 1364 ὃ
709 1307 735 1357 ὁ
769 1308 949 1378 ἱερεύς,
978 1307 1007 1364 ἦ
1039 1307 1064 1358 ὁ
1095 1310 1382 1381 προφήτης,
1417 1310 1506 1358 καὶ
1532 1308 1667 1357 εἴποι

119 1415 199 1458 σοι,
236 1399 291 1448 Τί
319 1398 371 1446 τὸ
401 1394 580 1466 λῆμμα
614 1414 627 1462 ;
662 1395 769 1447 εἰπὲ
799 1395 994 1457 αὐτοῖς,
1029 1396 1108 1447 ὃτι
1143 1399 1211 1446 T6
1259 1395 1441 1468 λῆμμα
1469 1397 1665 1468 Κυρίου

118 1485 228 1554 ὑμεῖς
273 1482 394 1538 ἐστι.
447 1483 704 1555 Λήψομαι
753 1485 853 1557 γὰρ
911 1485 1042 1556 ὑμᾶς
1111 1483 1314 1556 λῆμμα,
1381 1487 1470 1535 καὶ
1526 1483 1666 1557 ῥάξω

117 1574 238 1644 indu,
277 1573 349 1624 ἵνα
392 1577 460 1644 μὴ
494 1573 676 1644 λέγητε
717 1572 926 1645 λῆμμα.
974 1591 1004 1626 ›
1048 1571 1134 1625 Ἐν
1163 1573 1308 1647 ῥῆμα
1339 1575 1421 1624 ἱνα
1467 1577 1536 1644 μὴ
1580 1592 1670 1624 αε-

118 1664 354 1734 ταποιηθῇ,
389 1660 587 1714 ἀπειλεί
616 1663 642 1713 6
684 1667 831 1723 Θεὸςυ
864 1667 953 1714 καὶ
987 1665 1051 1714 σὺ
1079 1661 1356 1736 ὁλόκληρον
1390 1658 1668 1733 δογμάτων

1767 507 1937 569 trem,
1985 504 2214 570 Filium,
2257 511 2312 560 et
2351 505 2630 577 Spiritum
2665 512 2938 561 sanctum
2973 507 3305 578 baptizatus
3334 526 3419 566 es.

1770 593 1963 656 Quare
1988 593 2236 650 nomina
2266 595 2401 649 viva
2433 593 2610 659 tollis,
2637 600 2690 649 et
2717 594 2966 650 nomina
2998 598 3427 666 cogitationum

1775 686 2010 736 tuarum
2051 681 2301 748 invehis,
2337 682 2786 754 progeniem,et
2818 683 3147 752 ingenitum
3180 693 3234 742 et
3268 688 3429 755 geni-

1774 774 1922 832 tum,
1952 786 2187 842 semper
2227 772 2542 838 exsistens,
2592 777 2646 827 et
2692 789 2810 828 non
2864 789 3099 845 semper
3147 777 3428 832 exsistens

1775 858 2140 930 appellando
2170 860 2196 914 ‘.’
2227 861 2377 916 Num
2412 877 2563 916 vana
2603 861 2894 931 ejusmodi
2928 862 3108 918 verba
3150 863 3423 920 tolerabit

1776 948 1932 1003 Deus
1956 948 1984 1004 δῖ
2024 949 2353 1005 Periculum
2389 949 2526 1006 olim
2562 956 2706 1017 erat,
2740 967 2812 1007 ne
2843 968 3025 1006 unum
3059 953 3309 1009 verbum
3345 955 3424 1010 ad

1776 1037 2195 1108 pervertendos
2217 1039 2541 1110 prophetas
2560 1040 2789 1110 periret.
2821 1039 2966 1095 Vide
2994 1048 3423 1114 vero,quanto-

1776 1142 1912 1199 pere
1935 1126 2163 1182 voculas
2204 1143 2404 1199 parvae
2445 1127 2594 1183 ratio
2634 1127 2943 1185 habeatur.
2992 1130 3418 1200 Prophetarum

1776 1217 1958 1270 verba
2014 1215 2284 1270 nonnulli
2359 1233 2429 1271 ex
2497 1216 2894 1288 imprudentia
2950 1219 3132 1291 λῆμμα
3190 1222 3427 1277 Domini

1777 1303 2176 1359 vocabant:«
2238 1303 2295 1358 Si
2327 1308 2377 1359 te
2455 1303 2904 1374 interrogaverit
2970 1307 3252 1379 populus,
3326 1315 3430 1366 aut

1777 1393 2078 1458 sacerdos,
2140 1399 2240 1449 aut
2306 1394 2620 1465 propheta,
2684 1399 2741 1449 et
2806 1396 3038 1463 dixerit,
3109 1396 3261 1465 Quid
3319 1398 3430 1454 sibi

1779 1481 1903 1536 vult
1925 1480 2108 1554 λῆμμα
2156 1483 2184 1537 ?
2238 1482 2333 1538 dic
2391 1482 2662 1547 illis,Vos
2721 1485 2858 1540 estis
2901 1485 3083 1558 λῆμμα
3144 1488 3421 1554 Domini;

1777 1587 1886 1626 vos
1948 1570 2106 1625 enim
2184 1571 2374 1626 instar
2437 1571 2703 1645 λήμματος
2778 1575 3082 1646 arripiam,
3161 1583 3217 1632 et
3289 1592 3430 1633 con-

1779 1659 2036 1730 fringam
2057 1676 2182 1725 vos,
2203 1677 2278 1716 ne
2300 1661 2509 1717 dicatis
2540 1661 2792 1732 amplius
2817 1663 3000 1736 λῆμμα
3023 1666 3087 1719 ⁸⁸.
3122 1689 3148 1715 ››
3166 1666 3249 1721 Ibi
3275 1666 3430 1722 Deus

119 1747 391 1824 ἀκρίϐειανς
447 1746 777 1824 διαστρέφων
830 1751 1056 1822 νομίζεις
1105 1746 1380 1824 διαφυγεῖν
1432 1752 1524 1812 τὰς
1576 1756 1668 1802 τοῦ

1824 1750 1975 1804 iinas
2009 1748 2163 1813 fecit,
2222 1765 2296 1804 ne
2357 1767 2476 1807 una
2532 1768 2645 1807 vox
2699 1758 2956 1808 mutetur
2995 1771 3008 1809 :
3050 1760 3111 1809 tu
3139 1770 3297 1824 vero,
3330 1754 3434 1826 qui

119 1843 218 1891 Θεοῦ
245 1847 413 1914 χεῖρας
444 1857 458 1907 ;

609 2041 923 2089 ΕΡΩΤΗΣῙΣ
964 2035 1136 2119 ΡΞς.

255 2183 362 2239 Πῶς
389 2176 715 2252 πρεσϐευτὴς
745 2178 894 2236 ἦλθεν
925 2179 950 2229 6
982 2181 1210 2252 Χριστὸς
1234 2181 1376 2253 παρὰ
1399 2185 1492 2231 τοῦ

748 2254 946 2323 Πατρός
981 2266 995 2316 ;

1731 1843 1737 1848 ’
1783 1837 2126 1894 universam
2158 1845 2498 1912 rectamque
2525 1841 2932 1898 doctrinarum
2964 1844 3172 1899 seriem
3200 1859 3435 1914 perver-

1782 1927 1877 1998 tis,
1913 1943 2130 1983 manus
2163 1928 2264 1983 Dei
2297 1930 2557 1999 effugere
2587 1936 2639 1986 te
2670 1948 2845 2004 posse
2871 1932 3138 2003 opinaris
3169 1931 3197 1988 ?

1783 2034 2103 2099 QUESTIO
2143 2035 2340 2091 CLXVI
2377 2033 2583 2108 [Οοὶει.
2626 2037 2836 2105 CXCV,
2880 2040 3060 2094 Taur.
3113 2040 3430 2111 CLXXXV];

1905 2178 2197 2245 Quomodo
2226 2178 2494 2235 Christus
2527 2179 2743 2250 legatus
2770 2195 2807 2236 a
2840 2182 3014 2237 Patre
3040 2181 3309 2238 venerit?

788 2417 940 2468 Edita
967 2431 1000 2469 a
1027 2417 1165 2468 Maio
1194 2419 1250 2480 (ι.
1280 2433 1326 2469 c.
1360 2433 1410 2483 p.
1443 2421 1574 2483 104.)
1609 2445 1666 2458 -
1694 2419 1765 2470 De
1795 2420 2002 2470 Christo
2032 2421 2293 2482 tanquam
2319 2417 2488 2468 Patris
2518 2418 2714 2482 legato.

166 2562 264 2615 Ὁτι
306 2560 440 2628 ἦλθε,
471 2582 540 2636 φη
557 2568 633 2630 ei,
666 2565 808 2636 παρά
835 2570 928 2616 τοῦ
973 2564 1230 2637 Πατρόςὸ
1277 2566 1500 2637 Χριστὸς
1547 2569 1673 2640 πρὸς

114 2656 206 2713 τοὺς
248 2651 542 2726 ἀνθρώπους
595 2651 943 2727 πρεσϐευτὴς,
1006 2651 1208 2726 ἐσφάγη
1262 2655 1288 2705 ὁ
1333 2653 1670 2729 πρεσϐευτὴς,

1785 2565 1956 2632 Quod
2000 2564 2224 2619 venerit
2247 2563 2519 2621 Christus
2571 2580 2608 2620 a
2664 2567 2832 2622 Patre
2867 2567 3099 2638 legatus
3134 2565 3212 2622 ad
3251 2567 3436 2624 homi-

1785 2669 1910 2719 nes,
1943 2653 2202 2710 ostendit
2233 2653 2348 2709 hoc
2382 2670 2394 2708 :
2429 2653 2770 2710 interfectus
2811 2660 2902 2711 est
2931 2655 3178 2726 legatus,
3215 2663 3270 2712 et
3301 2661 3438 2713 tunc

114 2747 180 2793 καὶ
204 2747 300 2795 τότε
320 2725 518 2815 γέγονεν
568 2745 597 2801 ἡ
632 2725 830 2816 εἰρήνη.
875 2741 1009 2794 Ἀλλ’
1040 2725 1089 2795 οἱ
1130 2725 1382 2816 πρέσϐεις*
1404 2741 1672 2818 ἐρχόμενοι

1824 2747 1940 2801 tcta
1964 2748 2052 2800 est
2075 2759 2212 2816 pax.
2251 2743 2363 2800 Sed
2393 2743 2570 2813 legati
2612 2745 2916 2800 venientes
2965 2725 3128 2801 dona
3155 2746 3353 2802 ferunt
3383 2751 3441 2802 et

113 2837 182 2882 καὶ
221 2829 354 2907 δῶρα
398 2837 624 2904 φέρουσι
669 2836 758 2884 καὶ
815 2828 963 2906 δῶρα
1008 2831 1353 2904 λαμϐάνουσι,
1399 2839 1548 2884 [Ιοίον
1588 2829 1676 2884 οὗν

117 2920 188 2975 ἧκε
228 2925 372 2995 φέρων
413 2918 610 2996 δῶρον,
661 2925 749 2972 καὶ
788 2928 934 2972 ποῖον
973 2919 1211 2973 ἀντέλαϐε
1241 2944 1260 2990 ;
1290 2917 1592 2994 Παράδοξον
1619 2925 1676 2974 τὸ

117 3006 270 3081 δῶρον,
307 3013 372 3072 ὡς
400 3015 488 3063 καὶ
519 3012 550 3062 ὁ
598 3009 915 3084 πρεσϐευτὴς
944 3007 1243 3082 παράδοξος
1271 3015 1329 3062 τὸ
1356 3007 1488 3082 αἷμα
1518 3010 1678 3062 αὑτοῦ

118 3103 243 3170 φέρων
275 3097 385 3158 ἦλθε
415 3097 610 3175 δῶρον’
645 3102 702 3151 τὸ
736 3107 889 3171 σῶμα
921 3099 1080 3151 αὐτοῦ
1125 3096 1246 3157 ἦλθε
1292 3104 1450 3172 φέρων
1487 3096 1675 3174 δῶρον’

115 3193 184 3241 καὶ
208 3194 252 3242 τί
290 3191 404 3264 παρ’
435 3190 568 3263 ἐμοῦ
597 3187 743 3242 ἔλαϐε
775 3186 940 3263 δῶρον
969 3207 982 3257 ;
1009 3195 1213 3242 Πίστιν’
1247 3194 1334 3242 καὶ
1362 3194 1411 3241 τί
1452 3189 1562 3241 ἀντὶ
1589 3190 1678 3241 αύ-

115 3286 184 3338 ri;
218 3298 295 3351 μοι
323 3284 566 3352 παρέσχε
598 3296 612 3346 ;
647 3281 832 3354 Χάριν.
869 3278 1189 3330 Ἐπίστευσα
1231 3281 1351 3350 ἑγὼ’
1387 3277 1678 3351 ἐχαρίσατο

114 3365 280 3430 ἐκεῖνος·
329 3368 477 3427 ἐλύθη
519 3369 557 3427 ἡ
593 3370 780 3441 ἔχθρα·
829 3369 854 3419 ὁ
886 3367 1202 3440 πρεσϐευτὴς
1244 3369 1365 3420 ὅταν
1397 3367 1517 3440 ἔλθῃ
1549 3372 1681 3441 πρὸς

113 3457 242 3523 ἔθνος,
281 3458 368 3511 οὐκ
421 3457 569 3522 ἀξιοί
616 3477 718 3509 τινι
747 3465 847 3510 τῶν
878 3455 1134 3531 ἀγοραίων
1165 3459 1194 3516 ἡ
1231 3462 1458 3515 πενήτων
1504 3454 1681 3510 διαλε-

115 3547 293 3614 χθῆναι,
327 3548 428 3599 ἀλλ’
453 3548 612 3607 εὐθὺς
639 3555 710 3617 τῷ
743 3545 955 3620 βασιλεί
1000 3551 1292 3620 πρόσεισιν.
1341 3543 1508 3608 Οὗτος
1556 3543 1615 3599 δὲ
1654 3549 1679 3599 6

115 3636 387 3706 πρεσϐευτὴς
444 3634 595 3700 ἦλθε,
637 3641 726 3688 καὶ
782 3636 934 3697 εὐθὺς
975 3641 1162 3710 πόρνη,
1209 3641 1297 3688 καὶ
1347 3635 1534 3709 λῃστῇ,
1592 3641 1682 3689 καὶ

114 3723 287 3796 τελώνῃ,
327 3731 413 3778 καὶ
450 3729 643 3799 μάγοις
686 3722 971 3796 διηλέχθη.
1034 3721 1178 3785 Εἶδες
1217 3724 1534 3798 πρεσϐευτοῦ
1575 3725 1683 3797 φιλ-

116 3815 413 3888 ανθρωπίανς
478 3816 541 3868 οὗ
595 3817 695 3890 γὰρ
744 3818 869 3888 πρὸς
925 3815 1012 3867 ἕνα
1067 3820 1154 3866 καὶ
1214 3811 1452 3887 δεύτερον
1509 3811 1680 3883 ἦλθεντ

115 3899 218 3953 ἀλλά
268 3909 389 3977 πρὸς
445 3910 544 3964 τὴν
595 3908 770 3962 κοινὴν
821 3907 995 3975 φύσιν.
1060 3908 1158 3956 Καὶ
1226 3903 1348 3962 ἦλθε
1423 3907 1481 3955 τὸ
1541 3903 1680 3976 ἐμὸν,

115 3991 501 4066 περιϐεϐλημένος
561 3995 784 4066 ἱμάτιον,
851 3994 932 4044 ἕνα
991 3997 1064 4065 μὴ
1117 4000 1287 4065 γυμνῇ
1356 4001 1416 4064 τῇ
1483 3994 1684 4065 Θεότῃτι

116 4089 496 4156 παραγενόμενος
528 4082 734 4155 φοϐήσῃ
770 4087 862 4140 τὴν
895 4083 1077 4154 Θήραν.

648 4230 960 4279 ΕΡΩΤΗΣΙΣ
1001 4223 1148 4280 ΡΞΖ¹⁸

116 4365 187 4426 Εἰς
224 4371 277 4421 τὸ
319 4370 478 4456 ῥητόρ
528 4371 661 4440 (2.)ο
703 4393 731 4420 ι(
784 4372 844 4422 Εἴ
871 4389 951 4430 τις
991 4368 1062 4456 ἐνιι
1079 4376 1315 4448 Χριστῷ,
1368 4373 1517 4426 καινὴ
1544 4372 1688 4456 ,κτίς

173 4457 260 4516 σις’
314 4437 378 4493 τὰ
435 4437 646 4516 ἀρχαῖα
691 4443 942 4516 παρῆλθε,
1008 4437 1136 4494 ἰδού’
1175 4437 1352 4512 γέγονε
1412 4443 1568 4493 καινά
1620 4443 1684 4493 τά

171 4529 341 4564 πανῖκ.
371 4535 400 4566 ))

1786 2833 1962 2889 simul
1993 2833 2154 2888 dona
2184 2833 2506 2904 accipiunt.
2560 2834 2744 2898 Quale
2784 2850 2921 2904 ergo
2963 2835 3194 2890 donum
3243 2836 3437 2891 ferens

1787 2923 1965 2989 venit,
1989 2921 2231 2994 etquale
2253 2923 2469 2994 recepit
2490 2921 2832 2978 ‘IMiriﬁcum
2866 2923 3116 2988 donum,
3139 2924 3437 2995 siquidem

1788 3010 2074 3066 mirabilis
2105 3012 2206 3065 iste
2238 3012 2481 3066 nuntius
2512 3027 2688 3066 suum
2722 3012 3078 3081 sanguinem
3109 3012 3170 3067 in
3201 3012 3433 3069 donum

1789 3101 1980 3156 ferens
2011 3099 2184 3154 venit.
2239 3100 2467 3170 Corpus
2507 3117 2684 3156 suum
2730 3100 2921 3156 ferens
2969 3101 3198 3156 donum
3256 3101 3433 3158 venit.

1790 3190 2102 3256 Quodnam
2129 3194 2325 3245 autem
2359 3205 2394 3244 a
2424 3190 2596 3244 nobis
2624 3191 2854 3246 donum
2885 3192 3155 3262 accepit?
3186 3191 3391 3247 Fidem
3421 3206 3437 3259 ;

1788 3284 1844 3334 et
1871 3279 2016 3351 quid
2044 3293 2152 3350 pro
2183 3277 2281 3333 illa
2325 3277 2471 3333 mihi
2505 3278 2746 3334 donavit
2783 3280 2809 3334 ?
2841 3280 3124 3336 Gratiam.
3162 3283 3284 3350 Ego
3310 3296 3442 3336 cre-

1788 3367 1931 3433 didi,
1955 3367 2046 3423 ille
2078 3366 2472 3437 gratiﬁcabat,
2499 3367 2694 3424 soluta
2719 3373 2805 3424 est
2826 3369 3154 3425 inimicitia.
3186 3370 3441 3439 Legatus

1787 3473 1925 3513 cum
1957 3455 2116 3512 venit
2152 3457 2229 3512 ad
2273 3462 2530 3529 gentem,
2585 3471 2702 3512 non
2732 3457 3010 3526 dignatur
3059 3475 3192 3514 cum
3233 3457 3436 3530 aliquo

1788 3546 2021 3620 plebeio
2067 3545 2161 3601 vel
2196 3562 2452 3618 paupere
2483 3546 2848 3613 conversari,
2870 3547 2973 3602 sed
3002 3547 3116 3604 cito
3156 3549 3278 3619 regi
3311 3563 3445 3604 sese

1789 3636 1983 3692 offert.
2025 3636 2276 3705 Legatus
2302 3641 2503 3692 autem
2524 3635 2618 3692 ille
2651 3637 2890 3693 veniens
2921 3638 3118 3694 statim
3153 3655 3290 3694 cum
3324 3653 3443 3694 me-

1791 3725 1996 3781 retrice
2028 3729 2086 3780 et
2108 3726 2332 3781 latrone
2360 3730 2416 3780 et
2444 3725 2716 3781 usurario
2737 3731 2794 3781 et
2820 3725 3016 3796 magis
3038 3733 3443 3784 conversatur.

1791 3815 2040 3870 Videsne
2067 3811 2240 3883 legati
2260 3813 2761 3886 philanthropiam
2779 3815 2806 3870 ‘I
2824 3814 2951 3870 Non
2975 3816 3130 3870 enim
3157 3816 3234 3871 ad
3259 3832 3448 3872 unum

1790 3903 1883 3960 Vel
1907 3904 2158 3960 alterum
2215 3903 2391 3967 venit,
2424 3903 2522 3958 sed
2552 3903 2629 3957 ad
2671 3919 2883 3959 omnes
2909 3905 3192 3969 homines,
3250 3911 3305 3960 et
3337 3922 3444 3960 ve-

1795 3994 1962 4048 niens
1993 4000 2192 4049 nostro
2225 3994 2479 4048 induitur
2512 3991 2747 4056 vestitu,
2781 4008 2874 4058 ne,
2901 3993 2947 4046 si
2977 3993 3256 4058 venisset,
3290 3993 3448 4048 divi-

1717 4083 1760 4137 D
1797 4082 1976 4138 nitate
2007 4096 2126 4136 non
2159 4080 2370 4146 velata,
2414 4081 2570 4135 illius
2610 4097 2928 4136 occursum
2961 4081 3304 4136 timeamus.

1798 4224 2112 4291 QU/ESTIO
2145 4223 2369 4279 CLXVII
2415 4221 2616 4296 [CoisL
2638 4222 2859 4288 CXCVI,
2901 4223 3081 4278 Taur.
3102 4218 3447 4295 CLXXXVI].

1797 4367 1868 4423 In
1907 4366 2216 4423 oraculum
2246 4366 2404 4422 illud
2435 4382 2448 4420 :
2479 4387 2506 4415 «
2533 4365 2596 4420 Si
2642 4364 2772 4435 quis
2793 4367 2874 4419 est
2902 4363 2966 4419 in
3003 4362 3248 4428 Christo,
3293 4375 3451 4418 nova

1869 4445 1949 4495 est
1971 4444 2277 4502 creatura;
2309 4444 2506 4494 vetera
2531 4435 2922 4500 transierunt,
2954 4450 3076 4492 ecce
3104 4449 3256 4492 nova
3279 4435 3447 4504 facta

1869 4516 2003 4566 sunt
2035 4509 2229 4565 omnia
2259 4511 2328 4564 ’9.
2367 4527 2394 4559 »

507 4689 783 4741 Editarum
813 4705 846 4742 a
868 4690 1061 4742 Wolﬁo
1087 4692 1348 4756 vigesima
1383 4694 1573 4743 octava
1599 4692 1655 4756 (1.
1683 4705 1759 4749 ο..
1797 4705 1849 4756 p.
1887 4690 2110 4740 810-812.
2140 4687 2382 4740 Galland.
2417 4687 2550 4750 XIII,
2579 4687 2688 4746 750,
2713 4687 2824 4746 751,
2857 4701 2911 4738 n.
2933 4688 3036 4750 44.)

169 4844 276 4903 Ὀτι
329 4857 486 4924 φασὶν
565 4854 615 4905 οἱ
682 4850 1038 4918 Ἑλληνισταὶ,
1098 4857 1181 4905 καὶ
1239 4856 1296 4906 τὸ
1353 4851 1674 4915 Ἰουδαῖξονσ

111 4941 342 5010 κομπάξει
375 4941 573 5003 Παῦλος
610 4941 794 5014 λέγων·
839 4963 868 4992 ››
908 4944 986 4996 Τὰ
1027 4941 1231 5015 ἀρχαῖα
1267 4943 1522 5016 παρῆλθε,
1558 4940 1675 4996 ἰδοὺ

167 5102 436 5160 "Ierem.
476 5119 641 5170 χχιιι,
664 5103 752 5159 33.
830 5105 877 5140 ³³
904 5105 948 5160 Il
980 5105 1111 5160 Cor.
1140 5119 1196 5169 v,
1233 5107 1316 5159 t7.

1865 4852 2116 4909 Gentiles
2142 4857 2197 4908 et
2239 4852 2618 4909 Judaizantes
2673 4849 2922 4906 dicunt:
2957 4847 3106 4914 Quid
3157 4847 3449 4918 gloriatur

1795 4942 2014 5000 Paulus
2042 4943 2246 5000 dicens
2280 4958 2292 4998 :
2329 4961 2352 4993 α
2383 4941 2595 4998 Vetera
2624 4938 2989 4996 transierunt
3023 4953 3036 4994 :
3068 4952 3204 4996 ecce
3239 4937 3447 4996 omnia

1663 5248 1896 5308 NOT/E.

167 5410 268 5487 (ίῖ)
303 5419 443 5486 Quae
489 5420 836 5491 sequuntur,
865 5431 959 5491 ea
1005 5416 1314 5491 quomodo
1363 5417 1475 5473 huc
1522 5433 1670 5490 qua-

107 5483 276 5554 drent,
308 5483 430 5546 non
457 5483 787 5546 admodum
819 5483 1018 5546 video.

166 5559 273 5633 (I8)
298 5559 472 5618 Colb.
507 5578 613 5635 pro
638 5563 700 5615 ἄν
728 5560 879 5635 ίριίς.

1847 5416 1960 5492 (l9)
1993 5415 2087 5492 Sic
2117 5413 2309 5492 scribo
2337 5430 2445 5485 pro
2472 5414 2765 5492 arripiam.
2805 5413 2927 5471 Nisi
2961 5412 3134 5474 malis
3178 5411 3442 5492 ὶπηρεαίς.

1887 5492 1975 5554 20)
2011 5490 2072 5542 ln
2102 5488 2335 5554 Codice,
2368 5487 2523 5543 male
2551 5487 2836 5543 εἮσαεου.

1887 5492 1952 5544 20
2011 5490 2072 5542 ln
2102 5490 2335 5554 Codice,
2368 5490 2523 5543 male
2551 5503 2564 5540 :
2592 5490 2836 5543 Ἠσαίου.

1863 5490 1977 5632 (21)
2009 5558 2152 5621 ιίςτὸ
2179 5558 2361 5636 ῥητόν,
2398 5559 2603 5632 accepi
2632 5574 2706 5616 ex
2735 5556 2908 5625 Colb.
