4116 6194
521 320 625 376 859

1752 311 1993 372 ΡΗΟΤΙΙ
2034 312 2513 374 PATRIARCH/E
2552 316 2657 371 CP.

3795 317 3897 372 860

522 447 676 502 facta
706 448 841 500 sunt
884 460 1069 500 nova:
1121 443 1169 499 si
1199 442 1333 515 quis
1360 444 1418 498 in
1447 444 1675 499 Christo
1737 449 1842 509 est,
1878 458 2034 498 nova
2084 444 2170 496 est

2284 443 2457 511 γέγονε
2505 444 2570 493 τὰ
2625 444 2794 493 πάντα
2846 442 3018 493 καινάν
3078 442 3122 492 εἴ
3186 459 3265 501 τις
3334 439 3383 490 ἒν
3434 447 3679 513 Χριστῷ,
3742 448 3894 500 καινή

523 542 814 591 creatura.
851 558 877 584 »
911 535 1030 605 Ego
1085 534 1265 597 enim,
1312 533 1522 604 inquit,
1582 532 1726 587 nihil
1779 532 1919 587 novi
1972 531 2168 586 video.

520 628 727 680 Nonne
750 640 887 679 vero
906 624 1093 678 habes
1120 622 1344 691 oculos,
1382 629 1441 677 ut
1464 639 1534 678 ea
1551 623 1893 694 perspicere
1916 622 2111 692 possis
2144 622 2172 677 ?

519 713 850 777 Adesdum,
878 719 934 767 et
961 712 1174 767 faciam
1218 712 1318 766 tibi
1362 711 1590 779 oculos,
1623 716 1685 767 ut
1726 711 1950 765 videas.
2010 711 2172 765 Tune

520 819 657 857 vero
684 801 887 857 oculos
923 802 1030 857 das
1057 802 1083 855 ‘?
1138 802 1261 856 Imo
1294 816 1452 856 vero.
1505 804 1663 856 Tune
1715 802 1994 856 Conditor
2051 816 2114 853 es
2144 798 2170 851 ‘I

525 892 750 963 Utique.
786 894 988 945 Nonne
1018 896 1211 945 mente
1240 896 1450 962 captus
1473 907 1536 943 es
1567 890 1593 944 ?
1624 890 1993 961 Neutiquam.
2023 890 2169 944 Ocu-

518 980 687 1035 losne
713 982 914 1052 itaque
946 981 1210 1050 corporis
1236 978 1382 1034 facis
1412 978 1439 1032 ‘I
1474 982 1598 1035 Non
1658 995 1819 1041 sane,
1856 979 1976 1043 sed,
2006 976 2171 1049 quod

518 1068 652 1140 plus
685 1069 854 1133 valet,
894 1071 1135 1124 mentis.
1176 1070 1375 1139 Itaque
1418 1074 1473 1123 et
1502 1069 1644 1123 mihi
1688 1068 1893 1123 oculos
1940 1083 2117 1138 paras
2149 1071 2172 1115 ?

518 1157 614 1211 Vel
648 1160 928 1213 maxime.
949 1161 1153 1212 Nonne
1176 1173 1310 1212 vero
1342 1173 1444 1212 eos
1477 1157 1671 1213 habeo
1702 1158 1729 1211 ‘?
1762 1156 2022 1211 Minime.
2056 1154 2168 1211 Sed

517 1250 577 1300 tu
604 1246 789 1301 habes
814 1246 842 1299 Ῠ
868 1248 1095 1318 Utique.
1123 1247 1245 1315 Dic,
1275 1263 1494 1318 quaeso,
1530 1247 1834 1318 quomodo
1864 1246 1890 1299 ?
1923 1245 2091 1310 Quod
2122 1244 2168 1299 si

516 1338 580 1390 tu
606 1335 896 1407 templum
928 1336 1227 1406 ingressus
1260 1335 1491 1391 nudum
1523 1336 1603 1390 ibi
1651 1335 2060 1397 simulacrum,
2117 1339 2172 1388 et

516 1424 1028 1495 mutumlapidem
1072 1425 1298 1487 videas,
1359 1424 1661 1496 dicasque,
1697 1425 1796 1480 Hic
1853 1429 1940 1479 est
1994 1425 2167 1490 Deus,

516 1528 665 1568 num
692 1513 897 1570 oculos
920 1518 1057 1568 tunc
1082 1512 1270 1568 habes
1301 1515 1328 1569 ‘I
1353 1516 1545 1584 Neque
1586 1514 1745 1568 enim
1765 1512 1987 1567 externi
2015 1512 2170 1567 oculi

515 1601 850 1673 quidquam
875 1606 1140 1673 prosunt,
1181 1602 1424 1674 quando
1458 1603 1700 1657 internis
1729 1606 1933 1673 captus
1966 1620 2046 1656 es.
2082 1602 2171 1655 Vi-

514 1691 621 1745 des
650 1691 845 1761 itaque
873 1707 1113 1746 necesse
1140 1708 1287 1754 esse,
1317 1697 1379 1746 ut
1405 1692 1608 1745 oculos
1644 1692 1745 1746 tibi
1788 1707 2013 1762 parem,
2045 1706 2167 1762 quo

2282 534 2498 597 κτίσις;
2536 553 2561 580 ››
2599 531 2696 602 ἐγὼ
2736 533 2857 603 γὰρ,
2912 533 3060 602 φησὶ,
3112 532 3286 581 καινὸν
3347 526 3495 581 ούδὲν
3549 528 3765 601 βλέπω.
3829 534 3899 583 03

2281 623 2381 692 γὰρ
2423 624 2565 691 ἔχεις
2600 620 2910 692 ὀφθαλμοὺς,
2967 620 3047 670 ἵνα
3098 615 3221 690 ἴδῃς
3276 625 3485 685 ratam;
3551 625 3739 692 Δεῦρο,
3816 627 3901 672 καὶ

2283 714 2486 767 ποιήσω
2539 729 2621 761 σοι
2687 708 2998 780 ὀφθαλμοὺς,
3052 712 3141 758 καὶ
3202 708 3410 780 ὁράσεις
3463 708 3594 778 (22)·
3665 714 3775 760 Καὶ
3840 716 3902 761 σύ

2285 807 2446 859 ποιεῖς
2512 798 2861 870 ὀφθαλμούς;
2920 801 3041 849 Ναί.
3111 802 3207 848 Καὶ
3262 792 3589 870 δημιουργὸς
3650 793 3735 861 εἷ;
3805 803 3901 850 Καὶ

2282 891 2435 941 πάνυ,
2467 893 2531 939 Σύ
2558 891 2802 943 ἀπονενοη
2815 906 2903 938 σαι
2932 903 2945 951 ;
2972 886 3135 956 Ούχί.
3162 889 3363 936 Οὐκοῦν
3386 892 3546 945 ποιεῖς
3564 884 3682 955 ('23)
3706 886 3903 957 6;»9a1-

2281 981 2406 1049 μούς
2436 986 2526 1029 τοῦ
2561 983 2797 1048 σώματος
2823 993 2835 1042 ;
2865 979 2959 1027 0'3'
2998 974 3122 1025 ἀλλά
3168 978 3225 1025 τὸ
3260 978 3456 1040 μεῖζον,
3488 983 3575 1033 τῆς
3628 971 3901 1037 διανοίας·

2285 1073 2383 1119 Καὶ
2421 1074 2581 1125 ποιεῖς
2620 1087 2708 1138 μοι
2760 1067 3093 1136 ὀφθαλμούς
3128 1063 3390 1116 Μάλιστα.
3445 1064 3519 1114 Ού
3574 1067 3680 1137 γὰρ
3733 1068 3902 1135 Exeo;

2282 1155 2448 1227 Οὐχί.
2472 1160 2536 1206 Σύ
2566 1152 2623 1207 δὲ
2644 1159 2783 1226 ἔχεις
2815 1172 2828 1221 ;
2861 1158 2981 1206 Ναί.
3020 1159 3130 1213 Πῶς
3158 1169 3170 1218 ;
3202 1156 3314 1204 εἰπέ
3333 1171 3441 1224 μοι.
3471 1151 3633 1204 Ὀταν
3668 1152 3907 1223 auram;

2282 1244 2351 1305 εἰς
2402 1249 2540 1311 ναὸν,
2597 1250 2685 1296 καὶ
2744 1240 2865 1316 ἴδῃς
2924 1242 3025 1294 ἐκεῖ
3073 1241 3247 1304 ξόανον
3287 1245 3498 1313 γυμνὸν,
3554 1241 3695 1293 λίθον
3751 1244 3907 1314 sipu-

2279 1354 2384 1402 νον,
2438 1339 2525 1385 καὶ
2576 1337 2745 1405 εἴπῃς·
2799 1332 2963 1393 Οὗτος
3031 1333 3055 1383 6
3116 1336 3244 1391 Θεὸς
3323 1330 3479 1382 ἐστιν·
3536 1325 3639 1403 ἆρα
3703 1331 3904 1403 63:69:1-

2282 1427 2409 1495 μούς
2458 1426 2598 1495 ἔχεις
2631 1440 2643 1488 ;
2673 1427 2743 1494 μὴ
2777 1424 2877 1495 γὰρ
2926 1420 3099 1493 ὄφελὸς
3147 1440 3198 1471 τι
3246 1439 3344 1471 των
3393 1420 3574 1481 ἔξωθεν
3607 1418 3905 1491 ὀφθαλμῶν

2283 1522 2379 1565 τῶν
2432 1510 2575 1564 ἔνδον
2636 1514 3059 1585 πεπηριι›μένων;
3131 1509 3282 1583 Ὀρᾲς
3348 1510 3425 1560 ὅτι
3497 1513 3689 1582 χρείαν
3755 1512 3907 1581 ἔχεις

2285 1605 2367 1653 ῖνα
2422 1606 2627 1659 ποιήσω
2674 1620 2757 1653 σοι
2812 1599 3120 1671 ὀφθαλμοὺς,
3174 1601 3309 1649 ὥστε
3348 1600 3433 1649 τὸν
3477 1597 3622 1648 λίθον
3675 1617 3733 1649 σε
3765 1596 3906 1649 ἰδεῖν

2280 1693 2441 1763 λίθον,
2496 1697 2583 1743 καὶ
2635 1695 2692 1743 τὸ
2747 1691 2915 1755 ξύλον,
2976 1690 3142 1752 ξύλον·
3199 1688 3490 1760 ὀφθαλμούς
3548 1690 3711 1759 ἔχεις,
3774 1691 3905 1740 ὅταν

514 1779 776 1849 lapidem
814 1780 1015 1834 videas
1065 1796 1192 1832 esse
1233 1779 1518 1852 lapidem,
1561 1786 1611 1837 et
1664 1780 1893 1849 lignum
1938 1797 2069 1835 esse
2101 1780 2170 1833 li-

2284 1779 2406 1854 ἳδῃς
2455 1782 2620 1847 ξύλον,
2670 1785 2757 1832 καὶ
2806 1784 3195 1852 προσκυνήσῃς
3246 1782 3335 1829 καὶ
3373 1775 3539 1827 λαϐὼν
3592 1776 3715 1847 £7013,
3766 1778 3904 1829 αὐτὸ

515 1882 724 1937 gnum.
758 1868 971 1923 Oculos
1000 1868 1208 1933 habes,
1245 1876 1305 1923 ut
1339 1870 1546 1924 videns
1576 1870 1806 1939 lignum
1851 1870 1995 1924 illud
2027 1870 2167 1923 ado-

514 1972 609 2012 res
637 1958 664 2012 ‘I
696 1960 813 2027 Ego
843 1974 980 2013 vero
1008 1958 1145 2012 illud
1170 1958 1544 2013 comburam.
1582 1962 1733 2014 Num
1760 1960 1937 2029 igitur
1967 1959 2168 2014 oculos

514 2044 726 2114 habes,
758 2046 862 2116 qui
889 2046 1054 2112 illud,
1108 2047 1266 2117 quod
1298 2048 1685 2111 comburitur,
1730 2050 1917 2105 Deum
1970 2049 2173 2121 appel-

515 2134 652 2191 les?
684 2137 874 2191 Homo
900 2136 1113 2208 aliquis
1139 2136 1341 2193 ebrius
1382 2143 1488 2205 est,
1546 2142 1602 2193 et
1654 2138 2052 2205 cicumfertur,
2116 2145 2173 2195 et

515 2224 826 2291 deridetur,
861 2231 917 2281 et
944 2241 1016 2281 ex
1046 2226 1288 2281 homine
1320 2227 1549 2282 ratione
1593 2228 1910 2283 destitutus
1955 2228 2169 2283 evadit.

515 2314 597 2368 Tu
622 2330 763 2369 vero
790 2314 921 2369 ais:
974 2315 1297 2370 Ebriositas
1343 2316 1487 2370 deus
1536 2322 1641 2382 est,
1695 2317 2007 2383 Bacchus;
2053 2316 2171 2371 fur-

514 2408 643 2458 tum
663 2402 808 2457 deus
831 2408 939 2467 est,
970 2404 1307 2459 Mercurius.
1333 2404 1610 2475 Videsne,
1642 2406 1828 2461 oculis
1878 2405 1981 2461 tibi
2010 2421 2165 2476 opus

517 2507 648 2545 esse
678 2490 705 2545 ‘I
738 2492 851 2544 Lex
876 2507 1063 2561 prava
1098 2492 1265 2562 punit
1292 2508 1305 2556 ;
1342 2497 1403 2547 tu
1441 2510 1599 2557 vero,
1636 2510 1705 2549 ea
1738 2498 1997 2565 patrans.
2028 2493 2173 2548 nihil

520 2579 717 2633 sentis.
751 2580 903 2643 Jam,
952 2595 1153 2651 quaso
1205 2587 1278 2647 te,
1322 2582 1559 2637 attende
1608 2583 1917 2655 quomodo
1966 2581 2173 2638 omnia

520 2667 678 2722 facta
735 2667 852 2721 sint
910 2682 1084 2723 nova.
1144 2672 1423 2725 Creatura
1470 2671 1528 2725 in
1580 2672 1879 2743 Scriptura
1927 2677 2174 2727 vocatur

518 2771 635 2811 non
660 2755 873 2823 solum,
907 2758 1154 2828 quando
1194 2758 1416 2830 aliquid
1451 2776 1521 2814 ex
1566 2760 1753 2815 nihilo
1784 2778 1914 2816 esse
1946 2762 2169 2832 incipit,

518 2847 622 2899 sed
653 2851 708 2900 et
730 2846 977 2916 quando
993 2846 1239 2918 aliquid,
1272 2848 1429 2918 quod
1454 2854 1558 2913 est,
1579 2849 1637 2904 in
1660 2850 1869 2905 melius
1891 2857 2171 2905 mutatur.

520 2936 672 2989 Deus
724 2934 941 2989 coelum
991 2936 1273 3001 condidit,
1314 2937 1427 2993 hoc
1482 2943 1593 3003 est,
1641 2938 1775 2993 fecit
1832 2939 2059 3012 aliquid
2105 2957 2171 2996 ex

517 3022 742 3077 nihilo:
778 3023 928 3077 idem
963 3040 1102 3079 vero
1145 3024 1321 3080 etiam
1353 3033 1532 3094 creat,
1568 3028 1814 3099 quando
1863 3030 2171 3084 hominem

516 3111 770 3183 impium
803 3112 1030 3168 bonum
1063 3113 1258 3169 efﬁcit.
1294 3118 1483 3187 Atque
1520 3117 1613 3172 hic
1645 3133 1841 3174 creare
1874 3119 2032 3174 idem
2066 3125 2169 3186 est,
2204 3132 2244 3188 ε

508 3202 682 3272 quod
709 3202 934 3273 aliquid
966 3204 1023 3257 in
1065 3205 1277 3259 melius
1310 3212 1567 3263 mutare.
1608 3208 1750 3263 Audi
1795 3225 1972 3280 porro
2006 3210 2171 3265 Davi-

517 3290 657 3345 dem
684 3291 1047 3362 loquentem.
1102 3293 1393 3359 Quoniam
1442 3296 1599 3351 enim
1650 3297 1743 3352 ille
1792 3304 1848 3352 et
1894 3316 1996 3353 cor
2045 3300 2173 3369 ejus

517 3386 784 3433 creatum
812 3386 953 3444 erat,
997 3381 1288 3437 adulterio
1311 3400 1450 3439 vero
1470 3392 1525 3439 et
1548 3386 1705 3441 caede
1728 3388 2167 3459 inquinabatur,

516 3473 574 3522 et
597 3466 677 3522 ad
714 3469 939 3524 caedem
988 3470 1303 3537 ferebatur,
1360 3474 1545 3529 Deum
1594 3483 1886 3545 precatur,
1932 3485 1987 3531 et
2047 3476 2167 3532 ait:

520 3579 549 3606 ιι
580 3558 689 3612 Cor
718 3573 942 3612 novum
973 3574 1107 3613 crea
1137 3560 1196 3613 in
1230 3578 1342 3630 me,
1371 3564 1524 3618 Deus
1560 3566 1606 3598 ³ο
1640 3581 1652 3630 ;
1685 3585 1711 3617 »
1748 3581 1870 3620 non
1901 3566 2171 3637 quidem,

515 3645 681 3717 quod
711 3652 847 3700 ante
879 3662 1001 3701 non
1048 3648 1304 3703 habebat
1337 3666 1456 3715 cor,
1500 3652 1648 3707 sicut
1697 3669 1801 3708 nec
1848 3655 1921 3709 de
1973 3656 2167 3711 cordis

2282 1876 2482 1925 καύσω.
2516 1872 2651 1945 Ἀρα
2699 1873 2835 1941 ἔχεις
2867 1868 3156 1941 ὀφθαλμούς
3201 1870 3257 1917 τὸ
3298 1872 3565 1937 καιόμενον
3612 1870 3746 1918 Θεὸν
3789 1868 3905 1918 ὀνο-

2282 1962 2461 2033 μάζων
2496 1977 2509 2025 ;
2543 1962 2663 2012 ὅταν
2712 1962 2777 2011 τα
2828 1960 2967 2015 πάθη
3023 1959 3291 2020 θεοποιεῖς,
3343 1954 3636 2027 ὀφθαλμούς
3696 1958 3847 2025 ἔχεις
3887 1973 3901 2017 ;

2283 2052 2458 2122 μεθύει
2520 2051 2545 2101 6
2597 2050 2886 2122 ἄνθρωπος,
2960 2051 3048 2098 καὶ
3130 2049 3473 2119 περιφέρεται,

2283 2139 2513 2211 γελὰται·
2566 2143 2654 2189 καὶ
2715 2142 2913 2209 γίνεται
2980 2134 3090 2187 ἀντὶ
3163 2140 3255 2186 τοῦ
3328 2132 3601 2206 ἀνθρώπου
3678 2133 3899 2202 ἄλογος.

2286 2233 2351 2282 Σὺ
2401 2225 2459 2281 δὲ
2517 2228 2695 2298 λέγεις·
2745 2226 2801 2278 Ἡ
2862 2227 2988 2289 μέθη
3045 2227 3174 2285 θεὸς,
3237 2225 3263 2273 ὁ
3308 2228 3571 2283 Διονυσος·
3628 2224 3657 2279 ἡ
3722 2222 3898 2278 κλοπὴ

2289 2320 2417 2380 θεὸς,
2474 2320 2499 2369 6
2555 2317 2759 2391 Ἐρμῆς
2820 2318 2963 2390 ὁρᾷς,
3020 2318 3097 2366 ὅτι
3152 2318 3311 2386 χρεία
3360 2332 3443 2363 σοι
3500 2311 3785 2383 ὀφθαλμῶν
3824 2330 3838 2379 ;
3875 2315 3900 2364 ὁ

2285 2414 2440 2481 νόμος
2478 2411 2543 2460 τὰ
2607 2409 2746 2465 πάθη
2802 2405 3028 2465 κολάζει·
3089 2409 3178 2455 καὶ
3238 2406 3301 2454 σὺ
3350 2408 3518 2453 ταῦτα
3576 2410 3743 2452 ποιῶν
3804 2402 3903 2452 οὐκ

2286 2498 2507 2570 αἰσθάνῃ
2542 2515 2555 2564 ;
2599 2497 2641 2548 εἰ
2690 2494 2868 2567 βούλει
2901 2491 3003 2559 δελ
3027 2498 3283 2568 προσχες,
3335 2494 3474 2552 ὅπως
3501 2494 3681 2562 γέγονε
3723 2494 3905 2542 πάντα

2285 2590 2457 2641 καινά.
2527 2591 2710 2645 Κτίσις
2758 2584 2805 2636 ἐν
2841 2592 2902 2656 τῇ
2967 2590 3142 2657 Γραφῇ
3202 2582 3421 2653 λέγεται,
3469 2583 3499 2637 ἡ
3546 2580 3607 2631 ού
3645 2585 3808 2651 μόνον
3847 2579 3904 2631 ἐκ

2286 2685 2377 2729 τοῦ
2408 2681 2477 2749 μὴ
2528 2680 2665 2735 ὄντος
2710 2674 2782 2735 εἰς
2820 2675 3039 2726 τὸεῖναι
3081 2675 3394 2745 παραγωγὴ,
3447 2668 3575 2721 ἀλλὰ
3619 2674 3711 2721 καὶ
3765 2671 3799 2726 ἡ
3847 2670 3903 2721 ἐκ

2286 2776 2376 2819 τοῦ
2427 2772 2559 2826 ὄντος
2605 2769 2686 2817 ἐπὶ
2738 2768 2792 2816 τὸ
2844 2762 3044 2835 βέλτιον
3085 2760 3362 2834 μεταϐολή.
3410 2758 3649 2812 Ἐκτισεν
3698 2760 3723 2809 6
3769 2764 3902 2821 Θεὸς

2286 2862 2370 2909 τὸν
2427 2856 2656 2928 ονᾶρανόνσ
2716 2859 2870 2907 τούτο
2924 2851 3061 2903 ἐστιν
3115 2849 3169 2901 ἐκ
3222 2856 3312 2902 τοῦ
3356 2853 3428 2921 μὴ
3480 2852 3623 2909 ὄντος
3662 2848 3902 2919 ἐργάσα-

2289 2949 2431 2998 σθαι·
2487 2946 2673 3010 κτίζει,
2708 2948 2796 2995 καὶ
2849 2944 2967 2993 ὅταν
3020 2944 3106 2993 τὸν
3151 2943 3374 3011 πονηρὸν
3422 2940 3691 3012 ἄνθρωπον
3734 2939 3897 2989 καλὸν

2288 3036 2670 3110 ἀπεργάσηται·
2724 3032 2940 3083 ἐνταῦθα
2992 3034 3049 3081 τὸ
3098 3030 3293 3088 κτίζειν
3353 3027 3494 3079 ἐστὶν
3534 3025 3618 3078 ἐπὶ
3660 3030 3723 3077 τὸ
3774 3026 3897 3107 βέλ-

2286 3146 2391 3177 τιον
2454 3123 2730 3197 μεταϐολή.
2791 3127 2891 3174 Καὶ
2946 3122 3170 3171 ἄκουσον
3244 3124 3335 3169 τοῦ
3394 3112 3561 3168 Δαϐὶδ
3626 3115 3892 3187 λέγοντος·

2286 3211 2465 3271 ἐπειδὴ
2503 3216 2598 3286 γαρ
2641 3213 2700 3270 ἦν
2746 3211 2901 3271 αὐτὸς
2946 3215 3034 3261 καὶ
3078 3210 3107 3266 ἡ
3151 3203 3350 3279 καρδία
3393 3206 3551 3258 αὐτοῦ
3583 3204 3888 3277 ἐκτισμένη,

2285 3305 2551 3380 ἐρρυπώθη
2613 3300 2671 3354 δὲ
2726 3309 2787 3372 τῇ
2836 3302 3075 3372 μοιχείᾳ,
3133 3302 3221 3348 καὶ
3278 3306 3350 3368 τῷ
3396 3301 3547 3367 φόνῳ,
3604 3300 3695 3346 καὶ
3762 3300 3893 3367 πρὸς

2286 3398 2476 3468 φθορὰν
2529 3395 2851 3462 κατεφέρετο,
2902 3385 3191 3459 παρακαλεῖ
3239 3388 3325 3437 τὸν
3385 3389 3536 3451 Θεὸν,
3588 3389 3678 3435 καὶ
3724 3383 3884 3454 λέγει·

2285 3503 2313 3533 ‹‹
2350 3478 2583 3557 Καρδίαν
2623 3482 2854 3553 καθαρὰν
2884 3482 3065 3529 κτίσον
3110 3474 3156 3526 ἐν
3187 3474 3318 3547 ἐμοὶ,
3354 3477 3378 3525 6
3409 3479 3551 3535 Θεὸς,
3583 3496 3609 3523 ››
3645 3473 3772 3544 Ούχ
3808 3475 3893 3524 ὄτι

2283 3578 2528 3647 πρότερον
2581 3570 2674 3622 ούκ
2732 3569 2844 3639 εἶχε
2896 3561 3142 3639 καρδίαν
3205 3560 3327 3616 οὐδὲ
3385 3568 3501 3637 περὶ
3557 3570 3653 3622 τῆς
3701 3563 3892 3621 οὐσίας

2284 3670 2373 3722 τῆς
2421 3656 2639 3736 καρδίας
2694 3663 2844 3728 λέγει,
2892 3655 3020 3707 ἀλλὰ
3070 3659 3187 3727 περὶ
3233 3662 3325 3715 τῆς
3372 3656 3675 3724 κοσμούσης
3724 3652 3891 3710 αὐτὴν

3552 2048 3643 2095 καὶ
3727 2062 3905 2095 κατα-

514 3734 792 3799 essentia,
828 3735 933 3789 sed
966 3734 1039 3789 de
1080 3738 1328 3807 optima,
1384 3756 1517 3810 quas
1568 3742 1713 3797 illud
1743 3749 1934 3809 ornat,
1970 3746 2174 3800 condi-

514 3822 678 3879 tione
701 3823 983 3894 loquitur.
1017 3824 1191 3880 Vides
1218 3827 1417 3899 itaque
1448 3830 1613 3901 quod
1640 3838 1912 3888 creatura
1935 3840 2173 3890 vocetur

516 3927 639 3968 non
671 3911 874 3976 solum,
930 3914 979 3968 si
1009 3929 1081 3968 ex
1132 3916 1317 3972 nihilo
1372 3919 1599 3991 aliquid
1649 3923 1897 3977 existere
1947 3921 2170 3994 incipit,

515 4002 621 4057 sed
655 4003 853 4065 etiam,
879 4004 927 4057 si
952 4004 1098 4074 quid
1130 4007 1332 4076 quoad
1364 4010 1683 4065 essentiam
1725 4016 2074 4083 corruptum
2109 4013 2171 4067 in

2285 3750 2503 3824 ἀρίστης
2556 3749 2834 3808 πολιτείας.
2883 3743 3023 3798 Ἰδοὺ
3097 3748 3266 3796 τοίνυν
3329 3747 3497 3803 κτίσις
3546 3742 3771 3813 λέγεται,
3829 3742 3891 3792 ού

2283 3847 2434 3913 μόνον
2473 3842 2502 3898 ἡ
2538 3838 2591 3890 ἐκ
2626 3846 2716 3889 τού
2756 3842 2827 3909 μὴ
2862 3839 3005 3895 ὄντος
3046 3833 3116 3895 εἰς
3147 3836 3204 3885 τὸ
3238 3829 3367 3884 εἶναι
3398 3835 3715 3905 παραγωγὴ,
3762 3830 3893 3882 ἀλλὰ

2283 3932 2429 3985 καὶὴ
2466 3938 2557 3991 τῆς
2598 3927 2781 3988 οὐσίας
2817 3923 3201 3997 διαφθαρείσης
3250 3922 3322 3983 εἰς
3366 3925 3421 3973 τὸ
3478 3919 3676 3975 Βέλτιον
3732 3939 3891 3992 μετα.

2284 4020 2427 4078 ϐολη·
2489 4019 2622 4071 οὕτω
2674 4017 2909 4076 κτίζεται
2970 4021 3184 4085 σώφρων
3241 4013 3271 4069 ἠ
3325 4016 3510 4086 πόρνη,
3558 4012 3720 4071 ούτως
3752 4009 3893 4068 ἐλεή-

515 4090 730 4147 melius
789 4098 1062 4149 mutetur.
1115 4094 1201 4151 Ita
1256 4100 1529 4154 meretrix
1589 4101 1891 4166 conditur,
1957 4102 2002 4156 si
2060 4101 2165 4158 ﬁat

515 4186 679 4237 casta
706 4199 723 4251 ;
752 4181 833 4238 ita
860 4198 1067 4254 rapax,
1098 4185 1147 4239 si
1174 4187 1389 4243 evadat
1414 4190 1773 4247 misericors.
1798 4190 1963 4246 Itain
1991 4206 2167 4247 ovem

517 4276 783 4327 mutatur
827 4271 1028 4344 lupus,
1059 4279 1115 4329 et
1167 4276 1226 4330 in
1280 4277 1627 4335 columbam
1676 4280 1984 4351 accipiter.
2048 4284 2174 4337 Duo

516 4359 715 4432 itaque
748 4367 885 4415 sunt
911 4363 1225 4419 creationis
1255 4381 1489 4435 genera.
1527 4369 1838 4440 PrOpterea
1870 4370 2050 4426 etiam
2091 4370 2172 4426 la-

2283 4132 2390 4184 μων
2440 4111 2465 4159 6
2518 4106 2709 4181 ἅρπαξο
2770 4105 2904 4157 οὕτω
2973 4101 3346 4176 μεταϐάλλεται
3401 4100 3467 4160 εἰς
3532 4098 3792 4171 πρόϐατον
3862 4102 3889 4151 6

2281 4202 2449 4265 λύκος,
2499 4202 2588 4249 καὶ
2628 4198 2653 4248 6
2705 4194 2845 4268 ἱέραξ
2893 4193 2965 4253 εἰς
3012 4193 3341 4267 περιστεράν·
3393 4186 3488 4241 δύο
3537 4194 3758 4250 κτίσεις.
3793 4194 3891 4241 Δια

2283 4297 2435 4341 τοῦτο
2478 4292 2566 4339 καὶ
2635 4288 2693 4338 τὸ
2748 4284 2964 4357 λουτρὸν
3002 4286 3203 4353 κτίσμα
3253 4281 3477 4352 λέγεται·
3552 4283 3609 4331 τὸ
3666 4278 3889 4350 λουτρὸν

2282 4378 2412 4450 λέγω
2460 4385 2555 4438 τῆς
2605 4374 3017 4446 παλιγγενεσίας,
3061 4393 3088 4421 ‹‹
3119 4367 3540 4442 Ἀποδυσάμενοι
3577 4372 3700 4440 γὰρ,
3732 4374 3889 4441 φησὶ,

519 4463 761 4503 vacrum
802 4449 1014 4506 dicitur
1043 4453 1279 4521 creatio,
1330 4457 1659 4529 lavacrum,
1720 4460 1979 4531 inquam,
2007 4476 2167 4530 rege-

2284 4449 2368 4519 τὸν
2400 4466 2615 4520 παλαιὸν
2669 4464 2957 4538 ἄνθρωπον,
3006 4457 3348 4533 ἐνδυσάμενοι
3397 4455 3457 4511 δε
3508 4462 3594 4510 τὸν
3638 4462 3768 4525 νέον,
3800 4462 3889 4509 τὸν

520 4538 862 4593 nerationis.
898 4559 925 4590 «
976 4543 1267 4597 Exuentes
1312 4546 1471 4599 enim
1508 4547 1718 4618 inquit,
1745 4548 2050 4604 hominem
2085 4565 2172 4605 ve-

522 4629 729 4694 terem,
763 4627 1075 4685 iuduentes
1103 4637 1300 4689 autem
1368 4650 1614 4706 novum,
1661 4638 1761 4709 qui
1792 4644 2175 4710 regeneratus

522 4720 609 4770 est
639 4717 717 4771 ad
746 4717 1070 4788 imaginem
1125 4722 1272 4792 ejus,
1320 4726 1424 4796 qui
1466 4742 1603 4781 eum
1651 4727 1938 4782 condidit.
1998 4724 2174 4783 Vides

519 4805 739 4878 itaque,
783 4809 949 4879 quod
979 4826 1137 4867 nova
1168 4811 1364 4884 aliqua
1386 4815 1457 4871 sit
1486 4822 1778 4872 creatura.
1833 4817 1979 4882 Quid
2015 4817 2175 4873 enim

521 4895 669 4951 mihi
691 4897 948 4969 prodest,
979 4900 1025 4954 si
1053 4901 1265 4956 coelum
1291 4902 1393 4957 ﬁat
1423 4920 1663 4972 novum,
1696 4912 1752 4962 et
1792 4914 1947 4963 terra
1994 4923 2174 4974 nova,

490 4980 493 4983 ’
522 4999 663 5054 ergo
692 5002 828 5041 vero
862 4990 1118 5058 peccatis
1150 4992 1525 5049 inveteravi?
1556 4997 1782 5052 Caelum
1813 4998 2033 5053 domus
2061 5003 2168 5060 est,

524 5089 637 5144 ego
673 5090 814 5131 vero
840 5077 901 5132 in
936 5093 1007 5135 eo
1042 5077 1308 5137 diversor
1352 5088 1410 5139 et
1438 5092 1684 5156 aegroto.
1717 5088 1970 5153 Quando
1994 5085 2179 5142 medi-

600 5264 648 5299 ⁸ο
678 5261 836 5319 Psal.
872 5281 921 5337 L,
957 5268 1039 5322 lt.

2285 4556 2683 4629 ἀναγεννώμενον
2724 4554 2838 4606 κατ’
2870 4553 3041 4605 εἰκόνα
3068 4557 3156 4602 τοῦ
3188 4554 3461 4608 κτίσαντος
3493 4548 3648 4600 αὐτόν
3679 4547 3821 4619 (24),
3858 4568 3886 4596 υ

2282 4647 2438 4720 Ὀρᾴς
2467 4643 2553 4698 οὖν
2602 4647 2681 4697 ὅτι
2711 4642 2823 4696 ἐστὶ
2861 4646 3010 4698 καινὴ
3058 4646 3253 4699 κτίσις,
3304 4643 3366 4690 Τί
3409 4641 3508 4710 γὰρ
3554 4657 3643 4709 μοι
3687 4636 3889 4709 ὄφελος,

2285 4738 2369 4789 ἐὰν
2399 4741 2612 4807 γένηται
2661 4736 2685 4785 6
2735 4733 2949 4802 οὐρανὸς
2979 4733 3172 4793 καινὸς,
3223 4733 3312 4779 καὶ
3351 4736 3417 4799 γῆ
3470 4732 3643 4796 καινὴ,
3686 4725 3786 4797 ἐγὼ
3832 4725 3896 4778 ὸε

2285 4834 2400 4887 ταῖς
2478 4825 2757 4900 ἁμαρτίαις
2860 4819 3275 4890 πεπαλαίωμαις
3358 4819 3383 4868 6
3460 4816 3675 4891 οὐρανὸς
3753 4816 3897 4876 οἶκός

2287 4916 2448 4980 ἐστιν,
2493 4914 2587 4986 ἐγὼ
2622 4909 2679 4965 δὲ
2731 4913 2754 4963 6
2788 4908 3123 4982 διαιτώμενος
3156 4907 3202 4958 ἐν
3233 4907 3393 4977 αύτῷ,
3427 4910 3512 4957 καὶ
3550 4912 3738 4960 νοσῶν,
3776 4905 3895 4956 Ἐὰν

2291 5005 2465 5075 ἰατρὸς
2539 5004 2609 5064 εἰς
2659 5006 2750 5060 τὴν
2810 5001 2978 5052 οἰκίαν
3049 5005 3138 5050 τοῦ
3196 4995 3587 5071 ἀρρωστούντος
3646 4993 3894 5057 εἰσέλθοι,

2290 5099 2381 5146 καὶ
2441 5100 2532 5145 τοῦ
2581 5095 2670 5166 μὲν
2716 5088 2965 5163 οὐδεμίαν
3013 5092 3257 5163 πρόνοιαν
3304 5083 3472 5152 λάϐοι,
3528 5083 3785 5136 λενκαίνει
3834 5080 3897 5135 δε

2072 5466 2115 5520 Ν
2123 5462 2304 5522 ΟΤλΕ.

585 5627 702 5708 (2.2.).
726 5626 889 5708 991*»
912 5635 999 5683 καὶ
1032 5594 1175 5708 δρᾷς·

596 5700 709 5777 (23)
732 5700 917 5770 Idem,
946 5700 1188 5763 ποίήοίον.

2359 5640 2731 5716 (24)_(_}_oloss.
2773 5636 3004 5716 1_u,_tO,_
3038 5634 3140 5692 ubi
3188 5638 3393 5692 tamen
3430 5630 3607 5691 hodie
3656 5629 3895 5689 codices

2288 5709 2562 5772 nonnihil
2586 5711 2751 5770 aliter
2787 5709 3037 5769 habent.
