3926 6190
127 308 202 364 861
581 388 594 396 ⁸
901 297 997 352 AD
1035 295 1594 356 AMPHILOCHIUM
1635 297 1966 366 omnem
2000 299 2241 368 LXVIII,
2287 299 2524 357 CLXIX.
3294 308 3396 364 δερ

126 437 218 490 τοὺς
260 432 461 498 τοίχους,
504 428 587 476 καὶ
636 431 1004 497 χρυσογραφεῖ
1057 428 1145 476 τὸν
1199 429 1403 498 ὀροφον,
1454 424 1547 476 οὐκ
1605 423 1640 475 ἆ

1830 443 1855 479 s
1909 428 2107 497 aegroti
2179 429 2429 484 domum
2476 427 2794 492 intraverit,
2840 427 3125 500 nullaque
3197 432 3404 489 habita

125 517 228 578 εἶπες
273 516 410 585 αὐτῷ,
437 513 712 586 Ἄνθρωπε,
748 511 1043 571 ἀνάστησον
1096 517 1182 565 τὸν
1232 521 1483 566 νοσοῦντα
1525 529 1538 542 ⁸
1590 517 1639 564 τί

124 613 194 664 τὴν
229 606 370 658 οἰκίαν
414 601 777 672 καλλωπίζειςς
813 600 1084 674 βοήθησον
1131 611 1204 673 τῷ
1261 607 1496 675 κειμένῳ.
1541 606 1642 655 Καὶ

123 697 350 768 ὀΧριστὸς
387 690 602 748 εἰσῆλθεν
647 690 715 750 εἰς
761 694 847 742 τὸν
902 698 1098 762 κόσμον
1129 699 1327 755 τοῦτον,
1362 691 1410 742 ἐν
1551 709 1642 741 κα-

121 787 366 853 τακειμένην
395 781 520 849 εὗρεν
566 785 658 836 τὴν
709 782 863 850 φύσιν
909 799 1007 852 μου
1053 788 1337 848 νοσοῦσαν,
1369 785 1459 831 καὶ
1512 782 1643 852 πρὸς

119 878 190 929 τὴν
223 873 456 944 Θεραπείαν
502 869 655 927 αὐτῆς
703 868 908 920 ἅπαντα
938 865 1155 939 δέχεται
1194 871 1278 920 τὸν
1323 868 1516 939 ἀγῶνα,
1553 873 1641 920 καὶ

120 961 397 1022 ἀνακαινίζει,
429 963 510 1009 καὶ
561 957 772 1032 ἁνορθοῖ
815 963 908 1016 τὴν
962 961 1136 1030 φύσιν.
1177 964 1240 1010 Τί
1291 954 1378 1011 οὖν
1426 961 1514 1010 τὸν
1560 957 1641 1009 ἰα-

117 1055 208 1124 τρὸν
250 1048 522 1119 μέμφῃ,ὃτι
572 1052 642 1115 μὴ
703 1053 867 1098 ταῦτα
914 1045 1072 1099 ἐποίει
1102 1062 1116 1076 ·
1154 1051 1242 1098 τὸν
1302 1050 1528 1120 Χριστὸν
1583 1043 1641 1099 δὲ

118 1137 230 1190 πάλιν
268 1138 355 1188 ὑπὸ
393 1144 561 1208 μῶμον
600 1144 783 1200 ποιεῖς,
826 1138 904 1188 ὅτι
929 1144 1096 1188 ταῦτα
1119 1143 1297 1206 natet;
1333 1136 1466 1188 οὕτω
1513 1155 1644 1210 παρ-

115 1227 230 1286 ῆλθεν
264 1228 320 1277 τὰ
362 1224 590 1299 ἀρχαῖα·
625 1225 760 1276 οὕτω
828 1229 1006 1296 γέγονε
1068 1228 1132 1277 τὰ
1193 1206 1363 1277 πάντα
1431 1228 1584 1276 καινά
1626 1243 1638 1254 ·

114 1316 215 1366 οὕτω
246 1320 377 1372 καινὴ
424 1319 593 1375 κτίσις
624 1335 635 1346 ο
669 1319 757 1366 καὶ
805 1319 969 1387 μυρία
1019 1314 1080 1366 ἄν
1140 1334 1220 1375 τις
1264 1322 1482 1367 τοιαῦτα
1528 1313 1643 1367 ἐπι-

115 1405 300 1475 maan
311 1445 321 1456 .

577 1605 894 1654 ΕΡΩΤΗΣΙΣ
943 1599 1104 1654 ΡΞΗ’.

105 1848 175 1898 Διά
194 1846 304 1922 τίγό
344 1847 673 1922 ’Δπόστολος,
705 1849 826 1922 ὅταν
873 1853 988 1921 περὶ
1037 1855 1270 1922 Χριστοῦ
1311 1843 1641 1922 διαλέγηται,

157 1941 179 1992 ιι
207 1921 394 1992 Θάνατον
425 1942 450 1969 »
482 1919 634 1972 καλεῖ
659 1923 745 1971 τὸν
777 1916 966 1972 ἐκείνοι)
998 1916 1215 1973 θάνατον
1251 1937 1262 1948 ·
1288 1921 1406 1972 ὅταν
1439 1916 1498 1971 δὲ
1527 1923 1644 1992 περὶ

154 1987 269 2064 [τῆς]
294 1992 445 2062 ἡμῶν,
471 2010 500 2042 ‹(
538 1997 785 2065 χοίριησιν
814 2008 827 2058 ;
852 2011 880 2044 »

1751 516 1952 584 aegroti
1985 531 2146 586 cura,
2183 532 2376 572 muros
2395 517 2782 583 dealbaverit,
2839 523 3180 589 tectumque
3208 523 3404 576 aureis

1751 605 2052 660 ornaverit
2081 605 2307 673 ﬁguris,
2332 620 2529 659 nonne
2551 604 2625 660 ad
2660 621 2797 660 eum
2821 605 3060 672 dixeris,
3095 607 3161 663 Mi
3196 609 3404 676 homo,

1752 693 1941 747 excita
1959 701 2244 762 aegrotum
2275 709 2288 758 ;
2311 694 2455 765 quid
2475 694 2724 748 domum
2745 711 2924 750 ornas
2949 695 3138 764 ?juva
3155 697 3404 753 decum-

1752 780 2013 836 bentem.
2050 783 2131 836 Ita
2153 781 2409 838 Christus
2426 783 2976 854 quoquemundum
2999 784 3157 839 hunc
3180 785 3400 855 ingres-

1752 885 1854 924 sus
1887 875 1992 936 est,
2026 870 2086 925 in
2117 886 2237 942 quo
2268 874 2544 926 naturam
2578 887 2766 927 meam
2797 879 3182 942 aegrotantem
3215 881 3270 930 et
3308 875 3407 930 de-

1753 959 2134 1014 cumbentem
2193 960 2455 1027 invenit;
2508 960 2689 1032 inque
2745 979 2812 1016 ea
2845 963 3121 1017 sananda
3162 981 3406 1020 omnem

1755 1064 2002 1120 operam
2051 1048 2320 1114 collocat,
2354 1058 2712 1122 renovatque
2741 1055 3014 1106 naturam
3047 1057 3103 1106 et
3133 1053 3401 1109 restituit.

1757 1137 1910 1203 Quid
1936 1137 2113 1208 igitur
2145 1138 2444 1193 medicum
2475 1138 2705 1210 culpas,
2737 1140 2898 1210 quod
2949 1140 3092 1195 illud
3115 1157 3232 1196 non
3260 1141 3403 1197 fece-

1755 1228 1832 1283 rit
1855 1225 1882 1280 ?
1911 1225 2142 1282 Christo
2171 1242 2308 1282 vero
2345 1227 2481 1282 vitio
2522 1228 2715 1291 vertis,
2760 1229 2924 1299 quod
2965 1228 3163 1284 fecerit
3193 1230 3339 1285 illud
3378 1232 3406 1286 ?

1753 1315 1840 1372 Ita
1872 1315 2236 1372 transierunt
2265 1321 2461 1371 vetera
2494 1316 2606 1380 ;ita
2627 1317 2833 1371 omnia
2855 1317 3010 1373 facta
3042 1326 3176 1372 sunt
3207 1334 3400 1384 nova;

1751 1406 1834 1461 ita
1861 1420 2022 1460 nova
2051 1404 2208 1460 facta
2232 1411 2319 1460 est
2372 1411 2644 1460 creatura
2687 1421 2698 1461 :
2729 1405 3071 1476 cujusmodi
3101 1423 3243 1464 sane
3273 1408 3404 1464 inﬁ-

1753 1494 1882 1551 nita
1911 1493 2126 1566 aliquis
2166 1493 2441 1549 attulerit.

1897 1600 2213 1666 QU/ESTIO
2239 1600 2494 1658 CLXVIII
2536 1599 2737 1669 [CoisL
2787 1599 3036 1669 CXCVII,
3071 1604 3251 1660 Taur.

2380 1689 2732 1762 CLXXXVH}

1756 1839 1943 1905 Quare
1970 1837 2286 1906 Apostolus
2307 1835 2379 1891 de
2419 1835 2654 1892 Christo
2687 1835 2950 1904 loquens,
2986 1840 3232 1890 mortem
3278 1837 3403 1905 ejus

1757 1932 1785 1964 α
1813 1915 2075 1975 mortem,
2109 1931 2137 1958 »
2170 1911 2428 1964 nostram
2457 1921 2592 1962 vero
2621 1927 2647 1956 ι(
2671 1921 2938 1962 somnum
2961 1907 3230 1976 appellat
3260 1907 3349 1960 31?
3373 1927 3400 1959 ››

145 2176 375 2227 Editarum
397 2192 427 2228 a
450 2178 652 2228 Wolﬁo
673 2179 934 2242 vigesima
963 2192 1103 2227 nona
1131 2179 1189 2232 u,
1231 2192 1303 2242 c.,_
1321 2191 1371 2240 p.
1398 2177 1506 2224 813.
1535 2171 1783 2242 βαιιαηάπ
1808 2170 1843 2218 1.
1877 2182 2020 2242 c.._p.
2049 2166 2158 2242 ’ἵξῃ
2286 2161 2648 2242 {Bri-3,99
2666 2163 2866 2242 Διξιρξεεδ⁸
2895 2159 3088 2242 Christi
3130 2162 3343 2226 proprio

413 2224 1666 2304 mortis—nonfin‘eﬁdesirgnatavapud'Apostolum,
1695 2234 1786 2299 qui
1829 2224 2054 2281 mortbm
2091 2227 2326 2276 ﬁdelium
2372 2225 2631 2273 somnium
2663 2224 2972 2287 appellavit.

147 2415 198 2462 Τί
222 2407 414 2478 δήποτε,
449 2413 575 2464 ὅταν
615 2415 703 2483 μὲν
759 2415 879 2485 περὶ
927 2419 1018 2464 τοῦ
1051 2416 1282 2484 Χριστοῦ
1333 2404 1641 2478 διαλέγηται

95 2499 270 2561 Παῦλος,
317 2503 533 2553 θάνατον
607 2500 749 2552 καλεί
813 2503 899 2552 τὸν
965 2501 1156 2552 ἐκείνου
1232 2499 1466 2564 θάνατον,
1521 2496 1643 2547 ὅταιι

93 2580 139 2636 δέ
176 2592 274 2661 περὶ
344 2597 435 2651 τῆς
504 2583 767 2662 ἡμετέρας
809 2589 1089 2655 τελευτῆς,,
1141 2593 1390 2660 κοίμησιν
1460 2584 1640 2653 αὐτὴν,

90 2678 157 2724 καὶ
198 2675 247 2726 οὗ
297 2678 506 2731 θάνατον
550 2678 792 2751 ὀνομάζει
822 2697 834 2746 ;
869 2682 964 2730 Καὶ
1009 2680 1110 2751 γὰρ
1144 2676 1191 2728 ἐν
1231 2685 1300 2746 τῷ
1333 2676 1472 2744 αὐτῷ
1509 2675 1643 2744 λόγῳ

91 2767 228 2833 τρίτον
280 2769 529 2836 μνησθεὶς
597 2767 713 2838 ('25)
770 2775 862 2827 τῆς
923 2765 1153 2826 τελευτῆς
1208 2774 1306 2817 τῶν
1341 2763 1642 2836 ἀνθρώπων,

88 2848 282 2923 οὐδαμοῦ
325 2857 552 2909 Θάνατον
589 2856 745 2928 λέγει,
800 2854 926 2908 ἀλλὰ
999 2859 1245 2927 κοίμησιν
1285 2857 1377 2911 τὴν
1439 2852 1644 2922 ἀναχώ-

90 2958 211 3010 ρησιν
256 2943 383 3015 λέγει
442 2948 586 3017 (26).
648 2946 722 2997 Οὐ
761 2948 859 3019 γὰρ
906 2950 1177 3018 παρέργως
1223 2946 1385 3015 ταύτῃ
1441 2944 1645 3013 κέχρη-

85 3048 149 3102 ται
172 3040 253 3083 τῶν
289 3033 462 3098 λέξεων
511 3043 582 3107 τῇ
631 3039 1013 3109 παρατηρήσει,
1063 3033 1189 3085 ἀλλά
1247 3037 1401 3104 σοφόν
1451 3051 1501 3083 τι
1558 3033 1643 3081 καὶ

1824 2402 1960 2467 Quae
2014 2412 2198 2454 causa
2250 2400 2342 2452 est
2388 2410 2493 2450 cur
2542 2392 2781 2458 Paulus,
2825 2391 2899 2447 de
2949 2392 3178 2448 Christo
3227 2391 3408 2448 disse-

1752 2505 1908 2554 rens,
1954 2491 2202 2543 mortem
2234 2485 2364 2555 ejus
2395 2489 2641 2538 mortem
2681 2486 2872 2547 vocat,
2905 2480 2978 2535 de
3011 2485 3214 2535 nostro
3265 2496 3406 2535 vero

1753 2579 1916 2635 obitu
1957 2578 2230 2650 loquens,
2258 2590 2397 2629 eum
2418 2587 2701 2637 somnum,
2727 2586 2847 2626 non
2897 2575 3096 2625 autem
3133 2576 3403 2635 mortem,

1756 2668 2018 2740 appellat
2047 2666 2074 2721 ‘?
2107 2667 2169 2720 In
2204 2663 2414 2720 eodem
2447 2662 2595 2717 enim
2637 2661 2768 2716 loco
2811 2666 3060 2715 mortem
3091 2659 3406 2714 hominum

1757 2763 1841 2813 ter
1857 2770 2355 2824 commemorans,
2373 2751 2709 2806 discessum
2728 2749 2894 2804 illum
2924 2764 3235 2819 nunquam
3259 2764 3411 2802 mor-

1757 2848 1846 2912 tis,
1903 2847 2005 2902 sed
2056 2859 2290 2915 semper
2344 2840 2538 2896 somni
2590 2840 2826 2894 nomine
2873 2835 3152 2908 appellat.
3208 2839 3408 2906 Neque

1756 2936 1914 2990 enim
1939 2935 2062 2988 sine
2093 2948 2278 2988 causa
2305 2931 2418 2985 hac
2449 2945 2588 2984 voce
2638 2933 2921 3000 perpetuo
2969 2941 3107 2978 usus
3147 2929 3254 2991 est;
3305 2923 3408 2979 sed

1757 3025 2048 3094 sapienter
2079 3022 2216 3092 egit,
2264 3024 2321 3074 et
2367 3017 2718 3089 praeclarum
2767 3013 2996 3086 aliquid
3031 3011 3404 3081 signiﬁcavit.

87 3122 190 3188 μέγα
223 3126 626 3185 καῒκσκευάζει.
675 3125 798 3178 Ἐπὶ
850 3126 939 3195 μὲν
990 3119 1077 3175 οὖν
1124 3130 1214 3174 τον
1269 3128 1502 3193 Χριστοῦ
1553 3121 1644 3171 θά-

1824 3113 1984 3167 ιὶιίοθῐ
2015 3111 2088 3165 de
2115 3109 2341 3165 Christo
2371 3108 2576 3162 mortis
2604 3120 2822 3159 nomen
2850 3101 3113 3168 adhibet,
3165 3106 3231 3156 ut
3278 3115 3408 3171 per-

83 3227 200 3261 νατον
248 3211 404 3278 καλεῖ,
463 3216 558 3266 ἵνα
608 3217 666 3266 τὸ
732 3215 898 3274 πάθος
963 3218 1298 3270 πιστώσηται
1356 3229 1368 3241 ·
1429 3208 1511 3260 ἐπὶ
1587 3204 1645 3259 δὲ

85 3297 216 3366 ἐμῶν,
255 3307 523 3372 κοίμησιν,
607 3305 690 3354 ἵνα
759 3306 852 3360 τὴν
923 3297 1113 3358 ὀδύνην
1171 3301 1641 3375 παραμυθήσηται.

84 3383 206 3440 Ἔνθα
245 3395 332 3463 μὲν
386 3395 486 3468 γὰρ
554 3397 934 3465 παρεχώρησεν
997 3393 1022 3448 ἡ
1087 3388 1390 3451 ἀνάστασις,
1447 3386 1644 3460 θαρρῶν

77 3476 190 3529 καλεῖ
236 3483 446 3534 θάνατον
481 3501 494 3512 ·
545 3484 668 3534 ἔνθα
722 3478 781 3533 δὲ
832 3483 881 3532 ἐν
929 3479 1128 3532 ἐλπίσιν
1155 3483 1230 3531 ἔτι
1255 3483 1412 3551 μένει,
1456 3481 1646 3548 κοίμη-

81 3582 144 3615 σιν
161 3568 289 3621 καλεῖ
319 3587 330 3600 ⁸
364 3576 452 3624 καὶ
504 3568 608 3624 διὰ
644 3573 838 3632 ταύτης
886 3570 1344 3643 παραμυθούμενος
1373 3570 1511 3639 ἡμᾶς
1552 3573 1646 3627 τῆς

76 3665 418 3732 πρθσηγορίας,
447 3666 544 3713 καὶ
593 3662 841 3734 χρηστὰς
889 3655 1103 3720 ἐλπίδας
1151 3659 1427 3710 ὑποτείνων
1473 3657 1598 3727 ἡμῖν
1631 3672 1644 3685 ο

78 3760 97 3791 ο
133 3749 218 3819 γὰρ
274 3768 599 3823 κοιμωμενος
658 3748 1008 3806 ἀναστήσεται
1074 3749 1276 3807 πάντως
1334 3765 1345 3778 ο
1398 3747 1505 3797 ἐπει
1560 3747 1650 3795 καὶ

74 3833 254 3897 Θάνατος
300 3837 453 3892 οῦδὲν
508 3841 682 3911 ἕτερον
733 3836 898 3906 ἐστιν,
955 3838 984 3896 ἡ
1033 3841 1417 3911 μακροχρόνιος
1466 3834 1646 3891 ὕπνος·

606 4021 918 4070 ΕΡΩΤΗΣΙΣ
939 4015 1100 4070 ΡΞΘ’.

171 4290 327 4351 Διατί,
364 4285 519 4358 ἀφεὶς
552 4289 646 4343 τὴν
677 4287 880 4358 ὄρασᾼιν,
909 4281 1131 4344 Ἠσαίας
1164 4287 1278 4356 περὶ
1307 4280 1527 4354 οὐρανοῦ

550 4363 640 4409 καὶ
659 4353 758 4429 γῆς
790 4353 1130 4428 διαλαμϐάνει
1159 4373 1172 4423 ;

1754 3201 2090 3276 pessionem
2116 3197 2289 3253 simul
2323 3196 2635 3252 confirmet
2665 3210 2678 3258 ;
2713 3194 2784 3248 de
2825 3191 2992 3246 nobis
3026 3205 3166 3245 vero
3217 3192 3404 3245 somni

1753 3291 1919 3360 illud,
1952 3295 2014 3344 ut
2041 3287 2234 3344 dolori
2259 3285 2467 3342 afferat
2497 3282 2796 3339 solatium.
2822 3281 2924 3337 Ubi
2961 3279 3120 3335 enim
3154 3294 3410 3334 resurre-

1755 3381 1866 3437 ctio
1892 3380 2019 3451 jam
2046 3381 2363 3433 consecuta
2395 3377 2503 3439 est,
2528 3371 2892 3428 conﬁdenter
2941 3374 3180 3424 mortem
3214 3367 3407 3423 nomi-

1754 3477 1854 3526 nat
1881 3486 1894 3536 ;
1951 3468 2049 3522 ubi
2078 3481 2215 3523 vero
2246 3480 2350 3537 spe
2394 3462 2589 3519 adhuc
2637 3461 2994 3532 praecipitur,
3023 3473 3275 3512 somnum
3304 3471 3409 3512 vo-

1756 3565 1869 3627 cat,
1911 3560 2045 3629 ipsa
2083 3558 2192 3611 hac
2221 3553 2620 3626 appellatione
2651 3556 2705 3606 et
2742 3566 2854 3606 nos
2886 3547 3324 3610 consolaturus,
3356 3551 3413 3602 et

1754 3649 1830 3705 ad
1885 3646 2200 3721 pulchram
2261 3659 2429 3714 spem
2501 3641 2882 3696 excitaturus.
2937 3639 3196 3693 Mortuus
3249 3635 3412 3690 enim

1757 3738 1996 3795 omnino
2021 3737 2304 3804 resurget,
2359 3730 2645 3803 quoniam
2695 3744 2858 3784 mors
2888 3727 3020 3798 ipsa
3062 3724 3210 3780 nihil
3249 3723 3413 3780 aliud

1759 3832 1869 3896 est,
1892 3841 2078 3900 quam
2110 3839 2362 3880 somnus
2388 3821 2599 3893 aliquis
2628 3819 2970 3874 diuturnus.

1937 4003 2250 4071 QUESTIO
2283 4001 2475 4056 CLXIX
2505 3998 2678 4071 [Coisl
2729 3997 2992 4071 CXCVIII,
3051 3995 3234 4049 Taur.

2400 4069 2781 4138 CLxxxvuu.

2050 4273 2259 4328 relicta
2304 4267 2544 4331 visione,
2616 4265 2804 4320 Isaias
2857 4263 2928 4320 de
2978 4261 3116 4318 cato
3168 4266 3221 4316 et
3251 4263 3414 4315 terra

1761 4276 1960 4343 Quare,
2050 4276 2259 4328 relicta
2304 4276 2544 4331 visione,
2616 4276 2724 4320 13a:

2432 4338 2724 4394 disserat?

647 4517 798 4567 Edita
826 4531 858 4566 a
881 4517 1016 4566 Maio
1041 4515 1194 4578 (Nov.
1220 4514 1370 4570 ουιι..
1397 4517 1435 4564 t.
1467 4513 1551 4574 IX,
1583 4528 1636 4577 p.

1824 4510 1932 4571 .05).
1986 4533 2046 4546 —
2077 4507 2134 4554 In
2164 4505 2312 4555 Isaias
2362 4503 2537 4560 verba,
2603 4501 2765 4560 1,4.2

124 4667 234 4720 Εἰπὲ
262 4674 357 4727 τήν
391 4671 585 4742 ὅρασιν
617 4669 679 4726 ἣν
711 4665 864 4721 εἶδεν·
898 4669 922 4720 ὀ
954 4664 1030 4720 δέ·
1061 4666 1314 4729 «Ἀκουε,
1338 4666 1538 4740 οὗρανὲ,
1562 4669 1644 4717 καὶ

1836 4661 1934 4717 Dic
1963 4661 2256 4717 visionem
2288 4672 2472 4729 quam
2507 4653 2652 4710 vidit
2682 4669 2694 4708 :
2723 4651 2818 4708 ille
2844 4654 3041 4707 autem
3078 4665 3089 4705 ε
3129 4668 3153 4699 α
3178 4646 3414 4712 Audite,

61 4757 304 4822 ἐνωτίζου,
341 4761 370 4817 ἡ
405 4767 478 4830 γῆ
522 4773 537 4788 '
580 4760 661 4810 ὅτι
718 4760 906 4831 Κύριος
934 4755 1197 4814 ἐλάλησεν.
1231 4779 1257 4805 ››
1286 4755 1448 4808 Ἀλλα
1495 4754 1651 4825 ἐπηγ-

58 4846 214 4913 γεῦω,
264 4854 354 4900 καὶ
411 4847 554 4900 ἄλλα
594 4846 790 4919 λέγειςς
853 4845 1143 4920 ἀρχόμενος
1196 4842 1326 4905 εἶπες
1364 4860 1376 4872 ’
1431 4842 1655 4917 Ὀρασις

58 4938 179 4987 κατὰ
211 4933 485 4998 Ἰουδαίας
531 4941 622 4988 καὶ
664 4939 801 4989 κατὰ
841 4934 1207 5010 Ἰερουσαλήμ,
1239 4938 1329 4987 καὶ
1379 4933 1523 5006 ἀφεὶς
1561 4937 1656 4991 τὴν

56 5018 318 5098 διήγησιν,
351 5027 568 5100 οὐρανῷ
596 5030 687 5080 καὶ
710 5033 775 5099 γῇ
811 5023 1027 5100 διαλέγῃ
1049 5039 1063 5056 ⁶
1094 5023 1294 5097 ἀφῆκας
1317 5026 1442 5086 τοὺς
1462 5022 1657 5099 ἀνθρὼ-

51 5198 92 5236 ¹¹
123 5203 290 5260 Rom.
325 5219 390 5276 ν,
449 5206 544 5260 to.

1765 4752 1914 4817 caeli,
1951 4756 2005 4805 et
2036 4748 2276 4806 auribus
2307 4745 2565 4818 percipe,
2606 4749 2779 4806 terra,
2813 4739 3102 4814 quoniam
3136 4736 3414 4793 Dominus

1765 4841 1995 4898 locutus
2009 4843 2113 4894 est.
2129 4858 2158 4891 »
2173 4836 2299 4892 Alia
2315 4835 2639 4892 annuntias
2657 4837 2712 4887 et
2728 4831 2843 4887 alia
2860 4828 3008 4884 dicis
3031 4827 3058 4882 ?
3074 4824 3414 4898 lncipiendo

1765 4931 1909 4987 dicis
1943 4948 2000 4985 ιιι
2025 4928 2184 4984 Visio
2215 4942 2393 4999 super
2412 4923 2642 4988 Judam,
2693 4926 2769 4987 et,
2800 4917 3143 4984 Jerusalem,
3176 4937 3199 4967 »
3221 4918 3297 4980 et,
3326 4929 3414 4969 re-

1765 5020 1906 5077 licta
1936 5018 2274 5076 narratione
2317 5022 2438 5080 tua,
2471 5011 2691 5069 coelum
2721 5015 2778 5066 et
2830 5014 3050 5066 terram
3079 5004 3414 5080 alloqueris.

1623 5353 1850 5413 NOTE.

118 5513 226 5588 (25)
280 5509 522 5588 Codex,
561 5509 740 5583 male,
775 5509 1035 5588 pana-9&9.

115 5571 222 5658 (263
245 5588 399 5644 Vide
429 5587 454 5641 Ι
483 5571 615 5643 Cor.
647 5571 744 5653 xv',
775 5571 864 5654 λϐ,
890 5588 978 5640 20.
1003 5571 1100 5648 ’21,
1129 5585 1186 5639 et
1206 5585 1248 5638 ll
1277 5582 1482 5639 Thess.
1515 5597 1591 5648 iv,
1620 5582 1644 5633 l

1824 5621 1828 5640 ,
1865 5578 1950 5633 l5.
1982 5577 2241 5648 Utroque
2273 5574 2331 5629 in
2353 5573 2482 5630 loco
2511 5572 2761 5630 verbum
2812 5571 3124 5645 κοιμᾶσθαι.
