4116 6194
494 282 599 338 863

1722 277 1962 335 PHOTII
2003 277 2488 336 PATRIARCHE
2520 280 2628 337 ΟΡ.

3758 283 3867 339 864

497 406 725 463 Relictis
748 402 1113 473 hominibus,
1152 421 1287 460 cum
1331 406 1615 462 creaturis
1648 401 2149 460 irrationabilibus

2267 424 2388 467 πους
2431 408 2520 457 καὶ
2567 411 2671 466 τοῖς
2716 403 2922 477 ἀλόγοις
2963 410 3250 478 στοιχείοις
3296 404 3716 481 προσδιαλέγη;
3770 412 3876 460 Ναὶ

492 495 868 552 conversaris
898 492 925 547 ‘f
973 494 1110 565 quia
1163 494 1604 550 irrationalibus
1654 494 1788 551 facti
1830 501 1963 548 sunt
2011 494 2149 548 irra-

494 586 837 641 tionaliores
887 582 993 654 qui
1044 583 1273 638 ratione
1324 584 1605 653 gaudent,
1660 589 1715 637 et
1747 599 1865 637 non
1906 588 2148 653 propter

493 674 637 730 illud
678 672 1083 740 solummodo,
1117 672 1219 727 sed
1252 678 1307 728 et
1335 674 1479 745 quia
1512 676 1764 743 Moyses,
1799 688 1937 726 cum
1990 672 2046 725 in
2080 686 2150 725 eo

496 768 649 819 esset
702 768 763 817 ut
820 760 949 816 illos
997 761 1075 817 ad
1124 767 1345 817 terram
1398 763 1759 833 promissam
1818 760 2146 826 deduceret,

495 850 693 906 futura
718 850 1073 922 praevidens,
1104 850 1246 905 dicit
1278 867 1289 904 :
1320 872 1348 899 ‹‹
1372 851 1600 915 Audite,
1642 849 1794 916 caeli,
1840 855 1893 905 et
1914 849 2151 920 loquar,

498 940 756 1003 attende,
786 946 958 1005 terra,
1000 938 1196 995 verbis
1248 940 1368 994 oris
1412 939 1598 993 mei".
1633 970 1699 980 --
1754 937 1981 1008 Adjuro
2026 953 2151 1001 vos,

498 1027 642 1083 dicit
706 1028 951 1099 Moyses,
1013 1044 1119 1099 per
1202 1028 1418 1083 coelum
1475 1034 1530 1083 et
1583 1031 1820 1091 terram,
1874 1025 2038 1098 quod
2107 1027 2154 1080 si

501 1117 754 1187 ingressi
806 1116 1030 1172 fueritis
1070 1116 1130 1171 in
1187 1124 1405 1172 terram
1451 1116 1815 1188 promissam
1856 1120 1909 1169 et
1949 1114 2155 1170 dereli-

499 1206 743 1279 queritis
805 1206 1121 1261 Dominum
1185 1206 1391 1273 Deum,
1461 1207 1520 1260 in
1596 1221 1807 1260 omnes
1888 1204 2154 1259 nationes

498 1295 923 1367 dispergemini
984 1297 1053 1346 ’5.
1102 1316 1131 1343 ››
1186 1294 1354 1350 Venit
1387 1309 1529 1364 ergo
1607 1294 1789 1349 Isaias
1835 1309 1849 1359 ;
1896 1292 2153 1365 jamjam

498 1384 677 1440 mina:
722 1391 859 1440 actu
885 1383 1257 1456 complendas
1289 1390 1478 1439 erant.
1516 1384 1783 1455 Moysem
1826 1386 2150 1447 mortuum,

495 1491 602 1532 nec
629 1474 757 1529 illos
816 1473 915 1545 qui
957 1479 1096 1529 tunc
1170 1473 1491 1529 audierant
1549 1489 1686 1527 eum
1766 1488 1979 1528 vocare
2033 1487 2153 1527 non

492 1570 685 1637 potest
718 1579 732 1629 ;
761 1562 1051 1634 reliquum
1100 1566 1187 1617 est
1228 1567 1286 1617 ut
1319 1568 1620 1617 creaturas
1648 1577 1794 1631 quas
1835 1567 1888 1614 et
1910 1561 1968 1614 in
1998 1561 2156 1615 testi-

497 1653 766 1709 monium
788 1654 1019 1706 vocavit
1046 1653 1275 1721 Moyses
1303 1657 1489 1706 vocet.
1512 1655 1785 1705 Attamen
1812 1649 1908 1703 ille
1936 1650 2151 1715 Aaron,

2261 500 2416 566 φησίν
2468 515 2481 527 ·
2542 491 2720 553 ἐπειδὴ
2784 504 2884 547 τῶν
2942 494 3140 567 ἀλόγων
3198 496 3523 572 ἁλωγώτεροι
3578 503 3873 569 γεγόνασιν

2260 586 2308 635 οἱ
2344 584 2570 655 λογικοί.
2615 590 2713 637 Καὶ
2768 584 2826 637 ού
2860 581 2953 637 διὰ
2983 594 3134 638 τοῦτο
3179 591 3354 659 μόνον,
3403 587 3530 639 ἀλλά
3574 592 3670 639 καὶ
3727 584 3879 638 διότι

2260 672 2450 744 μέλλων
2500 675 2524 724 6
2572 680 2803 735 Μωύσῆς
2850 674 3077 746 εἰσάγειν
3134 675 3319 737 αύτούς
3365 677 3433 737 εἰς
3473 682 3568 735 τήν
3622 684 3729 747 γῆν
3782 684 3880 736 τῆς

2263 760 2569 833 ἐπαγγελίας
2610 766 2694 815 καὶ
2748 772 2981 837 προορῶν
3041 767 3106 816 τὰ
3143 764 3390 836 μέλλοντα
3439 768 3676 829 ἔσεσθαι,
3738 764 3881 816 οὕτω

2262 857 2372 911 πώς
2402 869 2578 922 φησιν’
2611 872 2639 902 ‹‹
2670 850 2879 917 Ἀκουε,
2912 852 3113 925 ούρανὲ,
3154 860 3244 907 καὶ
3268 853 3475 913 λαλήσω
3507 875 3520 887 ·
3553 857 3883 927 προσεχέτω

2262 948 2330 1011 γῆ
2357 941 2556 1013 ῥήματι
2600 939 2653 991 ἐκ
2702 945 2957 1013 στόματός
2996 961 3116 1014 μου.
3156 974 3224 984 -
3255 947 3692 1019 Διαμαρτύρομαι
3730 944 3885 1014 ύμῖν,

2266 1034 2441 1101 φησὶν,
2480 1026 2751 1095 Ἰουδαῖοι,
2782 1034 2869 1082 τόν
2895 1030 3110 1104 οὐρανὸν
3140 1037 3226 1085 καὶ
3272 1037 3364 1090 τήν
3395 1041 3515 1104 γῆν,
3545 1035 3570 1084 6
3596 1040 3849 1091 Μωύσ-ῆς
3870 1049 3884 1061 ⁸

2265 1119 2344 1170 ὅτι
2397 1117 2480 1169 ἐὰν
2538 1118 2800 1176 εἰσελθητε
2855 1119 2922 1180 εἰς
2973 1124 3067 1177 τήν
3126 1130 3226 1193 γῆν
3270 1129 3366 1182 τῆς
3409 1120 3730 1192 ἐπαγγελίας
3797 1124 3886 1171 καὶ

2265 1206 2646 1278 ἐγκαταλίπητε
2679 1211 2867 1280 Κύριον
2906 1211 2994 1261 τόν
3043 1213 3187 1275 Θεὸν,
3222 1207 3769 1269 διασκεδασθήσεσθε
3812 1209 3887 1270 εἰς

2263 1297 2433 1347 πάντα
2478 1300 2542 1348 τὰ
2599 1298 2743 1354 ἔθνη.
2788 1317 2815 1348 ››
2860 1296 3019 1350 Ἦλθε
3070 1303 3240 1351 τοίνυν
3282 1298 3504 1361 Ἠσαίας
3536 1315 3553 1331 ο
3581 1298 3797 1371 ἔμελλεν
3854 1300 3883 1356 ή

2266 1384 2444 1443 ἀπειλή
2500 1387 2854 1460 περατοῦσθαι
2904 1405 2917 1416 ’
2963 1387 3057 1439 ούκ
3101 1385 3333 1446 ἠδύνατο
3396 1388 3566 1441 καλεῖν
3638 1392 3889 1442 Manios:

2264 1478 2349 1526 τὸν
2380 1471 2486 1532 ἤδη
2522 1476 2825 1541 τεθνηκότα,
2859 1472 2983 1529 οὐδὲ
3022 1481 3139 1537 τοὺς
3188 1482 3299 1530 τότε
3346 1476 3643 1538 ἀκηκοότας
3685 1493 3697 1505 ·
3761 1477 3885 1528 λοι-

2265 1566 2359 1615 πόν
2398 1566 2464 1615 τὰ
2500 1571 2742 1635 στοιχεῖα
2790 1564 2937 1617 καλεῖ
2986 1564 3115 1637 ἅπερ
3163 1563 3648 1640 διαμαρτυρόμενος
3697 1567 3891 1627 αὐτοῖς

2266 1650 2433 1704 ἐκάλει
2489 1658 2578 1705 καὶ
2634 1655 2658 1705 6
2708 1661 2942 1715 Μωυσῆς
2992 1673 3005 1686 ⁸
3060 1660 3237 1708 καίτοι
3290 1675 3349 1727 γε
3412 1657 3597 1717 ἐκεῖνος
3651 1661 3748 1708 καὶ
3800 1659 3891 1707 τὸν

499 1742 837 1812 multosque
868 1740 1016 1795 alios
1070 1739 1130 1793 in
1179 1740 1585 1794 testimonium
1644 1754 1857 1793 vocare
1898 1742 2152 1809 poterat,

2268 1744 2466 1815 Ἀαρὼν
2515 1738 2745 1799 ἠδύνατο
2817 1742 2986 1795 καλεῖν
3042 1744 3114 1806 εἰς
3169 1750 3458 1818 μαρτυρίαν
3510 1750 3601 1797 καὶ
3657 1744 3893 1805 πολλοπ

500 1830 604 1884 sed
635 1834 948 1901 propterea
995 1829 1191 1884 dicam
1248 1844 1358 1899 ego
1404 1844 1523 1883 non
1574 1826 1776 1883 vocari
1817 1826 1943 1881 illos
1992 1826 2157 1897 quod

502 1918 771 1974 morituri
807 1923 991 1980 erant,
1029 1934 1135 1973 nec
1187 1923 1359 1975 testes
1408 1917 1791 1990 superfuturi,
1827 1921 1881 1972 et
1911 1916 2049 1987 quia
2080 1914 2158 1971 ad

500 2009 848 2079 injustitiam
910 2006 1237 2063 inclinabat
1287 2008 1488 2063 Israel.
1548 2009 1750 2078 Itaque
1810 2005 2156 2077 superstites

500 2102 800 2154 creaturas
839 2097 896 2152 in
922 2098 1327 2153 testimonium
1358 2112 1528 2152 voco.
1565 2097 1653 2153 Sic
1695 2102 1748 2151 et
1786 2094 1967 2150 Isaias
2000 2093 2157 2159 facit,

501 2203 624 2244 non
647 2192 876 2243 tantum
917 2192 1153 2258 propter
1191 2186 1472 2258 exposita,
1504 2185 1607 2241 sed
1652 2190 1707 2241 et
1735 2184 1881 2257 quia
1919 2184 2160 2239 Iudaeos

501 2276 814 2344 allocutus,
876 2282 930 2332 et
984 2276 1113 2332 illos
1167 2291 1286 2332 non
1331 2274 1644 2331 audientes
1697 2274 2033 2338 inveniens,
2085 2272 2161 2327 ad

501 2371 803 2422 creaturas
834 2380 965 2420 sese
1003 2366 1293 2421 convertit
1341 2369 1397 2420 et
1443 2364 1574 2420 illas
1621 2364 1683 2419 in
1744 2360 2158 2419 testimonium

501 2471 706 2511 secum
756 2454 1027 2511 assumit.
1093 2453 1317 2520 Audite,
1362 2452 1517 2519 cceli,
1569 2468 1674 2508 vos
1727 2452 1881 2508 enim
1935 2465 2162 2507 manna

502 2543 793 2599 attulistis.
850 2543 1107 2597 Auribus
1157 2542 1412 2613 percipe,
1456 2548 1632 2609 terra,
1665 2546 1729 2597 tu
1777 2541 1937 2596 enim
1968 2545 2161 2595 cotur-

502 2634 697 2689 nicem
730 2631 943 2687 dedisti
974 2648 987 2697 ;
1013 2631 1231 2698 audite,
1266 2631 1420 2697 caeli,
1450 2647 1582 2704 quae
1615 2631 1775 2686 enim
1807 2635 1945 2685 sunt
1976 2644 2161 2701 supra

504 2727 783 2779 naturam
814 2720 925 2776 illis
956 2720 1354 2776 ministrastis.
1414 2720 1661 2775 Sursum
1711 2720 1923 2776 eodem
1982 2718 2163 2775 modo

508 2829 578 2869 ac
621 2810 855 2867 stabiliti
895 2810 1105 2875 fuistis,
1162 2808 1598 2882 permansistis,
1656 2815 1711 2865 et
1744 2808 2003 2866 formam
2058 2808 2163 2863 cir-

508 2902 625 2958 culi
670 2916 791 2957 non
831 2899 1085 2956 aversati
1111 2899 1276 2956 estis.
1308 2898 1561 2955 Auribus
1604 2899 1863 2971 percipe,
1898 2904 2069 2963 terra,
2102 2904 2163 2953 tu

510 2992 667 3049 enim
724 2990 1005 3047 deorsum
1036 2995 1092 3045 et
1130 2990 1331 3045 cibum
1363 2989 1497 3055 illis,
1533 2988 1696 3044 nulla
1728 2988 1958 3044 illorum
1998 2986 2162 3042 solli-

509 3080 764 3137 citudine
798 3078 1165 3136 ministrasti.
1196 3081 1510 3150 Propterea
1566 3077 1719 3133 alius
1759 3077 2052 3149 propheta
2074 3077 2161 3142 ’5',
2197 3109 2238 3167 Ο

509 3186 707 3242 regem
738 3170 1023 3224 furentem
1054 3168 1279 3232 videns,
1310 3167 1470 3223 idola
1488 3167 1798 3234 colentem,
1843 3167 2027 3221 Deum
2069 3165 2163 3221 in-

506 3259 677 3330 juriis
706 3261 1177 3330 persequentem,
1219 3256 1483 3327 aliosque
1532 3256 1593 3310 in
1654 3259 1897 3326 peccato
1936 3255 2163 3326 lapsos,

511 3348 587 3403 ad
614 3346 1097 3402 nullumillorum
1114 3360 1453 3400 sermonem
1472 3343 1631 3408 facit,
1663 3345 1763 3399 sed
1790 3359 2112 3399 conversus
2148 3358 2161 3399 :

507 3436 681 3498 Audi,
713 3436 923 3507 inquit,
957 3434 1162 3500 altare,
1195 3434 1335 3489 audi
1369 3449 1482 3488 me.
1504 3435 1698 3498 Quare
1737 3447 1879 3501 ergo
1911 3432 2161 3503 lapidem

506 3526 848 3597 alloquatur
876 3522 904 3578 ?
923 3523 1007 3578 [ta
1032 3538 1198 3587 sane,
1226 3523 1431 3594 inquit,
1462 3524 1604 3594 quia
1627 3538 1729 3577 rex
1761 3521 2165 3577 insensibilior

504 3620 591 3671 est
619 3613 841 3686 lapide.
863 3612 1034 3677 Audi,
1060 3612 1260 3678 altare,
1285 3612 1413 3666 hmo
1435 3612 1576 3666 dicit
1608 3611 1893 3665 Dominus
1919 3626 1932 3664 :
1969 3616 2024 3665 et
2046 3615 2161 3666 sta-

503 3705 605 3760 tim
647 3709 882 3774 ruptum
923 3706 1013 3757 est
1063 3701 1246 3756 altare
1277 3706 1331 3755 et
1362 3698 1670 3755 effractum
1714 3704 1804 3753 est
1842 3703 1897 3754 et
1938 3698 2163 3755 efﬂuxit

501 3792 742 3849 victima
777 3809 790 3858 ;
825 3792 1006 3846 homo
1035 3794 1233 3845 autem
1261 3804 1380 3844 non
1416 3787 1644 3844 audivit
1678 3805 1690 3855 ;
1724 3788 1824 3842 sed
1848 3788 2035 3843 tendit
2059 3804 2160 3844 rex

504 3898 717 3937 manus
758 3887 821 3935 ut
874 3879 1227 3951 prophetam
1280 3883 1532 3949 raperet.
1569 3879 1721 3933 Deus
1762 3885 1958 3932 autem
2010 3878 2156 3949 quid

501 3969 641 4026 facit
679 3972 707 4029 2
736 3972 973 4027 Manum
1004 3968 1157 4024 illius
1176 3967 1411 4023 aridam
1445 3965 1595 4021 fecit.
1622 3967 1749 4022 Non
1776 3967 1836 4021 in
1864 3966 2157 4038 principio

504 4076 751 4116 manum
778 4059 930 4115 illius
973 4059 1109 4114 facit
1136 4058 1384 4123 aridam,
1421 4063 1483 4113 ut
1519 4056 1736 4128 lapidis
1767 4056 2155 4113 sensibilitate

503 4149 825 4221 sapientior
874 4148 1171 4204 evaderet.
1239 4146 1482 4201 Volebat
1530 4146 1688 4201 enim
1748 4144 1937 4214 illum,
1997 4146 2159 4201 nulla

502 4238 805 4310 punitione
859 4236 1149 4302 adhibita,
1204 4235 1625 4307 sapientiorem
1658 4234 1803 4290 ﬁeri.
1861 4234 1973 4290 Sed
2014 4235 2159 4306 quia

500 4326 652 4400 lapis
692 4326 970 4384 effractus
995 4330 1155 4380 estet
1182 4329 1241 4380 tu
1290 4323 1369 4379 ad
1412 4323 1719 4379 meliorem
1760 4338 2004 4379 sensum
2036 4338 2157 4379 non

500 4416 742 4487 rediisti,
772 4421 979 4473 contra
1004 4420 1059 4470 te
1082 4416 1246 4486 justa
1272 4413 1361 4470 ira
1389 4428 1481 4469 me
1499 4416 1863 4469 convertam.

654 4681 975 4751 QUESTIO
1015 4682 1231 4740 CLXX.
1286 4681 1492 4756 ]Coisl.
1549 4680 1767 4751 CXCIX,
1836 4683 2018 4741 Taur.

1141 4770 1486 4847 CLXXXIX]

578 4918 717 4989 Qua
741 4926 824 4978 est
840 4920 1133 4991 parabola
1153 4918 1226 4975 de
1242 4918 1384 4988 ﬁlio,
1407 4923 1687 4991 paternas
1701 4915 2034 4985 facultates
2051 4916 2165 4975 sibi

574 4988 927 5122 ξὲἐὲἓριηξε,
994 4995 1047 5050 et
1099 4993 1161 5047 in
1215 4992 1381 5061 longe
1409 4988 1672 5045 άίεείεαιη
1705 4993 1929 5046 terram
1955 4991 2163 5061 proﬁci

2220 1964 2223 1965 ν
2268 1939 2410 1985 τους,

2268 1829 2467 1890 ἄλλους.
2506 1830 2664 1885 Ἀλλὰ
2708 1828 2802 1884 διὰ
2845 1841 3013 1897 τοῦτο,
3048 1838 3203 1905 φαίην
3229 1833 3309 1902 ἂν,
3345 1834 3439 1886 ούκ
3491 1833 3717 1887 ἐκάλεσα
3770 1837 3895 1886 τού-

2497 1917 2675 1978 ἐπειδή
2684 1940 2776 1996 περ
2871 1922 3074 1994 ἔμελλον

2272 2013 2343 2079 μή
2426 2017 2665 2082 παρεῖναι
2742 2012 2999 2085 μάρτυρες
3051 2029 3064 2042 ⁸

2271 2096 2510 2160 ἐξέκλινεν
2560 2100 2585 2150 6
2643 2099 2859 2172 Ἰσραήλ
2917 2117 2928 2129 ·
2964 2097 3049 2152 διὸ
3102 2104 3168 2153 τὰ
3214 2106 3434 2175 μένοντα
3484 2110 3738 2173 στοιχεῖα
3820 2102 3895 2163 εὶς

2271 2191 2562 2260 μαρτυρίαν
2638 2187 2800 2245 καλῶ.
2881 2189 3031 2241 Οὕτω
3109 2195 3200 2242 καὶ
3278 2189 3499 2251 Ἦσαῖας
3594 2197 3740 2242 ποιεῖ
3834 2190 3892 2242 ού

2273 2272 2367 2327 διὰ
2421 2277 2485 2327 τὰ
2522 2276 2767 2350 εἰρημένα
2816 2281 2989 2349 μόνον,
3026 2277 3156 2330 ἀλλὰ
3204 2284 3295 2332 καὶ
3340 2276 3521 2337 ἐπειδὴ
3579 2276 3896 2351 διαλεχθεὶς

2271 2371 2381 2426 τοῖς
2428 2361 2713 2426 Ἰουδαίοις
2766 2366 2878 2440 εὗρε
2947 2371 3019 2439 μὴ
3082 2366 3367 2429 ἀκούοντας
3434 2367 3615 2433 αὐτοῦ,
3677 2368 3767 2420 ἐπὶ
3830 2371 3895 2419 τὰ

2275 2461 2521 2525 στοιχεῖα
2626 2458 2921 2527 στρέφεται,
3000 2461 3092 2509 καὶ
3171 2459 3443 2532 μάρτυρας
3533 2457 3897 2531 παραλαμϐάο

2271 2562 2345 2594 νει
2402 2543 2561 2595 αὐτοῦ
2596 2558 2610 2572 ⁸
2652 2564 2681 2595 ι(
2728 2542 2937 2611 Ἀκουε,
2988 2545 3170 2620 ούρανέ
3221 2562 3238 2577 ⁸

3171 1922 3349 1976 ἐκεῖνοι
3448 1923 3692 1993 τελευτᾷν
3797 1928 3894 1975 καὶ

3120 2009 3330 2065 ἐπειδὰν
3403 2012 3474 2073 εἰς
3544 2018 3893 2087 παρανομίαν

3285 2568 3313 2596 ›)
3348 2550 3413 2599 σὺ
3613 2551 3676 2599 τὸ
3717 2548 3897 2618 μάννα

2272 2636 2512 2703 ἤνεγκας.
2539 2652 2567 2683 ι(
2588 2633 2881 2699 Ἐνωτίζου,
2906 2642 2973 2706 γῆ
3005 2655 3017 2667 ’
3048 2656 3075 2685 ›)
3112 2638 3176 2688 σὺ
3206 2638 3307 2711 γὰρ
3348 2641 3443 2695 τήν
3473 2636 3893 2710 ὀρτμγομήτρωι

2273 2717 2497 2783 ἔδωκας.
2526 2742 2549 2772 α
2580 2721 2789 2789 Ἀκουε,
2825 2723 3007 2797 ούρανέ
3034 2743 3045 2754 ·
3077 2745 3103 2773 ››
3139 2728 3205 2777 τὰ
3230 2728 3329 2799 γὰρ
3370 2728 3495 2798 ὑπὲρ
3528 2728 3686 2797 φύσιν
3713 2726 3896 2787 αὐτοῖς

2274 2807 2625 2884 ἐχορήγησας·
2658 2813 2763 2863 ἄνω
2812 2813 2932 2865 καθ’
2982 2812 3035 2865 ὃν
3075 2817 3263 2886 τρόπον
3319 2816 3630 2889 ἐστερεώθης
3692 2818 3891 2886 ἔμενες,

2272 2905 2362 2951 καὶ
2389 2904 2615 2972 μίμησιν
2634 2900 2738 2973 οὐχ
2757 2898 3025 2975 ὑπερεῖδες
3046 2903 3253 2964 ἅλωνος
3271 2927 3298 2955 ‹‹
3326 2904 3622 2973 Ἐνωτίζου,
3654 2912 3793 2975 γῆη»
3822 2911 3891 2957 σύ

2272 2990 2374 3061 γάρ
2435 2992 2576 3040 κάτω
2626 2986 2707 3056 ἧς,
2766 2996 2852 3043 καὶ
2907 2993 3170 3065 τράπεζαν
3228 2993 3404 3054 αὐτοῖς
3447 2996 3748 3068 παρετίθεις
3801 2995 3897 3046 αύ-

2274 3074 2577 3150 τοσχέδιον.
2630 3082 2725 3132 Διὰ
2775 3088 2927 3133 τοῦτο
2967 3088 3057 3134 καὶ
3104 3082 3273 3155 ἕτερος
3315 3088 3587 3157 προφήτης
3617 3084 3753 3155 ὁρῶν
3787 3082 3897 3155 βα-

2278 3167 2422 3220 σιλέα
2523 3173 2849 3241 μαινόμενον,
2929 3174 2993 3223 τὰ
3085 3168 3276 3225 εἴδωλα
3364 3172 3725 3246 λατρευόκενα,
3804 3178 3893 3226 τὸν

2276 3261 2404 3310 Θεὸν
2446 3256 2803 3332 ὑϐριζόμενον,
2853 3264 2969 3321 τούς
3016 3260 3197 3322 ἄλλους
3254 3260 3571 3333 ἐπτηχότας,
3619 3266 3752 3335 πρός
3809 3263 3897 3314 ού-

2277 3342 2400 3399 δίνα
2458 3350 2649 3399 τούτων
2704 3356 2929 3401 ποιεῖται
2981 3353 3067 3401 τόν
3113 3350 3281 3422 λόγον,
3339 3349 3448 3403 ἀλλ’
3502 3349 3889 3423 ἀποστραφεὶς,

2275 3441 2553 3504 Ἀκουσον,
2596 3442 2774 3509 φησὶν,
2813 3440 3212 3514 θυσιαστήριον,
3244 3441 3471 3493 ἄκουσόν
3517 3460 3640 3512 μου.
3673 3446 3739 3493 Τί
3798 3442 3888 3493 οὖν

2272 3524 2398 3597 λίθῳ
2428 3522 2642 3599 διαλέγῃ
2684 3544 2696 3593 ;
2738 3533 2861 3592 Ναὶ,
2911 3535 3088 3601 φησὶν,
3122 3527 3303 3588 ἐπειδὴ
3366 3532 3509 3582 λίθου
3562 3529 3886 3587 ἀναισθητόο

2272 3631 2411 3687 τερος
2453 3614 2477 3665 6
2523 3612 2787 3686 βασιλεύς.
2821 3615 3099 3683 Ἀκουσον,
3138 3619 3510 3691 θυσιαστήριον
3546 3635 3558 3646 ·
3588 3616 3722 3670 τάδε
3744 3620 3886 3689 λέγει

2274 3703 2467 3774 Κύριος
2502 3722 2513 3734 ·
2568 3708 2657 3755 καὶ
2705 3704 2885 3767 εὐθέως
2943 3709 3175 3778 ἐσχίσθη
3231 3711 3289 3759 τὸ
3350 3710 3734 3780 θυσιαστήριον
3792 3714 3885 3759 καὶ

2272 3787 2463 3864 ἐρράγη
2518 3798 2606 3844 καὶ
2666 3792 2837 3865 ἐξέχεε
2883 3799 2976 3853 τήν
3018 3797 3203 3848 θυσίαν
3237 3816 3249 3829 ’
3290 3798 3316 3848 6
3363 3794 3420 3849 δὲ
3468 3798 3743 3870 ἅνθρωπος
3786 3796 3885 3847 οὐκ

2271 3882 2493 3936 ἤκουσεν
2534 3898 2547 3911 '
2605 3880 2711 3933 ἀλλ’
2770 3882 2977 3937 ἐκτείνει
3030 3889 3123 3943 τήν
3180 3893 3341 3959 χεῖρα
3391 3888 3415 3937 6
3473 3884 3729 3958 βασιλεὺς
3787 3889 3880 3937 τὸν

2271 3976 2538 4043 προφήτην
2593 3970 2830 4044 ἁρπάσαι
2878 3972 3206 4047 βουλόμενος,
3236 3977 3261 4026 ὁ
3313 3972 3371 4027 δὲ
3423 3979 3551 4035 Θεός
3606 3981 3658 4026 τί
3692 3983 3881 4041 truci;

2272 4056 2507 4131 ἐξήρανεν
2538 4060 2697 4112 αὐτοῦ
2738 4066 2831 4119 τήν
2860 4071 3019 4136 χεῖρα
3053 4081 3063 4092 ·
3102 4064 3159 4116 ού
3217 4064 3449 4140 ξηραίνει
3503 4061 3561 4116 δὲ
3604 4063 3658 4127 ἐξ
3700 4063 3886 4139 ἀρχῆς

2272 4146 2428 4200 αὐτοῦ
2479 4154 2572 4207 τήν
2608 4156 2785 4225 χεῖρα,
2817 4152 2898 4203 ἵνα
2942 4161 3013 4223 τῷ
3061 4161 3151 4205 τοῦ
3207 4153 3353 4207 λίθου
3410 4156 3561 4206 πάθει
3615 4159 3884 4227 σωφρονέ-

2274 4256 2453 4312 στερος
2503 4242 2717 4310 γίνηται
2774 4257 2786 4270 ⁸

2271 4326 2425 4378 αύτόν
2472 4328 2731 4393 κολάσεως
2769 4334 3188 4406 σωφρονισθῆναι
3239 4350 3250 4363 ⁸

2837 4239 3068 4294 ἐϐούλετο
3118 4245 3216 4316 γὰρ
3277 4243 3433 4315 αύτὸν
3490 4245 3608 4295 ἄνευ
3658 4251 3758 4304 τῆς
3815 4243 3888 4303 εἰς

3304 4331 3410 4384 ἀλλ’
3461 4328 3640 4391 ἐπειδὴ
3700 4338 3795 4385 καὶ
3857 4335 3883 4384 6

2193 4417 2238 4471 D
2270 4414 2406 4476 λίθος
2432 4415 2662 4489 ἐσχίσθη
2692 4424 2780 4472 καὶ
2804 4424 2868 4472 σὺ
2886 4420 2944 4473 ού
2973 4418 3304 4496 διωρθώθης,
3338 4420 3422 4475 ἐπὶ
3458 4424 3513 4475 σε
3540 4426 3631 4480 τήν
3655 4418 3883 4474 δικαίαν

2273 4504 2433 4577 ὀργήν
2464 4506 2772 4583 ἐπιστρέφω.

2828 4690 3143 4743 ΕΡΩΤΗΣΙΣ
3182 4687 3299 4746 ro‘.

2272 4920 2417 4995 Tigri
2446 4919 2712 4995 παραϐολή
2741 4927 2830 4995 τοῦ
2860 4925 2953 4979 τὴν
2979 4925 3236 4995 πατρικήν
3267 4919 3450 4975 οὐσίαν
3478 4919 3754 4988 λαϐόντος,
3782 4929 3879 4977 καὶ

2346 4992 2417 5055 εἰς
2445 4989 2626 5067 χώραν
2658 4989 3104 5066 ἀποδημήσαντος
3131 4997 3337 5069 μακράν
3366 5010 3382 5063 ;

1032 5205 1307 5257 Editarnm
1331 5218 1365 5256 ἃ
1388 5204 1582 5258 Wolfio
1613 5204 1889 5271 trigesima
1919 5203 1975 5266 (Ι.
2000 5219 2045 5256 c.
2078 5220 2137 5270 p.

2269 5244 2281 5265 ,
2311 5207 2419 5256 815.
2453 5206 2693 5257 Galland.
2727 5222 2781 5272 p.
2810 5208 2918 5265 751,
2956 5209 3062 5268 752,
3097 5222 3155 5260 n.
3192 5209 3271 5264 46)

575 5383 677 5443 Illa
732 5400 803 5441 eo
855 5384 1123 5458 pertinet,
1170 5387 1335 5458 quod
1383 5388 1684 5460 justorum
1739 5388 1952 5445 cohors
1985 5380 2178 5443 domi-

2355 5384 2476 5440 Ὀτι
2526 5391 2584 5440 τὸ
2637 5390 2815 5461 τάγμα
2855 5397 2952 5442 τῶν
3013 5384 3235 5442 δικαίων
3277 5390 3335 5442 ού
3366 5387 3611 5464 βούλεται
3654 5389 3726 5451 εἰς
3758 5392 3883 5444 ἐαυο

584 5556 628 5597 ³⁸
663 5558 825 5627 Deut,
856 5571 1037 5613 χχιιι.
1074 5556 1122 5612 1.
1152 5558 1200 5592 ²⁶
1224 5555 1388 5614 Deut.
1418 5574 1557 5625 xxx,
1596 5563 1645 5613 1.
1674 5560 1740 5594 ²⁶⁹
1764 5557 1833 5612 IlI
1862 5557 2012 5627 Reg.
2035 5572 2156 5621 XIII,

2300 5557 2344 5593 ’⁷
2394 5557 2529 5613 Luc.
2561 5572 2658 5625 xv,
2688 5560 2778 5617 13.
