3926 6190
152 283 243 344 863

149 416 223 465 τόν
283 410 497 482 ἁρπάσαι
555 411 645 465 τὴν
701 405 938 469 ἐξουσίαν
1005 417 1106 462 τῶν
1193 411 1518 482 κτισμάτων,
1583 407 1690 460 ἀλλ’
1723 410 1769 464 Α

147 503 231 554 ύπό
272 505 356 557 τὴν
396 505 480 549 τού
526 503 754 570 Σωτῆρος
789 500 1032 570 πρόνοιαν
1078 498 1208 552 θέλει
1245 500 1452 551 κεῖσθαι
1495 500 1560 550 τὰ
1602 506 1691 558 τῆς

147 589 438 658 οἰκονομίας·
492 581 573 639 διὸ
627 589 716 638 καὶ
766 587 796 644 ἠ
847 585 1114 661 παραϐολὴ
1159 591 1245 640 τὸν
1302 592 1542 661 νεώτερον
1587 586 1691 638 εἰσ-

145 680 258 747 άγει,
300 673 504 727 λαϐόντα
549 677 639 732 τὴν
691 679 950 748 πατρικὴν
993 675 1198 742 ούσίαν,
1240 675 1306 736 εἰς
1355 681 1536 750 χώραν
1568 674 1690 728 ἀπο-

146 761 354 836 δημῆσαι
380 765 573 837 μακράν
601 779 618 796 θ
650 765 709 815 τό
741 760 799 816 δε
835 772 1005 836 μῆκος
1033 764 1093 816 ού
1126 761 1369 826 σταδίοις
1396 761 1687 830 διετείνετο,

144 852 251 905 ἀλλὰ
306 857 500 924 τρόποις
557 851 900 914 ἓξετοπίςετο.
971 858 1071 906 Καὶ
1125 855 1227 928 ’γὰρ
1304 855 1330 906 6
1385 853 1691 925 ἁμαρτάνων

142 944 312 1014 μακρὰν
354 945 538 1012 γίνεται
588 947 742 1004 Θεοῦ,
791 941 849 993 ού
894 946 1056 1013 τόπῳ,
1090 941 1219 996 ἀλλὰ
1263 949 1458 1017 τρόπῳ.
1507 940 1691 996 Λαϐὼν

143 1025 191 1082 δε
257 1033 339 1087 τὴν
414 1029 590 1081 οὐσίαν
669 1034 764 1087 τὴν
841 1034 1101 1103 πατρικὴν
1171 1030 1430 1085 ἀπώλεσεν
1505 1031 1687 1096 αὐτὴν,

142 1117 324 1180 ἀσώτως
374 1118 494 1178 ζῶν.
531 1116 744 1170 Ἔλαϐεν
799 1118 943 1177 ἣλιον
993 1119 1067 1182 εἰς
1126 1119 1434 1186 ἀπόλαυσιν,
1490 1124 1579 1172 καὶ
1635 1121 1690 1171 τό

140 1203 279 1280 δῶρον
340 1210 400 1267 ὡς
469 1211 596 1261 Θεὸν
651 1210 1076 1280 προσεκύνησεν·
1136 1209 1312 1262 ἔλαϐεν
1377 1211 1552 1280 πηγὰς
1624 1209 1691 1268 εἰς

139 1299 322 1367 τρυφὴν,
374 1301 460 1348 καὶ
523 1299 581 1348 τό
641 1292 809 1372 δῶρον
880 1295 1204 1356 ἔθεοποίησεν
1241 1313 1254 1326 ⁸
1315 1299 1542 1369 ἠγνόησε
1605 1301 1692 1349 τόν

135 1387 471 1458 χαρισάμενον,
506 1388 593 1436 καὶ
646 1387 704 1437 τὸ
753 1387 1004 1458 χάρισμα
1053 1383 1428 1460 ύπερεδόξοισεν
1477 1388 1507 1445 ἡ
1565 1386 1692 1444 αύτὴ

135 1477 314 1533 κτίσις·
370 1471 469 1525 ἀλλ’
523 1473 582 1526 ού
635 1479 797 1526 πᾶσιν
843 1476 1033 1546 ὁμοίως
1089 1477 1319 1548 ὁρωμένη
1373 1480 1600 1550 πατρική
1660 1477 1690 1532 ἡ

136 1561 296 1613 οὐσία·
325 1559 425 1613 ἀλλ’
472 1563 498 1615 6
543 1565 637 1634 μὲν
686 1562 1038 1636 καλῶςαύτῇ,
1067 1566 1092 1615 ό
1141 1560 1200 1616 δὲ
1249 1572 1417 1624 κακῶς
1459 1563 1695 1638 ἀπεχρή-

137 1669 259 1715 σατο,
290 1651 456 1724 τάγμα
504 1659 660 1704 τούτο
713 1650 936 1716 κάκεῖνο,
987 1652 1032 1704 εὶ
1068 1657 1158 1705 καὶ
1203 1649 1452 1727 διάφορον
1487 1670 1499 1682 '
1543 1654 1568 1704 6
1615 1652 1694 1705 εύ-

983 280 1078 338 Αῐ)
1116 277 1658 340 AMPHILOCHIUM
1699 279 2026 351 QUIESTIO
2065 282 2524 342 CLXXoCLXXI.

3341 289 3448 345 866

1801 409 1968 466 nium
1996 410 2054 466 in
2077 416 2380 468 creaturas
2410 409 2521 465 sibi
2545 425 2666 466 non
2693 425 2798 482 per
2822 411 3099 482 rapinam
3126 412 3447 482 vmdicare,

1801 499 1910 555 sed
1946 516 2191 557 omnem
2248 516 2456 557 earum
2493 499 3074 556 administrationem
3129 503 3450 560 Servatoris

1799 588 2180 659 providentia:
2206 589 2368 662 cupit
2397 604 2523 644 esse
2554 588 2904 661 subjectam.
2937 590 3253 662 Propterea
3281 608 3451 663 para-

1799 676 1940 733 bola
1968 677 2070 734 illa
2088 677 2385 748 juniorem
2407 676 2750 742 introducit,
2775 677 2937 749 quod
2967 685 3244 750 paternas
3270 679 3452 737 facul-

1800 771 1947 821 tates
1976 766 2267 837 recipiens
2299 766 2358 822 in
2388 766 2782 838 longinquam
2824 766 3126 836 regionem
3160 767 3452 826 discesse-

1800 854 1891 909 rit.
1939 856 2209 925 Longum
2254 870 2394 910 vero
2424 854 2572 912 illud
2611 855 2717 910 iter
2757 870 2878 910 non
2910 855 3117 910 stadiis
3158 856 3449 928 produce-

1797 941 1992 1010 batur,
2023 941 2128 998 sed
2161 941 2431 998 moribus
2457 942 2956 1012 distinguebatur.
2981 943 3247 1000 Peccans
3281 947 3446 1002 enim

1798 1031 2056 1104 quisque
2097 1036 2360 1093 remotus
2403 1037 2492 1087 est
2536 1048 2571 1086 a
2599 1033 2736 1102 Deo,
2774 1048 2894 1087 non
2924 1031 3080 1102 loco,
3130 1035 3235 1089 sed
3280 1035 3454 1091 mori-

1800 1120 1930 1175 bus.
1956 1120 2120 1176 Idem
2171 1136 2312 1176 vero
2343 1125 2618 1192 paternas
2646 1119 2953 1176 facultates
2984 1125 3212 1189 nactus,
3245 1121 3453 1180 intem-

1801 1213 2078 1280 peranter
2099 1208 2355 1264 vivendo
2377 1225 2477 1265 eas
2503 1209 2770 1281 dissipat.
2801 1207 3000 1265 Solem
3023 1211 3182 1266 enim
3209 1210 3268 1266 in
3292 1227 3454 1269 com-

1803 1297 2050 1352 modum
2077 1314 2255 1354 suum
2280 1303 2513 1363 nactus,
2537 1297 2765 1353 donum
2790 1297 2936 1352 illud
2958 1299 3147 1354 instar
3178 1299 3273 1355 Dei
3307 1301 3450 1356 ado-

1801 1393 1892 1442 rat
1922 1403 1937 1440 :
1969 1386 2159 1442 fontes
2189 1387 2248 1441 in
2278 1386 2709 1442 recreationem
2740 1392 2970 1451 nactus,
3005 1392 3062 1443 et
3093 1387 3209 1444 hoc
3233 1405 3451 1444 munus

1803 1474 1904 1530 Dei
1932 1474 2063 1531 loco
2088 1475 2286 1531 habet.
2321 1476 2559 1545 Ignorat
2587 1475 2878 1541 datorem,
2912 1476 3141 1532 donum
3181 1493 3317 1533 vero
3349 1494 3448 1534 ea-

1802 1565 1940 1621 dem
1972 1571 2244 1621 creatura
2286 1565 2476 1620 nimio
2515 1565 2676 1621 cultu
2709 1566 3090 1638 prosequitur
3129 1569 3328 1640 Neque
3358 1573 3448 1624 ta-

1802 1671 1941 1711 men
1979 1670 2194 1710 omnes
2216 1659 2526 1726 paternam
2554 1653 2957 1710 hereditatem
2985 1656 3196 1711 eadem
3218 1656 3450 1713 ratione

138 1738 340 1800 σεϐὴςτό
381 1739 558 1802 κάλλος
606 1742 704 1813 όρᾴ
754 1748 844 1793 τοῦ
890 1741 1110 1815 ούρανοῦ
1157 1746 1247 1794 καὶ
1291 1740 1392 1794 ἀπὸ
1437 1750 1529 1794 τοῦ
1571 1741 1688 1794 κάλ-

1899 1749 2098 1802 .erunt.
2137 1744 2300 1798 Alius
2349 1743 2510 1800 enim
2561 1743 2661 1799 illa
2699 1744 2870 1809 bene,
2913 1743 3066 1799 alius
3121 1761 3258 1800 vero
3296 1746 3449 1802 male

135 1827 228 1890 λονς
258 1833 334 1882 τόν
380 1826 708 1904 δημιουργὸν
748 1828 976 1904 ἀνυμνεῖ.
1011 1855 1037 1881 α
1078 1830 1318 1904 ’Ὀψομαι
1369 1833 1494 1906 γὰρ,
1540 1837 1692 1904 φησὶ,

135 1923 228 1978 τοὺς
283 1918 515 1991 οὐρανούς
570 1921 703 1993 ἔργα
752 1928 850 1971 τῶν
901 1916 1171 1972 δακτύλων
1229 1940 1345 1973 σου.
1399 1942 1426 1970 ››
1467 1919 1614 1974 Εἶδεν
1667 1923 1692 1973 6

134 2003 314 2072 ἀσεϐὴς,
351 2012 433 2059 καὶ
481 2011 613 2080 πρὸς
659 2010 750 2079 μεν
811 2012 898 2060 τόν
936 2013 1156 2066 κτίστην
1206 2013 1300 2067 τὴν
1353 2005 1588 2062 διάνοιαν
1635 2009 1692 2061 ού

133 2091 426 2148 διεϐίϐασενο
493 2095 833 2169 ἐναπομείνας
916 2106 988 2168 τῷ
1068 2097 1242 2150 κάλλει
1309 2105 1402 2151 τοῦ
1474 2097 1692 2171 ούρανοῦ

131 2187 235 2236 Θεὸν
288 2184 584 2256 ίφαντάσθη
651 2204 710 2238 το
786 2182 1205 2261 δημιούργημα’
1253 2187 1279 2238 6
1324 2185 1535 2246 εὐσεϐὴς
1587 2186 1694 2258 ούχ

128 2270 299 2346 ὑϐρίζει
351 2278 442 2333 τὴν
499 2278 701 2345 κτίσιν,
735 2272 860 2326 ἀλλά
907 2282 978 2344 τῷ
1031 2279 1264 2347 Δεσπότῃ
1319 2278 1408 2333 τὴν
1464 2278 1694 2348 προσκύ-

127 2379 252 2418 νησιν
301 2366 636 2434 ταμιεύει-αι’
688 2368 817 2434 τιμᾷ
870 2367 965 2422 τὴν
1013 2367 1184 2416 κτίσιν
1232 2365 1369 2433 (27),
1418 2363 1524 2415 ἁλλ’
1573 2365 1694 2436 ὁμό-

128 2445 282 2503 δουλον
309 2468 322 2480 ⁸
353 2452 445 2504 ούκ
491 2451 732 2528 ἀφαιρῶν
763 2448 822 2504 δὲ
850 2455 909 2505 τό
960 2451 1110 2513 σέϐας
1158 2460 1248 2505 τού
1295 2457 1567 2512 κτίσαντος
1609 2472 1694 2504 1r:-

125 2539 300 2610 ριάπτει
343 2550 410 2612 τῷ
455 2546 758 2612 κτίσματιο
792 2539 987 2594 ἐπαινεί
1041 2545 1098 2593 τό
1153 2540 1526 2613 φιλοτέχνημα,
1583 2540 1691 2593 ἀλλ’

123 2626 225 2698 οὐχὶ
250 2633 335 2688 τὴν
363 2638 452 2682 τοῦ
478 2634 731 2701 τεχνίτου
759 2627 916 2693 δόξαν
937 2629 1009 2690 εἰς
1029 2629 1186 2682 ἐκεῖνο
1206 2634 1560 2703 περιίστησινο
1585 2632 1610 2682 ό
1635 2627 1693 2682 δε

127 2712 354 2780 δυσσεϐὴς
378 2719 436 2771 ού
466 2727 650 2780 κακῶς
693 2721 782 2790 μεν
812 2715 944 2771 εἶδεν
977 2718 1111 2790 (28),
1144 2726 1311 2779 κακῶς
1352 2715 1411 2771 δι
1439 2721 1694 2793 προσεκύ-

122 2823 264 2872 νησεν,
295 2812 376 2859 καὶ
421 2814 608 2860 πᾶσαν
650 2811 742 2866 τὴν
781 2807 926 2870 τάξιν
972 2805 1241 2879 ἀνέτρεψεν
1267 2825 1277 2836 ’
1308 2808 1387 2859 ὅτι
1431 2804 1696 2880 δράκοντα

123 2893 331 2958 πολλάκις
353 2899 382 2956 ἠ
418 2900 602 2970 Γραφή
635 2896 776 2950 καλεί
798 2899 883 2949 τὸν
911 2893 1174 2960 διάϐολον,
1206 2902 1295 2949 καὶ
1321 2900 1432 2968 ὄφιν
1465 2897 1688 2953 σκολιόν.

123 2984 192 3034 Διό
224 2989 303 3037 καὶ
329 2987 353 3036 ὁ
379 2991 566 3060 Σωτήρ
599 3004 757 3058 φησιν
787 3005 799 3016 ·
838 3003 866 3036 ι(
898 2982 1036 3038 Ἰδού
1064 2981 1275 3038 δέδωκα
1303 2986 1424 3058 ύμῖν
1454 2984 1691 3048 ἐξουσίαν

121 3079 270 3124 πατεῖν
305 3073 470 3128 ἐπάνω
523 3079 686 3146 ὄφεων
737 3078 826 3126 καὶ
858 3079 1117 3147 σκορπίων
1148 3075 1282 3144 (29),
1311 3094 1340 3125 ››
1384 3079 1474 3126 καὶ
1503 3078 1586 3127 ἵνα
1614 3080 1686 3147 μὴ
1725 3110 1764 3165 C

122 3161 175 3210 τὰ
193 3161 395 3234 ἕρποντα
432 3161 712 3236 ὑπολάϐῃς
753 3161 1010 3234 ἐπήγαγεν
1038 3181 1052 3194 ·
1088 3182 1116 3214 (‹
1147 3167 1246 3215 Καὶ
1286 3161 1369 3215 ἐπὶ
1398 3169 1572 3216 πᾶσαν
1597 3169 1691 3222 τὴν

122 3243 312 3323 δύναμιν
352 3261 442 3306 τοῦ
488 3252 694 3328 ἐχθροῦ
718 3268 731 3281 θ
766 3271 794 3303 ι)
837 3247 1044 3325 δράκων
1082 3255 1170 3303 καὶ
1209 3255 1322 3324 ὄφις
1351 3253 1376 3304 ὁ
1409 3249 1653 3314 διάϐολος
1675 3271 1688 3283 ⁶

121 3337 208 3408 οὐχ
239 3342 300 3403 ὡς
342 3342 470 3416 ῥίζα
507 3345 722 3404 κακίας,
757 3342 826 3402 ὥς
865 3359 1021 3412 φασιν
1051 3342 1100 3392 οἰ
1137 3347 1452 3412 Μανιχαῖοι,
1486 3341 1594 3393 ἀλλ’
1625 3345 1694 3404 ὡς

118 3431 366 3502 κατάρχων
419 3440 528 3484 τῶν
593 3426 896 3503 δαιμονίων,
946 3433 1035 3482 καὶ
1081 3428 1324 3504 ἀρχηγὸς
1377 3429 1555 3491 αύτοίς
1600 3439 1694 3493 τῆς

119 3513 387 3582 ἐκπτώσεως
413 3524 668 3591 γεγονώς.

1805 1849 1948 1888 usus
1976 1838 2086 1890 est.
2129 1835 2192 1888 Et
2219 1832 2315 1887 hic
2345 1836 2402 1888 et
2443 1831 2537 1886 ille
2576 1837 2772 1887 certus
2802 1832 3122 1888 hominum
3161 1833 3310 1889 ordo
3341 1841 3446 1902 est,

1803 1921 2080 1994 quamvis
2118 1937 2155 1977 a
2184 1938 2247 1976 se
2267 1921 2596 1977 distinctus.
2628 1922 2817 1976 Homo
2848 1922 3006 1977 enim
3037 1923 3170 1993 pius
3197 1923 3452 1995 pulchri-

1805 2010 2073 2066 tudinem
2112 2009 2244 2065 cceli
2284 2009 2462 2075 videt,
2505 2015 2560 2064 et
2608 2009 2687 2064 ob
2728 2009 3238 2080 pulchritudinem
3286 2012 3449 2068 illam

1805 2097 2173 2154 conditorem
2198 2096 2405 2153 laudat
2434 2139 2446 2150 .
2483 2095 2758 2152 «Videbo
2790 2096 2973 2160 enim,
2994 2098 3209 2169 inquit,
3241 2099 3444 2168 cmlos,

1802 2201 1986 2258 opera
2002 2201 2286 2242 manuum
2309 2192 2543 2241 tuarum
2567 2185 2634 2235 ³⁸.
2659 2207 2688 2234 ››
2721 2184 2893 2240 Videt
2913 2186 3178 2242 eamdem
3207 2187 3447 2259 impius,

1805 2275 1911 2331 sed
1945 2280 2205 2330 mentem
2243 2289 2417 2329 suam
2447 2272 2524 2329 ad
2556 2272 2928 2328 conditorem
2961 2289 3080 2329 non
3117 2277 3399 2333 convertit
3433 2294 3446 2330 :

1803 2380 2028 2430 verum,
2055 2364 2114 2418 in
2145 2361 2582 2435 pulchritudine
2613 2362 2746 2418 coeli
2775 2361 2966 2434 ipsius
2997 2361 3246 2430 haerens,
3278 2365 3452 2436 opiﬁ-

1802 2452 1958 2508 cium
1991 2452 2136 2507 illud
2168 2457 2230 2506 ut
2259 2454 2441 2506 Deum
2475 2451 2587 2506 sibi
2619 2451 3085 2521 reprmsentavit.
3119 2452 3257 2507 Pius
3289 2469 3452 2510 crea-

1803 2546 1997 2596 turam
2027 2556 2148 2595 non
2179 2538 2361 2595 afﬁcit
2390 2538 2628 2610 injuria,
2659 2539 2756 2592 sed
2783 2537 3081 2594 Conditori
3103 2539 3328 2595 cultum
3353 2541 3449 2596 de-

1802 2629 1940 2684 fert:
1974 2629 2230 2684 honorat
2251 2632 2609 2693 creaturam,
2639 2627 2742 2682 sed
2773 2633 2834 2682 ut
2858 2643 3209 2684 conservam
3245 2647 3260 2696 ;
3289 2627 3453 2686 debi-

1802 2723 1929 2775 tum
1997 2733 2130 2774 vero
2175 2718 2486 2781 honorem,
2553 2715 2847 2772 conditori
2908 2716 3279 2788 subreptum,
3329 2735 3452 2776 non

1802 2805 2080 2862 transfert
2103 2805 2163 2860 in
2190 2811 2543 2861 creaturam.
2569 2803 2796 2859 Laudat
2822 2804 3161 2869 artiﬁcium,
3197 2806 3300 2860 sed
3333 2807 3454 2876 glo-

1802 2896 1952 2950 riam
1992 2893 2234 2950 artiﬁcis
2280 2893 2360 2948 illi
2411 2909 2532 2948 non
2565 2892 2840 2948 vindicat.
2891 2893 3113 2964 Impius
3141 2909 3280 2949 vero
3327 2911 3449 2950 non

1802 2983 1958 3040 male
1979 2984 2223 3055 quidem
2249 2982 2410 3045 vidit,
2433 2981 2587 3037 male
2605 2986 2805 3036 autem
2823 2979 3113 3046 adoravit,
3139 2987 3451 3055 totumque

1801 3073 2070 3128 ordinem
2103 3071 2398 3144 pervertit.
2446 3069 2747 3140 Scriptura
2778 3067 3086 3124 diabolum
3120 3085 3279 3141 saepe
3309 3069 3449 3128 dra-

1801 3177 2014 3217 conem
2053 3165 2110 3216 et
2154 3165 2481 3231 serpentem
2536 3157 2855 3229 obliquum
2895 3157 3173 3228 appellat.
3221 3158 3361 3215 Ideo
3395 3165 3453 3217 et

1801 3250 2082 3306 Servator
2101 3249 2242 3303 dicit
2273 3265 2287 3304 :
2323 3249 2504 3302 »Ecce
2530 3245 2671 3301 dedi
2705 3245 2872 3301 vobis
2904 3251 3255 3317 potestatem
3271 3264 3452 3321 super

1802 3338 2179 3410 serpentibus
2200 3342 2254 3392 et
2282 3334 2532 3407 scorpiis
2564 3333 2914 3390 ambulandi
2937 3336 3006 3388 ”.
3039 3355 3068 3387 »
3097 3338 3176 3391 Ne
3207 3352 3346 3392 vero
3376 3338 3450 3394 de

1800 3427 2246 3499 reptilibushrec
2264 3424 2540 3496 accipias,
2566 3423 2908 3494 subiungit:
2935 3425 3047 3480 «Et
3077 3441 3257 3497 super
3284 3429 3451 3484 omni

1803 3521 2090 3590 potestate
2120 3515 2356 3571 inimici.
2379 3536 2407 3567 »
2431 3514 2619 3569 Draco
2649 3518 2704 3568 et
2732 3528 2977 3584 serpens
3005 3513 3282 3570 diabolus
3310 3520 3401 3572 est
3434 3536 3447 3586 ;

117 3619 214 3661 non
243 3613 301 3663 ut
327 3609 498 3665 radix
535 3606 797 3674 malitiae,
827 3611 890 3664 ut
927 3607 1227 3664 Manichaai
1257 3607 1443 3671 aiunt,
1478 3608 1581 3664 sed
1618 3615 1678 3663 ut
1726 3607 1878 3674 talis,
1908 3607 2014 3680 qui
2053 3604 2425 3662 daemonibus
2452 3602 2816 3670 dominetur,
2871 3601 3198 3676 lapsusque
3242 3610 3451 3662 auctor

117 3691 210 3749 illis
238 3698 541 3754 exstiterit.

639 3854 953 3903 ΕΡΩΤΗΣΙΣ
993 3847 1158 3901 ΡΟΑ’.

1913 3849 2240 3916 QUASSTIO
2273 3847 2481 3906 CLXXI
2518 3845 2710 3918 [CoisL
2755 3840 2861 3910 cc,
2906 3843 3087 3900 Taur.
3140 3842 3340 3917 cxcr].

735 4057 888 4108 Edita
918 4071 952 4108 a
978 4057 1324 4116 Montacutio,
1353 4063 1454 4121 (ep.
1490 4057 1550 4106 30
1580 4057 1649 4108 ad
1681 4054 1898 4120 Gregor.
1934 4069 1988 4118 p.
2021 4054 2098 4111 88,
2121 4054 2218 4116 90).
2251 4051 2309 4100 In
2343 4049 2667 4106 Mattheum,
2687 4064 2721 4106 ι,
2756 4048 2818 4097 25

169 4275 223 4330 ’0
273 4278 560 4354 ἀσπασμὸς
592 4280 797 4342 ῥνωθεν
856 4280 886 4337 ἠ
942 4277 1195 4350 σύλληψις
1236 4279 1467 4352 ἄσπορος
1495 4295 1507 4307 ⁸
1565 4279 1692 4335 κύη-

1896 4271 2162 4331 ialutatio
2197 4271 2270 4327 de
2317 4287 2552 4326 sursum
2601 4265 2960 4340 ;conceptio
3002 4267 3128 4326 sine
3178 4267 3446 4336 semine;

115 4383 185 4426 σις
222 4369 488 4444 ἄφραστος
525 4382 541 4397 ⁸
591 4363 772 4429 ὠδῖνες
821 4367 1100 4440 ἀλόχευτοι
1129 4385 1141 4398 ’
1173 4372 1395 4441 σφραγὶς
1425 4375 1518 4429 τῆς
1559 4386 1695 4438 παρ-

114 4455 256 4518 θενίας
278 4475 292 4488 ·
327 4460 358 4516 ἡ
390 4467 496 4511 τῶν
529 4453 729 4510 ὠδίνων
760 4454 1006 4520 διάλυσις
1044 4458 1093 4529 (6
1122 4459 1221 4530 γὰρ
1253 4461 1396 4516 τόκος
1425 4457 1654 4529 ἄφθορος
1677 4472 1689 4485 ·

113 4548 188 4596 καὶ
233 4547 262 4604 ἡ
315 4554 548 4600 τεκοῦσα
594 4547 846 4620 παρθένος
896 4551 986 4598 καὶ
1039 4548 1172 4618 μετὰ
1220 4547 1480 4617 γέννησιν)
1511 4561 1524 4573 ·
1575 4547 1694 4604 Θεὸς

113 4630 154 4682 ἰν
205 4641 357 4706 σαρκὶ
411 4639 474 4689 τὸ
538 4639 870 4708 τικτόμενον·
933 4638 1100 4708 χορός
1164 4632 1392 4706 ἀγγέλων
1440 4631 1590 4705 ᾆσμα
1636 4635 1694 4684 τό

115 4721 271 4795 θαῦμα
336 4727 643 4797 ποιούμενοι
674 4741 688 4756 ⁸
749 4726 869 4777 ἔνθα
917 4726 1178 4777 τοσούτων
1233 4729 1323 4775 καὶ
1379 4721 1696 4780 τηλικούτων

111 4807 388 4885 συνδρομὴ,
439 4821 549 4874 πῶς
596 4813 658 4865 ἄν
710 4831 791 4875 τις
834 4809 1328 4885 διαμφισϐητὴσειε,
1373 4809 1468 4862 κᾶν
1530 4811 1699 4863 πάντα

171 4988 216 5024 ’³
241 4988 500 5064 Philipp.
532 5005 638 5047 vni
667 4992 722 5050 4.
749 4992 798 5028 ³⁸
833 4991 970 5049 an.
1003 5006 1064 5059 x,
1093 4990 1120 5046 1
1154 4990 1208 5046 9.

1802 4362 2110 4436 parturitio
2150 4359 2586 4432 inexplicabilis
2623 4375 2636 4425 ;
2677 4364 2879 4430 partus
2921 4357 3049 4413 sine
3087 4357 3399 4416 obstetrice
3433 4376 3448 4426 ;

1801 4449 2151 4521 virginitatis
2165 4448 2424 4518 sigillum
2449 4447 2752 4510 :dolorum
2771 4445 3038 4503 absentia
3053 4447 3218 4518 (nam
3245 4452 3301 4502 et
3323 4447 3452 4504 sine

1802 4539 2182 4611 corruptione
2211 4536 2318 4592 fuit
2354 4536 2674 4607 generatio,
2722 4540 2777 4591 et
2831 4550 2964 4607 qua:
3025 4536 3266 4607 peperit,
3321 4541 3456 4609 post

1802 4633 2046 4702 partum
2077 4628 2242 4696 virgo
2269 4624 2614 4698 permansit)
2650 4641 2663 4691 ;
2695 4624 2862 4697 quod
2891 4623 3270 4694 nascebatur,
3300 4627 3454 4682 Deus

1805 4721 1931 4774 erat
1969 4717 2032 4771 in
2074 4730 2274 4780 carne,
2330 4712 2680 4784 angelorum
2731 4711 2948 4768 chorus
2996 4711 3454 4771 admirationem

1806 4812 2047 4863 cantum
2079 4820 2250 4860 suum
2282 4800 2579 4859 faciebant
2607 4819 2620 4870 ;
2655 4800 2757 4857 ubi
2785 4799 2986 4857 talium
3017 4815 3368 4868 concursus,
3399 4807 3458 4862 et

1670 5165 1898 5227 NOTE.

175 5349 286 5422 (27)
327 5349 462 5404 ἀλλὰ
503 5381 568 5393 -
603 5355 696 5413 τὴν
740 5356 915 5407 κτίσιν
956 5351 1015 5409 in
1061 5351 1247 5409 altero
1286 5350 1442 5408 male
1487 5351 1709 5407 omissa

114 5419 440 5478 Colbertino
472 5423 681 5480 debeo.

178 5494 284 5563 (2‘7)
324 5493 472 5569 Cod.
504 5503 678 5569 κακῶς
723 5498 813 5569 μεν
857 5491 1010 5569 εἶδεν,
1056 5498 1137 5558 οὗ,
1170 5510 1279 5566 pro
1323 5510 1445 5565 quo
1495 5509 1709 5548 sensus

114 5569 379 5623 nostrum
397 5564 546 5622 illud
564 5564 840 5639 postulat,
861 5567 972 5623 nisi
986 5569 1134 5636 τὸ,ού
1151 5564 1393 5638 prorsus
1409 5579 1710 5637 expunge-

281 5663 530 5723 Pnaon.
571 5664 682 5723 Gn.
730 5664 818 5722 CI.

1817 5345 2264 5489 ηᾶὶῗιίῗίῐθτίω
2294 5430 2412 5469 non
2444 5413 2640 5476 video,
2663 5412 2971 5486 quomodo
3001 5411 3131 5472 haec
3152 5413 3270 5470 huc
3295 5410 3465 5485 perti-

1820 5495 2018 5546 neant.

3153 5652 3225 5707 28
