4116 6194
478 309 581 363 867

1714 288 1951 348 PHOTII
1993 289 2475 349 PATRIARCHE
2512 293 2621 349 CP.

3753 294 3870 355 868

478 436 779 487 tantorum
820 428 946 491 fuit,
1002 422 1311 497 quomodo
1367 421 1501 494 quis
1556 419 1856 490 ambigere
1901 422 2111 489 posset,

2234 417 2434 471 ἀσεϐεῖν
2459 421 2596 471 ἔθετο
2626 418 2857 489 μελέτην,
2891 420 2971 471 ὅτι
2997 422 3068 490 μὴ
3111 419 3239 491 οὐχὶ
3268 422 3544 493 παρθένος,
3574 423 3609 479 ἠ
3650 426 3865 497 Παρθέ-

476 519 641 574 haud
685 516 967 585 intelligo,
1010 514 1144 568 licet
1186 511 1297 582 ipsi
1324 509 1628 581 proposita
1672 507 1845 562 fuerit
1884 521 2125 561 summa

473 607 768 680 impietas,
794 621 869 660 an
896 605 1071 671 Virgo
1091 602 1258 669 virgo
1291 597 1578 654 manserit
1603 612 1791 669 usque
1822 596 1877 649 in
1912 595 2116 649 finem.

475 697 646 761 Quod
679 696 723 749 si
770 694 1017 765 quidam
1070 689 1531 747 fundamentum
1576 686 1687 742 sibi
1732 684 2119 755 blasphemiae

473 786 789 841 struxerint
836 782 978 836 illud
1027 798 1039 835 :
1084 802 1103 829 ι
1138 778 1203 834 Et
1255 794 1373 833 non
1408 777 1685 846 cognovit
1726 789 1880 838 eam,
1928 773 2119 829 donec

470 877 782 944 pepererat
799 870 1003 925 Filium
1029 883 1201 922 suum
1220 865 1696 937 primogenitum,
1726 885 1746 911 ι
1768 861 2115 931 intelligant,

471 960 551 1015 illi
583 961 744 1032 quod
797 956 1328 1013 immaculatorum
1371 952 1751 1009 oraculorum
1795 950 2010 1005 veritas
2056 950 2116 1004 id

470 1049 708 1105 volebat
736 1050 1121 1103 constitutum
1153 1045 1317 1109 dare,
1353 1042 1517 1115 quod
1550 1041 1917 1113 opinionem,
1947 1045 2118 1094 natu-

467 1154 617 1203 ram,
635 1134 1173 1209 apprehensionem
1190 1131 1620 1200 transgreditur
1634 1144 1879 1193 omnem,
1901 1143 2115 1198 nempe

468 1227 594 1282 sine
624 1227 731 1280 viri
760 1225 1055 1279 consortio
1077 1222 1530 1292 conceptionem
1547 1223 1601 1273 et
1621 1217 1987 1273 nativitatem
2018 1235 2030 1283 ;
2056 1217 2115 1271 id

464 1330 602 1371 vero
648 1311 1042 1386 praetermisit,
1093 1316 1382 1381 tanquam
1425 1307 1878 1369 consectarium,
1922 1311 2114 1359 mente

464 1404 782 1474 animoque
820 1400 1302 1472 concipiendum,
1327 1399 1489 1469 quod
1515 1397 1794 1466 deinceps
1810 1395 1931 1450 fuit.
1954 1397 2114 1449 Certe

461 1492 605 1549 llam
635 1508 770 1564 quae
795 1492 855 1546 in
880 1495 1053 1560 partu
1076 1487 1411 1560 permansit
1452 1486 1638 1553 virgo,
1669 1500 1774 1555 per
1814 1482 2113 1553 reliquum

460 1580 597 1637 vitae
638 1596 881 1635 cursum
934 1577 1255 1648 perstitisse
1292 1574 1597 1643 virginem,
1644 1587 1835 1642 neque
1888 1586 2111 1626 novum

460 1676 602 1735 erat,
635 1684 740 1723 nec
773 1666 1167 1738 paradoxum,
1202 1662 1395 1735 potius
1434 1662 1492 1716 id
1518 1661 1683 1733 quod
1718 1659 2054 1714 necessario
2081 1674 2111 1713 e

2230 526 2309 567 νος
2336 513 2425 559 καὶ
2455 511 2619 579 μέχρι
2660 508 2832 568 τέλους
2875 504 3162 579 διέμεινενς
3198 508 3255 561 Εἰ
3295 504 3355 561 δὲ
3396 514 3473 575 τό,
3512 530 3543 561 ιι
3578 511 3699 562 Οὐκ
3752 511 3867 581 £75-

2229 614 2420 647 νωσκεν
2459 596 2619 654 αὐτὴν
2649 599 2743 658 ἕως
2783 597 2844 648 οὗ
2886 598 3050 649 ἔτεκεν
3081 601 3168 648 τὸν
3197 600 3319 650 Υἰόν
3369 600 3539 660 αὐτῆς
3583 604 3679 651 τὸν
3713 620 3864 675 πρω-

2228 688 2459 749 τότοκον,
2496 705 2519 735 ν
2554 687 2799 737 ὑπόθεσιν
2830 685 3174 758 βλασφημίας
3204 686 3409 749 ἑαυτοῖς
3436 707 3574 750 τινες
3607 689 3674 739 ἂν
3706 692 3864 761 εὑρί-

2230 792 2466 838 σκουσιν,
2499 778 2753 839 ἴστωσαν,
2785 777 2853 835 ὡς
2882 776 2912 832 ἡ
2946 784 3047 827 τῶν
3074 774 3353 848 ἀχράντων
3386 781 3594 847 Λογίων
3625 776 3864 836 ἁλόθεια

2226 864 2283 911 τό
2331 865 2421 933 μὲν
2464 860 2760 936 παράδοξον
2799 868 2887 915 καὶ
2938 865 3186 937 ὑπερφυὲς
3228 869 3319 916 καὶ
3367 866 3496 938 ὑπερ
3537 867 3865 936 κατάληψιν

2226 949 2491 1008 ἠϐουλήθη
2542 960 2869 1025 πραστῆσαι,
2926 954 3049 1026 ὅπερ
3109 952 3223 1005 ἐστὶ
3269 958 3417 1015 τόκος
3468 956 3595 1006 ἄνευ
3650 953 3865 1028 ἀνδρὸς

2224 1038 2541 1110 ἐπιγνώσεως
2576 1058 2587 1070 ’
2641 1041 2698 1094 τό
2751 1038 2810 1094 δὲ
2867 1044 2996 1113 μετὰ
3042 1050 3210 1094 ταῦτα
3260 1050 3390 1095 νοεῖν
3445 1044 3733 1097 κατελιπεν
3795 1050 3865 1107 ὡς

2223 1127 2522 1184 ἀκόλουθον.
2560 1135 2629 1183 Τό
2673 1134 2793 1205 γὰρ,
2839 1136 2932 1189 τὴν
2977 1131 3028 1183 ἐν
3079 1136 3215 1203 τόκῳ
3264 1135 3719 1205 παρθενεύουσαν,
3761 1143 3861 1188 καὶ

2224 1221 2280 1268 τό
2324 1217 2501 1270 λοιπὸν
2542 1215 2636 1270 διὰ
2671 1218 2793 1291 βίου
2838 1221 3186 1291 παρθενεύειν,
3234 1221 3352 1273 οὔτε
3398 1227 3576 1275 καινὸν
3625 1224 3769 1283 ὅλως
3826 1229 3856 1285 ἡ

2222 1303 2539 1379 παράδοξον,
2594 1307 2721 1359 ἀλλά
2767 1313 2855 1359 καὶ
2902 1316 3011 1369 τοῖς
3062 1314 3522 1384 προηγησαμένοις
3577 1314 3635 1374 ἐξ
3689 1313 3863 1386 ἀναγ-

2221 1400 2371 1446 καίου
2419 1396 2607 1467 μᾶλλον
2653 1397 2911 1469 ἑπόμενον.
2959 1396 3157 1460 Ἀλλως
3204 1418 3259 1451 τε
3308 1396 3369 1451 δε
3417 1406 3507 1453 καὶ
3551 1410 3658 1452 τῶν
3712 1403 3858 1455 Ἰου-

2223 1480 2383 1535 δαίων
2431 1490 2557 1546 τέως
2602 1484 2957 1558 ἐπιστομίζειν
3009 1489 3136 1557 ἔγνω
3186 1492 3244 1538 τὸ
3297 1487 3639 1561 βλάσφημον,
3687 1490 3742 1543 οἱ
3799 1493 3859 1544 ἐκ

2219 1577 2459 1643 πορνείας
2505 1576 2593 1625 τόν
2650 1575 2880 1648 ἄσπορον
2922 1579 3069 1627 τόκον
3123 1571 3386 1649 διέσυρον.
3432 1582 3520 1630 Διὸ
3564 1585 3663 1632 καὶ
3712 1586 3859 1654 πρὸς

2220 1666 2313 1719 τὴν
2379 1660 2578 1714 ἐκείνων
2633 1666 2845 1715 ἵσταται
2908 1668 3201 1729 κακόνοιαν,
3260 1662 3333 1717 δι’
3385 1666 3453 1717 ὧν
3509 1676 3697 1740 τρανοί
3759 1676 3859 1723 καὶ

456 1756 783 1828 praemissis
842 1752 1341 1825 consequebatur.
1377 1750 1490 1806 Sed
1537 1753 1591 1805 et
1642 1764 1709 1803 os
1766 1748 2111 1803 Iudaeorum

2222 1749 2565 1825 ἀνακηρύττει
2618 1760 2710 1812 τῆς
2760 1755 3009 1812 τεκούσης
3060 1756 3119 1805 τὸ
3178 1752 3455 1826 ἀνέπαφον.
3506 1755 3735 1810 Κάκείνο
3793 1757 3859 1812 δέ

457 1845 879 1916 blasphemum
906 1844 1185 1898 obturare
1210 1839 1461 1902 volebat,
1490 1837 1593 1909 qui
1624 1836 1698 1891 de
1720 1836 2111 1892 fornicatione

458 1938 667 1990 natum
682 1933 809 1987 sine
827 1934 1047 1987 semine
1061 1933 1419 2000 conceptum
1434 1928 1563 1982 trad
1575 1926 1844 1981 ucebant.
1863 1924 2109 1981 Obviam

456 2022 634 2093 igitur
661 2023 766 2077 ivit
791 2036 998 2077 eorum
1026 2020 1224 2091 impiae
1249 2017 1573 2080 sententiae,
1599 2016 1742 2069 dum
1771 2012 2113 2070 manifestat

455 2117 513 2167 et
553 2110 914 2183 depraadicat
971 2109 1256 2163 intactam
1314 2104 1495 2160 fuisse
1528 2106 1673 2168 viro,
1707 2120 1843 2175 quae
1898 2101 2107 2156 Filium

452 2206 779 2274 pepererat.
816 2198 958 2254 lllud
988 2207 1274 2270 praeterea
1304 2194 1631 2263 intelligere
1663 2192 1904 2256 debent,
1948 2189 2111 2262 quod

456 2306 565 2346 nec
582 2306 799 2345 vocum
817 2304 1025 2344 earum
1042 2286 1161 2342 vim
1180 2285 1489 2341 voluerunt
1505 2282 1826 2355 percipere,
1845 2297 1874 2335 e
1892 2279 2108 2352 quibus

456 2379 666 2435 divina
694 2377 932 2434 oracula
962 2380 1235 2431 constant
1268 2390 1281 2439 ;
1316 2372 1541 2444 alioqui
1568 2370 1800 2427 difﬁteri
1827 2386 1947 2425 non
1979 2385 2112 2441 pos-

460 2473 597 2522 sunt
628 2470 818 2522 Donec
870 2464 1171 2519 interdum
1222 2478 1327 2533 per
1384 2460 1797 2516 antidiastolen
1828 2458 2108 2528 temporis

460 2554 717 2610 secuturi
740 2553 1036 2625 usurpari,
1057 2551 1353 2607 interdum
1379 2548 1648 2604 adhiberi
1669 2549 1745 2603 ad
1769 2564 1965 2603 rerum
1994 2546 2111 2601 exi-

462 2645 721 2699 miarum
753 2642 1162 2698 etdivinarum
1212 2638 1679 2694 declarationem
1714 2643 1811 2692 :ut
1854 2636 1914 2691 in
1963 2651 2110 2707 prae-

462 2732 633 2798 senti,
656 2747 775 2787 non
789 2731 1026 2803 quidem
1056 2729 1133 2783 ad
1165 2726 1658 2797 distinguendum
1678 2725 1925 2797 aliquod
1949 2723 2110 2780 aliud

459 2827 717 2893 tempus,
752 2822 854 2875 sed
886 2835 917 2874 e
952 2824 1159 2873 contra
1190 2816 1391 2889 potius
1433 2815 1510 2871 ad
1542 2814 1944 2870 intimandum
1979 2830 2111 2885 spa-

458 2909 610 2967 tium
636 2906 1145 2964 immensurabile.
1172 2905 1454 2976 Exempla
1468 2908 1685 2975 praesto
1711 2908 1850 2959 sunt
1878 2919 1888 2956 :
1919 2924 1942 2953 α
1961 2904 2112 2957 Con-

459 3000 711 3055 surrexit
741 2998 959 3054 etenim
1019 2996 1077 3051 in
1110 2995 1323 3050 diebus
1351 2994 1478 3063 ejus
1522 2993 1766 3062 justitia,
1819 2997 1875 3047 et
1922 2992 2111 3047 abun-

2223 1844 2559 1903 συνιέτωσαν,
2616 1842 2695 1892 ὅτι
2750 1838 2882 1912 μηδ’
2940 1841 3101 1904 αὐτὰς
3166 1846 3257 1902 τὰς
3317 1842 3497 1907 λέξεις,
3551 1843 3606 1907 ἐξ
3665 1847 3740 1897 ὧν
3804 1852 3856 1899 οἱ

2223 1929 2349 1979 θεῖοι
2399 1934 2662 2001 χρησμοὶ,
2700 1935 2928 1981 συνιέναι
2976 1929 3352 1989 ἠϐουλήθησαν
3382 1950 3393 1961 ·
3432 1934 3461 1990 ἦ
3511 1937 3615 2008 γὰρ
3651 1933 3714 1986 ἂν
3764 1941 3852 2005 τό,

2220 2018 2330 2081 ἕως,
2380 2021 2669 2089 κατέμαθον
2723 2018 2882 2071 ἐνίοτε
2941 2022 3031 2089 μεν
3084 2023 3216 2091 πρὸς
3275 2018 3691 2082 ἀντιδιαστολὴν
3754 2034 3855 2077 τοῦ

3373 2109 3532 2163 ἐνίοτε
3613 2109 3669 2164 δ’

2220 2191 2303 2244 ἐπὶ
2371 2191 2601 2251 δηλώσει
2675 2198 2910 2267 μεγάλων
2966 2199 3057 2266 μὲν
3112 2199 3275 2271 ἔργων
3327 2203 3418 2250 καὶ
3487 2201 3797 2273 θεοπρεπὼν
3835 2221 3848 2233 ³

2221 2103 2401 2175 ἐφεξῆς
2473 2111 2669 2179 χρόνου
2741 2106 3291 2181 παραλαμϐανόμενον,
3373 2109 3532 2163 ἐνίοτε
3613 2109 3669 2164 δ’
3755 2112 3851 2165 οὖν

2219 2284 2450 2357 καθάπερ
2500 2289 2589 2336 καὶ
2631 2292 2740 2347 νῦν,
2774 2284 2832 2336 οὗ
2882 2289 2984 2357 μὴν
3027 2289 3154 2357 πρός
3202 2283 3607 2347 ἀντιδιαστολὴν
3660 2290 3847 2364 ἐτέρου

2218 2376 2415 2442 χρόνου
2464 2376 2620 2437 τινὸς,
2676 2372 2803 2425 ἀλλά
2849 2380 2939 2426 καὶ
2994 2374 3312 2440 τούναντίον,
3374 2377 3443 2437 εἰς
3491 2376 3847 2438 ὑποδηλωσιν

2221 2457 2507 2532 ἀπεράντου
2557 2457 2961 2533 διαστήματος⁹
2994 2468 3083 2515 καὶ
3132 2463 3229 2515 ἀνὰ
3256 2472 3418 2536 χεῖρα
3465 2469 3531 2518 τὰ
3581 2467 3849 2541 παραδεί-

2218 2566 2393 2618 γματα
2415 2564 2428 2577 ·
2464 2567 2491 2598 ι(
2524 2546 2786 2601 Ἀνατελεῖ
2811 2552 2912 2624 γὰρ
2948 2548 2996 2601 ἐν
3025 2558 3138 2611 ταῖς
3167 2553 3387 2626 ἡμέραις
3417 2553 3584 2606 αὐτοῦ
3624 2552 3665 2607 δ
3670 2576 3843 2609 ικαιο-

2222 2638 2349 2693 σύνη
2430 2640 2518 2688 καὶ
2580 2637 2775 2699 πλῆθος
2830 2638 3060 2712 εἰρήνης,
3117 2640 3212 2701 ἕως
3264 2641 3325 2692 οὗ
3393 2640 3744 2717 ἀνταναιρεθῇ
3810 2650 3840 2703 η

2222 2722 2405 2782 σελήνη
2435 2744 2446 2756 ·
2485 2747 2509 2776 ν
2564 2730 2673 2791 καὶ,
2717 2745 2746 2778 (ι
2782 2728 2957 2779 Κάθου
3012 2726 3065 2778 ἐκ
3115 2724 3301 2791 δεξιῶν
3358 2750 3458 2802 μου
3488 2752 3513 2781 ν
3584 2732 3845 2807 (ἀνάγρα-

2216 2817 2344 2874 πτός
2399 2812 2538 2865 ἐστιν
2588 2816 2612 2865 ό
2674 2820 2853 2888 Πατὴρ
2915 2816 3075 2887 λέγων
3128 2826 3201 2887 τῷ
3252 2820 3378 2888 Υίῴ)
3420 2839 3449 2869 (ι
3495 2822 3590 2881 ἕως
3645 2822 3707 2873 ἂν
3770 2827 3842 2877 θῶ

2219 2906 2333 2962 τοὺς
2364 2901 2585 2974 ἐχθρούς
2638 2923 2731 2956 σου
2783 2903 3070 2957 ὑποπόδιον
3119 2915 3219 2958 τῶν
3268 2905 3445 2960 ποδῶν
3478 2928 3576 2961 σου
3602 2931 3617 2943 ’
3655 2932 3685 2963 ι)
3726 2920 3842 2975 καὶ,

2224 3010 2252 3041 «
2281 2987 2444 3055 Ἰδοὺ,
2500 2991 2596 3063 ἐγὼ
2648 2993 2762 3064 μεθ’
2816 2995 2958 3066 ὑμῶν
3006 2995 3114 3066 εἰμι
3163 2996 3343 3065 (πάλιν
3400 2999 3426 3049 ό
3488 3005 3673 3073 Σωτὴρ
3729 3010 3845 3066 τοίς

455 3087 661 3144 dantia
680 3087 864 3159 pacis,
880 3100 1001 3157 quo
1022 3085 1098 3139 ad
1118 3098 1305 3155 usque
1325 3081 1713 3153 perduratura
1728 3080 1837 3135 fuit
1857 3079 2001 3135 luna
2015 3083 2063 3115 ³ο
2081 3101 2105 3131 υ

2221 3081 2483 3152 μαθηταῖς
2541 3082 2725 3153 φησιν)
2772 3084 2861 3142 ἕως
2908 3090 3003 3143 τῆς
3052 3084 3347 3147 συντελείας
3400 3095 3494 3139 τοῦ
3544 3088 3756 3153 αἰῶνος.
3812 3113 3841 3142 n

462 3175 573 3231 Sed
603 3174 963 3245 etscriptum
982 3171 1302 3228 estdixisse
1317 3170 1550 3225 Patrem
1578 3169 1718 3225 Filio
1751 3188 1762 3224 :
1803 3188 1829 3220 «
1860 3168 2109 3224 Conside

461 3280 497 3320 a
517 3264 740 3318 dextris
776 3262 942 3329 mihi,
974 3276 1160 3331 usque
1184 3259 1328 3314 dum
1358 3274 1581 3329 ponam
1599 3258 1868 3313 inimicos
1888 3257 2112 3314 scabel-

458 3353 583 3408 lum
616 3352 837 3422 pedum
865 3356 1101 3406 tuorum
1131 3351 1199 3401 ³¹.
1258 3370 1281 3399 n
1316 3350 1379 3403 Et
1420 3347 1493 3403 ad
1522 3347 1848 3418 discipulos
1875 3349 1955 3403 ait
1991 3349 2111 3403 Sal-

460 3446 628 3496 vator
671 3459 682 3497 :
715 3461 743 3489 «
793 3442 958 3505 Ecce,
991 3453 1102 3507 ego
1135 3454 1273 3491 eum
1303 3436 1593 3491 vobismet
1623 3452 1778 3504 sum,
1815 3452 2002 3507 usque
2033 3435 2110 3490 ad

461 3527 672 3584 mundi
700 3526 1279 3582 consummationem
1310 3525 1377 3578 δ’.
1414 3544 1443 3576 »
1479 3525 1683 3595 Liquet
1711 3530 1905 3579 autem
1946 3525 2111 3595 quod

461 3617 521 3672 in
552 3616 679 3671 istis
732 3614 874 3669 illud
931 3614 1131 3677 donec,
1169 3628 1286 3667 non
1346 3612 1593 3683 aliquod
1624 3612 1910 3683 temporis
1940 3613 2113 3668 inter-

462 3704 683 3760 stitium
715 3707 818 3759 aut
865 3701 1185 3758 terminum
1219 3700 1523 3769 subinfert,
1558 3700 1660 3755 sed
1714 3717 1828 3756 vox
1867 3700 1985 3765 illa,
2018 3719 2113 3757 ex-

460 3792 791 3850 cellentiam
823 3807 1022 3847 rerum
1050 3791 1389 3846 divinarum
1405 3789 1767 3858 subindicat,
1801 3794 1858 3845 et
1884 3796 2112 3845 mentes

458 3882 784 3952 legentium
815 3880 1167 3951 animosque
1221 3879 1298 3935 ad
1335 3879 1720 3949 cogitandum
1770 3880 2111 3935 transmittit

460 3971 867 4028 extensionem
909 3968 1243 4040 quamdam
1290 3967 1682 4023 indeﬁnitam.
1716 3968 1831 4024 Sed
1862 3984 1971 4025 nec
2000 3971 2110 4023 ista

458 4064 693 4117 tantum
725 4057 1019 4129 signiﬁcat
1035 4058 1237 4124 donec,
1262 4072 1467 4112 verum
1499 4062 1555 4112 et
1582 4057 1810 4114 tertiam
1840 4057 2110 4112 animad-

458 4153 681 4206 vertere
703 4153 793 4203 est
814 4146 1284 4216 intelligentiam,
1309 4162 1431 4217 qua
1451 4145 1695 4218 quidem
1716 4146 1859 4201 nihil
1884 4146 2113 4214 magni-

457 4254 738 4296 excessus
778 4236 1095 4302 indicatur,
1114 4237 1532 4292 tantummodo
1545 4236 1907 4291 contrarium
1923 4236 2108 4290 innui-

456 4336 549 4386 tur
578 4326 852 4383 absolute
883 4325 1286 4381 antecedentis
1319 4325 1634 4396 cujusdam
1665 4327 1848 4383 donec
1884 4342 1895 4380 :
1933 4332 1993 4380 ut
2023 4325 2113 4380 in-

455 4417 584 4474 istis
636 4435 650 4473 :
696 4434 725 4469 ‹
755 4419 881 4473 Non
922 4431 1153 4471 reversa
1208 4420 1295 4471 est
1328 4416 1404 4470 ad
1443 4418 1561 4471 Noe
1582 4414 1875 4487 columba,
1918 4414 2111 4471 donec

455 4506 793 4563 exarefacta
823 4510 947 4560 erat
981 4510 1135 4560 terra
1173 4506 1241 4558 ³³.
1283 4525 1310 4556 ››
1348 4507 1413 4559 Et
1450 4504 1592 4560 alibi
1630 4503 1844 4560 dicitur
1876 4520 1889 4559 :
1933 4524 1962 4556 «
1994 4505 2111 4561 Do-

456 4611 566 4652 nec
596 4594 1045 4658 consenueritis,
1078 4608 1189 4663 ego
1206 4597 1357 4650 Deus
1386 4609 1593 4649 sum.»
1619 4596 1687 4649 Et
1702 4600 1980 4649 sexcenta
1995 4594 2109 4650 hu—

451 4683 785 4757 juscemodi
813 4683 871 4737 in
898 4686 1182 4754 promptu
1200 4687 1355 4747 sunt,
1380 4699 1515 4755 quae
1550 4683 1641 4738 vel
1676 4682 1843 4738 valde
1874 4682 2109 4738 affectat

456 4773 672 4831 surdos
698 4772 809 4827 hos
840 4772 1054 4827 docere
1081 4778 1351 4842 possunt,
1379 4772 1543 4844 quod
1572 4771 1805 4827 voxilla
1834 4773 2109 4843 usurpari

458 4862 604 4918 solet
634 4876 742 4934 pro
765 4861 1040 4916 continuo
1067 4867 1121 4915 et
1146 4861 1209 4916 in
1234 4861 1473 4915 saecula.
1512 4862 1655 4915 Cum
1682 4859 1861 4929 igitur
1890 4861 2111 4915 docue-

456 4952 575 5007 rint
592 4950 997 5016 audacissimi,
1014 4949 1175 5020 quod
1199 4955 1330 5020 post
1352 4948 1501 5005 lunae
1519 4948 1880 5004 ablationem
1902 4949 2109 5005 Christi

456 5039 557 5096 Dei
595 5038 780 5094 nostri
807 5038 1034 5108 justitia
1052 5037 1111 5091 in
1131 5038 1378 5092 nihilum
1402 5053 1710 5094 recessura
1733 5039 1824 5101 sit,
1853 5042 1911 5093 et
1941 5038 2108 5109 pacis

454 5129 644 5202 ipsius
672 5126 1110 5182 abundantiam
1154 5126 1561 5191 minuendam,
1596 5126 1683 5182 vel
1724 5127 1782 5182 in
1823 5127 2029 5182 odium
2054 5132 2110 5183 et

453 5216 791 5273 inimicitias
818 5214 1335 5270 disseminandam
1374 5231 1387 5281 ;
1418 5220 1517 5270 aut
1545 5214 1709 5287 quod
1742 5231 1877 5270 cum
1912 5217 2109 5286 subje-

454 5306 598 5362 cerit
628 5303 904 5359 inimicos
931 5318 1069 5359 suos
1101 5304 1214 5359 sub
1240 5303 1498 5376 pedibus
1529 5305 1674 5373 suis,
1707 5304 1781 5359 de
1811 5304 1943 5362 loco
1971 5321 2109 5361 cou-

2224 3174 2322 3221 Καὶ
2358 3165 2536 3234 δῆλον,
2572 3174 2635 3230 ὡς
2683 3170 2903 3223 ἐνταῦθα
2939 3175 3020 3238 τό,
3071 3174 3184 3234 ἓως,
3241 3174 3300 3226 οὐ
3327 3184 3577 3247 χρονικόν
3621 3199 3675 3230 τι
3719 3184 3841 3251 μεθ-

2220 3262 2359 3332 όριον
2404 3264 2492 3311 καὶ
2540 3264 2695 3329 πέρας
2747 3262 3075 3332 παρεισάγει,
3122 3265 3336 3334 μέγεθος
3388 3261 3448 3317 δὲ
3505 3270 3658 3319 θείων
3706 3289 3841 3344 πραο

2219 3349 2431 3419 γμάτων
2498 3350 2528 3405 ἡ
2583 3348 2713 3411 λέξις
2781 3347 3279 3424 συμπαραδηλοῡσα
3333 3354 3406 3415 εἰς
3462 3353 3839 3431 ἀπεριόριστον

2221 3439 2517 3509 παράτασιν
2566 3440 2653 3488 τόν
2703 3445 2820 3490 νοῦν
2877 3447 2977 3491 τῶν
3030 3438 3451 3512 ἐντυγχανόντων
3503 3443 3827 3519 ἀναπέμπει,

2223 3526 2297 3577 Οὐ
2328 3530 2479 3597 μόνον
2512 3523 2589 3591 δε,
2624 3524 2753 3578 ἀλλά
2801 3532 2890 3579 καὶ
2941 3534 3114 3601 τρίτον
3163 3528 3304 3582 ἐστιν
3350 3528 3480 3584 ἰδεῖν
3524 3534 3694 3587 αὐτοῦ
3743 3557 3839 3593 ση-

2220 3620 2543 3686 μαινόμενον,
2601 3612 2674 3667 δι⁹
2727 3616 2787 3667 οὗ
2840 3621 2975 3688 μέγα
3023 3622 3112 3689 μὲν
3176 3625 3266 3672 καὶ
3329 3622 3617 3694 ὑπέρογκον
3682 3623 3838 3678 οὐδὲν

2221 3700 2599 3769 ὑποδηλοῦται,
2657 3703 2825 3765 ἁπλῶς
2882 3702 2941 3757 δε
2999 3710 3059 3758 τὸ
3130 3705 3356 3761 ἐναντίον
3427 3719 3519 3763 τοῦ
3576 3720 3836 3787 προτέρου

2221 3792 2333 3861 ἕως,
2389 3788 2830 3864 διασημαίνεται·
2884 3797 2952 3855 ὡς
2997 3798 3075 3863 τό,
3128 3818 3156 3845 ‹‹
3204 3797 3316 3849 Οὐκ
3370 3798 3651 3873 ἀνέστρεφε
3706 3808 3835 3877 πρὸς

2221 3884 2305 3932 τόν
2348 3888 2458 3934 Νῶε
2511 3883 2540 3939 ἡ
2592 3886 2893 3957 περιστερὰ,
2936 3884 3025 3944 ἕως
3076 3892 3168 3936 τοῦ
3223 3888 3686 3959 καταξηρανθῆναι
3742 3898 3837 3951 τήν

2221 3979 2319 4042 γῆν
2353 3986 2365 4000 ⁸
2402 3992 2430 4023 ››
2483 3975 2591 4034 καὶ,
2652 3970 2784 4033 Ἐως
2850 3971 2909 4023 διν
2963 3976 3370 4047 καταγηράσητε
3422 3977 3689 4051 (ἀλλαχοὺ
3741 4003 3841 4053 φη-

2226 4063 2347 4125 σιν),
2378 4058 2476 4131 ἐγώ
2517 4059 2623 4131 εἰμι
2653 4061 2678 4111 ὁ
2729 4064 2887 4122 Θεός·
2924 4082 2952 4113 »
2981 4067 3070 4115 καὶ
3121 4063 3253 4116 ἄλλα
3295 4071 3480 4141 μυρία,
3513 4065 3591 4121 δι’
3638 4072 3711 4122 ὧν
3759 4076 3843 4124 εὖ·

2224 4145 2380 4205 δηλον
2435 4154 2524 4201 καὶ
2570 4157 2677 4211 τοίς
2739 4150 2852 4203 λίαν
2926 4150 3305 4225 ἐθέλοκωφοῡσι
3361 4159 3707 4227 καθίσταται,
3767 4166 3843 4223 ὡς

2224 4237 2337 4290 ἀντὶ
2405 4246 2496 4290 τοῦ
2556 4244 2827 4305 Διηνεκώς,
2878 4246 2969 4294 καὶ
3045 4242 3131 4303 Εἰς
3194 4246 3280 4296 τὸν
3348 4246 3530 4313 αἰῶνα,
3582 4250 3611 4306 ἡ
3675 4249 3837 4315 λέξις,

2220 4326 2701 4401 παραλαμϐάνεται.
2752 4328 2911 4381 Ὀταν
2959 4327 3048 4382 οὖν
3098 4328 3341 4396 δείξωσιν
3390 4337 3441 4387 οἱ
3486 4339 3661 4389 πάντα
3715 4341 3841 4411 θρα-

2223 4424 2351 4479 σείς,
2407 4419 2536 4488 μετά
2594 4421 2687 4476 τὴν
2740 4426 2832 4478 τῆς
2888 4419 3102 4483 σελήνης
3160 4420 3539 4499 ἀνταναίρεσιν,
3591 4432 3688 4485 τὴν
3742 4437 3840 4481 τοῦ

2222 4511 2455 4578 Χριστοῦ
2512 4510 2601 4558 καὶ
2659 4514 2793 4560 Θεοῦ
2846 4509 2992 4580 ἡμῶν
3052 4505 3397 4571 δικαιοσύνην
3452 4514 3612 4575 εἰςτὸ
3651 4524 3727 4589 μὴ
3781 4519 3838 4571 ὃν

2218 4591 2607 4660 καταδύουσαν,
2677 4600 2767 4649 καὶ
2838 4600 2895 4649 τό
2966 4597 3159 4661 πλῆθος
3232 4600 3393 4655 αὐτοῦ
3457 4612 3547 4664 τῆς
3619 4607 3840 4679 εἰρήνης

2219 4686 2592 4756 ἐκμειούμενον,
2638 4689 2729 4737 καὶ
2764 4685 2836 4747 εἰς
2879 4688 3077 4761 ἔχθραν
3124 4685 3465 4763 διαχεόμενον
3500 4709 3511 4721 ·
3559 4701 3651 4747 καὶ
3702 4701 3838 4768 μετά

2219 4792 2276 4844 γε
2316 4777 2371 4824 τό
2411 4775 2721 4833 ὑποτεθῆναι
2768 4778 2892 4837 τοὺς
2921 4774 3143 4849 ἐχθροὺς
3172 4777 3333 4832 αὐτοῦ
3374 4781 3473 4833 ὑπὸ
3504 4786 3625 4846 τοὺς
3656 4783 3837 4850 πόδας

2219 4861 2399 4929 αὐτοῦ,
2431 4870 2521 4923 τῆς
2566 4862 2620 4914 ἐκ
2671 4860 2851 4926 δεξιῶν
2897 4862 3156 4939 καθέδρας
3206 4875 3299 4919 τοῦ
3352 4871 3553 4945 Πατρός
3602 4893 3832 4947 παρακι-

2218 4953 2458 5023 νούμενον
2512 4956 2752 5025 τρέποιτο
2797 4949 2941 5025 (τόδε
2994 4957 3052 5006 τὸ
3108 4953 3419 5030 βλάσφημον
3464 4959 3531 5020 εἰς
3588 4965 3684 5025 τάς
3732 4974 3833 5017 τῶν

2221 5038 2712 5111 ἀναισχυντούντων
2763 5042 3011 5116 κεφαλὰς]
3041 5061 3053 5073 ·
3116 5042 3228 5097 εῖτά
3280 5043 3341 5099 δε
3404 5050 3496 5101 καὶ
3547 5055 3681 5121 μετά
3734 5059 3831 5112 τὴν

2222 5129 2511 5181 συντέλειαν
2549 5137 2639 5181 τοῦ
2696 5130 2895 5197 αἰῶνος,
2944 5132 3027 5184 ὅτε
3077 5132 3267 5204 μᾶλλον
3322 5136 3493 5198 αὐτοῖς
3540 5140 3570 5196 ἠ
3629 5141 3831 5194 οἰκείω-

2220 5237 2323 5283 σις,
2365 5227 2462 5269 τῶν
2508 5217 2750 5290 μαθητῶν
2796 5219 3177 5293 ἀφιστάμενον
3221 5229 3310 5276 καὶ
3353 5223 3517 5279 hmo"
3560 5227 3622 5279 ἂν
3666 5250 3829 5283 κατα-

2217 5308 2523 5382 γηράσωσιν
2568 5310 2618 5361 οἱ
2647 5313 2760 5361 τότε
2807 5310 3093 5385 ἄνθρωποι,
3124 5317 3313 5384 μηκέτι
3355 5318 3478 5367 ὄντα
3515 5320 3602 5369 τὸν
3650 5326 3780 5373 Θεόν
3808 5340 3821 5353 ·

525 5558 573 5595 ⁸ο
611 5557 764 5615 Psal.
793 5572 919 5613 un
968 5562 1019 5613 7.
1077 5559 1120 5593 ³¹
1158 5557 1311 5615 Psal.
1331 5574 1444 5626 clx,
1471 5559 1522 5614 l.
1546 5559 1593 5594 "
1624 5558 1824 5615 Matth.
1854 5574 2052 5623 xxvm,
2079 5562 2167 5615 20.
2202 5561 2249 5595 ³³
2277 5559 2417 5615 Gen.
2448 5574 2564 5628 vui,
2595 5560 2649 5617 7.
