3926 6190
133 322 217 383 369
1046 319 1143 378 AD
1179 321 1733 382 AMPHILOCHIUM
1773 327 2105 394 QUIESTIO
2146 331 2405 388 CLXXII.

3314 336 3418 392 870

129 452 168 502 οί
213 446 363 522 βούλει
396 442 451 499 δὲ
486 449 568 497 καὶ
616 448 710 505 τὴν
753 449 1061 522 περιστερὰν
1116 452 1248 519 μετὰ
1290 453 1348 502 τό
1393 449 1654 524 ξηρανθῆ-

1866 472 1968 511 sus
1995 456 2068 512 ad
2088 456 2358 513 dextram
2392 458 2482 513 sui
2513 458 2696 514 Patris
2720 456 3135 515 deturbabitur
3162 460 3423 532 (interim

129 559 196 590 ναι
219 542 297 594 τήν
327 544 415 608 γῆν
452 537 572 610 πρὸς
617 538 706 587 τὸν
740 541 855 588 Νῶε
900 538 1333 613 ἀναστρέψασαν·
1389 545 1504 592 τότε
1535 538 1654 593 δια-

127 632 418 700 πορείτωσαν,
463 630 546 678 καὶ
582 624 626 676 εί
665 628 799 698 μετά
842 630 930 679 τὸν
985 626 1211 704 ἄρρητον
1246 635 1334 682 καὶ
1384 633 1656 706 παρθένιον

126 722 263 779 τόκον,
315 711 483 786 ἀνδρὸς
537 713 738 786 ὁμιλίαν
793 717 823 773 ἠ
875 719 1134 790 Παρθένος
1208 717 1525 791 ἑμελέτησεν.
1599 720 1658 773 Εἰ

128 801 176 857 δὲ
213 807 274 875 μὴ
321 802 423 854 κατ’
474 801 747 862 ίπιστολὴν
819 806 1061 878 ἔγραφον,
1118 806 1322 870 πλείους
1385 809 1467 872 ἄν,
1523 816 1658 862 Θεοῦ

125 889 339 956 διδόντος,
381 893 462 952 τὰς
511 888 798 956 ἀποδείξεις
845 912 930 946 σοι
973 897 1318 969 παρεθέμεθα·
1368 896 1474 950 ἀλλ’
1509 900 1660 950 ἱκανά

125 986 368 1034 καὶταῦτα
410 982 481 1042 οἷς
525 985 595 1054 μὴ
645 984 776 1054 μετά
821 991 916 1046 τῆς
960 983 1173 1056 ἀγνοίας
1219 990 1309 1038 καὶ
1361 987 1391 1044 ἡ
1451 982 1659 1039 διάνοια

121 1068 454 1140 προσαπώλετο.
506 1072 582 1123 Τά
638 1068 688 1124 δ’
755 1070 904 1136 ἄλλα,
960 1072 1115 1146 ψυχῇ
1171 1079 1260 1127 καὶ
1315 1080 1520 1147 σώματι
1582 1074 1659 1151 ἓρ·

120 1159 246 1232 ῥωσο.

1768 543 1826 598 in
1855 551 2167 602 auctorum
2197 546 2392 618 capita
2446 547 2570 602 haec
2614 547 2988 619 blasphemia
3027 553 3426 621 convertatur)

1767 637 1822 688 et
1853 639 1989 705 post
2022 635 2221 690 smculi
2262 636 2855 701 consummationem,
2889 653 3026 692 cum
3071 638 3248 694 multo
3287 655 3428 711 pro-

1769 721 2053 793 pinquius
2099 723 2180 779 illi
2233 725 2675 796 conjungentur
2699 724 3000 798 discipuli,
3046 741 3183 782 eum
3232 727 3310 784 ab
3352 729 3424 784 iis

1768 825 2168 881 recessurum,
2197 818 2298 868 aut
2322 815 2505 868 Deum
2533 829 2651 870 non
2683 814 2924 870 ulterius
2947 815 3232 882 futurum,
3267 822 3428 888 post-

1768 915 1950 969 quam
1981 899 2062 956 illi
2093 900 2368 956 homines
2393 905 2566 958 aatate
2597 903 3002 974 provehantur
3033 922 3046 959 :
3079 911 3180 960 aut
3212 905 3429 962 docue-

1769 988 1902 1054 rint,
1964 995 2092 1060 post
2153 989 2477 1046 arefactam
2537 996 2750 1048 terram
2775 992 3121 1049 columbam
3173 995 3251 1049 ad
3308 999 3428 1051 Noe

1769 1077 2034 1144 rediisse,
2067 1083 2206 1133 tunc
2262 1079 2634 1146 addubitent,
2684 1096 2792 1136 nec
2839 1081 3124 1154 impedio,
3172 1099 3250 1139 an
3295 1091 3429 1156 post

1770 1171 2011 1237 partum
2041 1166 2375 1238 virgineum
2403 1169 2900 1240 inexplicabilem,
2925 1171 2998 1226 de
3018 1170 3163 1226 virili
3186 1188 3430 1228 consor-

121 1247 180 1301 tio
203 1246 349 1318 Virgo
376 1247 725 1318 cogitaverit.
759 1249 930 1315 Quod
961 1249 1008 1305 si
1037 1265 1158 1308 non
1204 1252 1519 1325 epistolam
1553 1253 1895 1324 scriberem,
1921 1255 2125 1327 plures
2158 1256 2374 1323 adhuc,
2409 1273 2546 1312 cum
2576 1257 2739 1313 bono
2775 1260 2912 1324 Deo,
2947 1259 3054 1314 tibi
3102 1275 3430 1331 repraesen-

119 1340 266 1390 tarem
284 1335 824 1394 demonstrationes.
866 1339 980 1396 Sed
1010 1339 1139 1395 istm
1165 1341 1464 1397 sufﬁcient
1492 1343 1636 1398 satis
1667 1341 1735 1397 iis
1764 1343 2069 1414 omnibus,
2122 1343 2226 1417 qui
2253 1360 2374 1401 non
2409 1361 2530 1401 una
2568 1362 2695 1402 cum
2721 1347 3080 1417 ignorantia,
3116 1354 3171 1403 et
3215 1347 3428 1404 mentis

117 1439 214 1479 sum
238 1423 478 1481 fecerunt
498 1425 821 1496 jacturam.
866 1431 1090 1485 Cretera
1115 1431 1326 1487 Valeas
1358 1432 1560 1487 animo
1591 1439 1648 1487 et
1676 1447 1941 1503 corpore.

615 1638 930 1686 ΕΡΩΤΗΣῙΣ
970 1632 1129 1689 ΡΟΒ’.

663 1763 786 1832 Ηερὶ
815 1763 1077 1834 προνοίας.

1698 1637 1742 1691 Β
1843 1638 2168 1706 ΟυΑΞδΤΙΟ
2217 1641 2475 1699 CLXXII.

2553 1641 2746 1713 [ϐοίει.
2773 1641 2905 1698 CCI.
2960 1641 3142 1698 Taur.
3205 1639 3425 1714 CXCII].

2345 1767 2432 1824 De
2450 1766 2858 1825 Providentia.

341 1960 490 2013 Edita
517 1974 550 2013 ο.
578 1962 912 2013 Montacutio
939 1964 958 2026 (
989 1975 1074 2026 ep.
1105 1963 1161 2012 3i
1200 1962 1270 2013 ad
1295 1963 1475 2014 Taras.
1507 1979 1559 2028 p.
1595 1966 1758 2024 θοοθι,
1796 1969 1848 2017 et
1880 1981 2096 2018 rursum
2123 1982 2155 2020 a
2182 1968 2320 2020 Maio
2355 1969 2487 2022 Nov.
2527 1971 2654 2022 Coll.
2686 1976 2724 2024 t.
2760 1972 2796 2029 l,
2830 1970 3147 2036 9174-178).

162 2154 217 2209 α’.
266 2155 317 2210 Εἰ
341 2154 527 2229 μηδεὶς
576 2166 677 2211 τῶν
726 2154 1066 2224 ἀδικούντων,
1118 2164 1207 2212 καὶ
1253 2159 1382 2222 ὅλως
1428 2160 1667 2236 ἁμαρτα-

100 2247 269 2308 νόντων,
298 2249 422 2299 κατά
467 2253 662 2323 χεῖρας
703 2245 816 2320 εἶχε
856 2250 1149 2319 φθάνουσαν
1179 2253 1270 2307 τὴν
1316 2246 1491 2316 δίκην,
1538 2249 1666 2302 ἀλλά

103 2337 171 2383 καὶ
196 2336 359 2398 πάντες
387 2338 436 2388 οἱ
465 2345 569 2398 τῆς
613 2336 800 2408 ἀρετῆς
844 2336 1081 2411 ἕργοὶται,
1114 2341 1200 2390 τὸν
1233 2337 1350 2411 βίον
1390 2337 1588 2412 ἔτριϐον
1616 2338 1664 2390 ἐν

100 2420 398 2499 ταλαιπωρίᾳ,
450 2425 553 2478 οὐκ
607 2427 668 2477 ἄν
723 2445 808 2478 σοι
860 2425 972 2478 λίαν
1024 2425 1226 2488 ἀτόπως
1286 2428 1311 2478 ὁ
1368 2431 1482 2502 περὶ
1540 2447 1664 2501 προ-

99 2514 210 2572 νοίας
245 2511 384 2584 λόγος
429 2512 707 2587 ίχὼἲευεν.
761 2515 901 2568 Ἐπεὶ
960 2511 1018 2569 δε
1070 2515 1247 2568 πολλοὶ
1292 2521 1381 2569 καὶ
1423 2525 1520 2568 τῶν
1568 2522 1662 2576 τὴν

97 2602 249 2650 κακίαν
295 2607 598 2674 μετιόντων,
672 2605 798 2677 παρ’
852 2603 1011 2664 αὐτὰς
1067 2606 1158 2666 τὰς
1215 2604 1428 2674 πράξεις
1489 2607 1660 2677 ὤφθη-

101 2705 174 2736 σαν
197 2691 274 2749 τὰς
311 2686 456 2753 δίκας
501 2688 818 2758 δεδωκότες,
871 2697 961 2745 καὶ
1007 2702 1102 2745 τῶν
1153 2692 1306 2768 ἀρετῇ
1346 2694 1664 2768 ῥυθμιζομέ-

98 2794 172 2825 νων
211 2777 540 2842 εὖπαθοῡντές
587 2781 716 2833 εἰσιν
766 2780 1101 2854 ἐγνωσμένοι,
1155 2791 1259 2843 πῶς
1311 2783 1406 2836 οὐκ
1449 2782 1663 2844 ἀνόητος

97 2864 268 2919 tam
302 2876 388 2930 τῆς
437 2874 696 2946 προνοίας
743 2872 938 2922 ἐπίνοια
971 2887 983 2937 ;
1020 2870 1077 2924 Εἰ
1127 2867 1176 2923 δ’
1227 2873 1307 2924 ὅτι
1359 2877 1431 2944 μὴ
1479 2874 1666 2933 πάντες

100 2949 284 3007 ἐνταῦθα
326 2960 634 3031 κομίζονται
692 2961 757 3011 τὰ
809 2957 1075 3033 ἐπίχειρα,
1124 2965 1275 3013 τοῦτό
1326 2980 1383 3013 σε
1430 2960 1546 3012 κατ’
1575 2960 1666 3011 αὑ-

97 3049 170 3101 τῆς
217 3042 505 3120 ἆνερεθίξει,
551 3049 672 3100 ἴσθι
701 3049 765 3108 ὣς
816 3044 872 3100 δι
901 3049 968 3099 ὦν
998 3051 1152 3121 ἔγνως
1197 3050 1327 3123 αὐτῇ
1369 3051 1662 3122 μάχεσθαι,

96 3129 252 3197 μᾶλλον
292 3136 452 3200 αὐτῆς
509 3137 889 3210 ἀνακηρύττεις
919 3141 956 3203 ί,
1009 3141 1140 3210 μετά
1199 3147 1290 3198 τῆς
1343 3144 1548 3212 σοφίας,
1608 3142 1666 3190 τὸ

93 3219 286 3292 ἄμαχον
331 3225 375 3277 εἰ
401 3229 504 3300 γὰρ
549 3227 741 3288 πάντες
787 3225 836 3278 ἕν
889 3234 959 3296 τῷ
1003 3235 1090 3278 νῦν
1140 3227 1307 3295 αἰῶνι,
1345 3230 1394 3280 οἱ
1437 3230 1526 3300 μὲν
1575 3229 1667 3288 τάς

97 3308 271 3373 εὐθύνας
325 3315 728 3392 εἰσεπράττοντο
780 3325 879 3369 τῶν
935 3319 1310 3393 ἡμαρτημένων
1367 3328 1416 3384 υ,
1481 3317 1528 3368 οἱ
1586 3312 1664 3381 δὲ,

92 3394 152 3468 ἐφ’
186 3401 255 3462 οἷς
283 3403 473 3458 εἵλοντο
523 3408 596 3459 τὰ
635 3403 844 3478 ἀμείνω,
879 3402 1041 3469 δόξης
1089 3412 1178 3458 καὶ
1214 3415 1378 3479 -τιμῆς
1404 3404 1670 3463 ἀπήλαυον

93 3491 162 3539 καὶ
203 3488 560 3566 εὐδαιμονίας,
611 3497 780 3567 μάτην
836 3514 890 3547 τε
939 3497 1000 3548 ἄν
1058 3499 1116 3548 τὸ
1169 3494 1355 3548 ἐκεῖθεν
1402 3500 1670 3569 κριτήριον

92 3586 385 3640 συνειστήκει
442 3586 600 3658 (ὅπερ
662 3583 770 3637 ἐστὶ
826 3593 921 3647 τῆς
979 3585 1218 3637 ἀνωτάτω
1275 3592 1408 3637 Θεοῦ
1489 3587 1673 3655 σοφίας

90 3672 161 3716 καὶ
201 3666 567 3743 κηδεμονίας),
615 3678 700 3726 καὶ
750 3671 923 3746 βίαιον
967 3673 1130 3734 ἄλλως
1176 3683 1207 3711 ν
1236 3677 1325 3724 καὶ
1359 3671 1603 3723 ἀκούσιον
1640 3691 1669 3728 η

91 3763 164 3806 τοῦ
209 3768 368 3812 κακοῦ
409 3766 556 3833 φυγὴ
613 3756 976 3830 ἀπεδείκνυτο·
1033 3756 1366 3826 δεδοικότων,
1413 3763 1477 3822 ὡς
1521 3760 1672 3828 εἰκός,

90 3852 169 3893 τῶν
229 3847 551 3922 πλημμελεῖν
636 3847 948 3920 ἐγνωκότων,
999 3853 1091 3907 τὴν
1154 3854 1454 3925 παραυτίκα
1520 3869 1678 3921 τιμω-

87 3937 203 4002 ρίανο
253 3945 342 3990 καὶ
391 3940 529 4010 οὐχὶ
581 3943 789 4010 γνώμης
868 3937 1071 4010 ἀγαθῆς
1108 3939 1324 4013 αἱρέσει,
1378 3935 1549 4011 δειλίᾳ
1620 3934 1678 3990 δὲ

89 4023 251 4089 hinc»
297 4027 402 4080 ἀπὸ
455 4037 558 4090 τῆς
611 4032 798 4089 κακίας
842 4024 1240 4101 διασπωμένων.
1296 4028 1453 4079 Ἀλλά
1495 4047 1554 4099 γε
1608 4023 1675 4085 δὴ

90 4117 162 4162 καὶ
198 4119 490 4192 μισθαρνίᾳ
549 4122 642 4168 καὶ
693 4117 785 4168 οὐκ
840 4115 1024 4191 ἀρετῆς
1071 4126 1122 4184 ι,
1162 4126 1259 4178 τῆς
1302 4115 1485 4190 ἀρετῆς
1534 4115 1681 4187 ἐτύγ-

87 4219 222 4268 χανεν
251 4207 311 4256 ἄν
341 4208 373 4264 ἠ
412 4205 674 4280 ἐργασία·
725 4209 816 4258 καὶ
854 4205 1026 4257 οὐκέτι
1077 4202 1346 4280 διάκρισις
1392 4214 1490 4258 τῶν
1523 4225 1684 4257 σπουη

91 4283 230 4342 δαίων
281 4300 374 4348 καὶ
424 4305 534 4348 τῶν
580 4295 781 4366 φαύλων
830 4294 1069 4366 ἐγεγόνει·
1114 4291 1237 4346 οὐδὲ
1275 4300 1386 4346 τισὶ
1430 4298 1540 4366 μεν,
1603 4295 1686 4346 ἶνα

1846 2163 1951 2220 ISi
1977 2179 2156 2220 nemo
2195 2181 2444 2237 prorsus
2482 2165 2918 2239 improborum,
2965 2171 3020 2222 et
3044 2163 3304 2239 peccatis
3331 2178 3430 2234 pe-

1774 2251 1932 2306 nitus
1961 2253 2296 2310 deditorum
2336 2255 2663 2310 vindictam
2698 2271 2820 2328 prte
2853 2255 3136 2311 manibus
3175 2267 3430 2325 praesen-

1774 2344 1892 2396 tem
1939 2341 2248 2407 haberent,
2290 2344 2394 2399 sed
2425 2344 2654 2400 virtutis
2699 2351 3060 2417 operatores,
3105 2341 3429 2399 universim

1773 2445 2003 2495 omnes,
2032 2431 2218 2487 vitam
2254 2433 2649 2503 transigerent
2680 2450 2785 2506 per
2812 2433 3101 2500 miserias,
3141 2431 3302 2489 haud
3329 2431 3434 2486 ab-

1773 2519 1950 2575 surde
2000 2519 2100 2576 tibi
2149 2520 2444 2577 videretur
2485 2522 2559 2578 de
2595 2522 2993 2594 providentia,
3025 2521 3175 2577 ratio
3216 2535 3434 2576 manca

1773 2614 1950 2680 atque
1972 2608 2176 2665 mutila
2209 2626 2222 2676 ;
2260 2609 2364 2666 sed
2405 2627 2544 2666 cum
2580 2611 2824 2683 plurimi
2850 2627 3081 2679 eorum,
3104 2609 3208 2682 qui
3238 2627 3300 2664 se
3335 2625 3434 2664 ne-

1771 2697 1972 2768 quitiis
1998 2697 2373 2766 dediderunt,
2390 2700 2450 2755 in
2473 2700 2608 2772 ipso
2632 2699 3024 2773 improbitatis
3047 2706 3199 2767 actu,
3228 2715 3433 2770 poenas

1771 2785 2007 2841 dedisse
2050 2794 2507 2856 cognoscantur,
2577 2795 2634 2844 et
2656 2789 2760 2861 qui
2807 2788 3136 2843 secundum
3200 2785 3431 2842 virtutis

1773 2877 2036 2930 tenorem
2056 2881 2243 2931 semet
2263 2877 2716 2944 conﬁrmarunt,
2743 2892 3026 2948 prospere
3045 2876 3253 2931 vixisse
3269 2874 3433 2929 intel-

1775 2963 2054 3034 ligantur,
2085 2964 2332 3020 omnino
2364 2980 2607 3020 necesse
2630 2971 2718 3020 est
2747 2972 2807 3020 ut
2825 2964 3068 3019 stultum
3097 2961 3431 3034 sitobloqui

1780 3051 2183 3107 Providentiae.
2221 3053 2389 3118 Quod
2411 3052 2458 3107 si
2503 3053 2647 3108 illud
2675 3058 2728 3107 te
2748 3058 2955 3108 contra
2978 3068 3111 3108 eam
3141 3050 3429 3115 stimulat,

1776 3141 1916 3213 quia
1937 3156 2056 3195 non
2075 3140 2477 3196 indifferenter
2496 3157 2708 3198 omnes
2730 3141 2841 3196 hac
2863 3141 2923 3196 in
2946 3140 3067 3197 vita
3100 3139 3434 3212 percipiant

1777 3229 1990 3285 merita
2011 3245 2142 3298 sua,
2166 3229 2320 3285 scias
2338 3233 2582 3301 oportet,
2621 3235 2672 3284 te
2712 3245 2816 3301 per
2839 3229 2897 3283 id
2918 3245 3042 3301 quo
3071 3233 3279 3284 contra
3329 3227 3435 3282 de-

1781 3333 2046 3388 pugnare
2075 3317 2235 3374 illam
2256 3319 2419 3387 reris,
2451 3317 2538 3372 vel
2559 3320 2820 3373 maxime
2848 3318 3117 3388 ejusdem
3146 3317 3269 3372 vim
3291 3315 3435 3371 irre-

1781 3405 2084 3463 sistibilem
2115 3413 2169 3462 et
2193 3406 2548 3478 sapientiam
2571 3407 2892 3462 celebrare.
2923 3404 3108 3471 Certe,
3141 3407 3190 3460 si
3221 3396 3435 3461 omnes

1780 3512 1887 3569 per
1907 3501 2252 3566 praesentem
2275 3497 2478 3561 vitam,
2513 3495 2602 3550 vel
2626 3496 2919 3552 rationem
2945 3495 3191 3550 reddere
3213 3494 3286 3550 de
3306 3509 3438 3566 pec-

1783 3585 1930 3641 catis
1977 3592 2346 3654 cogerentur,
2387 3585 2480 3640 vel
2531 3600 2601 3640 eo
2641 3584 2806 3656 quod
2863 3584 3168 3640 meliorem
3209 3589 3438 3656 partem

1786 3674 2001 3730 fuerint
2048 3673 2329 3746 amplexi,
2368 3674 2637 3744 gloriam,
2667 3673 2978 3743 honorem,
3007 3672 3440 3729 beatitudinem

1787 3762 1881 3819 hic
1903 3770 2379 3836 assequerentur,
2403 3762 2651 3818 omnino
2683 3763 2898 3818 frustra
2914 3762 3178 3818 futurum
3199 3761 3442 3833 aliquod

1783 3853 2077 3923 judicium
2119 3856 2558 3924 exspectaretur
2603 3851 2789 3923 (quod
2845 3856 3043 3906 tamen
3074 3867 3110 3905 a
3160 3864 3443 3921 suprema

1791 3941 2084 4014 sapientia
2114 3947 2169 3996 et
2207 3957 2350 3995 cura
2379 3940 2583 3994 divina
2630 3940 2960 4008 ordinatur)
2992 3955 3005 4005 ;
3043 3937 3149 3992 sed
3201 3939 3444 4008 insuper

1789 4031 2115 4086 violentum
2166 4029 2302 4100 quid
2349 4034 2405 4083 et
2450 4027 2784 4083 coactitium
2835 4027 3150 4088 videretur,
3204 4042 3240 4080 a
3285 4024 3443 4079 malo

1793 4117 2189 4188 abstinuisse;
2250 4117 2297 4171 si
2330 4116 2638 4172 horrerent
2671 4115 3083 4187 delinquentes
3127 4130 3157 4168 e
3202 4113 3444 4182 vestigio

1794 4222 2029 4278 semper
2050 4221 2298 4276 sequens
2311 4211 2365 4260 et
2387 4205 2700 4259 adhaerens
2716 4203 3110 4274 supplicium;
3137 4218 3249 4273 quo
3273 4205 3445 4273 pacto

1795 4296 1978 4359 fieret,
2016 4301 2076 4349 ut
2103 4310 2222 4348 non
2254 4293 2327 4349 de
2367 4293 2649 4347 electione
2684 4292 2944 4347 melioris
2987 4291 3310 4355 sententiae,
3344 4287 3450 4343 sed

85 4385 159 4439 τῆς
204 4380 392 4438 ἐκεῖθεν
470 4388 695 4457 τύχωσι
747 4382 1043 4457 βασιλείας,
1094 4388 1184 4436 καὶ
1235 4384 1317 4436 ἵνα
1373 4386 1669 4436 Δεσποτικά‹

1861 4388 1949 4438 etu
1980 4383 2196 4454 potius,
2243 4389 2298 4437 et
2346 4381 2670 4446 timiditate,
2706 4396 2740 4436 a
2769 4379 2928 4435 malo
2968 4380 3401 4435 deterrerentur
3435 4393 3448 4431 :

89 4479 484 4544 συντηρήσωσιν
528 4474 750 4542 ἐντολὰς,
792 4475 822 4532 ἡ
867 4474 1054 4548 ἀρετῆς
1102 4472 1310 4545 πρᾶξις,
1344 4479 1433 4524 καὶ
1487 4475 1516 4530 ἡ
1564 4475 1688 4524 ταύ-

85 4575 164 4622 της
191 4570 398 4635 χρῆσις
429 4562 489 4627 ἐξ
539 4566 724 4638 ἔρωτος
772 4564 929 4628 θείου,
980 4567 1091 4614 τισὶ
1121 4559 1180 4614 δὲ
1221 4564 1303 4614 ἵνα
1338 4565 1426 4614 τόν
1457 4566 1690 4636 παρόντα

87 4645 190 4717 βίον
219 4653 269 4703 ἐν
309 4651 615 4705 ἀπολαύσει
645 4648 680 4704 δ
685 4654 941 4704 ιανύσωσι
977 4656 1065 4704 καὶ
1096 4647 1424 4723 εὐδαιμονίᾳ.

1797 4473 2024 4529 accedit
2053 4472 2210 4543 quod
2245 4472 2472 4527 virtutis
2517 4470 2804 4542 operatio,
2837 4485 2959 4524 non
3011 4485 3083 4524 ex
3113 4468 3312 4540 aliquo
3343 4463 3456 4521 vir-

1801 4562 1937 4616 tutis
1964 4567 2256 4632 respectu,
2298 4559 2397 4615 sed
2447 4558 2730 4614 mercedis
2761 4557 2980 4613 intuitu
3012 4557 3411 4628 susciperetur
3438 4571 3452 4619 ;

1801 4648 1964 4705 nulla
1992 4647 2286 4704 bonorum
2319 4663 2354 4703 a
2384 4646 2556 4702 malis
2595 4646 2897 4702 distinctio
2929 4649 3280 4700 statueretur
3307 4660 3319 4698 :
3356 4642 3458 4698 sed

83 4751 240 4796 neca
269 4741 686 4816 quibusdam,
721 4745 786 4797 ut
838 4756 1082 4812 regnum
1139 4739 1428 4796 caelorum
1479 4742 1950 4810 consequantur,
1983 4743 2088 4794 aut
2141 4743 2206 4792 ut
2256 4736 2460 4792 divina
2513 4735 2799 4790 mandata
2838 4733 3196 4800 custodiant,
3231 4731 3460 4788 virtutis

86 4837 258 4899 actus,
311 4831 724 4903 ejusdemque
791 4830 1073 4903 frequens
1129 4845 1273 4884 usus
1305 4845 1375 4884 ex
1404 4844 1609 4883 amore
1672 4830 1785 4893 Dei,
1821 4825 2352 4900 proficiscerentur,
2394 4823 2641 4897 quidam
2686 4829 2885 4880 autem
2918 4823 2979 4878 in
3010 4838 3149 4878 eum
3178 4821 3359 4877 ﬂnem
3400 4821 3463 4877 id

85 4927 339 4991 agerent,
373 4927 444 4977 ut
474 4919 790 4992 praesentis
811 4917 946 4975 vitae
969 4935 1211 4975 cursum
1239 4923 1498 4974 suaviter
1529 4917 1945 4981 transmittant,
1977 4920 2036 4972 et
2059 4915 2252 4972 beate.

148 5041 214 5114 β’.
243 5044 457 5109 Ἄλλως
483 5064 546 5098 τε
581 5049 671 5098 καὶ
699 5047 757 5098 τὸ
784 5045 988 5098 πάντων
1016 5043 1314 5111 καλλιστον,
1347 5045 1463 5104 τοὺς
1494 5041 1695 5115 ἀγῶνας

81 5127 204 5204 λέγω
259 5133 339 5207 ἐρ’
391 5136 477 5199 οἷς
525 5136 575 5188 οἱ
611 5130 812 5189 δίκαιοι
857 5133 1087 5208 μαλιστα
1135 5135 1505 5207 στεφανοῦντα,
1555 5130 1696 5185 ἀναι-

1876 5041 1929 5095 2.
1966 5040 2217 5098 Ulterius
2256 5043 2459 5096 autem
2484 5037 2542 5094 id
2578 5037 2741 5111 quod
2777 5036 2957 5108 longe
2993 5035 3469 5110 pulcherrimum

1805 5137 1913 5197 est,
1946 5129 2230 5186 nimirum
2273 5128 2622 5195 certamina,
2677 5131 2918 5200 propter
2962 5142 3099 5200 qum
3138 5127 3300 5185 adita
3326 5127 3472 5199 justi

1448 5311 1686 5368 νΑΒιΑε
1724 5308 2015 5367 LECTION
2025 5310 2125 5365 ES.

150 5523 167 5562 ί
227 5521 438 5581 Maius
523 5520 906 5598 ἀνακηρύτταις
1003 5531 1032 5562 υ
1101 5520 1173 5576 Μ.
1242 5518 1648 5592 ἁμαρτημάτων.

89 5590 265 5665 arma.

1728 5530 1757 5556 ν
1823 5515 1984 5577 ἄλλως
2048 5514 2211 5571 deest
2283 5513 2340 5569 in

2408 5513 2576 5570 Maio.
2653 5529 2678 5555 ι
2745 5513 2819 5569 Μ.

2887 5515 3174 5589 μισθαρνία
3229 5513 3317 5562 καὶ
3383 5507 3478 5562 οὐκ
