4116 6194
503 334 601 388 871
1721 323 1959 381 ΡΗΟΤΙΙ
1999 318 2483 379 ΡΑΤΒῙΑΗΟΗᾸΕ
2522 318 2611 379 CP
2626 368 2639 379 .

3766 317 3878 376 8‘73

503 459 887 527 coronantur,
910 453 1265 519 tollerentur,
1288 451 1339 506 si
1356 466 1535 507 nemo
1556 464 1797 522 prorsus
1818 451 1999 521 hujus
2018 450 2151 505 vitae

2273 452 2470 510 >οῦντός
2511 447 2623 500 ἐστι
2664 450 2723 500 τὸ
2775 443 2979 520 μηδένα
3021 449 3213 499 τούτων
3255 442 3544 519 βουλεσθαι
3586 452 3697 506 τοῖς
3740 465 3880 519 παρ-

504 546 754 602 miseriis
784 550 838 599 et
880 542 1312 600 calamitatibus
1356 540 1813 596 conﬂictaretur.
1864 541 1979 595 Nec
2027 539 2152 593 haec

505 639 734 691 tantum
752 634 975 698 dixero,
1006 630 1112 686 sed
1141 630 1422 702 adjiciam
1446 629 1504 684 id
1526 629 1691 701 quod
1713 629 1876 685 nulla
1897 629 1970 683 de
1993 628 2151 700 prio-

502 723 668 779 ribus
698 720 1302 777 demonstrationibus
1326 725 1413 774 est
1432 718 1768 783 invalidius,
1803 722 1954 773 esset
1978 717 2092 772 hoc
2118 731 2155 771 a

506 814 622 867 Deo
637 812 733 882 qui
754 809 1093 881 supplicium
1114 811 1372 879 augeret,
1394 812 1449 862 et
1471 808 1868 863 vehementius
1891 807 1944 861 in
1964 805 2156 860 delin-

502 904 754 973 quentes
772 898 858 955 ira
876 897 1348 953 excandesceret.
1370 897 1537 962 Quod
1553 903 1871 967 utrumque
1893 894 2154 950 alienum

502 995 589 1044 est
619 1005 654 1043 a
681 987 886 1043 divina
915 986 1177 1041 bonitate
1202 1002 1215 1051 ;
1252 984 1399 1040 velle
1433 984 1592 1039 enim
1623 999 1875 1040 coronas
1901 981 2155 1045 auferre,

504 1084 559 1133 et
588 1060 830 1150 poenam
862 1075 1194 1131 machinari
1234 1073 1707 1138 acerbissimam,
1750 1088 1999 1143 eamque
2030 1071 2157 1125 sine

503 1164 937 1231 alleviamento,
959 1162 1307 1232 longissime
1328 1160 1549 1217 recedit
1577 1177 1611 1215 a
1636 1161 1796 1216 bono
1824 1159 2158 1215 moderato-

502 1254 584 1309 ris
614 1252 820 1308 animo
852 1274 862 1317 ;
900 1250 1025 1306 fieri
1053 1251 1210 1306 enim
1238 1265 1358 1305 non
1383 1254 1592 1320 potest,
1628 1250 1769 1321 quin
1804 1247 2154 1320 supplicium

504 1350 711 1397 contra
758 1346 1070 1412 peccantes
1106 1338 1472 1393 inexorabile
1513 1338 1586 1392 sit
1621 1342 1932 1403 statutum,
1985 1341 2041 1391 et
2095 1335 2156 1390 in

504 1430 763 1486 solidum
798 1445 960 1484 mera
992 1428 1373 1483 vindemiatio
1405 1432 1754 1499 praeparata,
1781 1443 1918 1481 cum
1942 1426 2000 1479 in
2034 1430 2157 1480 tan-

506 1526 630 1575 tum
653 1518 897 1574 ebulliat
922 1516 1333 1581 beneﬁcentia,
1361 1522 1419 1570 ut
1438 1516 1611 1571 liceat
1632 1516 1700 1570 iis
1724 1517 1824 1584 qui
1848 1514 2157 1569 honestius

504 1608 750 1664 vixerint
772 1613 827 1662 et
859 1606 1159 1678 praasentis
1184 1607 1317 1660 vitae
1337 1605 1629 1669 felicitate,
1658 1609 1715 1659 et
1747 1603 1958 1660 futuris
1980 1603 2154 1658 bonis

503 1697 743 1770 perfrui.
775 1698 882 1761 Qui
914 1712 1051 1750 vero
1076 1710 1193 1749 non
1225 1695 1305 1749 ita
1331 1699 1771 1764 comparantur,
1802 1693 2003 1750 locum
2032 1708 2159 1763 pm-

2259 545 2378 589 οῦσι
2406 542 2576 597 πόνοις
2607 536 3123 611 ἕνταλαιπωρεῐσθαι.
3158 536 3233 587 Ού
3265 540 3418 606 μόνον
3460 532 3541 599 δὲ,
3587 533 3721 585 ἀλ)ἀ
3759 540 3877 597 xui,

2260 628 2285 678 ὅ
2334 636 2430 677 τῶν
2474 627 2750 700 εἰρημένων
2800 622 3009 687 οὐδενὸς
3050 625 3117 685 εἰς
3164 620 3434 686 ἀπόδειξιν
3476 622 3875 696 ἀσθενέστερον,

2261 715 2504 776 αὕξοντός
2552 713 2663 766 ἐστι
2735 718 2827 772 τὴν
2901 719 3153 788 τιμωρίαν
3222 717 3311 765 καὶ
3394 712 3877 785 ύπεροργιζομὲιου

2262 808 2396 855 κατά
2464 812 2563 856 τῶν
2642 803 3057 877 ἁμαρτανόντων.
3133 802 3231 855 Ὧν
3310 801 3549 875 ἑκάτερον
3597 800 3877 871 ἀλλότριον

2263 900 2356 953 τῆς
2408 899 2499 944 τοῦ
2551 899 2683 945 Θεοῦ
2732 891 3131 965 φιλανθρωπίας.
3196 895 3265 944 Τό
3326 909 3380 942 τε
3430 892 3533 963 γὰρ
3590 892 3881 960 στεφάνους

2265 979 2515 1054 ἀφαιρεῖν,
2572 985 2662 1033 καὶ
2712 984 2770 1032 τό
2812 982 3129 1055 πικροτάτην
3187 984 3277 1032 καὶ
3328 977 3554 1052 ἄκρατον
3609 984 3879 1049 μηχανᾶ-

2268 1071 2389 1121 σθαι
2448 1073 2721 1140 τιμωρίαν,
2788 1068 2965 1142 πόρρω
3016 1070 3308 1125 καθέστηκε
3365 1075 3461 1128 τῆς
3522 1064 3881 1137 ἀγαθοειδοῦς

2266 1159 2593 1223 ἐπιστασίας,
2651 1166 2724 1209 πᾶ
2737 1178 2757 1218 ς
2806 1154 2857 1209 δ’
2906 1157 3001 1209 οὐκ
3052 1156 3112 1208 ἂν
3171 1161 3247 1215 εἴη
3314 1164 3425 1219 τοῖς
3475 1156 3880 1229 ἁμαρτάνουσιν

2268 1244 2476 1318 σφόδρα
2516 1251 2600 1298 καὶ
2659 1244 3033 1318 ἀπαραίτητος,
3085 1250 3174 1298 καὶ
3218 1245 3330 1297 ὅλον
3370 1250 3592 1317 τρυγίας
3642 1246 3883 1315 ἄκρατος

2265 1337 2294 1393 ἠ
2361 1340 2589 1409 τιμωρία
2642 1339 2831 1407 τρόπον
2883 1337 2999 1386 τινὰ
3056 1338 3543 1408 παρεσκευασμένη,
3605 1337 3733 1386 ὃταν
3794 1333 3882 1385 ἐπὶ

2264 1431 2510 1476 τοσοῦτον
2582 1426 2673 1494 μὲν
2730 1421 3045 1494 ύπέρϐλυσις
3101 1424 3130 1495 ᾖ
3204 1431 3296 1484 τῆς
3353 1423 3676 1496 εὐεργεσίας,
3739 1426 3883 1475 ὥστε

2266 1514 2376 1575 ἐξὸν
2430 1514 2633 1585 ἄμεινον
2690 1511 2958 1584 βιοῦντας,
3002 1517 3091 1563 καὶ
3148 1520 3243 1574 τῆς
3295 1511 3519 1565 ἐντεῦθεν
3572 1512 3881 1572 εὐπαθείας.

2264 1606 2479 1653 καὶτῶν
2519 1600 2704 1653 ἐκεῖθεν
2754 1600 2963 1671 ἀγαθῶν
3016 1599 3311 1664 ἀπολαύειν,
3362 1609 3470 1662 τοῖς
3524 1597 3584 1653 δὲ
3630 1597 3753 1653 ούδ⁹
3784 1601 3886 1653 ού-

2264 1711 2384 1756 τως,
2433 1689 2545 1742 ἀντὶ
2588 1698 2684 1741 τῶν
2743 1694 3015 1764 χειρόνων,
3072 1690 3269 1763 αἵρεσις
3325 1692 3494 1741 ἔπεισι
3553 1698 3655 1741 τῶν
3705 1709 3888 1762 κρειτ-

505 1801 721 1840 narum
754 1783 911 1839 subit
944 1782 1323 1854 praemiorum
1378 1782 1619 1837 ablatio.
1662 1782 1949 1847 Quocirca
1991 1780 2153 1851 quod

2273 1785 2420 1832 τόνων
2454 1797 2466 1845 ;
2499 1778 2659 1831 ’Ὥστε
2689 1782 2767 1847 τὸ,
2812 1783 2884 1850 μὴ
2924 1780 3124 1840 πάντας
3161 1782 3279 1838 τοῦς
3313 1776 3642 1837 σπουδαίους
3690 1779 3885 1831 ἐνταῦο

505 1889 628 1928 non
644 1888 855 1928 omnes
878 1871 981 1926 viri
1000 1872 1170 1943 probi
1202 1871 1275 1926 ad
1298 1872 1663 1926 voluntatem
1687 1887 1778 1925 res
1799 1870 1895 1924 hic
1917 1868 2157 1925 afﬂuen-

504 1966 589 2017 tes
620 1960 881 2028 habent;
909 1975 1017 2014 nec
1038 1958 1299 2031 improbi
1330 1974 1540 2014 omnes
1571 1958 1826 2014 miseriis
1850 1958 2159 2013 involvan-

505 2056 618 2119 tur,
653 2065 956 2105 summam
993 2050 1147 2104 circa
1174 2049 1510 2103 humanum
1542 2063 1730 2117 genus
1762 2048 1860 2103 Dei
1887 2063 2154 2102 amorem

504 2140 777 2197 enuntiat
822 2139 1444 2211 procurationemque.
1494 2137 1633 2193 ldeo
1690 2137 1785 2192 hic
1833 2135 2159 2208 puniuntur

504 2229 756 2302 quidam
784 2228 944 2291 boni,
985 2234 1047 2282 ut
1077 2226 1312 2283 coronis
1354 2226 1639 2298 deinceps
1676 2226 2066 2289 redimantur,
2096 2228 2160 2279 ut

506 2317 700 2387 magis
714 2317 789 2373 ad
806 2316 1029 2371 amoris
1045 2316 1143 2371 Dei
1166 2315 1627 2370 admirationem
1653 2315 1995 2382 excitentur,
2020 2328 2158 2367 cum

506 2406 597 2461 vel
630 2421 734 2477 per
750 2404 1162 2461 tribulationes
1195 2409 1481 2475 appareat
1506 2408 1560 2457 et
1582 2401 1933 2458 eﬂlorescat.
1967 2403 2025 2458 Si
2059 2416 2161 2456 au-

506 2500 624 2550 tem
649 2498 706 2549 et
722 2493 869 2548 illud
887 2492 989 2547 tibi
1011 2492 1250 2560 arridet,
1278 2492 1441 2565 quod
1465 2492 1704 2546 divinus
1731 2491 1941 2546 Paulus
1959 2490 2157 2564 habet,

508 2582 792 2652 adjiciam
817 2598 831 2646 ;
860 2582 924 2635 ﬁt
950 2582 1086 2635 hinc
1112 2587 1171 2634 ut
1200 2596 1275 2634 ne
1316 2579 1495 2635 nimis
1522 2580 1841 2635 efferantur
1871 2579 2005 2650 ipsi,
2053 2595 2161 2636 nec

508 2670 688 2726 multo
701 2669 1063 2742 quibusdam
1076 2668 1386 2725 videantur
1397 2668 1789 2738 angustiores,
1812 2684 1983 2739 quam
2000 2669 2162 2739 quod

507 2759 699 2817 oculis
734 2762 1122 2830 usurpantur.

578 2851 634 2907 3.
674 2850 754 2903 Tu
787 2847 932 2903 mihi
953 2848 1131 2903 etiam
1158 2851 1213 2901 et
1240 2845 1384 2901 illud
1415 2846 1628 2917 cogita,
1659 2846 1728 2915 si,
1762 2846 1974 2919 placet,
2001 2846 2163 2919 quod

508 2954 646 2994 cum
676 2936 929 2993 summis
958 2942 1012 2991 et
1036 2935 1274 3008 quidem
1306 2934 1778 2992 defaacatissimis
1810 2936 2038 2991 virtutis
2067 2952 2163 2992 vo-

508 3027 835 3099 luptatibus
882 3025 1101 3097 perfusi
1127 3025 1302 3097 quasi
1332 3024 1651 3090 luxuriant,
1705 3041 1813 3096 par
1846 3030 1900 3081 et
1924 3042 2162 3097 aequum

2268 1870 2332 1920 θα
2361 1872 2447 1920 τὸν
2476 1867 2590 1940 βίον
2623 1870 2762 1939 ἔχειν
2802 1866 2848 1918 ἐν
2894 1867 3089 1940 εύροίᾳ,
3129 1864 3269 1938 μηδὲ
3291 1868 3426 1939 ξτοῦς
3454 1868 3685 1940 φαύλους
3713 1870 3887 1920 άπανο

2265 1977 2359 2019 τας
2410 1957 2460 2009 ἐν
2500 1956 2844 2030 ταλαιπωρίᾳ,
2901 1964 2996 2017 τῆς
3042 1958 3205 2031 ἄκρας
3249 1956 3363 2009 ἔστὶ
3411 1962 3528 2031 περί
3573 1961 3632 2010 τὸ
3676 1957 3883 2031 ἀνθρώ-

2265 2066 2408 2098 πινον
2472 2046 2858 2118 φιλανθρωπίας
2904 2065 2959 2098 τε
3013 2052 3103 2097 καὶ
3146 2043 3482 2118 κηδεμονίας.
3551 2046 3888 2110 Κολάζονται

2266 2140 2435 2187 τοίνυν
2476 2134 2695 2186 ἐνταῦθά
2732 2153 2860 2194 τινες
2907 2143 3004 2186 τῶν
3050 2138 3139 2206 μὲν
3187 2131 3511 2201 σπουδαίων,
3556 2135 3643 2188 ἐπὶ
3678 2145 3742 2209 τῇ
3782 2146 3886 2189 τῶν

2269 2226 2527 2296 στεφάνων
2582 2222 2861 2294 ἀπολήψει,
2915 2227 3005 2275 καὶ
3061 2224 3144 2275 ἵνα
3187 2223 3377 2295 μᾶλλον
3426 2224 3606 2286 αὐτοῖς
3664 2227 3691 2277 ὁ
3744 2227 3886 2287 θεῖος

2268 2314 2391 2384 ἔρως
2466 2314 2765 2384 θαυμαστός
2816 2323 2867 2375 3',
2950 2310 3128 2374 ἡλίκος
3185 2311 3278 2364 κάν
3334 2320 3451 2375 ταῖς
3515 2313 3762 2384 θλίψεσιν
3826 2315 3886 2367 ἂν

2268 2400 2515 2470 ἀκμάζων
2569 2396 2965 2453 ἐπιδεικνύοιτο.
3018 2402 3078 2452 Ei
3118 2399 3291 2474 βούλει
3340 2398 3399 2455 δε
3427 2406 3519 2453 καὶ
3562 2404 3647 2454 ἶνα
3677 2408 3780 2476 μὴ,
3816 2406 3887 2467 ὡς

2269 2492 2294 2541 ὁ
2329 2492 2461 2551 θεῖος
2493 2488 2695 2550 Παῦλός
2722 2508 2901 2561 φησιν,
2934 2491 3333 2563 ὑπεραίρωνται,
3374 2488 3515 2564 μηδέ
3542 2511 3603 2563 γε
3634 2493 3883 2564 μείζους,

2269 2581 2394 2654 ύπὲρ
2423 2580 2448 2631 ὅ
2475 2580 2712 2652 ὁρῶνται,
2747 2579 2872 2651 παρ’
2898 2577 3045 2639 ἐνίοις
3074 2579 3412 2651 νομίζωνται.

2341 2843 2410 2915 γ’.
2444 2847 2510 2896 Σύ
2542 2839 2601 2896 δέ
2621 2862 2712 2915 μοι
2740 2845 2905 2907 σύνες,
2930 2862 2971 2895 ει
2999 2842 3194 2915 βουλει,
3224 2849 3315 2897 καὶ
3347 2841 3487 2897 διότι
3506 2846 3768 2919 μεγάλαις
3793 2856 3885 2902 xui

2270 2935 2529 3008 καθαραις
2557 2928 2774 2993 ἡδοναῖς
2800 2939 2916 2994 ταῖς
2948 2934 3062 2984 κατ’
3091 2931 3276 3006 ἀρετήν
3299 2933 3589 3007 ἐντρυφῶσι
3636 2942 3729 2989 καὶ
3764 2934 3885 2990 δια-

2271 3026 2501 3093 χέωνται
2546 3033 2569 3062 ι
2600 3017 2805 3073 δίκαιον
2834 3032 2860 3062 ι
2898 3023 2960 3072 άν
3009 3018 3126 3086 εἶεν,
3166 3024 3341 3097 ὥσπερ
3377 3027 3624 3096 στύφοντί
3655 3046 3761 3078 τινι
3794 3033 3885 3079 καὶ

511 3115 705 3181 fuerit,
738 3119 799 3169 ut
832 3113 992 3185 potio
1016 3111 1171 3169 velut
1197 3114 1627 3183 constringens,
1653 3119 1705 3169 et
1726 3114 2069 3184 constipans
2092 3113 2162 3168 iis

2274 3113 2549 3181 συνάγοντι
2589 3112 2842 3184 φαρμάκῳ
2886 3110 3219 3183 προσομιλεῖν
3274 3110 3415 3184 [καὶ]
3474 3120 3587 3174 ταῖς
3640 3114 3879 3185 θλίψεσυ

512 3202 953 3276 propinaretur,
1013 3202 1127 3256 hoc
1179 3206 1266 3256 est
1328 3205 1390 3256 ut
1452 3201 1709 3257 subeant
1756 3200 2159 3270 afﬂictiones;

513 3297 811 3363 praeterea,
841 3306 911 3344 eo
944 3291 1108 3361 quod
1138 3290 1345 3346 divina
1388 3292 1578 3359 gratia
1618 3290 1802 3346 multo
1834 3290 2028 3360 magis
2064 3306 2164 3361 per

513 3380 779 3451 ipsorum
807 3379 1178 3433 infirmitates
1217 3378 1512 3444 elucescit,
1542 3384 1596 3434 et
1628 3378 1880 3435 habetur
1910 3380 2165 3436 admira-

514 3466 679 3523 tioni.
718 3466 863 3531 Quin
893 3465 1136 3520 ulterius
1154 3467 1231 3521 ad
1262 3472 1744 3522 consummatam
1766 3466 2040 3538 nequitias
2061 3484 2166 3539 pu-

515 3554 912 3611 defactionem
928 3560 983 3609 et
1003 3554 1447 3624 depressionem
1459 3594 1473 3618 ,
1496 3571 1633 3610 cum
1648 3554 1749 3627 qui
1774 3557 2165 3612 certaminum

517 3659 765 3699 suorum
823 3648 878 3697 et
921 3643 1309 3698 tentationum
1337 3643 1655 3697 sudoribus
1686 3642 1978 3710 diﬂluunt,
2022 3644 2167 3701 nihil

516 3733 591 3789 de
644 3731 872 3786 virtutis
919 3732 1139 3787 tenoris
1190 3730 1537 3797 remiserint,
1584 3746 1692 3787 nec
1732 3732 1970 3788 mollitie
1999 3732 2167 3790 fracti

517 3821 752 3885 fuerint,
786 3820 1104 3890 quominus
1134 3820 1347 3875 inirent
1377 3820 1853 3877 colluctationem
1888 3838 1898 3877 ε
1931 3822 2031 3877 sed
2061 3838 2169 3878 nec

519 3908 1033 3968 indiscriminatim
1073 3925 1286 3965 omnes
1319 3915 1369 3965 et
1392 3910 1741 3965 tentationes
1770 3915 2167 3967 transmittan-

2271 3205 2360 3252 καὶ
2391 3202 2471 3252 ὅτι
2522 3202 2551 3258 ἦ
2602 3207 2692 3251 τοῦ
2748 3206 2881 3252 Θεοῦ
2926 3202 3092 3272 χάρις
3136 3196 3229 3252 διὰ
3259 3205 3353 3263 της
3393 3199 3664 3263 ἀσθενείας
3708 3205 3881 3257 αὐτῶν

2272 3289 2418 3341 πλέον
2470 3288 2720 3360 ἐκλάμπει
2780 3293 2869 3340 καὶ
2928 3290 3271 3360 θαυμάζεται.
3331 3288 3484 3343 Ἀλλά
3531 3297 3624 3343 καὶ
3684 3293 3759 3355 εἰς
3804 3315 3881 3347 τε-

2270 3378 2407 3430 λείαν
2440 3377 2704 3449 αἰσχύνην
2739 3384 2831 3429 τοῦ
2875 3385 3103 3450 πονηροῦ
3143 3383 3231 3430 καὶ
3280 3382 3632 3443 κατάπτωσιν,
3680 3383 3764 3434 ὅτι
3791 3391 3882 3435 καὶ

2273 3475 2380 3529 τοῖς
2454 3475 2553 3517 τῶν
2606 3474 2909 3539 πειρασμῶν
2985 3462 3177 3538 ἱδρῶσι
3238 3468 3694 3541 περισταζόμενοι,
3760 3476 3881 3525 οὔτε

2272 3560 2359 3608 τὸν
2402 3564 2496 3617 τῆς
2545 3554 2732 3627 ἀρετῆς
2774 3558 2918 3607 τόνον
2966 3554 3175 3620 ἔλυσαν,
3207 3553 3323 3608 ούδ⁹
3382 3557 3454 3618 εἰς
3491 3562 3586 3615 τὴν
3637 3562 3757 3611 κατ’
3790 3563 3882 3613 ui-

2274 3653 2365 3697 τοῦ
2431 3646 2597 3703 πάλην
2654 3643 3203 3716 κατεμαλακίσθησαν.
3268 3644 3343 3697 Ou‘
3390 3648 3577 3707 πάντες
3649 3645 3711 3701 δὲ
3774 3659 3881 3712 τοῖς

2276 3741 2585 3807 πειρασμοῖς
2625 3728 3033 3807 παραδίδονται,
3069 3734 3150 3784 ἵνα
3199 3737 3271 3806 μὴ
3303 3741 3409 3796 τοῖς
3460 3733 3878 3812 ἀσθενεστέροις,

2276 3825 2410 3874 κατὰ
2465 3831 2560 3883 τῆς
2616 3826 2878 3894 προνοίας,
2956 3824 3004 3873 οἱ
3080 3821 3327 3894 λογισμοὶ
3391 3827 3881 3895 συνταράσσωνται·

2277 3911 2585 3972 κολάζονται
2617 3907 2675 3963 δὲ
2706 3915 2793 3963 καὶ
2837 3918 2936 3962 τῶν
2989 3910 3191 3982 φαύλων
3245 3913 3295 3963 οἱ
3341 3915 3431 3985 με]
3486 3913 3572 3965 ἐπὶ
3623 3917 3886 3989 καθάρσει

518 4003 631 4063 tur,
659 4015 732 4054 ne
758 3997 859 4069 qui
892 4003 1024 4053 sunt
1044 3997 1420 4064 inﬁrmiores,
1454 3998 1908 4067 cogitationibus
1936 4004 2172 4055 contur-

518 4089 737 4145 bentur
766 4088 839 4142 de
870 4086 1245 4159 providentia
1278 4103 1291 4153 ;
1336 4087 1725 4159 improborum
1756 4090 1935 4145 etiam
1963 4088 2166 4161 aliqui,

518 4179 619 4251 qui
644 4177 927 4233 nimirum
960 4182 1081 4231 tam
1114 4176 1431 4232 enormiter
1459 4194 1575 4232 non
1606 4177 2003 4251 deliquerunt,
2036 4179 2170 4234 ideo

518 4267 877 4341 plectuntur,
905 4271 964 4320 ut
1018 4271 1348 4336 purgentur
1399 4264 1665 4336 ipsorum
1708 4267 1955 4334 sordes;
1991 4267 2162 4339 aliqui

2280 4272 2369 4319 καὶ
2410 4268 2491 4318 ἴνα
2534 4270 2622 4318 καὶ
2666 4273 2774 4329 τοῖς
2832 4265 3070 4329 ἀνοήτοις
3113 4276 3208 4328 τῆς
3254 4276 3346 4320 τοῦ
3407 4276 3540 4321 Θεοῦ
3591 4289 3887 4341 μισοπονη-

519 4362 719 4412 autem
739 4354 817 4410 ad
834 4354 1233 4409 extensionem
1255 4353 1447 4423 magis
1472 4355 1746 4410 acerbam
1772 4355 2020 4411 rationis
2044 4356 2162 4411 red‘

2278 4361 2391 4429 ρίας
2423 4357 2771 4416 συναίσθησις
2817 4359 3050 4426 γένηται.
3100 4356 3176 4407 Ού
3218 4359 3405 4418 πάντες
3444 4354 3523 4421 δε,
3558 4359 3640 4409 ἱνα
3678 4363 3751 4431 μὴ
3788 4362 3889 4430 μά-

520 4443 731 4500 dendaa
745 4442 885 4498 olim
905 4458 1109 4497 eorum
1130 4458 1265 4513 quae
1283 4443 1343 4496 in
1362 4443 1480 4497 vita
1501 4449 1810 4514 patrarant
1831 4444 2032 4515 impie,
2049 4460 2162 4515 quo

2280 4465 2372 4502 την
2418 4453 2508 4496 τοῦ
2553 4444 2889 4506 αύτεξουσίου
2935 4442 3232 4516 ἀπελεγχθῇ
3276 4448 3333 4497 τὸ
3365 4445 3652 4519 φιλότιμον·
3688 4453 3779 4499 καὶ
3808 4450 3888 4499 ἶνα

521 4532 699 4588 etiam
714 4532 829 4586 ﬁne
844 4531 1275 4603 insipientiores
1290 4532 1709 4602 persentiscere
1727 4538 1971 4604 queant,
1986 4550 2162 4606 quan-

2279 4536 2507 4607 καθαρὸν
2564 4532 2805 4595 ἐξουσίας
2855 4537 2945 4584 καὶ
3004 4531 3250 4605 ἀμίαντον

520 4626 648 4677 tum
669 4620 808 4676 odio
826 4624 916 4675 est
936 4619 1291 4690 improbitas
1308 4619 1447 4675 Deo.
1472 4622 1619 4675 Nom
1642 4637 1852 4677 omnes
1875 4638 2072 4693 porro,
2098 4639 2171 4678 ne

518 4710 685 4766 liberi
736 4708 961 4765 arbitrii
999 4708 1263 4764 studium
1290 4714 1348 4764 et
1394 4708 1703 4775 industria,
1747 4710 1967 4766 frustra
1996 4710 2171 4766 fuisse

522 4798 856 4855 adhibitum
907 4798 1327 4865 convincatur;
1376 4804 1439 4851 ut
1485 4801 1793 4869 potestatis
1826 4815 1959 4871 quae
2006 4800 2175 4856 adest

521 4888 770 4960 puritas,
803 4892 858 4943 et
886 4885 1297 4957 impermistio,
1331 4887 1507 4941 simul
1542 4903 1679 4942 cum
1716 4888 1957 4944 utilitate
1990 4890 2173 4944 mani-

520 4976 779 5041 festetur,
800 4992 932 5047 quae
950 4975 1191 5030 resultat
1209 4974 1285 5029 ab
1311 4974 1528 5030 divinae
1544 4975 1693 5045 legis
1715 4976 2129 5033 observatione
2160 4994 2173 5043 ;

522 5067 596 5121 de
613 5080 735 5136 qua
751 5064 995 5136 quidem
1010 5063 1462 5136 observationej
1478 5065 1728 5119 udicium
1743 5072 1970 5134 Oportet
1985 5082 2178 5122 omnes

520 5162 577 5212 et
615 5152 882 5223 singulos
934 5152 1131 5207 subire
1179 5152 1238 5207 in
1267 5152 1461 5224 futuro
1493 5154 1732 5210 saeculo.
1768 5158 2009 5220 Rursus,
2041 5171 2176 5211 cum

522 5244 719 5317 quiete
763 5246 819 5298 et
843 5241 1113 5297 felicitate
1145 5242 1310 5298 multi
1355 5243 1460 5298 viri
1501 5243 1644 5314 justi
1688 5243 1821 5300 ideo
1862 5245 2085 5312 vivunt,
2120 5250 2181 5301 ut

2278 4001 2646 4072 μολυσμάτων,
2703 4001 2848 4060 ὅσοις
2896 4003 3233 4073 μετριώτερόν
3291 4020 3343 4052 τι
3392 3997 3779 4077 διημάρτηται’
3838 4010 3887 4058 οἱ

2281 4086 2359 4154 δὲ,
2416 4089 2485 4150 εἰς
2538 4091 2832 4162 παράτασιν
2863 4086 2891 4129 ὶ)
2940 4096 3031 4140 τοῦ
3087 4094 3396 4162 πικροτέραν
3450 4090 3625 4153 αὐτοῖς
3681 4095 3886 4152 πάντως

2279 4177 2590 4230 ἀποκεῖσθαι
2642 4186 2741 4228 τῶν
2785 4175 3110 4250 βεϐιωμένων
3163 4176 3351 4232 ἐκεῖθεν
3418 4184 3510 4237 τὴν
3583 4180 3882 4253 εἷσπραξιν,

3342 4531 3742 4608 συναποδειχθῇ
3794 4545 3887 4598 τῆς

2280 4632 2379 4674 τῶν
2438 4621 2647 4673 ἐντολῶν
2703 4622 3011 4693 νομοθεσίας
3062 4625 3119 4674 τὸ
3176 4634 3201 4663 ο
3257 4623 3527 4696 ὠφέλιμονο
3594 4630 3689 4677 καὶ
3743 4622 3888 4678 διότι

2282 4716 2419 4784 μένει
2466 4714 2523 4763 τό
2571 4713 2739 4763 κοινόν
2788 4708 2972 4763 ἐκεῖθεν
3024 4715 3113 4763 καὶ
3158 4713 3363 4764 πάντων
3408 4718 3699 4788 κριτήριον.
3758 4716 3888 4767 Πολ-

2282 4802 2360 4852 λοὶ
2392 4797 2450 4852 δε
2497 4799 2650 4851 πάλιν
2704 4797 2753 4851 ἐν
2802 4798 3048 4871 εὐπαθείᾳ
3078 4795 3330 4871 διάγουσι
3370 4810 3467 4853 τῶν
3505 4806 3596 4873 μεν
3638 4799 3886 4872 δικαίων,

2285 4888 2613 4963 παράκλησις
2669 4893 2758 4940 καὶ
2805 4887 3105 4961 παραψυχὴ
3151 4894 3242 4941 καὶ
3297 4894 3466 4942 κοινόν
3521 4890 3717 4963 ἀγαθόν
3777 4900 3888 4952 τοῖς

2289 4978 2507 5036 πλησίον
2554 4982 2900 5051 προκείμενοι,
2956 4982 3045 5030 καὶ
3088 4977 3155 5038 εἰς
3214 4977 3489 5053 ἀρραϐῶνα
3546 4989 3639 5040 τῆς
3677 4981 3887 5053 μελλού-

2292 5088 2389 5129 σης
2443 5066 2793 5131 ἀπολαύσεως,
2845 5071 2934 5118 καὶ
2978 5067 3061 5117 ἵνα
3109 5071 3197 5118 τόν
3240 5067 3497 5126 ἀλάθητον
3526 5074 3887 5123 πιστεύσωστν

2292 5155 2550 5228 ὀφθαλμὸν
2592 5159 2682 5207 καὶ
2718 5157 2783 5207 τά
2833 5153 3053 5207 ἐνταῦθα
3095 5154 3413 5214 ἐποπτεύειν,
3464 5157 3541 5209 Ού
3585 5161 3777 5221 πάντες
3809 5156 3886 5221 δὲ,

2294 5246 2376 5297 ἵνα
2425 5248 2496 5316 μη
2529 5247 2834 5319 προσκαίρῳ
2881 5244 3056 5316 μισθῷ
3099 5250 3190 5304 τῆς
3232 5242 3417 5319 ἀρετῆς
3464 5247 3495 5304 ἡ
3545 5249 3707 5321 χάρις
3755 5244 3886 5321 δόξῃ

1858 5425 2087 5480 VARl/E
2129 5424 2525 5481 LECTIONES.

594 5610 623 5660 y
652 5600 730 5656 ἕσ.
766 5602 865 5659 εἵη.
900 5613 924 5643 ι
953 5603 1025 5657 Μ.
1055 5596 1381 5675 διαχέονται.
1460 5616 1486 5645 ι
1517 5606 1583 5659 Μ.
1612 5622 1699 5678 γρ.
1736 5598 1955 5659 δίκαιοι.
2033 5603 2061 5647 ι)
2087 5608 2153 5663 Μ.
2188 5606 2530 5681 παράστόσιν.
2609 5614 2634 5645 ο
2662 5603 2734 5659 Μ.
2768 5619 2883 5661 om.
2924 5606 3001 5660 τό.
