4116 6194
283 267 391 322 873
1287 269 1379 326 AD
1422 269 1968 328 AMPHILOCHIUM

287 390 599 447 διαλύεσθαι
632 409 646 422 °
679 397 768 447 καὶ
821 393 904 447 ἶνα
945 399 1016 468 μὴ
1057 394 1329 469 βαρυτάτη
1381 402 1471 449 καὶ
1517 398 1744 469 ἄκρατος
1781 405 1889 458 τοῖς
1920 398 1966 452 Α

286 482 674 558 παρολισθοῦσι
724 482 774 544 ἀ,
824 489 1011 555 τρόπον
1082 487 1216 548 τινὰ,
1281 490 1740 560 παρεσκευασμένη
1810 489 1886 543 εῖη

286 573 317 630 ἠ
367 575 614 646 τιμωρία,
670 572 759 625 ἇτε
818 570 886 632 δὴ
945 573 1199 634 παντελῶς
1257 574 1323 635 εἰς
1366 574 1751 646 ἀναπολόγητον
1801 576 1890 627 αὐ-

287 665 393 720 τοῖς
451 665 851 734 περιισταμένης
911 669 1002 722 τῆς
1053 661 1336 737 ἁμαρτίας.
1385 668 1446 716 Τί
1514 667 1635 739 γὰρ,
1698 663 1807 727 ἐξὸν
1863 676 1889 704 ο

287 749 555 803 κάνταῦθα
615 748 868 815 κάκεῖθεν,
938 749 988 802 έν
1060 751 1311 824 εὐπαθείᾳ
1381 750 1625 825 διάγειν;
1682 758 1748 805 σύ
1807 751 1886 821 δὲ,

288 841 420 911 μετὰ
491 848 585 902 τῆς
657 839 968 913 ἑκατέρωθεν
1033 851 1231 911 ποινῆς,
1287 850 1386 894 τῶν
1442 847 1743 916 κρειττόνων
1801 843 1889 902 ὴλ-

287 927 426 990 λάξω
471 930 535 980 τὰ
589 933 808 1001 χείρονα
838 944 852 960 ⁸
902 925 1041 1002 μηδὲ
1097 929 1352 1004 ὑπερϐολὴ
1415 937 1798 1004 χρηστότητος,
1854 935 1883 990 ἡ

290 1024 386 1069 τῶν
487 1016 802 1092 είσπράξεων
879 1017 1133 1092 ὑπερϐολὴ
1224 1025 1661 1094 μεμηχανημένη,
1746 1026 1888 1093 νομί-

291 1106 458 1168 ζοιτο.

2010 271 2336 339 ΟΙΜΞΞΤΙΟ
2376 275 2666 332 CLXXIII.
3553 275 3656 332 874

2000 399 2412 465 consolationi,
2459 399 2913 470 refrigerationi,
2958 403 3016 456 et
3058 401 3360 458 communi
3406 403 3648 460 cuidam

1999 490 2320 545 commodo
2376 491 2697 546 inserviant
2749 489 2956 544 vicinis
3011 489 3152 558 suis,
3216 497 3273 545 et
3322 491 3383 546 in
3441 491 3656 563 pignus

1999 574 2208 633 futuras
2292 579 2725 644 oblectationis,
2811 583 2876 633 ut
2961 579 3206 634 oculum
3299 579 3657 636 conﬁrment

1999 664 2170 721 aliter
2208 667 2586 739 dispositum,
2647 668 2718 724 ad
2775 672 2928 722 recte
2985 683 3121 738 quae
3170 667 3265 724 hic
3321 667 3472 724 ﬁunt
3520 685 3654 740 per-

1999 755 2433 824 stringendum.
2476 757 2601 812 Non
2641 771 2851 812 omnes
2892 771 3092 827 porro,
3155 772 3229 812 ne
3288 757 3478 826 gratia
3514 773 3652 829 quae

1998 843 2196 899 virtuti
2237 845 2500 915 debetur,
2543 844 2850 917 persoluta
2887 843 3070 900 fuisse
3110 849 3363 916 putetur,
3405 850 3652 919 accepta

1998 933 2272 990 mercede
2300 934 2610 1006 temporali
2644 951 2657 1000 ;
2692 938 2870 1004 atque
2906 938 2971 989 ut
3009 949 3082 989 ne
3115 933 3478 1006 supplicium
3507 933 3656 989 illud

1998 1021 2398 1092 gravissinum
2414 1039 2520 1079 nec
2537 1023 2932 1079 intermistum
2951 1022 3280 1079 secundum
3302 1038 3648 1079 mensuram

1997 1111 2327 1183 quamdam
2347 1112 2619 1168 videatur
2633 1110 3057 1168 aberrantibus
3072 1117 3430 1184 apparatum
3452 1112 3655 1168 intole-

289 1194 568 1259 rabilem,
589 1211 660 1254 ac
685 1197 731 1252 si
759 1197 922 1253 nulla
938 1201 1182 1254 restaret
1207 1197 1282 1254 de
1303 1199 1562 1270 peccatis
1583 1199 1926 1256 adhibenda
1952 1201 2232 1273 apotogia
2255 1219 2272 1267 ;
2294 1217 2584 1273 quorsum
2608 1217 2770 1266 vero,
2803 1206 2860 1256 et
2886 1200 3003 1266 hic,
3036 1206 3094 1256 et
3123 1200 3181 1256 in
3209 1201 3407 1257 futuro
3433 1201 3654 1258 saeculo

289 1282 492 1340 liceret
519 1285 596 1340 ad
635 1284 1000 1342 voluntatem
1042 1286 1238 1343 vivere
1267 1288 1297 1340 ?
1323 1290 1407 1344 Tu
1446 1287 1689 1360 quidem
1722 1295 1856 1360 post
1883 1305 2127 1360 pmnam
2172 1290 2444 1347 utrolibet
2470 1289 2876 1353 constitutam,
2916 1305 3026 1360 pro
3062 1290 3410 1346 melioribus
3443 1290 3652 1362 pejora

291 1373 644 1444 permutasti
670 1391 684 1441 ;
716 1389 818 1430 nec
847 1373 1124 1432 bonitatis
1151 1376 1722 1448 superabundantia,
1751 1377 2051 1448 exigendae
2073 1379 2317 1436 rationis
2341 1383 2695 1452 comparata
2724 1377 3305 1450 superabundantiaa,
3329 1378 3653 1452 hyperbole

293 1466 617 1534 reputetur.

367 1546 432 1605 δ’.
465 1550 737 1612 Ὡσαύτως
767 1549 826 1604 δι
860 1555 948 1605 καὶ
979 1560 1075 1604 τῶν
1103 1548 1300 1605 ἀδίκων
1334 1553 1540 1615 πολλοῖς
1569 1557 1636 1608 τὰ
1662 1559 1894 1628 παρόντα
1929 1555 1972 1610 Β

293 1642 429 1692 κατὰ
464 1639 586 1714 ῥοῦν
617 1643 842 1714 φέρεται,
889 1642 971 1694 ἵνα
1013 1645 1057 1694 εἴ
1097 1661 1146 1694 τι
1182 1641 1568 1714 καλοκάγαθίας
1610 1647 1756 1716 ῖχνος
1794 1645 1890 1696 αὐ-

294 1735 403 1791 τοῖς
453 1727 781 1802 διεπράχθη,
837 1728 1062 1783 ἐντεῦθεν
1114 1727 1214 1784 ὦσι
1266 1736 1357 1790 τὴν
1415 1730 1745 1803 ἀντιμισθίαν
1797 1733 1892 1786 ἀπ-

297 1817 578 1890 ειληφότες,
629 1816 1009 1880 ἇξασθενούσης
1063 1827 1154 1880 τῆς
1203 1821 1435 1893 πράξεως
1490 1823 1892 1895 παρατείνεσθαι

299 1910 422 1982 πρὸς
467 1911 562 1966 τὴν
614 1907 802 1960 ἐκεῖθεν
843 1905 1272 1980 μισθαποδοσίαν
1298 1927 1310 1939 ·
1357 1909 1448 1962 εἰ(
1474 1906 1531 1962 δι
1573 1916 1662 1964 καὶ
1706 1913 1788 1962 ἶνα
1815 1916 1887 1983 μὴ

296 2000 559 2070 πρόφασιν
613 2004 709 2058 τῆς
764 2001 1080 2068 κακουργίας
1134 2002 1228 2056 τὴν
1281 1998 1634 2072 ταλαιπωρίαν
1669 1999 1892 2072 προϐάλ-

295 2083 504 2138 λωνται.
558 2084 669 2137 Οὐκ
715 2084 786 2147 εἰς
838 2088 1036 2146 πάντας
1095 2082 1152 2138 δὲ
1211 2086 1378 2139 αὐτῶν
1442 2089 1506 2139 τὰ
1551 2097 1641 2149 τῆς
1694 2088 1892 2150 εὐθείας

298 2170 684 2239 διαϐιϐάζεται,
719 2174 801 2225 ἶνα
841 2179 911 2245 μὴ
939 2176 966 2232 ἡ
1013 2182 1106 2236 τῆς
1153 2180 1341 2237 κακίας
1383 2175 1573 2248 τρίϐος,
1615 2175 1698 2229 ἐπὶ
1743 2175 1891 2228 πλέον

295 2261 691 2336 ἀνευρυνομένη,
740 2261 955 2324 πολλοὺς
1001 2262 1189 2337 ἑλκύσῃ
1242 2268 1366 2337 πρὸς
1433 2264 1699 2340 βάραθρον
1733 2282 1744 2294 ’
1803 2269 1893 2317 καὶ

296 2352 382 2404 ἱνα
433 2354 506 2423 μὴ
565 2353 694 2425 πρὸς
749 2348 1070 2423 ἀναλγησίαν
1124 2354 1198 2404 ἔτι
1240 2353 1430 2423 μᾶλλον
1481 2356 1531 2406 οἱ
1573 2353 1893 2426 φιλαμαρτή-

293 2459 444 2512 μονες
483 2437 817 2509 ἀποκλίνωσι,
852 2445 940 2492 καὶ
989 2442 1017 2498 ἠ
1073 2442 1187 2493 θεία
1227 2440 1401 2514 ψῆφος
1443 2450 1554 2504 τοῖς
1581 2442 1792 2512 ,πολλοῖς
1823 2442 1892 2502 εἰς

293 2528 491 2601 χλεύην
533 2531 820 2600 νομίζοιτο.
869 2533 966 2582 Καὶ
1014 2534 1177 2603 μυρία
1218 2529 1346 2582 ἄλλα
1400 2527 1474 2584 δι’
1521 2531 1588 2582 ὧν
1625 2539 1717 2592 τῆς
1759 2551 1891 2605 προ-

293 2622 437 2678 νοίας
485 2620 540 2670 τό
585 2615 913 2692 ἀγαθουργὸν
959 2637 1013 2670 τε
1055 2623 1143 2670 καὶ
1192 2623 1347 2692 σοφόν
1390 2624 1480 2672 καὶ
1522 2621 1648 2695 ύπερ
1693 2619 1893 2694 ἀνθρω-

296 2711 448 2765 πίνην
491 2711 666 2775 κρίσιν
710 2727 762 2760 τε
808 2712 897 2760 καὶ
927 2703 1175 2780 μεθοδίαν
1204 2720 1236 2762 κ
1259 2714 1348 2762 καὶ
1377 2712 1580 2782 ἔρευναν
1628 2712 1743 2762 ἔστι
1775 2711 1893 2762 θεά-

297 2797 520 2852 σασθαι.
576 2797 786 2856 Τούτοις
836 2801 924 2848 καὶ
977 2804 1081 2858 τοῖς
1134 2801 1386 2860 τοιούτοις
1440 2797 1743 2872 έμμελετών,
1803 2805 1891 2852 καὶ

294 2888 413 2946 τοὺς
478 2883 764 2956 λογισμούς
840 2883 1304 2958 έγγυμναζόμενος,
1359 2895 1450 2948 τῆς
1512 2883 1776 2950 δοκούσης
1842 2887 1890 2940 ἐν
1928 2905 1967 2960 C

295 2981 406 3036 τοῖς
433 2980 690 3048 παροῦσιν
733 2973 1028 3045 ἀνωμαλίας
1072 2979 1162 3028 καὶ
1195 2980 1506 3046 συγχύσεως
1537 2979 1726 3028 σαυτὸν
1771 2975 1888 3029 ἀναο

294 3062 540 3136 λάμϐανε,
586 3066 676 3115 καὶ
734 3065 800 3116 τὰ
851 3068 965 3136 περὶ
1022 3065 1156 3137 ἡμᾶς
1214 3066 1373 3133 πάθη,
1425 3069 1512 3117 καὶ
1562 3073 1663 3118 τῶν
1715 3085 1892 3139 πειρα-

297 3160 442 3225 σμῶν
484 3154 515 3210 ἠ
554 3156 821 3224 συνέχεια,
855 3149 1022 3224 μηδέν
1070 3172 1126 3206 σε
1170 3157 1303 3206 κατὰ
1350 3161 1443 3217 τῆς
1473 3158 1717 3228 προνοίας
1749 3154 1890 3207 ὁπλι-

295 3243 442 3304 ζέτω.
492 3245 606 3296 Εἴτε
651 3244 772 3316 γὰρ,
823 3244 892 3304 ὡς
941 3244 1087 3314 ἡμεῖς
1132 3242 1418 3315 εὐχόμεθα,
1459 3239 1533 3296 δι’
1578 3247 1746 3296 αὐτῶν
1798 3252 1889 3296 τοῦ

293 3330 540 3383 πλείστου
612 3331 780 3405 ῥύπου
856 3333 1232 3404 καθαιρόμεθα,
1283 3330 1508 3384 ἐντεῦθεν
1585 3332 1774 3405 μᾶλλον
1833 3337 1888 3386 τό

293 3420 580 3495 ὑπέρσοφον
633 3423 724 3473 καὶ
781 3419 1133 3494 φιλάνθρωπον
1186 3429 1280 3482 τῆς
1343 3427 1584 3495 προνοίας
1642 3421 1891 3495 λαμπρῶς

295 3505 626 3581 διαφαίνεται
655 3525 667 3539 °
722 3511 841 3578 εἶτε,
896 3509 1126 3582 καθάπερ
1197 3509 1352 3572 αὐτὸς
1403 3515 1652 3583 νομίζεις,
1705 3512 1890 3572 οἰθλους

292 3603 384 3651 καὶ
436 3597 634 3670 ἀγῶνας
706 3599 1064 3673 ὑπερχόμεθα,
1117 3605 1249 3671 μήτε
1312 3608 1412 3651 τῶν
1488 3599 1676 3652 ἐκεῖθεν
1751 3602 1887 3671 ἡμᾶς

296 3691 554 3760 στεφάνων
611 3688 872 3761 φθονήσῃς
927 3693 1015 3740 καὶ
1067 3697 1158 3749 τῆς
1215 3693 1452 3760 προνοίας
1503 3692 1561 3740 τό
1615 3685 1708 3742 διὰ
1763 3691 1889 3741 πάν-

293 3796 394 3830 των
474 3775 801 3851 ἀγαθουργὸν
885 3781 974 3829 καὶ
1031 3777 1296 3849 μεγαλεῖον
1371 3776 1647 3838 ἐκθειάζων
1700 3778 1887 3849 μᾶλλον

293 3865 622 3937 έπιγίνωσκε.
655 3868 749 3923 Eia
822 3861 881 3918 δὲ
931 3868 994 3918 τὰ
1050 3867 1276 3942 ἡμέτερα
1319 3868 1461 3924 πάθη
1512 3873 1747 3942 Χριστοῦ
1799 3874 1888 3918 τοῦ

294 3959 422 4009 Θεοῦ
478 3956 622 4027 ἡμῶν
671 3958 790 4029 περὶ
841 3956 983 4026 ἡμᾶς
1041 3954 1551 4029 σπλαγχνιζομὲνου,
1607 3964 1706 4007 τῶν
1763 3975 1886 4030 προ-

295 4048 572 4117 ειρημένων
601 4047 659 4096 τό
689 4044 858 4118 ἕτερον
892 4063 905 4076 ο
940 4043 1068 4096 ἀλλὰ.
1095 4049 1165 4116 μὴ
1193 4043 1480 4120 βαρυτέρας
1521 4049 1770 4117 τιμωρίας
1797 4048 1888 4096 καὶ

293 4131 566 4206 ἀπαρακλὴ
574 4152 664 4187 του
691 4138 981 4208 προοίμιον.

1925 4117 1969 4171 Ι)

2074 1559 2127 1610 4.
2161 1555 2438 1612 Similiter
2465 1554 2798 1611 etsecundo
2829 1569 3030 1625 cursu,
3066 1554 3256 1610 multa
3284 1555 3344 1610 in
3377 1557 3654 1625 praesenti

2001 1643 2502 1715 ferunturimpiis,
2534 1643 2656 1698 utsi
2679 1642 2988 1714 probitatis
3007 1643 3244 1714 aliquod
3267 1643 3346 1699 ab
3372 1645 3441 1699 iis
3473 1649 3651 1714 gestae

2004 1733 2096 1789 vel
2112 1732 2426 1803 vestigium
2442 1731 2806 1804 apparuerit,
2828 1731 2910 1786 illi
2943 1731 3000 1786 in
3032 1731 3141 1786 hac
3171 1731 3292 1788 vita
3332 1733 3649 1804 praemium

2001 1822 2313 1894 accipiant,
2346 1837 2485 1876 cum
2517 1819 2692 1876 nimis
2720 1820 2796 1875 sit
2831 1819 3163 1890 imbecillus
3197 1826 3386 1885 actus,
3428 1825 3493 1876 ut
3519 1838 3649 1894 per-

2003 1912 2192 1980 tingat
2220 1911 2297 1966 ad
2319 1910 2581 1967 futuram
2602 1908 2681 1964 ibi
2698 1908 3145 1964 retributionem
3179 1927 3191 1965 :
3227 1909 3333 1966 sed
3360 1914 3416 1966 et
3437 1925 3511 1965 ne
3543 1910 3650 1965 mi-

2003 2003 2182 2059 serias
2212 2002 2291 2058 illi
2322 2017 2482 2064 suas,
2516 2001 2594 2056 ad
2639 2000 3049 2072 praetexendas
3080 2000 3401 2072 allegarent
3426 2002 3650 2074 impro-

2001 2091 2216 2147 bitates
2248 2107 2407 2146 suas.
2439 2093 2830 2162 Nequaquam
2859 2105 3001 2144 vero
3033 2105 3172 2144 cum
3210 2090 3463 2160 singulis
3493 2095 3649 2146 recte

2001 2180 2312 2243 inceditur,
2344 2194 2418 2234 ne
2458 2178 2734 2233 vitiorum
2781 2177 2872 2232 via
2909 2176 3179 2232 diffusior
3207 2176 3383 2242 facta,
3431 2177 3650 2234 multos

2001 2267 2393 2341 prmcipitaret
2436 2266 2494 2322 in
2541 2265 2891 2322 barathrum
2948 2283 2961 2333 ;
3010 2281 3158 2321 neve
3201 2266 3396 2336 magis
3451 2266 3650 2322 adhuc

2003 2357 2314 2429 magisque
2347 2356 2450 2428 qui
2482 2356 2728 2428 peccatis
2757 2353 3150 2419 oblectantur,
3192 2355 3264 2410 ad
3294 2355 3650 2412 insensatio-

2001 2462 2141 2502 nem
2165 2446 2490 2510 deviarent,
2524 2459 2633 2500 nec
2657 2443 2947 2514 judicium
2986 2443 3084 2498 Dei
3117 2443 3444 2500 multorum
3496 2443 3650 2500 ludi-

2000 2535 2135 2591 brio
2151 2538 2576 2606 exponeretur;
2607 2538 2744 2588 sunt
2763 2535 2820 2588 et
2836 2531 2948 2587 alia
2968 2537 3266 2601 sexcenta,
3295 2531 3452 2588 unde
3479 2531 3652 2589 liceat

2002 2621 2390 2694 providentia:
2416 2620 2636 2676 divinas
2662 2620 2815 2675 bene
2840 2619 3096 2675 faciendi
3127 2620 3523 2691 propositum,
3557 2635 3648 2676 sa-

2001 2710 2288 2784 pientiam
2313 2726 2327 2776 ;
2350 2709 2685 2765 humanum
2709 2708 3020 2780 judicium,
3041 2725 3283 2764 omnem
3305 2724 3648 2774 censuram,

2002 2806 2058 2857 et
2078 2799 2612 2869 investigationem,
2635 2803 3022 2868 superantem
3044 2797 3280 2853 intueri.
3308 2798 3471 2853 Hisce
3503 2801 3568 2852 tu
3594 2801 3652 2852 et

2002 2887 2412 2960 hujuscemodi
2433 2887 2844 2942 meditationes
2863 2902 3064 2942 accom
3077 2886 3403 2956 modando,
3417 2892 3472 2942 et
3492 2886 3650 2956 cogi-

2003 2978 2252 3034 tationes
2293 2982 2423 3032 tuas
2453 2975 2826 3046 occupando,
2870 2975 2947 3030 ab
2977 2974 3134 3029 illius
3163 2974 3551 3040 confusionis,
3593 2978 3651 3030 et

2000 3064 2316 3123 anomaliaa
2328 3063 2716 3136 opinionibus
2729 3078 2913 3134 quam
2929 3063 2988 3118 in
3004 3062 3308 3134 praesentis
3323 3062 3456 3118 vitae
3469 3062 3650 3118 rebus

2002 3155 2200 3210 videre
2231 3153 2466 3217 videris,
2491 3157 2544 3207 te
2565 3150 3164 3222 expeditumreddes;
3186 3165 3294 3205 nec
3323 3167 3459 3222 quae
3473 3150 3650 3206 nobis

1999 3243 2296 3300 obvenere
2333 3241 2718 3307 calamitates,
2748 3243 2854 3296 aut
2884 3239 3243 3295 continuata:
3274 3239 3647 3306 tentationes,

1999 3339 2208 3389 contra
2220 3329 2681 3403 providentiam,
2707 3329 2893 3385 armis
2914 3329 3274 3384 teinstruant
3291 3345 3304 3382 :
3321 3328 3444 3384 sive
3461 3327 3647 3393 enim,

1999 3421 2166 3494 quod
2204 3419 2381 3476 nobis
2419 3419 2480 3473 in
2520 3419 2676 3474 votis
2729 3422 2836 3482 est,
2883 3417 2958 3474 ab
2997 3417 3139 3472 inde
3185 3416 3387 3489 plures
3442 3416 3650 3472 sordes

2000 3508 2467 3577 abluamus,hoc
2500 3506 2681 3564 modo
2711 3505 3220 3562 summusdivinm
3252 3505 3562 3577 sapientia)
3589 3510 3647 3561 et

2001 3598 2416 3655 misericordias
2442 3595 2667 3664 gradus
2693 3593 2797 3666 per
2814 3594 3250 3650 Providentiam
3275 3594 3650 3650 collustratus

1999 3687 2332 3745 ostenditur
2378 3703 2390 3741 :
2425 3685 2569 3750 sive,
2600 3686 2764 3756 quod
2803 3689 2926 3740 tute
2964 3683 3258 3755 opinaris,
3287 3683 3483 3740 luctus
3511 3683 3648 3740 sub-

2001 3778 2156 3834 imus
2181 3782 2238 3832 et
2269 3775 2625 3840 certamina;
2647 3772 2766 3828 noli
2786 3773 2960 3828 nobis
2979 3787 3234 3828 coronas
3251 3771 3480 3827 futuras
3503 3773 3648 3828 invi-

1998 3865 2156 3932 dere,
2175 3865 2558 3920 Providentiae
2574 3865 2762 3918 autem
2781 3877 2885 3934 per
2897 3861 3100 3917 omnia
3114 3861 3497 3932 permeantis,
3513 3877 3650 3934 ope-

1997 3971 2064 4012 ra
2085 3954 2245 4012 bona
2257 3959 2312 4010 et
2325 3951 2577 4008 illustria
2593 3951 2781 4021 magis
2794 3949 2957 4022 apud
2977 3950 3248 4005 animum
3262 3964 3646 4019 recognosce.

1999 4047 2226 4100 Nostrae
2273 4047 2476 4098 autem
2527 4041 2861 4111 passiones,
2903 4055 3006 4110 per
3034 4038 3270 4093 viscera
3311 4039 3653 4094 misericor-

1999 4132 2111 4189 dia:
2138 4131 2461 4188 CbristiDei
2491 4129 2678 4184 nostri
2718 4142 2862 4197 erga
2891 4143 3024 4191 nos,
3066 4127 3125 4182 in
3165 4126 3411 4182 alteram
3453 4142 3652 4181 rerum

290 4222 810 4296 praeallegatarum
833 4221 1187 4287 concedant,
1212 4239 1330 4280 non
1362 4227 1561 4280 autem
1589 4223 1965 4294 procemium,
1993 4221 2349 4278 autinitium
2375 4217 2516 4274 fiant
2541 4215 2832 4288 gravioris
2860 4215 3203 4286 cujusdam,
3235 4219 3292 4270 et
3311 4213 3654 4271 inconsola-

289 4310 426 4367 bilis
456 4311 755 4385 supplicii.

845 4439 1158 4489 ΕΡΩἸἮΣΙΣ
1197 4434 1338 4486 ΡΟΓ¹

901 4545 1025 4615 Περὶ
1049 4537 1298 4617 Τριάδος.

2007 4432 2322 4498 ΟΙΜΞΞΤΙΟ
2378 4430 2628 4487 CLXXIII
2681 4428 2878 4502 [σοίει.
2936 4429 3094 4485 CCII.
3157 4429 3336 4485 Taur.
3406 4426 3650 4498 CXCIII].

2598 4535 2682 4592 De
2726 4535 3036 4592 Trinitate.

1172 4718 1323 4769 Edita
1361 4733 1391 4768 a
1425 4717 1752 4768 Montacutio
1788 4717 1890 4782 (ep.
1927 4717 1988 4766 33
2021 4715 2091 4767 ad
2119 4716 2278 4766 Joan.
2315 4714 2587 4779 Chrysost.
2614 4729 2667 4778 p.
2704 4715 2800 4773 9t).

361 4882 422 4935 ’Π
472 4889 569 4942 τῆς
622 4877 856 4956 Τριάδος
909 4882 1196 4952 σύγχυσις,
1251 4878 1515 4953 ἀναίρεσιν
1566 4887 1666 4932 τῶν
1732 4897 1891 4952 προσο

291 4977 442 5023 ὡπων
493 4977 661 5022 ποιεῖ·
690 4971 720 5028 ἠ
774 4966 834 5022 δι
874 4978 971 5030 τῆς
1007 4968 1187 5028 οὐσίας
1233 4965 1513 5038 διαίρεσις,
1559 4965 1892 5043 ἀλλοτρίωσιν

292 5065 382 5113 καὶ
451 5063 749 5132 κατατομήν
820 5057 1008 5110 ἐπινοεῖ
1081 5066 1176 5119 τῆς
1253 5061 1547 5117 Θεότητος·
1603 5064 1755 5128 φεῦγε
1804 5059 1891 5108 τὸν

290 5150 417 5222 παρ’
490 5148 703 5221 έκάτερα
774 5155 864 5208 τῆς
945 5145 1228 5220 βασιλικῆς
1296 5142 1422 5228 ὁδοῦ
1486 5148 1732 5217 κρημνόν,
1800 5150 1888 5197 καὶ

290 5241 427 5292 κατά
484 5241 605 5298 τοὺς
662 5236 1127 5297 ίκκλησιαστικοὺς
1189 5231 1454 5310 ὄρουςδτε
1509 5238 1599 5287 καὶ
1650 5235 1886 5304 θεσμοὺς,

2072 4876 2411 4933 Trinitatem
2427 4874 2813 4941 confundere,
2839 4889 3128 4946 personas
3151 4877 3241 4928 est
3273 4871 3497 4937 tollere,
3514 4871 3651 4928 sub-

2005 4965 2510 5022 stantiaadivulsio
2531 4963 2774 5020 Deitatis
2792 4963 3231 5028 alienationem,
3263 4961 3653 5017 etconsectio-

2003 5071 2140 5111 nem
2155 5052 2474 5110 introducit
2501 5069 2513 5107 :
2534 5051 2928 5124 praecipitium
2949 5056 3267 5122 utrumque
3281 5050 3467 5120 fugito
3485 5055 3652 5106 extra

2001 5144 2226 5214 regiam
2259 5143 2420 5198 viam
2461 5142 2869 5205 constitutum,
2903 5146 2960 5196 et
2983 5141 3153 5211 juxta
3182 5138 3362 5208 leges,
3390 5139 3561 5206 scita,
3596 5144 3654 5194 et

1999 5228 3230 5295 determinationesecclesiasticas,unicam
3252 5227 3648 5284 substantiam

1641 5387 1874 5442 VARI/13
1896 5385 2295 5441 LECTIONES.

361 5545 390 5589 tl
420 5544 472 5606 Μ
505 5541 937 5624 παρολισθὴσασι
1021 5542 1092 5596 Μ.
1126 5545 1176 5594 τί
1204 5542 1304 5619 γάρ
1332 5555 1344 5606 ;
1378 5537 1519 5608 έξόνί
1544 5541 1610 5595 Μ,
1645 5541 1720 5594 ἔτι
1746 5549 1775 5592 8
1805 5541 1873 5595 Μ.
1905 5533 2197 5612 μεθοδείαν.
