3926 6190
478 235 587 295 8’75

1738 228 1980 285 PHOTII
2020 229 2063 284 P

2237 228 2503 287 ARCHAZ
2541 228 2651 286 (ΖΡ.
3671 235 3745 293 876

473 367 530 418 et
589 358 874 415 Deitatem
934 356 1121 413 tribus
1160 355 1558 412 subsistentiis
1597 363 1650 411 et
1709 356 1981 428 personis
2027 372 2067 409 vi

2237 360 2359 428 μίαν
2417 356 2600 410 οὐσίαν
2649 360 2737 408 xui
2793 356 3013 413 θεότητα
3065 352 3112 405 ἐν
3158 353 3477 408 ὑποστάσεσι
3522 361 3597 409 καὶ
3637 379 3749 432 προσ.

470 463 697 511 nerare,
729 453 781 501 et
815 445 939 500 cole
976 464 987 513 ;
1021 450 1079 501 et
1116 444 1511 502 Christianam
1544 444 1619 499 de
1646 445 1763 499 Deo
1794 442 2000 512 ﬁdem,
2038 441 2127 497 vel

470 536 830 605 theologiam
869 534 1033 590 hisce
1074 533 1576 606 comprehensam
1610 533 1943 605 praedicato.

510 717 826 782 QUASSTIO
876 714 1120 769 CLXXIV
1161 713 1341 769 Coisl.
1386 712 1564 776 CCIII,
1612 713 1791 768 Taur.
1836 710 2083 779 CXLIV].

547 822 840 892 Quomodo
860 821 1316 889 intelligendum
1342 818 1589 891 sitquod
1619 819 1691 874 de
1709 818 1820 892 Job
1850 816 2073 873 dicitur
2107 833 2119 871 :

726 914 754 943 »
775 896 983 950 Pereat
1019 892 1140 948 dies
1172 896 1231 946 in
1264 906 1379 962 qua
1419 890 1593 946 natus
1632 906 1758 945 sum
1786 890 1814 945 ?
1848 911 1871 940 υ

1126 990 1281 1038 Edita
1313 1002 1345 1039 a
1373 988 1508 1037 Maio
1539 988 1693 1049 (Nov.
1730 988 1858 1036 Coll.
1898 991 1933 1035 t.
1982 986 2064 1041 IX.
2104 986 2209 1043 105,

542 1082 654 1136 Job
687 1079 985 1136 maledicit
1011 1078 1125 1133 diei
1153 1078 1475 1133 nativitatis
1495 1094 1638 1148 sum,
1663 1082 1728 1132 ut
1756 1077 1905 1131 inter
1922 1076 2123 1147 plures

473 1186 686 1226 causas
718 1168 952 1238 eligam,
982 1168 1125 1239 quia
1158 1172 1356 1222 mente
1389 1167 1641 1221 multum
1664 1164 2022 1235 agitabatur,
2053 1180 2126 1219 ne

474 1260 620 1315 forte
663 1260 723 1314 in
766 1264 990 1313 tantam
1035 1256 1270 1327 culpam
1301 1256 1622 1321 incidisset,
1661 1260 1722 1310 ut
1752 1259 1979 1309 tantam
2029 1253 2127 1309 Dei

470 1350 620 1404 iram
654 1352 857 1402 contra
896 1346 1062 1401 illum
1108 1346 1444 1411 excitasset,
1481 1344 1539 1399 id
1570 1350 1655 1400 est
1692 1360 1705 1399 :
1739 1345 1799 1399 in
1832 1348 2061 1399 tantum
2092 1357 2127 1397 θ,

472 1437 794 1491 Dominicis
829 1435 1129 1490 mandatis
1161 1433 1403 1502 recessi,
1431 1438 1495 1488 ut
1523 1432 1669 1488 mihi
1702 1432 2125 1501 lateatmagui-

472 1526 617 1583 tudo
648 1524 831 1590 mali;
884 1524 943 1579 in
990 1529 1223 1578 tantum
1258 1527 1455 1577 autem
1507 1521 2019 1591 longanimitatein
2072 1526 2127 1575 et

469 1613 975 1687 philanthropiam
1004 1612 1100 1665 Dei
1131 1610 1465 1681 provocavi,
1487 1616 1745 1665 uttantaa
1775 1610 1874 1664 iraa
1908 1607 2124 1679 subjici

473 1705 753 1775 dignatus
790 1702 1022 1765 fuerim,
1067 1706 1122 1754 et
1175 1700 1271 1754 tali
1312 1714 1503 1771 paenae
1553 1698 1839 1754 submitti.
1887 1698 2124 1754 Maledi-

474 1792 623 1846 citur
655 1792 781 1845 dies
829 1790 959 1859 ista,
1009 1789 1086 1843 ita
1137 1795 1333 1845 tamen
1368 1793 1431 1842 ut
1476 1788 1586 1842 ista
1618 1787 1952 1843 maledictio
2002 1803 2123 1842 non

473 1885 626 1935 esset
660 1878 991 1948 indignatio
1022 1882 1230 1933 contra
1260 1876 1357 1932 illa
1398 1893 1535 1949 quae
1581 1893 1795 1948 passus
1828 1881 1968 1943 erat,
2018 1876 2123 1932 sed

474 1968 669 2041 potius
708 1967 1167 2022 lamentationes
1232 1971 1288 2021 et
1336 1966 1787 2021 obsecrationes
1862 1981 1971 2037 pro
2033 1966 2126 2020 his

473 2057 692 2131 quibus
738 2060 922 2111 Deum
975 2055 1325 2111 offenderat.
1374 2055 1545 2119 Quod
1594 2060 1649 2110 et
1686 2054 1841 2110 clare
1873 2054 2128 2126 explicat

474 2148 779 2211 Dominus,
814 2162 951 2201 cum
985 2145 1062 2200 ad
1097 2144 1264 2200 illum
1288 2144 1428 2200 dicit
1460 2161 1472 2197 :
1511 2166 1537 2192 ει
1570 2145 1748 2199 Putas
1780 2160 1875 2199 me
1903 2160 2023 2200 non
2046 2146 2127 2200 ita

473 2242 669 2293 tecum
713 2236 906 2305 egisse
959 2239 1019 2289 ut
1046 2234 1242 2305 justus
1289 2233 1593 2297 videreris,
1647 2253 1676 2285 »
1707 2250 1738 2288 e
1773 2239 1973 2288 contra
2004 2249 2127 2289 non

475 2328 615 2380 sunt
679 2324 780 2378 tibi
850 2320 1255 2395 peccatorum'
1298 2322 1566 2393 repetitio
1606 2322 1917 2393 passiones
1976 2338 2128 2394 quas

474 2412 735 2469 habuisti
785 2411 1152 2475 subeundas,
1205 2410 1306 2464 sed
1347 2410 1692 2465 exercitium
1723 2411 1967 2482 quidem
2014 2412 2127 2467 vir-

475 2500 634 2564 tutis,
656 2499 1035 2569 praemiorum
1054 2504 1109 2552 et
1127 2498 1537 2568 pulchriorum
1560 2513 1918 2553 coronarum
1941 2514 2127 2569 quam

476 2605 585 2661 pro
602 2588 910 2643 doloribus
923 2594 977 2642 et
996 2588 1187 2659 plagis
1204 2587 1756 2658 compensationem
1778 2603 2125 2658 procurans.

477 2682 681 2750 Itaque
700 2693 820 2732 non
841 2677 1252 2748 iraimpulsus,
1272 2684 1321 2731 te
1336 2676 1829 2731 tantislaboribus
1847 2677 2125 2748 probavi;

478 2767 584 2823 sed
636 2767 833 2838 potius
867 2771 929 2821 ut
980 2772 1081 2821 tua
1114 2765 1296 2820 virtus
1333 2765 1652 2836 fulgentior
1688 2771 2019 2837 appareret,
2072 2771 2130 2821 et

474 2862 682 2913 contra
711 2870 1096 2911 communem
1154 2860 1369 2909 nostras
1418 2861 1646 2910 naturas
1677 2855 1914 2911 hostem
1964 2855 2129 2911 fortis

476 2950 534 3001 et
560 2945 841 3017 trophaeis
866 2949 1120 3000 onustus
1137 2944 1419 2999 omnibus
1442 2943 1743 3000 videreris.
1778 2944 1901 2999 Dici
1928 2949 2126 3000 autem

479 3034 801 3090 nativitatis
842 3033 1142 3090 maledicit
1173 3039 1225 3089 et
1254 3033 1368 3089 hoc
1391 3048 1511 3090 non
1543 3032 1832 3097 absolute,
1852 3034 1957 3089 sed
1984 3034 2130 3105 quia

2236 452 2396 508 ῶποις
2438 450 2584 520 τρισὶ
2627 444 2882 518 λατρεύων
2934 449 3022 495 καὶ
3076 451 3397 517 προσκυνῶν,
3427 450 3515 503 την
3556 455 3636 499 τῶν
3665 457 3752 521 xl“.

2236 542 2457 587 στιανῶν
2541 533 2803 605 θεολογίαν
2860 535 3063 594 τούτοις
3130 532 3630 607 συγκεφαλαιούμενος
3671 537 3752 590 ἄνα.

2232 629 2474 699 κήρυττε.

2794 717 3107 765 ΕΡΩἸἪΣΙΣ
3146 710 3303 765 ΡΟΔ’.

2234 825 2351 881 Πῶς
2386 816 2468 873 δεῖ
2492 826 2621 873 νοεῖν
2645 822 2702 873 τὸ
2729 824 2845 894 περὶ
2871 823 2956 894 τον
2979 817 3099 894 Ἱῶϐ
3122 818 3382 892 εἰρημένον
3408 832 3421 843 ’
3447 839 3473 871 ιι
3498 825 3755 893 Καταραθιίις

2648 894 2673 949 ἧ
2715 890 2883 964 ἠμίρα
2910 890 2957 942 ἐν
3049 890 3361 961 ἐγεννήθην;
3394 910 3421 941 ιι

2244 989 2371 1051 106).
2404 1015 2465 1027 —
2494 990 2779 1054 Exegetica
2803 989 2869 1037 Ιιι
2896 988 3010 1037 Job.
3046 1003 3117 1037 ιιι.
3149 990 3195 1037 3.

2311 1085 2616 1153 Καταρᾶται
2659 1084 2753 1137 τὴν
2800 1081 2997 1150 ἡμέραν
3046 1087 3141 1139 τῆς
3184 1082 3425 1149 γενέσεως
3462 1078 3605 1130 αὐτοῦ
3638 1080 3765 1132 ὀΊὼξ

2236 1168 2301 1217 τά
2329 1186 2380 1219 τε
2419 1167 2550 1219 ἄλλα
2577 1173 2668 1220 xui
2693 1168 2751 1220 ού
2795 1174 3047 1220 τοσοῦτον
3078 1168 3158 1219 ὅτι
3187 1174 3297 1227 τοῖς
3326 1166 3582 1239 λογισμοῖς
3608 1172 3767 1239 ἐκυμαίο

2235 1275 2365 1308 νετο·
2426 1262 2497 1328 μή
2556 1258 2673 1309 ποτ’
2726 1258 2829 1329 ἄρα
2907 1260 2984 1314 εἴη
3056 1255 3138 1308 ἐπὶ
3195 1264 3442 1308 τοσοῦτον
3486 1256 3769 1328 πλημμελείας

2238 1344 2501 1407 ἐληλακὼς
2550 1349 2618 1407 ὡς
2652 1348 2914 1403 τοσαύτην
2956 1345 3116 1418 ὀργὴν
3156 1352 3289 1398 Θεοῦ
3342 1353 3550 1403 κινῆσαι
3588 1346 3678 1397 κατ’
3701 1347 3770 1397 αύ-

2236 1442 2327 1485 τού
2357 1455 2369 1466 ο
2413 1439 2701 1499 τουτέστιν,
2735 1435 2816 1495 Εἰς
2864 1443 3111 1487 τοσοῦτον
3159 1433 3403 1497 ἐξωκειλα
3452 1443 3545 1486 τῶν
3585 1442 3771 1488 Δεσποτιι

2236 1531 2338 1573 κῶν
2396 1522 2608 1575 ἐντολῶν
2661 1526 2796 1576 ὥστε
2852 1523 3023 1576 λαθεῖν
3094 1526 3182 1595 μὶν
3238 1522 3325 1593 ἐμὲ
3385 1527 3442 1575 τό
3491 1527 3673 1595 μέγεθος
3707 1533 3772 1576 τοῦ

2236 1619 2419 1675 κακοῦ,
2487 1612 2553 1673 εἰς
2626 1620 2877 1664 τοσοῦτον
2931 1609 2991 1665 δε
3051 1612 3338 1687 παροξῦναι
3392 1617 3450 1664 τὸ
3503 1616 3773 1687 μακροθυμεν

2237 1706 2325 1751 καὶ
2371 1700 2727 1772 φιλάνθρωπον
2758 1708 2847 1753 τοῦ
2880 1708 3033 1764 Θεοῦ,
3076 1704 3209 1753 ὥστε
3248 1707 3338 1753 καὶ
3370 1704 3616 1763 τοσαύτης
3656 1703 3775 1777 ὀργῆς

2239 1793 2417 1861 ἔνοχον
2466 1790 2551 1862 ἔμε
2580 1793 2825 1864 κριθῆναι
2866 1796 2954 1842 xui
3007 1790 3329 1851 τηλικαύτας
3368 1792 3675 1844 ἀπαιτεῖσθαι
3718 1789 3775 1844 δίο

2238 1900 2350 1941 κας.
2401 1880 2811 1951 Ἐπικατάρατος
2861 1882 2889 1938 η
2938 1882 3106 1953 ἡμέρα
3150 1880 3312 1937 ἐκείνη
3361 1883 3493 1933 ὥστε
3537 1882 3620 1934 οὐκ
3654 1881 3776 1953 ἀγαν-

2238 1973 2497 2028 ακτήσεως
2554 1964 2615 2025 ἦν
2673 1969 2799 2040 ὑπὲρ
2840 1969 2907 2018 ὧν
2956 1972 3187 2039 ἔπασχεν
3222 1971 3250 2026 ἡ
3307 1967 3429 2044 ἀρα,
3472 1968 3589 2021 ἀλλὰ
3627 1972 3777 2044 θρήνων

2236 2062 2325 2108 καὶ
2369 2055 2728 2127 ἐλεεινολογίας
2759 2059 2884 2130 ύπερ
2926 2058 2994 2107 ὧν
3044 2054 3215 2109 ἐδόκει
3260 2057 3497 2116 λυπῆσαι
3530 2061 3608 2109 τὸν
3650 2062 3777 2109 Θεὸν·

2236 2151 2508 2198 καὶτοῦτο
2556 2151 2850 2217 παρίστησι
2895 2154 3070 2218 σαφῶς
3101 2149 3130 2204 ἡ
3181 2152 3473 2205 Arum-ruﬁ
3522 2150 3643 2218 φωνὴ
3684 2148 3782 2217 πρὸς

2238 2235 2392 2287 αὑτὸν
2423 2234 2471 2286 ἔν
2498 2234 2575 2296 οἷς
2614 2255 2772 2307 φησιν
2798 2251 2811 2266 ο
2844 2254 2873 2285 (ι
2907 2238 3018 2287 Οῖει
3047 2255 3110 2307 με
3136 2236 3299 2297 ἄλλως
3327 2255 3416 2287 σοι
3454 2238 3786 2310 κεχρηματαέ-

2236 2344 2320 2375 ναι
2359 2325 2389 2382 ἧ
2425 2325 2507 2375 ἱνα
2537 2322 2793 2396 ἀναφανῇς
2836 2321 3076 2391 δίκαιος
3109 2344 3135 2375 ι)
3171 2324 3281 2377 ἀντὶ
3312 2333 3428 2388 τοῦ,
3463 2325 3565 2377 Ούκ
3591 2328 3686 2377 ἔστι
3723 2341 3783 2374 σοι

2238 2420 2337 2463 τῶν
2385 2414 2757 2484 ἡμαρτημένων
2805 2412 3087 2475 ἀπαίτησις
3116 2417 3179 2465 τὰ
3230 2416 3376 2471 πάθη
3418 2414 3466 2465 ἐν
3505 2414 3577 2474 οἷς
3612 2411 3786 2465 humi:

2238 2504 2669 2574 παρεχωρήθης·
2732 2500 2858 2553 ἀλλά
2942 2507 3211 2574 γυμνασία
3285 2506 3381 2574 μεν
3463 2512 3553 2564 τῆς
3612 2501 3783 2573 ἀρετές⁹

2239 2589 2468 2641 ἐπάθλων
2505 2586 2561 2642 δε
2592 2595 2683 2642 καὶ
2725 2590 2975 2662 μειζόνων
3019 2593 3278 2663 στεφάνων
3335 2592 3369 2650 ξ’
3417 2594 3547 2643 κατά
3574 2593 3654 2652 τὰς
3690 2586 3786 2641 ὀδύ-

2238 2698 2328 2738 νας
2374 2683 2464 2729 xui
2525 2678 2729 2749 πληγὰς
2784 2679 3131 2754 προξενοῦντα
3182 2684 3276 2738 τὴν
3343 2679 3583 2752 ἀμοιϐήν.
3629 2680 3788 2731 Οὐκοῦν

2240 2767 2332 2819 οὐκ
2365 2767 2524 2842 ὀργὴν
2556 2766 2751 2839 ἐκχέων
2782 2770 3093 2840 ὑπαχθῆναί
3143 2788 3198 2821 σε
3233 2776 3584 2842 συνεχώρησα
3608 2774 3703 2829 ταῖς
3727 2786 3786 2818 τος

2243 2860 2461 2915 σαύταις
2498 2864 2722 2922 ποιναῖς,
2756 2855 2863 2907 ἀλλ’
2911 2858 2993 2909 ἵνα
3037 2857 3224 2929 μᾶλλον
3276 2861 3304 2915 ἡ
3364 2864 3433 2916 σὴ
3495 2858 3791 2929 λαμπροτερον

2240 2944 2467 3017 ἀναφανῇ
2521 2944 2699 3018 ἀρετὴ,
2749 2951 2839 2998 καὶ
2911 2948 3045 2998 κατά
3097 2954 3188 2998 τοῦ
3250 2955 3431 2999 κοινοῦ
3502 2957 3589 3009 τῆς
3635 2948 3791 3017 φύσεως

2242 3035 2388 3105 ἡμῶν
2442 3033 2637 3106 ἐχθροῦ
2712 3033 2997 3107 ἀριστεύων
3067 3041 3156 3087 καὶ
3221 3044 3609 3110 τροπαιοφορῶν
3669 3042 3793 3087 πᾶσιν

478 3124 539 3178 in
570 3123 672 3180 illa
693 3123 787 3178 die
818 3122 1146 3195 splendidis
1168 3122 1454 3177 conviviis
1473 3121 1601 3177 illos
1623 3121 1728 3193 qui
1760 3122 1851 3177 vel
1869 3123 2067 3178 amicit

2242 3118 2556 3195 ἐπιδειχθῇς
2578 3140 2591 3152 ·
2619 3131 2913 3197 καταρᾶται
2945 3121 3003 3176 δε
3052 3132 3148 3185 τῆς
3175 3128 3420 3194 γενέσεως
3466 3131 3555 3183 τὴν
3596 3127 3757 3196 ἡμέραν
3782 3140 3791 3151 ‘

476 3212 569 3267 vel
618 3212 907 3281 sanguine
950 3212 1029 3266 illi
1074 3211 1619 3282 conjungebantur.
1672 3213 1790 3267 Mos
1838 3217 1929 3266 est
1971 3212 2130 3267 enim

480 3300 792 3371 splendide
825 3300 1088 3356 viventes
1109 3317 1235 3354 sese
1262 3299 1743 3370 spectaculorum
1767 3304 1821 3355 et
1843 3304 2129 3356 cantuum

480 3387 817 3460 aliquorum
838 3389 1209 3458 jucunditate
1232 3388 1527 3444 etdeliciis
1552 3390 1860 3455 delectare,
1881 3404 1987 3461 per
2002 3406 2132 3462 qua:

479 3481 535 3531 et
583 3476 751 3531 visus
805 3484 860 3531 et
921 3478 1159 3531 auditus
1212 3476 1598 3533 fascinantur.
1660 3478 1919 3548 Regibus
1971 3479 2129 3534 enim

480 3565 860 3630 conantibus,
913 3565 1268 3621 conveniens
1310 3571 1435 3621 erat
1460 3566 1599 3622 talia
1640 3568 1697 3621 in
1730 3567 2000 3623 convivio
2045 3568 2134 3623 in-

478 3652 633 3708 duci.
667 3654 981 3724 Propterea
1008 3669 1149 3708 sane
1180 3660 1371 3709 mente
1399 3656 1744 3711 turbabatur
1774 3672 1847 3711 ne
1870 3655 1981 3711 ista
2011 3658 2131 3713 Deo

478 3740 722 3797 fuissent
748 3741 976 3805 odiosa,
1013 3748 1067 3797 et
1088 3743 1234 3797 iram
1253 3742 1408 3797 illius
1432 3749 1640 3799 contra
1668 3760 1731 3799 se
1753 3745 2125 3801 excitassent.

478 3832 680 3902 Itaque
715 3831 1013 3887 maledicit
1049 3831 1375 3887 nativitatis
1405 3832 1537 3896 diei,
1580 3832 1638 3887 id
1673 3838 1781 3900 est,
1819 3834 1879 3889 in
1909 3850 2045 3907 quas
2076 3842 2131 3890 et

476 3920 627 3975 vires
649 3926 701 3973 et
740 3920 1025 3989 vigorem,
1052 3926 1107 3975 et
1156 3920 1357 3976 anima
1387 3921 1768 3977 reﬂexionem
1798 3923 1858 3977 in
1902 3923 2131 3979 deliciis

477 4008 719 4064 afﬂuere
767 4008 1016 4073 sinebat,
1078 4015 1134 4065 et
1182 4009 1349 4065 vanis
1414 4011 1833 4083 voluptatibus
1872 4012 2126 4068 deliniri.

478 4096 648 4162 Quod
672 4102 869 4153 autem
904 4097 1081 4152 istam
1102 4097 1579 4153 maledictionem
1605 4099 1864 4154 exterius
1884 4101 2125 4171 profert,

472 4185 1215 4241 neomnibusinsensibilis
1236 4192 1351 4243 tam
1376 4186 1693 4242 terribilem
1726 4188 2127 4245 calamitatem

474 4274 716 4330 sutferre
734 4275 1027 4339 videatur,
1045 4290 1164 4330 non
1188 4282 1275 4329 est
1295 4275 1631 4330 absurdum
1661 4277 1941 4346 cogitare.
1962 4278 2124 4333 Male-

472 4363 793 4440 dictionem
819 4365 975 4420 enim
1000 4364 1223 4435 profert
1247 4380 1364 4419 non
1388 4369 1596 4420 contra
1617 4365 1842 4437 aliquid
1872 4382 2009 4422 vere
2037 4383 2129 4422 ex-

2242 3208 2364 3264 οὐδὲ
2395 3220 2545 3263 τοῦτο
2587 3212 2774 3277 ἁπλῶς,
2804 3212 2933 3264 ἃ).λά
2971 3210 3147 3271 ἐπειδὴ
3178 3216 3312 3265 κατά
3341 3217 3539 3272 ταύτην
3582 3217 3663 3271 τὴν
3703 3214 3795 3283 ἐμὲ·

2241 3320 2335 3373 ραν
2390 3300 2653 3372 λαμπραῖς
2716 3304 3014 3354 ἑστιάσεσιν
3066 3301 3445 3375 ἐφιλοφρονεῖτο
3499 3307 3607 3362 τούς
3649 3303 3795 3371 ᾠκειωο

2240 3394 2419 3461 μένους
2468 3390 2541 3452 εἰς
2595 3390 2766 3462 φιλίαν
2810 3391 2951 3461 αύτῷ
3001 3396 3089 3443 xui
3138 3391 3298 3453 ἄλλως
3341 3399 3664 3466 προσ-κινεῖς·
3694 3389 3798 3447 εἰκὸς

2243 3474 2302 3530 δε
2328 3487 2623 3550 τρυφῶντας
2667 3485 2756 3531 καὶ
2785 3487 2891 3540 τοῖς
2931 3476 3023 3531 διὰ
3064 3482 3329 3552 θεαμάτων
3379 3489 3528 3533 τινῶν
3571 3479 3795 3547 ἀκουσμά-

2241 3586 2338 3619 των
2377 3567 2595 3639 τέρψεσι
2637 3573 2727 3620 καὶ
2758 3566 2974 3630 ἡδοναῖς
3017 3568 3366 3641 ψυχαγωγεῖν
3415 3570 3638 3633 ἑαυτούς,
3666 3564 3725 3619 δι’
3749 3566 3797 3615 ὧν

2210 3660 2480 3729 ’τέρπεται
2530 3660 2619 3729 μεν
2666 3657 2817 3721 ἀκοὴ,
2859 3662 3104 3729 τέρπεται
3148 3655 3206 3710 δι
3241 3658 3359 3729 ὄψις
3394 3677 3407 3688 ·
3452 3657 3691 3730 βασιλέων
3720 3658 3797 3724 γὰρ

2244 3749 2681 3817 συνεστιωμένων,
2738 3746 2875 3809 εἰκὸς
2916 3744 2976 3804 ἦν
3029 3752 3119 3799 xui
3170 3750 3237 3799 τὰ
3278 3756 3505 3799 τοιαῦτα
3549 3745 3798 3810 συνεισάγε-

2243 3833 2367 3883 σθαι
2398 3841 2459 3905 τῇ
2505 3830 2800 3907 πανδαισίᾳ
2834 3852 2846 3865 ’
2882 3832 2977 3887 διὰ
3008 3844 3160 3887 τοῦτο
3207 3836 3311 3908 οἰρα
3357 3835 3602 3908 λογισμοὶ
3632 3832 3799 3885 mni-

2239 3940 2424 3993 ραττον
2488 3923 2663 3989 αὐτὸν,
2718 3929 2919 3995 μήποτε
2988 3931 3153 3976 ταῦτα
3206 3929 3415 3995 μισητὰ
3478 3927 3706 3995 γεγονότα
3744 3925 3797 3985 τῷ

2241 4017 2355 4079 Θεῷ
2394 4016 2487 4069 τὴν
2535 4011 2687 4086 ὀργὴν
2732 4012 2976 4071 ἐκίνησαν
3024 4013 3142 4065 κατ’
3184 4012 3345 4064 αὑτοῦ
3379 4036 3392 4047 ·
3426 4009 3521 4066 δια
3566 4020 3701 4064 τοῦτο
3731 4018 3802 4066 τὶς

2238 4103 2482 4169 γενέσεως
2542 4105 2633 4158 τὴν
2689 4103 2883 4175 ἡμέραν
2942 4100 3218 4175 ἐπαρᾶται,
3259 4105 3536 4154 τουτέστιν
3586 4100 3630 4152 ἄν
3671 4100 3697 4155 ἦ
3733 4100 3800 4146 τὸν

2239 4191 2383 4239 τόνον
2436 4197 2527 4248 τῆς
2578 4190 2766 4260 ψυχῆς
2816 4195 2903 4242 xui
2960 4196 3019 4242 τὸ
3074 4195 3535 4262 συνεστραμμένον
3573 4194 3653 4240 xui
3691 4193 3802 4238 νεῦον

2239 4280 2363 4349 πρὸς
2422 4277 2573 4329 ἑαυτὸ
2626 4279 2696 4341 εἰς
2753 4282 2949 4350 τρυφὴν
3016 4275 3199 4331 ἐδίδου
3257 4275 3517 4353 διαρρεῖν,
3575 4277 3801 4345 καὶπρὸς

2239 4367 2328 4423 τὰς
2359 4364 2686 4428 ἐπιπολαίους
2734 4370 2931 4429 ταύτας
2968 4364 3282 4439 ύπομειδιᾴν
3327 4365 3525 4428 ἡδονάς
3549 4387 3560 4399 '
3593 4366 3632 4419 εἰ
3660 4361 3711 4417 δι
3733 4370 3803 4413 και

472 4450 705 4522 sistens,
758 4453 861 4508 sed
894 4453 1057 4525 quod
1109 4458 1285 4509 antea
1315 4453 1529 4508 factum
1561 4454 1689 4524 jam
1740 4469 1862 4509 non
1895 4456 2067 4510 exsis

2239 4459 2331 4510 τὴν
2375 4452 2500 4525 ἀρὰν
2552 4451 2644 4507 διὰ
2686 4456 2899 4526 χειλέων
2937 4464 3183 4530 προῆγεν,
3230 4458 3311 4507 ἶνα
3358 4462 3435 4527 μὴ
3487 4464 3595 4517 τοῖς
3635 4452 3802 4509 πολλοῖς

472 4547 748 4614 essetque
776 4542 923 4597 forte
954 4541 1286 4598 maledictio
1330 4542 1441 4598 ista
1480 4542 1958 4613 magnitudinem
1990 4560 2124 4616 pas-

473 4630 655 4685 sionis
705 4635 761 4685 et
812 4630 1090 4686 dolorum
1144 4632 1546 4687 sensationem
1609 4632 2019 4697 manifestans,
2073 4639 2128 4689 et

470 4718 924 4775 maledicenlem
968 4719 1187 4774 nullius
1220 4720 1406 4792 culpa:
1446 4736 1614 4775 reum
1676 4720 2125 4777 demonstrans.

473 4806 689 4864 Contra
728 4809 887 4864 enim
921 4808 1174 4864 nihilum
1215 4816 1341 4865 erat
1379 4810 1465 4865 illi
1505 4809 1857 4879 indignatio.
1894 4810 1947 4866 Si
1990 4811 2125 4882 quis

473 4900 670 4950 autem
724 4897 934 4952 dixerit
973 4914 1112 4953 eum
1176 4898 1462 4955 Dominici
1521 4898 1738 4953 decreti
1797 4914 2123 4954 memorem

472 4981 618 5037 illud
669 4983 912 5051 dixisse,
972 4987 1139 5057 piam
1208 4988 1565 5043 sententiam
1635 4986 1947 5058 amplexus
1987 4988 2115 5042 erit.

473 5070 797 5140 Cujusnam
826 5089 962 5129 vero
994 5074 1220 5131 decreti
1274 5075 1301 5129 ?
1336 5075 1494 5131 Illius
1535 5092 1656 5148 quo
1704 5081 1910 5131 contra
1941 5078 2124 5133 Evam

473 5159 890 5230 promulgavit,
921 5178 1055 5217 cum
1087 5163 1186 5219 illa
1216 5165 1515 5220 Adamum
1544 5164 1889 5236 participem
1931 5166 2122 5238 culpae

471 5246 749 5303 reddidit.
800 5252 960 5303 Tunc
1000 5252 1159 5305 enim
1217 5254 1381 5319 dicit,
1417 5253 1722 5309 doloribus
1750 5260 1807 5310 et
1839 5255 2122 5310 aerumnis

475 5336 790 5392 hominum
825 5344 1062 5407 partum
1089 5346 1143 5393 et
1169 5347 1416 5396 mortem
1440 5342 1784 5412 subjiciens,
1809 5360 1881 5399 ex
1904 5344 2121 5415 quibus

475 5426 827 5483 occurrebat
854 5442 991 5497 spes
1034 5430 1255 5498 gaudii,
1284 5430 1430 5485 tristi
1459 5432 1716 5488 domans
1752 5435 2116 5490 morositate.

475 5516 563 5573 Ad
586 5516 764 5573 istum
798 5531 936 5587 ergo
968 5516 1234 5574 dolorem
1264 5520 1376 5575 Job
1408 5528 1667 5579 mentem
1690 5524 1961 5591 attolens,
1996 5541 2115 5581 non

2240 4542 2569 4605 ἀναισθήτως
2616 4541 2742 4618 δόξῃ
2810 4550 2901 4602 τὴν
2956 4545 3172 4617 φοϐερὰν
3239 4548 3440 4604 ἐκείνην
3494 4550 3651 4620 φέρειν
3698 4559 3799 4611 συμ-

2239 4635 2415 4706 φορὰν,
2471 4630 2621 4685 οὐδέν
2671 4633 2811 4686 ἐστιν
2864 4633 3044 4687 ἐννοεῖν
3100 4633 3347 4696 ἀπεικός·
3416 4640 3555 4707 φέρει
3602 4637 3692 4706 γὰρ
3730 4634 3801 4685 τὴν

2238 4719 2365 4794 ἀρὰν
2422 4726 2479 4773 ού
2533 4724 2667 4774 κατά
2722 4743 2857 4785 τινος
2914 4725 3268 4795 ύφεστηκὸτος
3326 4727 3649 4797 πράγματος,
3701 4718 3803 4770 ἀλλὰ

2236 4814 2365 4882 μετά
2396 4814 2451 4862 τὸ
2482 4813 2723 4882 γενέσθαι
2751 4809 3011 4884 μηδαμῶς
3052 4814 3343 4885 ὑφεστῶτος
3376 4831 3388 4842 ·
3425 4818 3515 4865 xui
3543 4815 3617 4868 εῖη
3644 4814 3722 4862 καὶ
3756 4806 3799 4857 ἔτι

2236 4902 2265 4957 ἠ
2301 4897 2403 4971 ἀρά
2431 4906 2521 4951 xui
2550 4903 2607 4952 τὸ
2655 4903 2865 4973 μέγεθος
2909 4908 2999 4953 τοῦ
3045 4903 3248 4963 πάθους
3289 4906 3378 4953 καὶ
3412 4907 3508 4959 τὴν
3559 4898 3799 4952 συναίσθη-

2238 5008 2319 5039 σιν
2389 4997 2484 5041 τῶν
2561 4988 2803 5060 ἀλγεινῶν
2887 4986 3135 5047 ἐπίδηλον
3209 4994 3493 5061 remugiat:
3526 5008 3539 5019 ο
3595 4995 3677 5041 xui
3735 4988 3800 5037 τὸν

2236 5076 2556 5151 ἐπαρώμενον
2610 5075 2875 5150 μηδεμιᾶς
2934 5081 3116 5150 ἔνοχον
3193 5078 3547 5151 πλημμελείας
3620 5076 3799 5145 ἀποφαί-

2233 5184 2433 5217 νουσα’
2468 5168 2603 5217 κατά
2631 5169 2878 5240 γάρ⁹τῶν
2929 5166 3268 5240 ἀνυπάρκτων
3318 5165 3378 5226 ἦν
3420 5167 3565 5237 αὐτῷ
3604 5169 3631 5224 ἡ

2233 5257 2489 5317 άκτησις·
2519 5254 2563 5307 εὶ
2602 5252 2661 5307 δέ
2710 5275 2788 5317 τις
2836 5256 2988 5307 αύτόν
3034 5263 3216 5328 φήσειε
3263 5262 3351 5309 xui
3385 5266 3482 5317 τῆς
3522 5260 3798 5309 Δεσποτωὲς

3640 5343 3651 5357 ι
3753 5338 3766 5354 ﬁ

3600 5363 3684 5396 ουκ
3750 5360 3794 5390 σιν

2234 5344 2535 5417 ἀποφάσεως
2612 5344 3006 5417 ἀναμνησθέντα
3092 5354 3245 5397 τοῦτο
3341 5346 3525 5413 εἰπεῖν,

2231 5434 2404 5508 πόρῥω
2462 5433 2719 5506 θεοφιλοῦς
2787 5440 2993 5507 γνώμης
3047 5433 3281 5506 ἐνεχθείη
3322 5451 3333 5463 ·
3397 5440 3557 5495 ποίας
3630 5430 3795 5501 ἀποφά-

2233 5539 2397 5590 “ws;
2453 5523 2514 5582 ἣν
2573 5521 2737 5596 ἀφῆκε
2796 5527 2930 5577 κατὰ
2979 5533 3071 5587 τῆς
3137 5527 3292 5588 Εὔας,
3368 5525 3530 5581 ἡνίκα
3597 5519 3795 5574 κοινωνὸν
