4116 6194
291 277 396 334 877
1181 277 1276 334 AD
1316 279 1856 337 AMPHILOCHIUM
1899 278 2223 349 QUESTIO
2266 279 2860 341 CLXXIV-CLXXVI.
3552 283 3658 341 878

290 405 452 462 ἓκείνη
515 410 606 466 τῆς
652 401 855 466 ἀπάτης
901 402 1188 463 έποιήσατο
1254 405 1339 458 τόν
1392 402 1592 479 Ἀδάμ’
1640 413 1730 460 καὶ
1788 410 1890 479 γὰρ

2002 411 2236 464 tantum
2267 409 2568 466 decretum
2590 409 2858 476 miratur,
2891 406 3000 462 sed
3013 408 3068 461 et
3091 406 3656 479 Dominumlaudat,

2001 495 2208 552 dicens
2243 516 2254 553 :
2300 498 2602 554 Maledicta
2623 497 2748 552 dies
2769 498 2826 551 in
2845 512 2986 568 qua,
3014 499 3282 551 materno
3305 497 3438 551 sinu
3455 503 3653 570 rupto,

289 602 435 636 πίνον
485 583 848 653 ύποξευγνύων
898 586 1047 635 τόκον
1097 588 1184 635 καὶ
1236 588 1329 642 την
1375 584 1521 658 ἀράν·
1567 584 1619 649 ἕξ
1665 586 1731 636 ὧν
1762 605 1890 659 προ·

2002 583 2186 640 homo
2218 585 2295 640 ad
2327 586 2468 642 solis
2503 586 2884 658 splendorem
2936 584 3119 639 venit.

292 677 508 747 έτρεχον
536 668 740 734 έλπίδες
763 678 961 745 χαρᾶς,
997 674 1398 744 σκυθρωπότητι
1426 677 1689 748 κρατύνων
1718 674 1946 747 λυπηρᾴ·
1990 674 2057 734 εἰς
2089 677 2284 732 ταύτην
2315 675 2404 726 οὖν
2434 679 2528 733 τὴν
2552 675 2720 734 λύπην
2749 673 3008 748 ἀναφερων
3035 676 3120 724 τὸν
3148 680 3264 725 νοῦν
3288 675 3313 726 6
3345 673 3480 742 Ἰὼϐ,
3507 694 3658 747 μονο-

288 766 449 833 νουχὶ
475 765 567 819 τὴν
597 761 862 832 ἀπόφασιν
889 759 1254 833 ἀποθαυμάζει
1283 767 1369 815 καὶ
1401 764 1549 835 ύμνεί
1577 766 1664 815 τὸν
1696 767 1978 828 Δεσπότην,
2020 761 2238 828 Ὀντως,
2270 763 2447 834 λέγων,
2473 763 2848 838 ἐπικατάρατος
2871 764 2900 820 ἡ
2930 765 3100 836 ἡμέρα
3125 763 3241 815 καθ’
3273 766 3332 822 ἣν
3360 765 3451 825 τὰς
3471 783 3656 838 μητριο

289 496 580 554 τηνικαῦτά
632 512 790 565 φησιν
840 493 891 546 ἐν
936 493 1125 556 λύπαις
1162 499 1253 547 καὶ
1307 492 1520 557 ὀδύναις
1567 500 1652 548 τὸν
1699 495 1893 569 ἀνθρώ-

289 853 383 910 κὰς
417 845 614 911 ὠδῖνας
639 850 770 902 λύων
795 851 821 902 6
851 851 1121 924 ἄνθρωπος
1157 853 1282 924 πρὸς
1305 854 1392 912 τὰς
1412 859 1504 904 τοῦ
1530 851 1678 910 ἡλίου
1707 855 1920 924 ἔρχεται
1941 851 2127 922 αὐγάς.

834 963 1043 1010 ΕΡΩἸἮ
1051 962 1107 1010 ΣΙ
1115 965 1147 1010 Σ
1187 956 1346 1010 ΡΟΕ”

503 1063 570 1116 Τί
595 1061 709 1116 έστι
735 1066 814 1129 τὸ,
851 1084 880 1114 ‹‹
909 1063 1035 1138 Κατ’
1062 1063 1286 1136 έμαυτοῦ
1315 1068 1518 1138 ὤμοσα,
1545 1065 1680 1137 λέγει

949 1137 1134 1210 Κύριος
1168 1152 1180 1202 ;
1212 1156 1238 1186 ››

2004 957 2330 1023 ΟΗΑΞΞΤΙΟ
2396 957 2643 1015 CLXXV.
2695 959 2902 1032 [Coisl.
2965 958 3140 1023 CCIV,
3201 958 3383 1014 Taur.
3435 957 3658 1031 CXCV.]

2005 1065 2160 1133 Quid
2185 1066 2260 1120 sit
2293 1066 2452 1122 illud
2509 1084 2522 1122 :
2562 1088 2586 1117 «
2636 1068 2752 1124 Per
2788 1067 3182 1137 memetipsum
3224 1066 3461 1136 juravi,
3517 1066 3654 1122 dicit

2571 1139 2846 1194 Dominus
2878 1139 2906 1192 ?
2930 1160 2956 1187 ››

1037 1259 1191 1308 Edita
1220 1272 1253 1308 a
1280 1259 1461 1323 Maio(l
1496 1272 1541 1308 c.
1569 1273 1620 1322 p.
1654 1259 1762 1314 106,
1789 1259 1895 1321 107)

1988 1287 2003 1297 -
2032 1259 2313 1324 Exegetica
2337 1262 2401 1311 In
2423 1262 2615 1312 Jerem.
2677 1276 2815 1319 χιιι,
2842 1262 2919 1310 13.

361 1393 386 1422 α
442 1372 567 1424 Κατ’
621 1371 846 1446 ἐμαυτοῦ
887 1377 1092 1446 ὤμοσα,
1138 1374 1272 1446 λέγει
1313 1378 1522 1449 Κύριοςο
1577 1397 1598 1422 ι
1649 1379 1739 1426 καὶ
1786 1381 1890 1426 ποῦ

289 1459 462 1513 λαϐεῖν
518 1463 658 1514 ἔστιν
709 1460 1023 1534 ὄμωμοκότα
1067 1466 1152 1515 τὸν
1193 1468 1321 1516 Θεὸν
1369 1464 1548 1523 ἣκαθ⁹
1599 1463 1805 1529 ἑαυτοῦ,
1857 1462 1885 1521 ἦ

284 1551 403 1602 καθ’
464 1549 635 1624 ἐτέρου
685 1556 819 1613 τινος
853 1567 866 1617 ;
905 1558 1018 1614 Πῶς
1061 1548 1112 1604 δ’
1143 1553 1204 1603 οἶν
1250 1555 1382 1613 Θεὸς
1439 1551 1721 1624 ὀμωμόκει,
1763 1553 1890 1602 πάν-

285 1658 374 1698 τας
421 1636 680 1713 ἂπείργων
721 1635 813 1692 διὰ
870 1649 970 1692 τῶν
1011 1641 1333 1713 Εύαγγελίων
1383 1640 1484 1693 ἀπὸ
1533 1645 1726 1702 παντὸς
1775 1640 1889 1692 ἰαυ-

283 1731 405 1788 τοῦς
470 1727 736 1800 φυλάττειν
794 1729 951 1802 ὅρκου
1009 1735 1097 1782 καὶ
1149 1734 1220 1802 μὴ
1278 1738 1340 1802 τῇ
1400 1730 1601 1802 γλώττῃ
1646 1731 1888 1801 χρῆσθαι

283 1820 415 1891 πρὸς
492 1817 781 1892 ὑπηρεσίαν
886 1817 1093 1893 ένόρκου
1174 1826 1395 1890 φωνῆς;

283 1907 456 1958 πάντα
511 1909 787 1978 σύμφωνος
830 1916 901 1978 τῷ
961 1912 1130 1981 Πατρὶ
1181 1910 1206 1959 6
1253 1910 1386 1968 Υἱός·
1433 1913 1522 1960 καὶ
1559 1909 1689 1982 οἷπερ
1728 1907 1885 1979 λέγει,

284 1993 339 2056 ἐξ
377 1994 538 2048 αύτοῦ
582 1993 748 2048 λαϐὼν
785 1998 923 2068 ἔχει’
965 2001 1016 2048 τί
1046 1993 1132 2048 οὖν
1165 1996 1274 2049 ἐστι
1320 2001 1398 2063 τὸ,
1443 2017 1470 2048 ‹‹
1504 2001 1628 2050 Κατ’
1662 1999 1886 2068 ἐμαυτοῦ

283 2087 487 2155 ὤμοσα,
543 2084 678 2157 λέγει
729 2087 955 2160 Κύριος;
1009 2105 1036 2136 ››
1080 2084 1192 2138 ἀντὶ
1240 2093 1355 2155 τοῦ,
1393 2085 1478 2147 Ὠς
1518 2088 1659 2138 ἔστιν
1694 2087 1886 2160 ἀνθρὼ-

279 2191 398 2234 ποις
428 2175 458 2231 ἠ
499 2181 589 2226 τοῦ
633 2177 786 2248 ὅρκου
817 2170 1043 2246 δύναμις
1087 2173 1380 2246 βεϐαιοῦσα
1419 2178 1476 2226 τὸ
1521 2176 1888 2247 ὑπισχνούμε-

279 2282 383 2326 νον,
443 2263 607 2324 οὕτως
659 2261 769 2315 έστὶ
828 2272 921 2326 τῆς
991 2263 1116 2335 έμῆς
1179 2263 1488 2336 ἐπαγγελίας
1561 2267 1620 2317 τὸ
1682 2261 1887 2338 ἀπαρά-

281 2349 456 2403 ϐατον·
499 2355 654 2426 ὅρκου
698 2353 799 2425 γὰρ
839 2351 1088 2414 πολλάκις
1142 2351 1569 2424 προεληλυθότος,
1620 2356 1650 2410 ἦ
1683 2356 1742 2404 τό
1789 2359 1883 2412 τῆς

278 2445 490 2512 γνώμης
528 2439 586 2492 ού
636 2441 824 2512 πάγιον
877 2439 944 2502 εἰς
982 2439 1247 2515 ἐπιορκίαν
1289 2445 1375 2493 τὸν
1423 2442 1572 2512 ὅρκον
1623 2436 1878 2509 διέλυσεν,

279 2529 310 2587 ἢ
344 2532 400 2581 τό
441 2529 553 2603 ῥέον
585 2537 680 2591 τῆς
724 2528 850 2592 ὕλης
893 2533 982 2581 καὶ
1033 2539 1131 2582 τῶν
1183 2533 1420 2601 ἐπιγείων
1463 2533 1780 2602 πραγμάτων
1822 2534 1878 2582 τὸ

277 2621 509 2672 οἰστατον
583 2623 672 2672 καὶ
728 2629 818 2680 τῆς
872 2625 1083 2692 γνώμης
1127 2619 1410 2694 έρῥωμένης
1489 2628 1584 2672 τὼν
1643 2621 1878 2692 ὠμοσμιέ⁴

274 2730 374 2760 νων
422 2711 480 2761 τὸ
537 2712 688 2783 πέρας
738 2705 996 2779 διέκοψεν⁹
1053 2708 1136 2760 ἐπὶ
1194 2705 1253 2761 δὲ
1305 2717 1400 2770 τῆς
1437 2708 1592 2779 ψιλῆς
1642 2711 1875 2780 ύποσχέ·

278 2816 409 2859 σεως
462 2804 552 2850 τοῦ
603 2805 755 2865 Θεοῦ,
814 2793 964 2850 οὐδὲν
1026 2800 1137 2850 ἔστι
1201 2805 1428 2850 τοιοῦτον
1493 2794 1617 2850 οὐδε
1673 2796 1873 2864 ἐννοεῖν,

273 2892 408 2960 μήτι
456 2906 515 2959 γε
570 2891 659 2940 καὶ
715 2891 890 2939 πίστει
941 2885 1132 2941 λαϐεῖν.
1195 2890 1280 2938 Διό
1324 2892 1413 2938 καὶ
1461 2882 1663 2958 μηδένα
1711 2907 1876 2959 παρα-

271 2974 547 3048 λαμϐάνων
587 2977 736 3050 ὅρκον
789 2977 814 3027 6
873 2978 1003 3037 Θεὸς
1041 2973 1148 3027 ἐπεὶ
1185 2979 1373 3036 παντὸς
1426 2975 1568 3028 ἐστιν
1615 2977 1770 3048 ὅρκου
1821 2981 1874 3028 :6

277 3066 412 3118 θεῖον
469 3063 768 3137 ἐπάγγελμα
844 3060 1216 3136 δυνατώτερον,
1295 3063 1500 3135 ἐπάγειν
1586 3066 1726 3117 εἴωθε
1793 3068 1872 3134 τὸ,

2075 1396 2100 1426 α
2132 1379 2239 1432 Per
2262 1378 2683 1450 memetipsum
2714 1378 2931 1450 juravi,
2961 1378 3100 1434 dicit
3127 1377 3450 1444 Dominus;
3479 1398 3507 1429 »
3531 1394 3654 1451 quo

1999 1479 2178 1520 sensu
2233 1466 2420 1521 Deum
2472 1469 2595 1522 sive
2628 1482 2730 1538 per
2760 1467 3145 1540 semetipsum
3178 1468 3300 1522 sive
3334 1483 3438 1538 per
3467 1467 3655 1523 alium

1997 1553 2323 1624 quemdam
2333 1555 2632 1624 juravisse
2651 1556 3018 1611 sumendum
3037 1555 3161 1610 sit?
3176 1555 3492 1621 Quomodo
3514 1570 3651 1611 vero

1999 1642 2155 1696 Deus
2182 1642 2360 1712 juret,
2389 1659 2523 1697 cum
2563 1643 2622 1698 in
2656 1643 2975 1715 Evangelio
3001 1659 3212 1699 cavere
3242 1660 3279 1699 a
3301 1645 3650 1715 juramento

1993 1730 2202 1801 jubeat
2222 1735 2274 1785 et
2303 1730 2510 1799 lingua
2539 1732 2623 1788 uti
2654 1733 2730 1789 ad
2754 1731 3164 1788 auxiliandum
3193 1733 3480 1804 juratoris
3517 1733 3650 1788 voci

1451 1823 1552 1872 Καὶ
1597 1821 1695 1890 γὰρ
1755 1821 1889 1870 κατὰ

1997 1819 2363 1891 prohibeat?
2423 1821 2647 1876 Etenim
2702 1821 2948 1876 omnino
2976 1820 3344 1876 concordant
3383 1822 3555 1877 Pater
3594 1827 3652 1876 et

1998 1908 2193 1975 Filius,
2223 1913 2279 1964 et
2313 1909 2478 1980 quod
2518 1908 2697 1964 Filius
2741 1909 2883 1965 dicit
2912 1925 2980 1964 ex
3023 1911 3188 1965 Patre
3216 1910 3458 1966 audivit.
3497 1909 3649 1975 Quid

1997 1998 2072 2052 sit
2100 2014 2240 2070 ergo
2271 1997 2413 2053 illud
2439 2017 2450 2056 :
2489 2021 2515 2047 ‹‹
2546 1999 2654 2054 Per
2676 1999 3096 2070 memetipsum
3124 1999 3343 2070 juravi,
3372 1999 3513 2055 dicit
3545 1999 3651 2053 Πο-

1995 2087 2191 2142 minus
2221 2087 2250 2143 ‘I
2281 2107 2306 2138 ι
2348 2087 2461 2142 hoc
2499 2091 2608 2152 est,
2637 2086 3146 2159 quemadmodum
3179 2087 3345 2159 apud
3370 2087 3646 2143 homines

1992 2175 2175 2231 virtus
2195 2176 2513 2247 juramenti
2542 2177 2968 2248 promissiones
2996 2175 3291 2231 ﬁrmiores
3318 2175 3532 2244 reddit,
3564 2176 3647 2231 ita

1993 2270 2049 2320 et
2086 2281 2220 2320 mea
2269 2264 2592 2321 declaratio
2641 2263 2999 2337 inviolabilis
3054 2271 3161 2320 est.
3223 2265 3392 2337 Saepe
3434 2271 3636 2320 autem

1983 2355 2328 2426 juramento
2367 2354 2686 2426 praemisso,
2740 2352 2834 2408 vel
2864 2353 3074 2407 mentis
3122 2351 3523 2409 imbecillitate
3573 2353 3633 2408 in

1990 2443 2316 2515 perjurium
2341 2443 2746 2514 juramentum
2777 2445 3075 2497 mutatum
3102 2441 3224 2507 fuit,
3256 2440 3350 2497 vel
3381 2441 3643 2497 materiae

1987 2547 2159 2588 cursu
2188 2536 2246 2587 et
2282 2547 2480 2588 rerum
2514 2539 2880 2586 terrenorum
2932 2529 3268 2600 fragilitate,
3299 2530 3389 2584 vel
3424 2530 3640 2586 mentis

1984 2620 2298 2685 oblivione,
2321 2619 2461 2675 ﬁnis
2485 2619 2700 2690 juratis
2724 2617 2865 2674 data
2893 2617 3023 2675 fuit.
3055 2621 3130 2673 De
3158 2617 3411 2688 simplici
3443 2621 3640 2675 autem

1982 2710 2080 2765 Dei
2109 2709 2522 2782 promissione,
2556 2707 2699 2763 nihil
2729 2705 2999 2780 estquod
3016 2706 3344 2777 cogitemus
3365 2705 3498 2771 tale,
3531 2721 3642 2762 nec

1982 2799 2143 2874 quod
2165 2799 2495 2856 credamus.
2523 2801 2726 2870 Itaque
2741 2796 2966 2852 nullum
2987 2797 3138 2850 Deus
3163 2795 3640 2867 proferensjura-

1984 2893 2276 2950 mentum,
2305 2903 2441 2942 cum
2481 2886 2753 2941 divinum
2789 2885 3050 2939 Verbum
3095 2883 3260 2939 omni
3292 2883 3640 2953 juramento

1983 2979 2241 3048 prtestet,
2260 2975 2402 3030 illud
2420 2975 2746 3046 adjungere
2763 2973 3090 3039 consuevit,
3109 2988 3216 3044 per
3237 2972 3636 3044 memetipsum

1977 3064 2175 3137 juravi
2207 3083 2220 3132 ;
2249 3063 2658 3136 potiusautem
2692 3061 2974 3133 priaponit
2995 3059 3120 3115 suis
3156 3060 3494 3128 promissis,
3516 3059 3639 3115 sive

281 3177 304 3204 ε
345 3153 470 3206 Κατ’
501 3153 728 3226 έμαυτοῦ
758 3153 958 3226 ὡμοσαο
996 3176 1022 3202 ››
1053 3152 1241 3226 μᾶλλον
1275 3149 1333 3206 δὲ
1364 3158 1452 3205 καὶ
1476 3155 1750 3226 προτάττει
1777 3162 1874 3205 τῶν

1988 3153 2276 3210 tristitiam
2296 3157 2348 3207 et
2374 3151 2644 3206 dolorem
2667 3151 2789 3206 sive
2819 3149 3109 3221 gaudium
3133 3149 3217 3220 etj
3230 3148 3639 3204 ucunditatem

277 3239 430 3296 ἰδίων
481 3244 842 3316 ὑποσχέσεων,
898 3245 996 3295 ε’ίτε
1055 3245 1492 3317 σκυθρωπότητος
1539 3247 1628 3294 καὶ
1668 3251 1870 3311 ποινῆς,

275 3333 381 3384 εἶτε
434 3337 610 3406 χαρᾶς
663 3336 752 3384 καὶ
834 3327 1093 3404 θυμηδίας
1157 3332 1468 3404 ὑπάρχουσι
1540 3337 1869 3405 παρεκτικαί·

273 3422 448 3494 μάτην
500 3422 604 3495 ἄρα
659 3422 708 3473 οἰ
759 3427 869 3482 τοῖς
934 3419 1105 3493 ὅρκοις
1157 3417 1590 3491 ἐνασελγαίνοντες
1664 3417 1750 3472 ἐπι
1815 3424 1872 3472 τό

274 3512 606 3582 προκείμενον
657 3518 848 3582 σχῆμα
896 3516 986 3561 τοῦ
1029 3508 1186 3580 λόγου
1229 3511 1671 3581 καταφεύγουσιν⁶
1711 3506 1875 3562 οὖδα-

273 3605 379 3672 μοῦ
403 3601 504 3673 γὰρ
545 3601 658 3652 οὔτε
687 3606 797 3661 τοίς
843 3601 1034 3673 ὅρκοις,
1081 3601 1197 3650 οὔτε
1233 3606 1340 3660 τοῖς
1388 3599 1616 3672 ὀρκικοίς
1664 3595 1875 3670 έπιῤῥή-

266 3697 404 3762 μασι
446 3691 502 3740 τό
534 3694 682 3742 Θείον
709 3689 853 3760 ὤφθη
887 3688 1243 3762 χρησάμενον.

809 3799 1122 3848 ΕΡΩΤΗΣΙΣ
1161 3793 1340 3877 Ρος’.

264 3905 336 3956 Τί
386 3900 518 3968 ἐστι,
562 3923 590 3952 ‹‹
637 3906 738 3956 Καὶ
781 3908 876 3954 σοῦ
909 3898 966 3985 δὲ
1009 3900 1171 3963 αὐτῆς
1214 3904 1308 3958 τὴν
1339 3899 1525 3972 ψυχὴν
1554 3895 1874 3952 διελεύσεται

900 3991 1134 4048 ρομφαια
1168 3989 1180 4038 ;
1214 3990 1242 4023 ›

1984 3241 2316 3298 annuntiet.
2349 3240 2588 3294 Frustra
2627 3243 2780 3294 certe
2812 3239 2915 3310 qui
2965 3237 3225 3307 iurando
3281 3240 3397 3293 Deo
3449 3235 3638 3292 insul-

1981 3333 2107 3383 tant
2135 3329 2211 3383 ad
2243 3328 2424 3383 istum
2450 3326 2733 3398 loquendi
2756 3326 2998 3382 modum
3021 3324 3390 3395 confugiunt.
3424 3323 3638 3380 Nullibi

1981 3417 2141 3473 enim
2170 3418 2342 3486 Deus,
2386 3431 2495 3471 nec
2543 3416 2884 3486 juramento
2918 3430 3027 3471 nec
3066 3414 3268 3487 aliquo
3311 3412 3637 3469 istiusmodi

1981 3504 2162 3562 verbo
2193 3521 2336 3561 usus
2365 3504 2616 3560 videtur.

1981 3792 2301 3860 ΟυιΈΞἸΊΟ
2359 3790 2620 3846 CLXXVI.
2662 3788 2860 3862 [CoisL
2923 3789 3072 3854 CCV,
3134 3789 3313 3844 Taur.
3384 3787 3632 3858 CXCVI.]

1987 3897 2140 3966 Quid
2163 3898 2235 3954 sit
2272 3915 2288 3951 :
2323 3919 2344 3947 ι
2377 3897 2452 3952 Et
2509 3902 2686 4022 tuam‘
2713 3896 2915 4023 igsius?
2947 3895 3213 3952 animam
3249 3893 3635 3965 pertransibit

2622 3985 2656 4023 0
2689 3983 2723 4022 α
2773 3984 2858 4022 ms
2969 3988 2993 4016 ι)

2621 3983 2858 4038 grauius
2889 3983 2915 4023 τ
2969 3988 2993 4016 »

1083 4103 1236 4154 Edita
1264 4116 1296 4152 a
1325 4103 1459 4152 Maio
1523 4102 1576 4161 (l.
1606 4116 1652 4151 c.
1690 4117 1724 4166 p
1776 4102 1902 4165 107).
1931 4129 1982 4138 -
2021 4103 2304 4166 Exegetica
2328 4102 2394 4150 In
2431 4100 2542 4149 Luc.
2571 4115 2623 4149 ιι.
2653 4101 2729 4148 35.

340 4241 441 4294 Τῆς
477 4252 735 4304 παναγιας
781 4235 870 4284 καὶ
921 4231 1284 4303 ’Δειπαρθένου
1328 4231 1532 4302 Μαρίας
1562 4233 1654 4286 τὴν
1683 4228 1868 4299 ψυχὴν

261 4324 500 4400 ῥομφαία
531 4319 714 4382 διῆλθε
765 4320 879 4373 κατ’
906 4320 1033 4372 αὐτὸ
1081 4322 1139 4371 τὸ
1194 4322 1452 4390 σωτήριον
1499 4326 1590 4370 τοῦ
1636 4325 1870 4388 Χριστοῦ

261 4414 456 4475 πάθος,
524 4412 619 4464 οὐκ
683 4407 1094 4471 έπιδιστάζουσι
1183 4408 1456 4480 λογισμοῖς
1527 4406 1866 4479 βαλλομένης,

263 4502 363 4556 οὐκ
437 4500 686 4563 ἀπιστίας
751 4499 925 4572 βελεσι
1005 4501 1444 4572 τιτρωσκομένης,
1523 4496 1580 4548 ού
1634 4495 1706 4568 ἐφ’

261 4595 450 4664 ἔχαιρε
500 4595 590 4648 τὴν
645 4589 810 4645 λύπην
865 4587 1274 4659 ἁλλασσομένης,
1332 4585 1459 4637 ἀλλὰ
1513 4587 1579 4638 τὰ
1637 4588 1870 4658 μητρικὰ

264 4680 554 4751 σπλάγχνα
600 4674 863 4739 διδούσης
918 4681 1043 4750 πρὸς
1099 4681 1192 4734 τὴν
1239 4678 1458 4747 ἔμφυτον
1517 4676 1864 4746 συμπάθειαν,

263 4768 805 4839 ἁνασκολοπιζομένου
879 4773 970 4818 τοῦ
1049 4767 1194 4830 Υίοῦ,
1257 4765 1502 4838 πράττειν
1559 4765 1626 4814 τὰ
1681 4762 1862 4816 οἰκεῖα.

260 4864 329 4914 Τί
374 4861 475 4934 γὰρ
525 4861 700 4930 μήτηρ
749 4854 842 4907 οὐκ
888 4856 950 4906 οἶν
1000 4855 1159 4906 πάθοι
1203 4851 1474 4926 βλέπουσα
1511 4855 1598 4904 τόν
1629 4853 1739 4903 υἱὸν
1776 4855 1866 4902 καὶ

263 4949 498 5022 μάλιστα
593 4953 690 5007 τῆς
766 4942 1094 5016 ἀνθρωπίνης
1177 4945 1372 5014 φύσεως
1477 4940 1864 5012 πολιτευόμενον

261 5043 509 5109 κρεῖττον,
583 5037 673 5094 τὰς
736 5041 836 5085 τῶν
911 5034 1214 5105 κακούργων
1307 5033 1574 5101 ὑπέχοντα
1652 5025 1860 5096 δίκας;

261 5133 427 5178 Τοῦτο
495 5126 672 5194 γέγονε
724 5130 785 5194 τῇ
859 5123 1212 5194 παναχράντῳ
1293 5123 1464 5194 Μητρὶ
1520 5125 1612 5171 τοῦ
1689 5122 1860 5188 Λόγου

261 5193 571 5286 πικρότερον
641 5215 730 5263 καὶ
798 5193 1108 5283 δριμύτερον
1185 5193 1444 5282 ῥομφοῖίας
1525 5206 1732 5267 ἁπάσης
1803 5211 1860 5258 τό

259 5304 446 5362 πάθος·
512 5313 556 5352 ει
609 5303 712 5372 γὰρ
774 5303 862 5351 καὶ
923 5303 1052 5351 Θεόν
1127 5297 1319 5357 πολλὰς
1387 5297 1659 5356 ὑποθέσεις
1722 5293 1860 5366 εἶχεν

262 5387 456 5444 εἰδέναι
506 5393 594 5441 τὸν
663 5391 782 5442 Υίὸν
839 5391 1250 5459 σεσαρκωμένον,
1306 5383 1413 5436 ἀλλ’
1474 5380 1561 5437 οὖν
1619 5384 1712 5436 οὐκ
1779 5381 1861 5435 ἐπι

261 5482 464 5532 πάντων
520 5478 633 5532 ἔλυε
688 5481 805 5538 τούς
847 5486 941 5538 τῆς
993 5478 1190 5547 φύσεως
1245 5478 1452 5545 νόμους’
1507 5468 1740 5526 ενεδίδου
1803 5468 1861 5524 δὲ

260 5574 351 5624 καὶ
403 5576 466 5644 τῇ
522 5570 674 5642 φύσει
721 5573 829 5630 τοῖς
882 5565 1088 5626 οἰκείοις
1147 5560 1506 5640 ἐνδιαπρέπειν
1555 5562 1718 5636 ὅροις’
1774 5557 1859 5612 διὸ

2053 4227 2451 4284 Sanctissimae
2483 4230 2540 4281 et
2570 4240 2810 4296 semper
2842 4223 3090 4294 Virginis
3142 4221 3336 4278 Marias
3367 4223 3633 4279 animam

1980 4316 2216 4388 gladius
2247 4313 2650 4387 pertransivit,
2682 4314 2736 4368 in
2790 4313 2921 4384 ipsa
2976 4311 3221 4367 salutari
3255 4311 3465 4368 Christi
3499 4328 3632 4384 pas-

1980 4405 2146 4461 sione
2180 4421 2194 4470 ;
2220 4419 2339 4458 non
2370 4401 2536 4474 quod
2566 4402 2802 4457 incertis
2819 4400 3278 4470 cogitationibus
3285 4400 3630 4470 jactaretur,

1793 4498 1870 4558 οἷς
1904 4483 1946 4538 Ι)
1981 4510 2086 4550 nec
2102 4492 2434 4548 difﬁdentia
2453 4491 2581 4547 telis
2605 4491 3034 4559 vulneraretur,
3057 4505 3168 4546 nec
3194 4490 3389 4560 prima
3410 4489 3632 4561 gaudia

1979 4585 2041 4638 in
2071 4582 2340 4637 dolorem
2373 4585 2749 4645 verterentur,
2792 4579 2898 4635 sed
2923 4578 3086 4652 quod
3102 4583 3376 4635 materna
3405 4579 3631 4636 viscera

1977 4671 2056 4728 ad
2085 4670 2419 4727 naturalem
2442 4669 2871 4741 sympathiam,
2887 4667 3167 4724 cruciﬁxo
3184 4667 3347 4738 Filio,
3379 4668 3630 4724 sentien-

1975 4761 2118 4818 dam
2145 4760 2332 4817 daret.
2367 4759 2519 4826 Quid
2540 4758 2698 4814 enim
2732 4764 2922 4813 mater
2935 4773 3051 4812 non
3079 4757 3341 4830 patiatur
3368 4757 3629 4814 videndo

1975 4850 2185 4916 ﬁlium,
2219 4853 2277 4905 et
2332 4848 2662 4920 praesertim
2704 4846 2918 4902 melius
2951 4861 3021 4902 ac
3066 4850 3291 4901 natura:
3343 4845 3628 4902 humanas

1975 4935 2257 5006 possibile
2290 4939 2378 4990 est
2407 4948 2536 4989 sese
2565 4932 2912 4997 habentem,
2968 4929 3370 5003 pessimorum
3398 4931 3626 5002 judicio

1973 5024 2330 5096 subjectum.
2387 5021 2538 5077 Illud
2595 5021 2703 5077 fuit
2765 5020 3163 5075 immaculataa
3233 5019 3399 5074 Verbi
3458 5020 3625 5077 Matri

1973 5113 2233 5171 amarior
2261 5117 2320 5167 et
2339 5109 2610 5166 acerbior
2624 5109 2830 5182 passio
2853 5124 3029 5180 quam
3044 5107 3481 5182 qualiscunque
3503 5109 3626 5181 gla-

1971 5203 2126 5259 dius.
2169 5201 2407 5258 Etiamsi
2432 5199 2591 5254 enim
2619 5197 2834 5253 multas
2866 5195 3136 5252 habuerit
3168 5196 3428 5253 rationes
3458 5198 3623 5255 illum

1974 5291 2182 5347 Filium
2215 5305 2342 5345 esse
2374 5287 2468 5344 Dei
2511 5287 2883 5342 incarnatum
2919 5285 3311 5354 diiudicandi,
3359 5291 3623 5344 attamen

1971 5381 2164 5436 nonin
2177 5376 2544 5434 omnibusilli
2568 5374 2773 5431 solutae
2796 5379 2936 5430 sunt
2964 5374 3125 5442 leges
3145 5380 3372 5430 naturas
3403 5375 3623 5445 ;daba-

1971 5474 2064 5525 tur
2093 5472 2287 5523 autem
2328 5470 2556 5522 naturas
2583 5465 2642 5519 in
2683 5463 2807 5518 suis
2861 5462 3081 5518 ﬁnibus
3109 5463 3367 5534 prodire,
3419 5464 3619 5536 itaque

1970 5555 2254 5614 maternis
2284 5555 2471 5612 oculis
2504 5554 2843 5626 passionem
2870 5552 3209 5624 spectacula
3235 5553 3617 5625 praapositam
