4116 6194
493 293 598 350 879

493 505 754 561 tabatur.

494 699 813 766 Quiesrio
869 696 1143 753 CLXXVII
1194 698 1391 769 [CoisL
1450 697 1630 770 CCVI,
1666 699 1841 753 Taur.
1896 695 2137 767 CXCVI].

495 807 647 873 Quid
689 808 765 862 sit
814 824 830 861 :
879 805 1078 862 Nolite
1108 820 1490 861 murmurare
1538 805 1600 860 in
1634 805 1885 860 invicem
1929 807 1993 858 ut
2024 819 2140 859 non

1085 876 1445 946 judicemini
1463 876 1490 929 ?
1521 898 1547 924 »

1700 287 1938 344 PHOTII
1978 283 2467 345 PATBIARCHJE
2505 286 2619 345 (ΞΡ.

490 416 719 481 videns,
750 414 905 469 sicut
934 429 968 468 a
1005 411 1184 485 plaga
1215 410 1395 483 gladii
1420 411 1813 477 dividebatur,
1843 416 1902 468 et
1931 427 2142 484 ampu-

2256 411 2413 471 πιίθος
2496 412 2675 484 ὁρῶσα
2761 417 3036 487 μητρικοῖς

3758 285 3867 344 880

3131 408 3413 483 ὀφθαλμοῖς
3525 418 3864 486 προκείμενον

2254 501 2419 571 θέαμα
2464 502 2600 552 κατὰ
2644 500 2850 573 πληγὴν
2905 501 3169 575 ῥομφαίας
3219 498 3450 572 ἐτέμνετο
3508 520 3563 554 τε
3590 507 3686 554 καὶ
3733 522 3865 555 κατ-

2252 592 2533 664 εμερίζετο.
2572 610 2600 638 ››

2794 697 3115 751 ΕΡΩΤΗΣῙΣ
3154 696 3319 749 POZ'.

2585 821 2615 854 ι(
2669 807 2754 862 Μὴ
2825 805 3093 865 στενάζετε
3159 803 3273 855 κατ’

2893 878 3109 949 κριθῆτε
3141 892 3154 940 ;
3186 896 3205 924 ι

2250 806 2313 856 Τί
2379 801 2511 870 ἐστι,
2585 821 2615 854 ι(
2669 807 2754 862 Μὴ
2825 805 3093 879 στενάζετε
3159 803 3273 855 κατ’
3356 802 3585 863 ἀλλήλων
3651 807 3740 858 ἶνα
3796 811 3867 879 μὴ

1365 973 1519 1023 Edita
1552 986 1584 1023 a
1613 974 1750 1024 Maio
1780 974 1835 1035 (ι.
1869 988 1914 1022 c.
1949 989 2005 1036 p.
2039 974 2149 1029 107,
2176 973 2287 1035 108)
2316 999 2396 1020 .—
2421 973 2701 1037 Exegetica
2728 972 2792 1022 In
2820 972 2951 1031 Jac.,
2979 988 3029 1030 ν,
3056 974 3103 1021 9.

563 1062 873 1130 Quomodo
908 1084 928 1113 ε
960 1061 1243 1135 possibile
1302 1062 1374 1116 sit
1426 1062 1734 1118 hominem
1766 1061 2143 1118 contumeliis

492 1153 796 1221 affectum,
826 1152 918 1208 vel
957 1168 991 1207 a
1016 1152 1273 1223 propriis
1304 1150 1641 1222 expulsum,
1670 1151 1762 1206 vel
1789 1166 2143 1224 percussum

490 1246 697 1298 contra
723 1242 968 1297 istorum
1001 1245 1272 1295 auctores
1304 1256 1425 1295 non
1454 1255 1832 1295 murmurare
1858 1241 1885 1296 ‘I
1916 1239 2141 1295 Etenim

488 1347 611 1388 non
631 1329 851 1397 ulcisci,
876 1345 983 1385 nec
999 1344 1356 1400 repugnare,
1377 1328 1618 1384 difﬁcile
1641 1329 1889 1401 quidem
1906 1336 2014 1396 est,
2039 1327 2143 1382 sed

490 1419 797 1492 sapientia;
822 1417 1190 1473 amatoribus
1217 1424 1273 1473 et
1302 1417 1502 1474 divina
1567 1417 1854 1473 mandata
1897 1416 2145 1471 ﬁdeliter

489 1510 935 1566 observantibus
975 1507 1260 1580 possibile
1325 1525 1340 1573 ;
1374 1524 1494 1563 non
1532 1515 1732 1563 autem
1770 1523 2144 1563 murmurare

490 1598 841 1655 contraillos
865 1597 969 1668 qui
994 1596 1164 1651 nobis
1182 1595 1457 1667 injuriam
1482 1596 1727 1667 faciunt,
1756 1595 2063 1667 quomodo
2086 1596 2143 1651 in

2326 1066 2425 1113 Καὶ
2500 1071 2606 1122 πῶς
2684 1064 2753 1114 ἔνι
2831 1061 3346 1135 προπηλακιζόμενον
3413 1063 3443 1120 ἦ
3498 1070 3601 1114 τῶν
3659 1064 3873 1117 οἰκείων

2251 1147 2578 1222 ἐλαυνόμενον
2618 1155 2647 1210 ἦ
2694 1156 3010 1223 τυπτόμενον
3062 1155 3133 1224 μὴ
3178 1153 3313 1203 κατά
3359 1159 3459 1203 τῶν
3513 1152 3695 1204 αἰτίων
3757 1173 3875 1206 στε-

2250 1239 2466 1303 νάζειν;
2526 1245 2595 1312 μὴ
2655 1240 2942 1313 ἀμύνεσθαι
2998 1244 3087 1302 μεν
3137 1242 3239 1314 γὰρ
3293 1236 3425 1312 μηδ’
3486 1240 3871 1309 ἀντεπεξιέναι,

2253 1328 2411 1380 εἰκαὶ
2467 1328 2718 1399 χαλεπὸν,
2774 1331 2911 1401 ὅμως
2964 1330 3051 1381 οὖν
3101 1337 3210 1391 τοῖς
3268 1348 3328 1401 γε
3377 1329 3729 1402 φιλοσοφοῦσι
3782 1338 3872 1384 καὶ

2251 1424 2368 1477 ταῖς
2425 1418 2587 1480 θείαις
2646 1418 2872 1480 ἐντολαῖς
2928 1417 3336 1491 ὴσφαλισμένοις
3393 1421 3552 1471 ἔνεστι
3615 1415 3872 1473 δυνατὸν·

2253 1513 2310 1557 τό
2356 1502 2414 1558 δὲ
2470 1502 2610 1578 μηδὲ
2666 1511 2856 1560 στένειν
2899 1510 3035 1559 κατὰ
3082 1515 3179 1558 τῶν
3224 1503 3577 1573 ἠδικηκότων,
3636 1517 3750 1570 πῶς
3813 1512 3874 1561 ἄν

2255 1596 2463 1667 εὑρήσει
2486 1601 2668 1670 χώραν
2701 1595 2748 1647 ἐν
2780 1600 2933 1668 φύσει
2972 1596 3162 1670 ῥεούσῃ
3205 1601 3295 1648 καὶ
3337 1598 3494 1668 θνητῇ
3534 1613 3546 1661 ;
3578 1596 3651 1649 ’Ἠ
3693 1599 3877 1671 πολλῷ

490 1691 707 1742 natura
737 1685 927 1754 fragili
953 1689 1011 1740 et
1043 1684 1274 1740 mortali
1304 1684 1472 1740 locus
1507 1685 1840 1740 invenietur
1868 1686 1895 1740 ?
1920 1684 2143 1739 illudne

2256 1690 2340 1735 τοῦ
2372 1688 2622 1758 προτέρου
2650 1685 2773 1758 ῥᾷον
2810 1701 2823 1751 ;
2866 1686 2894 1743 ἦ
2947 1687 3048 1756 γὰρ
3098 1689 3187 1736 καὶ
3234 1683 3342 1748 ἐξὸν
3390 1686 3550 1758 θυμὸν
3592 1683 3878 1757 ἐμπλῆσαι

490 1774 679 1830 multo
702 1773 930 1828 facilius
968 1778 1055 1827 est
1083 1788 1268 1844 quam
1300 1773 1585 1844 primum,
1620 1788 1751 1827 cum
1794 1772 1882 1828 ira
1911 1772 2143 1845 impleri

489 1868 545 1919 et
577 1861 775 1917 ulcisci
808 1866 864 1917 et
909 1877 1088 1917 omne
1141 1860 1564 1916 detrimentum
1596 1861 1969 1934 proclamare
2018 1877 2145 1933 per-

491 1950 834 2006 mittebatur
878 1951 905 2005 ?
950 1951 1084 2004 Haec
1118 1961 1313 2005 autem
1345 1966 1479 2005 cum
1514 1954 1679 2006 tanta
1733 1951 1865 2016 sint,
1918 1955 1975 2005 et
2012 1949 2142 2005 forti

490 2040 693 2097 animo
718 2055 870 2112 opus
893 2040 965 2094 sit
994 2040 1069 2094 ad
1094 2039 1500 2111 sympathiam
1529 2043 1584 2095 et
1617 2039 2009 2111 antipathiam
2040 2039 2146 2094 hu-

493 2144 737 2185 manam
771 2127 1242 2184 contemnendas
1257 2132 1310 2183 et
1336 2126 1691 2194 domandas,
1718 2144 1874 2199 quas
1898 2127 2144 2200 quidem

495 2234 656 2289 saepe
687 2217 763 2272 ad
797 2216 1144 2289 superbiam
1177 2232 1495 2288 propensos
1524 2216 1756 2271 vincere
1783 2222 1839 2272 et
1865 2231 2144 2288 superare

492 2306 734 2370 scimus,
762 2305 1039 2379 quamvis
1066 2304 1306 2361 aliunde
1322 2305 1489 2360 multi
1521 2305 1830 2376 sapientiai
1859 2320 2063 2360 amore
2090 2310 2145 2360 et

491 2395 696 2451 divino
728 2394 935 2450 timore
961 2393 1348 2466 passionibus
1375 2394 1708 2464 superiores
1735 2393 1901 2460 ﬁant,
1926 2394 2145 2466 quibus

491 2497 634 2551 ergo
672 2483 1054 2554 passionibus
1080 2482 1232 2537 adeo
1288 2481 1757 2537 intolerabilibus
1791 2481 1840 2536 si
1874 2482 2145 2553 superior

493 2570 748 2626 evadere
771 2570 1051 2642 potueris,
1087 2586 1285 2624 nonne
1304 2586 1339 2624 a
1368 2569 1591 2625 fortiori
1618 2572 2141 2635 murmurationes,

491 2673 628 2730 quae
655 2662 789 2713 sunt
838 2662 957 2713 tam
988 2658 1157 2729 parvi
1198 2660 1504 2727 momenti,
1534 2673 1642 2713 nec
1675 2658 1856 2713 ullam
1896 2662 2147 2731 possunt

491 2747 803 2817 utilitatem
835 2746 1100 2802 conferre
1125 2746 1339 2802 vitabis
1366 2745 1770 2819 iAliundequi
1795 2753 2142 2815 murmurat,

492 2836 542 2892 si
566 2836 889 2891 vindictam
902 2851 1086 2908 quam
1101 2852 1169 2891 ex
1188 2836 1579 2906 aliorepetere
1606 2836 1793 2902 ardet,
1818 2852 1937 2892 non
1968 2838 2143 2909 cepit,

488 2924 618 2997 ipse
674 2940 783 2980 suo
836 2924 1048 2980 ardore
1102 2928 1155 2980 et
1184 2924 1410 2997 impetu
1441 2930 1497 2980 et
1534 2926 1810 2980 incursus
1860 2926 2140 2982 violentia

487 3012 767 3105 reddidit,
803 3012 850 3068 si
883 3013 1220 3105 ‘dicegregfas
1259 3017 1342 3068 est
1372 3014 1573 3105 etiam,
1607 3013 1832 3105 aliquid
1873 3015 2134 3105 gravius,
2184 3048 2224 3105 C

490 3102 539 3157 si
566 3102 811 3175 quidem
840 3102 1075 3158 ultionis
1109 3102 1334 3159 bonum
1369 3103 1587 3159 exitum
1620 3103 1776 3158 illius
1807 3104 1911 3175 qui
1942 3105 2147 3160 nocuit

488 3207 696 3247 casum
724 3191 1039 3247 existimat.
1078 3192 1133 3248 Si
1186 3199 1385 3249 autem
1429 3192 1784 3264 ingemiscit,
1818 3192 2141 3248 vindictam

489 3284 682 3334 autem
716 3296 951 3335 sumere
1003 3296 1124 3336 non
1184 3280 1329 3347 vult,
1389 3281 1537 3336 virili
1586 3286 1780 3336 mente
1826 3281 2143 3337 mulierum

488 3368 993 3438 contemptibilem
1020 3384 1263 3425 scenam
1291 3369 1641 3437 ingreditur,
1670 3370 1751 3425 ita
1780 3376 1842 3425 ut
1868 3375 2144 3442 oporteat

491 3471 702 3526 sapere
763 3455 977 3523 solum,
1024 3460 1082 3512 et
1119 3457 1179 3511 in
1224 3456 1488 3528 seipsum
1539 3458 1824 3523 converti,
1864 3463 1921 3513 et
1961 3475 2141 3515 scena

490 3546 669 3600 ﬂuem
700 3544 900 3611 habet,
956 3546 1121 3617 quod
1151 3545 1388 3616 sapiens
1449 3550 1536 3602 est
1585 3552 1639 3602 et
1696 3547 1953 3616 facilius,
1986 3554 2044 3605 et
2096 3550 2143 3606 si

491 3631 745 3688 volueris
789 3634 968 3687 etiam
1010 3632 1149 3688 utile
1198 3637 1256 3688 et
1293 3634 1550 3690 salutare
1591 3652 1661 3690 ex
1703 3636 1799 3691 Dei
1847 3644 1901 3692 et
1943 3637 2141 3694 fratris

490 3721 677 3777 nostri
703 3720 1107 3777 exhortatione
1151 3721 1358 3777 oritur.

994 3829 1311 3893 QUESTIO
1354 3829 1639 3888 CLXXXIII

777 3898 980 3973 [Coisl.
1030 3900 1228 3955 CCVII.
1280 3901 1458 3956 Taur.
1522 3902 1818 3973 CXCVIIl.]

634 4006 785 4073 Quid
807 4008 886 4063 sit
917 4023 929 4061 :
965 4028 991 4056 «
1029 4005 1247 4063 Μανεὴὶ
1276 4014 1326 4061 et
1356 4008 1591 4065 mwchaz
1642 4008 1920 4077 (adulleri
1947 4016 2002 4065 et

1061 4078 1380 4150 adulterae)
1407 4080 1435 4135 7
1473 4099 1501 4131 η

2253 1777 2343 1824 καὶ
2400 1771 2750 1832 ἀντιλυπῆσαι
2813 1778 2902 1825 καὶ
2970 1779 3063 1831 τὴν
3145 1777 3336 1846 ζημίαν
3393 1780 3566 1826 πᾶσαν
3618 1773 3877 1828 abnuis-

2258 1863 2455 1913 σασθαι
2505 1878 2518 1927 ;
2564 1865 2756 1914 τούτων
2804 1858 2838 1914 δ
2850 1867 2871 1915 ξ
2912 1862 3232 1920 τηλικούτων
3285 1869 3438 1914 ὄντων
3496 1867 3586 1915 καὶ
3653 1862 3879 1939 σφόδρα

2254 1954 2485 2021 γενναίας
2531 1949 2718 2022 ψυχῆς
2764 1947 3013 2022 δεομένων
3054 1953 3187 2004 ὥστε
3230 1948 3471 2025 παριδεῖν
3516 1958 3607 2005 καὶ
3642 1958 3877 2026 κρείττω

2255 2041 2611 2113 προσπαθείας
2669 2043 2757 2091 καὶ
2829 2038 3162 2101 ἀντιπαθείας
3209 2040 3536 2115 ἀνθρωπίνης
3590 2044 3872 2112 γενέσθαι,

2260 2127 2295 2176 οἶ
2346 2123 2412 2184 δὴ
2482 2127 2724 2188 πολλάκις
2806 2133 2892 2179 καὶ
2949 2132 3065 2189 τούς
3146 2128 3540 2201 μεγαλοφρονεῖν
3619 2128 3876 2189 σπουδὰν

2256 2218 2608 2287 ποιουμένους,
2664 2216 3033 2269 καταπαλαίειν
3104 2220 3255 2288 ἴσμεν
3328 2221 3419 2269 καὶ
3476 2221 3873 2290 περιγίνεσθαι,

2258 2302 2301 2354 εἰ
2355 2323 2444 2355 και
2496 2303 2713 2366 πολλούς
2758 2307 2782 2355 6
2836 2313 2924 2366 τῆς
2974 2305 3279 2378 φιλοσοφίας
3327 2308 3453 2381 ἔρως
3500 2312 3589 2358 καὶ
3654 2308 3680 2358 6
3736 2309 3877 2367 θεῖος

2258 2390 2410 2462 φόϐος
2461 2390 2695 2469 ἀνωτέρω
2765 2401 2864 2445 τῶν
2941 2393 3218 2467 εἰρημένων
3288 2394 3499 2453 ἐποίησε
3556 2397 3765 2448 παθῶν·
3834 2397 3878 2449 εἰ

2256 2476 2343 2531 οὖν
2393 2483 2586 2532 τούτων
2644 2490 2743 2533 τῶν
2801 2482 3042 2554 ἀσχέτων
3092 2479 3312 2545 δυνατὸς
3364 2483 3537 2555 ἐγένου
3589 2493 3875 2557 κρατῆσαι

2254 2570 2454 2636 παθῶν,
2509 2579 2613 2631 πῶς
2666 2571 2793 2643 ούχὶ
2868 2571 3037 2643 πολλῷ
3088 2572 3278 2645 μᾶλλον
3329 2578 3417 2625 καὶ
3484 2577 3543 2625 τὸ
3593 2576 3874 2635 στενάξειν

2256 2657 2457 2719 ἐλάσεις
2509 2657 2608 2711 ἀπὸ
2658 2667 2774 2727 σού,
2826 2666 3045 2733 πρᾶγμα
3092 2662 3249 2722 οὕτως
3313 2662 3505 2724 εὐτελὲς
3551 2668 3643 2715 καὶ
3693 2661 3873 2735 μηδὲν

2255 2744 2441 2819 κέρδος
2472 2744 2752 2819 δυνάμενον
2796 2758 3094 2822 παρασχεῖν
3124 2766 3137 2816 ;
3169 2749 3365 2813 ’Ἀλλως
3404 2770 3456 2803 τε
3498 2747 3557 2803 δε
3604 2753 3630 2803 6
3684 2756 3874 2804 στενά-

2259 2839 2357 2899 ζων
2407 2837 2449 2889 εἶ
2498 2840 2586 2909 μὲν
2636 2835 2707 2909 ἐφ’
2846 2843 2939 2897 τὴν
2994 2835 3147 2897 δίκην
3197 2839 3369 2891 λαϐεῖν
3412 2836 3732 2904 σπουδάζων
3773 2842 3872 2893 οὐκ

2256 2923 2450 2991 ἔλαϐεν,
2493 2926 2641 2988 οὗτος
2668 2934 2729 2999 τῇ
2779 2927 2937 2979 αὐτοῦ
2979 2928 3119 3002 ῥύμη
3166 2934 3255 2981 καὶ
3298 2933 3471 3001 κρίσει
3505 2935 3593 2981 καὶ
3648 2938 3723 3000 τῷ
3772 2940 3873 2992 τῆς

2256 3015 2419 3087 ὁρμῆς
2494 3012 2849 3067 ἁνταπέδωκεν
2927 3014 3159 3089 ἀκρατεῖ·
3234 3017 3280 3069 εἰ
3351 3020 3491 3089 θέμις
3566 3015 3616 3069 δ’
3680 3019 3869 3089 εἰπεῖν,

2255 3108 2343 3154 καὶ
2389 3102 2695 3178 βαρύτερον
2753 3106 2803 3165 ὃς
2876 3125 2934 3177 γε
2985 3112 3074 3157 καὶ
3156 3108 3427 3179 συμφορὰν
3491 3110 3695 3179 ἡγεῖται
3773 3118 3870 3161 τοῦ

2256 3189 2606 3251 ἀντιλυπῆσαι
2658 3197 2745 3245 τὸν
2789 3193 3113 3252 λελυπηκὸτα
3155 3193 3406 3247 ἐκπεσεῖν
3468 3196 3512 3247 εί
3560 3192 3619 3248 δε
3698 3203 3871 3250 στένει

2254 3283 2362 3351 μὲν,
2412 3280 2469 3332 ού
2521 3280 2763 3353 βούλεται
2816 3279 2865 3334 δ’
2917 3284 3112 3354 ἱμυναν
3156 3282 3349 3349 λαϐεῖν,
3387 3282 3435 3335 ἐν
3474 3281 3698 3358 ἀνδρείῳ
3729 3306 3867 3358 φρο-

2253 3374 2444 3440 νήματι
2500 3379 2758 3441 γυναικῶν
2802 3371 3076 3446 ὀλιγωρίας
3130 3374 3419 3447 ὑπέρχεται
3460 3380 3679 3432 σκηνήν·
3726 3379 3871 3429 ὥστε

2252 3457 2418 3529 νῆψαι
2450 3456 2531 3511 δεῖ
2574 3464 2726 3530 μόνον
2776 3466 2865 3512 καὶ
2906 3460 2976 3521 εἰς
3028 3461 3205 3513 ἑαυτὸν
3254 3464 3664 3536 ἐπιστραφῆναι,
3703 3470 3798 3516 καὶ
3832 3468 3861 3522 ἡ

2256 3552 2421 3605 σκηνὴ
2456 3544 2777 3600 διαλέλυται’
2812 3554 2901 3601 καὶ
2945 3553 3003 3601 τὸ
3036 3553 3193 3621 σοφὸν
3223 3552 3327 3623 ἄρα
3364 3556 3454 3603 καὶ
3485 3554 3542 3603 τό
3572 3549 3789 3626 ῥᾴδιον,
3823 3555 3867 3605 εὶ

2254 3635 2431 3708 βούλει
2463 3632 2521 3689 δε
2550 3642 2637 3689 καὶ
2666 3640 2724 3688 τὸ
2754 3636 3052 3689 λυσιτελοῦν
3094 3643 3183 3690 καὶ
3212 3643 3488 3711 σωτήριον,
3520 3641 3549 3697 ἡ
3585 3648 3677 3693 τοῦ
3712 3638 3867 3695 ἁδελο

2253 3727 2432 3797 φοθέου
2466 3724 2615 3800 βρύει
2654 3732 2973 3800 παραίνεσις.

2805 3840 3118 3887 ΕΡΩΤΗΣΙΣ
3157 3832 3318 3890 ΡΟΗ’.

2516 4012 2580 4065 Τί
2606 4009 2737 4082 ἔστι,
2768 4033 2795 4061 ‹‹
2826 4014 3025 4084 Μοιχοὶ
3050 4018 3139 4065 καὶ
3168 4010 3483 4086 μοιχαλίδες
3514 4034 3529 4083 ς
3562 4034 3590 4066 ν

1361 4201 1516 4252 Edita
1550 4216 1580 4250 a
1612 4201 1750 4251 Maio
1776 4202 1810 4259 (l
1837 4216 1887 4257 c.
1946 4218 1999 4266 p.
2031 4204 2139 4261 108,
2172 4204 2300 4262 109).
2332 4231 2394 4240 -
2427 4204 2711 4269 Exegetica
2742 4205 2805 4254 In
2832 4206 2960 4264 Ιαε.,
2985 4220 3053 4263 iv,
3084 4208 3131 4255 4.

558 4320 828 4372 Nostram
858 4316 932 4371 ad
974 4317 1286 4389 passiones
1312 4317 1765 4389 peccaminosas
1795 4317 2143 4389 propensio-

2324 4323 2428 4377 Τὴν
2485 4324 2609 4392 πρὸς
2657 4323 2722 4372 τὰ
2795 4322 2936 4380 πάθη
3000 4330 3099 4373 τῶν
3166 4320 3556 4398 ἀμαρτηματων
3606 4344 3781 4398 ροπην
3842 4329 3868 4379 6

487 4420 625 4460 nem
690 4405 999 4477 Apostolus
1056 4405 1115 4461 in
1171 4406 1324 4461 duas
1373 4407 1596 4477 species
1636 4405 1861 4462 dividit.
1914 4406 2143 4462 Etenim

490 4494 759 4550 moechus
790 4499 877 4549 est
906 4494 999 4550 ille
1025 4495 1126 4566 qui
1152 4510 1271 4550 non
1304 4495 1491 4550 solum
1535 4495 1612 4550 ab
1642 4510 1846 4550 amore
1872 4501 1928 4551 et
1961 4497 2145 4552 socie-

488 4588 608 4639 tate
637 4584 731 4638 Dei
763 4583 1035 4649 discedit,
1066 4584 1161 4638 sed
1186 4589 1242 4639 et
1264 4584 1363 4656 qui
1392 4584 1468 4639 ad
1505 4584 1885 4655 conjunctam
1918 4585 2143 4641 Christo

488 4688 626 4727 vero
656 4688 878 4744 sponso
911 4673 1177 4728 animam
1209 4672 1627 4728 abducendam
1660 4688 1901 4728 omnem
1933 4689 2140 4729 curam

490 4760 734 4826 confert,
804 4761 1093 4833 illamque
1151 4761 1257 4816 sibi
1306 4760 1731 4832 conjungendo
1784 4761 1832 4817 ei
1893 4764 2143 4818 moechas

488 4866 709 4906 nomen
733 4850 1003 4921 imponit.
1022 4856 1064 4905 Α
1092 4853 1205 4906 Deo
1224 4850 1381 4905 enim
1397 4854 1738 4922 apostatare
1764 4857 1819 4906 et
1841 4852 2141 4907 moechum

490 4938 629 4993 facit
685 4944 1006 5010 apostatam
1077 4944 1132 4993 et
1191 4940 1488 4994 moecham
1530 4955 1657 5009 quae
1705 4938 1862 4994 illius
1916 4955 2144 4996 errores

492 5032 695 5081 secuta
746 5033 832 5082 est
861 5029 1147 5084 animam.
1202 5028 1424 5085 Maacha
1464 5033 1661 5083 autem
1718 5035 1873 5085 esset
1913 5030 2144 5101 proprie

490 5114 797 5186 loquendo
828 5116 925 5171 illa
968 5132 1102 5188 quae
1142 5118 1412 5173 discessit
1454 5133 1488 5172 a
1520 5117 1733 5173 divinis
1773 5118 2051 5191 operibus
2090 5124 2145 5175 et

494 5203 810 5268 mandatis,
852 5212 907 5259 et
936 5206 1013 5260 ad
1043 5206 1250 5261 mundi
1284 5206 1523 5261 delicias
1546 5207 1869 5273 inclinavit,
1904 5208 2141 5264 siveali-

494 5306 616 5363 quo
639 5290 798 5346 illam
852 5292 1202 5363 decipiente,
1230 5295 1353 5349 sive
1381 5295 1719 5367 impellente
1764 5296 2145 5353 inclinatione

496 5378 758 5452 propria.
805 5383 998 5451 Nupta
1028 5382 1182 5436 enim
1218 5383 1441 5438 Christo
1480 5400 1585 5456 per
1614 5384 2006 5455 baptismum,
2039 5402 2142 5441 nu-

494 5466 784 5540 ptialique
814 5474 869 5524 et
919 5486 1070 5541 puro
1110 5474 1165 5524 et
1199 5470 1585 5527 immaculato
1652 5478 1779 5528 toro
1808 5473 2143 5546 inquinata,

500 5555 713 5613 merito
739 5557 873 5613 talis
894 5563 1095 5614 anima
1110 5560 1359 5615 mcechae
1376 5560 1623 5617 modum
1650 5564 1863 5634 agendi
1882 5563 2144 5627 imitans,

2258 4408 2571 4471 Ἀπόστολος
2611 4410 2684 4471 εἰς
2728 4406 2825 4462 δύο
2864 4415 3032 4483 τέμνει
3075 4407 3345 4484 διαφοράς*
3384 4418 3473 4465 καὶ
3520 4416 3623 4487 γὰρ
3666 4422 3869 4487 μοιχός

2255 4495 2391 4549 ἐστιν
2422 4500 2446 4549 6
2478 4504 2547 4569 μὴ
2590 4504 2742 4570 μόνον
2788 4499 2967 4551 ἑαυτὸν
3000 4496 3280 4563 διαζεύξας
3308 4510 3403 4563 τῆς
3454 4504 3599 4565 θείας
3631 4514 3868 4576 στοργῆς

2253 4594 2325 4655 τῷ
2378 4585 2603 4658 ἀληθινῷ
2651 4593 2851 4659 νυμφίῳ
2879 4588 3065 4660 ψυχὴν
3111 4588 3299 4642 ἐκεῖθεν
3345 4589 3659 4644 ἀποσπάσαι
3703 4612 3869 4645 σπον-

2252 4680 2342 4726 καὶ
2388 4681 2682 4748 συναφείας,
2737 4675 2863 4729 ἀλλὰ
2897 4684 2986 4730 καὶ
3029 4679 3055 4729 6
3101 4683 3195 4736 τὴν
3245 4678 3602 4753 ἁρμοσθεῖσαν
3644 4689 3869 4754 Χριστῷ

2255 4760 2354 4821 δὴν
2427 4770 2818 4837 συνεισαγαγὼν
2883 4772 2972 4818 καὶ
3037 4774 3099 4839 τῇ
3173 4771 3303 4841 πρὸς
3365 4768 3546 4820 ἑαυτὸν
3605 4777 3869 4842 συναφείᾳ

2255 4849 2573 4924 μοιχαλίδος
2630 4853 2792 4911 αὐτὴν
2870 4853 3157 4927 ἐγκλήματι
3232 4854 3538 4928 περιϐαλωνο
3614 4861 3676 4910 τό
3758 4864 3864 4933 γὰρ

2256 4942 2356 4993 ἀπὸ
2400 4949 2534 4993 Θεοῦ
2580 4941 2921 5007 ἀποστάσιον,
2974 4949 3166 5016 μοιχόν
3216 4963 3271 4997 τε
3322 4953 3459 4997 ποιεῖ
3502 4948 3591 4997 τὸν
3621 4944 3867 5006 ἀποστη-

2257 5049 2421 5081 σαντα
2471 5037 2560 5083 καὶ
2611 5028 2910 5103 μοιχαλίδα
2977 5037 3071 5091 τὴν
3151 5032 3653 5092 ἐπακολουθήσασαν
3704 5037 3869 5089 αὐτοῦ

2254 5126 2364 5178 ταῖς
2418 5116 2644 5182 ἀποίταις
2690 5120 2894 5191 ψυχήν
2941 5122 3194 5193 μοιχαλὶς
3262 5118 3311 5174 δ’
3369 5124 3430 5173 ἄν
3490 5126 3566 5181 εἴη
3643 5131 3864 5199 κυρίως,

2255 5209 2372 5266 ἣτις
2422 5204 2709 5280 διεζεύχθη
2760 5212 2849 5279 μὶν
2897 5217 2997 5261 τῶν
3044 5211 3190 5262 θείων
3255 5212 3414 5284 ἔργων
3458 5217 3546 5263 καὶ
3593 5232 3868 5286 προσταγ-

2255 5296 2430 5368 μάτων
2473 5301 2562 5348 καὶ
2616 5301 2745 5369 πρὸς
2820 5301 2915 5359 τὰς
2986 5301 3247 5371 κοσμικὰς
3313 5297 3576 5352 ἀπέκλινεν
3642 5298 3864 5366 ἡδονὰς,

2257 5386 2356 5436 εἴτε
2408 5388 2543 5445 τινὸς
2596 5385 2757 5443 αὐτὴν
2810 5385 3180 5453 ἔξαπατῶντος,
3238 5391 3335 5440 εἶτε
3387 5394 3476 5440 καὶ
3541 5391 3741 5442 οἴκοθεν
3788 5391 3866 5443 οἱ.

2258 5473 2726 5547 στρηλατουμένης·
2785 5478 3213 5549 συναρμοσθεῖσα
3257 5481 3359 5551 γὰρ
3428 5478 3562 5536 αὕτη
3620 5475 3718 5531 διὰ
3770 5488 3866 5532 τού

2257 5564 2624 5638 βαπτίσματος
2704 5565 2776 5637 τῷ
2859 5573 3095 5641 Χριστῷ,
3171 5570 3260 5619 καὶ
3313 5570 3409 5629 τὰς
3453 5571 3716 5641 νυμφικὰς
3773 5576 3865 5622 καὶ
