3926 6190
118 279 196 336 881
879 273 980 330 AD
1019 272 1572 330 AMPHILOCHIUM
1613 269 1938 340 QUESTIO
1979 273 2600 334 CLXXVII-CLXXIX.

3301 276 3405 334 882

119 403 432 474 ἁιιπαρθίνους
478 402 564 451 καὶ
625 396 909 470 ἆμιάντους
971 397 1297 471 ἐνυϐρίσασα
1347 395 1643 462 παστάδας,

1821 414 1982 456 )men
2014 400 2183 458 factis
2230 416 2568 459 consonans
2598 399 2861 472 recipere
2899 397 3088 455 debet.
3138 401 3194 456 Si
3246 402 3404 458 enim

115 494 292 552 εἰκότως
346 493 373 548 ἡ
437 491 642 545 τοιαύτη
710 487 864 559 ψυχὴ
935 486 1256 561 μοιχαλίδος
1319 485 1647 560 ὑποδυομένη

115 580 272 654 πρᾶξιν
321 583 402 630 καὶ
468 577 644 636 κλῆσιν
709 579 822 629 ἔστι
879 585 942 651 τῇ
999 579 1180 653 πράξει
1239 577 1650 652 ἔναρμοζομένην

114 665 422 740 ἀναδέχεσθαι
450 683 462 696 ⁸
490 666 804 740 πολύτροπον
853 664 912 719 δε
957 672 1048 719 καὶ
1081 671 1140 720 τό
1188 674 1282 720 τοῦ
1320 673 1519 739 μοιχοῦ
1560 671 1650 718 καὶ

113 760 159 808 τὸ
207 765 289 818 τῆς
349 752 648 827 μοιχαλίδος
679 777 693 789 ·
748 756 810 806 οἶν
870 775 924 808 τε
974 758 1075 830 γὰρ
1139 759 1304 832 ἔρωτα
1357 757 1649 828 χρημάτων

111 850 367 918 προτιμήσῃ
418 852 644 919 Χριστοῦ
698 849 788 898 καὶ
829 845 1142 919 παρακαλοῦν
1193 845 1374 905 ἄλλους
1433 845 1498 905 εἰς
1554 849 1649 902 τὴν

112 937 260 1005 ὁμοίαν
308 933 481 1006 πρᾶξιν
535 941 904 1007 παρεπιχειρῆ,
967 937 1162 1006 μοιχάς
1215 935 1326 987 ἐστι
1380 939 1467 986 καὶ
1536 952 1650 1005 μοι-

110 1022 236 1094 χαλὶς
270 1025 296 1081 ἠ
334 1025 595 1094 πειθομένη
627 1044 640 1055 ·
671 1023 735 1075 ἄν
778 1042 830 1075 τε
859 1019 1017 1086 δόξαν
1064 1029 1158 1082 τὴν
1208 1022 1256 1074 ἐν
1294 1031 1366 1094 τῷ
1421 1021 1543 1096 βίῳ,
1587 1023 1648 1073 ἄν

109 1129 149 1162 τι
184 1111 377 1183 ῥεούσας
416 1110 569 1172 ἄλλας
619 1108 834 1176 ἡδονὰς,
867 1113 929 1162 οἶν
982 1116 1037 1164 τί
1079 1130 1216 1172 τινος
1261 1111 1415 1172 ἄλλης
1462 1115 1651 1184 χρείας

108 1204 178 1250 καὶ
227 1199 428 1271 τέρψεως
492 1203 988 1272 καταγοητευούσης
1053 1203 1112 1252 τό
1168 1200 1499 1264 αὐτεξούσιον
1555 1207 1647 1261 τῆς

106 1287 252 1359 ψυχῆς
293 1293 374 1341 καὶ
410 1289 801 1350 ύποταττούσης
844 1298 914 1360 τῷ
955 1294 1246 1362 φρονήματι
1293 1298 1387 1352 τῆς
1432 1293 1645 1363 σαρκός,

105 1381 312 1448 μοιχαλίς
348 1376 478 1430 ἔστιν
520 1380 550 1436 ἠ
601 1381 817 1436 τοιαύτη
865 1377 1020 1431 ἀθλία
1056 1377 1233 1450 ψυχὴ,
1269 1383 1358 1430 καὶ
1401 1387 1499 1430 τῶν
1528 1398 1644 1450 μοιο

107 1461 302 1534 χαλίδων
356 1462 437 1528 αἶς
497 1466 801 1538 ἐλέγχονται
870 1474 1134 1542 χρεωστεῖ
1198 1474 1497 1542 παρασχεῖν
1553 1470 1648 1530 τὰς

104 1558 276 1615 ποινάς*
312 1555 485 1608 πολλαὶ
537 1560 629 1627 μὶν
673 1553 761 1608 οὖν
807 1555 908 1609 εἰσι
955 1553 1289 1628 μοιχαλίδες,
1336 1561 1425 1609 καὶ
1474 1555 1644 1627 ὀλίγον

104 1641 297 1704 ἐλάττους
339 1649 558 1716 μοιχοί·
600 1647 844 1720 πράττειν
895 1648 986 1716 μὲν
1032 1648 1133 1718 γὰρ
1174 1645 1210 1697 ἃ
1250 1650 1320 1717 μὴ
1375 1642 1475 1709 δεῖ,
1523 1644 1645 1697 πολ-

102 1730 182 1792 λοῖς
220 1735 316 1784 ίστι
361 1729 432 1785 δι’
468 1733 785 1806 ἀπροσεξίαν
824 1733 1029 1786 ἑλέσθαι
1052 1751 1064 1764 ’
1099 1734 1300 1808 ἐτέρους
1333 1729 1391 1786 δε
1437 1734 1508 1795 εἰς
1549 1737 1642 1792 τὴν

101 1820 230 1879 αὐτὴν
275 1819 570 1895 ἁνερεθίζειν
632 1823 818 1896 πρᾶξιν
893 1828 983 1874 καὶ
1037 1823 1104 1884 εἰς
1160 1823 1490 1894 παράκλησιν
1548 1832 1643 1882 τῆς

101 1908 306 1982 ἐκθίσμου
372 1917 645 1983 μιμήσεως
726 1913 870 1983 οἴγειν
949 1916 1038 1964 καὶ
1113 1909 1454 1984 παράδειγμα
1533 1919 1641 1974 τοῖς

96 1998 230 2061 ἄλλοις
284 1998 529 2074 μηδαμῶς
603 2001 908 2074 ἐπερυθριᾷν
975 2005 1034 2054 τὸ
1107 2003 1294 2054 οἰκεῖον
1356 2001 1644 2075 ἁμάρτημα

1759 503 2028 546 amorem
2060 490 2400 548 divitiarum
2432 489 2660 546 Christo
2687 486 3036 561 praetuleris,
3065 495 3122 545 et
3159 489 3308 546 alios
3329 490 3407 546 ad

1757 579 2038 634 eumdem
2061 581 2277 650 agendi
2306 580 2546 636 modum
2572 577 3084 635 exhortationibus
3111 577 3408 634 adducere

1759 668 2094 733 tentaveris,
2131 669 2362 724 mcecha
2399 674 2456 724 et
2498 668 2770 724 adultera
2795 670 2881 723 est
2931 681 3064 737 quae
3107 665 3281 722 fuerit
3327 667 3410 723 al-

1757 753 1928 820 lecta,
1957 756 2004 811 si
2030 757 2279 826 gloriam
2325 773 2460 828 quae
2503 762 2591 811 est
2616 757 2676 811 in
2703 756 2842 820 vita,
2877 759 2934 810 et
2965 754 3228 810 caducas
3261 754 3406 811 alias

1758 843 1993 900 delicias
2015 846 2243 901 Christo
2275 845 2620 917 praetuleris,
2662 848 2720 899 et
2751 844 2795 899 si
2853 843 3223 916 quibusdam
3276 843 3406 900 aliis

1758 932 2160 990 delinimentis
2172 942 2228 991 et
2250 935 2557 1000 illecebris,
2583 935 2796 990 animae
2813 933 3067 989 liberum
3093 933 3403 990 arbitrium

1757 1020 2164 1088 fascinaveris,
2197 1029 2254 1079 et
2292 1024 2487 1079 carnis
2524 1023 2828 1079 desideriis
2858 1022 3204 1092 subjeceris,
3230 1022 3406 1078 adul-

1758 1117 1882 1166 tera
1911 1117 1998 1166 est
2048 1113 2162 1167 ista
2195 1112 2552 1168 miserabilis
2611 1113 2832 1177 anima,
2867 1117 2924 1167 et
2975 1111 3404 1169 adulteriorum

1757 1215 2012 1272 quorum
2038 1216 2138 1256 rea
2157 1206 2245 1255 est
2268 1217 2480 1271 pcenas
2503 1201 2646 1257 dare
2671 1201 2867 1256 debet.
2888 1199 3078 1255 Multte
3105 1206 3240 1255 sunt
3260 1215 3404 1269 ergo

1759 1289 2027 1354 mmchaa,
2061 1295 2114 1344 et
2145 1289 2327 1361 paulo
2361 1290 2554 1345 minor
2577 1295 2664 1344 est
2702 1305 2989 1345 numerus
3020 1288 3402 1344 mmchorum.

1755 1381 1941 1445 Agere
1972 1377 2130 1432 enim
2162 1393 2297 1449 quae
2327 1393 2448 1432 non
2477 1383 2730 1449 oportet,
2754 1377 2952 1433 multis
2977 1392 3081 1448 per
3102 1377 3406 1448 negligen-

1757 1465 1898 1521 tiam
1929 1465 2142 1534 eligere
2168 1465 2335 1521 facile
2375 1472 2482 1533 est,
2515 1473 2745 1522 exteros
2775 1471 2976 1523 autem
3019 1467 3093 1521 ad
3121 1465 3402 1521 eumdem

1754 1556 1970 1624 agendi
1995 1555 2241 1610 modum
2263 1556 2555 1611 attrahere
2579 1562 2634 1611 et
2657 1555 2736 1611 ad
2762 1555 3157 1611 imitationem
3191 1554 3403 1626 impie-

1754 1643 1890 1698 tatis
1925 1645 2186 1708 incitare,
2212 1648 2270 1698 et
2299 1645 2428 1699 aliis
2451 1661 2561 1700 sua
2591 1646 2833 1716 propria
2859 1648 3100 1714 peccata
3122 1643 3179 1698 in
3208 1659 3405 1699 exem-

1753 1732 1920 1804 plum
1953 1733 2077 1788 sine
2100 1733 2313 1788 rubore
2342 1733 2628 1804 praebere,
2661 1749 2780 1788 non
2811 1737 2900 1788 est
2921 1732 3265 1798 multorum,
3301 1732 3404 1788 sed

1753 1836 1961 1877 eorum
1983 1821 2086 1894 qui
2130 1821 2206 1876 ad
2238 1828 2566 1877 extremam
2599 1823 2924 1877 caecitatem
2959 1820 3204 1893 impulsi
3243 1825 3400 1876 sunt.

1754 1907 1961 1981 Itaque
1980 1909 2296 1981 Apostolus
2313 1909 2453 1964 dicit
2468 1931 2495 1961 (ι
2514 1909 2723 1965 Mmchi
2747 1909 3063 1965 etmmchaa
3088 1909 3403 1964 ».Mmchos

1753 2002 1816 2052 ut
1855 1999 2112 2069 primum
2148 1998 2346 2054 locum
2375 1999 2432 2053 in
2468 1998 2627 2054 malo
2659 1998 2935 2054 habentis
2964 2004 3100 2054 ante
3133 1997 3397 2053 moechas

96 2092 330 2156 ποιεῖσθαι,
363 2091 452 2143 ούκ
497 2094 613 2144 ἔστι
643 2100 742 2144 τῶν
790 2091 1009 2155 πολλῶν,
1041 2090 1169 2143 ἀλλὰ
1217 2101 1316 2144 τῶν
1365 2091 1436 2153 εἰς
1478 2093 1641 2165 οἰκραν

1821 2090 1938 2144 mit.
1970 2089 2176 2145 Omnis
2207 2089 2368 2144 enim
2401 2089 2618 2160 peccati
2644 2088 2956 2155 instigator
2985 2103 3190 2142 eorum
3213 2087 3398 2158 quiin

763 2177 849 2233 διὸ
901 2185 990 2233 καὶ
1047 2182 1073 2232 ὁ
1126 2180 1438 2241 Ἀπόσ-τολός
1490 2199 1640 2252 φησι,

92 2283 113 2313 (ι
139 2266 307 2338 Μοιχοὶ
335 2275 420 2322 καὶ
450 2266 770 2342 μοιχαλίδες
793 2287 803 2298 ·
831 2273 889 2322 τὸ
915 2279 1014 2322 τῶν
1041 2279 1246 2342 μοιχῶν
1276 2273 1344 2331 ὡς
1370 2269 1452 2322 ἰπὶ
1481 2274 1644 2341 κακίᾳ

91 2357 134 2404 τό
191 2366 414 2430 πρωτεῖον
470 2358 702 2431 ἑχόντων
776 2362 1054 2433 προτάττει
1129 2367 1227 2411 τῶν
1283 2355 1636 2430 μοιχαλίδων.

93 2183 289 2249 πώρωσιν
344 2179 662 2236 ίληλακότων
697 2197 710 2211 ·

1753 2178 1969 2245 seipsis
1985 2184 2298 2249 peccatum
2315 2178 2831 2241 circumscribunt,
2847 2177 3145 2248 duplicem
3162 2192 3408 2232 accusa-

1753 2269 1978 2324 tionem
2009 2268 2274 2334 incurrit,
2308 2274 2363 2324 et
2388 2269 2530 2340 quia
2563 2268 2691 2339 ipse
2741 2266 2932 2338 periit,
2962 2271 3018 2322 et
3063 2266 3209 2339 quia
3237 2271 3404 2322 caete-

1753 2373 1852 2413 ros
1882 2373 2020 2413 cum
2052 2357 2152 2414 illo
2185 2358 2430 2430 perdere
2471 2357 2736 2413 tentavit.

91 2448 170 2502 Πᾶς
191 2446 278 2518 γὰρ
305 2446 562 2518 ἁμαρτίας
588 2444 916 2508 διδάσκαλος
941 2455 1038 2499 τῶν
1064 2447 1136 2510 εἰς
1164 2447 1377 2508 ἑαυτοὺς
1401 2452 1494 2505 τὴν
1525 2447 1785 2520 ἁμαρτίαν
1807 2451 2248 2519 περιγραφόντων,
2279 2443 2496 2500 διπλοῦν
2519 2445 2658 2516 αύτῷ
2691 2449 2748 2498 τὸ
2777 2444 3013 2517 ἔγκλημα
3041 2443 3402 2517 ἐπιγράφεται,

88 2538 152 2582 καὶ
179 2533 244 2594 οἷς
267 2534 412 2598 αὐτὸς
435 2536 616 2601 ὄλωλε,
649 2541 738 2589 καὶ
767 2538 845 2598 οἷς
875 2535 1072 2610 ἑτέρους
1100 2538 1411 2610 ἐπεχείρησε
1444 2535 1840 2590 συναπολλύναι.

577 2641 888 2688 ΕΡΩΤΗΣΙΣ
929 2634 1094 2688 ΡΟΘ’.

88 2733 314 2814 Τὶ-δηλοί
369 2744 424 2792 τὸ
482 2749 583 2794 τοῦ
641 2741 961 2814 Ἀπρστόλου
997 2760 1010 2772 ο
1071 2764 1094 2794 (ι
1123 2741 1443 2814 Ὑποτάγητε
1494 2743 1638 2814 πάσῃ

139 2806 400 2930 ἓνθρωπίνῃ
471 2819 650 2866 κτίσει
725 2810 820 2866 διὰ
903 2818 989 2866 τόν
1067 2816 1278 2888 Κύριον,
1323 2806 1432 2874 ’ὡς
1507 2806 1640 2864 ἕλεύέ

167 2899 289 2930 um:
317 2903 344 2930 »

167 2899 254 2954 εροι
276 2899 289 2948 ;
317 2903 344 2934 »

1752 2635 2072 2700 QU/ESTIO
2091 2633 2353 2691 CLXXIX.
2386 2633 2600 2704 [CoisL
2626 2633 2851 2700 CCVIII,
2876 2634 3056 2689 Taur.
3101 2630 3389 2703 CXCLXl.]

1751 2739 1903 2807 Quid
1944 2741 2238 2810 signiﬁcat
2271 2740 2374 2796 hoc
2417 2740 2685 2810 Apostoli
2721 2740 3007 2796 verbum:
3061 2760 3088 2789 α
3133 2738 3403 2808 Subjecti

1821 2818 2000 2938 θειῖιὲ
2013 2813 2175 2937 magi
2187 2813 2785 2881 humanzcreaturae,
2803 2818 3048 2882 propter
3064 2811 3399 2874 Dominum,

1822 2893 1885 2939 ut
1934 2899 1953 2938 ι
1993 2900 2081 2940 em
2167 2905 2190 2934 ι)

788 2983 939 3032 Edita
967 2996 1000 3032 a
1033 2983 1170 3032 Maio
1195 2981 1251 3044 (1.
1279 2996 1326 3032 c.
1361 2998 1412 3047 p.
1439 2984 1548 3038 109,
1582 2982 1635 3029 11

1836 2981 2115 3044 Exegetica
2144 2981 2205 3030 In
2239 2981 2267 3030 Ι
2289 2981 2397 3032 Pet.
2419 2996 2473 3038 II,
2497 2981 2658 3028 ιρι-ιδ.

134 3072 271 3121 Τοῦτο
312 3065 377 3129 δὴ
411 3073 468 3123 τὸ
514 3070 674 3145 ῥητὸν
707 3079 811 3132 τοῖς
840 3070 1073 3145 ἀνωτέρω
1117 3074 1432 3125 συνάπτεται
1463 3091 1476 3104 ο
1512 3072 1638 3133 οἷον,

1822 3072 1953 3125 Haec
1966 3069 2147 3125 verba
2159 3085 2286 3124 cum
2304 3069 2666 3140 supradictis
2679 3064 3406 3136 connectuntur.Suhjecti

86 3171 107 3202 II
131 3153 410 3229 Ὑποτάγητε
438 3161 593 3232 πάσῃ
624 3158 916 3233 ἀνθρωπίνῃ
960 3165 1131 3212 κτίσει
1171 3157 1264 3212 διὰ
1310 3165 1396 3212 τόν
1430 3162 1636 3233 Κύριον,

82 3247 132 3304 ὡς
178 3244 426 3320 ἐλεύθεροι,
472 3271 492 3298 ν
559 3253 814 3314 τουτέστι,
869 3253 939 3320 μὴ
1001 3245 1088 3301 διὸ
1152 3253 1236 3302 τὸν
1290 3249 1640 3323 ἐπηρτημένον

83 3331 176 3402 ὑμῖν
201 3334 292 3387 ἀπὸ
332 3345 423 3400 τῆς
464 3336 730 3398 πολιτείας
773 3337 962 3410 φόϐον·
1001 3339 1048 3390 οἱ
1086 3340 1188 3413 γὰρ
1235 3338 1369 3390 οὕτω
1413 3339 1642 3389 ὑποτασ-

83 3425 252 3490 σόμενοι
292 3431 382 3484 τήν
426 3435 534 3478 τῶν
590 3423 786 3478 δούλων
837 3427 984 3490 τάξιν
1041 3428 1397 3500 ύπίρχονται·
1436 3430 1525 3478 καὶ
1573 3427 1643 3486 ὡς

84 3504 227 3564 δοῦλοι
305 3520 395 3572 τὴν
486 3516 760 3587 ὑποταγὴν
842 3513 1262 3576 ύποδείκνυνται,
1341 3513 1642 3588 φοϐούμενοι

81 3602 150 3667 μὲν
195 3604 277 3663 τὰς
321 3599 596 3656 δεσποτῶν
663 3604 880 3677 πληγὰς,
936 3604 1241 3678 φοϐούμενοι
1293 3601 1352 3657 δὲ
1402 3607 1496 3666 τὰς
1545 3613 1642 3656 τῶν

80 3693 214 3758 νόμων
261 3691 470 3754 ἀπειλὰς
546 3699 634 3746 καὶ
711 3701 783 3764 τῷ
851 3691 957 3747 δέει
1021 3699 1151 3768 πρὸς
1213 3699 1305 3752 τὴν
1375 3695 1642 3764 ὑποταγὴν

90 3780 448 3852 συνωθούμενοι.
486 3781 550 3834 Ὀ
601 3781 660 3835 δε
704 3779 797 3835 διὰ
836 3786 924 3835 τὸν
975 3785 1162 3857 Κύριον
1207 3784 1640 3855 ὑποτασσόμενος,

88 3868 172 3917 οἷον
219 3871 243 3920 ό
291 3873 597 3945 πειθαρχῶν
651 3879 762 3932 ταῖς
819 3879 1156 3932 Δεσποτικαῖς
1212 3870 1450 3938 ἐντολαῖς,
1509 3871 1644 3923 ἐλεύ-

88 3955 206 4030 θερος
413 3959 530 4013 ἐστι
593 3963 786 4022 παντὸς
853 3959 1084 4031 ἐπιγείου
1153 3959 1332 4033 φόϐου,
1387 3960 1644 4036 ἓλεύθερος

85 4040 131 4096 δι
183 4048 398 4119 ὑποψίας
452 4047 782 4110 έπισιιούσης
851 4052 1074 4111 ποινάς·
1129 4057 1202 4120 τῷ
1253 4051 1398 4120 πόθῳ
1453 4046 1512 4102 δε
1572 4056 1644 4118 τῷ

81 4139 344 4208 Διό-ποτικῷ
417 4142 512 4190 καὶ
585 4146 647 4210 τῇ
723 4142 1042 4212 συντηρήσει
1095 4147 1194 4190 τῶν
1247 4137 1456 4190 ἐντολῶν
1512 4137 1644 4200 ἔξευ-

77 4226 260 4290 Ἱῐνίξων
290 4227 477 4280 ἑαυτοῦ
522 4231 616 4284 τὴν
644 4226 853 4299 ψυχὴν,
882 4234 972 4281 καὶ
1017 4229 1183 4290 οὕτως
1229 4236 1292 4299 τῇ
1349 4226 1640 4300 ἀνθρωπίνῃ

1750 3163 1938 3215 estote
1963 3159 2127 3214 omni
2160 3163 2444 3214 creaturae
2473 3159 2774 3221 humanae,
2801 3161 3041 3228 propter
3060 3154 3404 3219 Dominum,

1752 3247 1811 3302 id
1843 3253 1949 3311 est,
1984 3262 2103 3302 non
2137 3254 2376 3319 propter
2422 3248 2730 3302 incussum
2766 3243 2929 3300 vobis
2958 3260 2993 3299 a
3025 3243 3406 3315 gubernanti-

1752 3337 1867 3393 bus
1889 3337 2165 3392 timorem
2188 3337 2320 3408 ;qui
2351 3335 2510 3391 enim
2529 3335 2612 3391 ita
2635 3334 3068 3390 submittuntur
3093 3347 3404 3388 servorum

1751 3441 2044 3498 personas
2057 3430 2268 3497 agunt;
2289 3425 2506 3480 etsicut
2525 3422 3094 3480 serviohedientiam
3111 3420 3400 3493 praebent,

1751 3513 2030 3570 timentes
2043 3514 2426 3570 dominorum
2445 3513 2956 3586 plagas,timentes
2971 3510 3166 3582 legum
3187 3510 3403 3576 minas,

1751 3609 1807 3661 et
1823 3604 2032 3660 timore
2055 3603 2129 3658 ad
2153 3603 2556 3659 obedientiam
2574 3601 2835 3673 impulsi.
2871 3601 2980 3666 Qui
2997 3606 3200 3655 autem
3227 3613 3406 3672 prop-

1751 3697 1838 3748 ter
1855 3691 2176 3748 Dominum
2206 3691 2538 3762 subjicitur,
2572 3691 2630 3746 id
2663 3695 2767 3758 est,
2807 3689 2910 3763 qui
2939 3688 3270 3744 voluntarie
3299 3691 3406 3744 Do-

1754 3781 1987 3836 minicis
2003 3780 2304 3838 mandatis
2323 3779 2550 3845 obedit,
2580 3779 2732 3836 liber
2757 3785 2847 3834 est
2875 3779 2953 3834 ab
2973 3779 3137 3834 omni
3168 3782 3404 3833 terreno

1755 3872 1986 3936 timore,
2011 3869 2157 3925 liber
2183 3872 2272 3925 est
2303 3869 2381 3925 ab
2410 3869 2575 3924 omni
2601 3867 2998 3933 accusatione,
3032 3867 3180 3922 liber
3208 3871 3298 3922 est
3325 3867 3404 3922 ab

1753 3960 1920 4015 omni
1952 3959 2285 4030 suspicione
2316 3973 2529 4029 poenas
2582 3962 2931 4013 attrahente.
2955 3958 3172 4012 Amore
3204 3959 3403 4010 autem

1757 4048 2008 4111 Domini,
2040 4052 2096 4103 et
2135 4045 2563 4102 mandatorum
2602 4045 2948 4116 impletione
2987 4045 3256 4099 animam
3282 4058 3405 4099 ma-

1755 4137 2018 4207 gniﬁcat,
2041 4140 2097 4190 et
2126 4135 2205 4190 ita
2231 4133 2507 4205 potentiae
2533 4134 2816 4189 humanas
2840 4131 3242 4188 voluntariam
3266 4130 3404 4186 obe—

1755 4226 2040 4281 dientiam
2062 4223 2301 4295 prtebet.
2330 4222 2581 4278 Aliunde
2604 4228 2800 4278 autem
2825 4237 2962 4277 cum
2984 4223 3171 4276 semel
3196 4235 3306 4274 nos
3323 4233 3410 4274 re-

77 4310 256 4386 ἐξουσίᾳ
305 4320 469 4388 φέρων
535 4315 769 4368 ἑκούσιον
833 4321 928 4374 τὴν
994 4317 1279 4386 ὑποταγὴν.
1339 4315 1538 4376 Ἀλλως
1591 4334 1643 4367 τε

1821 4320 2030 4385 :mptos
2054 4329 2159 4384 per
2186 4329 2360 4367 suum
2388 4316 2663 4367 sanctum
2687 4309 3043 4380 sanguinem
3062 4325 3097 4364 a
3122 4311 3408 4381 potestate

74 4397 120 4452 δι
164 4407 356 4476 ίπείπερ
438 4405 582 4467 ἅπαξ
648 4402 1087 4479 ἐξαγορασθέντας
1164 4406 1299 4475 ἡμᾶς
1358 4412 1428 4473 τῷ
1487 4407 1642 4476 τιμίῳ

1822 4401 1981 4458 aboli
2015 4401 2229 4457 liberos
2257 4416 2370 4456 nos
2403 4399 2594 4455 effecit
2624 4398 2912 4464 Christus,
2949 4415 3021 4454 ne
3051 4397 3184 4470 quis
3210 4397 3403 4452 dicat:

1758 4493 1812 4548 Si
1837 4491 2004 4546 liberi
2030 4490 2168 4544 facti
2208 4505 2438 4552 sumus,
2493 4503 2679 4561 quare
2726 4488 2936 4544 iterum
2992 4486 3241 4542 obedias
3292 4485 3407 4541 illis

1753 4583 1855 4652 qui
1888 4580 1948 4634 in
1969 4578 2083 4634 hoc
2115 4578 2343 4634 mundo
2369 4577 2539 4633 nobis
2569 4577 2902 4649 imperant;
2937 4581 3000 4632 ut
3028 4575 3217 4641 liberi,
3247 4573 3404 4639 dico,

1754 4669 1967 4742 inquit,
2001 4667 2270 4733 obedite;
2297 4667 2357 4723 id
2398 4672 2508 4732 est,
2543 4667 2873 4723 voluntarie
2917 4683 2989 4723 ex
3021 4665 3404 4729 conscientia,

1753 4774 1825 4814 ex
1855 4758 2162 4814 electione.
2197 4757 2359 4813 Sicut
2393 4755 2553 4812 enim
2585 4771 2891 4812 servorum
2936 4761 3024 4813 est
3079 4754 3408 4812 involunta-

1756 4849 1907 4903 rium
1941 4852 1998 4902 et
2017 4847 2420 4902 necessarium
2453 4849 2510 4900 et
2538 4849 2836 4908 coactum,
2865 4846 2947 4900 ita
2978 4844 3299 4900 liberorum
3319 4847 3404 4898 est

1756 4935 2158 4992 voluntarium
2191 4940 2248 4990 et
2273 4933 2531 4990 liberum
2562 4940 2620 4989 et
2646 4933 2917 4989 electum.
2946 4933 3091 4989 Cum
3123 4947 3266 5002 ergo
3309 4948 3409 4989 vo-

1757 5024 2248 5093 luntarielegibus
2263 5022 2584 5078 Dominicis
2597 5021 2906 5078 obedimus
2918 5039 2986 5078 ex
3003 5021 3405 5095 persuasione,

1754 5113 2084 5169 libertatem
2121 5112 2312 5181 magis
2349 5110 2815 5166 corroboramus
2853 5116 2911 5168 et
2937 5111 3120 5182 hujus
3151 5110 3291 5168 doni
3315 5110 3409 5166 di-

1756 5219 1904 5274 gnos
1917 5218 2027 5258 nos
2040 5201 2393 5256 exhibemus
2407 5200 3018 5257 etostendimus.Cum
3031 5203 3191 5257 enim
3207 5217 3408 5272 regem

1756 5294 2142 5355 houoramus,
2175 5289 2406 5359 legibus
2438 5288 2594 5344 illius
2621 5289 2771 5346 ultro
2803 5293 3145 5360 servientes,
3179 5291 3409 5347 donum

1755 5397 1865 5436 nos
1900 5380 2190 5450 recepisse
2225 5383 2284 5432 et
2341 5377 2753 5434 liberalitatem
2795 5380 2993 5436 mirari
3033 5380 3404 5443 conﬁtemur,

1755 5469 1892 5524 hinc
1913 5469 2097 5524 decus
2143 5465 2420 5521 donatori
2453 5467 2852 5524 inenarrabile
2879 5468 3256 5524 adducimus.
3291 5468 3405 5523 Ca)-

1758 5564 1947 5616 terum
1966 5571 2165 5614 nonne
2187 5555 2446 5614 salutare
2469 5561 2558 5613 est
2581 5558 2797 5615 mentis
2814 5573 3111 5616 consensu
3131 5556 3404 5615 ordinem

73 4492 230 4560 αἵματι
265 4493 424 4547 αὐτοῦ
456 4503 549 4554 τῆς
589 4503 687 4545 τῶν
719 4490 975 4546 διαϐολῶν
1005 4491 1310 4566 τυραννίδος
1351 4492 1644 4568 ἐλευθέρους

71 4581 292 4652 ἀπέφηνεν
339 4585 366 4635 ὁ
427 4587 661 4657 Χριστός
688 4603 722 4616 ·-
748 4585 833 4634 ’ίνα
877 4588 946 4655 μή
999 4603 1078 4644 τις
1125 4581 1248 4654 λέγῃ
1281 4599 1294 4612 ⁸
1329 4583 1386 4635 Εἰ
1436 4587 1643 4653 γεγόνα-

71 4688 143 4737 yn
188 4669 456 4745 έλεύθεροι,
489 4680 598 4731 πῶς
645 4670 796 4723 πάλιν
846 4673 1140 4731 ύποτάττεις
1184 4679 1289 4733 τοῖς
1339 4670 1642 4742 έγκοσμίοις

69 4759 305 4829 ἄρχουσιν
352 4761 525 4832 ἡμᾶςς
558 4759 646 4820 Ὠς
698 4759 969 4832 ἕλεύθεροι,
1024 4759 1174 4830 λέγω,
1226 4765 1408 4831 φησὶν,
1449 4761 1639 4810 ὑποτά-

67 4866 192 4913 γητε,
251 4853 521 4901 τουτέστιν
591 4849 782 4909 ἑκόντες
851 4847 952 4900 ἀπὸ
1003 4855 1234 4920 γνώμης,
1291 4847 1346 4899 ἐκ
1402 4851 1643 4921 προαιρέ-

70 4952 178 4998 σεως
204 4955 215 4966 ·
243 4939 418 5012 ῶσπερ
458 4940 559 5012 γὰρ
613 4933 810 4988 δούλων
858 4941 916 4989 τό
961 4936 1205 4989 ἀκούσιον
1253 4941 1342 4988 καὶ
1380 4955 1641 5006 κατηναγο

65 5030 294 5096 κασμένον
374 5031 469 5078 καὶ
541 5024 878 5101 ἀπροαίρετον
907 5046 919 5058 ·
1009 5027 1165 5087 οὕτως
1237 5026 1509 5096 ἐλευθέρων
1583 5029 1641 5077 τὸ

67 5111 298 5179 ἑκούσιον,
351 5120 446 5167 καὶ
507 5121 676 5189 χωρὶς
737 5114 969 5187 ἀνάγκης
1039 5120 1130 5167 καὶ
1186 5115 1637 5188 αύτοπροαίρετον.

61 5201 202 5254 Ὀταν
267 5202 357 5256 οὖν
413 5204 611 5266 ἑκόντες
665 5205 1085 5277 ὑποτασσώμεθα
1139 5212 1250 5264 τοῖς
1307 5210 1644 5264 Δεσποτικοῖς

61 5294 215 5362 νόμοις
266 5294 582 5363 πειθόμενοι,
642 5297 736 5351 τὴν
805 5293 1094 5366 έλευθιρίαν
1147 5291 1334 5357 μᾶλλον
1391 5294 1645 5363 κρατύνο-

60 5399 154 5451 μεν,
197 5387 284 5434 καὶ
328 5380 507 5444 ἀξίους
557 5383 698 5454 ἡμᾶς
741 5391 836 5444 τῆς
889 5379 1086 5457 δωρεᾶς
1135 5383 1335 5441 ταύτης
1380 5388 1644 5451 παριστῶ-

63 5487 140 5536 tu?
208 5476 298 5523 καὶ
381 5465 800 5542 ἐπιδεικνύμεθα.
867 5473 957 5532 Οἷς
1030 5474 1132 5544 γὰρ
1223 5472 1310 5522 τὸν
1383 5471 1643 5525 Δεσπότην

63 5568 289 5634 τιμῶμεν,
359 5566 475 5622 τοῖς
543 5559 703 5615 αὐτοῦ
767 5565 940 5635 νόμοις
1010 5560 1251 5634 ἀγόμενοι
1316 5566 1642 5633 περιχαρῶς,
