4116 6194
594 264 701 322 883

1852 264 2089 322 PHOTIl
2130 262 2613 320 ΡΑΊἮΙΑΗΟΗᾸΞ
2654 263 2763 321 CP.

3834 272 3928 328 88$

596 392 658 448 in
676 391 856 448 rebus
887 390 1140 464 politicis
1182 407 1421 449 servare
1454 396 1510 450 et
1544 391 1711 466 quod
1747 393 1979 464 justum
2026 396 2115 447 est
2156 391 2226 445 hi:

2355 390 2699 462 ὁμολογοῦμεν
2749 392 2808 442 τὸ
2860 385 3027 463 δῶρον
3070 383 3430 451 ὐποδέξασθαι
3476 394 3568 443 καὶ
3612 396 3707 450 τήν
3760 394 3937 465 eam.

594 481 701 554 qui
724 481 1150 553 prasuntdare
1179 480 1207 535 ἢ
1231 482 1447 537 etenim
1475 482 1735 553 profecto
1756 482 1856 553 qui
1878 480 2019 536 talia
2038 483 2243 548 agunt,

597 571 831 627 animas
858 570 936 626 ab
962 570 1125 625 omni
1154 570 1592 626 inordinatione
1624 576 1681 626 et
1710 569 2001 625 divisione
2026 569 2245 623 liberas

593 659 820 717 habent
850 665 907 714 et
947 674 1078 715 sese
1106 659 1396 715 libertatis
1426 676 1462 715 a
1495 663 1611 715 Deo
1642 659 1817 715 nobis
1850 658 2122 730 prastita
2162 656 2247 711 di-

591 762 744 818 gnos
764 748 1074 814 exhibent;
1098 748 1202 821 qui
1222 757 1421 804 autem
1441 754 1637 804 mente
1659 764 1960 820 perversa,
1986 746 2245 802 audacia

592 837 755 893 mala
778 842 835 893 et
870 838 943 893 de
974 838 1231 893 tumultu
1270 838 1596 909 gaudentes
1636 838 1967 894 libertatem
2007 851 2244 891 annun-

592 928 761 993 tiant,
793 928 1145 983 dissidentia
1174 928 1398 984 bonum
1451 928 1722 984 ordinem
1763 929 2129 997 rumpentes,
2166 924 2244 979 illi

592 1015 881 1072 libertatis
903 1016 1144 1072 nomine
1164 1017 1453 1073 malitiam
1482 1017 1945 1086 etarrogantiam
1959 1020 2237 1085 tegentes,

593 1107 744 1161 servi
761 1110 898 1161 sunt
917 1106 1250 1172 passionum
1268 1106 1871 1171 irrationalium,servi
1888 1104 2163 1160 tumultus
2188 1108 2245 1157 et

592 1195 1070 1266 perturbationis,
1094 1196 1616 1251 libertatisinimici
1638 1203 1693 1250 et
1713 1193 1849 1250 ideo
1872 1192 2238 1261 illaindigni.

2354 484 2476 551 μίαν
2511 480 2794 550 θαυμάζειν
2826 494 2840 508 ⁸
2878 476 2950 531 δι’
2992 480 3059 529 ὧν
3100 482 3157 530 τὸ
3211 478 3362 539 σέϐας
3404 488 3477 549 τῷ
3510 477 3775 535 δεδωκότι
3802 504 3939 557 προσο

2354 570 2543 640 άγομεν
2591 567 2982 641 ἀπροφάσιστον
3018 585 3030 596 '
3081 576 3186 628 πῶς
3232 564 3292 620 δὲ
3339 573 3428 620 καὶ
3468 569 3637 632 άλλως
3680 572 3742 623 οὐ
3790 581 3937 632 σωτή-

2353 677 2463 724 ριον
2540 658 2872 715 ἑκουσιότητι
2947 663 3158 728 γνώμης
3224 662 3313 714 τὸν
3383 658 3435 710 ἐν
3513 660 3756 733 πολιτείᾳ
3814 666 3937 726 τάξιν

2355 743 2719 818 διαφυλάττειν
2766 752 2857 798 καὶ
2920 750 2977 799 τὸ
3033 747 3149 798 κατ’
3212 746 3359 809 ἀξίαν
3411 753 3576 820 νέμειν
3633 759 3747 813 τοῖς
3811 754 3938 823 ὑπερ-

2353 840 2583 907 ίχουσι;
2618 840 2708 888 καὶ
2753 838 2855 908 γὰρ
2895 838 2966 898 ὡς
3009 835 3217 898 ἀληθῶς
3255 839 3304 889 οἱ
3345 845 3569 889 τοιοῦτοι
3602 838 3868 910 ἐλευθέρας
3899 862 3939 895 τι

2354 930 2595 996 φέρουσιν
2636 924 2691 976 ἐκ
2718 927 2899 987 πάσης
2936 924 3159 987 ἀταξίας
3202 930 3287 976 καί
3334 927 3573 988 στάσεως
3616 930 3711 989 τὰς
3764 929 3937 1000 ψυχὰς,

2352 1018 2442 1066 καὶ
2511 1022 2605 1075 τῆς
2665 1017 2831 1067 θεόθεν
2907 1010 3195 1087 δεδομένης
3269 1017 3394 1088 ἡμῖν
3474 1016 3773 1090 ἐλευθερίας
3826 1020 3940 1081 ἄξιοι

2351 1110 2512 1155 πᾶσιν
2570 1101 2989 1157 ἐπιδείκνυνται·
3045 1105 3095 1156 οἱ
3147 1101 3205 1157 δὲ
3276 1111 3455 1177 γνώμη
3684 1110 3939 1181 μοχθηρᾷ,

2350 1191 2513 1264 τόλμη
2572 1190 2630 1245 δὲ
2677 1199 2881 1267 πονηρᾲ
2937 1198 3026 1245 καὶ
3072 1202 3332 1267 ταραχαῖς
3371 1198 3641 1268 χαιρούσῃ
3698 1200 3795 1254 τὴν
3832 1196 3941 1250 ἔλευ-

593 1286 764 1357 θερίαν
793 1283 1206 1355 ἐπιφημίζοντες,
1238 1290 1327 1336 καὶ
1361 1282 1453 1337 διὰ
1478 1292 1630 1337 τοῦτο
1668 1286 1851 1337 στάσει
1895 1287 1987 1341 τήν
2016 1282 2248 1353 εὐνομίαν
2287 1280 2508 1346 λύοντες,
2537 1282 2681 1335 οὗτοι
2710 1283 3062 1357 προκάλυμμα
3108 1287 3354 1355 πονηρίας
3405 1289 3495 1336 καὶ
3539 1282 3838 1346 αὐθαδείας
3861 1291 3939 1344 τήν

590 1371 875 1447 ἐλευθερίαν
905 1373 1327 1445 προϐαλλόμενοι,
1365 1370 1542 1426 δοῦλοι
1575 1378 1664 1445 μέν
1696 1373 1823 1425 εἰσιν
1856 1371 2140 1442 ἀλογίστων
2189 1371 2383 1438 παθῶν,
2428 1367 2607 1422 δοῦλοι
2638 1367 2698 1424 δὲ
2721 1379 2962 1444 ταραχῆς
3005 1376 3095 1424 καὶ
3127 1371 3379 1444 θορύϐων,
3421 1378 3511 1424 καὶ
3541 1382 3645 1435 τῆς
3675 1373 3941 1448 ἐλευθερίας

588 1467 889 1533 κατήγοροι,
925 1466 1010 1513 καὶ
1046 1460 1139 1514 διὰ
1166 1470 1319 1514 τοῦτο
1358 1466 1546 1523 ταύτης
1578 1461 1795 1524 ἀνάξιοι.

660 1551 791 1606 Vult
821 1555 1018 1606 autem
1052 1552 1390 1621 Apostolus,
1419 1568 1515 1622 per
1546 1551 1719 1605 istam
1740 1548 2226 1612 exhortationem,

2421 1547 2665 1601 Βούλεται
2714 1546 2773 1601 δὲ
2826 1551 2962 1621 ἡμᾶς
3011 1546 3107 1601 διὰ
3172 1552 3363 1610 ταύτης
3434 1560 3530 1613 τῆς
3599 1558 3941 1624 παραινέσεως

587 1655 700 1695 nos
731 1640 791 1693 in
825 1640 1106 1694 omnibus
1145 1640 1278 1695 vita
1310 1640 1708 1710 pactionibus,
1743 1646 1797 1694 et
1826 1639 1887 1694 in
1928 1638 2057 1694 aliis
2102 1653 2236 1709 qua

589 1728 667 1782 ad
688 1743 813 1782 rem
845 1727 1136 1798 politicam
1163 1730 1476 1799 pertinent,
1506 1730 1771 1799 quandiu
1798 1728 2035 1781 divinus
2066 1742 2237 1781 amor

588 1816 679 1870 vel
706 1815 853 1870 ﬁdes
903 1831 1021 1871 non
1055 1816 1461 1882 offenduntur,
1502 1816 1787 1872 docibiles
1822 1832 1969 1877 esse.
2005 1814 2235 1885 legibus

587 1919 945 1977 praeparare,
973 1910 1032 1961 et
1053 1905 1163 1960 illis
1190 1906 1413 1978 quibus
1438 1906 1768 1962 commissa
1798 1910 1883 1960 est
1906 1906 2106 1975 legum
2129 1921 2234 1959 au-

586 1994 827 2050 ctoritas
858 1999 912 2049 et
940 1994 1314 2063 gubernatio,
1362 1995 1735 2065 indulgentes
1776 2011 1923 2059 esse,
1968 2009 2074 2049 nec
2104 1993 2233 2049 illos

585 2082 689 2154 qui
721 2087 979 2154 prasunt
1003 2084 1325 2154 despicere,
1356 2086 1706 2156 quamvisin
1726 2085 2070 2156 oppositum
2090 2084 2235 2139 veri-

583 2172 722 2228 tatis
750 2173 1077 2229 reverentia
1106 2173 1215 2228 illis
1247 2179 1473 2230 mutata
1488 2174 1659 2229 fuerit
1691 2175 1703 2229 ι
1733 2189 1913 2245 quare
1936 2174 1963 2229 ?
1995 2175 2234 2244 Propter

584 2276 770 2317 unum
793 2263 1057 2334 quidem,
1086 2268 1148 2318 ut
1176 2263 1251 2319 illi
1274 2264 1376 2335 qui
1397 2264 1474 2319 ad
1498 2263 1865 2334 impietatem
1887 2262 2234 2317 discordant

582 2349 849 2405 videntes
863 2356 1128 2406 nostram
1148 2352 1596 2423 indulgentiam,
1618 2357 1675 2406 et
1692 2352 2031 2406 nostramin
2056 2364 2230 2418 agen-

582 2437 661 2492 do
688 2439 1060 2493 honestatem
1090 2444 1143 2494 et
1176 2440 1556 2503 docilitatem,
1600 2439 1779 2495 simul
1805 2438 2048 2511 quidem
2087 2438 2232 2492 visis

584 2526 797 2581 nostris
828 2527 1098 2581 moribus
1128 2533 1184 2583 et
1214 2534 1419 2583 nostra
1461 2530 1582 2583 vita
1624 2529 1999 2591 erubescant,
2027 2531 2082 2582 et
2118 2542 2230 2582 nos

584 2627 702 2667 non
729 2613 844 2669 illis
870 2615 1112 2669 obedire
1140 2616 1198 2671 in
1229 2616 1411 2671 rebus
1440 2616 1753 2685 religiosis,
1788 2631 1906 2671 non
1941 2614 2229 2686 superbia

580 2716 785 2766 causa,
814 2719 924 2758 nec
975 2704 1185 2759 mentis
1232 2704 1507 2759 indocilis
1556 2704 1946 2760 ostentatione
1999 2708 2225 2776 putent,

581 2791 687 2846 sed
719 2796 961 2862 propter
989 2792 1172 2848 divini
1207 2794 1496 2849 sermonis
1546 2809 1813 2849 amorem
1842 2809 1951 2848 nec
1980 2808 2097 2848 non
2125 2808 2229 2864 po-

579 2880 778 2936 tentia
808 2881 1161 2953 virtutisque
1188 2882 1437 2938 divina:
1464 2883 1641 2938 simul
1674 2882 1850 2938 etiam
1877 2886 1943 2937 ut
1974 2882 2224 2954 possint,

2341 2886 2473 2937 θείου
2530 2888 2619 2935 καὶ
2680 2885 2813 2945 θείας
2878 2880 3147 2955 δυνάμεως
3211 2890 3301 2937 καὶ
3366 2884 3611 2960 ἐνεργείας
3645 2905 3660 2916 °

576 2984 685 3042 per
712 2974 979 3026 nostrum
1012 2971 1241 3027 dulcem
1283 2979 1338 3027 et
1368 2972 1815 3028 convenientem
1845 2970 2065 3044 agendi
2096 2987 2229 3026 mo-

575 3058 744 3124 dum,
801 3059 847 3113 si
897 3059 1043 3115 forte
1100 3061 1416 3125 voluerint,
1463 3062 1728 3133 aspicere
1751 3061 1829 3116 ad
1861 3060 2225 3116 ineffabilem

574 3147 870 3215 religionis
900 3154 1118 3205 nostra
1153 3149 1659 3221 pulchritudinem
1710 3156 1766 3206 et
1824 3149 1979 3205 illius
2020 3164 2226 3205 amore

574 3237 826 3299 excitati,
845 3238 1207 3293 diabolicum
1225 3239 1469 3310 quidem
1490 3245 1545 3294 et
1560 3240 1942 3295 idololatrum
1966 3238 2224 3294 furorem

573 3325 956 3393 detestentur,
1002 3328 1346 3383 societatem
1398 3332 1593 3383 autem
1645 3335 1701 3384 et
1757 3344 2027 3383 amorem
2068 3328 2225 3383 illius

572 3412 705 3468 loco
737 3430 974 3485 sponsa
1029 3416 1239 3471 Christi
1280 3416 1554 3471 Ecclesia
1613 3418 1959 3488 suscipiant.
2016 3420 2095 3472 Ea
2140 3424 2228 3472 est

571 3500 815 3574 quidem
842 3504 1037 3573 prima
1078 3520 1260 3559 causa
1290 3504 1628 3573 apostolica
1660 3506 1961 3559 sententia
1996 3523 2009 3568 ;
2053 3505 2099 3559 si
2139 3522 2225 3561 se-

573 3589 831 3645 cundam
857 3596 1056 3646 autem
1075 3592 1349 3651 volueris.
1364 3600 1425 3647 ut
1448 3593 1549 3663 qui
1564 3593 1769 3648 ﬁdeles
1790 3599 2225 3665 persequuntur

572 3683 629 3733 et
645 3678 1270 3751 expelluntetﬂagitiis
1300 3681 1814 3745 etﬂciunt,cultum
1841 3697 2219 3753 paganorum

570 3767 933 3839 profitentes,
963 3785 1077 3824 non
1110 3770 1183 3824 ad
1218 3769 1364 3825 alias
1388 3771 1684 3842 quasdam
1716 3786 1931 3825 causas
1950 3787 2221 3842 persecu-

568 3856 756 3912 tiones
780 3856 993 3913 referre
1021 3858 1300 3924 habeant,
1333 3875 1443 3915 nec
1464 3865 1530 3915 ut
1553 3860 1909 3915 dissidentes
1948 3867 2004 3915 et
2035 3861 2217 3931 agita-

569 3945 796 4000 toresin
811 3946 1103 4016 judicium
1123 3962 1233 4003 nos
1260 3948 1586 4017 adducant,
1622 3949 1726 4004 sed
1747 3950 2219 4022 propteripsam-

569 4038 694 4090 met
722 4034 1089 4105 religionem,
1118 4042 1175 4093 et
1196 4039 1339 4110 quia
1378 4054 1498 4095 non
1538 4039 1841 4110 potuimus
1868 4039 2089 4095 adduci
2141 4039 2217 4095 ad

568 4123 797 4180 cultum
834 4125 1107 4181 divinum
1131 4128 1416 4183 creaturis
1441 4135 1497 4183 et
1527 4128 1789 4184 materia
1821 4128 2213 4184 reddendum.

2348 1637 2373 1687 6
2432 1637 2742 1698 Ἀπόστολος
2794 1637 2841 1689 ἐν
2894 1645 3026 1691 πᾶσι
3071 1647 3175 1700 τοίς
3213 1642 3349 1691 κατὰ
3376 1644 3462 1692 τόν
3512 1639 3633 1713 βίον
3672 1643 3937 1711 συναλλάγ·

2346 1746 2480 1799 μασι
2541 1731 2629 1779 καὶ
2687 1734 2797 1788 τοῖς
2868 1726 3045 1788 ἄλλοις
3114 1726 3511 1799 πολιτεύμασιν,
3564 1732 3675 1783 ὅσα

2347 1818 2485 1868 θείαν
2540 1814 2746 1886 ἀγάπην
2799 1821 2889 1868 καὶ
2946 1820 3125 1868 πίστιν
3184 1816 3592 1889 ἓπιλυμαίνεται,
3655 1822 3938 1879 πειθηνίους

2346 1901 2473 1957 εἶναι
2517 1913 2621 1965 τοῖς
2663 1911 2837 1974 νόμοις
2889 1906 3306 1979 παρασκευάζειν
3341 1928 3352 1939 ·
3386 1914 3475 1959 καὶ
3524 1909 3602 1968 οἷς
3652 1912 3684 1966 ἠ
3742 1918 3839 1960 τῶν
3872 1930 3937 1960 vo—

2344 2013 2452 2063 μων
2499 1995 2878 2051 κατεπιστεύθη
2918 1998 3168 2067 κυριότης
3213 1999 3304 2046 καὶ
3350 2000 3585 2067 πρόνοια,
3622 1997 3937 2070 εὐγνώμονας

2341 2101 2394 2134 τε
2451 2080 2579 2134 εἶναι
2629 2087 2718 2134 καὶ
2790 2088 2859 2154 μὴ
2920 2084 3175 2156 ὑπερορᾴν
3233 2088 3349 2146 τούς
3420 2087 3804 2159 ὑπερέχοντας,
3857 2087 3935 2138 χει-ι

2343 2171 2415 2232 εἰς
2467 2173 2756 2225 τούναντίον
2814 2173 2991 2234 αὐτοῖς
3046 2181 3141 2234 τῆς
3190 2173 3435 2237 ἀληθείας
3490 2180 3550 2227 τό
3611 2176 3778 2239 σέϐας
3830 2176 3933 2230 ἀπο·

2343 2258 2690 2334 διακέκριται.
2746 2265 2841 2315 Διὰ
2884 2267 2977 2329 τί;
3030 2262 3115 2316 Ἑν
3177 2266 3267 2335 μὲν
3327 2266 3408 2316 ἶνα
3456 2270 3546 2317 καὶ
3602 2266 3767 2319 αὐτοὶ
3831 2272 3935 2339 πρὸς

2341 2354 2434 2407 τὴν
2489 2349 2726 2403 ἀσέϐειαν
2779 2353 2828 2403 οἱ
2904 2348 3275 2424 διαφωνοῦντες
3349 2354 3566 2424 ὁρῶντες
3639 2357 3795 2427 ἡμῶν
3856 2360 3933 2413 τὴν

2342 2439 2736 2511 εὐγνωμοσύνην
2786 2445 2876 2492 καὶ
2924 2444 2981 2493 τὸ
3038 2450 3134 2492 τῶν
3191 2445 3395 2515 τρόπων
3448 2443 3652 2512 εὐγενὲς
3704 2450 3796 2496 καὶ
3842 2464 3931 2496 πει-

2343 2530 2535 2594 θήνιον,
2578 2528 2688 2601 ἅμα
2730 2532 2820 2601 μὲν
2874 2531 3019 2601 ἡμῶν
3062 2530 3416 2603 ὑπερυθριῶσι
3469 2540 3529 2604 τῇ
3576 2533 3824 2606 πολιτείᾳ
3859 2539 3932 2585 καὶ

2339 2625 2448 2679 τοίς
2508 2619 2682 2675 ἤθεσιν
2713 2618 2861 2689 ὀἶμα
2912 2614 2970 2670 δε
3022 2622 3080 2669 τό
3136 2623 3207 2690 μὴ
3254 2621 3526 2672 πείθεσθαι
3581 2620 3774 2682 αὐτοῖς
3818 2627 3932 2673 κατὰ

2340 2710 2396 2759 τό
2440 2706 2609 2771 σέϐας,
2659 2710 2730 2778 μὴ
2784 2703 3062 2768 αὐθαδείας
3112 2710 3255 2780 ἔργον
3308 2710 3585 2779 νομίζωσι,
3628 2708 3778 2782 μηδὲ
3824 2732 3931 2781 7m-

2339 2815 2441 2868 μης
2496 2794 2800 2868 ἀτεράμονος
2848 2791 3193 2868 ἐπίτηδευμα,
3228 2794 3334 2847 ἀλλ’
3385 2800 3568 2870 ἔρωτος
3613 2800 3752 2874 ὑπὲρ
3801 2797 3931 2870 λόγον

3746 2888 3766 2901 ς
3893 2885 3911 2903 ‘I

3730 2906 3931 2958 αμαοε

2338 2976 2406 3033 ὡς
2436 2971 2494 3024 ἂν
2527 2970 2792 3031 δυνηθεῖεν
2842 2969 2935 3026 διὰ
2978 2982 3074 3034 τῆς
3126 2974 3320 3047 ἡμέρου
3366 2980 3455 3026 καὶ
3508 2975 3777 3038 ἐπιεικοῦς
3805 2980 3931 3048 ἡμῶν

2336 3061 2616 3126 πολιτείας,
2671 3064 2808 3134 εἴπερ
2857 3063 2961 3133 ἄρα
3013 3060 3312 3134 βουληθεῖεν
3366 3061 3659 3133 ἀναϐλέψαι
3710 3070 3836 3138 πρὸς
3882 3069 3929 3116 τό

2336 3157 2427 3201 τοῦ
2510 3148 2837 3220 σεϐασματος
2911 3152 3055 3221 ἡμῶν
3125 3152 3392 3224 ἄφραστον
3449 3152 3657 3217 κάλλος,
3726 3160 3815 3207 καὶ
3870 3162 3929 3223 τῷ

2336 3238 2523 3291 ἐκεῖθεν
2594 3241 2744 3311 ἔρωτι
2824 3242 3182 3312 πτιρωθέντες,
3243 3237 3602 3313 βδελύξωνται
3694 3247 3786 3316 μὶν
3857 3248 3927 3295 τὸν

2337 3325 2665 3400 δαιμονιωδη
2732 3333 2822 3381 καὶ
2881 3325 3149 3381 εἰδωλικόν
3209 3326 3438 3403 οἶστρον,
3491 3336 3585 3390 τὴν
3665 3336 3927 3405 συνάφειαν

2337 3413 2395 3468 δὲ
2463 3422 2551 3468 καὶ
2625 3421 2707 3469 τόν
2773 3418 2928 3469 πόθον
2987 3416 3398 3481 ἀνταλλάξωνται
3442 3428 3539 3481 τῆς
3593 3423 3808 3494 νύμφης
3848 3429 3925 3473 τοῦ

2336 3513 2568 3577 Χριστοῦ
2635 3506 2979 3567 Ἐκκλησίας·
3035 3506 3143 3559 ἀλλ’
3210 3508 3355 3560 αἰτία
3420 3512 3510 3580 μὲν
3565 3510 3706 3569 αὕτη
3763 3516 3921 3584 πρώτη

2333 3602 2427 3655 τῆς
2475 3592 2827 3657 ἀποστολικῆς
2878 3597 3173 3656 νουθεσίας.
3214 3596 3272 3649 Εἰ
3304 3595 3483 3668 βούλει
3534 3594 3594 3650 δε
3636 3604 3735 3652 καὶ
3774 3597 3926 3651 δευτέ-

2330 3701 2445 3755 ραν,
2488 3684 2569 3735 ἵνα
2621 3680 2892 3744 διώκοντες
2943 3689 3034 3736 καὶ
3080 3682 3371 3746 ἐλαύνοντες
3415 3691 3505 3738 καὶ
3555 3691 3923 3762 τιμωρούμενοι

2330 3777 2451 3834 τοὺς
2491 3776 2708 3834 πιστούς
2756 3775 2805 3823 οἱ
2847 3776 2911 3824 τὰ
2948 3772 3195 3831 Ἐλλήνων
3245 3782 3514 3846 τιμῶντες,
3545 3780 3615 3847 μὴ
3668 3778 3743 3839 εἰς
3788 3777 3923 3835 ἄλλας

2328 3863 2473 3921 τινας
2503 3860 2674 3922 αἰτίας
2703 3865 2787 3912 τόν
2838 3857 3069 3932 διωγμὸν
3116 3863 3315 3932 ἰχωσιν
3355 3861 3619 3935 ἀναφέρειν
3646 3882 3661 3894 ⁸
3698 3862 3829 3937 μηδ’
3870 3866 3923 3923 ὡς

2331 3947 2641 4011 στασιώδεις
2697 3955 2787 4002 καὶ
2832 3954 3219 4024 ταραχοποιούς
3266 3953 3511 4023 ύπάγωσι
3560 3949 3768 4016 δίκαις,
3810 3954 3923 4005 ἀλλὰ

2329 4033 2401 4089 δι’
2448 4038 2609 4095 αὐτὴν
2648 4042 2742 4095 τὴν
2786 4038 3046 4091 εὐσέϐειαν
3077 4056 3088 4068 ·
3116 4045 3206 4091 καὶ
3252 4044 3311 4091 τό
3360 4045 3431 4112 μή
3487 4039 3827 4113 ἀνασχέσθαι
3872 4045 3919 4094 τό

2329 4128 2459 4179 θεῖον
2493 4127 2647 4188 σέϐας
2685 4127 2756 4189 εἰς
2801 4132 2893 4185 τὴν
2941 4127 3065 4185 ὓλην
3108 4133 3194 4181 καὶ
3236 4132 3300 4180 τὰ
3351 4134 3620 4201 κτίσματα
3663 4134 3917 4203 κατάγειν.

569 4212 741 4278 Quod
780 4218 836 4268 et
866 4213 992 4285 ipse
1019 4215 1333 4287 explicavit
1362 4216 1564 4272 dicens
1599 4233 1610 4272 :
1658 4220 1727 4273 Ut
1764 4217 1823 4271 in
1851 4217 2073 4288 quibus
2102 4232 2215 4272 nos

2337 4221 2486 4269 Γοῠτο
2537 4213 2596 4268 δε
2632 4221 2717 4269 καὶ
2763 4216 2915 4276 αὐτὸς
2959 4213 3216 4274 ἐδήλωσεν
3256 4217 3431 4274 εἰπών.
3462 4218 3574 4272 Ἰνα
3612 4218 3662 4271 ἐν
3696 4222 3738 4290 ᾧ
3779 4240 3921 4271 κατα-

569 4308 853 4358 accusant
888 4305 1064 4375 quasi
1094 4306 1249 4360 male
1267 4310 1591 4377 sperantes,
1621 4322 1690 4360 ex
1732 4307 1907 4361 bonis
1932 4305 2215 4377 operibus

567 4390 922 4462 aspicientes
953 4392 1283 4462 gloriﬁcent
1320 4395 1495 4449 Deum
1528 4396 1588 4449 in
1629 4395 1724 4449 die
1760 4395 1985 4465 judicii.
2019 4398 2084 4449 Et
2112 4396 2218 4450 ite-

566 4493 701 4534 rum
736 4494 748 4535 :
785 4480 879 4536 Sic
908 4487 994 4537 est
1032 4482 1309 4538 voluntas
1340 4483 1435 4538 Dei
1485 4490 1546 4537 ut
1584 4483 1727 4538 bene
1757 4490 1997 4553 agentes
2039 4483 2215 4539 refre-

566 4582 780 4623 nemus
806 4568 1205 4640 insipientium
1230 4571 1543 4627 hominum
1569 4571 1896 4628 stultitiam.
1928 4572 2009 4626 Ad
2031 4572 2216 4627 rebel-

563 4653 787 4712 lionem
812 4659 867 4711 te
882 4656 1096 4730 aliquis
1111 4674 1385 4731 paganus
1408 4660 1499 4715 vel
1517 4660 1757 4715 Judaus
1774 4660 1986 4716 vocat?
2006 4676 2212 4729 pacem

563 4744 782 4802 indica.
819 4746 1010 4803 Verba
1047 4749 1122 4803 ad
1154 4748 1533 4804 rebellionem
1574 4754 1628 4805 et
1659 4748 2083 4804 indocilitatem
2124 4765 2216 4805 ex-

563 4833 804 4891 citantia
829 4836 1099 4907 profert?
1130 4852 1234 4909 per
1250 4837 1652 4893 obedientiam
1678 4837 1757 4892 illi
1781 4837 2077 4893 silentium
2110 4839 2217 4894 im-

562 4939 741 4996 pone.
782 4923 1051 4995 Superba
1092 4931 1146 4979 et
1185 4925 1528 4997 arrogantia
1588 4925 1807 4996 profert
1840 4925 1867 4978 ?
1903 4925 2214 4982 Dulcedine

562 5018 618 5068 et
646 5012 980 5069 humilitate
1011 5014 1226 5069 mentis
1256 5030 1481 5069 vanum
1523 5014 1806 5086 loquendi
1840 5014 2105 5070 studium
2129 5031 2215 5071 re-

562 5100 748 5156 frena.
768 5101 1045 5157 Ordinem
1068 5103 1373 5173 politicum
1402 5102 1805 5158 destruentia?
1830 5103 1983 5158 Nihil
2009 5102 2069 5159 in
2091 5105 2215 5161 istis

561 5204 923 5259 cognoscere
954 5191 1231 5256 dicendo,
1264 5193 1630 5263 hypocrisim
1655 5194 1713 5247 in
1748 5193 1925 5247 fama.
1962 5192 2044 5249 Ita
2076 5194 2215 5249 insi-

561 5278 732 5350 piens
752 5278 935 5333 homo
981 5279 1261 5335 infrenari
1296 5287 1504 5352 potest,
1534 5281 1615 5335 sic
1639 5280 1739 5335 Dei
1785 5296 1991 5335 servus
2038 5281 2213 5351 glori-

560 5366 820 5431 ﬁcatur;
862 5367 944 5421 sic
976 5368 1269 5423 mundum
1326 5370 1524 5435 vincit,
1580 5369 1812 5424 etiamsi
1860 5369 2212 5440 ﬂagelletur,

563 5453 1182 5526 etiamsitorqueatur,
1200 5456 1431 5512 etiamsi
1458 5457 1861 5526 cruciﬁgatur,
1886 5460 1988 5528 qui
2015 5464 2217 5516 contra

562 5546 880 5615 peccatum
895 5544 1247 5602 honorabile
1262 5547 1369 5601 sibi
1387 5547 1719 5619 trephaum
1730 5552 2065 5604 conservat.
2083 5550 2214 5617 Qui-

2324 4304 2545 4357 λαλῶσιν
2654 4307 2799 4361 ἠαῶν
2901 4309 2970 4361 ὡς
3062 4315 3355 4359 κακοποιῶν
3442 4306 3498 4359 ἔκ
3588 4317 3689 4360 τῶν
3768 4309 3919 4361 καλῶν

2325 4397 2484 4465 ἔργων
2530 4395 2939 4455 ἐποπτεύσαντες
2996 4390 3268 4456 δοξάσωσι
3334 4400 3419 4448 τὸν
3474 4400 3603 4449 Θεὸν
3662 4401 3715 4449 ἓν
3767 4402 3921 4471 ἡμέρᾳ

2654 4307 2799 4377 ἡμῶν
2901 4309 2970 4367 ὡς

2325 4482 2615 4543 ἐπισκοπῆς
2647 4501 2658 4513 ·
2715 4488 2803 4535 καὶ
2861 4483 3013 4535 πάλιν
3069 4483 3244 4545 Οὕτως
3301 4483 3415 4538 ἐστὶ
3468 4489 3523 4537 τό
3582 4486 3787 4558 θέλημα
3840 4494 3921 4539 τοῦ

2326 4580 2480 4639 Θεοῦ,
2519 4571 2963 4643 ἀγαθοποιοῦντας
3012 4580 3197 4644 φιμοῦν
3251 4579 3343 4632 τὴν
3400 4584 3501 4626 τῶν
3564 4573 3801 4647 ἀφρόνων
3849 4575 3921 4627 ἀν-

2328 4663 2542 4733 θρώπων
2594 4661 2875 4732 ἀγνωσίαν.
2935 4664 3123 4714 Στάσιν
3198 4682 3274 4722 τις
3332 4672 3430 4714 τῶν
3501 4662 3844 4722 Ἑλληνιστῶν
3894 4665 3916 4721 ἦ

2324 4756 2413 4802 καὶ
2462 4748 2712 4811 Ἰουδαῖος
2756 4750 2986 4803 ἑπικαλεῖ
3042 4767 3169 4815 σοις
3215 4755 3284 4803 T6
3330 4751 3586 4823 εἰρηνικὸν
3646 4751 3915 4816 ἐπίδειξον.

2326 4839 2570 4896 Ἀνήκοον
2621 4836 2889 4891 διαϐάλλει
2939 4844 3028 4892 καὶ
3074 4838 3306 4905 (Intueri;
3356 4844 3452 4892 Διά
3505 4848 3601 4902 τῆς
3660 4843 3921 4913 ὑποταγῆς

2325 4927 2667 5000 ἐπιστόμισον
2697 4946 2708 4959 ·
2745 4926 2972 4988 ἀλαζόνα
3027 4933 3115 4980 καὶ
3160 4925 3370 4985 αὐθάδη
3405 4945 3420 4994 ;
3460 4935 3543 5000 Τῷ
3572 4940 3802 5001 ταπεινῷ
3843 4934 3919 4981 καὶ

2324 5020 2500 5090 ἡμέρῳ
2544 5025 2634 5069 τοῦ
2690 5022 3016 5089 φρονήματος
3068 5021 3161 5074 τὴν
3209 5016 3578 5088 γλωσσαλγίαν
3632 5015 3915 5091 διέλεγξον·

2327 5104 2470 5167 τάξιν
2514 5105 2783 5163 πολιτικὴν
2824 5102 3136 5169 διαλύοντα;
3170 5108 3265 5158 Διὰ
3302 5124 3393 5158 του
3434 5104 3600 5178 μηδὲν
3630 5105 3679 5159 ἒν
3727 5113 3917 5167 τούτοις

2327 5191 2657 5265 ἀγνωμονεῖν,
2724 5198 2818 5251 τὴν
2900 5198 3247 5266 συκοφαντίαν
3331 5194 3668 5252 στηλίτευσον
3695 5213 3709 5225 ·
3767 5197 3917 5254 οὕτως

2326 5284 2500 5356 ἄφρων
2546 5280 2673 5356 ἀνὴρ
2706 5279 2929 5335 δύναται
2973 5284 3264 5354 φιμοῦσθαι
3288 5303 3299 5315 ·
3330 5284 3493 5345 οὕτως
3541 5291 3674 5337 Θεοῦ
3708 5281 3915 5347 δοξάζεο

2326 5391 2413 5424 ται
2445 5368 2650 5433 δοῦλος.
2685 5370 2864 5433 Οὕτως
2903 5378 3021 5442 νικᾲ
3062 5375 3147 5423 τόν
3191 5377 3409 5443 κόσμον,
3444 5371 3537 5424 κᾶν
3577 5376 3913 5444 μαστίζηται,

2327 5460 2420 5513 κᾶν
2485 5460 2824 5534 στερϐλῶται,
2873 5459 2967 5512 κᾶν
3019 5459 3520 5527 ἀνασκολοπίξηται,
3571 5463 3597 5512 6
3666 5466 3725 5514 τό
3794 5464 3915 5513 κατὰ

2327 5557 2421 5610 τῆς
2494 5550 2746 5623 ἁμαρτίας
2819 5553 3067 5624 τρόπαιον
3144 5547 3456 5625 ἀνύϐριστον
3543 5547 3911 5612 συνδιασώζειν
