4116 6194
204 251 314 308 885

1228 247 1322 302 AD
1365 245 1916 304 AMPHILOCHIUM
1957 244 2284 312 QUAESTIO
2323 246 2600 303 CLXXX.

3459 248 3569 304 886

203 375 402 446 ἐαυτῷ.
459 373 520 428 Ὀ
571 374 708 426 κατὰ
773 379 942 426 ταῦτα
1010 370 1405 446 πολιτευόμενος
1462 375 1526 426 τὰ
1585 373 1812 446 προστά·

1936 386 2160 444 3unque
2192 372 2522 429 secundum
2548 373 2661 430 ista
2691 372 2982 431 mandata
3019 389 3146 431 sese
3174 374 3470 442 habuerit,
3500 375 3576 432 li-

203 483 410 536 γματα,
493 461 735 536 ἐλεύθερα
812 467 950 537 φέρει
1049 464 1293 536 καθαρῶς
1383 467 1470 515 καὶ
1547 464 1614 513 τὰ
1691 463 1816 533 ἔργα

202 558 295 606 καὶ
350 556 467 614 τοὺς
530 551 713 624 λόγους
767 557 857 603 καὶ
911 556 1012 624 πρό
1089 571 1149 623 γε
1222 554 1416 604 τούτων
1487 551 1646 610 αὐτὴν
1719 553 1814 608 τὴν

203 642 415 715 ψυχήν.

778 752 1093 801 ΕΡΩΤΗΣΙΣ
1122 746 1241 801 PIT.

481 861 606 931 Περὶ
639 854 900 926 θεολογίας
934 855 1234 927 ζητήματα·
1269 861 1342 924 τῷ
1371 854 1536 925 αύτῷ.

1923 463 2130 518 berum
2174 462 2316 518 feret
2344 464 2403 519 in
2446 464 2724 537 puritate,
2759 468 2817 521 et
2845 465 3110 522 actiones
3153 470 3211 522 et
3241 481 3574 537 sermones,

1923 553 1982 606 et
2009 553 2147 607 ante
2171 551 2283 608 ista
2312 552 2508 624 ipsam
2539 553 2828 611 animam.

1927 745 2244 810 QUIESTIO
2297 747 2533 806 CLXXX.
2591 749 2788 821 [Οοίεί.
2852 750 3030 806 CCIX.
3094 752 3273 807 Taur.
3327 751 3454 823 cc.]
3497 750 3575 822 (4)

1997 853 2081 909 De
2116 855 2426 928 Theologia
2451 859 2820 929 quaestiones.
2851 859 3057 915 Eidem
3087 857 3572 932 (Amphilochia).

457 953 611 1003 Edita
637 967 670 1004 a
701 953 964 1016 Basnagio
992 953 1188 1013 (Canis.
1226 952 1402 1015 Antiq.
1431 952 1540 1001 lect.
1578 955 1616 1000 t.
1655 950 1714 998 ll.
1740 965 1792 1013 p.
1829 959 1878 1000 II
1910 961 2033 1013 pag.
2066 952 2311 1016 423-425).
2348 981 2411 992 —-
2439 955 2752 1019 Dogmatica
2786 955 2852 1005 de
2881 957 3184 1018 cognitione
3215 956 3323 1005 Dei.

275 1043 533 1119 Ἀῥρητον
576 1047 666 1117 μὲν
722 1046 779 1095 τὸ
829 1050 982 1095 Θείον
1033 1043 1206 1115 ὥσπερ
1249 1048 1338 1095 καὶ
1369 1041 1617 1106 ἄληπτον,
1670 1037 1812 1092 διότι

205 1131 338 1207 μηδ’
381 1136 522 1186 ἔστιν
552 1129 683 1205 μηδ’
715 1134 966 1194 ἑπινοίαις
1008 1131 1189 1202 ψιλαῖς
1240 1136 1673 1204 προῦφεστηκότα
1699 1133 1814 1183 τινὰ

203 1221 397 1276 λαϐεῖν.
453 1221 528 1273 Δι’
576 1223 643 1272 ὧν
675 1223 700 1273 ὁ
739 1221 887 1292 λόγος
929 1226 1122 1295 προῖὼν
1160 1225 1252 1278 τὴν
1290 1229 1480 1292 γνῶσιν
1512 1226 1601 1272 καὶ
1651 1221 1812 1271 κατά-

205 1311 365 1383 ληψιν
424 1318 516 1364 τοῦ
571 1315 831 1383 μακαρίου
887 1309 1076 1362 ἐκείνου
1141 1314 1230 1361 καὶ
1297 1310 1587 1382 ἀφθέγκτου
1641 1311 1812 1381 παρά·

211 1421 341 1473 σχοι
375 1402 649 1472 θεάματος.
684 1398 941 1474 Ἀρρητον
984 1395 1043 1451 δὲ
1073 1403 1161 1450 καὶ
1211 1398 1438 1457 ἄληπτον
1466 1403 1536 1458 όν,
1575 1397 1674 1450 ἀπὸ
1714 1406 1812 1450 τῶν

207 1492 438 1559 ὑστέρων
485 1489 622 1560 ὅμως
671 1487 772 1541 ἀπὸ
811 1507 948 1550 τινος
995 1496 1086 1548 τῆς
1136 1486 1323 1540 ἐκεῖθεν
1363 1487 1406 1539 εἰ
1443 1493 1534 1539 καὶ
1572 1483 1816 1560 ἀμυδρᾶς

1996 1045 2119 1098 Non
2153 1044 2264 1116 (30)
2305 1050 2498 1113 potest
2545 1046 2828 1117 expromi,
2881 1046 3034 1101 sicut
3080 1063 3269 1118 neque
3300 1042 3577 1116 cognosci

1921 1130 2093 1198 Deus,
2147 1135 2286 1204 quia
2338 1150 2532 1206 neque
2583 1135 2924 1191 notionibus
2967 1139 3224 1200 tantum,
3275 1135 3575 1208 quaepiam

1921 1237 2058 1293 quae
2089 1224 2248 1292 prius
2287 1223 2634 1290 exstiterint,
2664 1224 2960 1296 percipere
2986 1240 3324 1297 possumus,
3357 1239 3426 1279 ex
3450 1223 3578 1294 qui-

1922 1311 2038 1366 bus
2067 1314 2218 1368 ratio
2275 1329 2592 1384 progressa
2639 1315 2795 1370 illius
2831 1314 2983 1370 beati
3035 1311 3379 1386 spectaculi,
3411 1311 3575 1386 quod

1921 1401 2121 1456 verbis
2149 1402 2416 1473 expromi
2459 1419 2578 1458 non
2609 1408 2825 1474 potest,
2861 1404 3256 1475 cognitionem
3288 1401 3572 1475 praebeat.

1924 1493 2002 1545 Ex
2034 1490 2102 1545 iis
2144 1495 2363 1556 tamen,
2415 1508 2550 1563 qua:
2583 1493 2908 1563 posteriora
2947 1497 3105 1556 sunt,
3156 1498 3446 1564 tanquam
3504 1507 3576 1547 ex

210 1578 454 1650 ἀπαυγῆς
507 1576 555 1630 ἓν
613 1577 790 1639 αὐτοῖς
847 1580 1156 1641 κατιούσης,
1212 1582 1300 1629 καὶ
1355 1573 1428 1629 δι’
1479 1577 1646 1628 αὐτῶν
1691 1580 1813 1648 ἡμῖν

1936 1579 2189 1652 quodam
2223 1580 2538 1652 splendore
2585 1581 2772 1645 tenui,
2805 1598 2841 1636 a
2892 1583 3004 1637 Deo
3046 1581 3107 1636 in
3133 1581 3280 1652 ipsis
3319 1581 3578 1637 obscure

206 1672 299 1726 τὴν
355 1663 590 1720 διάνοιαν
673 1666 975 1726 ἑνατενίζειν
1032 1669 1158 1738 πρὸς
1215 1670 1272 1716 τὸ
1324 1664 1600 1738 ἀμήχανον
1658 1664 1815 1717 ἐκεῖνο

208 1756 392 1818 κάλλος
449 1755 983 1830 παρασκευαζούσης,
1049 1751 1269 1808 δυνατόν
1333 1754 1444 1807 ἐστι
1495 1757 1635 1814 τινὰς
1711 1757 1815 1806 θεο-

209 1852 419 1920 πρεπεῖς
459 1848 745 1916 φαντασίας
795 1839 1154 1906 εἰσδέξασθαι.
1209 1843 1335 1896 Καθ’
1390 1845 1442 1895 ὃν
1481 1846 1582 1915 γὰρ
1628 1848 1814 1914 τρόπον

210 1937 262 1987 οἱ
320 1935 458 2006 ζόφῳ
515 1940 684 2005 παχεῖ
731 1937 1122 2006 περικεχυμένῳ
1167 1931 1506 2003 ἐγκαθήμενοι
1554 1931 1816 2004 βραχεῖάν

207 2043 328 2076 τινα
382 2031 481 2074 τῶν
531 2022 756 2081 ἡλιακῶν
800 2020 1021 2073 ἀκτίνων
1074 2027 1162 2073 καὶ
1214 2019 1455 2096 ἀμυδρὰν
1502 2018 1818 2092 λαμπηδόνα

209 2108 629 2186 παραδέχονται,
687 2112 846 2171 οὕτως
900 2113 947 2162 οἱ
991 2118 1062 2180 τῷ
1127 2115 1328 2181 σαρκίῳ
1392 2110 1816 2184 περιξεϐλημένοι

210 2199 266 2253 ἰκ
295 2209 385 2261 τῆς
437 2198 676 2271 ἆπαυγῆς
716 2197 906 2259 ἐκείνης
937 2206 1028 2250 τοῦ
1077 2206 1266 2256 νοητοῦ
1323 2197 1469 2257 ἡλίου
1514 2198 1586 2260 εἰς
1623 2201 1814 2251 ἔννοιάν

211 2309 328 2341 τινα
382 2294 472 2341 καὶ
530 2292 817 2361 φαντασίαν
865 2289 1117 2360 θεοπρεπῆ
1171 2289 1343 2362 ὥσπερ
1395 2286 1495 2340 ἀπὸ
1525 2308 1656 2348 τινος
1693 2308 1816 2340 κατ-

212 2385 460 2452 οπτρικοῦ
513 2382 894 2449 μηχανήματος
945 2384 1037 2427 τοῦ
1094 2395 1149 2428 τε
1201 2378 1362 2428 πόθου
1410 2382 1622 2439 καὶτῆς
1654 2377 1815 2437 συζη-

212 2473 415 2527 τησεως
471 2473 764 2539 σκιοφανεῖς
835 2466 1046 2527 ἀκτῖνας
1093 2464 1316 2527 ἕλκοντες
1386 2463 1671 2537 ἀνάγεσθαι
1724 2463 1816 2518 δύ-

211 2575 414 2610 νανται.

283 2645 378 2698 ’ον
407 2648 497 2717 μὲν
545 2641 633 2697 οὖν
672 2641 927 2704 διασώζει
971 2644 1118 2716 λόγον
1157 2646 1183 2696 ό
1230 2643 1374 2705 ἣλιος
1401 2647 1448 2696 ἐν
1492 2651 1602 2706 τοῖς
1631 2644 1814 2703 αἰσθη·

213 2742 341 2800 τοῖς,
409 2737 654 2792 τοιαύτην
704 2735 763 2785 ἄν
817 2739 932 2808 περὶ
988 2742 1082 2786 τοῦ
1135 2739 1290 2786 Θείου
1341 2730 1562 2786 δύναταί
1617 2753 1698 2794 τις
1743 2736 1815 2786 ἓν·

213 2843 356 2876 νοιαν
415 2826 482 2886 ὡς
531 2822 583 2886 ἐξ
635 2821 828 2885 εἰκόνος
881 2825 928 2874 ἐν
1001 2829 1106 2883 τοῖς
1176 2829 1380 2883 νοητοῖς
1458 2819 1641 2875 δοῦναι
1728 2829 1816 2876 καὶ

214 2911 409 2965 λαϐεῖν.

288 2999 442 3053 Ἀλλὰ
487 3002 588 3073 γὰρ
640 3005 730 3052 καὶ
782 2998 834 3062 ἐξ
883 2998 1190 3071 ἀποφάσεως
1227 3019 1328 3051 των
1376 3002 1530 3052 ὄντων
1578 2999 1814 3052 ἁπάντων

216 3090 287 3153 εἰς
349 3091 564 3163 θεωρίαν
634 3087 932 3161 ἁναγόμεθα
987 3096 1084 3151 τῆς
1134 3088 1456 3163 ἐξῃρημένης
1507 3098 1606 3140 τῶν
1662 3093 1815 3141 ὄντων

213 3179 400 3240 οὐσίας
430 3198 482 3231 τε
529 3184 617 3231 καὶ
658 3179 915 3240 θεότητος.
948 3177 1013 3230 Ὀ
1057 3180 1157 3252 γὰρ
1203 3174 1368 3250 μηδὲν
1405 3176 1516 3230 ἐστι
1554 3187 1650 3230 τῶν
1693 3199 1816 3230 παν-

213 3288 337 3333 των,
383 3275 611 3341 κρεῖττον
672 3265 731 3321 δὲ
779 3274 868 3320 τοῦ
916 3271 1127 3332 παντὸς,
1173 3268 1318 3318 τοῦτ’
1357 3269 1417 3318 ἄν
1457 3270 1533 3326 εἴη
1576 3271 1721 3332 Θεὸς,
1763 3269 1816 3328 ὃς

212 3361 510 3431 προήγαγεν
545 3377 598 3409 τε
626 3356 681 3409 ἐκ
710 3361 781 3428 μή
811 3360 964 3408 ὄντων
1005 3356 1079 3418 εἰς
1105 3358 1162 3408 τὸ
1193 3352 1323 3407 εἶναι
1359 3360 1417 3408 τό
1450 3362 1571 3425 πᾶν,
1608 3361 1817 3418 καὶτῆς

211 3455 311 3499 τῶν
337 3449 674 3520 προηγμένων
704 3442 961 3519 διαμονῆς
995 3451 1083 3498 καὶ
1115 3445 1414 3518 ἐναρμονίου
1447 3450 1694 3506 κινήσεως
1724 3450 1814 3504 τὴν

213 3540 460 3610 πρόνοιαν
488 3538 620 3606 ἔχει.

290 3629 390 3677 Καὶ
437 3629 537 3699 πρό
583 3643 642 3695 γε
693 3625 907 3689 τούτων,
961 3624 1041 3675 ὅτι
1094 3625 1205 3676 ἔστι
1255 3626 1400 3686 Θεὸς,
1456 3631 1598 3696 κοινῇ
1654 3630 1814 3676 πᾶσιν

211 3712 628 3788 ἕγκατέσπαρται
671 3720 787 3775 ταῖς
839 3711 1186 3784 ἀνθρωπίναις
1234 3709 1511 3778 διανοίαις,
1556 3720 1652 3774 τῆς
1686 3711 1816 3764 ἐκεῖ-

213 3804 296 3856 Θεν
351 3801 519 3873 αὐγῆς
577 3804 639 3862 ὡς
684 3798 758 3853 δι’
807 3800 1074 3874 ἐμφάσεων
1127 3798 1484 3862 διανιστωσης
1532 3803 1676 3873 ἡμῶν
1728 3806 1813 3852 τὸν

209 3899 350 3956 νοῦν,
407 3895 495 3943 καὶ
553 3893 972 3961 φωταγωγούσης
1013 3891 1054 3942 εἰ
1101 3895 1190 3942 καὶ
1229 3893 1301 3962 μὴ
1344 3893 1469 3964 πρὸς
1513 3893 1570 3942 τὸ
1624 3887 1814 3942 εἰδέναι

211 3985 265 4033 τί
303 3979 418 4033 ποτ’
454 3978 567 4032 ἐστὶ
614 3983 750 4052 Θεὸς,
807 3979 913 4031 ἀλλ’
964 3975 1050 4031 οὖν
1092 3999 1152 4050 γε
1193 3984 1264 4052 μὴ
1300 3977 1497 4050 ἀγνοεῖν
1537 3980 1656 4053 ὅπερ
1689 3979 1813 4042 ὅλως

211 4069 377 4122 ἕστίν.

287 4158 347 4211 Εἰ
375 4161 475 4233 γὰρ
518 4157 732 4227 πλῆθος,
777 4158 913 4210 ἅπαν
945 4161 1043 4210 εἴτε
1074 4163 1161 4216 τὴν
1203 4165 1293 4210 τοῦ
1345 4165 1596 4229 συνεχοῦς
1627 4157 1812 4230 ὄνομα·

1922 1673 2187 1733 ostenso,
2220 1671 2322 1741 qui
2345 1669 2502 1732 facit,
2541 1675 2602 1725 ut
2631 1672 2817 1740 possit
2842 1687 3011 1726 mens
3045 1671 3103 1725 in
3127 1670 3292 1726 illam
3319 1670 3579 1724 immen-

1922 1774 2054 1813 sam
2089 1759 2587 1829 pulchritudinem
2631 1759 2865 1824 intueri,
2897 1759 3023 1815 ﬁeri
3055 1763 3271 1830 potest,
3302 1763 3368 1813 ut
3403 1775 3577 1829 quas-

1922 1848 2062 1904 dam
2078 1849 2471 1917 cogitationes
2510 1852 2683 1904 Deum
2727 1849 3003 1905 decentes
3027 1849 3394 1920 recipiamus.
3417 1847 3579 1904 Sicut

1922 1937 2102 1999 enim,
2149 1938 2246 2008 qui
2285 1942 2421 1992 sunt
2452 1937 2713 1993 tenebris
2752 1938 2953 1993 densis
2987 1937 3348 2001 circumfusi,
3391 1935 3579 2005 fulgo-

1921 2042 2047 2084 rem
2077 2025 2405 2098 quemdam
2432 2041 2680 2097 parvum
2714 2030 2772 2080 et
2809 2030 3050 2081 tenuem
3090 2025 3395 2080 radiorum
3437 2024 3577 2080 solis

1921 2115 2264 2181 admittunt,
2298 2115 2381 2170 sic
2411 2116 2513 2187 qui
2544 2119 2683 2170 sunt
2731 2114 2996 2170 conclusi
3041 2115 3100 2169 in
3132 2129 3332 2182 carne,
3377 2129 3447 2168 ex
3479 2113 3576 2168 illo

1922 2204 2238 2275 splendore
2282 2204 2419 2260 solis
2462 2202 2830 2268 intellectilis,
2885 2208 3176 2274 tanquam
3221 2217 3256 2257 a
3310 2201 3576 2274 quodam

1921 2293 2161 2364 Speculo
2206 2292 2340 2365 (3t),
2379 2292 2650 2348 desiderii
2701 2296 2759 2347 et
2806 2290 3207 2361 inquisitionis
3248 2289 3417 2346 radio
3448 2306 3580 2344 um-

1920 2383 2162 2438 bratiles
2187 2382 2506 2446 elicientes,
2556 2383 2634 2438 ad
2659 2382 2922 2438 notitiam
2971 2380 3302 2454 quamdam
3336 2383 3394 2436 et
3422 2380 3579 2450 cogi-

1920 2472 2210 2528 tationem
2233 2471 2445 2528 elevari
2478 2475 2742 2543 possunt.

1994 2651 2184 2716 Quam
2226 2649 2404 2721 igitur
2449 2650 2738 2706 rationem
2773 2648 2863 2705 sol
2892 2649 2952 2704 in
3007 2647 3100 2713 iis,
3133 2663 3270 2722 quae
3301 2647 3414 2704 sub
3445 2663 3580 2704 sen-

1922 2757 2055 2795 sum
2095 2739 2341 2803 cadunt,
2374 2738 2574 2806 habet,
2607 2736 2856 2794 similem
2904 2736 3305 2807 cognitionem
3336 2735 3436 2791 Dei
3476 2751 3580 2807 po-

1925 2833 2032 2883 test
2050 2830 2182 2900 quis
2210 2827 2490 2900 praebere,
2519 2833 2575 2882 et
2598 2827 2885 2898 accipere,
2904 2831 3193 2897 tanquam
3226 2840 3297 2880 ex
3317 2823 3580 2894 imagine

1853 2918 1894 2977 C
1923 2917 1984 2973 in
2011 2917 2102 2982 iis,
2128 2933 2263 2988 quae
2293 2916 2406 2971 sub
2430 2915 2880 2986 intelligentiam
2905 2914 3146 2970 cadunt.

1999 3005 2110 3062 Sed
2124 3007 2280 3060 enim
2297 3022 2366 3060 ex
2383 3004 2699 3074 negatione
2720 3004 2896 3059 etiam
2928 3003 3220 3066 omnium,
3246 3017 3380 3073 quae
3417 3005 3578 3065 sunt,

1925 3093 2280 3149 adducimur
2302 3093 2378 3149 ad
2399 3091 2990 3164 comtemplationem
3013 3090 3386 3156 substantiae,
3414 3094 3581 3145 extra

1925 3183 2130 3238 omnia
2158 3182 2384 3256 positae,
2416 3187 2472 3238 et
2501 3181 2824 3237 divinitatis
2855 3197 2868 3248 ;
2911 3181 3067 3252 quod
3108 3179 3267 3235 enim
3298 3177 3446 3234 nihil
3492 3183 3583 3234 est

1925 3288 2130 3328 eorum
2163 3272 2433 3328 omnium
2459 3288 2591 3344 quin
2618 3275 2776 3335 sunt,
2805 3275 2864 3325 et
2883 3270 2998 3341 (32)
3029 3269 3193 3325 omni
3226 3268 3439 3323 melius
3469 3271 3578 3336 est,

1925 3361 2040 3417 hoc
2092 3361 2297 3433 utique
2351 3362 2460 3416 erit
2490 3362 2664 3425 Deus,
2697 3360 2798 3433 qui
2857 3375 2925 3415 ex
2961 3357 3145 3414 nihilo
3201 3357 3337 3412 fecit
3379 3371 3577 3421 omne,

1924 3455 1984 3506 et
2013 3449 2389 3522 providentia
2420 3466 2550 3513 sua,
2591 3466 2722 3522 qua:
2763 3448 2918 3505 facta
2956 3450 3113 3512 sunt,
3152 3449 3487 3511 conservat,
3527 3447 3584 3500 et

1924 3543 1990 3594 ut
2019 3542 2156 3610 apte
2197 3542 2254 3592 et
2279 3538 2570 3593 concinne
2601 3539 2974 3606 moveantur,
3011 3535 3173 3591 facit.

2000 3629 2062 3683 Et
2103 3626 2268 3698 quod
2325 3627 2707 3698 potissimum
2769 3629 2876 3692 est,
2934 3625 3204 3681 omnium
3265 3621 3580 3678 hominum

1925 3715 2223 3771 mentibus
2254 3716 2650 3771 communiter
2686 3715 2929 3770 insitum
2962 3717 3068 3779 est,
3103 3713 3290 3768 Deum
3343 3727 3494 3780 esse,
3524 3714 3582 3766 et

1925 3804 2083 3860 illinc
2126 3804 2336 3875 fulgor,
2376 3809 2670 3876 tanquam
2727 3821 2828 3875 per
2871 3803 3240 3858 ostensiones
3279 3799 3580 3872 quasdam

1926 3897 2189 3949 mentem
2223 3893 2521 3959 excitat,et
2548 3892 2867 3956 illuminat,
2905 3890 3145 3946 tametsi
3177 3904 3294 3944 non
3325 3892 3391 3943 ut
3421 3888 3578 3944 scia-

1924 3998 2077 4048 mus,
2118 3982 2263 4054 quid
2281 3981 2526 4036 tandem
2558 3982 2711 4036 Deus
2740 3984 2847 4046 est,
2878 3983 3078 4035 tamen
3108 3983 3169 4032 ut
3200 3991 3319 4032 non
3349 3975 3581 4047 ignore-

1925 4087 2080 4137 mus,
2109 4086 2240 4126 esse
2265 4070 2512 4142 quidem
2543 4069 2809 4124 omnino.

1998 4160 2054 4216 Si
2097 4159 2250 4213 enim
2284 4159 2397 4229 (33)
2429 4157 2626 4213 omnis
2660 4155 2986 4211 similitudo
3035 4154 3155 4208 sive
3187 4166 3407 4208 nomen
3439 4166 3577 4208 con-

213 4253 333 4300 σίαν
385 4244 686 4319 δεχόμενον,
737 4251 836 4300 εἴτε
895 4255 966 4319 τῷ
1044 4243 1372 4322 διωρισμένῳ
1438 4252 1813 4320 περιγραφόμε-

1936 4247 2074 4303 Linui
2105 4247 2344 4310 habeat,
2378 4246 2499 4301 sive
2542 4245 2794 4311 discreti,
2828 4245 2980 4300 sicut
3022 4244 3081 4298 in
3139 4241 3436 4297 inﬁnitum
3473 4255 3573 4310 po-

209 4357 316 4403 νον,
370 4341 542 4411 ὥσπερ
597 4337 666 4399 εἰς
710 4338 921 4410 οἷπειρον
969 4333 1191 4388 δύναται
1238 4338 1513 4408 τέμνεσθαι
1551 4341 1640 4388 καὶ
1693 4356 1814 4389 σκε-

211 4423 493 4494 δάζεσθαι,
546 4427 680 4478 οὕτω
727 4432 815 4479 καὶ
872 4429 999 4499 πρὸς
1053 4431 1146 4483 τὴν
1196 4428 1390 4497 φθορὰν
1441 4422 1807 4498 ἀποφέρεσθαι.

211 4523 428 4588 Μετοχῇ
488 4518 692 4578 πάντως
746 4515 854 4576 ἑνός
921 4534 1052 4574 τινος
1099 4513 1290 4588 ἐξήρθη
1354 4521 1444 4565 τοῦ
1496 4519 1567 4586 μὴ
1651 4522 1814 4566 ταῦτα

209 4607 392 4658 παθεῖν
437 4605 628 4657 αὐτίκα
674 4611 764 4656 τοῦ
812 4602 1096 4676 προελθεῖν,
1141 4601 1268 4654 ἀλλὰ
1321 4611 1482 4673 μονῆς
1537 4602 1810 4655 ἀπολαύειν

1924 4341 2039 4392 test
2081 4337 2267 4391 secari
2295 4342 2350 4390 et
2378 4333 2669 4406 dissipari,
2703 4334 2784 4388 sic
2822 4333 3000 4388 etiam
3045 4331 3119 4386 ad
3151 4329 3477 4385 ﬂuxionem
3520 4331 3580 4383 et

1923 4423 2224 4480 interitum
2273 4422 2503 4488 deferri,
2554 4421 2798 4476 omnino
2865 4424 3068 4474 tamen
3126 4415 3577 4490 participatione

1924 4513 2097 4568 unius
2148 4511 2462 4583 cujusdam
2512 4509 2813 4575 liberatur,
2847 4523 2922 4564 ne
2969 4508 3086 4563 ista
3136 4506 3392 4578 patiatur
3436 4505 3574 4575 (34),

1922 4602 2121 4658 statim
2153 4605 2218 4655 ut
2247 4599 2621 4673 participatio
2654 4599 2828 4654 unius
2858 4595 3118 4671 prodivit
3148 4612 3158 4650 :
3203 4593 3349 4667 quin
3376 4593 3576 4666 potius

1775 4770 2000 4826 NOT/E.

281 4897 395 4968 (30)
425 4898 558 4954 Non
584 4903 764 4965 potest
797 4895 1086 4965 expromi,
1119 4898 1267 4951 sicut
1298 4895 1806 4968 nequercognoscit

202 4967 381 5027 Deus.
418 4968 672 5043 Ἀρῥητον
702 4971 790 5040 μὲν
822 4971 904 5043 τό.
929 4973 1071 5043 βεῖον
1105 4969 1274 5043 ὥσπερ
1316 4973 1406 5018 καὶ
1452 4967 1702 5043 οἷληπςτονἶ
1743 4967 1804 5020 Id

203 5049 333 5098 est:
387 5063 404 5089 ι
434 5037 561 5096 Non
590 5037 780 5110 potest
808 5039 1051 5111 quidem
1104 5037 1303 5092 verbis
1345 5037 1613 5108 exprimi,
1657 5038 1808 5092 sicut

203 5127 405 5183 neque
431 5111 709 5183 cognosci
739 5111 913 5183 Deus.
946 5131 971 5160 ν

278 5178 390 5255 (31)
419 5178 710 5239 Βεέίιίενίί
738 5187 792 5238 et
823 5180 1226 5255 inquisitionis
1255 5179 1421 5236 radio
1465 5178 1806 5235 umbratiles

202 5252 524 5314 eltt’iemes.
568 5260 671 5305 Τοῦ
710 5271 764 5304 τε
805 5253 969 5305 πόθου
1010 5257 1096 5304 καὶ
1141 5252 1478 5314 συζητήσεως
1513 5257 1806 5323 σκιαφανεῖς

200 5327 415 5388 ἀκτῖνας
443 5325 690 5387 ἕλκοντες.
729 5324 795 5378 Id
830 5328 916 5378 est
948 5341 960 5378 :
1000 5342 1026 5373 «
1070 5323 1347 5379 Desiderii
1378 5329 1432 5378 et
1467 5323 1803 5394 inquisitio-

198 5399 298 5456 nis
331 5397 534 5453 radios
563 5395 907 5451 umbratiles
933 5393 1252 5450 elicientes.
1293 5414 1320 5446 »

277 5470 391 5550 (.32)
416 5469 494 5525 Et
519 5466 914 5550 gmnimelius
944 5472 1109 5522 est...
1139 5480 1217 5550 em
1238 5465 1430 5521 nihilo
1452 5464 1798 5550 fecit‘oome.

202 5536 451 5619 Κρεῖττον
511 5536 572 5592 δὲ
607 5545 700 5592 τοῦ
756 5539 1042 5602 παντὸς...
1086 5541 1386 5613 προήγαμεν
1444 5536 1499 5588 ἐκ
1541 5540 1612 5610 μὴ
1647 5538 1802 5587 ὄντων

1916 4894 1987 4954 εἰς
2040 4899 2098 4946 τὸ
2163 4893 2291 4947 εἶναι
2349 4896 2407 4945 τὸ
2455 4898 2579 4946 πᾶν.
2631 4891 2692 4946 Id
2738 4894 2872 4945 est:
2933 4911 2954 4936 ι
3011 4888 3078 4943 Et
3134 4888 3244 4942 hoc
3297 4886 3574 4942 universo

1915 4966 2124 5021 melius
2143 4973 2234 5021 est
2265 5007 2278 5023 .
2323 5007 2336 5019 .
2381 5007 2394 5020 .
2424 4981 2492 5018 ex
2522 4962 2704 5018 nihilo
2723 4962 2856 5017 fecit
2887 4960 3253 5024 universum,
3285 4972 3392 5014 seu
3417 4956 3573 5014 hanc

1913 5053 2110 5092 rerum
2148 5035 2586 5092 universitatem
2599 5076 2612 5092 .
2650 5057 2669 5083 ι

2019 5110 2062 5179 l)
2092 5109 2186 5162 Est
2211 5103 2844 5179 dissertatiosecunda
2865 5101 3047 5179 apud
3076 5099 3458 5179 Dasnagium.

2011 5171 2099 5251 33)
2154 5179 2375 5251 Omnis,
2415 5176 2764 5251 similitudo.
2818 5174 3017 5234 Πλῆθος
3083 5171 3242 5230 ἁπαν,
3305 5171 3363 5226 ld
3412 5174 3501 5227 est
3553 5190 3565 5230 ε

1919 5271 1938 5299 α
1979 5249 2174 5305 omnis
2210 5249 2547 5304 multitudo.
2585 5271 2604 5296 ι

1984 5323 2100 5390 (34)
2129 5322 2339 5376 Statim
2371 5328 2431 5375 ut
2456 5317 3025 5390 participatiounius
3047 5315 3334 5390 prodivit.
3370 5311 3571 5390 Αὐτίκα

1912 5387 2003 5444 τοῦ
2045 5387 2325 5465 προελθεῖν.
2388 5391 2450 5446 Id
2481 5395 2566 5447 est
2596 5407 2608 5447 :
2644 5410 2671 5440 «
2700 5389 2905 5446 Statim
2965 5393 3026 5445 ut
3057 5387 3117 5444 in
3144 5402 3342 5444 rerum
3396 5389 3565 5442 natu-

1911 5478 2041 5519 ram
2065 5463 2301 5537 prodiit.
2331 5483 2358 5512 »
