4116 6194
564 262 667 318 887
1802 262 2036 319 PHOTII
2079 259 2563 318 PATRIARCHE
2603 261 2710 321 CP.
3836 270 3937 328 888

561 388 899 455 duratione,
949 393 1006 443 et
1056 389 1505 445 conservatione
1556 390 1829 445 fruatur:
1898 386 2214 460 participa-

2324 391 2412 438 καὶ
2458 396 2717 459 συνοχῆς.
2757 395 2974 460 Μετοχῇ
3021 384 3072 441 δ’
3114 387 3217 449 ἐνὸς
3261 396 3357 441 τοῦ
3400 394 3601 465 κυρίως
3653 399 3753 445 καὶ

560 478 782 536 tionem
813 478 949 533 dico
1000 477 1197 542 unius,
1255 493 1376 534 non
1403 479 1574 534 unius
1622 479 1875 551 proprie,
1932 476 2099 549 quod
2129 479 2218 530 est

559 583 745 639 supra
787 566 1204 631 substantiam,
1236 568 1524 638 quoniam
1553 567 2008 639 participatione
2036 564 2216 635 hujus

556 671 753 727 neque
781 655 967 710 secari
996 671 1187 727 neque
1230 655 1512 727 dissipari
1553 662 1814 727 possent,
1848 671 1955 710 nec
1986 657 2215 709 naturas

559 746 759 799 essent
795 742 1046 799 omnino
1098 742 1275 799 ﬂuxas
1312 749 1367 799 et
1399 744 1709 808 mortalis;
1760 744 1863 799 sed
1900 742 2217 814 participa-

560 833 785 889 tionem
809 833 982 888 unius
1012 834 1164 897 dico,
1199 836 1364 907 quod
1395 835 1658 907 quidem,
1693 836 1795 907 qui
1834 833 2046 889 dixerit
2084 847 2216 886 esse

561 922 843 980 umbram
878 927 1113 978 tenuem
1157 926 1336 979 unius
1369 925 1594 996 pr0prie
1634 928 1693 979 et
1729 939 1910 995 supra
1938 922 2216 977 substan-

564 1012 729 1080 tiam,
773 1011 850 1067 ad
881 1012 1287 1084 conjecturam
1340 1014 1445 1069 iste
1481 1029 1664 1085 prope
1708 1011 2038 1075 accesserit,
2080 1026 2215 1081 quae

565 1100 712 1157 nihil
736 1100 930 1156 audax
952 1105 1351 1173 repraesentet,
1376 1101 1725 1171 hujusmodi
1748 1116 1888 1156 vero
1917 1107 2006 1155 est
2029 1115 2216 1153 unum

564 1189 728 1263 apud
768 1205 897 1254 nos,
926 1189 1115 1259 cujus,
1152 1191 1304 1246 sicut
1349 1190 1570 1246 dictum
1594 1194 1700 1255 est,
1733 1188 1889 1245 facta
1920 1187 2216 1259 particeps

2324 480 2509 528 ουσίαν
2558 477 2684 538 ἑνός.
2733 477 2878 532 Ἐπεὶ
2928 474 3051 530 οὐδε
3094 481 3271 549 τμητὰ
3310 483 3402 530 καὶ
3447 477 3760 536 σκεδαστοὲ.
3813 484 3943 539 Οὐδέ

2321 564 2543 639 ῥεούσης
2604 567 2665 617 ἄν
2722 566 2851 627 ὅλως
2909 569 3091 625 εἴησαν
3154 572 3244 619 καὶ
3311 570 3658 641 φθειρομένης
3722 575 3939 643 φύσεως,

2324 652 2430 705 ἀλλ’
2479 654 2585 715 ἑνὸς
2631 663 2861 727 μετοχῇ,
2912 656 2937 707 ὃ
2969 653 3036 714 δὴ
3087 658 3241 708 σκιάν
3269 675 3347 717 τις
3376 654 3629 729 ἀμυδρὰν
3662 659 3829 713 εἰπὼν
3862 672 3945 715 τοῦ

2322 748 2517 817 κυρίως
2573 749 2662 795 καὶ
2712 745 3025 816 ύπερουσίου
3080 745 3212 813 ἑνὸς,
3263 743 3416 816 ἐγγὺς
3464 748 3528 797 ἄν
3581 747 3842 810 εἰκασίας
3870 758 3944 822 γί-

2322 850 2460 883 νοιτο
2508 840 2603 892 τῆς
2657 829 2823 903 μηδὲν
2881 831 3302 906 ἁνατυπουμένης
3357 834 3645 909 τολμηρόν.
3696 844 3945 892 Τοιοῦτον

2325 917 2377 972 δ’
2422 919 2535 972 ἐστὶ
2582 925 2641 973 τὸ
2690 924 2814 996 παρ’
2853 924 2978 994 ἡμῖν
3034 924 3104 977 ἓν.
3149 923 3227 975 Οὔ
3269 928 3360 976 καὶ
3397 928 3454 976 τὸ
3486 925 3715 991 πλῆθος,
3776 930 3945 1003 ὥσπερ

2325 1012 2547 1082 εἴρηται,
2582 1015 2805 1082 μέτοχον
2835 1013 3027 1083 τμητὸν
3074 1016 3163 1083 μέν
3208 1010 3321 1064 ἐστι
3367 1018 3457 1066 καὶ
3504 1011 3826 1069 σκεδαστὸν
3869 1027 3946 1070 καὶ

2322 1099 2560 1172 ῥευστὸν,
2593 1102 2735 1151 οὔπω
2790 1096 2849 1151 δὲ
2895 1107 2955 1171 τῇ
3012 1096 3242 1172 περιόδῳ
3289 1098 3716 1177 ωνδιερῥύημεν
3780 1108 3946 1181 ὥσπερ

2324 1184 2448 1240 οὐδὲ
2480 1184 2852 1260 διατίτμηται.

564 1277 881 1334 multitudo
922 1279 1193 1334 secabilis
1244 1280 1489 1351 quidem
1520 1284 1609 1335 est
1640 1284 1694 1335 et
1747 1275 2133 1350 dissipabilis,
2167 1280 2221 1330 et
2262 1274 2422 1332 ﬂuxa
2446 1276 2719 1332 nondum
2774 1284 2968 1333 tamen
3003 1293 3074 1334 eo
3101 1280 3405 1351 processit,
3454 1287 3515 1337 ut
3553 1281 3822 1339 ﬂuxerit
3852 1292 3949 1341 aut

563 1367 815 1437 disjecta
846 1368 936 1423 sit.

634 1456 858 1511 ldcirco
902 1456 1035 1528 ipsa
1065 1457 1405 1523 multitudo,
1437 1474 1573 1530 quae
1621 1462 1835 1512 natura
1873 1471 1982 1511 sua
2024 1452 2219 1509 termi-

561 1544 804 1601 natione
853 1550 909 1601 et
942 1546 1139 1616 specie
1185 1552 1363 1611 caret,
1405 1552 1650 1617 pr0pter
1682 1546 1824 1600 illud
1876 1560 2062 1599 unum
2115 1542 2219 1597 de-

561 1634 766 1690 ﬁnitur
806 1638 863 1689 et
911 1636 1103 1705 specie
1143 1634 1420 1689 afﬁcitur.
1479 1633 1907 1701 Quaternarius
1938 1632 2118 1697 enim,
2166 1635 2221 1685 et

565 1725 955 1794 septenarius,
1016 1723 1394 1787 etdenarius,
1427 1729 1483 1778 et
1514 1723 1879 1785 tricenarius,
1936 1720 2112 1775 veluti
2140 1720 2216 1774 si-

567 1810 825 1866 mulacra
854 1816 1010 1877 sunt,
1043 1820 1096 1867 et
1125 1811 1278 1867 fetus
1308 1813 1506 1876 unius,
1559 1811 1721 1884 quod
1779 1810 1935 1882 apud
1968 1825 2078 1865 nos
2109 1813 2218 1878 est,

569 1914 704 1971 quaa
731 1899 987 1971 speciem
1020 1900 1313 1956 inducunt
1342 1900 1729 1968 multitudini,
1761 1905 1816 1955 et
1844 1915 1977 1954 eam
2010 1896 2222 1953 uniunt

570 1991 626 2044 et
648 1988 987 2058 terminant,
1016 2005 1086 2044 ac
1110 1988 1625 2044 circumscribunt.

646 2076 920 2133 Similiter
962 2083 1160 2134 autem
1195 2080 1305 2151 (35)
1354 2078 1403 2133 si
1434 2093 1612 2133 omne
1662 2077 1893 2132 unitum
1938 2090 2059 2130 non
2107 2074 2220 2130 sibi

569 2165 683 2238 ipsi
717 2166 863 2231 unit,
898 2167 1000 2222 sed
1045 2168 1268 2223 unitate
1311 2167 1542 2221 unitum
1588 2172 1687 2231 est,
1733 2170 1787 2221 et
1816 2165 2015 2237 ipsum
2046 2164 2222 2233 igitur

570 2256 1021 2328 participatione
1041 2257 1236 2322 unius,
1262 2256 1521 2320 salvum,
1548 2261 1606 2311 et
1622 2255 1918 2310 incolume
1933 2257 2217 2324 servatur,

569 2344 747 2399 unius
777 2344 996 2400 scilicet
1026 2362 1146 2400 non
1173 2345 1326 2400 illius
1355 2346 1612 2418 proprie,
1646 2349 1701 2400 et
1726 2359 1909 2415 supra
1941 2342 2221 2397 substan-

569 2432 733 2497 tiam,
769 2434 871 2488 sed
899 2433 1053 2489 sicut
1078 2439 1212 2489 ante
1242 2434 1468 2489 dictum
1496 2441 1603 2502 est,
1644 2432 1843 2498 unius,
1876 2431 2031 2504 quod
2066 2430 2219 2486 illius

566 2522 784 2577 umbra
812 2521 1040 2577 fruitur.

640 2610 946 2673 Praeterea,
983 2610 1031 2664 si
1055 2610 1116 2665 in
1143 2610 1237 2674 iis,
1261 2626 1398 2682 quae
1432 2616 1590 2674 sunt,
1617 2609 1751 2665 licet
1775 2608 2034 2679 reperire
2059 2624 2220 2671 eum,

566 2697 669 2770 qui
712 2698 1079 2768 dominatur,
1111 2704 1167 2755 et
1215 2716 1351 2754 eum
1401 2700 1502 2771 qui
1550 2703 1638 2753 est
1690 2697 1991 2768 subjectus
2034 2696 2224 2751 domi-

568 2787 779 2853 nanti;
827 2792 880 2842 et
909 2786 1035 2859 ipse
1080 2787 1185 2860 qui
1227 2787 1616 2855 dominatur;
1663 2787 1709 2841 si
1758 2786 1915 2842 subit
1954 2785 2222 2840 ordinem

568 2875 720 2946 ejus,
751 2874 852 2947 qui
884 2876 1187 2947 subjectus
1213 2880 1300 2931 est
1320 2876 1674 2944 dominanti,
1708 2874 1927 2931 scilicet
1966 2889 2085 2930 non
2117 2874 2223 2929 do-

571 2964 811 3021 minans
843 2982 856 3031 ;
889 2981 1009 3021 non
1048 2965 1286 3037 proprie
1317 2965 1609 3032 dominat,
1643 2964 1787 3036 quia
1818 2963 2084 3036 privatus
2128 2963 2219 3018 :10-

2336 2970 2427 3023 τῆς
2472 2962 2665 3037 ἀρχῆς.
2718 2960 2859 3016 Ούδε
2905 2972 3059 3016 τοῦτο
3115 2966 3231 3016 ἔστι
3281 2984 3358 3026 τις
3432 2967 3964 3039 ύπερανῳκισμένηί

571 3053 803 3109 minatu
836 3054 1141 3125 subjectus
1173 3059 1265 3110 est
1294 3054 1625 3109 dominanti
1660 3070 1673 3120 ;
1726 3053 1885 3125 quod
1922 3052 1967 3107 si
2004 3052 2088 3108 ita
2119 3057 2219 3117 est,

2338 3057 2426 3104 καὶ
2458 3054 2691 3124 ἄναρχος
2733 3051 2901 3125 ἀρχὴ,
2937 3052 2991 3116 ἐξ
3035 3050 3097 3113 ἧς
3139 3058 3197 3106 τὸ
3228 3056 3398 3126 ἄρχον
3442 3059 3535 3113 τὴν
3578 3053 3845 3131 ἀμυδρῶν
3877 3066 3966 3111 τού

572 3148 659 3199 est
710 3144 886 3199 etiam
933 3122 1142 3216 aliquis
1185 3145 1295 3215 (36)
1327 3144 1672 3199 dominatus
1722 3122 1992 3213 superior
2049 3158 2219 3213 supra

2341 3141 2653 3210 εἰκάσματος
2695 3138 2968 3213 δεξάμενον
3019 3144 3188 3213 σκιὰν,
3238 3146 3332 3201 τὴν
3384 3148 3574 3215 σχίσιν
3617 3145 3845 3200 εἵλκυσε
3879 3155 3967 3199 καὶ

572 3231 916 3299 collocatus,
960 3233 1062 3305 qui
1093 3248 1213 3288 non
1248 3233 1424 3304 coepit
1453 3248 1523 3289 ex
1563 3248 1685 3304 quo
1713 3232 1812 3303 qui
1858 3230 2219 3286 dominaturi

2340 3235 2434 3289 τὴν
2464 3230 2745 3303 ὀνομασίαν
2770 3240 2862 3292 τῆς
2885 3230 3074 3307 ἀρχῆς.

571 3320 820 3377 obscura
836 3320 1241 3376 similitudinis
1266 3320 1711 3376 adumbratione
1732 3324 2035 3390 suscepta,
2062 3318 2227 3375 habi-

571 3408 838 3465 tudinem
865 3414 920 3464 et
938 3410 1411 3465 nominationem
1441 3410 1788 3465 dominatus
1816 3410 2010 3465 traxit.

641 3499 864 3552 Rursus
902 3496 1067 3553 aliter
1096 3515 1109 3564 ;
1145 3497 1297 3551 sicut
1325 3497 1457 3552 licet
1492 3497 1689 3551 videre
1724 3496 2052 3566 subjectum
2101 3500 2225 3552 tan-

570 3589 694 3640 tum
724 3584 965 3640 alterius
992 3586 1407 3650 dominationi,
1432 3592 1485 3640 et
1516 3601 1637 3641 non
1669 3584 2101 3649 dominantem,
2137 3585 2224 3641 sic

568 3672 703 3728 licet
752 3673 1145 3745 contemplari
1193 3689 1323 3729 esse
1356 3674 1617 3745 aliquem
1677 3675 1791 3743 (37)
1824 3673 2220 3744 principatum

561 3762 867 3831 eximium,
896 3767 952 3817 et
984 3762 1203 3817 caeteris
1266 3762 1549 3817 omnibus
1608 3762 2078 3828 antecellentem,
2116 3765 2219 3835 qui

559 3866 679 3905 non
708 3850 948 3922 ceperit,
976 3851 1073 3923 qui
1104 3866 1243 3906 eum
1273 3850 1460 3917 decet,
1492 3850 1594 3922 qui
1618 3850 1922 3906 divinitate
1954 3868 2060 3907 sua
2091 3867 2219 3907 ma-

551 3939 650 4011 jor
679 3942 785 4005 est,
820 3956 1003 4011 quam
1063 3942 1124 3994 ut
1169 3944 1365 3996 mente
1407 3944 1461 3995 et
1509 3939 1894 4010 intelligentia
1946 3956 2219 4012 compre-

558 4027 740 4084 hendi
758 4028 964 4100 possit.

629 4117 684 4172 Si
715 4133 1037 4190 possumus
1084 4118 1145 4174 in
1185 4123 1398 4175 natura
1428 4134 1627 4174 rerum
1676 4119 1933 4190 reperire
1963 4118 2214 4183 bonum,

556 4206 704 4279 quin
744 4206 945 4278 potius
972 4206 1160 4264 multa
1198 4213 1254 4263 et
1281 4208 1444 4263 varia
1473 4208 1633 4263 bona
1674 4208 1859 4279 (quod
1908 4206 2067 4262 enim
2096 4223 2218 4263 non

557 4292 766 4350 fruitur
783 4295 985 4367 aliquo
998 4296 1180 4362 bono,
1205 4295 1311 4352 sed
1330 4296 1404 4350 ad
1426 4312 1732 4351 summum
1753 4295 1991 4351 malitiae
2009 4296 2213 4361 evasit,

2326 4299 2397 4367 μὴ
2458 4294 2705 4347 ἀπολαύει
2762 4298 2895 4355 τινὸς
2971 4293 3312 4366 ἀγαθότητος,
3391 4297 3499 4349 ἀλλ’
3570 4298 3643 4361 εἰς
3716 4302 3954 4375 ἄκρατον

555 4392 665 4438 nec
696 4384 944 4439 omnino
975 4389 1163 4455 potest
1186 4384 1538 4450 consistere;
1573 4384 1857 4439 continuo
1872 4383 2031 4439 enim
2045 4383 2217 4438 dissi-

2326 4387 2439 4443 ἣκει
2496 4388 2701 4448 κακίας,
2761 4379 2876 4435 οὐδ’
2930 4385 3215 4456 ὑφεστάναι
3263 4385 3391 4447 ὅλως
3444 4385 3694 4439 δύναται·
3751 4387 3953 4443 σκεδαο

558 4478 799 4543 paretur
827 4477 883 4528 et
911 4472 1191 4537 interiret,
1228 4473 1525 4545 siquidem
1552 4477 1640 4529 est
1664 4472 1935 4529 interitus
1962 4479 2018 4528 et
2048 4472 2216 4527 dissi-

2328 4474 2475 4531 σθείη
2525 4475 2625 4548 γὰρ
2684 4472 2744 4524 ἂν
2776 4472 2966 4526 αὐτίκα
3015 4479 3104 4525 καὶ
3144 4470 3480 4548 διαφθαρείη,
3526 4480 3668 4550 εἴπερ
3712 4480 3743 4536 ἡ
3778 4482 3952 4551 φθορὰ

557 4560 722 4634 patio
752 4560 913 4634 mali)
937 4562 1119 4635 liquet
1148 4561 1259 4618 alia
1280 4561 1524 4635 quidem
1557 4562 1767 4632 magis,
1796 4562 1910 4617 alia
1935 4577 2077 4618 vero
2102 4562 2215 4617 mi-

2328 4567 2417 4614 καὶ
2461 4563 2486 4613 ὀ
2532 4558 2829 4634 σκεδασμὸς
2881 4570 2972 4615 τοῦ
3019 4565 3230 4635 κακοῦ),
3278 4560 3437 4623 δῆλον
3484 4565 3549 4625 ὡς
3580 4567 3700 4619 ἔστι
3745 4572 3817 4620 τὰ
3854 4574 3950 4641 μὲν

1915 4687 2141 4742 VARI/’E
2170 4685 2571 4744 LECTIONES.

631 4802 659 4844 ιι
700 4802 835 4875 Leg.
868 4808 932 4859 ut
961 4803 1281 4860 Turrianus
1306 4801 1542 4874 legebat
1572 4802 1614 4855 εἰ
1652 4805 1709 4854 τὸ
1764 4802 2037 4874 ἡνωμένον.
2113 4801 2234 4858 ίΑῑι
2298 4802 2533 4876 ὑπεράνω
2562 4806 2789 4875 κειμένη,
2820 4805 2878 4857 ut
2915 4816 3049 4875 pag.
3085 4817 3209 4875 seq.
3245 4803 3577 4877 Hesychius
3609 4808 3827 4864 tamen
3859 4813 3945 4875 τὸ,

564 4891 914 4967 ἂνῳκισμίνος
944 4894 1185 4966 exponit
1215 4908 1321 4965 per
1357 4894 1436 4958 τὸ,
1468 4893 1572 4944 οῖνω
1601 4892 1772 4945 οἰκῶν.

2400 1455 2574 1526 Ταύτῃ
2636 1474 2714 1507 τοι
2767 1460 2857 1508 καὶ
2906 1455 3031 1507 αύτό
3080 1457 3138 1508 τὸ
3186 1455 3384 1520 πλῆθος
3440 1459 3662 1531 ἄριστον
3728 1464 3816 1530 ἄν,
3876 1466 3956 1513 καὶ

2329 1539 2554 1595 ἀνείδεον
2598 1552 2660 1616 τῇ
2708 1563 2767 1615 γε
2812 1547 2963 1616 φύσει
3008 1552 3071 1617 τῇ
3123 1544 3288 1618 οἰκείᾳ
3340 1542 3415 1598 δι’
3461 1550 3663 1601 ἑκείνου
3704 1568 3772 1601 τε
3825 1569 3959 1622 περι-

2327 1631 2559 1703 ορίζεται
2624 1638 2714 1684 καὶ
2786 1630 3141 1688 εἰδοποιεῖται.
3225 1638 3417 1707 Τετρὰς
3460 1639 3563 1708 γὰρ
3625 1642 3724 1689 καὶ
3809 1638 3959 1699 imit;

2328 1725 2417 1771 καὶ
2469 1716 2645 1783 δεκὰς,
2700 1726 2790 1773 καὶ
2845 1725 3065 1793 τριακὰς
3112 1731 3203 1774 τοῦ
3252 1724 3379 1798 παρ’
3431 1726 3556 1796 ἡμῖν
3614 1726 3733 1788 ἑνός
3809 1728 3954 1779 εἰσιν.

2327 1807 2525 1883 Ὠσπερ
2580 1806 2892 1882 ἰνδάλματα,
2951 1810 3203 1886 προϐολαὶ
3250 1815 3308 1864 τὸ
3357 1812 3553 1877 πλῆθος
3608 1814 3958 1868 ἑνοποιοῦσαι

2330 1902 2419 1950 καὶ
2449 1894 2832 1967 εἰδοποιοῡσαι,
2860 1904 2949 1953 καὶ
2978 1902 3397 1976 περιορίζουσαι.

2400 2072 2670 2137 Ὡσαύτως
2722 2072 2800 2140 δὲ,
2856 2080 2946 2127 καὶ
2994 2075 3062 2136 εἰς
3126 2080 3185 2128 τὸ
3238 2078 3495 2148 ἡνωμένον
3549 2080 3575 2120 h
3638 2079 3795 2131 ἅπαν
3864 2082 3961 2152 οὐχ

2331 2160 2481 2214 ἔαυτό
2532 2163 2650 2232 ἑνοῖ,
2693 2162 2819 2216 ἀλλὰ
2868 2172 2927 2237 τῇ
2981 2164 3183 2223 ἑνότητι
3241 2167 3455 2224 ἥνωται.
3511 2172 3616 2219 Καὶ
3668 2168 3816 2220 αὐτὸ
3867 2171 3963 2243 ἆρα

2330 2260 2391 2311 τῆ
2447 2260 2537 2304 τοῦ
2588 2252 2697 2315 ἐνὸς
2749 2262 2951 2326 μετοχῇ
3012 2257 3069 2305 τὸ
3128 2255 3383 2326 ἡνωμένον
3450 2258 3564 2327 ἔχει
3626 2261 3960 2330 σωζόμενον.

2328 2340 2472 2402 Ἑνός
2529 2338 2588 2394 δὲ
2637 2341 2905 2395 κάνταῦθα
2961 2342 3019 2395 ού
3077 2350 3167 2395 τοῦ
3228 2348 3423 2418 κυρίως
3477 2350 3566 2397 καὶ
3625 2347 3960 2418 ύπερουσίου

2331 2430 2453 2490 ἑνός’
2511 2430 2620 2481 ἀλλ’
2669 2433 2842 2505 ὥσπερ
2888 2435 3091 2507 εἴρηται
3144 2440 3236 2486 τοῦ
3284 2432 3642 2496 ἀπολαύοντος
3692 2446 3800 2498 τῆς
3831 2436 3957 2491 ἐκεῖ·

2334 2521 2412 2572 θεν
2448 2527 2624 2582 σκιᾶς.

2403 2606 2515 2660 Ἐτι
2549 2605 2608 2661 δὲ
2649 2611 2760 2661 ἔστι
2801 2611 2890 2682 μεν
2934 2608 2985 2661 ἕν
3020 2618 3125 2670 τοῖς
3163 2610 3283 2664 οὖσι
3326 2610 3497 2664 λαϐεῖν
3536 2616 3596 2664 τὸ
3643 2616 3835 2687 ἄρχον
3875 2621 3959 2668 καὶ

2331 2700 2389 2748 τὸ
2423 2696 2730 2772 ἀρχόμενον.
2780 2703 2878 2752 Καὶ
2916 2698 3041 2751 αὐτὸ
3075 2696 3131 2752 δε
3176 2703 3234 2751 τὸ
3290 2701 3459 2771 ἄρχον
3490 2705 3578 2758 τὴν
3630 2711 3731 2754 του
3795 2704 3963 2777 ἀρχο-

2333 2789 2486 2857 μένου
2517 2786 2661 2847 τοίξιν
2693 2783 3065 2858 ὑποδυόμενον,
3118 2784 3276 2846 δῆλον
3306 2790 3385 2840 ὃτι
3414 2793 3473 2841 τὸ
3508 2792 3707 2862 ἄρχον,
3768 2793 3873 2844 οὐκ
3904 2795 3962 2844 ἐν

2336 2876 2412 2931 εἴη
2464 2879 2657 2948 κυρίως
2698 2876 2867 2948 οῖρχον
2917 2872 3011 2928 διὰ
3066 2884 3156 2928 τοῦ
3213 2878 3481 2950 ἄρχεσθαι
3533 2881 3962 2954 καθαιρούμενον

2411 3500 2505 3548 Καὶ
2566 3495 2725 3556 ἄλλως
2778 3493 2856 3559 δὴ,
2913 3498 3085 3571 ὥσπερ
3144 3500 3257 3550 ἔστι
3310 3498 3599 3551 τελευταῖόν
3658 3521 3711 3553 τι
3781 3500 3959 3555 λαϐεῖν

2334 3583 2622 3659 ἀρχόμενον
2679 3589 2851 3657 μόνον,
2903 3586 2997 3637 οὐκ
3049 3588 3219 3659 οἷρχον
3279 3584 3358 3654 δὲ,
3414 3588 3579 3648 οὕτως
3629 3591 3782 3642 ἔστιν
3836 3591 3957 3643 ἀνα-

2334 3675 2536 3746 θεωρεῖν
2594 3676 2663 3736 ὡς
2718 3676 2831 3726 ἐστι
2887 3694 2967 3736 τις
3022 3675 3283 3747 ὑπερτάτη
3348 3680 3437 3728 καὶ
3489 3676 3793 3751 ἐξῃρημένη
3854 3690 3955 3732 τῶν

2330 3762 2492 3813 ἄλλων
2523 3762 2759 3814 ἁπάντων
2804 3760 3031 3838 ἄναρχος
3076 3762 3243 3838 ἁρχὴ,
3298 3768 3413 3827 ἣτις
3453 3767 3514 3817 οἷν
3562 3766 3955 3840 ἔφαρμόζουσα

2329 3854 2406 3909 εἰη
2446 3859 2505 3923 τῇ
2549 3853 2673 3926 ὑπὲρ
2713 3859 2855 3915 νοῦν,
2889 3856 2977 3904 καὶ
3016 3854 3141 3925 ὑπερ
3174 3856 3367 3905 ἔννοιαν
3397 3860 3573 3906 πᾶσαν
3606 3858 3827 3916 θεότητι
3862 3863 3955 3908 καὶ

2332 3940 2578 4015 θεαρχίᾳ.

2400 4120 2458 4169 Ei
2504 4112 2562 4169 δὲ
2606 4119 2745 4169 ἔστιν
2777 4116 2827 4168 ἐν
2877 4124 2939 4189 τῇ
2980 4125 3078 4169 τῶν
3110 4122 3266 4169 ὄντων
3310 4121 3463 4191 φύσει
3510 4124 3599 4171 καὶ
3635 4119 3843 4193 ἀγαθὸν
3876 4124 3955 4175 r3-

2326 4214 2447 4279 ρεῐν,
2501 4204 2689 4277 μᾶλλον
2732 4202 2791 4258 δὲ
2842 4204 3007 4258 πολλὰ
3052 4211 3141 4258 καὶ
3194 4207 3405 4259 ποικίλα
3450 4211 3515 4260 τὰ
3544 4207 3724 4280 ἁγαθὰ
3756 4214 3811 4279 (ὃ
3848 4219 3951 4287 γὰρ

2326 4299 2397 4367 μὴ
2458 4294 2705 4347 ἀπολαύει
2762 4298 2895 4355 τινὸς
2971 4293 3312 4366 ἀγαθότητος,

2126 5019 2171 5073 Ν
2178 5018 2353 5083 ΟΤᾹΞ.

636 5141 749 5212 (35)
778 5140 837 5195 Si
873 5157 1042 5197 omne
1077 5143 1305 5197 unitum
1354 5158 1471 5197 non
1504 5142 1615 5198 sibi
1661 5143 1804 5214 imit.
1844 5140 1925 5201 Εἰς
1954 5140 2112 5214 [lego
2144 5140 2211 5214 εἰ]

563 5216 622 5264 τὸ
653 5217 927 5285 λήνωμένον
959 5214 1094 5285 ἅπαν
1146 5215 1249 5285 οὐχ
1278 5214 1429 5266 ἑαυτὸ
1464 5214 1581 5285 ἑνοῖ.
1637 5213 1694 5267 id
1730 5219 1816 5267 est
1848 5230 1860 5267 :
1894 5233 1920 5285 tt
1948 5213 2011 5268 Si
2042 5213 2218 5285 omne

563 5283 796 5339 unitum
823 5299 941 5339 non
976 5300 1036 5338 se
1063 5283 1254 5354 ipsum
1290 5287 1433 5339 unit.
1466 5306 1492 5334 η
1521 5284 1844 5339 Turrianus
1893 5284 2038 5338 forte
2077 5283 2219 5353 legit

565 5356 750 5426 ἐαυτῷ,
806 5360 865 5410 at
924 5360 1122 5411 nostra
1179 5356 1349 5412 lectio
1402 5355 1553 5408 ἑαυτό
1603 5355 1828 5410 videtur
1890 5355 2098 5411 melior
2139 5356 2219 5411 0b

564 5427 811 5482 verbum
845 5427 1108 5481 activum
1140 5426 1257 5481 ἑνοῖ.

636 5497 747 5576 (36)
773 5497 1109 5576 Domipatus
1144 5497 1405 5576 superior
1435 5498 1551 5576 _q_ui
1582 5513 1701 5576 non
1741 5498 1931 5576 carpit.
1962 5497 2219 5576 ’i‘mpcgm

563 5571 769 5651 κειμένη
800 5573 890 5623 καὶ
920 5570 1153 5651 οἰναρχρς
1210 5568 1381 5651 ἀρχή,
1435 5568 1495 5651 id
1535 5573 1625 5651 est
1658 5584 1729 5651 :‘a
1783 5568 2063 5640 Superior
2114 5569 2219 5623 do-

566 5641 831 5701 minatus
887 5646 946 5699 et
969 5638 1449 5700 nullidominatui
1476 5638 1801 5711 subjectus.
1834 5660 1863 5689 η

2400 5140 2511 5211 (37)
2532 5140 2949 5218 Principatum
2977 5141 3202 5218 caeteris
3223 5144 3672 5218 antecellentem
3698 5149 3814 5218 qui
3829 5163 3951 5203 non

2328 5215 2587 5289 “egerit.
2616 5213 2937 5285 Ἐξῃρημένη
2968 5221 3066 5289 τῷν
3088 5212 3251 5264 ἄλλων
3283 5213 3516 5289 ειναεοχος
3546 5212 3798 5289 ἀρχὴἹό
3829 5227 3949 5275 est:

2329 5302 2358 5334 ‹‹
2400 5283 2805 5355 Principatum
2838 5284 3063 5339 caeteris
3092 5283 3538 5341 antecellentem
3572 5283 3815 5345 et'nulli
3848 5291 3959 5346 do-

2329 5355 2583 5410 minatui
2602 5354 2980 5425 subjectum.
3016 5377 3043 5403 ››

2400 5426 2623 5481 Veritas
2671 5432 2883 5501 nostris
2932 5426 3435 5501 interpretationis
3474 5432 3670 5499 potest
3697 5432 3950 5501 probari

2329 5512 2395 5574 ex
2423 5496 2705 5574 eo,g_quod
2737 5496 2831 5552 hic
2852 5497 2965 5552 loci
2990 5496 3193 5553 statuit
3223 5498 3333 5554 tria
3360 5496 3583 5574 genera
3607 5496 3819 5560 rerum
3852 5519 3952 5559 ex-

2332 5568 2665 5624 sistentium
2709 5584 2721 5627 :
