4116 6194
218 305 327 364 889

1203 303 1296 363 AD
1337 293 1882 364 AMPHILOCHIUM
1924 295 2254 368 QUIESTIO
2291 301 2572 362 CLXXXI.

3474 309 3579 364 890

219 433 414 506 μᾶλλον
470 433 536 484 τὰ
584 428 643 484 δι
691 431 844 489 ἧττον
891 435 1178 504 μετέχοντα
1221 439 1314 485 τοῦ
1367 431 1588 504 ἀγαθοῦ.
1650 430 1709 484 Εἰ
1763 425 1822 480 δέ

1944 443 2045 482 nus
2073 427 2303 485 bonum
2334 427 2710 501 participare,
2751 428 2916 501 quod
2947 427 2998 484 si
3028 433 3184 496 sunt,
3215 445 3353 502 quae
3385 430 3578 502 magis

221 521 336 574 ἐστι
364 524 431 573 τὰ
465 523 554 593 μεν
595 519 785 592 μᾶλλον
829 523 893 572 τὰ
939 517 999 573 δί
1037 521 1190 578 ἧττον
1234 526 1520 594 μετέχοντα
1565 528 1656 574 τοῦ
1689 517 1820 590 ἁγα-

225 613 341 676 θοῡ,
383 610 477 663 οὐκ
533 609 814 683 ἀμφίϐολον
870 605 986 661 οὐδ’
1029 611 1110 662 ὅτι
1162 609 1262 662 ἀπὸ
1309 620 1408 663 τῶν
1452 613 1822 683 μετασχόντων

221 701 364 752 κατὰ
413 704 644 772 πρώτην,
691 699 720 756 ἣ
768 701 899 750 κατὰ
951 693 1218 770 δευτέραν,
1264 701 1293 756 ἦ
1343 701 1456 752 κατ’
1506 699 1663 756 ἄλλην
1709 697 1824 749 τινὰ

224 789 374 852 τάξιν
441 787 750 859 ἀγαθύνεται
828 789 895 840 τὰ
970 787 1447 861 μεταλαμϐάνοντα.
1523 789 1701 840 Πάντα
1771 781 1822 836 δ’

226 880 366 950 ὅμως
422 879 657 950 ὑπεράνω
707 882 944 949 κειμένης
999 881 1138 939 τινός
1209 876 1530 950 ἁγαθότητος
1587 880 1824 950 χορηγίᾳ

225 971 318 1019 καὶ
360 964 644 1019 ἀπολαύσει
681 971 774 1024 τὴν
817 973 910 1018 τοῦ
956 966 1157 1038 ἀγαθοῦ
1196 965 1244 1018 έν
1287 967 1483 1027 ἑαυτοῖς
1525 969 1686 1039 χάριν
1738 968 1823 1036 φέ-

223 1075 327 1131 ρει.
359 1056 424 1110 Εἰ
463 1054 524 1109 δε
559 1063 730 1125 τοῦτο,
773 1058 886 1108 ἔστι
925 1075 1007 1116 τις
1053 1057 1158 1131 ἄρα
1199 1057 1525 1127 ὑπεράγαθος
1559 1054 1822 1126 ἁγαθότης

225 1144 283 1207 ἐξ
339 1145 399 1204 ἧς
445 1152 554 1206 τοίς
611 1143 1014 1216 ἀγαθυνομένοις
1069 1147 1098 1203 ἠ
1160 1153 1251 1196 τοῦ
1293 1143 1646 1215 ἀγαθύνεσθαι
1689 1143 1825 1194 κατὰ

225 1232 504 1305 ἀναλογίαν
569 1242 667 1285 τῶν
733 1230 1030 1305 δεχομένων
1088 1230 1450 1306 παραδέχεται
1497 1229 1686 1304 δωρεά.
1734 1232 1824 1282 Ἐκ

224 1327 398 1374 τοίνυν
463 1329 561 1374 τῶν
628 1322 902 1397 εἰρημένων
970 1327 1180 1395 φανερόν
1251 1321 1359 1374 ἔστι
1416 1318 1634 1374 δυνατὸν
1697 1317 1825 1372 εἶναι

225 1413 444 1484 θεωρίαν
496 1412 726 1485 θηρᾶσαί
772 1430 906 1476 τινα,
954 1413 1030 1463 ὅτι
1076 1430 1130 1463 τε
1177 1414 1290 1463 ἔστι
1339 1413 1486 1475 Θεὸς,
1543 1415 1633 1461 καὶ
1681 1409 1824 1468 οὗτος

225 1499 536 1572 ὑπερούσιον
592 1498 662 1563 ἓν,
701 1503 794 1551 καὶ
840 1501 1164 1575 ὑπεράρχιος
1216 1499 1382 1574 ἀρχὴ,
1428 1504 1519 1551 καὶ
1565 1500 1824 1571 ὑπεράγα-

229 1588 314 1646 θος
393 1585 677 1658 ἁγαθότης,
728 1591 792 1648 ὡς
865 1593 1012 1659 πηγὴ
1097 1588 1440 1660 ἁγαθότητος.
1497 1592 1594 1640 Καὶ
1660 1586 1823 1638 ἄλλων

228 1677 405 1748 ὥσπερ
453 1672 780 1749 ἰνδαλμάτων
808 1679 1041 1751 καθάπερ
1085 1677 1138 1740 ἐξ
1184 1677 1360 1751 ἀρχῆς
1412 1681 1615 1749 εἴρηται
1667 1673 1824 1728 δυνα-

1931 521 1986 571 et
2007 516 2208 572 minus
2230 517 2458 573 bonum
2482 517 2849 590 participant,
2874 533 2995 573 non
3015 517 3258 574 dubium
3281 523 3386 590 est,
3410 520 3579 592 quod

1931 605 2032 678 qui
2058 607 2428 679 participant,
2468 607 2528 662 in
2561 608 2754 678 primo
2783 607 3012 674 ordine,
3056 607 3146 662 vel
3184 607 3244 662 in
3285 609 3572 674 secundo,

1932 693 2022 748 vel
2053 694 2112 750 in
2137 695 2248 750 alio
2272 695 2491 767 aliquo,
2525 697 2669 751 boni
2701 696 2848 751 ﬁunt
2879 712 3128 762 ;omnes
3173 701 3374 752 autem
3406 698 3573 752 simi-

1929 782 2058 838 liter
2083 783 2355 855 largitate
2377 785 2692 855 cujusdam
2720 784 2991 841 sublimis
3014 784 3297 842 bonitatis
3317 786 3576 842 fruentes

1929 873 2182 943 gratiam
2212 872 2348 928 boni
2386 873 2448 928 in
2473 875 2683 945 seipsis
2730 874 2970 930 fuerunt
2997 890 3010 940 ;
3037 875 3200 946 quod
3249 875 3295 930 si
3326 874 3442 931 hoc
3493 876 3578 931 sic

1931 968 2034 1028 est,
2067 968 2158 1018 est
2186 961 2363 1032 igitur
2399 962 2637 1019 bonitas
2663 979 2840 1035 supra
2881 963 3132 1028 bonum,
3161 966 3316 1020 unde
3351 965 3440 1035 iis,
3472 965 3578 1038 qui

1931 1051 2073 1107 boni
2103 1052 2267 1122 ﬁant,
2299 1053 2550 1108 domum
2577 1053 2888 1123 praebetur,
2922 1068 3041 1124 quo
3071 1052 3220 1109 ﬁant
3269 1053 3411 1109 boni
3448 1069 3581 1125 pro-

1934 1142 2204 1211 portione
2234 1141 2524 1213 ipsorum,
2568 1142 2674 1213 qui
2721 1142 2944 1197 donum
2973 1148 3345 1213 acceperunt.
3403 1145 3480 1198 Ex
3511 1142 3580 1198 iis

1932 1229 2109 1298 igitur
2136 1246 2270 1302 qua)
2294 1230 2452 1285 dicta
2489 1235 2645 1295 sunt,
2677 1235 2835 1302 patet
2865 1229 3143 1301 possibile
3188 1246 3316 1287 esse
3375 1231 3581 1288 venari

1931 1320 2264 1391 quamdam
2303 1319 2705 1389 cognitionem
2751 1319 2910 1391 quod
2929 1319 3080 1375 Deus
3131 1325 3237 1385 est,
3275 1326 3332 1376 et
3369 1320 3464 1376 hic
3489 1324 3581 1376 est

1936 1425 2142 1472 unum,
2173 1408 2338 1480 quod
2361 1423 2544 1480 supra
2565 1408 2960 1464 substantiam
2999 1413 3087 1464 est
3115 1414 3171 1464 et
3197 1409 3478 1465 Dominus
3509 1425 3583 1465 ac

1934 1498 2204 1568 princeps
2237 1496 2364 1551 sine
2387 1496 2576 1562 initio,
2604 1503 2660 1552 et
2688 1496 2928 1553 bonitas
2961 1513 3142 1565 supra
3177 1497 3423 1563 bonum,
3446 1502 3580 1554 tan-

1931 1601 2116 1656 quam
2147 1586 2257 1656 (38)
2279 1586 2514 1641 bonitas
2532 1585 2832 1650 bonitatis,
2866 1590 2923 1641 et
2945 1602 3014 1641 ex
3048 1586 3178 1641 aliis
3199 1591 3491 1659 tanquam
3507 1602 3582 1643 ex

1934 1674 2270 1730 simulacris
2308 1674 2688 1746 quibusdam,
2737 1679 2794 1729 et
2836 1673 3392 1739 assimilationibus,
3430 1676 3581 1731 sicut

225 1767 391 1836 μένων
439 1763 538 1817 ἀπὸ
584 1775 683 1818 τῶν
730 1768 958 1840 ὑστέρων
1001 1766 1421 1842 παραληφθῆναι.
1464 1767 1538 1818 Δι’
1585 1766 1652 1816 ὧν
1683 1768 1822 1817 ἐστιν

1944 1763 2228 1835 principio
2252 1762 2532 1828 diximus,
2560 1777 2696 1834 quae
2729 1770 2980 1834 possunt
3010 1763 3168 1818 sumi
3206 1779 3243 1819 a
3270 1763 3581 1834 posteriori

228 1853 298 1914 εἰς
341 1857 399 1905 τὸ
447 1853 721 1926 ἀμήχανον
767 1853 926 1907 έκεῖνο
968 1861 1058 1908 καὶ
1109 1854 1459 1928 ἀνέκφραστον
1501 1854 1684 1915 κάλλος
1726 1863 1823 1916 τῆς

226 1942 543 2014 ὑπερουσίου
623 1948 714 1995 καὶ
804 1945 1092 2018 ὑπερφυοῦς
1187 1947 1419 2005 θεότητος
1500 1943 1818 2006 ίνατενίζειν,

224 2029 460 2103 μάλιστά
497 2050 576 2103 γε,
607 2037 697 2085 καὶ
739 2034 820 2084 ὅτι
861 2029 999 2105 μηδὲ
1038 2033 1267 2105 χαλεπὸν
1312 2030 1406 2086 διὰ
1446 2040 1542 2094 τῆς
1578 2051 1822 2107 προειρη-

224 2125 384 2192 μένης
409 2117 638 2192 μεθόδου
660 2129 879 2174 τοιαῦτα
902 2121 1179 2193 συλλέγειν.
1206 2127 1338 2196 Πρός
1358 2141 1417 2193 γε
1439 2127 1532 2180 τὴν
1554 2131 1824 2194 παροῦσαν

226 2214 438 2283 χρείαν,
486 2214 574 2262 καὶ
626 2215 720 2269 τὴν
765 2213 1096 2282 συνέχουσαν
1146 2213 1284 2283 ἡμᾶς
1331 2220 1431 2263 τῶν
1489 2213 1825 2286 ὑπογραφέων

229 2297 450 2373 ἄρημίαν
486 2303 577 2351 καὶ
617 2308 718 2352 τῶν
750 2298 966 2372 βιϐλίων
995 2304 1090 2358 τὴν
1134 2300 1527 2373 αἰχμαλωσίαν,
1561 2302 1710 2352 ἱκανά
1743 2319 1828 2352 σοι

229 2407 321 2440 και
347 2407 536 2444 ταυτα.

782 2677 1093 2725 ΕΡΩΤΗΣῘΣ
1131 2677 1257 2725 ΡΠΑ
1280 2714 1292 2727 .

233 2852 366 2927 Διὰ,
403 2853 454 2903 τί
482 2920 495 2927 -
529 2853 693 2927 μέχρι
765 2847 992 2927 Τριάδος
1066 2854 1124 2904 τὸ
1180 2859 1330 2927 Θεῐον
1379 2872 1672 2927 ,προαγεται
1736 2861 1826 2909 καὶ

305 2925 422 3010 οὔτε
475 2920 648 2983 ἐντὸςΊ
685 2920 1075 2996 περιγράφεται,
1131 2926 1244 2976 οὔτε
1298 2920 1602 3001 πορρωτέρω
1653 2947 1824 3001 παρα-

303 3009 515 3047 τεινεται
539 3009 554 3060 ;

1929 1852 2148 1926 quibus
2177 1851 2387 1908 elevati
2415 1851 2628 1907 intueri
2660 1867 2983 1923 possumus
3029 1852 3088 1906 in
3128 1851 3290 1908 illam
3329 1853 3582 1908 immen-

1931 1957 2065 1997 sam
2095 1939 2615 2012 pulchritudinem,
2647 1945 2702 1994 et
2727 1941 2891 1994 omni
2921 1939 3148 1996 ratione
3176 1940 3468 2011 majorem
3497 1939 3585 1996 di-

1933 2031 2214 2095 vinitatis,
2237 2046 2367 2101 qua:
2389 2044 2567 2100 supra
2580 2028 2993 2098 substantiam,
3021 2034 3078 2084 et
3107 2045 3290 2101 supra
3303 2035 3581 2086 naturam

1933 2125 2041 2186 est,
2076 2118 2401 2190 prtesertim
2433 2134 2568 2172 cum
2599 2133 2719 2173 non
2751 2116 2826 2173 sit
2849 2116 3182 2184 ditﬁcileea,
3211 2134 3349 2190 qua:
3377 2117 3582 2188 hujus-

1937 2208 2100 2264 modi
2124 2213 2282 2271 sunt,
2308 2221 2380 2262 ea
2417 2207 2643 2261 ratione
2672 2211 2730 2262 et
2757 2205 2872 2271 via,
2901 2220 3088 2277 quam
3114 2205 3395 2273 diximus,
3421 2205 3584 2261 colli-

1937 2312 2093 2368 gere,
2121 2301 2411 2369 quantum
2449 2311 2590 2351 vero
2619 2310 2722 2365 pro
2759 2293 3123 2360 necessitate,
3163 2310 3300 2366 quae
3328 2295 3390 2350 in
3433 2310 3584 2367 prae-

1938 2388 2125 2443 sentia
2156 2388 2264 2451 est,
2296 2389 2352 2440 et
2391 2385 2502 2455 (39)
2538 2399 2644 2455 pro
2669 2383 2874 2455 inopia
2925 2381 3330 2449 librariorum,
3359 2383 3582 2456 quibus

1937 2474 2313 2539 carebamus,
2343 2479 2400 2530 et
2421 2472 2732 2536 librorum,
2780 2471 2884 2544 qui
2940 2471 3160 2543 captivi
3213 2471 3378 2528 ducti
3421 2477 3578 2538 sunt,

1937 2564 2080 2622 satis
2134 2563 2237 2620 tibi
2263 2563 2376 2618 sint
2405 2562 2554 2618 haec.

2119 2670 2436 2737 QUESTIO
2478 2667 2740 2725 CLXXXI.
2778 2665 2986 2811 ECoisl.
3029 2665 3177 2732 CCX,
3225 2668 3408 2724 Taur.

2546 2755 2604 2811 p.
2663 2739 2819 2796 CCI.
2870 2741 2988 2806 (40)

2546 2755 2604 2812 ρ.
2663 2739 2819 2811 CCI].
2870 2741 2988 2806 (ιο)

1945 2855 2144 2920 Quare
2167 2865 2348 2920 usque
2376 2847 2455 2904 ad
2498 2845 2846 2920 Trinitatem
2877 2845 3160 2920 procedat
3193 2846 3365 2913 Deus,
3396 2851 3452 2920 _et
3490 2860 3594 2920 nec

2011 2929 2177 2980 intra
2220 2915 2566 2976 Trinitatem
2605 2915 3172 2982 circumscribatur;
3200 2930 3306 2972 nec
3345 2917 3595 2972 ulterius

2007 2995 2368 3055 extendatur
2390 2991 2418 3045 ?

856 3117 1010 3168 Edita
1037 3130 1070 3168 δ,
1103 3118 1363 3184 Basnagio
1391 3121 1445 3183 (l.
1477 3135 1522 3172 c.
1552 3137 1604 3186 p.
1633 3125 1740 3182 426,
1793 3128 1827 3176 4;

1959 3151 2019 3164 -
2043 3117 2356 3184 Dogmatica
2384 3115 2449 3163 de
2485 3115 2672 3162 sancta
2701 3110 2972 3160 Trinitate.

299 3234 360 3286 Ὀ
401 3236 492 3308 μὶν
535 3229 624 3286 οὖν
675 3231 724 3285 ἓν
770 3231 1079 3309 ἀπορρήτοις
1121 3234 1271 3307 λόγος
1306 3241 1397 3289 καὶ
1441 3247 1595 3290 νικῶν
1637 3245 1731 3299 τὴν
1774 3241 1824 3295 ἐν

230 3322 504 3399 ἕσοπτροις
547 3327 633 3375 καὶ
681 3323 956 3395 αἰνίγμασι
984 3331 1198 3395 γνῶσιν,
1231 3325 1392 3400 ὁρίοις
1439 3325 1500 3378 ἂν
1537 3327 1706 3391 α’λλοις
1749 3333 1825 3388 εἴη

233 3414 640 3487 θεοπτικωτέρας
690 3431 744 3464 τε
799 3416 889 3464 καὶ
948 3412 1187 3488 οὐρανίας
1242 3423 1618 3488 μυσταγωγίας
1677 3419 1830 3472 θαλα-

232 3508 511 3575 μευόμενος
566 3499 601 3552 ἃ
653 3497 711 3553 δι
765 3499 969 3573 βλέπειν
1026 3499 1118 3554 διὰ
1183 3512 1275 3556 τοῦ
1326 3513 1687 3579 παρασχηνίου
1740 3513 1830 3561 καὶ

234 3590 462 3649 πηλίνων
513 3587 678 3642 ἀκοῶν
723 3586 944 3643 δυνατόν
993 3588 1342 3651 ἕνωτίζεσθαι.
1397 3601 1572 3649 Ταῦτα
1621 3593 1680 3649 δὲ
1727 3598 1832 3672 οἶρα

235 3681 577 3755 προτιθέντες,
632 3677 726 3731 κᾶν
769 3679 960 3754 ὕστερα
1101 3679 1195 3734 διὰ
1245 3692 1343 3734 τῶν
1399 3691 1612 3757 πρώτων
1669 3687 1830 3761 θηρᾷν

238 3770 334 3822 οὐκ
387 3771 596 3841 ἔχοντες
636 3771 695 3821 τὸ
754 3769 1086 3842 ζητούμενον,
1126 3770 1221 3824 οὐκ
1269 3770 1328 3823 ἆν
1373 3770 1420 3824 ἐν
1461 3774 1694 3836 εὐθύναις
1731 3795 1830 3826 των

240 3862 596 3929 σεσιγηκότων
645 3856 889 3930 ἐσόμεθα.
939 3856 1028 3910 Ἓν
1069 3861 1160 3931 μεν
1209 3857 1296 3912 οὖν
1343 3861 1510 3914 αὐτῶν
1556 3862 1695 3916 ἐστιν
1741 3869 1830 3916 καὶ

239 3948 505 4021 ἱερώτερον
547 3947 702 4016 φάναι
744 3948 813 4008 ὡς
860 3947 885 3998 ὁ
932 3951 1189 4019 μυστικὸς
1239 3947 1492 4021 ἁσίγητος
1537 3952 1688 4024 ὕμνος
1731 3961 1829 4004 τῶν

235 4033 504 4110 Χερουϐὶμ
535 4031 629 4087 διὰ
669 4042 759 4096 τῆς
801 4031 1078 4107 τριαδικῆς
1119 4036 1390 4108 ἁγιότητος
1419 4039 1489 4101 εἰς
1533 4044 1656 4112 μίαν
1699 4059 1832 4093 συν-

236 4130 481 4196 αγόμενος
545 4128 847 4199 κυριότητα,
907 4129 1000 4183 τὴν
1075 4122 1356 4200 τριαδικὴν
1424 4135 1513 4189 τῆς
1580 4131 1833 4202 θεαρχίας

235 4215 524 4287 ὑπογράφει
569 4212 882 4270 τελειοτητα.
925 4214 1028 4267 Καὶ
1070 4223 1169 4266 τῶν
1219 4215 1480 4288 ὀνομάτων
1527 4219 1556 4276 ἡ
1606 4217 1834 4279 ἁπλότης

235 4304 374 4354 κατὰ
426 4305 699 4374 συνέχειαν
747 4306 1112 4376 προσαγομένη
1159 4309 1246 4356 καὶ
1295 4301 1460 4376 μηδὲν
1512 4309 1669 4377 μέσον
1715 4325 1830 4357 συνι

239 4393 611 4463 επεισάγουσα,
671 4389 800 4442 ἀλλὰ
856 4396 945 4444 καὶ
995 4395 1051 4444 τὸ
1107 4401 1196 4444 τοῦ
1251 4394 1486 4467 ῥήματος
1539 4393 1833 4468 ἀπαράλλα-

237 4499 382 4546 κτον,
422 4479 515 4532 οὐκ
559 4479 765 4532 ἔλαττον
807 4483 896 4552 μὲν
946 4480 1185 4542 εἰκονίζει
1232 4487 1324 4539 τὶν
1381 4490 1471 4544 τῆς
1519 4484 1834 4558 ὑπερουσίου

241 4568 426 4631 οὐσίας
486 4567 766 4627 ἁπλότητα.
824 4569 1208 4644 Παραπλησίως
1264 4567 1323 4624 δὲ
1387 4568 1694 4625 εκδιδάσκει
1747 4577 1836 4625 καὶ

2011 3241 2216 3296 Sermo
2242 3230 2487 3305 quidem
2506 3229 2577 3283 de
2598 3226 2831 3283 arcanis
2849 3225 2964 3291 Dei,
2991 3230 3047 3281 et
3071 3225 3172 3298 qui
3195 3226 3597 3296 cognitionem

1937 3345 2075 3402 qua:
2116 3326 2172 3380 in
2213 3319 2456 3394 speculo
2477 3317 2865 3388 etaaguimate
2895 3321 3178 3379 versatur,
3237 3321 3500 3387 superat,
3535 3315 3595 3369 in

1937 3416 2152 3473 divinas
2181 3418 2236 3467 et
2265 3407 2516 3466 caelestis
2551 3403 2933 3478 mystagogim
2966 3403 3220 3469 secretis,
3254 3403 3477 3475 quibus
3493 3403 3597 3458 ab-

1937 3506 2091 3562 ditus
2116 3504 2274 3566 latet,
2317 3497 2555 3554 abditus
2587 3498 2953 3568 permaneat.
2989 3495 3131 3559 Quae
3166 3509 3302 3548 vero
3359 3508 3466 3564 per
3507 3492 3594 3548 lo-

1937 3611 2075 3651 cum
2107 3605 2296 3646 scenm
2319 3592 2585 3659 spectare
2617 3599 2963 3655 possumus,
2993 3586 3051 3638 et
3072 3581 3318 3637 auribus
3350 3581 3596 3637 terrenis

1937 3683 2164 3746 audire,
2193 3681 2316 3735 haec
2347 3677 2393 3731 si
2423 3677 2483 3730 in
2516 3673 2795 3730 secundis
2817 3677 2873 3728 et
2915 3672 3341 3745 posterioribus
3372 3687 3593 3744 propo-

1937 3769 2316 3842 namus,qui,
2350 3765 2514 3839 quod
2546 3763 2848 3837 quaeritur,
2882 3777 2988 3833 per
3019 3762 3211 3832 prima
3241 3761 3446 3816 venari
3475 3776 3591 3816 non

1937 3863 2224 3928 valemus,
2282 3872 2402 3912 non
2416 3853 2772 3908 debebimus
2801 3866 3013 3923 pmnas
3039 3866 3268 3914 eorum,
3297 3849 3402 3922 qui
3425 3849 3596 3905 silue-

1937 3955 2095 4008 runt.
2149 3949 2339 4003 Unum
2403 3944 2604 3999 autem
2645 3956 2850 3995 eorum
2882 3945 2938 3994 et
2976 3938 3235 3994 divinius
3274 3938 3596 3994 dicendum

1938 4045 2043 4102 est,
2073 4037 2238 4109 quod
2269 4033 2552 4105 mysticus
2569 4034 2625 4083 et
2648 4029 2773 4083 sine
2795 4027 3221 4082 intermissione
3245 4027 3598 4082 decantatus

1938 4128 2206 4199 hymnus
2255 4119 2679 4177 Cberubinicus
2725 4133 2831 4188 per
2884 4116 3059 4171 trium
3115 4115 3486 4170 sanctitatem
3537 4115 3597 4169 in

1942 4230 2123 4270 unam
2153 4209 2625 4266 dominationem
2674 4204 3011 4276 copulatus,
3058 4203 3276 4258 divinae
3302 4201 3597 4257 Trinitatis

1943 4301 2363 4376 perfectionem
2396 4294 2760 4358 describit,et
2785 4293 3095 4348 nominum
3121 4289 3468 4362 simplicitas
3497 4305 3602 4361 per

1941 4389 2440 4449 continuationem
2475 4383 2762 4448 adhibita,
2805 4382 3064 4452 nihilque
3114 4379 3378 4434 medium
3418 4379 3602 4434 intro-

1943 4482 2186 4546 ducens,
2217 4475 2338 4531 imo
2379 4474 2554 4530 etiam
2607 4471 2719 4543 (41)
2753 4470 2851 4526 illa
2889 4470 3053 4525 verbi
3099 4468 3226 4524 sine
3257 4467 3379 4524 ulla
3408 4467 3601 4524 varia-

1947 4571 2102 4626 tione
2130 4564 2424 4640 repetitio,
2449 4578 2570 4620 non
2599 4561 2798 4617 minus
2812 4558 3223 4632 simplicitatem
3261 4557 3600 4615 substantiae

1806 4731 2030 4790 ΝΟΤίΕ.

318 4882 370 4936 1.
404 4881 730 4956 -Ἂρχόμενον
759 4884 910 4953 μόνον
927 4881 1056 4956 οὐκ,
1078 4882 1248 4956 ἄρχον
1279 4879 1339 4936 δέ
1361 4900 1374 4913 ⁸
1411 4883 1579 4952 Quod
1605 4883 1843 4954 subjici.

248 4959 350 5008 tur
376 4953 729 5016 dominatui,
761 4967 869 5009 nec
897 4953 1261 5009 dominatur.

317 5027 370 5078 2.
402 5027 479 5099 ΔΤό
509 5025 679 5099 ἄρχον
708 5028 802 5099 την
830 5031 922 5076 τοῦ
953 5023 1247 5099 ἀρχομένου
1287 5025 1438 5099 τάξιν
1465 5023 1837 5098 ὑποδυόμενον.

243 5095 415 5221 ἓμῗά
457 5095 554 5152 ξω
585 5096 931 5152 dominatur
972 5095 1036 5151 ut
1065 5095 1289 5152 subditi
1329 5098 1596 5153 ordinem
1635 5095 1841 5169 ingre-

285 5182 345 5222 ια
378 5183 473 5220 ur.

317 5201 678 5364 Ξέωίὲναρχος
716 5235 884 5312 ἀρχή.
920 5238 1272 5294 Dominatus
1311 5241 1473 5296 nulli
1509 5239 1844 5296 dominatui

348 5325 447 5364 Vrec
477 5324 564 5364 us.

242 5315 564 5366 sub'ectus.

477 5378 759 5466 Dominus
778 5394 869 5466 lac
899 5379 1185 5466 Ifﬁncpps
1215 5381 1341 5438 sine
1367 5380 1563 5463 initio.
1595 5379 1841 5455 Ὑπεράρο

243 5469 369 5522 χιος
407 5451 668 5526 enim
691 5457 830 5526 est:
863 5472 891 5503 «
927 5451 1213 5508 Dominus
1243 5468 1313 5510 ac
1343 5453 1618 5526 princeps
1659 5451 1844 5524 supra

245 5523 486 5595 omnem
504 5523 936 5595 principatum.
961 5544 989 5576 »

323 5594 433 5674 (39)
459 5594 860 5668 scripsit’srgo
877 5596 1004 5653 haec
1017 5594 1264 5653 I’hotius
1276 5594 1532 5668 dejectus
1544 5594 1617 5653 de
1630 5594 1844 5653 throno

1955 4881 2408 4949 Constantinop.
2437 4884 2492 4935 et
2518 4878 2736 4949 ejectus
2779 4875 2842 4930 in
2890 4872 3179 4930 exsilium.
3232 4869 3374 4928 Vide
3404 4871 3600 4928 Baron

1953 4961 2095 5010 tom.
2128 4955 2190 5010 X.
2221 4952 2355 5008 CAN.

2022 5025 2131 5088 (40)
2155 5025 2253 5079 Est
2282 5021 2582 5077 disertatio
2611 5018 2774 5074 tertia
2806 5015 2964 5089 apud
3003 5015 3388 5089 Basnagium.

2024 5085 2131 5157 (41)
2186 5095 2304 5150 Illa
2344 5092 2507 5149 verbi
2551 5092 2676 5147 sine
2704 5085 2863 5145 utta'
2888 5085 3221 5144 variatione
3260 5085 3598 5155 repetitio...

1953 5174 2004 5223 et
2033 5166 2160 5222 sine
2207 5166 2330 5221 ulla
2353 5163 2678 5220 variatione
2704 5159 3208 5231 substantiam.T6
3238 5165 3329 5231 τοιξ
3371 5157 3604 5231 ῥῆματος

1953 5235 2354 5310 άπαράλλακτου
2403 5276 2417 5289 .
2475 5276 2490 5291 .
2548 5276 2561 5288 .
2611 5236 2700 5285 καὶ
2726 5303 2734 5310 _
2763 5235 2823 5284 τὸ
2896 5231 3010 5310 κατ’
3076 5230 3260 5310 ουσίαν
3308 5228 3605 5310 ἀπαράλλα-

1952 5299 2092 5364 χτοδ.
2128 5309 2192 5363 Id
2231 5313 2354 5362 est:
2392 5327 2416 5357 «
2444 5305 2548 5362 Illa
2579 5303 2738 5360 verbi
2771 5304 2895 5357 sine
2927 5301 3046 5358 ulla
3074 5299 3602 5373 ditferentia'repe-

1955 5381 2144 5437 titio...
2176 5377 2522 5434 substantiae
2550 5375 2927 5430 identitatem.

2027 5449 2360 5522 Suprajam
2387 5447 2637 5520 probavi
2694 5445 2838 5502 illud
2887 5445 3302 5524 απαράλλακτον.
3360 5440 3605 5524 Theolo-

1954 5517 2168 5594 goruin
2209 5517 2546 5576 Graecorum
2576 5535 2696 5575 non
2719 5533 2847 5575 esse
2877 5517 3252 5578 reddendum
3280 5529 3384 5590 per
3415 5517 3605 5571 varia-

1956 5593 2131 5650 iionis
2167 5606 2395 5666 expers.
