4116 6194
492 282 591 344 891

1717 288 1806 342 ΡΗ
1817 287 1952 343 ΟΤΙΙ
1991 283 2465 343 PATBIAHCHE
2501 283 2616 341 ΟΡ.

3762 283 3865 341 892

494 429 629 487 qua;
650 428 835 485 supra
865 411 1262 468 substantiam
1295 415 1403 479 est,
1429 411 1704 483 depingit
1731 417 1788 468 et
1816 412 2098 484 exprimit
2128 426 2141 465 :

2274 414 2311 462 ’ὸ
2356 417 2454 461 τῶν
2501 408 2840 463 ύποστάσεων
2867 410 2999 479 πρὸς
3038 406 3263 469 ἀλλήλας
3298 405 3651 475 ἀδιάστατον,
3687 415 3866 463 καὶτὸ

495 502 771 575 proxime
796 516 935 556 vero
951 500 1125 556 docet
1142 516 1537 572 personarum
1559 502 1709 557 inter
1731 518 1790 556 se
1811 518 1994 557 unam
2026 500 2145 556 sine

495 591 615 648 ulla
644 590 923 647 distantia
940 597 1237 655 naturam,
1268 595 1323 647 et
1336 591 1462 645 sine
1493 590 1615 647 ulla
1644 591 1972 648 variatione
2000 590 2145 646 sub-

495 681 795 738 stantiam.

568 770 858 825 Praaterea
889 769 946 824 in
975 768 1067 835 iis,
1119 784 1255 840 qua
1287 768 1545 839 perfecta
1591 772 1751 834 sunt,
1787 768 2150 824 conveniunt

492 858 872 933 principium,
907 857 1190 913 medium.
1218 861 1276 911 et
1300 857 1434 912 tinis
1467 874 1479 912 :
1516 857 1741 929 primus
1769 863 1970 914 autem
1997 858 2149 913 inter

495 963 704 1005 omnes
724 946 873 1002 alios
898 962 1200 1011 numeros,
1231 962 1516 1001 numerus
1538 948 1714 1001 trium
1746 946 1874 1001 haec
1904 946 2147 1003 sortitus

496 1040 623 1102 est;
668 1040 1058 1092 consentanee
1102 1035 1262 1089 enim
1315 1034 1596 1091 divinitas
1634 1051 1874 1100 arcana,
1921 1041 1977 1091 et
2021 1051 2147 1107 quae

498 1125 743 1195 cogitari
775 1139 891 1180 non
923 1128 1134 1195 potest,
1164 1140 1299 1178 cum
1342 1122 1508 1179 vellet
1537 1140 1642 1196 per
1681 1140 1771 1189 ea,
1806 1140 1936 1196 quas
1975 1123 2148 1178 nobis

499 1219 641 1270 nota
670 1218 828 1276 sunt,
865 1218 925 1267 ut
949 1212 1224 1283 symbola
1254 1212 1534 1283 quaedam
1574 1218 1630 1268 et
1654 1214 1904 1282 vestigia
1942 1211 2147 1282 cogni-

498 1303 672 1358 tionis
698 1318 821 1357 suaa
846 1302 1129 1365 lucerent,
1164 1300 1347 1356 voluit
1387 1317 1489 1373 per
1519 1317 1857 1356 sermonem
1885 1301 2149 1355 divinum

496 1391 570 1447 de
625 1391 812 1446 tribus
861 1389 1035 1444 nobis
1096 1395 1418 1445 notescere.
1496 1390 1718 1445 Deinde
1774 1405 2150 1462 quaecunque

496 1480 681 1537 Deum
710 1477 983 1535 decentia
1034 1478 1094 1533 in
1126 1479 1245 1534 Deo
1273 1478 1772 1549 contemplemur,
1821 1479 2151 1550 reperimus

497 1586 535 1626 a
563 1568 851 1641 principio
899 1573 1178 1623 naturam
1217 1567 1541 1638 accepisse,
1574 1573 1634 1622 ut
1671 1567 1749 1622 ad
1783 1567 1893 1623 tria
1924 1582 2153 1622 revoca-

496 1663 716 1728 rentur,
759 1662 814 1712 et
841 1672 949 1711 nec
968 1656 1045 1711 ad
1072 1655 1379 1727 pauciora,
1422 1671 1532 1711 nec
1579 1657 1656 1711 ad
1686 1660 1879 1727 plura.
1926 1659 1990 1710 Et
2023 1671 2153 1727 quae

2256 501 2485 570 συμφυὲς
2516 498 2685 550 αὐτῶν
2708 502 2799 552 καὶ
2826 498 2943 549 κατ’
2973 496 3159 549 ούσίαν
3190 496 3611 572 ἀπαράλλακτον.

2326 760 2441 813 "En
2485 758 2544 813 δε
2587 760 2672 812 ἐπὶ
2701 768 2808 823 τοῖς
2844 760 3055 824 τελείοις
3088 765 3122 821 ἦ
3153 781 3208 816 τε
3236 760 3381 836 ἀρχὴ
3425 766 3517 814 καὶ
3550 763 3580 819 ἠ
3612 767 3873 834 μεσότης,

2255 855 2345 901 καὶ
2398 852 2427 908 η
2483 849 2732 910 τελειότης
2788 854 3104 923 πρόσφορον.
3169 858 3382 922 Πρῶτος
3433 847 3493 904 δε
3545 859 3655 902 τῶν
3706 851 3876 903 ἄλλων

2259 936 2490 1009 ἀριθμῶν
2533 940 2559 989 ό
2606 946 2741 1013 τρεῖς
2791 937 3201 1011 ἁπεκληρῶσατο
3252 948 3438 1006 ταῦτα,
3496 940 3719 1000 εἰκότως
3776 939 3878 991 ἀπὸ

2256 1034 2357 1078 τῶν
2384 1031 2655 1101 γνωρίμων
2704 1029 2829 1099 ἡμῖν
2866 1026 3102 1099 σύμϐολά
3146 1048 3263 1080 τινα
3309 1034 3399 1081 καὶ
3443 1032 3573 1099 Exim
3626 1031 3658 1087 ἡ
3707 1028 3883 1104 ἄρρη-

2257 1133 2343 1176 τος
2399 1120 2489 1167 καὶ
2536 1114 2867 1178 ἁνεπινόητος
2925 1118 3125 1181 θεότης,
3168 1125 3265 1178 τῆς
3324 1120 3651 1188 επιγνὼσεως
3702 1118 3879 1179 αὐτῆς

2258 1201 2516 1274 ἐλλάμψαι
2576 1209 2924 1277 προνοουμένη
2994 1202 3089 1257 διὰ
3144 1214 3241 1265 τῆς
3289 1203 3572 1278 τριαδικῆς
3622 1206 3723 1257 οὐκ
3774 1205 3882 1259 ἆρ-

2259 1293 2477 1354 ηξίωσεν
2524 1293 2899 1365 ἐμφανίζεσθαι
2949 1294 3233 1366 θεολογίας.
3280 1295 3399 1347 Ἐτι
3450 1292 3509 1347 δε
3553 1301 3648 1347 καὶ
3697 1292 3883 1348 διοτιο

2260 1402 2350 1454 περ
2406 1384 2507 1433 ὅσα
2563 1384 2815 1455 θεοπρεπῆ
2880 1385 3179 1456 καθορῶμεν
3232 1383 3281 1435 ἐν
3337 1392 3411 1454 τῷ
3453 1388 3581 1453 Θεῷ,
3638 1384 3709 1445 εἰς
3762 1392 3886 1456 τρία

2262 1470 2801 1543 συγκεφαλαιοῦσθαι,
2849 1477 3026 1543 φασὶν,
3080 1470 3336 1545 ἀπαρχῆς
3385 1474 3694 1548 εὑρίσκομεν
3744 1473 3887 1529 aﬂa-

2262 1565 2411 1632 φότα,
2452 1565 2543 1612 καὶ
2592 1563 2709 1612 οὔτε
2757 1560 2831 1622 εἰς
2882 1559 3145 1626 ἐλάττονα,
3199 1558 3325 1613 ούδε
3369 1561 3442 1623 εἰς
3484 1561 3697 1614 πλείονα
3758 1581 3891 1613 συν-

2263 1654 2507 1721 αγόμενα.
2555 1648 2638 1709 Εἰς
2685 1657 2813 1701 ποῖα
2862 1646 2922 1702 δε
2972 1657 3175 1716 rerum;
3205 1650 3275 1711 εἰς
3330 1650 3536 1717 ούσίαν,
3578 1650 3653 1712 εἰς
3715 1647 3890 1703 δύνα-

496 1747 612 1802 ista
640 1746 819 1801 sunt?
847 1759 1061 1815 nempe
1101 1744 1454 1807 substantia,
1480 1744 1666 1800 virtus
1699 1744 1822 1801 sive
1868 1744 2148 1815 potentia,

2274 1758 2372 1801 1w,
2412 1742 2502 1789 καὶ
2545 1736 2815 1809 ἐνέργειαν.
2851 1742 2985 1790 Οὔτε
3012 1742 3113 1810 γὰρ
3160 1741 3305 1791 ὅσιον
3348 1741 3590 1800 θεότητος
3635 1743 3738 1797 τὴν
3789 1736 3889 1791 δυ-

497 1839 555 1890 et
604 1834 870 1906 operatio
904 1852 917 1901 ;
946 1848 1054 1889 nec
1110 1833 1271 1888 enim
1322 1832 1413 1888 fas
1443 1833 1785 1889 estauferre
1825 1834 2153 1905 potentiam

498 1922 787 1979 divinitati
830 1939 843 1988 ;
877 1922 997 1978 imo
1044 1938 1153 1977 nec
1182 1922 1616 1993 operationem,
1652 1928 1710 1977 et
1740 1923 1925 1978 multo
1957 1921 2155 1977 minus

498 2013 917 2076 substantiam,
946 2009 1095 2083 quin
1122 2012 1301 2067 etiam
1335 2027 1528 2084 neque
1557 2011 1692 2067 licet
1736 2012 1850 2067 ista
1876 2011 2034 2066 idem
2064 2010 2155 2064 fa-

498 2117 651 2166 cere,
677 2101 803 2156 etin
824 2116 1005 2155 unam
1028 2116 1348 2171 personam
1368 2100 1733 2165 contrahere,
1760 2116 1829 2155 ac
1861 2101 2153 2155 rationem

499 2206 683 2247 unam
718 2196 775 2246 et
797 2189 1070 2246 eamdem
1097 2190 1341 2245 reddere
1370 2189 1647 2262 potentiae
1678 2196 1733 2245 et
1785 2189 2152 2253 substantias,

498 2278 594 2335 vel
623 2279 899 2351 potentias
930 2283 985 2333 et
1015 2278 1397 2350 operationis,
1423 2279 1536 2349 (42)
1582 2278 1673 2334 vel
1705 2277 2069 2348 operationis
2096 2285 2157 2336 et

500 2368 870 2424 substantiae.
930 2370 1076 2423 Cum
1104 2383 1246 2434 ergo
1297 2368 1403 2422 tria
1453 2367 1589 2433 sint,
1628 2367 1705 2422 ad
1746 2383 1876 2439 qua:
1905 2367 2021 2422 alia
2052 2382 2155 2423 no-

502 2457 687 2519 mina,
711 2472 843 2526 quas
862 2456 1044 2510 Deum
1062 2455 1291 2522 decent,
1320 2460 1378 2509 et
1409 2457 1793 2527 proprietates
1825 2456 2159 2511 referuntur

501 2550 557 2600 et
580 2544 966 2609 reducuntur,
998 2548 1397 2599 consentanee
1450 2547 1599 2600 Deus
1640 2561 1749 2600 nec
1784 2547 1939 2600 intra
1977 2545 2160 2599 Trini-

504 2638 686 2689 tatem
712 2631 1054 2697 includitur,
1085 2647 1195 2688 nec
1214 2637 1379 2688 extra
1407 2632 1753 2689 Trinitatem
1784 2632 2084 2689 dilatatur.

575 2809 682 2869 (43)
716 2808 1024 2874 Quomodo
1072 2813 1273 2864 autem
1336 2808 1627 2865 ducantur
1665 2809 1867 2883 aliqua
1907 2810 2161 2866 etiamin

505 2898 772 2968 singulas
807 2913 874 2953 ex
908 2897 1034 2952 tstis
1066 2898 1255 2953 tribus
1287 2898 1651 2961 notionibns,
1679 2914 1871 2971 neque
1902 2898 2157 2953 laborio-

506 3003 638 3042 sum
669 2992 756 3042 est
777 2986 1053 3057 reperire,
1088 3002 1283 3057 neque
1326 2987 1573 3058 repertis
1615 2987 1761 3043 alios
1791 2986 1981 3042 facere
2010 2986 2162 3041 utili-

2262 1847 2413 1898 ναμιν
2470 1826 2686 1898 ἀφελεῖν,
2752 1830 2870 1880 οὔτε
2920 1832 3022 1899 μὴν
3093 1824 3219 1881 οὐδε
3292 1832 3386 1885 τὴν
3453 1830 3739 1902 ἐνέργειαν,
3794 1834 3887 1879 καὶ

2262 1915 2431 1985 πολλῷ
2460 1914 2649 1986 μᾶλλον
2693 1912 2818 1967 ούδί
2860 1920 2953 1974 τὴν
2985 1915 3188 1971 ούσίαν,
3225 1916 3301 1967 Ού
3331 1921 3437 1989 μὴν
3479 1912 3593 1968 οὐδ’
3647 1917 3718 1977 εἰς
3752 1935 3890 1967 ταν-

2262 2010 2350 2057 τὸν
2394 2008 2507 2056 ἔστι
2548 2009 2636 2057 καὶ
2681 2009 2805 2076 μίαν
2844 2006 3140 2057 ὑπόστασιν
3194 2013 3504 2077 συναγαγεῖν
3552 2013 3748 2071 ταῦτα,
3798 2010 3891 2056 καὶ

2262 2092 2413 2165 λόγον
2464 2096 2552 2145 ἕνα
2610 2098 2700 2145 καὶ
2759 2097 2845 2145 τὸν
2895 2094 3051 2146 αύτὸν
3129 2090 3442 2147 ἀποδοῦναι.
3492 2096 3780 2167 Δυνάμεὼς
3840 2114 3891 2146 τε

2264 2188 2353 2234 καὶ
2404 2182 2601 2246 ούσίας,
2661 2184 2689 2241 ἢ
2750 2179 3019 2254 δυνάμεως
3066 2188 3156 2235 καὶ
3215 2182 3487 2258 ἐνεργείας,
3541 2184 3569 2241 ἦ
3624 2183 3891 2255 ἐνεργείας

2264 2275 2349 2323 καὶ
2398 2272 2599 2335 ούσίας,
2632 2271 2768 2324 Ἀλλ’
2821 2269 2946 2323 ούδί
2993 2271 3182 2324 πολλοῦ
3228 2268 3310 2324 δεῖ
3347 2280 3440 2324 τοῦ
3484 2275 3891 2345 συναθροίσμα-

2264 2380 2346 2421 τος
2377 2360 2564 2412 αύτῶν.
2598 2366 2764 2434 Τριῶν
2809 2357 2898 2412 οὖν
2948 2365 3103 2412 ὄντων
3152 2361 3221 2423 εἰς
3268 2361 3303 2412 ἃ
3346 2364 3412 2413 τὰ
3454 2361 3585 2413 ἄλλα
3627 2370 3728 2413 τῶν
3780 2364 3894 2414 θεο-

2266 2458 2470 2523 πρεπῶν
2528 2449 2788 2521 ὀνομάτων
2846 2469 2898 2502 τε
2951 2455 3037 2502 καὶ
3109 2447 3409 2521 ἰδιωμάτων
3465 2450 3892 2522 συγκεφαλαιού-

2268 2559 2354 2591 ται
2404 2544 2492 2591 καὶ
2537 2538 2799 2609 ἀνάγεται.
2848 2538 3076 2600 Εἰκότως
3127 2542 3185 2591 τὸ
3230 2543 3375 2591 Θεῐον
3422 2542 3540 2591 οὔτε
3590 2538 3733 2601 ἐντός
3794 2548 3892 2601 τῆς

2268 2624 2499 2702 Τριάδος
2553 2627 2913 2702 περικλείεται,
2973 2631 3088 2680 οὔτε
3143 2632 3247 2699 μὴν
3322 2630 3516 2689 ταύτης
3586 2630 3889 2703 ὑπερεκτεί-

2270 2736 2429 2771 νεται.

2344 2813 2456 2866 Πῶς
2486 2801 2537 2857 δ’
2590 2804 2846 2876 ἀναχθείη
2884 2803 2904 2857 .i
2950 2809 3040 2856 καὶ
3069 2809 3186 2857 τίνα
3233 2805 3305 2866 εἰς
3351 2806 3571 2857 ἕκαστον
3620 2813 3722 2856 τῶν
3776 2806 3889 2857 θεο-

2268 2895 2588 2967 λογουμένων
2654 2902 2811 2966 τριῶν
2881 2896 3102 2959 ἓννοιῶν,
3153 2893 3270 2946 οὗτε
3321 2896 3468 2967 ἵργον
3521 2895 3709 2965 εύρεῖν.
3770 2895 3890 2945 ούτε

2220 2984 2227 3029 Ῐ
2271 2988 2372 3056 μὴν
2439 2985 2652 3057 εὑρόντα
2703 2987 2773 3053 μὴ
2830 2987 2919 3034 καὶ
2974 2982 3159 3043 ἄλλους
3212 2990 3435 3040 ποιῆσαι
3482 2992 3579 3043 τῆς
3638 2982 3891 3052 ὠφελείας

505 3076 641 3132 tatis
665 3074 981 3148 participes
1013 3092 1026 3142 ;
1060 3092 1125 3129 ac
1152 3074 1414 3147 primum
1437 3076 1551 3131 hoc
1581 3091 1799 3132 nomen
1822 3092 2005 3148 supra
2025 3075 2158 3131 sub-

2274 3074 2565 3134 κοινωνούς.
2623 3072 2821 3123 Αὐτίκα
2884 3074 2941 3123 τὸ
3012 3072 3347 3144 ύπερούσιον,
3401 3074 3460 3123 τὸ
3542 3069 3763 3141 ἀγαθὸν,
3830 3074 3889 3122 τό

505 3164 803 3229 stantiam,
879 3163 1127 3227 bonum,
1169 3180 1369 3219 carere
1428 3164 1645 3234 ﬁgura,
1692 3181 1902 3231 unum,
1962 3180 2162 3221 carere

507 3253 913 3323 magnitudine
956 3258 1013 3309 et
1086 3253 1306 3308 similia
1356 3252 1763 3309 substantiam
1838 3254 2162 3320 declarant,

508 3342 739 3398 tametsi
756 3342 873 3398 alia
893 3342 1137 3414 quidem
1161 3343 1422 3412 primum
1445 3347 1499 3397 et
1520 3344 2030 3413 sineintermedio,
2052 3344 2169 3399 alia

508 3447 650 3487 vero
683 3430 875 3486 medio
896 3431 1178 3501 qquiam
1195 3430 1369 3485 simul
1398 3432 1652 3499 cogitato
1690 3448 1701 3497 ;
1735 3448 1861 3486 esse
1894 3431 2167 3496 liberum,

510 3534 641 3575 eSse
675 3535 797 3573 sua:
830 3518 1154 3590 potestatis,
1207 3518 1545 3584 Dominum,
1589 3522 1941 3585 Creatorem,
1982 3522 2171 3575 omni-

510 3611 833 3680 potentem,
893 3612 951 3661 et
981 3605 1198 3662 similia
1231 3608 1286 3660 in
1348 3607 1862 3678 contemplatione
1895 3610 2168 3679 potentias

508 3696 946 3768 comprehensa
963 3700 1119 3749 sunt.
1151 3696 1382 3750 Creatio
1411 3712 1569 3761 vero,
1603 3701 1657 3751 et
1688 3696 2087 3768 providentia,
2116 3703 2172 3755 et

509 3784 774 3849 salvatio,
804 3790 857 3839 et
876 3784 1196 3854 gratiarum
1222 3784 1586 3851 distributio,
1615 3789 1668 3839 et
1687 3787 1929 3850 donum,
1956 3792 2010 3843 et
2034 3804 2171 3860 quae

506 3872 601 3929 his
631 3880 765 3928 sunt
791 3872 1003 3941 vicina,
1035 3872 1446 3942 operationem
1504 3872 1753 3930 diversis
1798 3881 1853 3931 et
1900 3877 2168 3947 mysticis

509 3960 707 4018 verbis
735 3962 1100 4032 signiﬁcant.
1135 3962 1191 4018 Si
1244 3979 1375 4033 qua:
1429 3978 1569 4017 vero
1602 3964 1847 4019 nomina
1886 3964 2089 4021 divina
2118 3972 2173 4021 et

512 4050 783 4107 notiones
806 4052 935 4117 (44),
964 4067 1077 4106 non
1104 4051 1180 4106 ad
1206 4067 1390 4106 unum
1418 4068 1490 4107 ex
1511 4052 1632 4107 istis
1650 4054 1837 4107 tribus
1856 4055 2168 4125 pertinent,

511 4140 617 4197 sed
664 4141 724 4195 in
792 4144 913 4196 tota
958 4140 1231 4195 Trinitate
1279 4146 1601 4201 versantur,
1646 4158 1767 4197 non
1813 4143 2006 4197 solum
2055 4160 2171 4199 non

512 4234 890 4303 pugnatcum
918 4230 1144 4285 ratione
1168 4229 1448 4292 veritatis,
1480 4247 1666 4301 neque
1688 4248 1825 4285 cum
1850 4231 2174 4303 Theologia

515 4318 590 4373 de
615 4318 912 4387 Trinitate,
940 4318 1043 4373 sed
1074 4317 1205 4389 plus
1235 4318 1414 4373 etiam
1464 4318 1783 4374 conﬁrmat
1817 4336 2027 4375 eorum
2061 4327 2174 4377 sta-

514 4407 823 4471 bilitatem,
858 4407 1007 4463 etab
1050 4408 1214 4463 omni
1265 4408 1725 4479 reprehensione
1781 4408 2172 4475 vacationem,

2274 3160 2700 3233 ἀσχημάτιστον,
2734 3164 2791 3211 τό
2834 3160 2902 3225 ἓν,
2949 3162 3003 3211 τὸ
3057 3161 3274 3223 άποσον,
3308 3166 3394 3211 καὶ
3445 3163 3510 3211 τὰ
3563 3162 3739 3231 ὃμοια,
3791 3165 3891 3217 τὴν

2274 3251 2455 3302 ούσίαν
2506 3253 2581 3306 εἴη
2619 3248 2677 3300 ἆν
2719 3244 3145 3321 παραδηλοῦντα.
3180 3248 3238 3301 Εἰ
3280 3254 3368 3300 καὶ
3414 3250 3479 3300 τὰ
3512 3252 3603 3322 μὲν
3648 3249 3890 3321 ἀμέσως,

2275 3344 2341 3390 τὰ
2394 3336 2451 3391 δὲ
2506 3342 2638 3397 τινός
2707 3340 3241 3412 συνεπιθεωρονμένης
3306 3342 3611 3410 μεσότητος.
3682 3342 3753 3389 Τό
3831 3335 3893 3391 δε

2278 3427 2629 3493 αὐτεξούσιον,
2692 3430 2750 3478 τό
2806 3422 3210 3491 αύτοδέσποτον,
3266 3429 3325 3478 τό
3399 3427 3613 3500 Κύριον,
3672 3430 3730 3477 τὸ
3790 3434 3893 3483 Δηο

2278 3520 2604 3589 μιουργικὸν,
2660 3519 2718 3566 τό
2771 3511 3190 3587 παντοδύναμον,
3242 3520 3332 3567 καὶ
3398 3518 3463 3566 τὰ
3514 3515 3888 3587 παραπλήσια,

2280 3605 2326 3657 ἐν
2379 3614 2440 3677 τῇ
2495 3613 2583 3665 τῆς
2638 3600 2903 3675 δυνάμεως
2962 3602 3401 3675 περιλαμϐάνεται
3457 3606 3644 3678 θεωρίᾳ
3696 3605 3725 3661 ἡ
3792 3602 3894 3661 δη-

2279 3700 2559 3770 μιουργική
2614 3691 2672 3746 δὲ
2720 3697 2804 3745 καὶ
2855 3695 2883 3750 η
2936 3698 3153 3765 πρόνοια
3195 3698 3284 3745 καὶ
3332 3695 3361 3751 ἠ
3417 3698 3673 3769 σωτηρία,
3716 3699 3812 3745 καὶ
3858 3696 3889 3751 ἡ

2280 3793 2378 3836 τῶν
2426 3786 2775 3858 χαρισμάτων
2823 3778 3073 3854 διανομὴ,
3116 3787 3205 3834 καὶ
3250 3784 3279 3839 ἠ
3336 3778 3509 3857 δωρεὰ
3550 3787 3637 3834 καὶ
3681 3784 3747 3833 τὰ
3797 3785 3895 3834 σύ-

2284 3894 2499 3944 στοιχα,
2530 3878 2621 3930 τὴν
2672 3871 2923 3944 ἐνέργειαν
2984 3867 3252 3946 διαφόροις
3306 3874 3395 3923 καὶ
3456 3879 3736 3942 μυστικοῖς
3793 3873 3899 3945 ῥη-

2281 3982 2440 4036 μασιν
2493 3960 2863 4035 ἱερολογοϋσιν.
2930 3958 2990 4010 Εἰ
3044 3955 3096 4011 δ’
3141 3962 3217 4011 ἔτι
3269 3958 3386 4009 τινὰ
3436 3967 3535 4009 τῶν
3596 3962 3898 4032 θεοπρεπῶν

2283 4051 2542 4123 ὀνομάτων
2604 4069 2657 4101 τε
2711 4054 2799 4099 καὶ
2852 4050 3145 4120 νοημάτων,
3208 4052 3295 4099 καὶ
3347 4047 3414 4107 εἷς
3470 4045 3519 4098 ἓν
3584 4054 3682 4098 τῶν
3736 4056 3900 4121 τριῶν

2282 4148 2455 4214 μόνον,
2500 4138 2628 4190 ἀλλὰ
2682 4134 2753 4189 δι’
2813 4136 2930 4196 ὅλης
2983 4139 3175 4194 ἥκοντα
3221 4144 3312 4196 τῆς
3355 4132 3580 4209 Τριάδος
3627 4136 3686 4187 ού
3739 4142 3901 4208 μόνον

2284 4226 2432 4282 οὗδὲν
2466 4231 2661 4279 τούτων
2697 4228 2931 4299 μάχεται
2961 4234 3032 4294 τῷ
3081 4234 3175 4286 τῆς
3208 4224 3447 4284 ἀληθείας
3475 4224 3632 4297 λόγῳ,
3671 4221 3800 4277 οὐδε
3832 4233 3895 4296 τῇ

2287 4322 2475 4391 θεωρίᾳ
2527 4324 2621 4378 τῆς
2686 4312 2963 4387 τριαδικῆς
3017 4313 3296 4385 θεολογιας,
3354 4311 3463 4364 ἀλλ’
3503 4313 3587 4364 ἐπὶ
3632 4312 3784 4365 πλέον
3847 4334 3905 4365 τε

2285 4408 2471 4482 μᾶλλον
2504 4406 2671 4458 αύτῶν
2714 4408 2769 4457 τό
2802 4403 3022 4476 ἀσφαλές
3054 4423 3105 4455 τε
3144 4408 3231 4454 καὶ
3277 4401 3619 4459 ἀνεπίληπτον
3661 4401 3901 4475 βεϐαιοῖ.

514 4496 636 4552 imo
666 4496 844 4553 etiam
876 4497 1257 4552 occasionem
1297 4497 1523 4567 prtebet
1564 4498 1964 4554 secundarum
1992 4500 2158 4556 ratio-

2285 4471 2442 4551 ζΑλλόι
2479 4500 2567 4548 καὶ
2599 4492 2819 4567 δευτέρω
2847 4471 3112 4566 λογίσμῶν
3153 4488 3379 4544 δίδωσιν
3423 4471 3679 4565 ἀφορμὴν,
3717 4489 3793 4543 δι’
3835 4494 3907 4542 ὧν

515 4600 683 4651 num,
716 4584 938 4657 quibus
967 4584 1454 4640 demonstramus
1480 4592 1878 4643 consentanee
1904 4586 2091 4643 Deum
2116 4588 2178 4643 in

518 4673 815 4729 ambitum
839 4674 1013 4729 trium
1036 4688 1428 4745 personarum
1487 4674 1791 4747 explicari.

592 4762 869 4818 Similiter
894 4764 941 4818 si
961 4763 1097 4835 quis
1120 4762 1237 4818 alia
1271 4762 1742 4819 consideratione
1772 4766 2040 4820 ostendet
2072 4748 2182 4821 no-

522 4851 676 4908 mina
701 4852 902 4908 divina
926 4858 981 4909 et
1005 4852 1281 4908 notiones
1301 4853 1362 4907 in
1406 4856 1521 4909 tres
1567 4869 1855 4925 personas
1896 4853 2183 4910 Trinitatis

2290 4591 2345 4640 τὸ
2378 4592 2526 4639 Θείον
2558 4580 2912 4637 ἐπιδείκνυται
2944 4582 3011 4642 εἰς
3062 4578 3341 4657 τριαδικην
3381 4580 3599 4651 εύλογως
3642 4578 3909 4633 ἁναπλού-

2290 4695 2436 4749 μενον
2464 4694 2554 4747 περ
2565 4679 2739 4745 ιοχήν.

2360 4764 2629 4825 Ὡσαύτως
2682 4758 2740 4814 δε
2800 4766 2889 4813 καὶ
2942 4764 2985 4813 εἴ
3033 4779 3113 4821 τις
3167 4755 3239 4811 δι’
3294 4758 3471 4833 ἑτέρας
3527 4756 3774 4819 ἐπιϐολῆς
3836 4758 3913 4819 εἱς

2294 4849 2571 4927 τριαδικὴν
2605 4848 2749 4923 δείξῃ
2795 4851 3184 4923 συναρίθμησιν
3224 4849 3291 4899 τὰ
3338 4849 3592 4923 θεοπρεπῆ
3644 4856 3748 4899 τῶν
3793 4846 3913 4899 ὀνο-

1857 4979 2088 5035 VARIE
2128 4978 2533 5035 LECTIONES.

519 5084 540 5155 j
575 5082 615 5139 ι.
646 5080 919 5155 διαχθείη.
955 5082 1064 5140 Per
1092 5083 1568 5156 hypodiastolen.
1604 5087 1800 5141 Carna.

2070 5192 2296 5250 ΝΟΤΕ.

599 5318 710 5390 (42)
747 5318 853 5390 γει
871 5316 1227 5390 operationis
1248 5323 1301 5374 et
1327 5317 1689 5390 substantiae.
1724 5320 2033 5390 Cum_ergo
2073 5317 2191 5390 tria

525 5386 661 5465 sint.
691 5386 701 5390 ⁷
732 5388 799 5442 Ἦ
870 5386 1122 5465 ἐνεργείας
1178 5394 1267 5441 καὶ
1313 5390 1511 5465 οὐσίας.
1588 5389 1719 5442 Ἀλλ’
1800 5386 2191 5465 0'30:‘s'(1r01)t05

530 5457 631 5536 δεῖ)
680 5469 771 5514 τοῦ
856 5457 1305 5536 συνανθροίσματος
1372 5462 1560 5515 αὐτῶν.
1615 5470 1781 5533 Τριῶν
1852 5457 1939 5514 οὖν
2012 5465 2187 5514 ὄντων.

528 5533 590 5587 Id
633 5541 717 5588 est
750 5552 761 5589 :
795 5554 823 5585 ‹‹
852 5534 955 5590 Vel
985 5533 1347 5605 operationis
1373 5534 1782 5605 etsubstantiaa
1809 5549 1819 5589 :
1856 5534 1959 5589 sed
2004 5547 2193 5605 neque

530 5606 806 5677 (multum
829 5611 979 5664 certe
1003 5604 1187 5677 abest)
1215 5604 1577 5661 collectionis
1607 5620 1835 5660 earum.
1870 5607 2016 5659 Cum
2051 5604 2193 5674 ergo

529 5676 642 5734 tria
673 5677 805 5734 sint.
842 5698 869 5730 »

2374 5314 2499 5387 (43)
2529 5312 2825 5387 Quomodo
2852 5318 3045 5387 autem
3088 5309 3391 5387 ducantur
3410 5308 3620 5387 a_liqua
3640 5311 3817 5387 etiam
3852 5310 3918 5364 in

2304 5380 2561 5457 sirigdla.
2588 5392 2698 5445 Πῶς
2720 5381 2769 5437 δ’
2792 5382 2850 5434 ἂν
2874 5382 3063 5457 ᾁχθείη
3093 5386 3183 5433 καὶ
3200 5387 3315 5433 τίνα
3338 5380 3407 5443 εἰς
3435 5381 3673 5457 ἕκαστον.
3702 5381 3763 5457 ld_
3780 5387 3912 5436 est:

2311 5478 2338 5509 ((
2364 5452 2645 5523 Quomodo
2665 5462 2845 5511 autem
2866 5452 3134 5509 ducantur
3149 5458 3201 5525 et
3224 5468 3475 5525 quaenam
3496 5452 3549 5507 in
3578 5452 3914 5525 singulas._»

2378 5522 2493 5601 (44)
2522 5528 2658 5583 Non
2675 5528 2757 5584 ad
2778 5542 2961 5583 unum
2983 5540 3058 5583 ex
3080 5524 3205 5601 istis
3230 5522 3423 5601 frib_u_s
3446 5522 3772 5601 pertinent.
3797 5522 3918 5601 Oﬁx

2310 5594 2397 5662 εἰς’
2428 5594 2485 5652 ἔν’
2514 5607 2614 5671 τῶν
2654 5606 2807 5671 τριῶν
2839 5601 3059 5671 μόνον..,
3095 5598 3306 5671 ἣκοντα.
3342 5594 3412 5653 Id
3450 5599 3577 5671 est:
3616 5614 3648 5646 α
3671 5597 3802 5653 Non
3838 5596 3918 5651 ad

2308 5687 2498 5729 unum
2526 5667 2907 5727 solummodo
2942 5686 3015 5727 ex
3042 5670 3169 5725 istis
3194 5667 3382 5725 tribus
3408 5667 3730 5739 pertinent.
3774 5687 3797 5715 ν
