4116 6194
169 312 276 373 893

1227 310 1321 370 AD
1361 307 1903 370 AMPHILOCHIUM
1946 313 2269 381 QUIESTIO
2309 313 2598 371 CLXXXI.

3422 303 3528 368 894

169 443 346 513 μάτων
385 457 440 491 τε
481 443 571 491 καὶ
613 440 883 512 νοημάτων
921 442 1276 514 περατούμενα
1320 439 1425 512 ούχ
1473 437 1639 503 ἑξάδα
1676 436 1765 492 διὰ

1880 440 2201 508 terminari,
2230 440 2486 496 multum
2509 439 2700 506 abest,
2730 442 2792 494 ut
2816 441 3129 510 propterea
3157 451 3395 493 causam
3424 438 3530 495 ha-

168 537 342 593 τοῦτο,
374 528 433 580 ού
477 530 566 599 μεν
598 525 685 579 οὖν
734 524 858 579 οὐδὲ
902 528 1088 580 πολλοῦ
1129 525 1229 594 δεῖ,
1278 528 1384 580 ἀλλ’
1425 526 1548 582 ούδε
1577 529 1769 589 πλῆθος

169 613 353 677 ἕνάδος
400 620 429 674 ἤ
485 635 619 676 τινος
661 615 821 676 οἶλλης
862 615 1088 676 πληθύος
1125 624 1422 691 παρασχεῖν
1472 617 1642 669 αἰτίαν
1681 617 1769 669 λά-

169 703 252 757 ϐοι
315 707 766 780 συνεπιφέρεσθαι.
824 706 1132 758 Τούναντίον
1191 703 1250 758 δὲ
1295 711 1354 758 τὸ
1398 714 1494 768 τῆς
1539 704 1767 780 Τριάδος

169 791 582 868 ἁπαράγραπτον
636 790 909 867 διαφόροις
973 790 1219 856 ἐπιδείξει
1283 794 1457 865 λόγοις
1523 793 1766 866 βεϐαιού-

165 901 320 954 μενον
350 885 526 934 καὶτὸ
577 880 886 953 ἀμετάθετον
929 884 1004 934 ἔτι
1057 883 1245 953 μᾶλλον
1292 887 1624 954 παραστήσει
1675 893 1767 943 τῆς

166 969 430 1042 θεολογίας
480 976 570 1022 καὶ
617 969 973 1025 ἀναλλοίωτον.
1018 973 1088 1024 Τό
1145 975 1242 1046 γὰρ
1299 976 1368 1043 μὴ
1428 978 1527 1042 μιᾷ
1579 975 1766 1044 θεωρίᾳ

164 1063 224 1111 τό
264 1063 396 1133 πρός
445 1059 701 1118 συστολὴν
755 1058 963 1134 ἀρρεπὲς
1011 1065 1102 1112 xui
1147 1060 1436 1122 ἑξάπλωσιν
1472 1070 1567 1122 τῆς
1614 1063 1766 1134 ύπερ-

165 1156 330 1220 φυοῦς
387 1145 617 1222 Τριάδος
663 1147 1172 1220 καταλαμϐάνεσθαι,
1217 1150 1540 1222 πολλαχόθεν
1590 1149 1650 1204 δε
1705 1156 1763 1203 τό

161 1236 541 1310 ἀμετακίνητον
594 1239 752 1299 αύτῆς
817 1244 906 1291 καὶ
975 1241 1342 1314 ἓστηριγμένον
1410 1241 1762 1293 ἀνακαλύπτε-

165 1328 316 1392 σθαι,
374 1335 480 1387 πῶς
521 1327 615 1379 ούκ
662 1329 723 1379 ἄν
755 1331 831 1384 εἴη
881 1336 977 1388 τῆς
1025 1327 1258 1402 ἓξαρχῆς
1299 1327 1654 1391 ἀποδοθείσης
1683 1330 1763 1381 αὶ-

161 1420 280 1477 τίας
327 1414 614 1488 βεϐαίωσις
654 1416 1052 1488 ungat/xta“
1093 1418 1150 1470 Εἰ
1192 1421 1281 1490 μεν
1331 1421 1430 1491 γὰρ
1491 1419 1567 1470 ἐπ’
1609 1419 1762 1471 ἄλλου

161 1510 251 1557 xui
311 1505 467 1557 ἄλλον
521 1507 878 1578 ὑποκειμένου,
934 1505 1060 1558 ἀλλὰ
1108 1511 1177 1578 μη
1217 1505 1298 1559 ἰπὶ
1342 1515 1438 1570 τῆς
1475 1509 1634 1569 αύτῆς
1676 1515 1764 1562 καὶ

160 1593 362 1656 ἕνιαίας
407 1597 648 1656 θεότητος
703 1597 732 1653 η
773 1591 1020 1670 τριαδικὴ
1079 1595 1526 1668 συγκεφαλαίωσις
1579 1595 1764 1670 διαφό-

158 1701 274 1754 ροις
327 1685 567 1758 θεωρίαις
613 1681 958 1747 ἐπεδείκνυτο,
1005 1681 1156 1736 ούδεν
1195 1685 1407 1738 ἐκώλυεν
1463 1696 1533 1758 τῷ
1579 1687 1765 1746 πλήθει

157 1779 258 1824 τῶν
318 1771 690 1844 ὶνθυμημάτων
738 1777 808 1844 μὴ
867 1772 1328 1844 συμπληθύνεσθαι
1369 1778 1551 1827 καὶτὸ
1600 1775 1766 1835 ἀπλή-

161 1862 349 1912 θυντον
395 1870 490 1922 τῆς
535 1863 790 1921 θεότητος.
836 1859 1004 1914 Οὐδὲν
1043 1863 1228 1923 ὁσάκις
1273 1861 1628 1924 ίπισκοπῆσαι
1656 1886 1766 1937 χα-

156 1951 506 2024 ριτωθείημεν
551 1949 635 2003 ἐπὶ
685 1958 775 2011 τῆς
823 1951 985 2013 αὐτῆς
1019 1953 1351 2025 ύπεραγάθου
1388 1951 1635 2028 Τριάδος,
1676 1959 1763 2008 τὸν

161 2041 298 2111 ἱερὸν
330 2045 508 2091 τοῦτον
555 2044 646 2091 xui
686 2041 915 2112 ἀριθμοῦ
953 2045 1220 2115 κρείττονα
1249 2041 1762 2114 καταλαμϐανόμενον

157 2127 406 2200 ἀριθμόν,
465 2131 580 2180 οὔτε
629 2128 1046 2200 συστελλόμενον,
1108 2134 1224 2182 οὗτε
1279 2136 1383 2202 μὴν
1444 2132 1765 2203 ὑπεραπλού-

154 2235 330 2288 μενον,
375 2224 485 2278 πῶς
535 2216 663 2287 ούχὶ
711 2217 898 2289 μᾶλλον
937 2221 995 2270 τό
1048 2217 1243 2280 πλῆθος
1271 2228 1370 2270 τῶν
1420 2218 1763 2294 ἐπιχειρημά-

1799 1789 1844 1846 Β

151 2325 252 2357 των
311 2303 719 2378 ἀπαράγραπτόν
762 2325 816 2358 τε
875 2312 964 2358 καὶ
1015 2307 1471 2366 παναληθίστατον
1501 2312 1557 2360 τό
1603 2307 1764 2366 ἀπλη-

155 2395 344 2446 θυντον
383 2395 522 2465 ἡμᾶς
567 2399 657 2446 καὶ
720 2393 1022 2468 ἀναφέρει-ον
1051 2398 1080 2438 κ
1124 2404 1220 2458 τῆς
1264 2393 1539 2469 τριαδικῆς
1588 2396 1766 2449 θεολο-

150 2487 278 2554 γίας
305 2482 401 2535 ούκ
421 2479 729 2535 ἐκδιδάσκει
762 2501 777 2551 ;

231 2570 390 2624 Ἐστι
419 2574 509 2644 μεν
537 2568 624 2623 οὖν
662 2578 751 2624 καὶ
789 2573 936 2648 ἕτερα
983 2569 1059 2625 δι’
1108 2574 1176 2624 ὧν
1218 2575 1248 2632 ἡ
1298 2578 1457 2648 Τριάς
1505 2577 1637 2627 κατὰ
1672 2579 1764 2632 τὴν

157 2661 452 2733 ὁμοιότητα
520 2668 612 2712 τοῦ
673 2663 1056 2734 τεθεωρημένον
1111 2662 1267 2733 λόγου
1329 2660 1760 2737 παραδείκνυται.

153 2750 361 2822 Ὠσπερ
411 2753 502 2801 xui
552 2751 618 2801 τὰ
664 2757 902 2814 τοιαῦτα,
957 2758 1095 2815 νοῦς,
1145 2755 1348 2816 νοητὸν,
1400 2757 1601 2819 νόησις,
1656 2754 1766 2805 εἶτα

158 2842 333 2910 λόγος,
392 2843 481 2890 καὶ
531 2844 756 2909 Πνεῦμα,
815 2844 905 2891 καὶ
955 2843 1015 2891 τὸ
1064 2838 1116 2903 ἐξ
1171 2840 1231 2893 οὗ
1291 2849 1456 2893 ταῦτα
1511 2846 1761 2915 πρόεισιν.

154 2927 323 2980 Ἀλλὰ
367 2929 466 2998 γὰρ
517 2931 607 2979 xui
650 2928 990 3002 ύπεράρχιος,
1043 2933 1133 2980 xui
1171 2934 1374 3003 πρώτη,
1425 2935 1514 2982 καὶ
1543 2933 1764 3002 ἔμφυτος

157 3014 332 3092 ἀρχὴ,
377 3021 466 3068 xui
499 3015 566 3066 ὧν
605 3019 741 3068 κατὰ
783 3020 869 3068 τόν
917 3017 1066 3089 λόγον
1099 3025 1193 3079 τῆς
1226 3021 1485 3090 συμφυίας
1513 3020 1769 3077 καθίστη·

156 3125 241 3158 κεν
288 3104 452 3177 ἀρχή.
498 3104 589 3168 Ἐξ
636 3105 695 3157 ού
740 3110 826 3158 xui
873 3107 903 3165 ἡ
952 3106 1000 3159 ἐν
1042 3114 1146 3168 τοῖς
1192 3103 1340 3160 οὖσιν
1387 3108 1583 3161 ἅπασιν
1630 3113 1764 3162 κατὰ
1802 3139 1843 3196 C

157 3191 472 3248 δεσποτείαν
521 3199 614 3246 xui
667 3200 957 3269 κυριότητα
1022 3201 1257 3270 πρόεισιν
1315 3193 1482 3270 ἀρχή.
1549 3196 1764 3252 Ἔπειτα

151 3288 436 3356 γεννήτωρ,
474 3287 719 3356 γέννημα,
775 3291 998 3358 Πνεῦμα⁹
1045 3285 1105 3337 ού
1148 3305 1246 3360 γαρ
1291 3287 1475 3358 ἄγονον
1528 3289 1557 3345 ἡ
1591 3292 1756 3358 πηγὴ,

155 3377 247 3426 καὶ
315 3372 462 3424 αἰτία
513 3375 716 3425 πάντων
765 3381 864 3426 τῶν
907 3378 1244 3446 γεννωμένων,
1305 3372 1420 3428 οὐδ’
1476 3377 1670 3437 ἄπνους
1724 3378 1754 3435 ἡ

154 3467 400 3537 χορηγία
451 3465 654 3515 πάντων
711 3471 801 3524 τῆς
851 3473 1031 3526 πνοῆς.
1096 3461 1237 3517 Ούδὲ
1291 3473 1390 3516 τῶν
1441 3465 1605 3528 αύτῆς
1661 3461 1756 3524 δη-

153 3553 570 3625 μιουργημάτων
646 3549 983 3627 ἐνδεέστερον,
1053 3556 1128 3605 ἔτι
1195 3554 1481 3624 ζωογονοῦν
1542 3560 1759 3629 πρώτως

153 3645 244 3692 xui
299 3648 502 3712 πρῶτα,
560 3642 828 3713 ὑπερφυῶς
875 3645 984 3713 μὲν,
1040 3645 1176 3694 κατὰ
1250 3639 1308 3695 δε
1391 3649 1483 3702 τὴν
1535 3647 1757 3716 ἔμφυτον

154 3728 322 3790 αὐτῆς
375 3733 464 3780 xui
517 3731 643 3803 ὑπὲρ
693 3730 840 3801 λόγον
901 3728 1162 3799 ἰδιότητα,
1225 3738 1308 3784 Δεῖ
1357 3735 1458 3807 γὰρ
1516 3742 1760 3805 προηγεῖ-

155 3819 286 3870 σθαι
343 3825 444 3870 τῶν
492 3814 842 3890 δημιουργίας
918 3818 1076 3891 λόγῳ,
1132 3826 1222 3873 xui
1270 3817 1578 3882 δεσποτείας
1634 3841 1758 3895 προ-

152 3908 425 3978 αχθέντων
489 3926 541 3959 τε
609 3913 697 3959 καὶ
777 3912 1198 3980 ζωογονουμένων
1271 3913 1362 3968 τὴν
1422 3912 1757 3983 προάναρχον

151 4003 254 4046 τῶν
303 3997 573 4068 ὑπερφυῶν
626 4015 681 4048 τε
727 4002 816 4049 xui
865 3998 1186 4069 ύπερουσίων
1241 4002 1391 4070 φύσιν
1448 4004 1537 4050 καὶ
1598 4003 1756 4064 ζωὴν,

150 4090 242 4137 xui
294 4083 367 4146 εἰς
397 4084 409 4126 ι
441 4083 769 4158 ἀπαύγασμα
824 4092 914 4138 xui
962 4093 1244 4159 μιμήματα
1295 4093 1383 4140 xui
1434 4087 1561 4146 ἄλλη
1613 4095 1760 4141 πᾱτα

149 4176 473 4232 καθέστηκεν
514 4178 668 4247 φύσις
721 4180 810 4227 xui
863 4177 995 4242 ζωὴ,
1037 4175 1144 4229 ἐπεὶ
1191 4176 1284 4228 κάν
1327 4185 1431 4237 τοῖς
1478 4183 1756 4248 περιγείοις

150 4265 180 4321 ἡ
226 4265 386 4336 φύσις
434 4270 525 4323 τῆς
568 4267 758 4335 τέχνης
807 4262 1126 4340 προῖδρυταί
1172 4284 1224 4318 τε
1263 4271 1351 4317 xui
1403 4268 1752 4340 προκάθηται.

151 4352 251 4405 ’Ἦν
307 4350 538 4424 ἀνάγκην
586 4352 738 4405 πάλιν
783 4353 876 4405 ούκ
925 4351 1308 4408 αύτοδέσποτον
1361 4351 1475 4408 οὐδ’
1525 4357 1756 4430 ἄναρχον
1791 4357 1835 4412 Ι)

1873 529 2014 584 beat
2066 529 2359 586 inferendi
2411 544 2728 585 numerum
2761 542 2861 582 sex
2893 541 3303 598 personarum,
3337 542 3528 598 neque

1875 618 2053 673 unius
2083 618 2174 674 vel
2205 618 2383 674 aliam
2417 617 2874 683 multitudinem,
2908 616 3010 671 sed
3058 616 3255 688 potius
3303 615 3528 672 immu-

1875 706 2217 762 tabilitatem
2266 706 2660 763 inviolabilem
2713 705 3007 762 Trinitatis
3058 704 3306 760 diversis
3356 705 3530 761 ratio-

1873 795 2048 850 nibus
2075 795 2496 851 conﬁrmatam
2519 793 2974 862 demonstrabit,
3008 793 3322 866 magisque
3347 794 3527 850 ﬁxam

1872 889 1930 939 et
1976 889 2349 940 constantem
2406 884 2739 940 doctrinam
2792 883 3124 954 Theologia:
3180 883 3455 940 ostendet
3509 901 3525 954 ;

1871 972 2119 1043 intelligi
2148 972 2308 1028 enim
2347 988 2469 1029 non
2521 989 2639 1028 una
2669 972 3168 1044 contemplatione
3197 987 3319 1027 non
3352 987 3528 1043 posse

1871 1061 2143 1117 contrahi
2184 1063 2524 1118 Trinitatem
2555 1077 2664 1116 nec
2694 1060 2931 1116 dilatari
2979 1077 2992 1127 ;
3026 1075 3094 1115 ex
3137 1059 3340 1115 multis
3386 1074 3527 1115 vero

1869 1150 2010 1206 locis
2039 1166 2110 1206 ac
2138 1151 2470 1206 rationibus
2498 1149 2762 1222 pateﬁeri
2794 1150 2977 1205 fixam
2999 1155 3056 1204 et
3084 1148 3522 1204 immutabilem

1870 1256 2018 1304 esse,
2035 1241 2345 1312 quomodo
2365 1255 2483 1295 non
2498 1240 2608 1295 erit
2623 1237 3018 1308 confirmatio,
3051 1253 3185 1309 quas
3203 1237 3383 1293 refelli
3408 1252 3528 1294 non

1872 1334 2079 1399 potest,
2112 1345 2308 1384 causai
2333 1345 2369 1384 a
2394 1328 2689 1400 principio
2717 1327 2966 1382 redditae
2994 1327 3023 1380 ?
3050 1327 3106 1381 Si
3135 1328 3243 1396 (45)
3273 1329 3431 1382 enim
3466 1326 3526 1381 in

1871 1417 1987 1472 alio
2017 1422 2074 1472 et
2102 1417 2220 1473 alio
2251 1417 2536 1491 subjecto,
2577 1422 2637 1472 et
2661 1431 2782 1472 non
2811 1416 2872 1470 in
2901 1415 3114 1471 eadem
3145 1415 3278 1486 ipsa
3312 1421 3368 1471 et
3411 1431 3527 1470 una

1869 1506 2179 1562 divinitate
2209 1521 2448 1562 summa
2485 1505 2783 1562 Trinitatis
2815 1505 3346 1568 demonstraretur,
3382 1503 3529 1559 nihil

1873 1594 2234 1666 prohiberet,
2260 1596 2405 1666 quin
2423 1595 2622 1650 multis
2634 1593 2980 1650 notionibus
3001 1593 3283 1648 divinitas
3307 1592 3530 1665 alioqui

1874 1699 1993 1739 non
2022 1684 2501 1755 multiplicabilis.
2536 1683 3044 1754 multiplicaretur,
3081 1682 3183 1738 Sin
3206 1697 3348 1737 vero
3380 1697 3531 1753 quo-

1873 1774 1981 1828 ties
2007 1773 2203 1843 gratia
2231 1777 2289 1828 et
2319 1787 2566 1828 munere
2586 1773 2682 1827 Dei
2712 1771 2888 1827 nobis
2918 1769 3280 1833 conceditur,
3318 1775 3385 1825 ut
3412 1769 3530 1825 Tri-

1872 1863 2118 1918 nitatem
2148 1861 2645 1933 contemplemur,
2678 1861 2739 1915 in
2770 1859 2983 1916 eadem
3010 1859 3291 1915 Trinitate
3345 1874 3530 1933 supra

1870 1966 2058 2022 quam
2083 1951 2245 2006 bona
2274 1952 2432 2007 hunc
2460 1965 2687 2006 sacrum
2713 1965 3055 2014 numerum,
3077 1948 3180 2020 qui
3206 1964 3529 2005 numerum

1871 2039 2068 2103 vincit,
2104 2055 2298 2109 neque
2337 2038 2602 2094 contrahi
2633 2053 2823 2110 neque
2849 2038 3122 2109 ampliari
3140 2037 3529 2106 intelligentia

1869 2127 2457 2198 comprehendimus.
2497 2127 2806 2198 quomodo
2834 2142 2956 2182 non
2989 2126 3181 2197 magis
3205 2125 3526 2182 multitudo

1871 2221 2366 2287 argumentorum
2389 2217 2564 2272 docet
2601 2231 2710 2270 nos
2741 2215 2878 2270 illud
2920 2230 3040 2270 non
3074 2213 3526 2286 multiplicabile

1871 2306 2192 2372 Trinitatis,
2210 2303 2568 2370 inviolabile,
2585 2309 2641 2360 et
2656 2302 3054 2372 immutabile,
3067 2317 3137 2359 ac
3154 2302 3531 2358 verissimum

1873 2409 2022 2462 esse,
2064 2398 2123 2450 et
2161 2393 2283 2450 tolli
2323 2409 2445 2450 non
2471 2408 2666 2465 posse.

1944 2573 2093 2629 Sunt
2147 2579 2204 2630 et
2231 2573 2348 2630 alia
2403 2571 2618 2645 quibus
2677 2571 2928 2628 Trinitas
2957 2572 3035 2627 ad
3073 2571 3531 2628 similitudinem

1873 2664 2190 2736 superioris
2204 2661 2702 2734 contemplationis
2713 2661 3182 2727 subostenditur,
3206 2660 3532 2732 cujusmodi

1874 2757 2012 2807 sunt
2040 2752 2190 2815 haec,
2221 2751 2575 2814 intellectus.
2619 2749 2948 2806 intellectile
2987 2756 3046 2805 et
3072 2750 3408 2815 intellectio,
3436 2749 3532 2806 de-

1874 2839 2013 2895 inde
2043 2841 2152 2910 (46)
2175 2840 2431 2896 Verbum
2457 2845 2514 2895 et
2535 2841 2805 2912 Spiritus,
2824 2847 2879 2895 et
2904 2854 2978 2894 ex
2997 2854 3114 2909 quo
3144 2839 3273 2894 haec
3288 2843 3528 2894 exeunt.

1875 2929 1986 2985 Sed
2015 2929 2171 2983 enim
2201 2933 2258 2984 et
2281 2929 2650 3000 principatus
2666 2929 2915 3000 primus,
2942 2933 2998 2983 et
3023 2926 3324 2990 insitus,et
3345 2942 3532 2998 supra

1874 3016 2298 3089 principatum,
2326 3022 2654 3088 etquorum
2688 3023 2773 3072 est
2799 3016 3171 3087 principatus
3196 3015 3528 3070 secundum

1873 3107 2166 3163 rationem
2204 3113 2294 3158 τοῦ
2353 3109 2639 3178 συμφυΐας,
2693 3121 2760 3161 ex
2788 3121 2910 3177 quo
2960 3105 3079 3160 exit
3134 3104 3526 3176 principatus,

1872 3195 1976 3268 qui
2001 3195 2172 3251 estin
2213 3196 2513 3260 omnibus,
2555 3211 2693 3266 qum
2720 3202 2852 3250 sunt
2883 3193 3219 3250 secundum
3259 3193 3529 3250 domina-

1872 3286 2111 3341 tionem.
2146 3288 2294 3341 Sunt
2323 3289 2554 3356 postea,
2609 3286 2855 3353 genitor,
2900 3298 3168 3353 germen,
3220 3299 3339 3339 non
3368 3283 3530 3339 enim

1869 3374 2084 3429 sterilis
2117 3380 2223 3440 est,
2256 3382 2312 3430 et
2338 3389 2457 3429 non
2483 3373 2793 3436 fecundus.
2823 3372 2928 3445 qui
2953 3379 3042 3428 est
3067 3371 3268 3429 fonset
3286 3372 3529 3428 effector

1867 3463 2161 3529 omnium,
2194 3466 2297 3535 qui
2335 3463 2659 3534 gignuntur
2689 3480 2703 3529 ;
2733 3477 2928 3534 neque
2961 3462 3088 3517 sine
3137 3463 3376 3533 Spiritu,
3418 3461 3528 3534 qui

1867 3552 2094 3624 praebet
2155 3552 2434 3624 Spiritum
2487 3551 2787 3615 omnibus,
2849 3565 3044 3623 neque
3078 3551 3365 3606 creaturis
3403 3550 3532 3606 suis

1867 3643 2168 3713 egentior;
2205 3648 2293 3696 est
2323 3647 2608 3713 praeterea
2639 3640 2903 3696 viviﬁcus
2937 3641 3197 3712 primum
3225 3646 3282 3696 et
3318 3640 3532 3712 primo-

1866 3749 2020 3797 rum,
2070 3748 2252 3804 supra
2308 3735 2585 3787 naturam
2639 3730 2893 3802 quidem,
2945 3737 3144 3785 tamen
3189 3730 3525 3786 secundum

1866 3821 2286 3894 proprietatem
2318 3819 2428 3876 sibi
2469 3819 2708 3875 insitam
2749 3825 2857 3884 est,
2899 3825 2956 3874 et
2995 3836 3200 3891 supra,
3234 3835 3424 3891 quam
3465 3827 3530 3876 ut

1866 3911 2018 3967 ratio
2071 3926 2203 3966 eam
2249 3910 2486 3980 assequi
2541 3910 2742 3980 possit,
2784 3914 3010 3979 oportet
3040 3909 3199 3964 enim
3246 3910 3339 3973 iis,
3389 3925 3526 3981 qua)

1866 4000 2094 4055 ratione
2124 3998 2432 4054 creationis
2475 4001 2533 4052 et
2579 3996 3006 4052 dominationis
3038 3997 3332 4068 producta
3362 4001 3523 4062 sunt,

1868 4093 1923 4143 et
1981 4087 2274 4142 viviﬁcata
2307 4087 2528 4141 anteire
2586 4085 2695 4146 (47)
2753 4090 3036 4140 naturam
3077 4091 3135 4140 et
3172 4086 3353 4140 vitam
3401 4085 3528 4139 sine

1867 4176 2032 4231 initio
2065 4175 2396 4246 principem
2423 4189 2652 4238 eorum,
2680 4190 2815 4244 quae
2840 4177 2976 4228 sunt
2998 4174 3271 4244 ejusdem
3303 4177 3528 4229 naturae

1869 4272 1927 4322 et
1956 4263 2315 4330 substantiae,
2341 4264 2584 4331 etcujus
2601 4261 2883 4332 splendor
2896 4266 3002 4326 est,
3027 4268 3083 4317 et
3102 4263 3180 4318 ad
3213 4261 3529 4332 cujusimi-

1871 4354 2157 4410 tationem
2188 4357 2244 4407 et
2273 4350 2617 4422 exemplum
2668 4350 2865 4405 omnis
2915 4349 3032 4406 alia
3064 4357 3279 4407 natura
3315 4354 3373 4407 et
3408 4351 3530 4409 vita

1455 4498 1697 4554 VARI/Ii
1773 4496 2178 4555 LECTIONES.

231 4606 261 4646 k
295 4599 656 4678 ἀναφαίρετον.
685 4605 816 4660 CAP.
845 4621 862 4659 Ι
896 4605 934 4662 l.
964 4601 1048 4667 ἧς.
1078 4603 1212 4661 CAP.

1768 4731 1991 4788 NOTAE.

227 4871 344 4936 (45)
403 4869 564 4926 Si...
633 4886 860 4928 summa
917 4873 1166 4928 Tn'nitis
1232 4873 1756 4939 demonstraretur,

152 4939 318 5022 ηίζιίι
348 4940 679 5009 prohiberet
712 4944 854 5067 quin
884 4944 1089 4999 multis
1118 4944 1452 5000 nationibus
1481 4946 1762 5001 divinitas

152 5013 384 5067 alioaui
446 5028 560 5067 non
620 5029 715 5067 mu
743 5013 1087 5067 (inlicubilis
1142 5015 1650 5067 multinlicaretur.
1704 5017 1762 5067 Εἰ

151 5011 403 5086 alioqui;
446 5011 1087 5086 nonAmultipticubitis
1142 5015 1650 5086 muttiplicaretur.
1704 5017 1764 5069 Ei

151 5080 340 5169 μὶνϊῖ,
383 5084 412 5140 ἡ
447 5080 695 5169 τριαδιξὴ
745 5080 1499 5169 συγκεφαλαίωσιςιδιαφόροις
1531 5090 1764 5169 θεωρίαις

152 5150 507 5222 ἰπεδείκνυτο,
567 5153 720 5231 ούδεν
763 5150 978 5210 ἐκωλύεν
1035 5166 1108 5227 τῷ
1155 5150 1338 5216 πλήθεί
1387 5150 1488 5211 τῶν
1542 5150 1762 5231 ἐνθυμη-

153 5228 333 5296 μάτων
391 5232 462 5298 μη
506 5227 986 5298 συμπληθύνεσθαι
1041 5235 1130 5281 xui
1191 5235 1250 5281 τό
1297 5228 1619 5288 ἁπλήθυντον
1663 5227 1764 5292 ⁷τῆς

151 5297 410 5358 ϐεὸτητος.
458 5297 519 5353 Id
560 5297 648 5353 εει
681 5317 695 5359 :
725 5321 746 5349 ι
796 5301 853 5355 Si
901 5317 1139 5356 summa
1169 5299 1470 5358 Trinitatis
1507 5302 1760 5358 diversis

151 5368 734 5426 considerationibus
761 5369 1285 5437 demonstraretur,
1315 5373 1460 5430 nihil
1490 5373 1762 5437 prohibe-

152 5439 621 5512 retquinsimul
653 5456 788 5498 cum
845 5449 1337 5512 argumentorum
1385 5439 1761 5500 multitudine

153 5511 800 5589 nonmultiplicaretur
827 5511 1005 5572 etiam
1036 5514 1322 5572 divinitas
1349 5515 1758 5589 multiplicabi-

151 5581 341 5640 litatis
372 5581 602 5657 expers.

1947 4875 2053 4939 (46)
2096 4875 2346 4932 Verbum
2372 4882 2424 4932 et
2449 4873 2710 4944 Spiritus
2739 4877 2796 4945 et
2823 4889 2898 4930 ex
2915 4889 2978 4930 eo
3003 4889 3119 4945 quo
3147 4873 3271 4931 hac
3286 4881 3526 4933 exeunt.

1876 4952 2044 5017 Λόγος
2081 4952 2170 4998 xui
2224 4955 2432 5019 Πνεῦμα
2483 4952 2572 4999 xui
2603 4950 2682 5019 ire
2735 4944 2789 5008 ἐξ
2833 4946 2899 5019 ού
2953 4944 3122 5019 ταῦτα
3172 4951 3408 5018 πρόεισιν
3463 4947 3529 5003 Id

1873 5016 2003 5091 est:
2035 5037 2061 5066 ‹‹
2093 5016 2434 5074 νει-Μῶα
2463 5018 2712 5091 Spiritus
2744 5023 2796 5091 et
2827 5016 2963 5091 illud
2989 5033 3066 5091 ex
3093 5016 3220 5091 quo
3247 5019 3368 5074 haec
3397 5034 3530 5091 pro-

1873 5087 2106 5161 cedunt.
2144 5110 2167 5139 υ
2201 5091 2403 5158 Agitur
2447 5087 2605 5144 enim
2637 5089 2730 5144 hic
2760 5088 2834 5144 de
2879 5087 3530 5161 divinis'processioni-

1873 5159 1986 5215 bus
2017 5175 2086 5215 ex
2134 5166 2320 5229 patre.

1943 5232 2052 5294 (47)
2081 5231 2384 5289 Naturam
2413 5238 2476 5304 et
2500 5233 2708 5288 vitam.
2730 5273 2778 5288 ..
2818 5245 3021 5288 eorum
3058 5247 3184 5304 quae
3206 5239 3344 5290 sunt
3384 5236 3532 5304 ejus-

1872 5303 2000 5380 dem
2031 5309 2268 5380 naturae
2291 5310 2343 5380 et
2382 5303 2884 5380 substantiajr‘w
2916 5311 3017 5380 τῶν
3049 5303 3321 5380 ὑπερφυῶν
3358 5303 3417 5358 τε
3441 5309 3531 5358 καὶ

1871 5373 2191 5447 ύπερουσίων
2249 5377 2404 5447 φύσιν
2451 5378 2537 5426 καὶ
2573 5374 2732 5434 ζωήν.
2765 5373 2825 5429 Id
2870 5379 2959 5431 est
3007 5393 3019 5430 :
3070 5396 3093 5426 α
3146 5373 3442 5433 Naturam
3473 5381 3533 5432 et

1870 5444 2055 5523 vitam
2098 5444 2305 5523 eorum
2357 5461 2492 5517 quae
2519 5450 2657 5502 sunt
2712 5461 2894 5518 supra
2932 5451 3212 5506 naturam
3261 5453 3318 5505 et
3349 5463 3532 5523 supra

1871 5517 2292 5575 substantiam.
2337 5538 2364 5567 »
