4116 6194
589 281 696 337 895

1803 272 2044 335 PHOTII
2087 272 2573 334 PATBIARCH/E
2613 274 2725 334 CP.

3843 280 3951 337 896

580 404 815 473 exstitit,
871 402 979 473 (48)
1009 402 1141 458 licet
1193 402 1439 458 terrenis
1484 407 1703 459 natura
1730 405 1871 461 artis
1926 405 2224 477 praeposita

2349 400 2510 456 οὖσαν
2552 407 2678 477 πρὸς
2731 403 2905 477 ἑτέραν
2951 401 3166 455 ἀπασῶν
3218 411 3317 455 τῶν
3373 405 3573 475 φύσεων
3623 401 3952 479 δημιουργόν

578 500 635 549 et
661 497 919 549 antelata
951 497 1125 557 esset,
1152 508 1338 563 quam
1357 502 1759 549 necesseesset
1785 511 2007 557 rursus,
2034 498 2235 565 utpote

580 597 700 638 non
718 581 983 646 liberam,
1020 596 1211 651 neque
1237 582 1363 636 sine
1390 582 1555 637 initio
1585 584 1657 639 ad
1675 583 2125 639 similitudinem
2155 583 2236 638 a1-

579 670 778 735 terius,
820 685 956 741 quaa
994 676 1151 724 esset
1174 671 1447 725 omnium
1486 676 1836 727 naturarum
1865 672 2147 738 eﬁectrix,
2178 677 2235 726 et

580 774 765 830 supra
789 774 972 830 quam
1004 757 1113 813 dici
1148 764 1366 830 posset,
1406 760 1641 827 eximia,
1675 761 1783 822 (49)
1813 761 1991 816 veluti
2020 760 2233 831 imagi-

2346 498 2434 545 καὶ
2488 491 2805 565 ἐξηρημένην
2868 492 3035 544 αὐτῶν
3111 490 3420 563 ἀφθέγκτοις
3498 494 3798 567 ὑπεροχαῖς
3871 504 3953 555 τῆς

2343 586 2624 651 γεννήσεως
2654 580 2867 652 ἄγαλμα
2920 584 2977 632 τὸ
3025 582 3293 632 ποιεῖσθαί
3342 600 3395 632 τε
3445 585 3533 633 καὶ
3575 585 3949 637 συνίστασθαι.

2345 670 2513 722 Πολλά
2560 667 2612 722 δ’
2663 672 2724 721 ἄν
2755 676 2843 722 καὶ
2890 670 3037 741 ἔτερα
3082 673 3159 727 εἰη
3210 672 3339 744 πρὸς
3386 674 3479 729 τὴν
3524 671 3689 730 αὐτὴν
3739 674 3951 747 θεωρίαν

2343 755 2790 831 διοικονομεῖσθαι
2818 755 3101 830 δυνάμενα.

580 861 720 902 nem
750 845 994 902 formari
1034 850 1092 901 et
1120 847 1414 903 constitui.
1442 848 1616 904 Multa
1642 848 1983 914 aliaessent,
2001 866 2135 921 qua:
2160 854 2405 920 possent
2423 848 2496 903 ad
2517 848 2794 903 eamdem
2811 847 3380 918 contemplationem
3407 848 3809 903 adhiberi.....
3846 854 3949 917 (50)

651 937 791 992 Novi
822 941 1023 991 autem
1049 936 1367 991 nonnullos
1388 936 1488 1008 qui
1507 937 1683 992 aliam
1702 938 2033 1009 quamdam
2052 939 2233 1008 hujus

580 1026 845 1097 mysterii
911 1025 1366 1095 explicationem
1421 1026 1818 1097 symbolicam
1861 1026 2229 1097 protulerint.

582 1116 754 1182 Deus,
782 1113 1079 1185 inquiunt,
1104 1113 1413 1169 virtutibus
1469 1118 1525 1169 et
1557 1114 1795 1185 justitiaa
1850 1115 2069 1171 trutina
2106 1131 2231 1170 om-

578 1203 743 1257 nium
776 1202 1207 1274 providentiam
1226 1202 1393 1257 librat
1415 1203 1732 1274 :quoniam
1762 1204 1939 1271 igitur
1967 1203 2131 1275 quod
2153 1203 2231 1259 ab

579 1290 913 1347 hominibus
940 1294 1339 1360 excogitatum
1363 1291 1538 1347 estad
1556 1291 1867 1347 ferendum
1899 1292 1972 1347 de
1990 1292 2231 1363 aequali-

578 1380 694 1438 bus
721 1387 775 1436 et
802 1381 1199 1452 inmqualibus
1244 1381 1556 1451 judicium,
1588 1382 1702 1436 hoc
1736 1384 1971 1452 proprie
2010 1382 2232 1437 trutina

579 1470 813 1537 dicitur,
837 1470 1010 1541 cujus
1042 1470 1378 1525 extremitas
1407 1476 1655 1541 utraque
1697 1471 1895 1525 media
1920 1487 1991 1525 ex
2042 1474 2227 1541 parte,

579 1574 765 1629 quam
793 1574 1044 1613 examen
1076 1564 1312 1627 vocant,
1342 1558 1676 1628 dependet;
1708 1564 1760 1613 et
1781 1559 1888 1627 (51)
1923 1558 2075 1613 trina
2104 1559 2232 1629 qui-

2416 934 2555 989 Οἶδα
2600 933 2658 988 δέ
2704 956 2846 997 τινας
2895 936 3133 999 εἰπόντας
3162 941 3252 988 καὶ
3285 936 3456 1009 ἑτέραν
3505 940 3623 989 τινὰ
3670 937 3954 1009 συμϐουλί-

2342 1031 2436 1084 χὴν
2487 1028 2721 1098 θεωρίαν.
2774 1025 3026 1097 Ἀρεταῖς,
3078 1031 3228 1097 φασὶ,
3278 1028 3335 1077 τὸ
3369 1032 3518 1079 Θεῖον
3557 1032 3650 1079 καὶ
3689 1028 3845 1097 ζυγῷ
3874 1024 3953 1079 δι-

2340 1118 2623 1176 καιοσύνης
2665 1118 2757 1173 τήν
2813 1118 3055 1185 πρόνοιαν
3112 1116 3312 1166 πάντων
3356 1113 3680 1167 ταλαντεύων
3711 1127 3781 1171 ω,
3818 1116 3951 1168 Ἐπεὶ

2342 1201 2429 1256 όῦν
2481 1208 2571 1255 καὶ
2624 1204 2649 1254 ὃ
2698 1210 2809 1264 τοῖς
2856 1201 3140 1276 ἀνθρώποις
3179 1200 3499 1259 ἐπινενόηται
3547 1208 3831 1277 κριτήριον
3861 1213 3954 1255 τῶν

2340 1296 2469 1345 ἴσων
2523 1312 2575 1343 τε
2632 1296 2720 1343 καὶ
2778 1290 2986 1354 ἀνίσων,
3030 1291 3185 1362 ζυγὸν
3240 1287 3291 1343 δ’
3345 1291 3472 1343 αὐτό
3524 1293 3954 1365 κυριολογοῡσιν.

2343 1380 2498 1434 Ἀλλά
2535 1383 2636 1453 γὰρ
2678 1387 2829 1431 τοῦτο
2861 1391 2890 1420 η
2940 1382 3004 1431 τά
3041 1379 3164 1453 παρ’
3205 1379 3421 1451 ἑκάτερα
3472 1375 3569 1431 δύο
3615 1384 3831 1455 πέρατα
3873 1391 3959 1442 τῆς

2340 1472 2475 1521 κατὰ
2512 1472 2569 1520 τό
2612 1472 2767 1539 μέσον
2824 1473 3029 1541 κεραίας
3061 1467 3358 1540 ἐξήρτηται.
3414 1473 3513 1520 Καὶ
3556 1465 3832 1541 τριαδικῷ
3873 1475 3958 1541 μὲν

2345 1555 2595 1630 ἰδιώματι
2642 1560 2696 1608 τὸ
2737 1560 2870 1609 κατὰ
2944 1560 3037 1617 τὰς
3074 1558 3383 1617 ὑποστάσεις
3433 1553 3685 1630 διάφορον
3741 1556 3959 1611 ὑποδεί-

580 1648 711 1703 dem
733 1646 1085 1718 proprietate
1118 1663 1248 1714 sua,
1279 1646 1616 1701 divinarum
1641 1662 2033 1717 personarum
2065 1646 2224 1702 diffe-

2340 1668 2541 1700 κνυται.
2598 1647 2709 1700 Μία
2761 1642 2820 1697 δὲ
2867 1647 3061 1696 τούτων
3093 1643 3202 1697 ἐστὶ
3232 1650 3321 1697 καὶ
3354 1646 3383 1702 ἡ
3418 1649 3587 1718 κρίσις
3618 1651 3711 1697 καὶ
3764 1648 3797 1703 ἡ
3833 1649 3959 1719 ἐνέρ-

578 1736 828 1791 rentiam
851 1735 1186 1791 subindicat
1216 1757 1227 1789 :
1256 1735 1469 1790 harum
1498 1742 1693 1791 autem
1714 1734 1943 1791 trutinae
1968 1736 2231 1807 proprie-

579 1829 767 1880 tatum
824 1826 1063 1879 unicum
1113 1829 1201 1879 est
1232 1824 1545 1893 judicium,
1593 1830 1649 1879 et
1688 1826 1864 1879 unica
1903 1826 2171 1896 operatio
2215 1843 2228 1891 ;

579 1912 780 1983 sicque
831 1916 1047 1968 trutina
1076 1919 1133 1968 et
1182 1912 1358 1968 trium
1402 1928 1794 1984 personarum
1824 1918 1876 1967 et
1911 1913 2230 1982 singularis

576 2006 803 2056 naturae
837 2000 983 2073 [Dei]
1014 2001 1539 2057 considerationem
1580 2001 1844 2073 quadam
1875 2002 2035 2057 velut
2082 2002 2228 2058 ima-

576 2089 714 2159 gine
739 2089 799 2145 in
829 2106 890 2145 se
915 2090 1048 2161 ipsa
1077 2090 1369 2162 exprimit,
1418 2107 1537 2145 non
1587 2091 2085 2146 contumeliosum
2117 2091 2230 2146 sibi

2338 1756 2472 1808 γεια,
2529 1740 2618 1786 καὶ
2666 1737 2829 1797 ταύτῃ
2878 1729 3155 1807 τριαδικὴν
3210 1732 3258 1785 ἐν
3304 1733 3470 1804 ἐαυτῷ
3509 1740 3599 1786 καὶ
3657 1732 3959 1807 μοναδικήν

2342 1827 2555 1898 θεωρίαν
2608 1823 2863 1885 εἰκονίζει,
2906 1823 2999 1874 οὐκ
3044 1826 3198 1894 ἔσχεν
3246 1822 3395 1894 ὕϐριν
3444 1825 3469 1875 ὁ
3516 1832 3615 1875 τῶν
3674 1824 3813 1876 ὅλων
3852 1845 3959 1899 κρι-

2338 1918 2448 1977 τὴς,
2498 1916 2584 1963 καὶ
2639 1912 2967 1982 ζυγοστάτης
3001 1915 3151 1975 Θεὸς,
3206 1908 3299 1963 διὰ
3336 1921 3430 1963 τῶν
3469 1914 3592 1983 ἡμῖν
3648 1920 3958 1987 συντρόφων

2339 2008 2514 2073 φωνῶν
2570 2003 2661 2058 τὴν
2722 1998 3080 2057 ἀκατάληπτον
3157 1999 3316 2051 αὐτοῦ
3407 2002 3726 2072 θεογνωσίαν
3791 2022 3958 2075 παρα-

2339 2091 2691 2143 πτύσσεσθαι.

578 2194 706 2235 esse
726 2180 1088 2236 existimavit
1108 2181 1521 2235 universorum
1537 2180 1722 2250 judex
1743 2186 1800 2235 et
1828 2182 2001 2252 quasi
2028 2180 2274 2236 librator
2295 2182 2448 2234 Deus
2470 2176 3134 2249 incomprehensibilem
3161 2179 3251 2233 sui
3283 2178 3553 2233 notitiam
3573 2195 3682 2250 per
3704 2196 3959 2236 consue-

581 2273 669 2324 tas
709 2269 885 2324 nobis
927 2284 1099 2324 voces
1121 2270 1395 2338 detegere
1426 2276 1482 2323 et
1528 2269 1847 2340 explicare.

654 2356 839 2412 Possis
860 2357 1043 2413 etiam
1072 2357 1203 2428 ipse
1232 2358 1551 2419 advertere,
1589 2360 1649 2413 in
1675 2358 1792 2414 alio
1807 2358 1970 2414 nullo
2004 2359 2238 2429 [praeter

580 2445 935 2518 ternarium]
986 2461 1238 2501 numero
1279 2445 1426 2501 duas
1476 2447 1880 2501 extremitates
1935 2446 2233 2501 medietati

580 2535 865 2604 conjungi
878 2550 979 2604 per
995 2534 1357 2603 singularem
1371 2540 1427 2589 et
1442 2533 1785 2589 differentias
1812 2536 2007 2591 omnis
2029 2550 2233 2606 exper-

582 2627 701 2678 tem
747 2622 1174 2694 aaqualitatem,
1227 2622 1697 2678 indiversitatem
1739 2630 1795 2678 et
1821 2623 2230 2679 indistantiam

580 2727 685 2768 seu
714 2712 1170 2783 inseparabilem
1223 2712 1390 2782 [inre
1436 2716 1631 2767 tamen
1682 2712 2016 2783 inconfusa]
2056 2712 2229 2767 nobis

577 2800 833 2857 detineat
864 2805 920 2856 et
964 2816 1199 2856 sacram
1251 2802 1579 2870 quamdam
1622 2805 1840 2856 nostra;
1892 2800 2225 2870 Theologiaa

2418 2351 2550 2407 Οὐδ’
2603 2357 2664 2407 οἶν
2708 2355 3091 2429 ἐπιθεωρὴσαις
3142 2357 3210 2417 ὡς
3256 2353 3331 2407 ἐπ’
3382 2351 3591 2418 οὐδενός
3637 2359 3761 2409 ἔστι
3794 2357 3961 2410 λαϐεῖν

2343 2454 2442 2497 τῶν
2494 2444 2655 2496 ἆλλων
2696 2443 2927 2517 ἀριθμῶν
2982 2443 3114 2502 πλὴν
3164 2452 3259 2506 τῆς
3309 2440 3539 2519 Τριάδός
3568 2443 3961 2519 ἀπαραλλάχτῲ

2341 2538 2430 2586 καὶ
2489 2534 2653 2605 ἐνιαίᾳ
2711 2533 2919 2590 ἰσότητι
2974 2535 3041 2585 τὰ
3087 2532 3223 2607 ἂκρα
3270 2541 3340 2603 τῷ
3379 2536 3522 2605 μέοῳ
3566 2542 3958 2608 συναπτόμενα.

2339 2622 2404 2674 ’⁸0
2461 2626 2630 2674 τοίνυν
2676 2619 2724 2672 ἕν
2783 2620 3021 2692 ἀριθμοῖς
3055 2625 3111 2674 τό
3156 2625 3270 2674 ἴσον
3317 2627 3406 2674 καὶ
3438 2621 3847 2695 ἀπαράλλακτον
3872 2629 3959 2676 καὶ

2339 2708 2659 2763 ἀδιάστατον
2716 2709 2764 2761 ἐν
2817 2718 2889 2779 τῷ
2945 2710 3236 2783 ἀσυγχύτῳ
3294 2712 3600 2784 ὑπογράφει,
3674 2719 3771 2765 καὶ
3820 2717 3959 2789 ἱεράν

2335 2818 2450 2851 τινα
2484 2804 2763 2872 φαντασίαν
2813 2808 2909 2861 τῆς
2955 2801 3099 2870 ἡμῶν
3151 2799 3414 2871 θεολογίας
3445 2803 3744 2875 ἓνοπτρίζει
3786 2815 3835 2866 ο,
3887 2805 3956 2855 εἰ·

570 2889 772 2946 ideam
804 2889 962 2945 velut
999 2889 1058 2944 in
1108 2890 1349 2961 speculo
1393 2888 1649 2958 exhibet,
1681 2906 1785 2961 per
1832 2889 1994 2945 hunc
2033 2890 2224 2961 potius

2338 2894 2492 2951 κότως
2548 2887 2916 2961 ἐφιλοσόφησεν
2983 2891 3011 2946 ἡ
3064 2892 3411 2960 μυσταγωγὸς
3461 2898 3558 2950 τῆς
3626 2889 3953 2954 Ἐκκλησίας

567 2995 753 3050 quam
785 2996 891 3051 per
916 2978 1099 3035 alium
1130 2978 1478 3052 quempiam
1513 2995 1822 3034 numerum
1863 2978 2221 3049 explicatam

2338 2983 2513 3048 χρίσις
2545 2990 2592 3041 Ρ,
2626 2974 2699 3029 δι’
2744 2976 2935 3029 ἐκείνου
2988 2977 3178 3049 μᾶλλον
3227 2981 3257 3036 ἦ
3302 2974 3376 3030 δι’
3422 2978 3596 3051 ἐτέρου
3643 2984 3795 3041 τινὸς
3839 2980 3953 3053 ἀρι-

563 3067 751 3124 Ττίιιω
771 3069 1078 3139 unicteque
1094 3068 1329 3124 Deitatis
1342 3067 1723 3137 Theologiam
1737 3068 1985 3123 edoccre
2012 3067 2219 3123 merito

562 3158 788 3214 studuit
814 3157 1075 3214 Ecclesiae
1114 3173 1250 3230 quae
1304 3158 1488 3213 sacris
1521 3172 1630 3212 nos
1680 3158 1976 3229 mysteriis
2010 3156 2214 3221 initiat,

558 3246 867 3316 judicium.

633 3334 1032 3390 Atenimillud
1049 3351 1283 3406 quoque
1314 3334 1798 3390 manuductionis
1824 3334 2009 3391 instar
2039 3351 2216 3406 opor-

564 3427 645 3477 tet
677 3428 735 3478 ut
761 3429 1032 3480 assumat
1056 3424 1125 3492 is,
1152 3424 1250 3495 qui
1277 3422 1524 3478 voluerit
1561 3423 1875 3491 intelligere
1916 3440 2020 3478 cur
2074 3440 2216 3480 san-

566 3516 658 3566 cta
695 3512 943 3567 Trinitas
968 3527 1160 3583 neque
1192 3510 1569 3581 multiplicari
1610 3511 1871 3582 amplius
1903 3527 2097 3583 neque
2128 3513 2213 3567 in-

568 3600 900 3655 novationis
919 3600 1214 3671 quidpiam
1232 3600 1418 3669 possit
1432 3600 1490 3653 in
1506 3615 1567 3653 se
1582 3599 1862 3669 recipere.
1896 3602 2015 3653 Hoc
2039 3616 2216 3671 porro

568 3688 1007 3759 cujusmodiest
1026 3687 1054 3742 ?
1084 3687 1573 3759 Quandoquidem
1599 3703 1806 3743 eorum
1828 3703 1965 3760 quas
1992 3704 2062 3743 ex
2092 3704 2212 3744 nou

566 3777 931 3834 astantibus
961 3779 1040 3833 ad
1066 3777 1463 3832 exsistentiam
1504 3778 1791 3848 producta
1817 3782 1973 3843 sunt,
2001 3793 2213 3833 unum-

563 3866 847 3939 quodque
879 3866 1123 3924 materia
1153 3869 1388 3922 constat
1413 3868 1471 3920 et
1493 3865 1705 3930 forma,
1740 3865 1826 3921 vel
1862 3866 2070 3922 saltem
2102 3867 2212 3922 ele-

562 3960 815 4017 mentari
842 3957 1044 4029 aliqua
1073 3956 1372 4021 dualitate,
1403 3970 1555 4026 quae,
1580 3955 1889 4026 quamdam
1918 3972 2058 4011 cum
2090 3972 2214 4011 ma-

560 4051 707 4109 teria
726 4057 781 4106 et
809 4049 1000 4104 forma
1022 4046 1465 4118 proportionem
1496 4043 1727 4109 habeat,
1763 4060 2005 4099 necesse
2040 4050 2127 4100 est
2154 4050 2214 4100 ut

561 4140 862 4197 binarium
910 4136 1070 4191 illum
1103 4134 1208 4206 qui
1237 4133 1522 4189 creaturis
1574 4133 1869 4200 convenit,
1903 4149 2211 4189 numerum

2331 3068 2462 3138 θμοῦ
2518 3071 2611 3124 τὴν
2651 3079 2678 3120 q
2733 3065 3117 3139 ἀναπλουμένην
3163 3075 3256 3129 τῆς
3308 3063 3587 3140 τριαδικῆς
3639 3074 3947 3143 μοναρχίας

2326 3152 2681 3210 ἐκδιδάσκειν.

2399 3332 2552 3385 Ἀλλὰ
2608 3335 2709 3407 γὰρ
2770 3329 2853 3385 δεῖ
2905 3330 3109 3386 κάκεῖνο
3165 3332 3336 3386 λαϐεῖν
3395 3340 3766 3407 χειραγωγίαν
3830 3357 3948 3390 εσο-

2325 3441 2472 3494 μενον
2543 3422 2609 3482 εἰς
2658 3425 2717 3473 τὸ
2763 3428 3025 3474 κατανοεῖν
3077 3425 3135 3474 τὸ
3185 3429 3276 3482 τῆς
3321 3418 3549 3495 Τριάδος
3608 3421 3946 3483 ἀπληθυντόν

2326 3530 2377 3563 τε
2404 3516 2492 3563 καὶ
2522 3510 2895 3583 ἀκενοτόμητον
2928 3523 2968 3551 τ’
3000 3518 3146 3562 ποῖον
3198 3506 3265 3568 δὴ
3300 3517 3476 3575 τοῦτο,
3526 3511 3555 3569 ᾖ
3588 3511 3631 3563 εἱ
3664 3524 3689 3554 8
3717 3513 3945 3565 ἕκαστον

2325 3608 2423 3651 τῶν
2487 3598 2539 3651 ἐκ
2583 3608 2673 3651 τοῦ
2722 3604 2793 3670 μὴ
2845 3600 2989 3660 όντος
3044 3599 3115 3661 εἰς
3163 3603 3220 3651 τό
3262 3596 3390 3651 εἶναι
3447 3602 3837 3671 παράχθέντων
3891 3604 3947 3665 ἐξ

2324 3688 2449 3751 ὕλης
2505 3687 2615 3740 ἐστὶ
2662 3694 2750 3740 καὶ
2800 3684 2988 3751 εἴδους,
3030 3688 3059 3746 ἡ
3114 3686 3166 3750 ἐξ
3208 3687 3571 3758 ἀναλογούσης
3622 3708 3683 3759 γε
3729 3694 3947 3753 πάντως

2323 3777 2416 3849 ὕλη
2455 3782 2544 3829 καὶ
2571 3774 2697 3830 εῖδει
2732 3772 3111 3848 στοιχειώδους
3143 3773 3339 3837 δυάδος
3367 3775 3651 3849 ἀναγκαῖον
3683 3788 3783 3841 τῆς
3814 3778 3946 3833 δυα-

2324 3864 2480 3927 δικῆς
2538 3868 2969 3939 συναριθμὴσεως
3024 3874 3123 3918 τῶν
3176 3868 3541 3938 κτησμάτωνῑ
3581 3868 3674 3921 ἅτε
3706 3865 3778 3927 δὴ
3832 3891 3946 3943 χα-

3136 3959 3223 4013 τὴν
3277 3955 3431 4008 ἄυλον
3477 3960 3567 4008 καὶ
3620 3958 3947 4031 ὑπερούσιον

2321 4050 2410 4096 καὶ
2480 4041 2800 4117 δημιουργόν
2859 4039 3014 4095 τοῦδε
3072 4051 3164 4095 τοῦ
3216 4047 3408 4106 παντὸς
3464 4046 3620 4115 φύσιν
3680 4048 3947 4120 ὑπερανα-

2320 3962 2600 4027 μαιπετοῦς
2646 3962 2735 4007 καὶ
2796 3954 3059 4029 προσὺλου

2322 4133 2612 4191 ϐεϐηκέναι,
2679 4133 2737 4186 Εἰ
2799 4129 2857 4184 δὲ
2905 4140 3073 4198 τοῦτο,
3147 4131 3357 4194 εἰκότως
3398 4134 3501 4207 ἄρα
3539 4138 3673 4205 μετά
3730 4142 3832 4194 τὴν
3896 4137 3947 4189 ἐν

558 4235 852 4301 tanquam
876 4230 1209 4282 terrestrem
1240 4238 1310 4277 ac
1342 4220 1709 4277 materialem
1733 4227 1968 4292 superet
1998 4228 2213 4278 natura

2338 4219 2488 4274 ΐυάδι
2535 4220 2823 4295 ἀρίθμησιν
2874 4218 3117 4293 οὐδαμῶς
3172 4218 3416 4293 ἀνέχεται
3474 4225 3531 4274 τό
3596 4230 3753 4277 Θείον
3810 4246 3948 4278 συν.

561 4318 819 4375 materize
846 4313 1046 4372 omnis
1076 4328 1304 4382 expers,
1331 4326 1573 4366 omnem
1603 4326 1786 4381 supra
1809 4310 2212 4367 substantiam

560 4408 755 4482 posita
792 4411 848 4461 et
886 4404 1063 4474 hujus
1117 4400 1373 4456 universi
1398 4401 1663 4455 creatrix.
1710 4400 1873 4464 Quod
1908 4400 1957 4454 si
2008 4416 2101 4455 res
2130 4399 2213 4455 ita

563 4513 624 4553 se
652 4496 888 4561 habeat,
916 4508 1026 4565 par
1046 4496 1213 4547 estut
1235 4490 1662 4545 dualinumero
1689 4488 2120 4560 comprehendi
2152 4505 2213 4543 se

2321 4312 2724 4384 απαρτίζεσθαι.
2766 4318 2839 4382 Τῇ
2876 4306 2933 4362 δε
2964 4305 3213 4382 τριαδικῇ
3247 4310 3484 4383 θεολογίᾳ
3510 4315 3657 4363 κάτω
3682 4313 3884 4367 λειπὼν
3922 4328 3951 4355 '

2320 4406 2413 4459 τὴν
2467 4400 2614 4463 ὕλην,
2669 4404 2758 4451 καὶ
2804 4402 2871 4451 τὰ
2914 4407 3009 4460 τῆς
3061 4399 3207 4463 ὕλης,
3269 4397 3628 4472 ἐνυδριόμενον
3682 4408 3781 4454 τὴν
3833 4404 3953 4475 μετ’

2322 4490 2485 4547 αὐτὴν
2532 4488 2820 4561 ἀρίθμησιν
2859 4487 2917 4540 οὐ
2957 4492 3253 4560 προσίεται.
3298 4486 3409 4542 Ἰνα
3445 4494 3514 4562 μὴ
3559 4494 3693 4563 πρὸς
3738 4496 3800 4543 τὸ
3846 4514 3956 4563 χυ-

1901 4640 2134 4697 VARLE
2175 4641 2580 4698 LECTIONES.

632 4785 675 4816 πη
705 4773 745 4828 Ι.
773 4770 1099 4826 ταλαντεῦον.
1158 4780 1187 4809 η
1236 4767 1495 4843 legerem
1550 4765 1821 4821 lubenter
1858 4769 2158 4843 τούτουιο
2204 4765 2260 4843 1.Δ
2304 4764 2612 4843 ἐνοπτρίζει.
2676 4778 2704 4820 P
2766 4765 2802 4820 1.
2848 4770 3045 4843 κρίσις.
3087 4776 3119 4821 (1
3170 4765 3339 4843 adde
3396 4765 3520 4843 vel_
3554 4768 3952 4843 subintellige

563 4845 844 4917 θεολογίαν,
878 4843 1058 4917 idque
1111 4856 1217 4917 pet:
1261 4835 1516 4917 ﬁguram
1564 4853 1701 4909 quae
1732 4844 1978 4894 vocatur
2018 4854 2054 4894 a
2082 4837 2297 4894 Graecis
2344 4835 2464 4891 ἀπό
2503 4845 2593 4891 τοῦ
2644 4844 2837 4891 κοινοῦ.
2873 4835 2896 4879 ἓ
2943 4835 3371 4909 ἀκαινοτόμητον.
3424 4850 3448 4880 ⁸
3504 4837 3546 4894 l.
3588 4836 3704 4893 ἐπεί
3750 4844 3771 4883 ι
3822 4835 3952 4895 χῆ-

562 4910 792 4991 σμάτων
818 4928 848 4959 V
878 4910 1049 4967 λεῖὶτον
1075 4910 1162 4968 vel
1203 4910 1370 4963 λιπόν.
2823 4924 2829 4930 ο

2125 5015 2350 5072 NOTAE.

2329 5160 2417 5211 est
2452 5177 2464 5210 :
2496 5176 2523 5230 ᾳ
2548 5155 2727 5230 veluti
2747 5154 3079 5228 quamdam
3112 5155 3509 5225 generationis
3532 5155 3964 5230 imaginem..-

2329 5228 2651 5283 constituit.

2409 5298 2525 5375 (_5_0)
2540 5299 2671 5375 Δ1Ξῖἰο
2700 5298 2947 5354 deerant
2974 5297 3241 5375 plurima
3266 5298 3427 5375 apud
3455 5297 3787 5375 Canisium,
3828 5321 3970 5375 quis

2327 5370 2477 5426 mihi
2508 5368 2728 5425 Graeca
2777 5368 3236 5425 communicavit
3278 5369 3343 5441 D.
3397 5368 3875 5441 Caperronnief.
3913 5384 3970 5432 et

2326 5441 2452 5519 ipse
2478 5442 2870 5519 thianecit,
2896 5456 3117 5519 summa
3136 5456 3260 5519 cun}
3293 5440 3685 5519 humanitate.
3720 5444 3966 5519 (Bassa)

2401 5512 2510 5584 (51)
2541 5510 2831 5583 Intelligit,
2865 5510 3098 5584 opinor,
3131 5510 3346 5569 ambas
3386 5513 3621 5569 trutinae
3665 5510 3969 5575 extremi;

2331 5587 2477 5640 tates
2492 5582 2558 5640 'et
2587 5586 2644 5636 τὸ
2672 5582 2919 5641 eniamm
2939 5582 3187 5639 dictum.

632 5164 741 5231 (48)
763 5161 921 5218 Licet
941 5158 1185 5216 terrenis
1198 5163 1418 5214 natura
1437 5157 1587 5213 artis
1597 5157 1909 5231 prmposita
1928 5163 1980 5213 et
1993 5157 2220 5231 antela—

562 5228 815 5303 ta‘esset,
852 5247 1024 5304 quam
1062 5244 1289 5285 necesse
1323 5236 1458 5283 esset
1498 5244 1729 5304 rursus.
1786 5229 1927 5280 Ἐπεὶ
1975 5228 2070 5280 κάν
2114 5236 2221 5304 τοῖς

559 5297 923 5381 περιγείοίς,’ἡ
960 5304 1117 5389 φύσις
1148 5308 1239 5389 τῇς
1262 5304 1450 5389 τέχνης
1478 5297 1810 5389 npoidpumi.
1827 5318 1880 5352 τε
1909 5304 1997 5381 καὶ
2026 5303 2221 5372 προκά-

564 5319 861 5381 περιγειοις,
895 5322 923 5361 η
960 5319 1117 5389 φυσις
1148 5319 1239 5360 της
1262 5319 1450 5372 τεχνης
1478 5319 1633 5374 προιο
1678 5319 1798 5351 υται
1827 5319 1880 5352 τε
1909 5319 1997 5352 και
2026 5320 2220 5372 προκα-

564 5380 738 5439 θηται,
786 5378 846 5434 ἦν
876 5375 1077 5443 ἀνάγκη
1122 5372 1299 5443 πάλιν.
1356 5372 1415 5426 td
1458 5377 1545 5427 est
1577 5389 1589 5426 :
1623 5319 1919 5436 (Suoniam
1954 5373 2013 5426 in
2046 5378 2220 5443 terre-

560 5452 651 5505 nis
680 5462 920 5521 quoque
948 5442 1127 5500 rebus
1157 5442 1264 5498 arti
1295 5448 1517 5521 natura
1536 5443 1902 5521 praeponitur
1932 5449 1986 5498 et
2014 5442 2221 5514 praesi-

562 5519 899 5589 det,'quam
932 5532 1139 5571 rursus
1170 5531 1410 5589 necesse
1437 5519 1567 5578 est.,
1597 5520 1701 5589 etc.

636 5586 751 5653 (49)’
820 5591 1006 5645 Veluti
1070 5586 1380 5656 imaginem
1446 5586 1749 5641 constitui.
1802 5593 1907 5646 Τῆς
1976 5589 2218 5655 γενέσεως

564 5663 774 5742 ἄγαλμα
821 5664 879 5715 τὸ
934 5660 1087 5734 (lego
1118 5657 1326 5729 ἄγαλμά
1375 5656 1449 5727 τι)
1520 5696 1535 5711 .
1578 5696 1591 5710 .
1649 5697 1660 5711 ,
1720 5657 2091 5711 συνίστασθαι.
2155 5657 2218 5711 ld
