4116 6194
227 269 333 332 897

1201 271 1297 330 AD
1336 270 1884 335 AMPHILOCHIUM
1926 273 2246 344 QUESTIO
2287 273 2600 335 CLXXXII.

3483 284 3588 337 898

231 399 382 456 δαίόν
429 418 484 452 τε
530 402 620 450 καὶ
672 395 950 470 ἁνίδρυτον
992 403 1326 472 κατενεχθείη
1368 411 1464 464 τῆς
1498 407 1706 476 πρώτης
1745 421 1827 455 πε-

1943 419 2329 476 nequaquam
2370 405 2625 477 patiatur
2662 401 2950 460 Divinitas
2985 421 2997 460 :
3043 403 3150 458 sed
3191 405 3502 461 materiam
3541 411 3600 461 et

229 497 420 565 ριοχῆς
469 485 741 562 ἀπορρυὲν,
781 492 871 539 καὶ
912 490 1037 562 πρὸς
1084 487 1307 548 ἑκάστην
1349 490 1582 544 ἐπίνοιαν
1626 490 1828 566 ἀνθρω-

229 581 384 634 πίνην
415 571 450 628 δ
457 571 644 628 ιασκεδ
648 575 918 648 αζόμενον.

1940 507 2074 564 qua:
2105 493 2182 548 ad
2218 493 2375 549 hanc
2406 494 2716 564 pertinent,
2737 491 2955 547 infrase
2975 491 3340 563 relinquens,
3360 493 3419 548 in
3447 494 3599 550 trina

1940 579 2241 651 theologia
2260 582 2466 637 sedem
2483 582 2646 654 ﬁgat,
2671 596 2858 652 neque
2880 579 3052 635 illum
3085 585 3222 650 post
3252 581 3598 638 Trinitatem

235 681 558 722 numerum
587 663 896 730 admittat;
929 681 1003 722 ne
1033 665 1111 722 ad
1151 666 1406 723 effusam
1450 667 1930 738 ineffabilemque
1954 670 2189 725 numeri
2211 670 2503 727 rationem
2534 669 2848 734 deferatur,
2879 669 2926 724 si
2977 685 3009 725 a
3043 669 3236 740 prima
3265 669 3366 726 illa
3391 669 3602 743 [Triui-

232 753 390 828 tatis]
417 753 947 825 comprehensione
978 753 1291 810 deﬂuxerit
1314 761 1371 811 et
1402 757 1478 812 ad
1503 772 1988 829 unamquamque
2017 758 2334 814 hominum
2356 759 2845 828 excogitationem
2879 757 3274 829 dispergatur.

301 844 458 916 Τριὰς
499 838 558 895 δε
596 846 687 894 καὶ
729 842 857 913 ούχὶ
896 839 1025 904 δυὰς
1055 844 1081 895 ὁ
1113 847 1261 908 Θεὸς,
1298 845 1380 897 ἶνα
1421 849 1493 917 μὴ
1526 849 1620 904 τὴν
1659 845 1828 897 αἰτίαν

229 936 320 984 καὶ
365 929 541 1004 ἀρχὴν
585 939 683 993 τῆς
727 940 892 1004 τομῆς
939 937 1030 985 καὶ
1071 940 1161 986 τοῦ
1213 929 1519 1007 σκεδασμοῦ
1568 933 1617 986 ἓν
1665 935 1831 1005 ἑαυτῷ

230 1025 389 1094 φέρων
444 1023 536 1078 τὴν
593 1020 787 1073 ἑνιαίαν
847 1025 936 1072 καὶ
991 1023 1220 1094 ἄτμητον
1277 1027 1367 1075 καὶ
1426 1027 1598 1094 πηγὴν
1655 1025 1831 1085 πάσης

231 1109 464 1170 ένότητος
510 1107 754 1183 ἕνυϐρίσῃ
808 1113 984 1181 φύσιν.
1039 1107 1180 1164 Οὐδὲ
1234 1115 1508 1183 τέσσσαρα
1557 1109 1614 1164 δε
1661 1111 1831 1182 πολλῴ

229 1197 440 1271 μᾶλλον.
487 1197 647 1257 Διπλῆ
699 1199 797 1273 γὰρ
847 1207 1014 1251 ταυτα
1064 1204 1222 1272 τομὴ,
1277 1202 1307 1256 ἡ
1357 1203 1447 1272 μεν
1495 1205 1588 1258 τὴν
1631 1205 1830 1272 γένεσιν

229 1285 725 1360 προκαταλαϐούσα,
785 1289 814 1345 ἡ
882 1284 943 1340 δε
997 1292 1091 1347 τὴν
1147 1288 1201 1351 ἐξ
1257 1286 1448 1349 ἐκείνης
1498 1291 1830 1341 συντεθεῖσαν

228 1376 486 1448 τίμνουσοί
516 1393 568 1426 τε
609 1379 698 1427 καὶ
725 1370 1036 1431 διαλύουσα.
1073 1372 1212 1428 Ούδε
1260 1378 1326 1428 τὰ
1364 1381 1510 1429 πέντε
1541 1373 1590 1428 δ’
1623 1375 1683 1428 ἂν
1713 1379 1832 1448 ἔχοι

229 1470 412 1538 χώραν
442 1465 792 1536 καθορᾶσθαι,
825 1460 949 1517 οὐδὲ
980 1467 1045 1517 τὰ
1087 1464 1224 1528 ἑξῆς.
1268 1468 1346 1518 Τὰ
1373 1467 1463 1538 μεν
1506 1467 1585 1518 ὅτι
1614 1461 1833 1539 δεύτερα

2010 848 2034 901 J
2043 862 2142 902 am
2162 863 2300 903 vero
2317 847 2660 904 Trinitatem
2672 847 2853 903 habet
2875 849 3045 912 Deus,
3076 862 3198 903 non
3215 847 3595 918 dualitatem;

1939 950 2013 991 ne
2041 934 2088 990 si
2135 935 2413 993 sectionis
2443 936 2957 1008 dispersionisque
2996 951 3245 992 causam
3277 943 3333 993 et
3381 938 3598 1009 princi-

1939 1023 2109 1095 pium
2161 1024 2224 1080 in
2270 1040 2330 1080 se
2357 1025 2492 1097 ipso
2533 1025 2727 1090 ferret,
2763 1023 3130 1094 singularem
3161 1025 3511 1096 insectilem,
3542 1031 3600 1083 et

1939 1113 2136 1169 omnis
2153 1114 2397 1170 unitatis
2419 1114 2643 1170 fontem
2661 1118 2939 1170 naturam
2957 1114 3313 1172 contumelia
3329 1117 3599 1186 quadam

1941 1200 2220 1258 afﬁceret.
2240 1202 2416 1258 Multo
2441 1203 2631 1272 magis
2657 1201 2986 1258 excluditur
3012 1219 3047 1258 a
3067 1203 3186 1258 Deo
3211 1204 3595 1270 quaternitas.

1942 1292 2075 1346 Haec
2093 1291 2252 1346 enim
2269 1291 2494 1362 duplex
2521 1295 2609 1346 est
2629 1291 2844 1356 sectio;
2876 1306 3135 1362 quarum
3161 1307 3281 1346 una
3298 1292 3413 1363 (5'2)
3441 1309 3600 1349 crea-

1940 1379 2171 1436 tionem
2227 1381 2688 1452 praaoccupavit,
2745 1379 2930 1435 altera
2967 1380 3361 1451 compositam
3400 1397 3473 1436 ex
3501 1381 3600 1437 illa

1943 1474 2104 1522 secat
2142 1471 2199 1523 et
2226 1467 2514 1523 dissolvit.
2563 1469 2762 1538 Neque
2811 1467 2987 1522 etiam
3035 1466 3096 1522 in
3134 1467 3354 1524 divinis
3396 1469 3598 1526 locum

228 1562 324 1614 τῆς
394 1550 644 1626 Τριάδος,
689 1557 779 1606 καὶ
832 1561 922 1614 τῆς
980 1553 1091 1606 κατ’
1147 1554 1305 1612 αὐτὴν
1375 1553 1593 1629 ἀμεροῦς
1645 1553 1827 1615 ἐννοίας

1943 1554 2120 1611 habet
2141 1554 2453 1626 quinarius
2475 1571 2763 1610 numerus
2785 1571 2979 1626 neque
3001 1556 3193 1611 caeteri
3214 1557 3318 1628 qui
3340 1573 3596 1628 sequun-

230 1640 568 1700 ὑποϐέϐηκεν.
599 1643 678 1696 Τὰ
718 1638 777 1695 δε
807 1643 887 1695 ὅτι
925 1649 1016 1695 τοῦ
1049 1640 1356 1716 σκεδασμοῡ
1399 1649 1487 1696 καὶ
1525 1651 1619 1706 τῆς
1647 1653 1828 1716 τομῆς,

229 1734 319 1782 καὶ
362 1738 456 1792 τῆς
501 1730 628 1791 ύλης
675 1734 797 1782 ὅσον
837 1731 904 1791 εἰς
951 1733 1190 1784 σύνθεσιν
1238 1736 1472 1806 πρόεισιν
1522 1731 1670 1784 πλέον
1718 1752 1832 1804 μετ-

230 1823 364 1891 έχει,
427 1819 628 1872 Οὐκοῦν
677 1819 881 1881 εἰκότως
938 1823 968 1878 ἡ
1030 1820 1284 1892 θεολογία,
1335 1826 1428 1880 τὴν
1481 1823 1571 1894 μὲν
1626 1818 1833 1892 Τριάδα

228 1911 361 1979 πρὸς
431 1909 767 1980 ἐκφαντορίαν
825 1917 919 1969 τῆς
991 1907 1038 1960 ἐν
1091 1917 1152 1982 τῇ
1215 1912 1368 1980 φύσει
1443 1909 1831 1982 παραλαμϐάνει

229 2001 592 2071 κρυφιότητος.
634 2001 704 2050 Τὸ
763 1993 822 2050 δε
867 1996 916 2049 ἓν
961 1994 1100 2050 διότι
1143 1995 1318 2050 οὐδενὶ
1371 1998 1529 2058 οὕτως
1585 1999 1722 2070 ἄλλῳ
1773 2001 1830 2051 τό

227 2087 355 2158 ὑπὲρ
389 2094 506 2138 νοῦν
535 2089 750 2159 κρύφιον
779 2093 877 2148 τῆς
908 2089 1152 2148 θεότητος
1181 2089 1250 2149 ὡς
1293 2095 1365 2158 τῷ
1411 2087 1481 2140 ἐνὶ
1515 2087 1830 2158 θεολογεῖται

227 2180 318 2227 καὶ
357 2171 770 2248 παραδείκνυται
795 2196 808 2209 ο
840 2181 930 2227 καὶ
962 2171 1102 2227 διότι
1133 2179 1276 2247 πηγή
1331 2178 1594 2249 συμφυΐας
1624 2175 1830 2237 ἁπάσης

227 2262 588 2336 ύμνολογεῖται
613 2267 668 2316 τὸ
700 2269 844 2317 Θεῖον
871 2263 1129 2326 ἕνότητος.

1941 1648 2080 1708 tur;
2141 1647 2270 1698 tum
2314 1642 2457 1715 quia
2495 1642 2790 1698 secundas
2847 1647 3048 1698 tenent
3094 1650 3229 1714 post
3277 1646 3598 1702 trinitatem

1938 1736 2157 1802 partes,
2187 1737 2242 1787 et
2269 1731 2457 1804 ipsius
2487 1731 2634 1787 ideae
2657 1730 3002 1786 indivisibili
3032 1731 3206 1801 longe
3234 1739 3372 1789 sunt
3397 1735 3597 1806 impa—

1940 1836 2053 1887 res,
2083 1825 2206 1877 tum
2240 1821 2384 1892 quia
2413 1820 2825 1891 dispersionis,
2859 1821 3226 1885 etsectionis,
3250 1826 3305 1876 et
3331 1823 3597 1879 materia

1939 1909 2254 1983 [quantum
2313 1908 2392 1964 ad
2433 1909 2936 1980 compositionem
2989 1909 3264 1982 pertinet]
3295 1916 3434 1967 sunt
3474 1927 3600 1967 am-

1940 1999 2096 2071 plius
2125 1997 2466 2070 participes.
2498 1999 2700 2070 Itaque
2731 1997 2864 2070 jure
2905 1998 3117 2054 merito
3153 1998 3449 2071 theologia
3477 2001 3596 2056 Tri-

1940 2089 2187 2143 nitatem
2217 2086 2461 2159 quidem
2493 2086 2754 2142 assumit
2801 2087 2878 2141 ad
2910 2086 3062 2141 illius
3101 2087 3266 2158 quod
3294 2087 3352 2142 in
3385 2094 3600 2144 natura

1945 2175 2192 2249 [divina]
2218 2175 2624 2241 absconditur,
2657 2175 2921 2246 mysterii
2938 2175 3425 2231 declarationem:
3469 2175 3599 2231 uni-

1941 2270 2121 2320 tatem
2145 2280 2308 2332 vero,
2335 2279 2404 2320 eo
2425 2263 2587 2336 quod
2613 2263 2756 2319 nihil
2776 2262 3020 2334 perinde
3037 2279 3107 2320 ac
3128 2264 3327 2320 unitas
3349 2265 3601 2321 abscon-

231 2352 420 2408 ditam
444 2353 682 2410 Deitatis
711 2359 992 2409 naturam
1018 2353 1184 2409 omni
1211 2356 1410 2409 creata
1437 2357 1632 2409 mente
1647 2353 2016 2424 superiorem
2041 2352 2427 2419 indicet,eteo
2443 2353 2546 2424 qui
2575 2355 2761 2408 Deum
2786 2353 3010 2418 deceat,
3031 2352 3210 2409 modo
3234 2352 3556 2424 eloquatur
3581 2370 3594 2420 ;

231 2445 451 2514 praeter
476 2457 662 2514 quam
685 2440 850 2513 quod
887 2440 1098 2497 divina
1130 2441 1370 2498 unitatis
1399 2442 1550 2497 ratio
1582 2446 1874 2513 tanquam
1905 2440 2040 2499 fons
2069 2441 2364 2513 cujusque
2396 2441 2684 2497 naturalis
2717 2440 3092 2512 cognationis
3138 2440 3486 2497 celebratur.

231 2558 236 2561 -
299 2528 419 2582 Ἐτι
449 2526 509 2583 δε
538 2532 568 2588 ἡ
603 2526 752 2601 δυὰς,
786 2531 851 2583 τά
887 2549 940 2583 τε
977 2533 1105 2602 ἴχνη
1155 2538 1248 2582 τοῦ
1290 2534 1362 2602 μη
1413 2534 1556 2593 ὄντος
1590 2529 1638 2582 ἐν
1669 2531 1824 2602 ἑαυτῇ

227 2625 408 2693 πρώτη
454 2619 684 2692 μάλιστα
731 2621 888 2691 φέρει.
917 2621 1133 2680 Λύσεὼς
1162 2637 1215 2672 τε
1257 2622 1357 2690 γὰρ
1407 2622 1508 2693 πρὸ
1537 2627 1637 2670 τῶν
1665 2619 1828 2672 ἄλλων

229 2709 360 2767 αὕτη
416 2712 584 2779 πηγὴ,
633 2713 723 2761 καὶ
776 2715 939 2780 τομῆς
995 2713 1086 2760 καὶ
1140 2704 1469 2780 σκεδασμοῦ,
1527 2713 1617 2761 καὶ
1667 2715 1828 2761 πᾶσιν

229 2797 378 2850 αἰτία
414 2801 579 2869 φέρειν
625 2795 673 2848 ἐν
722 2795 919 2856 ἑαυτοῖς
957 2805 1053 2858 τῆς
1101 2799 1296 2870 φθορᾶς
1345 2799 1410 2848 τὰ
1456 2801 1722 2872 προοίμια.
1767 2796 1826 2850 Ἠ

226 2889 384 2960 Τριας
437 2882 496 2938 δε
547 2888 606 2938 τό
662 2887 895 2958 ἄτμητον
949 2885 1190 2946 εἰκονίζει
1236 2891 1415 2960 πρώτη
1465 2892 1555 2938 καὶ
1604 2882 1828 2938 ἁσκέδαο

230 2994 374 3031 στον.
409 2980 508 3028 Καὶ
554 2978 598 3027 εἶ
647 2994 699 3027 τι
739 2975 862 3027 ἄλλο
909 2978 1120 3046 μετέχει
1166 2983 1260 3036 τῆς
1305 2972 1608 3050 ἀδιαιρέτου
1646 2995 1699 3027 τε
1737 2980 1826 3028 καὶ

229 3060 562 3117 ἀσκεδάστου
634 3067 831 3136 φύσεως
892 3063 944 3126 EE
1005 3063 1164 3124 αὐτῆς
1237 3064 1535 3136 μετειληφός
1588 3065 1825 3136 ἐπιγινώι

230 3173 430 3208 σκεται.
478 3157 564 3206 Διό
615 3158 672 3206 τὸ
723 3158 866 3207 Θείον
906 3153 1112 3214 εἰκότως
1156 3160 1256 3213 τῆς
1305 3153 1430 3227 ῥοῆς
1493 3158 1584 3205 καὶ
1634 3153 1828 3215 λύσεως

226 3247 319 3295 καὶ
371 3244 564 3316 φθορᾶς
613 3241 782 3294 αἰτίαν
837 3240 1128 3294 ἀπεσίσατο
1175 3253 1224 3297 ι.
1287 3244 1381 3294 Διὰ
1437 3237 1496 3294 δὲ
1553 3249 1647 3304 τῆς
1693 3242 1829 3294 εἰκο-

225 3331 499 3392 νιζούσης.
549 3327 778 3405 Τρίάδος
824 3335 884 3383 τὸ
933 3329 1216 3405 ἄῤῥευστόν
1268 3349 1322 3383 τε
1368 3335 1458 3383 καὶ
1501 3327 1826 3383 ἀσκέδαστον

225 3425 318 3473 καὶ
413 3416 697 3474 ἀδιάλυτον
780 3419 1218 3492 ἕπιγινώσκεσθαι
1305 3419 1640 3482 κατηξίωσεν.
1727 3424 1828 3473 Καὶ

225 3512 324 3581 γὰρ
373 3513 432 3562 τὸ
485 3512 576 3580 μεν
623 3514 717 3568 τὴν
773 3509 943 3561 αἰτίαν
989 3516 1085 3570 τῆς
1131 3515 1296 3581 τομῆς
1342 3513 1432 3561 καὶ
1477 3510 1676 3583 ῥύσεως
1728 3517 1826 3560 τῶν

226 3597 392 3650 mm
445 3599 713 3669 ὁμοταγῶν
762 3600 940 3650 παθῶν
997 3594 1282 3672 ὑπεριδεῖν,
1333 3597 1517 3649 οἰκεῖον
1564 3598 1826 3659 θεότητος.

224 3691 296 3739 Τὸ
352 3683 412 3738 δε
464 3691 558 3745 τὴν
612 3682 819 3759 Τριάδα
873 3690 943 3758 μὴ
999 3681 1337 3747 ὑπεριδόντας
1388 3691 1600 3758 πρώτως
1649 3687 1828 3738 εἰκονί-

226 3776 424 3837 ζουσαν
487 3774 732 3828 τάναντία
794 3778 963 3828 πάντα
1018 3783 1118 3826 τῶν
1176 3775 1450 3846 εἰρημένων
1521 3777 1698 3827 παθῶν
1756 3777 1826 3838 εἰς

225 3863 448 3941 ἀπορίαν
501 3869 587 3916 τὸν
637 3863 954 3938 ἀνθρώπινον
1006 3871 1124 3916 νοῦν
1180 3863 1476 3917 πλανᾶσθαι
1536 3869 1607 3936 μὴ
1659 3885 1823 3937 παρα·

222 3962 441 4026 χωρεῖν,
485 3953 867 4028 φιλανθρωπίας
911 3958 964 4006 τί
1012 3951 1124 4006 ἔστι
1189 3961 1279 4013 τῆς
1330 3955 1633 4024 πρεπούσης
1689 3962 1822 4024 Θεῷ,

221 4047 314 4096 καὶ
378 4051 474 4104 τῆς
524 4049 640 4118 περὶ
695 4044 829 4114 ἡμᾶς
888 4047 1135 4116 Προνοίας
1186 4043 1600 4114 περιφανεστάτη
1659 4043 1825 4115 παρά-

225 4151 434 4192 στασις.

2010 2529 2098 2585 Ad
2128 2529 2251 2585 haec
2281 2530 2540 2585 dualitas
2579 2529 2776 2600 prima
2831 2530 3104 2584 omnium
3144 2530 3404 2585 maxime
3443 2530 3504 2585 in
3536 2547 3598 2587 se

1937 2617 2047 2674 fert
2094 2617 2280 2683 nihili,
2332 2634 2441 2674 seu
2470 2618 2600 2687 ejus
2652 2618 2806 2689 quod
2853 2633 2976 2673 non
3008 2617 3272 2685 exsistat,
3327 2618 3594 2688 vestigia.

1941 2710 2071 2763 Hmc
2092 2706 2250 2764 enim
2282 2723 2404 2779 prae
2435 2707 2661 2764 caeteris
2704 2706 2836 2762 fons
2865 2705 3273 2762 dissolutionis
3313 2711 3420 2769 est,
3451 2707 3595 2763 scis-

1939 2813 2088 2852 suraa
2120 2801 2177 2853 et
2201 2796 2586 2868 dispersionis
2615 2813 2630 2862 ;
2663 2811 3031 2868 causamque
3061 2795 3344 2852 omnibus
3377 2797 3600 2868 prabet

1939 2886 2119 2940 curin
2145 2885 2354 2957 seipsis
2384 2885 2667 2958 quaedam
2699 2883 2878 2940 veluti
2909 2885 3237 2957 primordia
3263 2885 3454 2940 ferant
3473 2901 3598 2941 cor-

1938 2973 2183 3044 ruptelae
2218 2991 2231 3026 :
2264 2973 2510 3029 Trinitas
2541 2977 2764 3039 autem,
2804 2973 2971 3044 quod
3023 2973 3208 3028 secari
3261 2972 3596 3044 dispergive

1937 3062 2159 3132 nequit,
2187 3061 2332 3116 illud
2364 3061 2560 3133 prima
2607 3067 2986 3133 repraesentat
3019 3078 3032 3127 ;
3067 3066 3122 3116 et
3167 3061 3214 3116 si
3245 3061 3392 3133 quid
3432 3061 3596 3117 aliud

1935 3149 2306 3207 indivisibilis
2335 3165 2445 3206 nec
2476 3151 2914 3222 dispersionem
2960 3149 3239 3221 patientis
3269 3155 3493 3206 natura;
3530 3150 3598 3207 ﬁt

1936 3239 2252 3312 particeps,
2279 3254 2350 3294 ex
2379 3239 2514 3311 ipsa
2535 3239 2826 3311 particeps
2842 3238 3001 3294 illius
3033 3253 3168 3294 esse
3191 3239 3594 3308 cognoscitur.

1937 3329 2130 3394 Quam
2149 3327 2227 3384 ob
2241 3343 2368 3384 rem
2386 3327 2663 3384 divinitas
2692 3343 2938 3384 causam
2959 3326 3234 3393 eﬂluxus,
3261 3328 3598 3384 dissolutio-

1935 3417 2052 3484 nis,
2084 3424 2140 3472 et
2167 3418 2518 3489 corruptela;
2549 3433 2585 3472 a
2627 3434 2686 3473 se
2722 3419 2848 3488 ipsa
2878 3416 3105 3489 expulit
3137 3433 3150 3471 :
3179 3421 3237 3472 et
3285 3432 3385 3488 per
3411 3417 3598 3473 Trini-

1937 3509 2122 3563 tatem
2145 3522 2280 3578 quae
2301 3507 2740 3562 immunitatem
2772 3505 2848 3562 ab
2871 3505 3115 3571 eﬂluxu,
3143 3505 3520 3562 dissolutione
3541 3514 3599 3562 et

1935 3595 2303 3668 dispersione
2368 3599 2774 3666 reprmsentet,
2842 3595 3087 3665 agnosci
3162 3594 3410 3666 dignata
3481 3601 3588 3652 est.

1937 3684 2162 3740 Etenim
2194 3684 2492 3753 sectionis,
2516 3682 2791 3750 eﬂluxus,
2825 3689 2882 3740 et
2912 3683 3168 3740 aliarum
3199 3683 3472 3754 ejusdem
3503 3701 3595 3740 or-

1937 3773 2088 3828 dinis
2113 3772 2497 3830 affectionum
2516 3789 2766 3830 causam
2788 3772 3114 3844 despicere,
3141 3773 3256 3829 hoc
3280 3788 3425 3828 sane
3451 3773 3594 3828 divi-

1936 3862 2135 3919 nitatis
2165 3866 2254 3917 est
2290 3861 2639 3933 proprium:
2691 3861 2857 3932 quod
2904 3876 3045 3916 vero
3087 3860 3425 3916 Trinitatem
3464 3877 3595 3934 quae

1936 3950 2144 4006 omnia
2168 3950 2466 4022 pradictis
2490 3949 2907 4005 affectionibus
2935 3950 3231 4005 contraria
3263 3949 3420 4005 velut
3448 3949 3595 4006 ima-

1936 4039 2072 4109 gine
2099 4037 2366 4110 quadam
2406 4036 2704 4100 exhibeat,
2737 4053 2858 4092 non
2897 4037 3366 4107 despexerimus,
3398 4053 3592 4110 neque

1936 4128 2267 4201 permiserit
2289 4129 2441 4184 Deus
2472 4127 2824 4183 uthumana
2854 4143 3024 4182 mens
3054 4127 3115 4182 in
3145 4126 3592 4184 dubitationum

224 4220 506 4295 angustia
531 4219 791 4277 adducta
819 4224 1042 4277 erraret
1073 4237 1088 4286 ;
1119 4219 1232 4276 hoc
1263 4218 1528 4292 profecto
1558 4217 1940 4288 benignitatis
1971 4225 2060 4274 est
2088 4233 2210 4290 qua
2239 4217 2426 4273 Deum
2455 4231 2598 4286 erga
2626 4217 2902 4273 homines
2927 4216 3086 4272 afﬁci
3123 4216 3293 4272 decet
3319 4223 3376 4272 et
3405 4217 3592 4273 mani-

223 4310 612 4366 festissimum
642 4325 784 4380 erga
813 4325 925 4364 nos
958 4308 1356 4365 Providentia:
1382 4313 1824 4379 argumentum.

781 4420 1096 4468 ΕΡΩΤΗΣΙΣ
1135 4412 1292 4469 ΡῐΙΒ’.

526 4529 644 4583 Πῶς
666 4520 875 4595 λέγομεν
907 4519 956 4575 ἓν
985 4525 1075 4574 καὶ
1103 4525 1224 4595 τρία
1251 4523 1310 4573 τὸ
1340 4523 1482 4574 Θεῖον
1507 4537 1520 4588 ;

1863 4412 1907 4466 D
2013 4410 2326 4478 QUESTIO
2379 4409 2642 4467 CLXXXII
2699 4409 2904 4484 [CoisL
2967 4411 3135 4474 CCXI,
3181 4411 3363 4466 Taur.
3407 4410 3586 4484 CCII].

2014 4518 2147 4590 [(53)
2177 4517 2469 4585 Quomodo
2496 4517 2764 4574 dicamus
2794 4518 2973 4573 Deum
3013 4532 3197 4572 unum
3229 4527 3281 4573 et
3313 4515 3435 4573 tria
3469 4517 3515 4588 φ]

1410 4624 1565 4674 Edita
1591 4638 1623 4675 a
1648 4624 1907 4689 Basnagio
1934 4623 1989 4686 (l.
2013 4637 2057 4673 c.
2086 4638 2141 4687 p.
2163 4621 2406 4684 43-1433).

293 4718 383 4772 Ἐν
437 4722 526 4771 καὶ
571 4722 691 4792 τρία
740 4720 800 4771 τὸ
843 4723 992 4771 Θεῖον
1042 4715 1392 4788 θεολογοῦμεν,
1430 4717 1487 4767 τὸ
1535 4713 1584 4766 ἓν
1634 4709 1693 4766 δὲ
1735 4719 1824 4766 καὶ

220 4811 289 4862 τὰ
332 4813 456 4882 τρία
501 4807 573 4860 ἐνὶ
616 4816 713 4870 τῆς
742 4808 1030 4882 ὑπερφυους
1072 4809 1266 4865 ταύτης
1297 4806 1548 4879 θεαρχίας
1589 4807 1678 4855 καὶ
1707 4802 1823 4855 καθ’

221 4898 364 4970 ἡμᾶς
417 4896 660 4970 ἱερολογεί
707 4895 960 4968 θεολογία.
996 4895 1071 4948 Οὐ
1121 4897 1179 4946 τὸ
1223 4893 1272 4946 ἓν
1312 4892 1360 4944 ἐν
1410 4891 1649 4967 ἀριθμοῖς
1698 4892 1727 4950 ἦ
1761 4895 1826 4944 τὰ

217 4991 344 5062 τρία
383 4990 578 5060 κυρίως
623 4986 796 5059 ὥσπερ
837 4984 920 5037 ἐπὶ
969 4992 1069 5036 τῶν
1116 4985 1254 5036 κατὰ
1305 4984 1459 5055 φύσιν
1502 4986 1590 5034 καὶ
1633 4986 1824 5054 κυρίως

2009 4712 2202 4769 Unum
2228 4718 2284 4768 et
2309 4713 2420 4768 tria
2452 4715 2634 4768 Deum
2667 4711 2997 4781 theologice
3018 4711 3294 4775 dicimus,
3321 4715 3378 4766 et
3400 4727 3587 4767 unum

1933 4807 1991 4857 et
2017 4801 2122 4856 tria
2155 4801 2213 4856 in
2235 4799 2560 4864 divinitate,
2589 4815 2723 4872 quae
2749 4816 2932 4871 supra
2953 4805 3223 4855 naturam
3251 4805 3358 4863 est,
3386 4803 3590 4856 nostra

1933 4890 2249 4960 Theologia
2274 4889 2434 4954 dicit,
2463 4905 2585 4945 non
2613 4904 2800 4944 unum
2823 4891 2880 4944 in
2898 4887 3188 4958 numeris,
3220 4886 3312 4943 vel
3333 4886 3441 4944 tria
3457 4904 3591 4959 ριόο

1934 4979 2061 5053 prie
2092 4981 2176 5035 sic
2201 4979 2519 5050 accipiens,
2539 4977 2770 5034 sicutin
2789 4977 3036 5049 iis,quae
3064 4975 3397 5033 secundum
3411 4983 3589 5034 natu-

1572 5106 1802 5162 VARIIE
1833 5104 2128 5162 LECTION
2136 5103 2237 5160 ES.

294 5221 325 5252 ι
355 5209 692 5262 ἀπεσείσατο.

1790 5300 2017 5358 ΝΟΤιΕ.

293 5411 408 5486 (52)
439 5414 608 5479 Nam,
631 5415 699 5468 ut
719 5426 902 5484 supra
922 5409 1404 5486 docuit_Photius,
1433 5408 1631 5486 omnis
1654 5410 1820 5486 grea-

216 5480 356 5543 tura
391 5480 625 5540 constat
651 5499 724 5540 ex
753 5480 1002 5540 materia
1041 5486 1104 5553 et
1125 5481 1316 5538 forma
1343 5500 1356 5550 ;
1385 5481 1475 5537 vel
1505 5497 1577 5537 ex
1621 5480 1821 5553 aliqua

215 5553 512 5614 dualitate
539 5571 676 5628 quas
706 5553 970 5612 materias
1002 5557 1059 5610 et
1086 5552 1294 5611 formae
1322 5553 1697 5626 respondeat.

511 5653 756 5712 Parnm.
800 5653 908 5712 Ga.
954 5652 1037 5709 CI.

2000 5408 2307 5481 (53)__Hanc
2334 5407 2762 5481 quaestionemg
2777 5423 2888 5481 nec
2921 5423 3040 5464 non
3071 5412 3126 5464 et
3147 5407 3304 5481 duas
3331 5423 3587 5481 sequen-

1926 5482 2017 5536 tes
2061 5478 2607 5552 eﬂ‘ormat'quarta
2636 5494 2708 5535 ex
2738 5479 3260 5538 Dissertationibus
3291 5478 3582 5552 Basnagii.

3103 5647 3173 5703 29
