4116 6194
558 274 663 331 899

1781 270 2019 329 PHOTII
2060 272 2543 333 PATBIABCHE
2574 274 2679 334 CP.

3809 274 3915 333 900

549 402 703 469 ram,
748 401 803 456 et
833 397 1074 471 proprie
1112 398 1413 454 numerari
1464 402 1738 471 possunt,
1791 399 1899 469 (54)
1961 413 2202 454 omnem

2314 398 2612 473 ἀριθμητῶν
2681 398 3179 474 παραλαμϐάνουσα.
3239 398 3493 473 ’Δριθμοῦ
3551 402 3653 475 γὰρ
3733 403 3916 460 παντὸς

549 488 707 545 enim
738 503 1055 543 numerum
1088 491 1144 542 et
1177 487 1484 554 unitatem,
1524 504 1659 561 quas
1703 493 1841 543 sunt
1870 492 2069 559 partes
2097 502 2205 542 nu.

548 577 716 641 meri.
746 580 803 632 et
830 592 1071 632 omnem
1087 575 1263 632 aliam
1290 577 1684 648 quantitatem
1711 575 2012 642 divinitas,
2042 590 2205 631 men-

548 682 689 721 sura
718 681 959 734 arcana,
984 680 1122 737 quae
1143 665 1412 735 expromi
1432 680 1554 721 non
1575 671 1787 737 potest,
1811 668 2073 737 superat,
2100 663 2204 719 sed

547 755 867 827 symbolice
897 753 1139 809 nomine
1170 755 1343 809 unius
1388 754 1713 824 intelligere
1742 769 2067 827 possumus
2106 768 2200 808 oc-

546 844 769 900 cultam
792 842 953 899 illam
971 846 1027 898 et
1044 842 1311 899 abditam
1335 842 1547 899 divinae
1568 850 1794 900 naturae
1814 843 2127 910 rationem,
2146 845 2204 897 et

546 932 806 990 abomni
845 948 986 987 voce
1015 938 1072 987 et
1100 935 1269 987 extra
1306 948 1367 987 se
1412 933 1753 1001 egressione
1782 931 2199 995 remotionem,

545 1027 602 1077 et
630 1026 693 1076 ut
723 1021 808 1076 sic
828 1021 1056 1093 loquar,
1100 1020 1549 1077 inclinationem
1584 1026 1639 1076 et
1668 1022 2097 1091 ingressionem
2124 1018 2202 1074 ad

546 1111 929 1183 semetipsam
968 1110 1505 1182 ;reconditumque
1546 1109 1692 1165 illud
1739 1115 1969 1165 naturai
2018 1122 2203 1180 supra

545 1214 788 1256 omnem
815 1198 1237 1268 cogitationem
1266 1204 1322 1255 et
1350 1199 1800 1269 intelligentiam
1826 1203 2061 1254 evectae.
2094 1200 2203 1252 No-

545 1304 683 1345 men
714 1305 851 1346 vero
870 1290 1039 1345 trium
1068 1288 1320 1361 mystice
1346 1289 1517 1345 docet
1537 1288 1884 1354 bonitatem,
1910 1303 2040 1359 quas
2066 1302 2200 1343 eam

544 1377 686 1434 facit
714 1377 1112 1449 manifestam,
1142 1383 1199 1434 et
1226 1394 1349 1451 qua
1374 1378 1655 1450 procedit,
1680 1393 1861 1449 seque
1888 1375 2199 1449 expandit,

544 1472 602 1523 et
644 1467 922 1539 explicat,
972 1482 1093 1523 non
1151 1472 1343 1523 totum
1401 1467 1695 1537 fulgorem
1754 1466 2052 1527 emittens,
2095 1465 2200 1520 sed

543 1560 838 1628 quantum
862 1560 1078 1611 natura
1107 1556 1375 1611 humana
1388 1555 1877 1626 potestrecipere,
1896 1554 1955 1609 in
1981 1553 2202 1625 quibus

544 1648 784 1702 Creator
821 1649 878 1700 et
912 1645 1177 1716 potentia
1215 1644 1363 1714 ejus,
1407 1659 1477 1699 ac
1508 1643 1880 1715 providentia
1925 1658 2057 1713 quae
2097 1656 2202 1713 per

2313 494 2402 542 xui
2456 486 2671 553 ἑνάδων,
2724 489 2777 542 αἳ
2835 491 2901 542 τὰ
2958 496 3051 541 τοῦ
3118 487 3343 563 ἀριθμοῦ
3397 493 3529 563 μέρη
3590 493 3682 541 καὶ
3742 491 3917 550 πάσης

2313 578 2471 641 ἄλλης
2524 578 2882 653 ἀναπληροῦσι
2930 583 3241 643 ποσότητος,
3291 578 3547 639 παντελῶς
3602 581 3633 635 ἡ
3690 579 3917 652 ὑπεράρ-

2313 686 2431 737 χιος
2479 667 2808 743 ἀγαθαρχία,
2863 666 3070 742 ἀρῥήτῳ
3121 671 3293 741 μέτρῳ
3343 663 3715 740 ὑπιρίδρυται.
3768 667 3919 720 Ἀλλὰ

2312 759 2414 825 μὴν
2468 752 2562 808 διὰ
2631 765 2723 809 τοῦ
2783 756 2891 817 ἑνός
2945 761 3039 814 τὴν
3100 760 3428 830 κρυφιότητα
3477 755 3645 818 αὐτῆς
3714 762 3811 807 καὶ
3862 761 3918 807 τό

2312 845 2619 917 ἄφθεγκτον,
2662 850 2752 898 καὶ
2801 844 3128 917 ἀνεκφοίητον
3156 857 3207 909 γ,
3250 850 3341 896 καὶ
3392 853 3498 905 πῶς
3544 846 3608 896 ἄν
3654 864 3742 907 τις
3791 848 3918 896 εἴποι

2311 937 2369 984 τό
2412 941 2621 987 συνεῦον
2671 934 2738 996 εἰς
2784 934 2971 993 ἑαυτὴν
3018 938 3107 985 καὶ
3153 938 3495 1005 σεσιγημένου
3538 941 3635 995 τῆς
3694 936 3916 1005 φύσεως,

2311 1027 2400 1074 καὶ
2450 1027 2643 1086 παντὸς
2703 1023 2934 1077 ἐπέκεινα
3000 1027 3090 1076 καὶ
3140 1029 3229 1075 νοῦ
3309 1026 3400 1075 καὶ
3474 1030 3724 1090 νοήσεως,
3783 1042 3920 1093 συμ-

2312 1110 2529 1175 ϐολικῶς
2579 1109 2860 1169 ἓνδίδωσιν
2914 1111 3368 1168 ἀναπτύσσεσθαι.
3398 1115 3469 1164 Τό
3529 1108 3589 1164 δὲ
3645 1116 3779 1185 τρία
3830 1116 3921 1169 τήν

2311 1200 2680 1274 ἕκφαντορικήν
2752 1201 2915 1263 αὐτῆς
2989 1200 3290 1273 ἀγαθότητα
3366 1206 3457 1253 καὶ
3525 1197 3763 1273 πρόοδον
3836 1207 3924 1252 xui

2311 1289 2599 1352 ἕξάπλωσιν
2704 1291 3031 1364 ἰερολογικῶς
3114 1297 3451 1362 μυσταγωγεῖ
3534 1295 3626 1341 καὶ
3724 1288 3925 1341 ἀνακα-

2310 1379 2508 1434 λὺπτει.
2571 1380 2693 1451 Οὐχ
2764 1380 2885 1438 ὅλην
2937 1384 3031 1439 τὴν
3103 1379 3287 1452 αἴγλην
3358 1379 3748 1452 ἕναυγάζουσα,
3816 1380 3923 1431 ἀλλ’

2312 1469 2439 1523 ὅσην
2509 1469 2538 1525 ἡ
2615 1466 2908 1542 ἀνθρωπίνη
2984 1470 3140 1540 φύσις
3210 1464 3409 1525 δυνατὴ
3481 1464 3922 1539 παραδέχεσθαι.

2313 1552 2386 1607 δι’
2434 1555 2501 1606 ὧν
2540 1556 2566 1608 ὅ
2595 1576 2648 1609 τε
2693 1560 3042 1629 Δημιουργός,
3073 1560 3161 1608 xui
3192 1558 3221 1614 ἡ
3258 1556 3659 1615 αὑθυπόστατος
3688 1552 3926 1627 δύναμίς

2312 1662 2366 1695 τε
2406 1649 2494 1695 καὶ
2524 1649 2740 1716 πρόνοια
2768 1653 2828 1717 τῇ
2882 1646 3121 1717 ξωογόνῳ
3151 1650 3240 1697 καὶ
3271 1652 3543 1716 συνεκτικῇ
3574 1652 3670 1696 τοῦ
3726 1650 3923 1708 παντὸς

543 1750 605 1790 se
626 1734 872 1798 exsistit,
891 1737 1027 1789 actu
1046 1732 1281 1788 viviﬁco
1302 1738 1357 1788 et
1386 1732 1589 1788 omnia
1606 1737 1999 1787 conservante
2024 1730 2199 1786 simul

2316 1732 2659 1805 συνεκλάμπει
2729 1739 2819 1786 καὶ
2894 1739 3324 1806 συναναφαίνεται
3393 1733 3636 1807 ἐνεργείᾳ.
3698 1732 3765 1786 Ἠ
3819 1737 3923 1809 γὰρ

546 1822 906 1895 splendescit
935 1827 990 1877 et
1021 1822 1354 1892 innotescit,
1410 1823 1520 1892 (55)
1564 1821 1670 1878 illa
1722 1821 1883 1877 enim
1946 1819 2202 1881 παντελὴς

545 1911 814 1977 ἀκινησία,
848 1911 908 1967 id
938 1915 1045 1977 est,
1098 1911 1357 1983 perfecta
1384 1912 1554 1983 quies
1611 1917 1671 1966 et
1722 1909 2108 1965 immobilitas
2140 1910 2199 1964 in

542 2002 859 2058 mansione
881 2016 1104 2056 arcana
1136 2008 1192 2055 et
1214 1999 1438 2064 abdita,
1480 2015 1615 2070 quas
1646 1998 1917 2071 expromi
1952 2013 2067 2053 non
2099 2014 2201 2070 po-

543 2094 674 2155 test,
710 2089 863 2145 sicut
890 2090 949 2145 in
1006 2088 1285 2145 thalamis
1343 2087 1560 2144 silentii
1607 2087 1951 2152 occultatur,
1981 2085 2067 2141 sic
2120 2086 2199 2143 ab

545 2179 712 2236 omni
751 2183 947 2235 mente
976 2179 1242 2244 secessit,
1273 2178 1565 2250 quoniam
1594 2192 1705 2233 nec
1735 2181 1822 2231 est
1844 2192 2036 2245 mens,
2062 2192 2201 2248 quas

544 2268 624 2326 ad
653 2284 725 2325 ea
749 2266 1134 2338 intelligenda
1178 2266 1485 2332 ascendat,
1518 2282 1651 2338 qua:
1710 2280 1892 2338 supra
1936 2270 2198 2321 mentem

544 2361 705 2413 sunt.

617 2448 681 2502 In
710 2445 920 2518 primis
950 2444 1228 2514 cogitatio
1258 2449 1482 2509 nostra,
1502 2448 1565 2499 ut
1596 2445 1783 2499 Deum
1813 2444 2000 2508 decet,
2036 2458 2201 2499 inan-

547 2536 773 2591 sionem
795 2539 852 2590 et
878 2534 1212 2597 stationem,
1237 2538 1293 2588 et
1310 2533 1571 2604 quietem
1594 2535 1930 2599 immotam,
1956 2538 2011 2587 et
2038 2533 2201 2587 iden-

549 2625 793 2688 titatem,
814 2628 869 2678 et
887 2627 1180 2695 quantum
1200 2625 1399 2693 potest
1422 2622 1691 2678 humana
1721 2627 1935 2677 natura
1951 2636 2201 2693 superne

548 2712 869 2769 illuminari
897 2711 1212 2782 splendore
1231 2710 1391 2766 illinc
1423 2710 1626 2777 misso,
1661 2711 1776 2783 (56)
1801 2711 2120 2781 conjuncta
2146 2714 2202 2766 et

548 2800 824 2874 copulate
840 2800 1302 2872 contemplatur.
1320 2799 1420 2855 Hic
1434 2815 1574 2855 vero
1595 2801 1841 2863 unitam,
1857 2805 1914 2855 et
1926 2798 2199 2855 deiﬁcam

550 2890 977 2955 diversitatem,
999 2888 1535 2961 etinseparabilem
1556 2890 1672 2959 (57)
1705 2888 1763 2944 in
1811 2888 2204 2961 personisim-

551 2980 747 3046 motis,
770 2980 1031 3036 utDeum
1048 2978 1231 3045 decet,
1260 2983 1623 3045 manentem,
1640 2983 1931 3051 tanquam
1954 2995 2023 3034 ex
2043 2978 2202 3034 fonte

552 3085 773 3161 arcano
796 3070 1086 3134 etabdito,
1111 3068 1390 3124 decenter
1416 3070 1531 3161 Deo
1562 3069 1790 3140 aspicit.
1812 3070 2002 3124 Unum
2029 3068 2205 3161 igitur
2239 3107 2278 3161 Ο

550 3164 607 3216 et
636 3159 747 3215 tria
762 3164 854 3216 est
889 3160 1063 3228 Deus,
1097 3173 1216 3214 non
1250 3157 1579 3213 secundum
1610 3163 1795 3213 artem
1823 3156 2200 3221 numerandi,

550 3250 666 3306 hoc
688 3263 836 3305 sane
853 3251 988 3304 ante
1009 3263 1119 3303 nos
1139 3246 1234 3302 ille
1251 3262 1609 3302 arcanorum
1643 3247 1922 3317 magister
1944 3261 2203 3318 magnus

551 3340 870 3407 Dionysius
896 3338 973 3394 ab
1004 3338 1105 3392 illo
1136 3337 1462 3402 institutus,
1496 3337 1599 3408 qui
1627 3352 1761 3408 qua:
1783 3337 2051 3409 expromi
2084 3352 2204 3392 non

552 3432 821 3498 possunt,
870 3442 1001 3482 eum
1052 3426 1266 3490 docuit,
1309 3424 1678 3495 signiﬁcans,
1713 3425 1930 3491 aiebat,
1963 3426 2067 3497 qui
2115 3428 2208 3481 est

552 3517 846 3584 omnium,
871 3530 1005 3586 quae
1032 3514 1145 3569 sub
1171 3512 1625 3583 intelligentiam
1653 3513 1875 3568 cadunt
1898 3514 2127 3583 eximie,
2150 3518 2208 3569 et

553 3603 903 3660 excellenter
931 3602 1187 3669 effector,
1225 3618 1332 3657 nec
1362 3608 1447 3657 est
1474 3617 1683 3665 unum,
1715 3618 1823 3657 nec
1842 3602 2057 3667 unitas,
2092 3602 2205 3657 col-

553 3694 760 3750 locans
789 3709 923 3749 eum
956 3707 1134 3763 super
1178 3693 1404 3755 omnia,
1449 3706 1580 3763 quae
1606 3692 1769 3762 apud
1818 3707 1929 3747 nos
1962 3697 2099 3747 sunt
2144 3692 2204 3747 in

552 3784 779 3839 honore
810 3787 867 3838 et
892 3780 1100 3853 pretio,
1128 3779 1583 3851 declaransque,
1620 3784 1682 3834 ut
1718 3785 1808 3836 est
1862 3785 1997 3837 ante
2070 3781 2202 3847 alia,

554 3872 640 3928 sic
669 3872 846 3928 etiam
891 3885 1019 3926 esse
1069 3874 1205 3925 ante
1235 3869 1735 3925 numerationem.
1767 3871 1832 3924 Et
1859 3886 2087 3940 rursus,
2118 3871 2202 3926 in-

555 3962 701 4034 quit,
753 3960 1028 4017 videmus
1081 3959 1453 4015 divinitatem
1498 3974 1662 4015 sacre
1715 3958 2025 4016 laudatam
2077 3965 2202 4017 tan-

555 4067 742 4124 quam
772 4051 1113 4115 monadem,
1144 4054 1199 4105 et
1221 4048 1503 4103 unitatem
1523 4049 1753 4119 (Deum,
1787 4051 2057 4121 inquam,
2084 4055 2207 4105 tan-

555 4157 741 4214 quam
781 4138 969 4195 solum
998 4143 1055 4193 et
1091 4146 1305 4208 unum)
1370 4142 1608 4208 propter
1647 4137 2086 4210 simplicitatem
2150 4145 2206 4195 et

558 4231 837 4287 unitatem
882 4226 1363 4300 impartibilitatis
1394 4242 1578 4298 supra
1633 4230 1931 4291 naturam,
1964 4243 2035 4283 ex
2065 4244 2200 4300 qua,

2313 1820 2360 1872 ἐν
2405 1830 2467 1893 τῇ
2502 1834 2526 1864 ι
2569 1822 2819 1895 ἀφράστῳ
2861 1831 2955 1886 τῆς
3001 1828 3344 1898 κρυφιότητος
3386 1827 3540 1894 μόνη,
3584 1827 3677 1874 xui
3735 1843 3924 1875 παντμ

2310 1910 2404 1972 λὴς
2452 1910 2720 1979 ἀκινησία,
2782 1915 2956 1985 ὥσπερ
3014 1910 3083 1971 δὴ
3133 1920 3244 1975 τοῖς
3297 1920 3389 1972 τῆς
3446 1920 3600 1983 σιγῆς
3659 1912 3923 1984 θαλάμοις

2312 1998 2767 2073 ἔναποκρὺπτεται,
2824 2002 2959 2054 οὑτω
3018 1998 3087 2060 δὴ
3152 2007 3241 2053 καὶ
3296 1997 3527 2062 διανοίας
3582 2004 3789 2069 πάσης,
3847 2005 3923 2053 ὅτι

2309 2085 2439 2160 μηδ’
2487 2091 2723 2151 ἡντινοῦς
2765 2102 2792 2133 ι
2845 2090 2916 2153 εἰς
2962 2094 3028 2142 τά
3080 2092 3206 2165 ὑπερ
3263 2098 3379 2142 νοῦν
3436 2089 3590 2142 ἀνιὼν
3646 2088 3923 2162 ἀνακεχω-

2310 2197 2482 2251 ρηκεν.

2381 2445 2465 2497 Ἐν
2494 2446 2582 2515 μὲν
2622 2440 2709 2495 οὑν
2752 2443 2782 2485 b
2820 2450 2932 2507 τοῖς
2982 2450 3206 2517 πρώτοις
3250 2447 3279 2503 ἡ
3326 2447 3613 2519 θεοπρεπὴς
3654 2452 3927 2519 φαντασία

2308 2537 2401 2592 τὴν
2448 2538 2607 2605 μονὴν
2648 2536 2734 2586 xui
2783 2536 2989 2601 στάσιν,
3034 2538 3213 2586 καὶτὸ
3258 2533 3499 2593 ἀκίνητον
3530 2540 3623 2587 καὶ
3663 2540 3765 2593 τὴν
3797 2555 3926 2588 ταυ-

2310 2626 2519 2687 τότητα,
2561 2626 2651 2674 καὶ
2699 2623 2819 2674 ὅσον
2866 2621 2979 2675 ἐστὶ
3022 2619 3243 2675 δυνατὸν
3288 2621 3579 2696 ἀνθρωπίνη
3632 2627 3797 2695 φύσει
3844 2622 3927 2677 δέ·

2313 2711 2505 2774 ξασθαι
2554 2714 2645 2773 τὰς
2705 2713 3217 2784 ὑπερανωσκειμένας
3267 2724 3292 2753 ο
3348 2712 3514 2783 αὐγὰς
3569 2721 3666 2773 τῆς
3726 2714 3925 2767 ἐκεῖθεν

2313 2798 2627 2873 ἐλλάμψεως,
2680 2809 2777 2862 τῆς
2828 2809 2984 2872 μονῆς
3039 2806 3130 2853 καὶ
3190 2803 3421 2863 στάσεως
3483 2807 3573 2853 καὶ
3638 2801 3929 2863 ἀκινησίας

2314 2892 2371 2940 τὸ
2426 2893 2777 2961 συνῃρημένον
2821 2887 3125 2941 ἔποπτεὺευ
3186 2888 3406 2942 ἐνταῦθα
3463 2886 3522 2942 δε
3569 2896 3667 2948 τὴν
3720 2889 3925 2950 Evandri

2314 2983 2403 3031 xui
2483 2980 2725 3053 θεουργόν
2804 2977 3095 3051 ἑτερότητα,
3149 2983 3239 3031 καὶ
3314 2983 3406 3037 τὴν
3469 2975 3807 3033 ἀδιάστατον
3880 2982 3929 3032 ἐν

2313 3067 2579 3129 ἀκινήτοις
2635 3069 2961 3120 ὑποστάσεσι
3016 3072 3244 3133 κίνησιν,
3288 3068 3521 3142 ἀρρήτως
3565 3088 3622 3121 τε
3670 3076 3767 3122 καὶ
3805 3072 3931 3144 ῥοῆς

2316 3161 2481 3231 χωρὶς
2546 3156 2760 3217 ἀπάσης
2835 3158 3126 3229 θεοπρεπῶς
3196 3156 3477 3210 ἕπιϐλέπει.
3534 3157 3624 3210 Ἑν
3708 3155 3803 3211 οὖν
3871 3164 3929 3211 τό

2316 3247 2447 3298 θεῖον
2499 3250 2588 3298 καὶ
2636 3250 2775 3319 τρία,
2826 3244 2885 3296 οὑ
2934 3247 3069 3297 κατά
3119 3250 3213 3303 τὴν
3272 3244 3625 3320 ἀριθμητικὴν
3681 3248 3930 3319 τεχνολοο

2313 3340 2450 3407 γὶαν.
2484 3341 2651 3387 Τοῦτο
2682 3331 2741 3387 δὲ
2779 3336 2884 3407 ἄρα
2925 3339 3013 3387 καὶ
3060 3338 3161 3407 πρὸ
3204 3336 3351 3407 ἡμῶν
3393 3337 3419 3387 ό
3466 3344 3567 3388 τῶν
3612 3334 3929 3409 ἀπορρήτων

2314 3427 2517 3496 μύστης
2590 3425 2690 3476 ὑπό
2755 3430 2845 3476 τοῦ
2913 3426 2980 3476 τὰ
3046 3422 3378 3497 ἀνέκφραστα
3446 3434 3929 3497 μυσταγωγοῦντος

2316 3514 2341 3565 ό
2392 3516 2550 3585 μέγας
2605 3515 2822 3584 μυηθεὶς
2883 3515 3149 3576 Διονύσιος
3204 3514 3554 3582 αἰνιττόμενος
3612 3515 3803 3585 ἔλεγεν,
3860 3519 3927 3575 ὡς

2316 3604 2341 3653 ό
2369 3606 2556 3662 παντὸς
2584 3608 2770 3659 νοητοῦ
2808 3601 2925 3654 καθ’
2973 3602 3246 3676 ὑπεροχὴν
3290 3605 3457 3664 αἴτιος
3501 3606 3620 3655 οὔτε
3659 3604 3708 3655 ἓν
3756 3602 3920 3667 ἐστιν,

2315 3696 2430 3745 οὔτε
2473 3693 2667 3759 ἑνότης,
2714 3693 3007 3765 ὑπερτιθεὶς
3053 3692 3209 3745 αὑτόν
3250 3701 3350 3745 τῶν
3391 3691 3440 3744 ἐν
3498 3694 3626 3766 ἡμῖν
3676 3694 3921 3745 ἁπάντων

2314 3787 2515 3855 τιμίων.
2570 3785 2670 3834 Καὶ
2715 3777 2783 3840 δὴ
2834 3786 2923 3833 καὶ
2974 3778 3131 3839 δῆλον
3187 3784 3256 3843 ὡς
3297 3784 3398 3853 πρὸ
3448 3790 3548 3834 τῶν
3595 3780 3788 3846 ἄλλων,
3836 3788 3925 3833 καὶ

2314 3880 2406 3934 τῆς
2459 3872 2901 3945 συναριθμήσεως,
2951 3874 3037 3922 xui
3082 3870 3235 3922 πάλιν
3279 3873 3474 3943 ὁρῶμεν
3522 3876 3616 3929 τὴν
3664 3874 3926 3946 θεαρχίαν

2317 3963 2457 4036 ἱερῶς
2488 3962 2828 4032 ὑμνουμένην,
2869 3962 2938 4021 ὡς
2978 3956 3184 4031 μονάδα
3213 3963 3302 4031 μὲν
3347 3964 3436 4012 καὶ
3467 3956 3649 4024 ἑνάδα,
3684 3957 3784 4012 διὰ
3831 3968 3926 4019 τήν

2317 4050 2583 4107 ἁπλότητα
2626 4053 2714 4101 xui
2746 4048 2959 4106 ἑνότητα
3004 4056 3099 4110 τῆς
3133 4050 3425 4124 ὑπερφυοῦς
3467 4049 3731 4123 ἀμερείας,
3773 4051 3827 4113 ἐξ
3865 4052 3928 4111 ἧς

2316 4142 2379 4200 ὠς
2427 4138 2659 4191 ἑνοποιοῦ
2710 4134 2980 4210 δυνάμεως
3032 4137 3321 4209 ἑνιζόμεθα,
3368 4143 3457 4191 xui
3508 4148 3608 4191 τῶν
3660 4149 3929 4213 μεριστῶν

2317 4230 2460 4301 ἡμῶν
2518 4227 2828 4300 ἑτεροτήτων
2897 4228 3257 4302 ὑπερκοσμίως
3312 4232 3773 4301 συμπυσσομένων
3831 4228 3928 4299 (1⁸⁸,

1886 4379 2139 4435 VARL/E
2172 4378 2471 4437 LECTION
2479 4381 2579 4436 ES.

628 4521 660 4564 γ
685 4508 723 4564 l.
758 4506 1143 4579 ἀνεκφοίτητον.
1220 4516 1243 4545 π
1280 4512 1377 4575 τῷ.
1412 4514 1445 4580 ξ
1470 4500 1667 4580 Ι..μηδ’
1694 4500 1754 4562 ἦν
1784 4524 1863 4567 τις
1917 4512 2054 4570 νοῦς,
2086 4505 2181 4562 vel
2235 4502 2367 4578 μηδ’
2406 4501 2467 4563 ἧν
2510 4523 2642 4565 τινος
2688 4509 2825 4567 νοῦς.
2901 4502 2931 4545 δ
2955 4503 3086 4562 dele
3143 4504 3253 4560 οὖν.
3330 4518 3355 4548 ο
3384 4504 3424 4562 l.
3480 4507 3721 4580 ὑπεράνω
3755 4512 3933 4580 κειμέο

559 4601 650 4643 νας
673 4580 766 4636 vel
792 4573 1299 4651 ὑπερανῳκισμένας.
1324 4573 1331 4575 ἡ
1400 4573 1475 4619 ἀνθ
1504 4573 1550 4631 Ιξ
1570 4580 2070 4649 συμπτυσσομένων.

2118 4701 2345 4757 NOTAE.

632 4821 742 4893 (54)
778 4820 1018 4875 Omnem
1050 4818 1563 4893 enimntfmerugn
1603 4822 1710 4893 etc.
1763 4822 2006 4893 superat
2036 4817 2207 4888 Ἀριθ-

560 4902 659 4966 μοῦ
690 4884 790 4965 ’γάρ
831 4893 1024 4951 παντός
1071 4894 1180 4966 καὶ.
1212 4884 1426 4966 ἐνάςῖων,
1474 4886 1528 4939 αἱ
1566 4890 1633 4939 τά
1664 4895 1754 4940 τοῦ
1805 4886 2028 4961 ἀριθμοῦ
2083 4884 2209 4966 μερη

562 4958 652 5019 καὶ
698 4958 882 5022 ’πάσης
952 4961 1110 5032 οἷλλης
1160 4958 1518 5032 ἀναπληροῦσι
1584 4958 1893 5026 ποσότητος,
1930 4958 2215 5032 lamus;

564 5038 592 5094 ἠ
660 5036 1000 5106 ὑπεράρχιος,
1069 5028 1652 5106 ἀγαθαρχίαῌάρρήτῳ
1712 5036 1877 5105 μέτρῳ
1934 5028 2215 5106 ὑπερίδρυο

564 5126 668 5158 ται.
700 5102 765 5159 Id
803 5102 929 5159 est:
983 5124 1009 5154 «
1044 5102 1294 5157 Omnem
1323 5102 1485 5157 enim
1510 5102 1829 5157 numerum
1858 5108 1913 5156 et
1933 5102 2213 5170 uni'tates,

565 5194 689 5250 quae
739 5174 972 5250 numeri
1004 5180 1059 5228 et
1095 5174 1293 5250 omnis
1334 5173 1968 5250 alteriusﬂquaptitatis
2021 5179 2216 5245 partes

564 5243 1190 5318 adimplent,_omnino
1220 5251 1459 5318 superat
1480 5243 1764 5318 ineffabili
1805 5243 2090 5300 mensura
2110 5261 2219 5317 op-

563 5314 749 5375 timus
778 5316 871 5371 ille
922 5314 1307 5389 [Divinitatis]
1334 5315 1707 5389 principatus
1761 5332 2004 5372 omnem
2037 5314 2217 5389 supra

552 5387 970 5464 principatum
1000 5387 1233 5464 positus

638 5457 905 5531 (Bm—Illa
933 5457 1087 5514 enim
1128 5458 1397 5531 perfecta
1446 5459 1604 5529 quies
1636 5464 1689 5515 et
1722 5457 2099 5515 immobilitas
2156 5459 2217 5531 in

564 5530 849 5588 mansione
862 5546 1081 5585 arcana
1096 5535 1149 5583 et
1163 5530 1367 5584 abdita
1381 5544 1511 5599 quae
1524 5533 1790 5598 expromi
1800 5546 1919 5585 non
1930 5536 2139 5598 potest.
2161 5530 2221 5582 Ἠ

563 5608 664 5677 γὰρ
697 5603 744 5677 ἐν
774 5611 835 5675 τῇ
854 5600 1025 5677 [lego
1052 5599 1169 5677 7931
1193 5600 1441 5677 ἐιφράστφ
1471 5609 1575 5677 ἰῆς
1616 5606 1956 5677 κρυφιὸτητρς
1979 5606 2107 5674 μονὴ
2137 5606 2224 5653 καὶ

564 5672 820 5737 ἁπάντιλὴς
845 5672 1212 5732 ἁὶιινησίαίίᾰ
1238 5672 1327 5727 est
1360 5686 1371 5724 ;
1408 5690 1436 5723 ‹‹
1468 5673 1615 5727 Nam
1647 5672 1885 5728 mansio
1908 5672 2224 5729 in‘secreto

2316 4814 2619 4881 inetfabili,
2650 4818 2703 4870 et
2735 4814 2994 4886 perfecta
3027 4813 3123 4870 illa
3154 4814 3565 4872 immobilitas.
3600 4837 3631 4867 ι)

2390 4888 2501 4957 (56)
2544 4886 2873 4956 Conjuncte
2907 4892 2964 4942 et
2994 4888 3274 4955 copulate
3303 4889 3773 4957 contemplatur.
3824 4892 3939 4948 Hic

2319 4974 2458 5031 vero
2482 4958 2710 5014 unitam
2733 4965 2785 5015 et
2813 4958 3101 5027 deiﬁcam,
3126 4966 3235 5013 etc.
3254 4966 3354 5031 ~nti;
3372 4967 3535 5031 μονῆς
3565 4966 3659 5031 καὶ
3688 4964 3940 5023 στάσεως

2319 5036 2407 5082 καὶ
2440 5028 2712 5102 ἀκινησίας
2744 5032 2801 5080 τό
2848 5034 3201 5102 συνῃρημένον
3245 5028 3509 5082 ἐποπτεύει
3542 5050 3555 5063 ·
3597 5030 3841 5086 ἐνταῦθα
3880 5032 3941 5087 δε

2320 5106 2408 5181 τῂν
2435 5098 2629 5181 Evasi-3f:
2664 5105 2759 5181 xui
2785 5098 3061 5181 Qfgupydv.‘
3082 5100 3145 5156 Id
3164 5107 3271 5181 est
3294 5123 3323 5181 ,τ’
3346 5120 3375 5151 (‹
3402 5102 3725 5157 Mausionis
3769 5108 3944 5181 quiec

2322 5173 2413 5243 tis,
2448 5171 2986 5249 et__immobilitatis
3043 5173 3508 5249 contractionem
3557 5171 3943 5249 contempla-

2323 5242 2451 5301 tur:
2488 5244 2588 5299 Hic
2619 5259 2759 5298 vero
2788 5242 3145 5298 uniformem
3174 5248 3230 5299 et
3258 5244 3557 5308 deiﬁcam,
3593 5250 3707 5300 etc.
3747 5268 3781 5297 ιι

2394 5316 2507 5386 (57)
2553 5314 3036 5386 [nseparabilem,
3067 5320 3175 5370 etc.
3199 5316 3317 5370 Deo
3337 5316 3570 5384 aspicit.
3597 5320 3709 5374 Τὴν
3738 5314 3947 5371 ἀδιάσ-

2323 5384 2552 5439 τατονὲν
2585 5384 2841 5460 ἀκινήτοις
2871 5386 3200 5460 ὑποστάσεσι
3242 5385 3729 5460 κίνησινλάῥρἠτως
3762 5409 3825 5442 τε
3854 5396 3948 5441 xui

2322 5459 2450 5533 ῥοῇς
2497 5462 2686 5533 χωρὶς-
2718 5456 2931 5533 ,ἀπάσης
2990 5459 3295 5533 θεοπρεπῶςΔ
3339 5456 3615 5533 ἐπιϐλέπῃ.
3672 5459 3742 5533 Id
3810 5467 3943 5518 est:

2329 5528 2352 5581 ι
2388 5528 2852 5600 [inseparabilem
2873 5528 2943 5600 in
2978 5528 3251 5600 personis
3282 5529 3544 5600 immotis
3574 5531 3944 5597 motionem,

2326 5599 2800 5676 ipetfabiliteret
2829 5599 3058 5674 absque
3087 5600 3255 5658 omni
3296 5599 3482 5668 ﬂuxu,
3516 5609 3696 5676 prout
3743 5606 3945 5661 Deum

2326 5672 2515 5740 decet,
2546 5670 2777 5746 aspicit.
2805 5690 2836 5726 ››
