3926 6190
119 312 205 372 901
1057 311 1151 367 ΑΙ)
1195 301 1747 366 AMPHILOCHIUM
1791 304 2117 375 QU/ESTIO
2157 305 2502 364 CLXXXIII.

3321 312 3426 367 90"2

119 442 180 502 εὶς
222 433 398 496 θεοειδῆ
466 431 670 508 μονάδα
745 439 1130 510 συναπτόμεθα,
1191 441 1280 489 καὶ
1353 437 1666 506 θεομίμητον

1850 449 2068 505 nquam
2101 433 2324 490 uniﬁca
2350 432 2632 505 potentia,
2665 431 2962 488 efﬁcimur
2994 448 3192 500 unum,
3227 436 3339 504 (58)
3374 440 3429 490 et

118 533 287 584 ἕνωσιν.

173 788 352 867 Τριάδα
387 787 460 856 δι,
506 795 754 864 πρόσχεςο
803 790 861 843 ού
895 793 996 864 γὰρ
1043 793 1108 851 ὡς
1156 789 1450 864 ἀριθμητήν
1484 807 1661 860 φησιν,

114 883 220 935 ἀλλὰ
259 878 342 934 διὰ
389 885 476 939 τὴν
518 885 940 954 τριππὸστατον
978 888 1075 940 τῆς
1119 880 1432 952 ύπερουσίου
1461 882 1666 949 γονιμὸ-

114 991 243 1033 τητος
289 974 510 1042 ἕκφασεν,
561 968 612 1032 ἐξ
669 971 732 1032 ἧς
769 976 914 1022 πᾶσα
963 970 1161 1042 πατριὰ
1215 967 1262 1020 ἐν
1319 968 1519 1040 οὐρανῷ
1574 971 1664 1018 καὶ

112 1060 176 1113 ἐπὶ
218 1067 308 1132 γῆς
354 1062 459 1112 ἔστι
513 1078 566 1112 τε
603 1063 693 1112 καὶ
736 1058 1063 1131 ὀνομάζεται’
1120 1062 1210 1109 καὶ
1254 1057 1416 1109 πολλὰ
1449 1058 1666 1108 τοιαῦτά

113 1149 226 1202 ἐστιν
258 1151 388 1222 παρά
435 1155 506 1218 τῷ
568 1149 826 1220 θεσπεσίῳ
879 1155 978 1198 τῶν
1040 1145 1267 1199 ἀθεάτων
1321 1148 1514 1219 θεωρῷ,
1577 1149 1666 1196 καὶ

111 1248 188 1298 τῆς
214 1235 398 1290 Παύλου
427 1240 797 1308 μυσταγωγίας
830 1234 1044 1306 ἐπαξίῳ.
1077 1235 1196 1288 Ὀτι
1241 1231 1300 1287 δε
1335 1234 1394 1286 ού
1433 1244 1532 1286 τῶν
1576 1254 1664 1285 κυ·

109 1331 211 1396 ρίως
258 1324 544 1398 ἀριθμητῶν
581 1327 610 1384 ἠ
667 1328 824 1398 Τριάς
871 1327 927 1377 ἔκ
981 1344 1035 1377 τε
1081 1333 1180 1378 τῶν
1231 1325 1506 1396 εἰρημένων
1556 1326 1664 1375 ἔστι

113 1417 298 1488 θεωρεῖν,
349 1420 432 1467 καὶ
477 1414 624 1467 ἄλλοι
678 1410 923 1486 διάφοροι
956 1411 1180 1472 δηλοῦσι
1217 1413 1381 1484 λόγοι.
1436 1418 1534 1466 Καὶ
1562 1415 1662 1484 γὰρ

109 1501 306 1554 ἐπὶτῶν
353 1507 540 1577 κυρίως
624 1501 943 1575 ἀριθμητών,
1011 1504 1119 1554 οἷον
1177 1501 1478 1574 ἀνθρώπων,
1550 1505 1666 1573 φέρε

109 1590 252 1656 εἰπεῖν,
289 1592 315 1650 ἣ
357 1590 580 1662 ἀγγέλων
628 1593 658 1650 ἦ
707 1596 907 1666 μυρίων
950 1591 1113 1643 ἄλλων
1165 1588 1434 1663 δυνάμεθα
1479 1591 1662 1659 λέγειν,

105 1684 176 1731 xui
229 1682 365 1754 τριὰς
437 1679 666 1751 ἀγγέλων
750 1685 840 1732 καὶ
915 1681 1061 1751 τριὰς
1150 1678 1450 1754 ἀνθρώπων,
1539 1677 1666 1730 ἀλλὰ

1777 523 1992 578 nostris
2009 523 2454 579 diversitatibus
2477 521 2678 578 divine
2697 521 3070 594 complicatis
3089 523 3219 578 etin
3238 539 3426 579 unum

1775 611 2126 682 convolutis,
2162 612 2221 667 in
2240 612 2529 668 unitatem
2551 611 2655 666 Dei
2685 611 2964 680 similem,
2987 615 3044 668 et
3075 611 3425 684 unitionem,

1774 716 1908 772 quae
1947 703 2130 757 Deum
2161 701 2448 766 imitatur,
2481 699 2855 769 copulamur.

1844 789 2188 845 Trinitatem
2209 805 2348 845 vero
2371 789 2628 853 attende,
2657 789 2767 857 (59)
2794 805 2911 846 non
2941 790 3100 845 enim
3133 794 3425 862 tanquam

1775 877 2165 944 numerabile,
2209 879 2368 944 dicit,
2440 877 2545 934 sed
2593 884 2834 950 propter
2886 878 3428 934 manifestationem

1773 966 1951 1020 trium
1966 982 2357 1038 personarum
2373 969 2431 1023 in
2445 967 2545 1024 illa
2558 983 2740 1038 supra
2753 972 3028 1023 naturam
3045 967 3426 1032 fecunditate,

1775 1070 1843 1110 ex
1864 1071 1988 1127 qua
2019 1057 2213 1112 omnis
2242 1057 2569 1128 paternitas
2603 1057 2661 1111 in
2702 1055 2852 1112 coelo
2889 1061 2945 1110 et
2975 1057 3034 1111 in
3068 1061 3221 1112 terra
3255 1061 3345 1112 est
3375 1061 3432 1112 et

1777 1144 2137 1199 nominatur.
2171 1147 2233 1200 Et
2266 1144 2452 1200 multa
2485 1144 2601 1200 alia
2626 1144 2975 1215 huiusmodi
3005 1143 3138 1200 licet
3169 1145 3430 1216 reperire

1774 1233 1932 1304 apud
1966 1231 2238 1288 divinum
2270 1233 2789 1304 inaspectabilium
2831 1238 3249 1301 spectatorem.
3279 1237 3334 1289 et
3364 1233 3425 1288 in

1776 1322 2076 1392 mysteriis
2105 1323 2277 1380 Pauli
2301 1323 2664 1378 institutione
2705 1322 2976 1390 dignum.
3021 1322 3195 1387 Quod
3227 1326 3430 1377 autem

1773 1409 2022 1465 Trinitas
2055 1427 2176 1466 non
2207 1411 2282 1466 sit
2309 1411 2545 1482 prOprie
2574 1410 3062 1476 numerabilium,
3099 1416 3224 1465 tum
3259 1426 3331 1465 ex
3362 1410 3432 1466 iis

1775 1517 1910 1576 quae
1931 1499 2090 1556 dicta
2104 1506 2240 1555 sunt
2267 1500 2399 1556 licet
2425 1515 2779 1569 cognoscere
2812 1516 2824 1554 :
2860 1504 2986 1554 tum
3017 1499 3148 1555 alia;
3172 1499 3432 1555 rationes

1776 1593 1940 1650 varie
1967 1591 2290 1659 declarant,
2322 1589 2619 1660 siquidem
2651 1587 2711 1642 in
2755 1589 2846 1653 iis,
2883 1604 3015 1659 quae
3047 1588 3287 1660 proprie
3319 1603 3430 1642 nu-

1777 1683 1991 1737 merari
2019 1683 2292 1752 possunt,
2336 1683 2417 1741 ut,
2452 1677 2616 1732 verbi
2658 1677 2869 1747 gratia,
2899 1677 2960 1731 in
2992 1676 3344 1732 hominibus
3377 1680 3433 1732 et

105 1775 176 1821 xui
199 1776 316 1840 τρεῖς
363 1767 598 1841 ἄγγελοι,
646 1773 736 1821 καὶ
783 1777 916 1841 τρεῖς
970 1771 1253 1842 ἄνθρωποι.
1305 1770 1420 1821 Ἐπὶ
1466 1764 1524 1820 δὲ
1573 1776 1666 1828 τῆς

1850 1771 2026 1841 .gelis,
2059 1774 2115 1824 et
2161 1766 2432 1822 Similiter
2461 1767 2521 1822 in
2549 1766 2796 1821 inﬁnitis
2829 1765 2960 1822 aliis
2997 1766 3193 1821 dicere
3224 1781 3434 1837 possu-

107 1857 206 1930 ὑπὲρ
256 1860 415 1910 πάντα
472 1865 596 1910 νοῦν
662 1863 751 1911 καὶ
803 1858 1022 1932 ἀριθμὸν
1081 1859 1366 1932 ύπεραγίας
1417 1854 1662 1929 Τριάδος,

106 1948 198 1998 οὔτε
244 1946 395 2020 Τριὰς
460 1949 592 2000 θεῶν
655 1950 841 2000 εἴποιεν
898 1946 920 1988 ί
971 1948 1032 1999 ἄν
1095 1966 1174 2008 τις
1241 1945 1482 2011 εὐσεϐῶν,
1559 1945 1664 1997 ἀλλ’

103 2031 204 2088 οὔδε
236 2044 362 2108 τρεῖς
408 2038 546 2092 θεοί.
607 2035 768 2088 Πάλιν
799 2037 864 2089 τὰ
890 2035 938 2088 ἕν
969 2044 1030 2108 τῇ
1079 2037 1335 2107 ὑπεραγίᾳ
1360 2040 1451 2086 xui
1484 2036 1668 2107 ὁμοου-

110 2127 187 2192 σίῳ
229 2121 409 2198 Τριάδι
457 2123 826 2198 λαμϐανόμενα
877 2128 1151 2199 πρόσωπα,
1203 2127 1413 2197 φανερὸν
1481 2125 1550 2184 ὡς
1594 2120 1667 2175 δι’

105 2207 289 2268 ἀλλήλων
323 2217 409 2275 τὰς
455 2210 736 2276 ἰδιότητας
767 2211 1059 2286 ἀχράντους
1093 2218 1183 2264 καὶ
1225 2211 1516 2286 ἀκηράτους
1547 2209 1668 2264 δια-

106 2300 303 2360 σώζοντα
337 2311 528 2376 χωρεῖ.
584 2303 782 2375 Πληροῖ
815 2306 882 2355 τὰ
929 2304 1099 2355 πάντα
1153 2304 1178 2354 6
1230 2304 1429 2376 Πάτηρ,
1481 2301 1669 2374 πληροῖ

104 2389 156 2436 τὰ
179 2390 330 2442 πάντα
373 2393 398 2443 6
448 2394 594 2455 Υἱὸς,
639 2393 886 2451 ὡσαύτως
929 2396 1020 2442 καὶ
1051 2393 1109 2442 τὸ
1157 2396 1365 2462 Πνεῦμα
1394 2393 1451 2441 τὸ
1501 2389 1665 2460 ἅγιον.

103 2480 184 2528 Καὶ
224 2481 276 2530 τὸ
313 2477 590 2545 ἀνάπαλιν,
633 2481 753 2531 ἔνθα
787 2483 1008 2551 πάρεστι
1052 2481 1111 2530 τὸ
1163 2485 1388 2550 Πνεῦμα,
1445 2476 1548 2529 ἐκεῖ
1582 2482 1671 2529 καὶ

105 2563 124 2612 ὁ
171 2571 350 2641 Πατὴρ,
401 2573 497 2621 καὶ
563 2570 588 2620 6
645 2570 782 2630 Υἱόςο
827 2566 956 2620 ἀλλὰ
1007 2573 1096 2620 καὶ
1145 2567 1193 2619 ἐν
1239 2569 1316 2629 οἷς
1366 2569 1614 2639 πάρεστιν
1646 2570 1670 2619 6

102 2654 215 2718 Υἱὸς,
267 2659 596 2732 συμπάρεισι
636 2662 727 2708 καὶ
784 2658 808 2708 6
843 2661 1020 2727 Πατὴρ
1068 2662 1159 2709 καὶ
1205 2660 1260 2709 τὸ
1295 2663 1520 2728 Πνεῦμα.
1558 2658 1672 2709 Ἐπὶ

104 2737 150 2793 δε
188 2752 274 2795 τῶν
310 2751 510 2822 κυρίως
557 2745 857 2821 ἀριθμητῶν
905 2742 1055 2799 οὐδὲν
1109 2749 1224 2800 ἔστι
1279 2753 1510 2799 τοιοῦτον
1549 2741 1672 2798 οὐδὲ

110 2827 118 2842 V
214 2829 231 2846 9

102 2848 268 2888 εννοειν.

155 3015 249 3063 Ἔτι
279 3008 335 3065 δε
372 3011 456 3066 ἐπὶ
501 3021 603 3065 τῶν
651 3018 839 3088 κυρίως
883 3012 1203 3088 ἀριθμητών,
1253 3018 1342 3066 καὶ
1389 3015 1667 3087 προσθήκη

1779 1877 1938 1924 mus,
1959 1859 2278 1914 trinitatem
2303 1853 2654 1925 angelorum
2675 1861 2730 1909 et
2749 1854 3068 1909 trinitatem
3092 1853 3431 1917 hominum,

1778 1950 1898 2005 imo
1928 1954 1985 2003 et
2025 1955 2137 2002 tres
2165 1946 2432 2015 angelos,
2465 1952 2519 1999 et
2559 1950 2676 1999 tres
2705 1944 2980 1999 homines
3015 1959 3028 2009 ;
3071 1943 3128 1998 in
3155 1943 3433 1998 Trinitate

1777 2054 1918 2094 vero
1958 2052 2140 2107 supra
2178 2051 2362 2107 quam
2405 2038 2634 2098 sancta,
2660 2048 2855 2104 neque
2889 2031 3141 2086 Trinitas
3180 2031 3434 2087 deorum

1777 2127 1874 2199 pie
1900 2127 2009 2181 dici
2043 2129 2254 2196 potest,
2293 2138 2490 2194 neque
2522 2127 2638 2177 tres
2671 2121 2775 2180 Dii.
2809 2123 3035 2176 Rursus
3063 2120 3121 2174 in
3161 2120 3434 2174 Trinitate

1781 2231 1965 2288 supra
1993 2229 2178 2286 quam
2195 2217 2400 2267 sancta
2413 2211 2654 2267 etunius
2673 2209 3067 2280 ejusdemque
3083 2207 3434 2263 substantite

1780 2318 2051 2377 personae
2099 2303 2156 2357 in
2199 2300 2410 2372 seipsis
2461 2305 2670 2354 mutuo
2719 2299 3024 2365 incedunt,
3079 2295 3326 2366 integris
3379 2301 3437 2350 et

1781 2391 1960 2448 salvis
2000 2389 2460 2462 proprietatibus
2491 2386 2698 2460 implet
2744 2386 2950 2442 omnia
2985 2385 3197 2451 Pater;
3230 2384 3437 2457 implet

1781 2482 1986 2538 omnia
2015 2480 2216 2541 Filius,
2249 2477 2516 2533 similiter
2557 2477 2730 2532 etiam
2765 2475 3013 2547 Spiritus
3060 2478 3327 2530 sanctus.
3370 2476 3436 2528 Et

1781 2587 1988 2627 rursus
2016 2589 2030 2639 ;
2066 2568 2171 2625 Ubi
2195 2565 2659 2638 adestSpiritus,
2687 2565 2804 2620 illic
2834 2570 2888 2620 et
2923 2563 3124 2626 Filius,
3157 2567 3213 2618 et
3242 2563 3433 2627 Pater,

1781 2661 1926 2732 quin
1948 2661 2125 2715 etiam
2153 2659 2211 2713 in
2239 2655 2462 2729 quibus
2487 2658 2579 2710 est
2601 2653 2796 2718 Filius,
2822 2657 2962 2709 sunt
2986 2651 3160 2708 simul
3183 2656 3240 2708 et
3271 2652 3435 2706 Pater

1783 2756 1838 2804 et
1861 2749 2110 2820 Spiritus
2129 2750 2390 2803 sanctus.
2421 2745 2482 2798 In
2516 2744 2586 2798 iis
2617 2759 2780 2810 vero,
2800 2758 2938 2814 quas
2971 2741 3208 2814 proprie
3230 2755 3436 2796 nume-

1780 2837 1898 2894 rari
1917 2841 2189 2911 possunt,
2223 2834 2369 2891 nihil
2401 2831 2698 2904 ejusmodi
2726 2829 3305 2902 neintelligiquidem
3327 2844 3435 2901 po-

1782 2931 1914 2983 test.

1853 3016 1939 3070 Ad
1978 3015 2101 3070 haec
2139 3014 2200 3070 in
2239 3013 2309 3068 iis
2366 3027 2500 3084 quae
2543 3013 2686 3065 sunt
2723 3007 2963 3081 proprie
3015 3006 3432 3076 numerabilis,

99 3103 264 3166 γίνεται
307 3107 393 3155 xui
444 3102 727 3177 ἀφαίρεσις
764 3111 862 3154 τῶν
892 3101 1300 3177 ἀριθμουμένων·
1350 3103 1433 3155 ἐπὶ
1478 3100 1536 3155 δε
1577 3113 1667 3166 τῆς

1850 3103 2047 3159 :cessio
2069 3103 2152 3166 lit,
2185 3106 2241 3156 et
2270 3098 2584 3155 subductio
2599 3111 2974 3168 eorum,quae
2996 3099 3390 3150 numerantur
3417 3111 3431 3161 ;

101 3186 378 3260 ύπερουσίου
428 3196 528 3244 καὶ
572 3189 941 3249 ἀκαταλήπτου
998 3189 1245 3266 Τριάδος,
1291 3193 1400 3254 πῶς
1443 3191 1504 3243 ἂν
1549 3192 1672 3254 ὅλως

99 3272 327 3338 ἐννοηθείη
383 3288 547 3334 τοῦτο
605 3297 619 3347 ;
691 3284 780 3333 xui
838 3279 1003 3333 πολλὰ
1052 3279 1112 3332 ἂν
1170 3299 1250 3341 τις
1306 3280 1669 3354 ἐπιθεωρήσειε

99 3373 284 3420 τοιαῦτα
294 3413 307 3426 ,

616 3481 930 3530 ΕΡΩΤΗΣΙΣ
968 3473 1126 3530 ΡΠΓ.

498 3587 626 3656 Περὶ
654 3591 755 3636 τῶν
787 3582 952 3636 αὐτῶν
977 3591 1050 3654 τῷ
1080 3581 1242 3654 αὐτῷ.

1782 3193 1843 3249 in
1881 3191 2160 3248 Trinitate
2213 3205 2354 3245 vero
2413 3203 2595 3261 supra
2644 3192 2945 3250 naturam,
2998 3189 3056 3240 et
3102 3184 3435 3256 incompre-

1781 3283 1992 3345 hensa,
2025 3278 2328 3352 quomodo
2358 3277 2472 3332 hoc
2513 3275 2751 3348 penitus
2797 3273 3158 3344 intelligatur
3187 3273 3215 3330 ?
3255 3272 3432 3329 Multa

1783 3370 1902 3427 alia
1930 3367 2227 3441 ejusmodi
2247 3364 2638 3438 contemplari
2669 3363 2804 3436 quis
2829 3366 3042 3436 potest.

1785 3476 2106 3544 QU/ESTIO
2149 3474 2443 3533 CLXXXIII
2499 3471 2701 3544 [CoisL
2745 3470 2942 3536 CCXII,
3000 3471 3181 3527 Taur.
3223 3468 3430 3540 CCIII.]

2329 3583 2412 3638 De
2448 3580 2654 3637 iisdem
2693 3579 2898 3636 eidem.

879 3707 1032 3756 Edita
1056 3720 1089 3756 a
1111 3707 1375 3771 Basnagio
1403 3709 1459 3767 (1.
1489 3723 1534 3758 c.
1567 3725 1615 3774 p.
1646 3713 1776 3769 433).
1805 3737 1864 3748 -
1889 3709 2244 3760 Ρι-ωοθᾶθηιὶε
2269 3705 2618 3758 continuatio.

150 3795 210 3844 T6
255 3796 300 3847 ἓν
347 3801 436 3850 καὶ
467 3799 540 3849 τὰ
583 3801 702 3870 τρία
731 3795 803 3849 ἐνὶ
836 3805 930 3859 τῆς
963 3799 1250 3869 θεαρχικῆς
1301 3797 1669 3872 θεολογούμενα

95 3883 280 3952 φύσεως,
321 3886 416 3937 οὐκ
446 3885 674 3958 ἀριθμός
703 3885 816 3937 ἐστι
845 3889 1054 3959 κυρίως,
1085 3884 1197 3938 οὖς’
1246 3885 1390 3960 ἀρχὴ
1444 3886 1668 3962 ἀριθμοῦ

96 3968 292 4024 ἀλλά’τὸ
341 3977 434 4047 μὲν
508 3975 558 4026 ἓν
609 3973 863 4047 σύμϐολόν
913 3979 967 4028 τέ
1019 3975 1130 4028 ἐστι
1186 3985 1276 4036 τῆς
1331 3975 1667 4052 ἀπερινοήτου

89 4067 420 4131 κρυφιότητος,
465 4068 561 4115 xui
611 4063 965 4136 αἰνιγματίζει
1009 4069 1066 4117 τὸ
1119 4064 1343 4140 ἄρρητον
1373 4074 1468 4127 τῆς
1507 4069 1669 4139 ὑπάρ-

93 4145 210 4208 ξεως.
238 4156 340 4209 Τὴν
379 4152 723 4226 ἔκφαντορίαν
770 4150 830 4205 δὲ
875 4156 942 4205 τὰ
969 4159 1092 4228 τρία
1145 4150 1380 4221 διαπλοῖ,
1437 4161 1524 4209 xui.
1573 4177 1671 4208 πα-

90 4248 321 4310 ραγυμνοί
367 4250 478 4302 τοῖς
529 4248 792 4316 μεριστοῖς
837 4245 925 4300 τὴν
973 4251 1166 4314 γνῶσιν
1233 4251 1328 4305 τῆς
1385 4243 1668 4319 ἀμερίστου

93 4331 162 4374 xui
200 4326 572 4388 ἀκαταληπτου
623 4333 881 4392 Θεὸτητος.
931 4333 1254 4404 Ἐκφαίνεται
1301 4335 1402 4406 γὰρ
1452 4335 1479 4392 ἡ
1543 4336 1668 4408 ὑπὲρ

88 4423 184 4466 νοῦν
234 4425 321 4471 xui
372 4427 555 4472 πᾶσαν
622 4419 916 4491 κατάληψιν
970 4420 1128 4473 οὐσία
1174 4430 1234 4480 τῆ
1307 4430 1398 4474 τοῦ
1468 4427 1672 4497 Πατρός

1855 3802 2046 3856 Unum
2071 3799 2273 3870 itaque
2309 3802 2365 3853 et
2395 3797 2505 3852 tria
2536 3811 2658 3851 non
2690 3797 2833 3850 sunt
2858 3793 3095 3865 proprie
3128 3807 3431 3858 numerus,

1779 3904 1968 3961 neque
1982 3887 2348 3960 principium
2372 3883 2601 3940 numeri
2621 3885 2680 3937 in
2699 3885 2927 3938 naturae
2950 3879 3166 3936 divinae
3190 3879 3435 3936 Theolo-

1780 3979 1896 4048 gia,
1923 3979 2027 4034 sed
2069 3979 2265 4050 potius
2298 3991 2488 4030 unum
2514 3972 2859 4046 symbolum
2895 3978 2985 4026 est
3011 3985 3260 4033 arcanae,
3291 3970 3432 4024 etin

1782 4067 1989 4124 abdito
2002 4065 2321 4122 reconditae
2342 4069 2583 4127 natura,
2603 4077 2730 4132 quae
2747 4059 3130 4129 intelligentia
3162 4075 3294 4112 com
3306 4073 3432 4129 pre~

1780 4156 1960 4212 hendi
1992 4171 2113 4211 non
2154 4158 2363 4226 potest,
2397 4151 2812 4221 signiﬁcatque
2853 4147 2913 4202 in
2950 4147 3268 4214 aenigmate
3312 4161 3432 4200 non

1781 4261 1957 4316 posse
1985 4244 2177 4300 efferri
2208 4248 2263 4298 et
2283 4239 2829 4313 expromidivinam
2851 4236 3268 4290 substantiam.
3301 4235 3432 4290 Tria

1781 4351 1921 4390 vero
1950 4333 2489 4389 manifestationem
2512 4327 2810 4400 explicant
2839 4343 2852 4391 ;
2886 4324 3281 4380 etdivinitatis
3315 4323 3430 4378 im-

1780 4422 2094 4495 partibilis,
2130 4427 2310 4493 atque
2342 4416 2854 4489 incomprehensm
2876 4413 3276 4483 cognitionem
3326 4411 3430 4467 ali-

89 4498 417 4580 ἀναπλουμένη
499 4514 591 4562 xui
639 4511 762 4562 Υἱοῦ
812 4515 1144 4583 προσηγορίᾳ
1196 4515 1284 4563 καὶ
1352 4514 1667 4584 Πνεῦματος.

1850 4517 2070 4566 lautum
2097 4505 2776 4581 explananthominibus
2797 4503 2899 4576 qui
2930 4507 3068 4557 sunt
3093 4499 3428 4573 partibiles;

86 4586 259 4667 Ὠσπερ
312 4596 397 4650 ἐπὶ
441 4601 505 4650 τὸ
548 4600 762 4673 κρύφιον
808 4603 899 4650 καὶ
947 4597 1298 4655 ἀκατανόητον
1339 4601 1672 4654 συστέλλεται

89 4687 146 4746 τῷ
180 4681 246 4735 ἑνὶ
294 4695 392 4749 τῆς
445 4689 738 4760 ὑπερφυοῦς
767 4684 899 4761 μηδ’
941 4687 1142 4761 ἐπινοίᾳ
1191 4693 1502 4762 στερουμένη
1547 4709 1672 4764 κρυ-

90 4773 323 4837 γιὸτητος.
370 4780 476 4828 Καὶ
513 4784 613 4828 τῶν
662 4775 920 4849 ὀνομάτων
975 4775 1203 4834 ἀλλήλων
1258 4774 1604 4850 διισταμένων
1637 4781 1665 4837 ἡ

86 4857 285 4931 ἆρρητος
334 4859 411 4916 δι’
462 4864 633 4916 αὐτῶν
681 4871 770 4919 καὶ
823 4864 1160 4940 ἀσυναίρετος
1205 4866 1518 4938 θεολογείται
1570 4876 1670 4920 τῶν

1779 4600 1986 4674 pateﬁt
2035 4599 2197 4656 enim
2249 4597 2602 4658 substantia,
2653 4609 2788 4667 qua:
2830 4607 3018 4664 supra
3053 4594 3338 4654 mentem,
3379 4597 3434 4646 et

1780 4705 1962 4761 supra
1992 4704 2234 4743 omnem
2266 4685 2865 4757 comprehensionem
2896 4685 3002 4744 est,
3038 4675 3433 4750 appellatione

1780 4778 1991 4846 Patris,
2041 4783 2096 4834 et
2138 4777 2260 4834 Filii
2305 4782 2360 4832 et
2402 4775 2651 4846 Spiritus
2693 4769 2904 4835 sancti,
2951 4768 3066 4837 (60)
3116 4768 3264 4823 sicut
3313 4783 3432 4822 uno

1779 4867 2002 4935 arcani,
2043 4866 2210 4940 quod
2262 4879 2443 4938 supra
2488 4867 2700 4918 natura
2737 4863 2846 4928 est,
2889 4864 2943 4915 et
2982 4871 3173 4928 neque
3212 4855 3435 4926 cogita-

1411 5018 1654 5075 VARIAS
1698 5019 2097 5077 LECTIONES.

142 5106 216 5165 tl.
242 5113 380 5165 εἴποι
405 5154 422 5170 .

1641 5216 1871 5274 NOT/E.

143 5331 251 5403 (58)
281 5333 362 5390 Et
390 5335 609 5393 nostris
639 5335 1073 5396 diversitati’bus
1093 5339 1154 5395 in
1186 5354 1371 5396 unum
1399 5341 1674 5397 convolu-

78 5399 153 5463 ίίε,
181 5399 275 5458 Kui
318 5415 424 5459 τῶν
451 5417 710 5480 μεριστῶν
739 5411 886 5482 ἡμῶν
925 5409 1232 5484 ἕτεροτὴτων
1264 5429 1580 5483 συμπτυσσο
1656 5442 1671 5451 -

79 5491 181 5527 νων.
216 5475 276 5531 Id
306 5485 402 5534 est
437 5494 451 5532 :
489 5499 517 5530 α
544 5482 609 5536 Et
639 5482 854 5537 nostris
884 5481 1333 5538 diversitatibus
1367 5498 1475 5538 seu
1504 5416 1671 5538 dig:-

79 5491 181 5527 νων.
216 5475 276 5531 Id
306 5485 402 5534 est
437 5475 463 5532 ε’
489 5475 609 5536 αἘι
639 5475 854 5537 nostris
884 5475 1342 5538 diversitatibus'
1367 5498 1475 5538 seu
1504 5475 1674 5538 difie-

82 5546 267 5604 tentiis

118 5618 252 5696 .(5?)

78 5689 168 5760 γὰρ
182 5690 251 5753 ὣς
279 5689 583 5769 ἁρεθμητὴν
609 5715 674 5769 φη
686 5714 760 5751 σι.

337 5564 428 5604 um
450 5562 586 5607 sunt
609 5551 952 5618 divisibiles,
968 5554 1029 5610 in
1047 5569 1237 5610 unum
1258 5553 1615 5609 convolutis.
1643 5574 1670 5606 ››

341 5622 424 5676 οη
476 5622 631 5680 enim
671 5628 734 5681 ta
821 5640 949 5681 uam
979 5624 1354 5682 numerabile
1380 5626 1545 5682 dicit.
1598 5628 1674 5678 Οὐ

341 5693 583 5751 ιιθμητὴν
609 5715 674 5751 οη
686 5640 857 5751 milia
889 5701 1008 5751 est:
1042 5698 1174 5751 Non
1195 5695 1356 5751 enim
1382 5701 1674 5751 tanquam

816 5694 857 5752 d
889 5701 1008 5754 est:
1042 5698 1174 5754 Non
1195 5695 1356 5754 enim
1382 5701 1675 5770 tanquam

1782 5337 2218 5396 numerabilem
2249 5336 2414 5402 dicit,
2450 5357 2474 5388 υ

1855 5412 1970 5483 (60),
1994 5410 2150 5465 Sicut
2184 5425 2300 5483 uno
2329 5399 2561 5483 arcani,
2596 5413 2703 5463 etc.
2734 5402 3068 5483 nominibus
3096 5399 3432 5483 signiﬁcan-

1785 5475 1903 5536 ίιεὶθ.
1949 5475 2151 5551 “(longe
2213 5479 2295 5532 ἐπὶ
2362 5484 2418 5532 τὸ
2470 5481 2681 5550 κρύφιον
2738 5482 2828 5529 καὶ
2883 5475 3256 5551 ᾳάκᾳτανοητον
3341 5491 3432 5523 συ-

1785 5553 2047 5606 στέλλεται
2094 5543 2165 5622 ra]:
2209 5551 2280 5604 ἐνί
2321 5561 2412 5612 τῆς
2451 5543 2741 5624 ὑπερφυοῦς
2791 5543 2921 5622 μηδ’
2975 5546 3175 5616 ἐπινοίᾳ
3213 5561 3431 5624 στερλουο

1785 5629 1907 5700 μένη
2013 5612 2413 5700 κρυιριότητοᾼςξ-
2472 5612 2562 5675 xui
2589 5612 2599 5622 ’
2655 5612 2801 5700 ira?ij
2850 5612 3162 5700 ὀνομάτων,’
3203 5612 3433 5699 ἀλλήλων

1787 5688 2133 5769 διισταμένωύ
2214 5697 2242 5754 ἡ
2322 5693 2542 5770 ἀῤῥητος
2597 5694 2667 5746 κι⁹
2724 5691 2890 5746 αὐτῶν
2936 5688 3037 5742 ’καὶ
3099 5688 3433 5757 ἀσυναὶρετις
