4026 6196
586 252 693 311 903

1802 245 2039 303 PHOTII
2077 238 2553 302 PATRIARCHAS
2594 246 2699 304 CP.
3745 252 3813 311 9m

582 380 742 436 tione
771 377 1065 440 firmatur,
1100 372 1466 429 contrahitur
1496 373 1555 429 in
1600 390 1887 431 arcanum
1929 390 1942 439 ;
1989 380 2044 428 et
2073 372 2226 443 quod

2344 376 2625 443 νοουμένων
2678 373 2945 443 συνάφεια,
2981 375 3071 423 καὶ
3116 373 3174 422 τὸ
3233 370 3547 430 ἀπλήθυντον
3580 375 3651 427 οὐχ
3687 376 3817 439 ἐξιστά-

582 464 1012 539 comprehendi
1049 478 1170 519 non
1211 466 1407 533 potest
1452 480 1465 530 ;
1500 468 1555 519 et
1596 463 1942 518 nominibus
1985 462 2135 516 inter
2174 476 2235 515 se

581 557 877 614 distinctis
911 553 1154 608 traditur
1180 551 1520 622 conjunctio
1554 554 1678 608 sine
1706 552 1984 624 synaeresi
2016 550 2094 616 (id
2127 555 2233 614 est,

582 645 983 702 contractione
1021 641 1435 712 personarum)
1477 657 1702 707 eorum,
1752 643 1851 713 qui
1889 638 2235 696 nominibus

583 734 1009 805 signiﬁcantur,
1040 735 1097 786 et
1127 729 1555 799 intelliguntur,
1584 736 1638 786 et
1672 730 1835 802 quod
1856 728 2234 801 multiplicari

2343 479 2490 531 μενον
2520 469 2614 522 τῆς
2656 460 2911 531 ἐνότητος,
2963 466 3199 535 πρόεισιν
3246 459 3571 524 ἁπληθύντως
3611 472 3657 536 τῇ
3706 466 3821 537 τριάδι

2343 548 2741 621 π)ηθυνόμενον’
2803 554 2891 601 καὶ
2944 553 3000 601 τὸ
3058 552 3147 621 μὲν
3200 552 3265 601 τὰ
3320 556 3440 623 τρία
3506 550 3737 623 βλαστάνει,
3783 562 3823 607 τὰ

2346 634 2404 689 δὲ
2456 648 2546 699 τῆς
2592 646 2683 691 τοῦ
2738 639 2842 700 ἑνὸς
2899 638 3189 700 ἁπλότητος
3254 644 3340 691 καὶ
3408 646 3653 713 συναφείας
3701 645 3742 694 οὗ
3776 643 3826 696 διο

2348 731 2575 782 ίσταται.

581 840 703 880 non
733 826 946 896 potest,
980 836 1099 876 non
1132 819 1417 874 recedens
1449 820 1525 875 ab
1558 822 1801 886 unitate,
1824 820 1943 875 exit
1968 819 2093 872 sine
2128 814 2635 886 multiplicatione,
2667 817 2922 873 trinitate
2946 816 3428 889 multiplicatum.
3465 820 3525 875 Et
3550 819 3642 875 hoc
3660 821 3827 892 quidem

580 929 770 970 unum
803 912 914 967 tria
946 909 1167 982 profert
1200 925 1212 973 ;
1246 909 1373 963 haec
1404 924 1540 964 vero
1572 909 1674 964 tria
1706 908 1779 964 ab
1818 908 1916 963 illa
1947 905 2323 977 simplicitate
2354 904 2530 959 unius
2566 910 2622 961 et
2650 905 3068 975 conjunctione
3099 921 3211 961 non
3240 912 3477 961 exeunt.

650 1000 1052 1067 Quamobrem
1101 1013 1232 1053 vere
1281 1002 1368 1052 est
1410 996 1995 1053 incommunicabilis
2054 996 2232 1062 Deus,

580 1091 723 1146 nihil
752 1091 911 1146 enim
938 1087 1233 1159 ejusmodi
1253 1087 1417 1143 estin
1441 1088 1760 1152 creaturis;
1794 1087 1843 1141 si
1875 1101 2015 1141 vero
2046 1100 2231 1139 unum

578 1184 811 1236 tantum
839 1185 1009 1243 esset,
1038 1177 1131 1232 vel
1158 1177 1291 1240 tria,
1323 1178 1472 1232 Deus
1504 1176 1764 1231 inﬁnitos
1794 1175 2041 1231 haberet
2091 1188 2235 1228 con-

583 1275 770 1325 sortes
786 1274 841 1324 et
854 1268 1058 1340 partici
1068 1282 1191 1339 pes,
1207 1266 1761 1337 demonstraretque
1776 1269 2043 1321 creatura
2064 1262 2230 1318 Crea-

2416 996 2502 1045 Διό
2531 998 2621 1045 καὶ
2652 992 2963 1051 ἁκινώνητον
2996 1006 3027 1046 α
3072 996 3136 1055 ὡς
3167 992 3368 1055 ἀληθῶς
3400 997 3424 1047 ὁ
3457 1002 3591 1057 Θεός·
3629 995 3741 1049 adde;
3766 1004 3830 1072 γάρ

2343 1088 2574 1134 τοιοῦτον
2619 1081 2667 1133 ἐν
2697 1090 2806 1143 τοῖς
2832 1086 3138 1154 κτίσμασιν’
3174 1084 3216 1136 εἰ
3266 1080 3324 1136 δὲ
3351 1086 3400 1136 ἐν
3430 1088 3573 1156 μόνον
3605 1082 3655 1143 ἦν
3686 1090 3709 1145 ἦ
3745 1092 3836 1159 τρία,

2342 1174 2399 1222 τὸ
2450 1177 2598 1223 Θεῑον
2652 1176 2867 1246 μυρίους
2942 1173 3002 1223 οἶν
3058 1177 3379 1244 συνεπείγετο
3432 1180 3673 1235 κοινωνοὺς
3715 1178 3834 1232 καὶὴ

2340 1265 2510 1320 κτίσις
2538 1263 2623 1312 τόν
2681 1266 2909 1319 κτίστην
2950 1257 3152 1314 ἐδείκνυ
3188 1270 3293 1323 τοῖς
3340 1262 3527 1325 ἑαυτῆς
3555 1270 3841 1336 συναπτόμενον

582 1364 769 1415 torem
802 1358 861 1413 in
892 1358 1013 1412 suis
1040 1355 1500 1428 proprietatibus
1532 1354 1911 1410 collocatum.

2344 1345 2648 1421 ἰδιωμασιν.

581 1466 899 1534 ΟΗᾸΞΞΤΙΟ
942 1462 1226 1519 CLXXXIV
1276 1462 1476 1532 [σοί-ει.
1520 1460 1751 1527 CCXIII,
1802 1462 1983 1517 Taur.
2025 1457 2226 1531 CCIV].

2886 1463 3201 1512 ΕΡΩΤΗΣΙΣ
3242 1462 3399 1513 ΡΠΔ’.

1292 1568 1522 1623 Eidem.

3008 1572 3091 1636 Τῷ
3118 1566 3277 1638 αὐτῷ.

1358 1675 1511 1723 Edita
1544 1689 1575 1723 a
1608 1675 1870 1734 Basnagio
1905 1674 1959 1734 (l.
1998 1688 2043 1722 c.
2081 1688 2131 1736 p,
2168 1672 2280 1727 433,
2314 1672 2446 1733 434).
2483 1699 2543 1708 -
2579 1673 2769 1722 Prioris
2804 1676 3157 1725 continuatio.

656 1776 825 1843 Quod
859 1776 904 1829 si
926 1775 1080 1829 Deus
1098 1776 1154 1829 et
1182 1772 1457 1829 divinitas
1486 1774 1548 1828 in
1582 1772 1885 1828 ominibus
1914 1776 2020 1838 est,
2041 1774 2097 1826 et
2122 1785 2227 1842 per
2267 1768 2308 1822 B

581 1867 788 1922 omnia
816 1868 982 1932 meat,
1017 1861 1165 1933 quid
1207 1862 1423 1916 mirum
1455 1865 1564 1929 est,
1605 1861 1655 1915 si
1693 1866 1749 1916 et
1780 1862 1839 1915 in
1880 1859 2227 1915 hominibus

580 1961 669 2011 est
698 1960 985 2024 tanquam
1019 1952 1222 2007 homo.
1242 1954 1379 2006 Esse
1402 1950 1581 2019 igitur
1602 1950 1660 2005 in
1679 1950 1984 2013 omnibus,
2007 1954 2131 2004 tum
2155 1964 2227 2002 ex

582 2044 733 2111 aliis,
790 2048 910 2097 tum
952 2057 1023 2096 ex
1062 2039 1291 2095 ratione
1331 2040 1646 2095 creationis
1689 2038 2051 2107 intelligitur,
2096 2052 2226 2093 esse

578 2150 715 2190 vero
760 2132 821 2187 in
850 2130 1205 2197 hominibus,
1251 2129 1627 2200 cognoscitur
1665 2144 1737 2183 ex
1763 2135 2076 2200 assumpta
2118 2127 2229 2182 hu-

578 2222 883 2286 manitate,
917 2236 1099 2291 quam
1143 2225 1380 2290 pr0pter
1419 2218 1766 2274 charitatem
1808 2232 1950 2286 erga
1989 2233 2095 2271 nos
2138 2233 2227 2271 as-

580 2310 852 2383 sumpsit,
898 2309 1009 2380 t6t)
1040 2313 1095 2363 et
1123 2314 1382 2371 exortus,
1429 2322 1611 2378 quem
1658 2306 1851 2378 cmpit,
1911 2305 2228 2378 participa-

580 2400 761 2464 tione,
804 2404 860 2452 et
924 2396 1347 2451 communione
1398 2400 1623 2459 nostra,
1692 2411 1829 2467 qua:
1898 2395 2223 2450 secundum

577 2487 868 2543 honorem
902 2490 1039 2556 post
1061 2485 1322 2555 primum
1354 2483 1499 2538 tulit.
1536 2486 1799 2549 Quorum
1830 2484 2078 2539 alterum
2106 2500 2227 2539 ma-

579 2591 693 2631 nus
745 2573 1028 2630 Creatoris
1092 2571 1305 2641 largita
1354 2579 1481 2636 est;
1527 2572 1773 2627 alterum
1820 2573 1945 2643 ipse
1998 2573 2074 2627 ad
2120 2589 2225 2627 nos

578 2663 840 2719 veniens.
882 2662 1039 2717 Sicut
1076 2661 1251 2732 igitur
1285 2660 1400 2731 (62)
1431 2660 1655 2726 omnia,
1689 2677 1827 2715 cum
1857 2676 1978 2716 non
2007 2664 2219 2726 essent,

579 2753 797 2808 creatio
822 2750 951 2821 ejus
978 2750 1113 2804 fecit
1136 2752 1193 2803 ut
1220 2754 1434 2811 essent,
1460 2748 1542 2803 sic
1571 2749 1770 2818 etiam,
1792 2750 1936 2821 quia
1952 2748 2225 2804 homines

579 2840 866 2911 singulari
900 2854 1081 2910 supra
1098 2838 1347 2892 aliarum
1373 2843 1779 2893 creaturarum
1802 2839 2076 2893 omnium
2095 2854 2225 2910 pro-

577 2930 942 2986 curationem
957 2926 1342 2999 providentite
1357 2924 1645 2981 beneﬁcio
1668 2926 1880 2993 affecit,
1902 2928 2006 2982 etsi
2020 2932 2226 2999 partus

577 3018 848 3089 Virginis,
903 3020 961 3072 et
1006 3016 1102 3071 ille
1139 3022 1323 3080 ortus,
1380 3014 1484 3087 qui
1536 3016 1805 3087 expromi
1858 3032 1979 3071 non
2034 3020 2227 3088 potest

2411 1770 2469 1822 Εἰ
2499 1772 2523 1821 ὁ
2552 1775 2682 1833 Θεὸς
2725 1778 2814 1824 καὶ
2858 1776 2886 1831 ἡ
2941 1776 3121 1835 θεότης
3166 1772 3213 1825 ἐν
3256 1780 3388 1827 πᾶσι
3438 1782 3542 1836 τοῖς
3571 1769 3674 1825 οὖσι
3696 1777 3764 1823 καὶ
3789 1768 3849 1822 διὰ

2336 1861 2560 1923 πάντων,
2612 1866 2662 1912 τί
2714 1863 3015 1931 θαυμαστόν
3071 1863 3113 1915 εἰ
3168 1868 3255 1915 καὶ
3304 1862 3351 1914 ἐν
3397 1862 3670 1937 ἀνθρώποις
3710 1864 3764 1922 ὡς
3798 1863 3851 1910 ἐι·

2339 1950 2580 2021 θρωπος;
2629 1954 2696 2001 Τό
2746 1954 2834 2022 μὲν
2890 1948 2975 2003 οὖν
3025 1952 3074 2003 ἐν
3107 1959 3265 2004 πᾶσιν
3310 1954 3441 2005 εἶναι
3479 1955 3538 2005 τά
3576 1972 3623 2004 τε
3662 1952 3764 2003 om:
3794 1954 3853 1998 ui

2336 2047 2426 2097 τῆς
2466 2034 2815 2111 δημιουργίας
2855 2041 2879 2091 ὁ
2924 2040 3076 2112 λόγος
3119 2040 3419 2105 ἐπίσταται,
3463 2046 3518 2094 τό
3548 2038 3602 2093 δὲ
3641 2040 3682 2091 ἐν
3711 2038 3860 2111 ἀνθρώ·

2337 2145 2451 2186 ποις
2502 2129 2528 2183 ἡ
2569 2123 2662 2179 διὰ
2709 2128 3092 2202 φιλανθρωπίαν
3145 2137 3236 2181 τοῦ
3284 2136 3571 2202 κτίσματος
3605 2126 3855 2203 πρόσληψις,

2338 2219 2427 2265 καὶ
2481 2222 2575 2276 τῆς
2626 2222 2908 2287 γεννήσεως
2968 2221 3029 2277 ἦν
3081 2218 3239 2281 αὐτὸς
3290 2221 3556 2278 ὑπέστησε
3594 2224 3759 2290 μεῖοχῇ
3801 2220 3863 2264 καὶ

2338 2308 2578 2375 κοινωνίᾳ
2631 2301 2871 2379 δευτέρας
2924 2305 2952 2346 h
3009 2315 3162 2379 τιμῆς
3230 2307 3591 2369 ἀπολαυούσας
3642 2309 3748 2379 μετὰ
3798 2310 3863 2357 τεν

2338 2399 2567 2465 πρωτην.
2629 2393 2724 2445 Ὧν
2782 2400 2874 2452 τήν
2928 2399 3018 2467 μὲν
3063 2398 3092 2454 ἡ
3152 2392 3484 2471 δημιουργός
3536 2401 3667 2470 χεὶρ,
3711 2398 3784 2451 τὴν
3825 2389 3864 2444 δὲ

2336 2480 2632 2552 προσελθὼν
2663 2484 2816 2545 αὐτὸς
2847 2484 3159 2558 ἐχαρίσατο.
3191 2485 3390 2560 Ὠσπερ
3438 2487 3523 2537 οὗν
3553 2483 3679 2537 διότι
3704 2486 3758 2534 τὰ
3780 2486 3867 2532 6m

2338 2572 2391 2621 ἐκ
2437 2576 2508 2641 μή
2558 2575 2709 2623 ὄντων
2758 2574 3023 2631 ὑπέστησε
3060 2579 3382 2647 Δημιουργὸν
3436 2576 3586 2627 αὑτὸν
3628 2568 3865 2644 λέγοντι)βὶ

2337 2664 2425 2710 καὶ
2451 2664 2690 2732 κρείττων
2722 2662 2890 2731 πολλῷ
2932 2660 3283 2736 δημιουργίας
3316 2666 3343 2722 ἠ
3392 2661 3634 2738 προοόος·
3674 2662 3784 2713 οὕτω
3806 2663 3867 2708 ιίὲ

2339 2745 2431 2801 διὰ
2472 2753 2528 2801 τὸ
2577 2754 2695 2811 τοὺς
2750 2750 3045 2825 ἀνθρώπους
3104 2752 3391 2826 ἐξῃρημένη
3449 2763 3547 2805 τῶν
3592 2751 3733 2804 ἄλλων
3772 2748 3867 2819 εὐερ-

2335 2845 2557 2907 γετῆσαι
2606 2845 2841 2913 προνοίᾳ,
2902 2841 2944 2893 εἰ
2991 2862 3079 2893 και
3128 2848 3370 2916 κρείττων
3421 2843 3562 2895 ἐστὶν
3604 2835 3871 2912 ἀνθρωπίντί

2335 2933 2615 2998 γεννήσεως
2671 2931 2695 2979 ὁ
2748 2932 2805 2980 ἐκ
2873 2932 3133 3005 Παρθένου
3186 2938 3356 2997 τόκος,
3418 2938 3507 2984 καὶ
3568 2933 3596 2989 ἠ
3665 2931 3872 3002 ἄφραστος

2335 3022 2594 3086 γέννησις,
2635 3021 2945 3089 γεννηθῆναι
2996 3020 3203 3093 λέγομεν
3260 3026 3345 3073 τὸν
3420 3024 3754 3097 προάναρχον,
3812 3018 3875 3065 καὶ

575 3106 795 3171 verbis,
836 3122 1021 3177 supra
1038 3110 1235 3160 ortum
1272 3104 1612 3159 humanum
1652 3110 1762 3169 est,
1789 3105 2056 3174 genitum
2099 3121 2223 3160 esse

2335 3104 2601 3177 ἄνθρωπον
2636 3114 2975 3181 χρηματίσαι
3018 3114 3103 3162 τόν
3144 3110 3390 3169 Ιίλοίστην
3442 3120 3538 3173 τῆς
3580 3114 3767 3181 φύσεως.
3794 3103 3873 3155 0'52

576 3196 832 3251 dicimus
878 3211 1032 3257 eum,
1068 3195 1172 3265 qui
1206 3210 1278 3249 ex
1318 3195 1638 3248 aeternitate
1669 3199 1775 3262 est,
1818 3200 1874 3249 et
1915 3194 2222 3249 hominem

576 3289 876 3347 vocatum,
912 3283 1016 3354 qui
1047 3288 1323 3338 naturam
1345 3282 1680 3337 humanam
1713 3282 1878 3337 tinxit
1910 3300 1976 3338 ac
2008 3282 2224 3339 forma-

572 3372 676 3428 vit.
703 3375 826 3427 Non
851 3371 1104 3425 facimus
1125 3370 1423 3426 hominem
1454 3373 1657 3437 Deum,
1687 3387 1899 3443 apage,
1928 3372 2041 3427 hoc
2068 3373 2222 3428 enim

572 3460 693 3515 fere
718 3459 840 3515 ﬁeri
870 3475 991 3514 non
1024 3464 1234 3529 potest,
1269 3468 1322 3512 et
1348 3459 1631 3528 judicium
1675 3461 1917 3516 rationis
1946 3461 2060 3516 hoc
2100 3477 2221 3516 non

570 3548 815 3620 patitur,
850 3547 952 3601 sed
988 3548 1171 3601 Deum
1192 3544 1543 3601 confitemur
1560 3549 1789 3603 venisse
1808 3554 1889 3614 ut,
1915 3549 2219 3604 hominem

571 3635 736 3709 quod
796 3634 967 3689 facile
1005 3639 1091 3690 est
1138 3636 1275 3705 Deo,
1332 3636 1434 3707 qui
1466 3641 1687 3692 natura:
1750 3642 1956 3693 auctor
1990 3637 2115 3701 fuit,
2160 3638 2218 3692 id

569 3725 733 3796 quod
748 3723 903 3778 illius
920 3724 977 3778 in
998 3739 1108 3778 nos
1131 3724 1432 3779 charitatis
1456 3725 1575 3780 vim
1607 3741 1894 3796 magnam
1911 3725 2216 3798 praedicat.

606 3830 926 3896 QUAESTIO
955 3832 1217 3886 CLXXXV
1246 3830 1448 3904 [CoisL
1494 3830 1720 3901 CCXIV,
1768 3835 1942 3888 Taur.
1978 3832 2182 3903 CCVI].

569 3938 681 4011 (63)
711 3938 1005 4007 Quomodo
1031 3938 1264 3994 omnino
1305 3939 1550 4010 cogitari
1573 3940 1751 4007 possit
1779 3942 1965 3996 Deum
1996 3956 2115 3998 esse
2138 3940 2219 3995 in-

1206 4016 1517 4067 carnatum
1554 4013 1581 4068 7

1206 4026 1517 4067 carnamm

2333 3192 2599 3268 ἄνθρωπον
2667 3198 2995 3269 θεοποιοῡμεν
3050 3198 3257 3270 (ἄπαγε’
3311 3196 3575 3252 ἀδύνατόν
3621 3218 3669 3250 τε
3707 3200 3791 3267 γὰρ
3829 3195 3876 3247 ὡς

2332 3281 2535 3345 ἀληθῶς
2585 3292 2757 3351 τοῦτο,
2809 3291 2897 3338 καὶ
2946 3286 3099 3357 λόγου
3157 3293 3330 3360 κρίσιν
3384 3290 3493 3361 οὐχ
3548 3285 3872 3359 ὑφιστάμην)

2332 3370 2459 3423 ἁὶλὰ
2540 3377 2668 3425 Θεὸν
2747 3373 3095 3447 ὁμολογοῦμεν
3164 3376 3431 3448 προελθεῖν
3496 3381 3563 3439 ὡς
3643 3374 3875 3445 ἄνθρωπον.

2330 3462 2450 3535 ὅπερ
2494 3462 2618 3535 ῥᾷόν
2668 3466 2722 3515 τέ
2778 3466 2892 3515 ἐστι
2939 3472 3052 3532 Θεῷ
3106 3474 3177 3536 τῷ
3217 3471 3307 3523 τήν
3359 3471 3523 3539 φύσιν
3572 3466 3876 3531 πλαστονῃεο

2332 3569 2503 3618 σαντι,
2557 3557 2646 3603 καὶ
2696 3551 2887 3610 πολλὴν
2967 3553 3345 3627 φιλανθρωπίας
3410 3556 3742 3631 ἀνακηρύττιι
3785 3546 3877 3601 διά-

2331 3640 2492 3697 θεσιν,

2863 3845 3173 3893 ΕΡΩΤΗΣΙΣ
3223 3841 3386 3895 ΡΠΕ’.

2330 3948 2441 4001 Ιιώς
2495 3940 2606 3994 ἐστι
2660 3939 2879 3995 δυνατόν
2952 3945 3079 4008 ὅλως
3145 3949 3322 3999 ἔννοεῐν
3383 3952 3448 4000 τό
3510 3955 3655 4003 Θείον
3722 3962 3880 4017 σαρκωο

3042 4019 3212 4085 aﬂuat;

1706 4118 1860 4169 Edita
1894 4132 1925 4169 ο.
1959 4118 2226 4184 Basnagio
2264 4121 2320 4169 (l.
2356 4134 2400 4169 c.
2440 4136 2489 4184 p.
2528 4122 2634 4177 434,
2675 4123 2802 4184 435).

636 4206 947 4263 Neminem
987 4206 1263 4262 existimo
1318 4206 1398 4262 ita
1439 4224 1475 4261 a
1522 4208 1727 4263 divina
1779 4208 2213 4266 illuminatione

563 4310 832 4362 vacasse,
868 4300 928 4352 ut
950 4311 1071 4351 non
1104 4295 1239 4351 sitei
1263 4294 1525 4362 insitum,
1554 4301 1612 4353 et
1639 4298 1947 4353 communi
1970 4299 2213 4354 notione

2395 4217 2529 4262 Θεοῦ
2587 4214 2676 4283 μὲν
2731 4209 2853 4265 οὐδὲ
2912 4214 3050 4277 θείας
3093 4213 3392 4289 mentm;
3442 4216 3637 4272 οὐδένα
3684 4222 3883 4269 τοσοῦτον

2322 4303 2657 4372 κεκενωμένου
2704 4298 2831 4355 εἶναι
2880 4304 3098 4376 νομίζω,
3133 4307 3184 4366 ὃς
3232 4312 3304 4377 μὴ
3370 4314 3654 4381 πανταχοῦ
3696 4307 3887 4376 παρεῖναί

1904 4423 2136 4479 νΑῆΙῶ
2192 4424 2477 4481 LECTION
2486 4426 2585 4481 ES.

635 4558 662 4600 8
694 4546 732 4603 l.
775 4546 1143 4606 ἀκοινώνητον.
1183 4548 1214 4590 Ῑι
1244 4546 1283 4602 1.
1319 4543 1535 4623 δευτέρα
1564 4548 1624 4604 in
1654 4548 2035 4605 nominativo.
2068 4551 2084 4593 ί
2123 4548 2162 4605 1.
2193 4548 2534 4623 ἀνθρωπίνης.

2109 4664 2344 4721 NOTIE.

562 4766 874 4839 θεολογεῖται
927 4777 1023 4842 τῷν
1064 4774 1345 4841 νοουμένων
1394 4772 1662 4842 συνάφεια.
1694 4771 1752 4825 Id
1795 4776 1881 4826 est
1924 4787 1937 4826 :
1981 4792 2007 4823 α
2045 4771 2203 4827 Sicut

559 4854 665 4912 per
680 4841 962 4912 unitatem
982 4841 1037 4895 in
1057 4843 1353 4897 occultum
1380 4848 1431 4895 et
1454 4841 1643 4895 ineom
1656 4842 2047 4912 prehensibile
2062 4859 2205 4897 con-

559 4910 810 4989 trahitur
840 4912 962 4989 [Dei
1005 4914 1355 4989 substantia]
1401 4930 1471 4966 ne
1505 4930 1609 4983 per
1639 4910 1926 4989 subtilem,
1958 4915 2201 4986 quidem

558 4983 780 5056 mentis
804 4983 1218 5056 cogitationem
1241 4985 1471 5054 privata
1495 4986 1929 5056 supernaturali
1952 4983 2195 5047 secreto.

559 5059 613 5106 et
646 5051 941 5129 dis-tinctis.
967 5055 1123 5129 int_er‘
1147 5073 1205 5129 se
1240 5051 1603 5119 nominibus,
1639 5072 1743 5129 per
1772 5072 1834 5109 ea
1872 5057 2200 5125 theologica

557 5124 910 5205 praedicatur
931 5124 1244 5205 ineﬂ‘abilis
1280 5124 1781 5205 etcentI-acti'onis
1814 5142 2056 5205 e‘;_spet‘s
2088 5145 2199 5203 con

553 5194 786 5267 junctio
812 5210 1022 5267 eorum
1052 5198 1154 5265 qui
1188 5197 1596 5263 signiﬁcantur
1626 5204 1681 5252 et
1718 5194 2143 5267 intelliguntur.
2169 5218 2198 5252 ι

630 5265 742 5335 (61)
782 5265 872 5339 ΑΕι
907 5273 1169 5329 exortus,
1217 5269 1324 5322 εἰς.
1366 5270 1526 5325 tulit.
1576 5274 1675 5321 Καὶ
1706 5278 1796 5330 τῆς
1826 5265 2110 5339 γεννήσεως
2139 5274 2197 5330 ἦν

557 5335 713 5397 αὐτός
771 5337 1051 5415 ὑπέστησε,
1151 5343 1347 5409 μετοχὴ
1446 5345 1536 5391 καὶ
1633 5335 1893 5406 κοινωνία,
1959 5338 2199 5415 δευτέρας

555 5415 711 5483 τιμῆς
797 5404 1166 5483 ἀπολαυούσης
1250 5404 1377 5480 μετὰ
1450 5414 1544 5468 τήν
1605 5418 1833 5483 πρωτην.
1879 5404 1966 5467 νΙά
2036 5404 2123 5470 est
2181 5432 2193 5470 ι

554 5481 571 5516 ¹
601 5482 674 5554 _Et
712 5494 780 5554 ex
806 5478 1269 5554 participatione
1310 5496 1379 5535 ac
1411 5478 1837 5554 communione
1867 5486 2197 5554 generatio-

555 5551 645 5605 nis
685 5549 762 5605 ab
801 5549 932 5629 ipso
972 5549 1145 5629 factas
1184 5566 1314 5629 quae
1355 5553 1694 5629 secundum
1730 5549 2019 5629 honorem
2062 5562 2197 5629 post

549 5638 812 5703 primam
853 5622 1013 5680 illam
1050 5622 1433 5694 [creationem
1474 5624 1768 5700 videlicet]
1804 5627 1950 5683 tulit.

2384 4769 2882 4851 'l‘urrianuslegit
2921 4770 2981 4827 in
3022 4772 3282 4851 ablativo
3320 4787 3538 4851 μετοχῇ
3582 4784 3638 4834 et
3667 4790 3882 4851 acuum}.

2316 4842 2417 4895 sed
2460 4842 2764 4921 sequentia
2795 4842 3011 4921 docent
3056 4842 3380 4916 legendum
3435 4842 3596 4916 esse,
3636 4852 3813 4921 μετοχή
3846 4846 3885 4894 el

2309 4918 2568 4971 κοινωνία.
2594 4916 2652 4966 in
2694 4916 3087 4973 nominativo.

2377 4986 2492 5055 (6‘2)
2542 4984 2714 5040 Sicut
2746 4986 2930 5054 igitur
2980 4989 3182 5044 omnia
3214 5005 3345 5045 cum
3380 5008 3507 5047 non
3536 4996 3741 5053 essent,
3765 5002 3882 5043 crea-

2308 5057 2385 5134 tio
2404 5058 2531 5134 ejus
2547 5056 2687 5134 fecit
2707 5065 2769 5111 ut
2792 5064 2999 5112 essent.
3018 5057 3218 5134 Ὠσπερ
3243 5058 3329 5134 οὖν
3355 5060 3512 5115 διοτι
3541 5068 3606 5116 τὰ
3626 5068 3739 5115 ὄντα
3762 5058 3807 5134 ἐκ
3826 5061 3876 5125 με

2307 5130 2459 5177 ὄντων
2510 5128 2812 5207 {mser-par,“
2855 5128 3197 5203 Δημιουργόν
3242 5133 3401 5185 αὐτὸν
3466 5135 3679 5207 λέγομεν
3736 5132 3773 5185 εἰ
3815 5146 3879 5179 ιιι

2305 5204 2547 5277 κρείττων
2578 5198 2746 5269 πολλῷ
2772 5192 3134 5277 ’δημιουργίας
3156 5206 3183 5260 ἡ
3216 5202 3477 5277 πρόοδος.
3512 5192 3691 5263 111.85!
3728 5224 3797 5277 :‘K

2305 5276 2405 5323 cut
2434 5271 2634 5341 igitur,
2682 5271 2827 5341 quia
2856 5271 3185 5330 creaturas
3237 5271 3309 5330 ex
3363 5278 3568 5334 nihilo
3627 5273 3873 5341 modum»

2304 5340 2587 5467 opiﬁcem
2618 5340 2820 5410 ipsum
2860 5342 3138 5423 dicimus,
3178 5350 3467 5417 quamvis
3512 5340 3740 5431 opiﬁcio
3763 5356 3879 5420 quo-

2304 5410 2339 5466 ll
2391 5416 2444 5465 et
2472 5410 2648 5467 10026
2680 5418 3052 5467 praestantior
3083 5417 3157 5467 sit
3190 5419 3555 5467 huiusmndi
3589 5419 3871 5467 nmdnctto.

2302 5410 2444 5492 libet
2472 5410 2648 5491 longe
2680 5415 3052 5492 praestantior
3083 5410 3157 5473 sit
3189 5410 3571 5492 hujusmodi
3588 5410 3871 5492 productio.

2374 5482 2695 5557 Turriantis
2718 5482 2811 5557 hic
2836 5486 3137 5557 quaepiam
3177 5482 3400 5546 omisit.

2374 5554 2485 5627 (63)
2516 5544 2611 5611 Est
2637 5544 3211 5627 quinta'dissertatio
3240 5544 3418 5635 apud
3442 5562 3810 5636 BasnaginnL
