4116 6194
254 315 361 374 905

1040 315 1133 371 ΑΙ)
1170 316 1722 374 AMPHILOCHIUM
1763 316 2086 386 QUESTIO
2127 320 2802 381 CLXXXIV-CLXXXVI.

3501 325 3608 386 906

256 445 312 494 τὸ
337 447 487 496 Θεῖον
515 435 866 507 ἀδιαστάτως,
901 437 1040 513 μηδὲ
1067 444 1132 494 τά
1171 444 1340 496 πάντα
1366 443 1614 516 πληροῦν,
1647 442 1845 517 ἐμφὺτῳ

1959 447 2370 520 anticipatum,
2404 452 2592 506 Deum
2632 465 2758 506 esse
2791 447 3010 520 ubique
3053 449 3179 506 sine
3213 449 3331 507 ulla
3357 450 3608 508 interca-

255 535 344 583 καὶ
393 539 537 603 κοινῇ
589 530 862 583 κατελαϐεν
907 530 1194 603 ἀντιλήψει.
1239 533 1298 586 Εἰ
1341 529 1400 585 δὲ
1431 540 1561 586 πᾶσι
1603 536 1852 608 πάρεστιν

255 622 282 672 ό
339 623 462 681 Θεὸς
519 627 628 681 τοῖς
667 616 834 686 οὖσιν,
887 617 1036 674 οὐδὲν
1088 630 1177 682 τῆς
1225 624 1515 695 ὑπερφυοῦς
1558 623 1717 675 αὑτοῦ
1763 626 1852 694 φὺ-

258 728 389 771 σεως
433 708 488 761 ix
539 717 634 770 τῆς
677 713 795 780 περὶ
839 712 903 762 τά
957 706 1406 784 δημιουργήματα
1451 711 1608 764 αὑτοῦ
1659 731 1854 784 παρου-

257 804 378 860 σίας
452 798 934 870 συναλλοιουμένης,
1002 798 1201 852 ἐκείνων
1279 799 1667 873 ἀλλοιουμένων,
1736 800 1853 852 οὑτε

253 895 363 950 τοῖς
411 889 529 939 καθ’
573 886 830 940 ὑπόϐασιν
873 887 1043 962 ἐτέρου
1088 892 1218 964 πρὸς
1255 889 1422 961 ἕτερον
1465 889 1851 961 ἑλλαττὼμασιν

259 977 745 1050 συνελαττουμένης,
796 974 920 1030 οὐδὲ
964 984 1076 1038 ταῖς
1128 977 1176 1030 ἐν
1230 985 1336 1038 τοῖς
1388 983 1672 1050 κτίσμασιν
1726 977 1850 1030 ἀνα-

254 1071 538 1139 φυομέναις
583 1066 791 1124 κηλῖσιν
848 1065 1260 1140 ἐνυϐριςομένης,
1317 1067 1427 1120 ἀλλ’
1481 1068 1531 1120 ἐν
1574 1075 1635 1139 τῇ
1689 1066 1851 1140 ἀφρά-

255 1174 364 1226 στῳ
408 1159 500 1208 καὶ
543 1157 867 1229 ἀπερινοήτῳ
908 1163 1000 1216 τῆς
1052 1161 1436 1230 μακαριότητος
1483 1158 1718 1229 ὑπεροχῇ
1762 1162 1851 1209 καὶ

253 1243 510 1307 ἀπαθείας
565 1242 974 1319 ὑπεριδρυμένος
1039 1248 1260 1318 πάρεστί
1310 1265 1365 1298 τε
1411 1253 1519 1306 τοῖς
1569 1242 1709 1308 οὑσι,
1762 1251 1852 1298 καὶ

256 1338 470 1406 συνέχει
508 1341 678 1387 ταῦτα
703 1339 794 1386 καὶ
826 1332 1055 1406 διεξάγει
1081 1356 1092 1368 ·
1125 1343 1234 1395 πῶς
1281 1333 1340 1386 ἂν
1389 1330 1645 1387 ἀδύνατον
1685 1339 1784 1399 εἴη,
1817 1339 1846 1392 ἦ

251 1442 368 1475 τινα
416 1428 564 1496 φέρον
613 1422 781 1498 ὑϐριν,
813 1432 886 1494 τῷ
934 1423 1233 1496 ἀνθρωπίνῳ
1276 1431 1515 1496 παρεῖναι
1562 1425 1848 1496 φυράματι,

252 1517 342 1565 καὶ
396 1517 490 1570 τήν
563 1511 853 1587 ἀπόρρητον
919 1514 1078 1564 αὑτοῦ
1135 1511 1520 1586 φιλανθρωπίαν
1576 1519 1665 1566 καὶ
1721 1517 1850 1586 πρόο

248 1620 395 1654 νοιαν
444 1598 538 1654 διὰ
588 1609 683 1663 τῆς
734 1606 1044 1674 σαρκώσεως
1101 1598 1501 1669 ἐπιδείξασθαι;
1550 1602 1737 1674 μᾶλλον
1793 1598 1850 1654 δὲ

247 1698 360 1752 πῶς
399 1690 458 1742 οὐ
505 1689 659 1742 καλόν
684 1707 697 1755 ;
727 1697 843 1752 Πῶς
875 1686 934 1760 ,δ’
974 1689 1080 1761 οὐχ
1119 1687 1372 1765 ἁρμόδιον
1402 1709 1414 1758 ;
1445 1690 1577 1744 Ἀλλ’
1629 1693 1653 1743 ό
1699 1690 1849 1762 λόγος

247 1781 422 1840 οὗτος.

321 1867 479 1930 Ἴσως
528 1869 589 1920 ἄν
641 1888 722 1930 τις
769 1869 1154 1942 ὑποκρούσειεν,
1205 1867 1264 1920 οὑ
1320 1873 1474 1939 μόνον
1522 1867 1847 1941 ἐνανθρωπή-

247 1976 343 2009 σαι
383 1961 440 2010 τὸ
471 1963 621 2010 Θιῖον
653 1964 850 2031 φρονεῖν
899 1959 1220 2022 ὑποτίθεται,
1252 1955 1380 2009 ἀλλά
1408 1962 1498 2010 καὶ
1541 1965 1640 2010 τῶν
1679 1955 1844 2008 ἄλλων

241 2045 483 2098 ἁπάντων
537 2048 839 2118 κτισμάτων
902 2050 996 2104 τὴν
1055 2049 1209 2116 φύσιν
1261 2047 1514 2110 ὑπελθεῖν,
1566 2051 1656 2098 καὶ
1713 2050 1843 2119 πρὸς

240 2134 494 2188 οὐσίωσιν
550 2131 925 2197 ἀναδέξασθαι.
988 2134 1142 2188 Ἀλλά
1193 2153 1251 2206 γε
1309 2143 1407 2196 σῆς
1454 2144 1549 2196 τῆς
1607 2132 1843 2197 διανοίας

238 2227 303 2276 τὸ
353 2227 651 2297 εὔστροφον,
704 2225 730 2275 ό
776 2229 1003 2294 γενναῖος
1035 2223 1076 2285 j,
1119 2219 1522 2295 ἀποδεχόμενος,
1574 2223 1668 2276 οὐκ
1712 2223 1844 2276 ἀπο-

240 2309 480 2384 δέχομαι
539 2321 634 2374 τῆς
693 2311 848 2372 ἄλλης
909 2310 1168 2376 ἐπιϐολῆς,
1228 2313 1308 2364 ὅτι
1371 2317 1443 2383 μή
1518 2314 1698 2365 θᾶττον
1751 2312 1840 2365 ἐπ-

239 2407 403 2474 έγνως
451 2397 590 2474 μηδὲ
653 2407 954 2476 προσέσχες
1012 2399 1197 2472 βιαίως
1250 2407 1345 2458 τήν
1420 2400 1644 2474 ἔξαρχῆς
1699 2405 1840 2455 θέσιν

239 2491 628 2564 ἐξαρνούμενος.
676 2491 735 2544 '0
785 2495 883 2563 γὰρ
958 2487 1212 2542 ἀδύνατον
1281 2486 1656 2563 διατεινόμενος
1711 2495 1839 2544 Θεὸν

241 2582 596 2653 σαρκοῦσθαι,
641 2585 731 2632 καὶ
790 2579 1114 2654 ἀνθρωπίνην
1180 2584 1382 2652 μορφήν
1458 2577 1836 2653 ἀναδέχεσθαι,

236 2677 492 2723 ¹ιοσοῡτον
537 2665 632 2722 διὰ
684 2679 777 2731 τῆς
831 2667 1078 2742 δευτέρας
1134 2669 1352 2743 ἀπορίας
1397 2675 1630 2741 φαίνεται
1687 2679 1838 2723 τοῦτο

239 2758 625 2831 συνομολογῶν,
658 2761 725 2820 ὡς
763 2755 887 2811 οὑδὲ
924 2768 1023 2810 τῶν
1074 2757 1240 2811 ἄλλων
1285 2761 1583 2830 κτισμάτων
1632 2756 1838 2820 οὐδενὸς

235 2853 335 2907 τὴν
384 2850 538 2920 φύσιν
586 2845 852 2900 ἀναλαϐεῖν
901 2849 1054 2900 αὑτὸν
1104 2845 1458 2919 ἀποφαίνεται,
1504 2853 1594 2900 καὶ
1641 2850 1667 2900 ὁ
1719 2848 1838 2900 καθ’

237 2937 351 2999 ἰνὸς
401 2938 530 3010 ὁρῶν
580 2939 637 2988 τὸ
687 2933 941 2989 ἀδύνατον
983 2939 1118 2989 κατά
1159 2937 1362 2988 πάντων
1406 2937 1535 3007 όμοῡ
1584 2940 1642 2988 τὸ
1682 2933 1838 2988 δυνα-

232 3029 327 3078 τὸν
375 3023 665 3096 ἐψηφίσατο
694 3045 706 3058 ⁸
741 3027 874 3078 ὥστε
921 3029 980 3078 τὸ
1031 3022 1252 3078 δυνατὸν
1299 3020 1426 3076 εἶναι
1469 3027 1590 3077 Θεὸν
1633 3043 1838 3098 σαρκω-

1881 1749 1925 1803 Β

1958 536 2193 606 pedine,
2225 539 2564 611 replereque
2622 540 2843 596 omnia.
2903 538 3073 604 Quod
3115 540 3161 594 si
3201 539 3260 594 in
3327 541 3606 596 omnibus

1958 624 2137 680 rebus
2167 627 2336 684 adest
2371 631 2540 694 Deus,
2573 630 2684 701 (64)
2721 627 2887 684 nulla
2923 629 3250 685 mutatione
3283 629 3434 686 facta
3474 646 3610 701 pro-

1959 719 2086 784 pter
2110 717 2487 786 praesentiam
2516 717 2784 788 ejusdem
2811 717 2870 771 in
2896 716 3096 783 rebus,
3126 733 3234 773 nec
3267 717 3384 773 ulla
3413 719 3606 774 varia-

1957 802 2113 857 tione
2144 810 2333 860 status
2359 806 2420 860 in
2451 823 2587 862 eum
2633 805 2892 872 inducta,
2917 822 2987 862 ex
3020 822 3110 874 eo,
3129 808 3288 879 quod
3318 807 3414 862 alii
3455 807 3609 863 infra

1958 890 2105 946 alios
2131 893 2266 958 sint,
2326 909 2437 950 nec
2490 894 2609 950 ulla
2661 895 3022 951 contumelia
3065 911 3315 967 aspersa
3369 900 3609 970 propter

1958 981 2405 1054 maculas,quae
2446 983 2504 1038 in
2541 983 2825 1040 creaturis
2870 983 3092 1054 insunt,
3126 984 3270 1056 quin
3303 985 3501 1057 potius
3544 985 3608 1041 in

1957 1067 2064 1126 illa
2091 1069 2476 1127 beatitudinis
2504 1072 2867 1138 excellentia,
2902 1089 3092 1145 neque
3120 1073 3257 1136 dici,
3292 1089 3402 1130 nec
3433 1072 3605 1130 intel-

1955 1157 2057 1227 ligi
2105 1165 2318 1231 potest,
2376 1177 2560 1234 supra
2603 1178 2791 1235 quam
2839 1179 2974 1235 quin
3026 1163 3227 1234 eloqui
3275 1163 3429 1229 licet,
3493 1163 3607 1220 col-

1957 1247 2188 1304 locatus
2217 1250 2495 1305 omnibus
2533 1267 2794 1322 praesens
2833 1252 3090 1316 interest,
3132 1255 3188 1306 et
3218 1252 3422 1308 omnia
3471 1267 3610 1308 con-

1959 1337 2167 1392 tinetet
2182 1338 2478 1406 gubernat
2503 1340 2840 1410 ;quomodo
2871 1339 3047 1395 fuerit
3076 1339 3468 1412 impossibile,
3503 1344 3609 1396 aut

1956 1427 2263 1497 quomodo
2276 1428 3082 1494 contumeliosum,adessein
3095 1429 3363 1484 humana
3377 1444 3606 1496 massa,

1957 1520 2013 1570 et
2045 1531 2220 1572 suam
2263 1516 2611 1572 charitatem
2655 1517 2967 1587 majorem,
3020 1534 3203 1589 quam
3239 1523 3301 1574 ut
3351 1517 3606 1590 exprimi

1955 1610 2154 1675 queat,
2189 1612 2244 1659 et
2264 1605 2701 1676 providentiam
2727 1621 2831 1675 per
2859 1606 3329 1662 incarnationem
3361 1606 3610 1662 demon-

1957 1697 2174 1748 strasse
2204 1693 2232 1748 ?
2264 1693 2407 1764 quin
2435 1694 2557 1748 imo
2589 1693 2893 1764 quomodo
2912 1709 3035 1748 non
3065 1694 3356 1764 Optimum
3390 1699 3499 1759 est,
3551 1696 3608 1750 et

1955 1780 2366 1852 aptissimum.
2405 1781 2517 1837 Sed
2539 1781 2666 1837 haec
2705 1782 2994 1838 hactenus
3024 1782 3160 1854 (63).

2029 1871 2312 1926 Fortassis
2344 1870 2558 1942 aliquis
2591 1886 2820 1934 eorum,
2863 1871 2969 1942 qui
3007 1871 3478 1927 incarnationem
3505 1871 3608 1926 Dei

1955 1957 2411 2030 impossibilem,
2454 1964 2511 2014 et
2543 1962 2658 2014 Deo
2686 1959 2992 2030 indignam
3046 1965 3343 2031 reputant,
3386 1959 3607 2015 refellet

1953 2063 2109 2114 eam,
2144 2049 2403 2104 sentiens
2434 2064 2554 2103 non
2583 2048 2780 2104 solum
2806 2052 2987 2103 Deum
3019 2049 3244 2105 factum
3265 2065 3393 2104 esse
3414 2049 3607 2105 homi-

1952 2152 2111 2202 nem,
2140 2136 2244 2192 sed
2282 2136 2462 2192 etiam
2485 2137 2749 2192 omnium
2780 2137 3034 2192 aliarum
3062 2143 3468 2193 creaturarum
3505 2136 3606 2192 na-

1953 2230 2145 2282 turam
2189 2225 2461 2290 subiisse,
2518 2231 2574 2280 et
2627 2228 2752 2299 πρὸς
2818 2225 3068 2278 οὑσίωσιν
3122 2222 3484 2291 ἀναδέξεσθαι,
3544 2227 3606 2282 id

1950 2320 2056 2379 est,
2084 2331 2185 2370 eas
2216 2315 2291 2373 ad
2342 2317 2453 2386 (66)
2491 2314 2942 2370 substantialem
2972 2315 3256 2371 unionem
3287 2317 3600 2388 recepisse.

1951 2405 2065 2460 Sed
2104 2419 2214 2474 age
2245 2408 2325 2469 tu,
2367 2403 2458 2458 vir
2498 2403 2911 2466 valentissime,
2945 2404 3058 2475 (67)
3097 2405 3202 2476 qui
3246 2405 3462 2460 mentis
3489 2409 3604 2460 tum

1949 2492 2184 2548 facilem
2200 2492 2586 2549 mobilitatem
2603 2491 3123 2564 amplecteris,non
3139 2493 3410 2565 approbo
3425 2492 3602 2549 aliam

1950 2581 2392 2650 cogitationem,
2414 2581 2557 2652 quia
2579 2597 2700 2636 non
2723 2581 3023 2650 agnovisti
3046 2581 3183 2646 cito,
3213 2582 3326 2653 (68)
3354 2597 3465 2637 nec
3494 2581 3606 2638 ad-

1948 2669 2170 2725 vertisti
2199 2669 2390 2736 ﬁrme,
2422 2669 2588 2742 quod
2612 2686 2647 2725 a
2671 2669 2962 2741 principio
2993 2671 3256 2740 positum
3288 2669 3416 2739 fuit,
3439 2669 3602 2742 quod

1948 2774 2157 2828 negas.
2187 2759 2291 2824 Qui
2331 2759 2492 2814 enim
2518 2759 2824 2814 contendit
2853 2758 3221 2829 impossibile
3250 2775 3382 2814 esse
3415 2761 3600 2814 Deum

1947 2864 2186 2904 carnem
2199 2847 3024 2919 assumpsisse,ethumanam
3037 2845 3296 2903 formam
3310 2847 3599 2912 induisse,

1951 2954 2137 3008 usque
2155 2937 2307 2993 adeo
2321 2935 2550 2991 videtur
2561 2936 2676 2992 hoc
2694 2951 2798 3007 per
2811 2935 3142 2991 secundam
3160 2935 3598 2991 dubitationem

1948 3027 2231 3096 conﬁteri,
2285 3031 2341 3080 et
2380 3025 2797 3096 comprobare,
2844 3027 2950 3097 (69)
3003 3029 3064 3078 ut
3095 3023 3452 3094 pronuntiet,
3487 3039 3598 3080 nec

234 3116 414 3179 θῆναι,
474 3109 598 3166 οὑδὲ
651 3118 795 3186 παρά
852 3118 936 3168 σοὶ
990 3123 1090 3167 τῶν
1147 3111 1416 3166 ἀδυνάτων
1484 3113 1835 3185 φιλολογοῦντι

1956 3119 2226 3171 naturam
2259 3114 2434 3170 ullius
2475 3117 2757 3168 creaturae
2798 3129 2868 3167 ex
2923 3112 3206 3167 omnibus
3266 3111 3397 3166 aliis
3437 3128 3597 3167 sum-

231 3205 416 3274 εὑρεθή
427 3221 593 3257 σεται.

769 3490 1082 3539 Epamst
1121 3484 1302 3567 Ρῐις.
1327 3459 1341 3474 Χ

708 3650 852 3698 Διατί
880 3648 1009 3706 Θεὸς
1037 3646 1310 3718 ἑσαρκώθη
1336 3664 1351 3713 ;

1945 3203 2152 3273 psisse,
2178 3207 2234 3257 et
2258 3201 2364 3274 qui
2384 3201 2445 3256 in
2471 3216 2589 3255 uno
2616 3200 2784 3256 vides
2813 3199 2928 3256 hoc
2957 3198 3350 3271 impossibile,
3383 3215 3594 3255 rursus

1943 3290 2224 3362 possibile
2237 3306 2365 3347 esse
2389 3293 2574 3345 Deum
2605 3288 3004 3360 assumpsisse
3027 3303 3271 3344 carnem
3306 3288 3367 3343 in
3405 3289 3596 3345 omni-

1941 3380 2056 3436 bus
2073 3380 2414 3450 simul,quaa
2437 3393 2545 3433 nec
2567 3376 2730 3450 apud
2751 3383 2804 3431 te
2823 3381 2962 3432 sunt
2982 3375 3591 3449 impossibilia,vides.

2209 3487 2524 3552 QU/ESTIO
2553 3484 2846 3541 CLXXXVI
2878 3484 3076 3552 [CoisL
3107 3483 3303 3540 CCXV.

2502 3484 2846 3542 )CLXXXVI
2906 3485 3029 3540 Cois

2502 3558 2682 3614 Taur.
2714 3484 3030 3628 CCVlEmO)

2213 3646 2407 3713 Quare
2436 3647 2592 3702 Deus
2623 3660 2854 3702 carnem
2883 3645 3261 3715 assumpserit
3291 3645 3318 3698 ?

961 3743 1114 3793 Edita
1139 3757 1171 3792 a
1203 3743 1464 3807 Basnagio
1489 3744 1544 3806 (1.
1577 3758 1621 3794 c.
1656 3759 1704 3807 p.
1742 3747 1854 3802 455,
1883 3747 2013 3808 456).
2049 3772 2110 3782 -
2139 3745 2212 3794 De
2241 3745 2416 3794 causis
2439 3743 2844 3799 incarnationis,

299 3821 516 3883 Ἐπειδὴ
564 3823 675 3877 λίαν
722 3823 904 3895 ὀλίγων
949 3824 1060 3877 ἐστὶ
1101 3821 1192 3876 διὰ
1232 3833 1321 3875 νοῦ
1365 3830 1451 3878 καὶ
1500 3827 1714 3899 θεωρίας
1755 3826 1825 3889 εἰς

2008 3826 2156 3893 Quia
2208 3840 2643 3898 perpaucorum
2695 3832 2782 3879 est
2838 3823 3334 3896 contemplatione
3372 3823 3588 3880 mentis

1578 3915 1808 3972 VARUE
1846 3915 2236 3974 LECTIONES

1823 4061 2046 4118 NOTAE.

300 4007 315 4050 ι
361 3987 404 4043 I.
435 3987 475 4039 ὦ
499 3993 743 4059 γενναῖος.

298 4147 411 4220 (64)
432 4147 622 4204 Nulla
646 4146 972 4220 mutatione
987 4147 1175 4216 facta,
1198 4151 1305 4202 etc.
1327 4145 1491 4220 iri/ra
1511 4147 1661 4203 alios
1681 4148 1820 4202 sint.

221 4216 401 4292 φῦδεν
443 4227 536 4280 τῆς
584 4219 876 4292 ὑπερφυοῦς
914 4217 1072 4269 αὑτοῦ
1119 4220 1314 4291 φύσεως
1357 4216 1412 4268 ἐκ
1460 4225 1555 4292 τῆς
1603 4224 1716 4292 περὶ
1761 4222 1825 4270 τὰ

223 4289 689 4376 δημιουργήματα
726 4289 910 4342 αὑτοῦ
977 4289 1303 4376 παρουσίας,
1344 4289 1818 4376 θσυζαλλοιοὺμένη,

218 4360 436 4417 ἐκείνων
457 4360 846 4434 ἀλλοιουμένων,
880 4364 996 4414 οὔτε
1037 4360 1156 4435 τοῖς⁸
1189 4360 1303 4412 κατ’
1335 4360 1591 4412 ὑπόϐασιν
1622 4361 1818 4435 ἑτέρου,
1853 4364 1897 4418 Ι)

220 4438 357 4509 πρὸς
407 4436 573 4508 ἕτερον
628 4431 974 4505 ἐλαττώμασι,
1025 4431 1514 4509 συνελαττουμένης.
1574 4433 1637 4509 Id
1692 4431 1815 4492 est;

221 4503 401 4562 «'Nec
432 4503 632 4562 tamen
660 4503 1134 4575 supernaturalis
1162 4503 1288 4574 ejus
1319 4503 1533 4575 natura
1564 4504 1642 4558 ob
1678 4521 1822 4574 pras-

221 4579 476 4632 sentiam
521 4575 708 4648 ipsius
737 4573 814 4630 in
859 4575 1037 4648 rebus
1079 4575 1288 4648 creatis
1333 4573 1636 4648 alteratur,
1671 4573 1820 4648 dum

221 4645 555 4704 alterantur'
571 4646 685 4702 illae
707 4664 719 4712 ;
743 4662 936 4718 neque
958 4646 1022 4701 tit
1045 4645 1240 4701 minor
1264 4651 1366 4718 aut
1390 4645 1652 4712 inferior,
1672 4646 1817 4702 dum

219 4726 510 4775 creaturae
558 4717 888 4789 secundum
936 4717 1322 4789 subjectionis
1365 4717 1637 4773 ordinem
1688 4717 1818 4773 aliae

223 4791 375 4846 ﬁunt
399 4790 530 4847 aliis
561 4788 883 4845 inferiores.
920 4811 948 4838 »

298 4862 468 4918 Plura
488 4861 712 4916 omissa
734 4860 829 4916 hic
860 4859 1163 4916 observari
1190 4864 1440 4931 possunt
1466 4858 1524 4913 in
1552 4859 1817 4914 versione

220 4933 512 4990 Turriani.

294 5006 406 5075 (65)
445 5005 558 5062 Sed
588 5003 711 5060 haec
742 5003 1052 5075 hactenus.
1091 5001 1401 5075 Fortassis,
1431 5007 1532 5075 etc.
1567 5001 1816 5056 Factum

219 5072 343 5132 esse
372 5077 678 5132 hominem.
711 5073 846 5128 Ἀλλ’
887 5075 912 5126 ὁ
941 5073 1089 5144 λόγος
1118 5072 1286 5134 οὗτος,
1311 5075 1438 5133 ἴσως
1469 5073 1528 5123 ἄν
1555 5092 1628 5132 τις
1659 5074 1814 5124 ὑποκ-

217 5152 470 5222 ροὺσειεν,
499 5147 558 5200 οὑ
587 5152 739 5217 μόνον
770 5144 1164 5218 ἐνανθρωπῆσαι
1285 5151 1434 5222 Θιῖον
1466 5145 1817 5222 φρονεῖνρπο-

216 5213 440 5272 τίθεται.
484 5219 549 5273 Id
587 5213 710 5273 est:
749 5237 772 5267 «
809 5213 927 5273 Sed
966 5217 1092 5270 huic
1142 5213 1533 5280 ratiocinatio,
1579 5213 1817 5285 objiciet

216 5291 471 5362 fortasse
497 5288 824 5362 quispiam,
849 5302 967 5342 non
1002 5286 1196 5362 solum
1232 5288 1414 5342 Deum
1440 5285 1660 5342 factum
1684 5302 1816 5342 esse

214 5358 537 5417 hominem
558 5358 819 5431 suggerit
843 5363 905 5414 ut.
935 5358 1281 5412 sentiamus.
1316 5378 1344 5409 »

292 5432 405 5504 (66)
442 5433 540 5488 Ad
575 5428 1018 5504 substantiatem
1050 5431 1344 5485 unionem.
1378 5431 1511 5502 Πρὸς
1541 5428 1810 5504 οὐσίωσιν.

216 5499 444 5559 ιιὶόεἰε
489 5525 517 5553 (ι
553 5504 640 5558 Ad
685 5501 1248 5556 substantiationem
1304 5499 1434 5554 seu'
1467 5499 1814 5555 substantiae

215 5575 682 5647 productionem.
716 5594 745 5626 »

291 5646 402 5718 (67)
445 5647 559 5714 Qui
587 5645 795 5702 mentis
825 5650 940 5718 tua
962 5643 1206 5718 facilem
1253 5640 1647 5718 mobilitatem
1694 5655 1815 5695 am-

210 5713 511 5789 plecteris,
530 5732 648 5774 non
666 5716 933 5792 approbo
954 5715 1140 5772 aliam
1159 5713 1573 5784 cogitationem
1589 5719 1694 5772 Τῆς
1722 5719 1814 5775 σῆς

1935 4145 2170 4210 διανοίας
2306 4149 2596 4223 εὔστροφον
2641 4143 3044 4223 ἀποδεχόμενος,
3102 4146 3194 4197 οὑκ
3246 4145 3583 4223 ἀποδέχομαι

1932 4199 2025 4281 τῆς
2051 4199 2208 4280 utile;
2239 4199 2491 4280 έκεδλῆέξ
2513 4199 2588 4272 Ἰᾱ
2631 4224 2714 4272 est
2745 4234 2757 4271 :
2795 4199 2849 4265 ἄν
2872 4199 2981 4283 Qui
3012 4199 3245 4272 "mentis
3278 4199 3581 4278 tumﬁhfaﬂoi-i

1929 4290 2046 4345 lem
2074 4291 2462 4346 mobilitatem
2481 4289 2828 4360 amplector,
2843 4304 2964 4343 non
2990 4289 3264 4360 approbo
3285 4291 3465 4348 aliam
3485 4309 3580 4351 co-

1932 4363 2298 4432 gitationem.
2326 4381 2353 4412 »

2001 4436 2108 4500 (68)
2137 4432 2258 4488 Nec
2285 4430 2594 4504 adpgrtjsti
2618 4429 2775 4502 quod
2795 4445 2830 4485 a
2865 4429 3430 4504 principiapositum
3455 4436 3577 4504 fuit

1928 4498 2088 4575 qubd
2127 4519 2328 4573 negas.
2369 4498 2944 4575 Mndsnpoaéazeg...
3010 4498 3099 4558 τήν
3158 4500 3210 4575 ἐξ
3265 4498 3575 4575 ἀρχῆς’θέ-

1931 4573 2012 4626 σιν
2065 4575 2438 4648 ἐξαρνούμενοςΓ
2482 4573 2710 4648 idest}
2772 4595 2802 4648 «_
2859 4574 3057 4643 Neque
3106 4573 3575 4648 animadvertisti

1929 4653 1981 4718 te
2001 4643 2368 4718 propositam
2385 4645 2457 4700 ab
2478 4643 2640 4699 initio
2660 4643 2870 4708 thesin,
2891 4659 2994 4698 seu
3015 4644 3178 4715 quod
3202 4649 3574 4718 propositum

1927 4717 2088 4772 initio
2118 4719 2326 4781 fuerat,
2359 4731 2602 4788 prorsus
2636 4730 2904 4788 negasse.
2940 4735 2967 4766 »

2001 4790 2105 4852 (69)
2159 4790 2228 4845 Ut
2275 4786 2635 4854 pronuntiet,
2679 4793 2788 4848 etc,
2829 4786 3220 4855 Ingpossibilia
3256 4788 3433 4844 vides.
3485 4788 3572 4852 Ὠς

1927 4851 2050 4912 οὑδὲ
2104 4868 2199 4912 τῶν
2248 4851 2410 4910 ἄλλων
2467 4859 2765 4928 κτισμάτων
2821 4851 3048 4931 οὐδενὸςΔ
3086 4863 3179 4915 τήν
3233 4862 3386 4931 φύσιν
3454 4851 3574 4913 ἀνα-ξ

1924 4929 2094 4983 λαϐεῖν
2126 4933 2280 4983 αὑτὸν
2311 4927 2671 5002 ἀποφαίνεται,
2704 4933 2792 4980 καὶ
2821 4928 2993 5002 όᾼκαθ¹
3027 4927 3297 5002 ἑνός-ὁρῶν
3344 4933 3404 4982 τὸ
3446 4929 3574 4985 ἀδύ-

1925 5023 2094 5068 νατον,
2127 5005 2262 5054 κατὰ
2306 4997 2507 5053 πάντων
2561 5002 2689 5068 ὁμοῦ
2734 5004 2793 5051 τὸ
2838 4997 3058 5050 δυνατὸν
3107 4997 3420 5071 ἑψήφίσατο,
3471 5006 3572 5056 ὧσ-

1925 5093 1978 5126 τε
2017 5079 2073 5126 τὸ
2123 5071 2340 5147 δυνατὸν
2381 5071 2510 5126 εἶναι
2553 5075 2674 5125 Θεὸν
2732 5072 3069 5147 σαρκῳθῆναι
3120 5068 3243 5123 οὖδέ
3297 5076 3441 5147 παρὰ
3488 5081 3568 5129 σοὶ

1923 5153 2021 5197 τῶν
2095 5142 2370 5198 ἀδυνάτων
2431 5142 2808 5216 φιλολογοῦντι
2860 5142 3213 5212 εὑρεθήσεται.
3274 5142 3382 5200 Ιά”
3431 5153 3567 5203 est:

1931 5239 1950 5266 ι
1987 5219 2053 5288 Ut
2097 5214 2748 5288 pronuntiet'eumdem
2788 5218 3134 5268 caeterarum
3165 5222 3570 5288 creaturarum

1924 5285 2149 5343 nullam
2184 5302 2303 5341 non
2331 5285 2731 5358 assumpsisse
2773 5287 3162 5358 υᾳιιι-ιιαω,οῑ
3185 5288 3288 5358 qui
3335 5287 3394 5342 in
3449 5305 3571 5345 una

1923 5373 2048 5412 rem
2100 5353 2556 5428 impossibilem'
2588 5371 2714 5410 esse
2771 5353 3036 5428 videbat,
3073 5355 3131 5428 is
3183 5353 3241 5412 in
3291 5359 3568 5414 omnibus

1923 5426 2485 5501 simulpossibilem
2539 5442 2664 5481 esse
2719 5426 2949 5501 censuit
3013 5426 3267 5501 adeout
3305 5429 3464 5499 apud
3513 5438 3568 5485 te

1923 5497 2315 5556 ratiocinandi
2333 5498 2668 5553 studiosum
2690 5513 2808 5552 non
2823 5497 3212 5568 impossibilis
3233 5497 3568 5557 inveniatur

1922 5571 2137 5626 divinae
2165 5569 2588 5627 incarnationis
2618 5568 3003 5640 possibilitas.
3026 5590 3054 5617 ››

1995 5642 2108 5716 (70)
2151 5645 2248 5698 Est
2279 5639 2808 5697 dissertatio’sexta
2823 5639 2981 5712 apud
3009 5639 3389 5710 Basnagium.
