4116 6194
498 259 602 318 907

1720 248 1959 306 PHOTII
1998 242 2479 301 PATRIARCHzE
2509 244 2615 301 ΟΡ.

3808 257 3907 313 908

501 383 944 455 cogitationem,
972 396 1103 454 quae
1128 382 1311 435 Deum
1334 376 1647 445 deceat,de
1664 378 1780 432 Deo
1805 375 2148 437 informare,
2178 414 2181 422 .

2274 374 2539 422 ναντασίαν
2595 368 2816 423 ἀνελθεῖν
2862 376 2956 423 τοῦ
3022 374 3182 424 Θείου
3230 372 3531 446 θεοπρεπῆ,
3586 382 3699 431 καὶ
3762 390 3915 435 τοῦτο

500 475 681 547 idque
712 472 799 528 vel
829 487 900 527 ex
930 486 1000 526 eo
1047 470 1253 541 liquet,
1284 467 1447 540 quod
1481 466 1539 530 ii,
1571 466 1674 538 qui
1703 464 1974 520 videntur
2002 462 2151 516 inter

502 564 775 620 homines
809 561 886 617 ad
918 574 1225 615 summum
1265 555 1560 626 fastigium
1606 553 1909 625 sapientiae
1949 565 2151 622 perve-

502 653 680 721 nisse,
706 651 856 705 inter
906 664 967 704 se
996 648 1160 718 ipsos
1206 652 1261 700 et
1305 644 1382 699 ab
1415 644 1542 698 aliis
1577 642 1902 714 plurimum
1929 639 2151 693 dissen-

505 744 707 797 serunt
738 755 752 806 ;
781 737 1001 793 idcirco
1018 739 1167 791 Deus
1184 734 1374 789 factus
1392 738 1481 787 est
1502 733 1707 797 homo,
1726 736 1783 785 ut
1798 746 1912 784 non
1933 727 2147 790 solum,

505 829 608 901 qui
634 828 767 899 plus
798 824 1169 895 cognitionis,
1210 838 1392 893 quam
1442 819 1538 875 alii
1579 819 1830 874 assecuti
1862 816 2147 883 videntur,

508 917 613 974 sed
634 916 809 971 etiam
832 914 1043 982 vulgus
1068 912 1401 974 hominum,
1420 910 1523 981 qui
1550 909 1737 979 magis
1765 923 1944 961 sensu
1965 919 2150 975 quam

505 1005 735 1061 ratione
764 1004 1082 1067 ducuntur,
1116 1016 1220 1071 per
1251 1014 1339 1059 ea.
1374 1014 1509 1069 qua:
1542 998 1742 1052 vident
1789 1002 1844 1050 et
1880 994 2147 1056 audiunt,

509 1094 587 1150 ad
613 1093 773 1165 piam
805 1097 860 1147 et
897 1090 1224 1148 salutarem
1258 1086 1357 1141 Dei
1413 1086 1814 1155 cognitionem
1859 1096 2153 1138 recurrere

508 1184 761 1255 possint,
794 1196 897 1253 per
922 1196 1011 1244 ea,
1039 1192 1172 1249 quae
1202 1176 1311 1231 sub
1340 1191 1581 1231 sensum
1608 1174 1844 1238 cadunt,
1888 1173 1963 1227 ad
1995 1186 2152 1235 eum,

508 1271 612 1345 qui
644 1270 756 1326 sub
794 1266 1260 1336 intelligentiam,
1295 1264 1703 1330 ascendentes,
1735 1268 1788 1317 et
1818 1261 1894 1317 ab
1924 1260 1990 1314 iis
2021 1275 2154 1331 quae

510 1377 615 1434 per
639 1374 879 1416 carnem
913 1375 947 1412 a
968 1360 1082 1412 Deo
1114 1356 1268 1411 facta
1300 1360 1454 1423 sunt,
1482 1354 1559 1408 ad
1588 1351 2153 1422 contemplationem

510 1449 830 1506 divinitatis
862 1449 1225 1516 incorporeae
1256 1448 1311 1498 et
1336 1457 1517 1513 supra
1541 1446 1839 1503 naturam,
1864 1446 2029 1509 atque
2042 1439 2157 1494 hoc

510 1539 754 1611 quidem
782 1553 852 1591 ex
875 1536 943 1590 iis
963 1550 1097 1605 quae
1125 1531 1486 1594 acciderunt,
1504 1530 1736 1601 pateﬁt;
1769 1545 1839 1583 ex
1856 1544 1975 1600 quo
1999 1527 2155 1582 enim

514 1628 667 1682 Deus
700 1626 889 1680 factus
920 1629 1009 1677 est
1034 1622 1236 1687 homo,
1278 1624 1355 1674 et‘
1384 1619 1484 1674 illa
1513 1617 1907 1683 admirabilia,
1939 1622 1995 1671 et
2020 1632 2155 1689 quae

2259 456 2415 517 δῆλον
2463 459 2515 521 ἐξ
2560 458 2625 510 ὧν
2677 462 2763 509 καὶ
2809 461 2856 510 οἱ
2915 456 3194 522 δοκοῦντες
3234 461 3309 523 εἰς
3346 464 3521 535 ἄκρον
3559 464 3779 520 ἐλάσαι
3828 480 3923 534 τῆς

2258 546 2305 598 ἐν
2363 546 2647 619 ἀνθρώποις
2697 552 2881 619 σοφίας
2930 552 3058 622 πρὸς
3117 556 3247 621 σφᾶς
3301 549 3535 615 ἑαυτοὺς
3608 562 3723 608 καὶ
3794 563 3922 622 πρὸς

2260 634 2506 695 ἀλλήλους
2546 634 2629 687 ἐπὶ
2672 640 2918 707 μέγιστον
2952 634 3319 708 διηνέχθησαν
3355 661 3367 673 ·
3408 638 3515 693 δια
3548 651 3735 697 τοῦτο
3786 616 3925 705 Eum:

2261 727 2530 799 θρώπησεν
2583 726 2609 775 6
2655 728 2793 789 Θεὸς,
2850 727 2935 777 ἳνα
2984 731 3056 796 μὴ
3116 732 3271 798 μόνον
3330 731 3383 780 οἱ
3440 729 3615 784 πλέον
3682 753 3744 785 τι
3792 744 3926 789 κατὰ

2257 822 2448 883 γνῶσιν
2486 821 2585 865 τῶν
2627 813 2788 865 ἄλλων
2828 816 2969 884 ἔχειν
3019 812 3317 882 δοκοῦντες,
3353 816 3493 871 ἀλλὰ
3537 827 3645 872 καὶ
3689 824 3721 874 ὁ
3774 827 3929 887 πολὺς

2260 904 2523 973 ἄνθρωπος
2562 902 2587 952 6
2626 910 2687 973 τῇ
2726 901 2972 961 αἰσθήσει
3017 904 3208 976 μᾶλλον
3250 906 3279 964 ἦ
3325 915 3400 976 τῷ
3451 907 3739 983 λογισμῷ
3774 935 3933 991 χειρ-

2262 992 2637 1061 αγωγούμενος,
2694 987 2767 1042 δι’
2819 992 2886 1042 ὧν
2943 992 3042 1063 όρᾴ
3092 1012 3147 1045 τε
3202 999 3293 1046 καὶ
3362 994 3563 1050 ἀκούει
3630 1005 3787 1075 πρὸς

2263 1077 2442 1137 εὐσεϐῆ
2493 1086 2583 1130 τοῦ
2633 1083 2787 1131 Θείου
2841 1084 2929 1132 καὶ
2984 1085 3244 1153 σωτήριον
3300 1086 3531 1150 ἔννοιαν,
3593 1086 3933 1166 ἀνατρέχειν

2262 1171 2374 1239 ἔχει
2412 1167 2441 1208 k
2468 1163 2561 1219 διὰ
2598 1176 2698 1219 τῶν
2743 1167 3010 1225 αἰσθητῶν
3056 1172 3140 1221 ἐπὶ
3195 1179 3293 1222 τῶν
3349 1173 3365 1215 1
3409 1184 3638 1232 νοητῶν

2262 1277 2376 1321 νων,
2410 1260 2498 1307 καὶ
2552 1254 2653 1307 ἀπὸ
2700 1264 2799 1308 τῶν
2850 1254 2943 1309 διὰ
2976 1262 3137 1329 μέσης
3167 1266 3263 1320 τῆς
3294 1267 3502 1335 σαρκὸς
3551 1267 3935 1343 θεουργουμέ-

2262 1365 2357 1396 νων
2404 1345 2486 1395 ἐπὶ
2535 1348 2629 1402 τὴν
2673 1353 2767 1406 τῆς
2812 1346 3105 1418 ὑπερφυοῦς
3156 1352 3247 1400 καὶ
3289 1348 3606 1421 ἀσωμάτου
3675 1360 3935 1421 θεότητος

2268 1437 2498 1505 θεωρίαν.
2553 1438 2654 1485 Καὶ
2707 1441 2859 1485 τοῦτο
2914 1431 3073 1493 δῆλον
3126 1434 3182 1487 ἐκ
3230 1445 3331 1489 τῶν
3382 1438 3797 1499 ἐπιϐεϐηκότων
3830 1470 3843 1481 ·
3886 1448 3935 1512 ἐξ

2265 1522 2323 1573 οὗ
2362 1524 2461 1595 γὰρ
2504 1524 2635 1583 Θεὸς
2678 1520 3078 1596 ἐνανθρώπησαι
3118 1538 3181 1589 ω,
3210 1531 3299 1578 καὶ⁵
3346 1530 3415 1579 τὰ
3464 1530 3802 1597 παράδοξα
3847 1545 3935 1591 καὶ

2265 1613 2494 1682 ὑπερφυῆ
2554 1618 2653 1662 τῶν
2718 1614 2876 1685 ἔργων
2943 1617 3036 1671 τὴν
3112 1616 3367 1686 ἡμετέραν
3448 1622 3639 1693 φέρων
3715 1634 3934 1699 μορφὴν

514 1731 697 1786 supra
710 1721 986 1769 naturam
1024 1715 1190 1764 erant
1208 1724 1408 1780 opera,
1432 1708 1685 1762 formam
1702 1712 1927 1761 naturas
1942 1713 2158 1762 nostrae

2274 1698 2572 1764 ἐπετέλεσεν,
2623 1702 2715 1761 τάς
2772 1698 3078 1763 ἀλλοκότους
3136 1708 3224 1755 καὶ
3284 1704 3659 1773 πολυπλανεῖς
3721 1698 3933 1785 φάντα-

514 1805 710 1860 ferens
754 1801 1013 1873 perfecit,
1056 1798 1350 1854 absurdas
1389 1802 1444 1851 et
1482 1796 1900 1867 multiplicibus
1953 1797 2160 1851 errori-

515 1894 627 1949 bus
656 1891 973 1962 implicitas
1013 1888 1400 1957 cogitationes
1441 1885 1788 1956 abjecerunt
1831 1890 1886 1939 et
1913 1884 2024 1939 illis
2055 1900 2161 1939 nu-

517 1981 605 2051 gis
638 1978 1004 2035 etidolorum
1033 1974 1374 2031 fictionibus
1423 1973 1631 2045 procul
1669 1972 1941 2042 relegatis
1976 1975 2159 2027 Deum

516 2071 576 2125 in
602 2084 779 2125 carne
815 2067 1026 2135 visum,
1061 2065 1221 2119 hunc
1267 2078 1470 2117 verum
1499 2063 1685 2117 Deum
1712 2077 1841 2116 esse
1881 2062 2161 2117 confiten-

516 2164 628 2226 tur,
661 2162 716 2213 et
746 2161 1123 2220 venerantur,
1167 2152 1270 2225 qui
1301 2151 1466 2222 digni
1514 2150 1701 2206 habiti
1746 2155 1904 2216 sunt,
1957 2154 2021 2204 ut
2060 2165 2163 2222 per

517 2247 888 2318 praesentiam
951 2243 1219 2315 corporis
1280 2242 1408 2311 ejus
1466 2246 1574 2313 (71)
1622 2245 1676 2296 et
1732 2256 1979 2311 operum
2031 2241 2161 2309 ejus

517 2342 761 2406 aspectu
792 2341 846 2391 et
877 2332 1180 2389 auditione
1202 2346 1337 2385 eum
1371 2335 1817 2400 cognoscerent.
1876 2335 1928 2384 et
1960 2329 2163 2398 hujus-

519 2424 682 2479 modi
722 2422 1056 2495 cognitione
1079 2420 1153 2475 ad
1186 2418 1587 2487 cognitionem
1627 2434 1695 2472 ac
1722 2417 2163 2489 contemplatio-

520 2528 655 2568 nem
683 2513 811 2581 ejus
834 2515 1058 2566 naturae
1096 2506 1538 2578 inaspectabilis
1564 2506 2015 2561 adducerentur.

593 2598 704 2654 Sed
737 2598 864 2652 haec
903 2595 1148 2668 quidem
1190 2608 1310 2647 una
1350 2607 1532 2647 causa
1574 2607 1587 2656 ;
1621 2590 1801 2647 altero
1834 2607 1975 2647 vero
2000 2592 2166 2664 quod

520 2697 907 2755 nequaquam
943 2679 1107 2735 fortis
1137 2678 1354 2747 ligatus
1413 2682 1583 2743 esset,
1638 2677 1744 2749 (7'2)
1784 2676 1898 2731 nisi
1946 2676 2167 2732 fortiter

520 2778 820 2829 certamen
843 2771 957 2826 hoc
983 2767 1277 2823 subiisset.
1305 2766 1511 2831 Tertia,
1532 2766 1695 2837 quod
1721 2765 1991 2821 doctrina
2021 2781 2167 2821 ocu-

518 2862 612 2927 lis,
633 2866 689 2917 et
719 2858 966 2916 auribus
993 2856 1312 2929 praeposita
1328 2853 1616 2910 valentior
1640 2859 1743 2919 est,
1765 2860 1821 2909 et
1852 2854 2040 2910 multo
2082 2854 2165 2911 fa-

521 2951 686 3008 cilior
714 2950 785 3007 ad
804 2945 1275 3020 exsequendum,
1299 2959 1485 3016 quam
1524 2960 1653 3016 qua:
1680 2960 1710 3019 e
1757 2943 2085 3016 longinquo
2115 2952 2170 2999 et

2270 1793 2387 1881 σίας
2439 1790 2464 1839 ό
2513 1789 2777 1861 ἄνθρωπος
2835 1789 3142 1864 ἀποῤῥήψας
3191 1804 3241 1856 ιι,
3296 1798 3389 1845 καὶ
3436 1802 3644 1872 μαχρά
3705 1810 3933 1881 χαίρει,

2270 1877 2419 1929 εἰπὼν
2461 1885 2572 1937 τοῖς
2617 1886 2839 1953 μακροῖς
2875 1878 3075 1951 λήροις,
3108 1885 3198 1932 καὶ
3246 1889 3358 1944 τοῖς
3406 1882 3748 1954 εἰδωλικοίς
3808 1877 3931 1948 ἄνα.

2268 1967 2591 2038 πλάσμασιν,
2637 1970 2723 2017 τὸν
2771 1966 2819 2018 ἐν
2868 1974 3027 2042 σαρκὶ
3078 1975 3297 2039 φανέντα
3327 1976 3486 2037 Θεὸν,
3529 1986 3748 2032 τοῦτον
3811 1983 3931 2043 ἄλην

2272 2058 2406 2108 θινὸν
2455 2060 2583 2108 Θεὸν
2628 2054 2930 2127 ἀνομολογεῖ
2977 2077 3031 2110 τε
3074 2064 3163 2111 καὶ
3208 2072 3521 2132 προσκυνεῖ,
3583 2064 3694 2121 διὰ
3740 2082 3847 2135 τῆς
3884 2075 3932 2127 εν

2273 2148 2475 2215 σώματι
2531 2148 2620 2215 μὲν
2672 2151 2964 2217 παρουσίας
3009 2147 3191 2216 αὑτοῦ,
3251 2155 3341 2202 καὶ
3389 2160 3494 2204 τῶν
3554 2156 3704 2232 ὑπὲρ
3775 2160 3931 2234 λόγον

2272 2235 2431 2304 ἔργων
2471 2232 2587 2303 ὄψει
2624 2238 2712 2285 καὶ
2760 2232 2887 2306 ἀκοῇ
2943 2239 3263 2307 καταμαθεῖν
3314 2239 3485 2297 αὐτὴν
3543 2256 3575 2285 ο
3642 2212 3907 2313 άξεωθέὶς

2294 2294 2302 2304 .
2336 2294 2345 2301 .
2510 2294 2519 2303 .
2863 2294 2872 2306 ,
3082 2294 3091 2307 .
3437 2294 3447 2297 -
3646 2294 3877 2310 --γ-η.

2274 2318 2368 2373 διὰ
2397 2318 2455 2373 δὲ
2493 2330 2587 2382 τῆς
2629 2322 2871 2383 τόιαὺτης
2900 2331 3135 2395 ’γνώσεως
3183 2326 3257 2388 εἰς
3298 2332 3393 2385 τὴν
3436 2338 3534 2391 τῆς
3578 2294 3928 2397 ἀθανάτοι,Ίὲ

2274 2413 2474 2481 φύσεως
2500 2410 2779 2482 ἐπίγνωσίν
2806 2431 2859 2464 τε
2883 2419 2973 2466 καὶ
3003 2416 3218 2489 θεωρίαν
3251 2414 3534 2488 ἀναχθείς.

2346 2587 2480 2638 Ἀλλ’
2538 2588 2713 2677 ἓνᾲμεν
2762 2598 2914 2642 τοῦτο
2948 2611 2960 2624 ο
3014 2588 3255 2667 δεύτερον
3310 2591 3393 2660 δε,
3425 2598 3512 2649 ὅτι
3569 2599 3851 2677 οὐδαμῶς
3897 2610 3923 2660 ὀ

2279 2676 2505 2749 ἰσχυρὸς
2548 2675 2816 2750 ἐδεσμεῖτο
2851 2685 2922 2751 μὴ
2962 2676 3322 2755 δυνατωτέρου
3349 2689 3439 2736 τὸν
3494 2686 3694 2758 ἀγῶνα
3729 2675 3924 2749 τοῦτον

2276 2771 2365 2817 καὶ
2422 2770 2509 2817 τὸν
2561 2762 2712 2819 ἆθλον
2769 2765 3193 2841 ὑποδυσαμένου.
3240 2778 3431 2847 Τρίτον
3487 2778 3680 2851 ὅτιπερ
3721 2786 3754 2841 ἠ
3808 2786 3925 2856 δψεε

2277 2861 2361 2907 καὶ
2428 2854 2555 2928 ἀκοῇ
2610 2861 2918 2930 προκειμένη
2972 2856 3303 2913 διδασκαλία
3350 2871 3448 2925 τῆς
3500 2866 3791 2941 πὸῥρωθεν
3837 2854 3927 2928 καὶ

2281 2940 2354 3034 th"
2414 2944 2593 3019 ἑτέρων
2643 2950 2812 3017 μέσων
2863 2946 3313 3021 ἀπαγγελλομένης
3365 2940 3809 3034 ἐπικρατεστέρα
3874 2984 3926 3016 τε

526 3058 632 3115 per
669 3040 783 3096 alia
812 3035 1163 3095 intermedia
1194 3034 1596 3090 annuntiatur.
1627 3038 1734 3105 (73)
1792 3035 1939 3088 Tum
1988 3033 2167 3089 etiam

2281 3033 2476 3086 πολλῶν
2527 3040 2617 3087 καὶ
2659 3034 3019 3110 ἀκριϐεστέρα.
3065 3038 3123 3091 Εἰ
3174 3038 3350 3111 βούλει
3401 3038 3483 3107 δὲ,
3529 3046 3618 3097 ὃτι
3666 3033 3765 3101 καὶ
3809 3053 3927 3104 πολ-

522 3131 679 3189 ειοιὶσ
702 3146 808 3203 per
836 3127 1222 3184 imitationem
1255 3124 1538 3180 virtutum
1570 3123 1796 3179 facilior
1826 3129 1913 3179 est
1938 3129 1990 3179 et
2013 3140 2169 3179 com-

523 3221 780 3289 modior,
820 3234 1005 3290 quam
1036 3232 1107 3272 ea
1134 3230 1269 3287 quas
1304 3213 1448 3269 citra
1478 3213 1866 3268 imitationem
1900 3213 2169 3283 exigitur.

526 3309 920 3363 Imitationem
958 3308 1155 3360 autem
1191 3317 1307 3357 non
1348 3306 1601 3372 possunt
1628 3302 1849 3358 habere
1880 3302 2170 3369 homines,

525 3414 660 3471 quas
690 3397 1020 3452 humanam
1054 3394 1234 3448 vitam
1264 3392 1322 3446 in
1347 3392 1534 3447 altum
1568 3390 1748 3456 tollat,
1783 3392 1828 3444 si
1853 3390 2050 3446 nullus
2079 3392 2168 3457 sit,

528 3487 631 3559 qui
658 3486 807 3539 hanc
829 3483 1123 3538 actionem
1152 3480 1382 3535 virtutis
1416 3478 1699 3551 suspiciat
1728 3479 2034 3535 humanas.
2060 3482 2175 3535 Hu-

524 3572 964 3648 jusmodiactio
985 3571 1249 3625 humana
1272 3568 1579 3640 quomodo
1599 3583 1725 3621 esse
1757 3572 1975 3639 posset,
2009 3568 2056 3623 si
2088 3570 2174 3624 in-

531 3663 796 3719 carnatio
828 3660 996 3716 Verbi
1022 3659 1119 3713 Dei
1150 3658 1302 3713 facta
1341 3672 1462 3712 non
1496 3656 1704 3711 esset?
1733 3660 1948 3711 Amore
2002 3657 2179 3727 igitur

532 3767 673 3822 erga
691 3750 1056 3813 homines,et
1078 3745 1451 3819 providentia
1485 3744 1768 3800 immensa
1800 3744 2055 3801 Verbum
2079 3748 2180 3803 Dei

530 3841 754 3897 factum
770 3844 854 3894 est
874 3838 1078 3902 homo,
1107 3840 1161 3892 et
1192 3834 1512 3891 nobiscum
1535 3833 1736 3890 deiﬁce
1768 3840 2182 3894 conversatum

533 3934 634 3996 est,
655 3934 711 3986 et
731 3928 879 3985 inter
898 3926 1171 3984 homines
1207 3925 1364 3981 vixit.

2279 3123 2384 3182 λοῖς
2444 3124 2786 3198 εὑχερεστέρα
2836 3132 2923 3179 καὶ
2984 3124 3189 3200 ῥᾳδίως
3261 3128 3579 3191 ἐξανὺεσθαι
3645 3134 3925 3200 δυναμένη

2282 3214 2311 3269 ἡ
2361 3208 2454 3264 διὰ
2505 3218 2777 3284 μιμήσεως
2824 3222 2922 3265 τῶν
2968 3214 3160 3289 ἀρετῶν
3210 3219 3399 3289 πρᾶξις
3447 3230 3544 3282 τῆς
3592 3226 3723 3278 ἄνευ
3770 3192 3927 3281 ἀπαι-

2282 3305 2547 3372 τουμένης.
2596 3307 2833 3373 Μίμησις
2886 3300 2935 3355 δ’
2985 3302 3278 3377 ἀνθρώποις
3327 3308 3423 3360 οὐκ
3454 3308 3517 3361 ἂν
3560 3315 3645 3371 εἰη
3703 3322 3798 3369 τὸν
3842 3319 3928 3369 ἀν.

2287 3392 2537 3464 θρωπινον
2585 3389 2859 3460 ἀνυψοῦσα
2905 3391 3041 3465 βίον,
3076 3390 3305 3465 μηδενὸς
3353 3402 3556 3456 ταύτην
3589 3406 3928 3475 πράττοντος

2288 3477 2631 3552 ἀνθρωπίνως.
2683 3480 2876 3554 Πρᾶξις
2934 3479 2983 3533 δ’
3038 3481 3339 3555 ἀνθρωπίνη
3399 3496 3509 3550 πῶς
3558 3489 3622 3541 ἂν
3682 3497 3767 3552 εἴη
3830 3505 3926 3559 τῆς

2287 3567 2713 3641 ἐνανθρωπὴσεως
2770 3577 2861 3621 τοὺ
2922 3574 3091 3641 Λόγου
3146 3577 3218 3644 μὴ
3271 3581 3671 3648 γεγενημένηςς
3736 3584 3923 3637 φίλων-

2290 3660 2501 3729 θρὼπως
2557 3658 2659 3728 ἄρα
2728 3663 2816 3710 καὶ
2875 3657 3257 3732 ἀνυπερϐλήτου
3316 3670 3582 3737 προνοίας,
3658 3676 3757 3724 καὶ
3827 3684 3921 3725 τοῦ

2293 3751 2463 3817 Λόγου
2492 3750 2694 3817 γέγονεν
2725 3746 3132 3822 ὶνανθρὼπησις,
3155 3757 3246 3803 καὶ
3274 3754 3304 3810 ἡ
3339 3756 3454 3825 μεθ’
3487 3757 3642 3829 ἡμῶν
3677 3762 3923 3825 θεοποιός

2292 3834 2587 3910 ἀναστροφή
2618 3842 2706 3889 καὶ
2736 3836 2968 3889 πολιτεία
2981 3879 2993 3892 .

1376 4075 1698 4142 QU/ESTIO
1723 4076 2044 4131 CLXXXVII
2080 4078 2292 4149 [CoisL
2319 4077 2535 4134 CCXVI.
2573 4077 2748 4131 Taur.
2775 4076 3004 4150 CCVII].

1638 4229 1725 4284 De
1764 4228 1905 4284 Filii
1947 4230 2381 4286 incarnatione.
2425 4260 2492 4269 —
2526 4230 2768 4285 inedita.

610 4371 725 4425 Cur
764 4367 966 4430 Filius,
1030 4368 1085 4421 et
1131 4379 1250 4420 non
1282 4362 1397 4421 alia
1456 4365 1676 4419 sanctae
1705 4360 2000 4418 Trinitatis
2068 4378 2181 4433 per-

2369 4366 2432 4414 Τί
2464 4358 2662 4419 δήποτε
2688 4364 2712 4413 ό
2740 4363 2871 4431 Υἱὸς,
2909 4367 2999 4414 καὶ
3044 4363 3152 4435 οὑχ
3192 4364 3341 4440 ἑτέρα
3369 4374 3465 4428 τῆς
3494 4368 3657 4440 ἁγίας
3686 4374 3931 4446 Τριάδος

542 4474 715 4524 sona,
745 4461 949 4515 nostra
980 4458 1194 4511 natura
1222 4457 1552 4524 assumpta,
1578 4451 1923 4508 incarnatus
1956 4451 2092 4507 est?

2302 4452 2614 4517 ὑπόστασις,
2649 4456 2741 4510 τὴν
2791 4453 3043 4526 ἡμετέραν
3091 4451 3356 4507 ἀναλαϐὼν
3402 4454 3687 4531 ἐσαρκώθη
3721 4467 3927 4535 quin»;

1880 4602 2116 4658 VARI/IS
2146 4602 2543 4667 LECTIONES,

614 4768 643 4810 ι(
672 4765 713 4819 Ι.
744 4761 940 4837 ἕχῃνὶῌ
960 4757 1363 4837 subjunctivq.
1442 4756 1457 4799 Ι
1504 4755 1544 4810 Ι.
1566 4753 1648 4807 ἐπὶ
1670 4756 1869 4819 τὰτῶν,
1898 4757 2006 4810 etc.
2085 4766 2127 4796 ω
2166 4753 2549 4828 ἐνηνθρώπησε,
2629 4767 2656 4796 n
2683 4758 2721 4810 ι,
2743 4753 3059 4830 ἀπορρίψας.
3136 4768 3167 4803 ο
3198 4756 3241 4813 ι.
3268 4760 3443 4816 αὐτόν.
3525 4774 3554 4817 ρ
3581 4762 3929 4826 Turrinus

540 4824 1054 4912 legebat‘éecdwu,
1074 4824 1204 4888 non
1234 4828 1413 4886 male.

2100 4977 2144 5032 Ν
2152 4976 2325 5036 ΟΤᾸΕ.

622 5169 731 5239 (Ἡ)
762 5166 1013 5239 Operam
1032 5164 1192 5239 _ejus
1232 5165 1489 5230 aspectu.
1522 5166 1630 5219 Τῆς
1678 5157 1802 5231 ὑπὲρ
1847 5156 1997 5228 λόγον
2052 5158 2197 5239 ἔργον

545 5232 684 5312 ὄψει.
719 5232 779 5293 ld
803 5232 929 5292 est:
966 5257 994 5288 «
1032 5232 1170 5305 Ejus
1216 5248 1462 5312 operum
1505 5247 1635 5303 quae
1675 5245 1916 5285 omnem
1974 5232 2200 5283 oratio-

545 5310 685 5367 nem
716 5313 999 5379 superant
1024 5310 1293 5379 aspectu.
1327 5324 1353 5355 »

644 5385 730 5449 72)
762 5366 898 5436 Nisi
922 5366 1168 5449 fortiter
1197 5381 1495 5433 certamen
1526 5374 1633 5429 hoc
1663 5372 1948 5449 sugi'i'sset,
1984 5375 2066 5449 Mi;
2103 5366 2200 5422 δυ-

549 5439 836 5526 νατωτέρου
894 5455 980 5502 τὸν
1034 5448 1210 5519 ἀγῶνα
1254 5455 1432 5500 τοῦτον
1473 5450 1564 5497 καὶ
1602 5449 1689 5496 τόν
1733 5440 1884 5496 ἆθλον
1931 5439 2201 5495 ἃποδυσα-

1071 5517 1219 5575 aNisi
1274 5518 1480 5574 fortior
1542 5517 1845 5590 quispiam
1899 5519 2199 5570 certamen

551 5530 722 5601 μένου.
744 5524 813 5580 Id
845 5529 928 5579 est
988 5537 998 5576 :

2308 5155 2422 5211 hoc
2450 5154 2743 5210 subiisset.
2779 5177 2805 5207 »

2378 5228 2496 5309 (lit)
2529 5229 2680 5309 Tum
2698 5228 3052 5309 etiamﬁae‘tio
3070 5243 3179 5309 per
3198 5229 3585 5309 imitationem
3620 5238 3929 5299 virtutum

2303 5298 2810 5384 faeiliornes‘t‘.‘Ei
2860 5297 3037 5384 βούλει
3087 5297 3147 5353 δὲ
3196 5303 3276 5384 δ’τι
3320 5309 3409 5356 καὶ
3453 5305 3664 5371 πολλοῖς
3711 5297 3929 5384 εὖχερεξ

2312 5375 2534 5459 στέξαι..
2568 5372 2597 5428 ἡ
2617 5368 2743 5459 ..διὰ
2769 5368 3040 5459 μιμήσεως
3079 5380 3179 5423 τῶν
3210 5372 3401 5454 ἀρετῶν
3432 5368 3659 5449 πρᾶξις.⁷
3681 5383 3743 5438 Id
3771 5368 3923 5440 'éét:

2314 5462 2337 5491 α
2388 5442 2531 5523 ξξυω
2580 5442 2861 5523 etiam-si
2902 5442 3085 5523 velisn
3121 5442 3262 5523 quia
3305 5442 3503 5523 multis
3563 5451 3927 5512 hominibus

2310 5514 2463 5569 actio
2489 5528 2588 5586 per
2611 5514 3005 5570 imitationem
3038 5514 3318 5573 virtutum
3350 5518 3579 5577 facilior
3605 5530 3720 5580 est.
3748 5547 3780 5578 ι)
