4026 6196
157 282 260 338 909

707 412 1021 461 ΕΡΩἸἮΣΙΣ
1054 407 1229 466 ΡΠΗ’.

155 587 255 638 Διὰ
317 589 370 639 τί
424 585 685 672 ὅμοφυοῦς
743 590 851 673 ,καὶ
907 585 1147 673 ἰσοτίμου
1223 593 1321 649 τῆς
1356 582 1600 673 ειΤριοίδος
1667 605 1760 670 κη-

223 655 565 732 ρυττομένης,
614 658 640 710 6
703 659 792 728 μὲν
845 655 1282 732 Πατὴρλέγεται
1345 655 1437 710 διὰ
1494 666 1585 732 τοῦ
1635 659 1758 732 fiat}

222 725 317 803 καί
388 725 503 803 ’ὀξιὰ
573 736 664 781 τοῦ
703 725 713 728 ⁷
749 725 1044 803 Πνεῦματὸς
1107 725 1466 803 δημιουργεῖν,
1519 729 1612 782 οὐκ
1666 731 1756 800 ἔμ-
1801 785 1808 790 ,

221 799 382 853 παλιν
409 797 470 854 δέ
508 815 524 854 2

923 279 1016 337 AD
1047 280 1628 344 AMPHILOCORUM
1660 281 1984 350 QUIESTIO
2016 283 2774 344 CLXXXVII-CLXXXVIII.

1789 406 1837 460 A

3415 291 3522 349 910

2062 409 2383 476 ΟΠΆΕΞΤῙΟ
2424 412 2784 469 CLXXXVIII.
2825 412 3034 484 [σοιζςι.
3076 413 3322 471 CCXVII.

2371 484 2552 540 Taur.
2596 483 2848 556 cavum
2891 486 3021 557 (74).
3103 519 3105 521 ι

1871 584 2068 653 Quare
2083 588 2579 662 cym‘l‘n’nitatem
2599 589 3014 662 homogeneam
3027 605 3148 648 esse
3161 592 3411 662 parique
3425 591 3521 648 ho-

1938 673 2083 713 nore
2097 658 2232 733 [fui
2250 659 2310 733 in
2335 661 2595 728 confesso
2615 661 2709 725 sit,
2734 661 2912 716 Pater
2938 668 3129 718 tamen
3157 658 3260 733 per
3287 658 3515 720 Filium

1936 734 1989 784 et
2000 745 2110 796 per
2119 729 2410 856 Spirist’um
2422 738 2695 789 sanctum
2710 748 2913 790 creare
2925 729 3182 800 dicatur,
3200 749 3318 790 non
3332 739 3521 791 autem

1937 813 2105 856 versa
2129 815 2254 857 vzce

1275 905 1428 956 Edita
1458 907 1596 956 Maio
1641 904 1794 968 (Nov.
1832 903 1966 955 σοιι.
2004 908 2040 955 ι.
2074 905 2156 964 IX,
2183 921 2236 971 p.
2271 909 2399 968 151).

223 994 297 1053 α’.
362 993 452 1058 Εἰς
503 993 723 1070 ἀπορίαν
793 999 925 1058 τινές
983 1015 1138 1070 φασιν
1201 995 1362 1059 ἐνίους
1435 997 1750 1068 ὑπάγεσθαι,

149 1089 298 1148 τίνος
323 1086 486 1159 χάριν
529 1093 620 1146 τῆς
665 1086 948 1161 ὑπιραγίας
990 1081 1218 1160 Τριάδος
1261 1087 1521 1159 ὁμοφυοῦς
1559 1105 1614 1137 τε
1663 1089 1753 1136 καὶ

144 1177 203 1227 τὸ
272 1173 509 1246 ἰσότιμον
548 1173 958 1248 κεκληρωμένης,
1004 1179 1094 1228 καὶ
1140 1174 1370 1248 μάλιστά
1407 1193 1466 1246 γε
1495 1182 1588 1236 τῆς
1622 1175 1756 1234 θείας

145 1271 310 1316 τοῦτο
368 1260 756 1338 διατρανούσης
815 1269 1043 1338 Γραφῆς,
1103 1267 1430 1337 Δημιουργός
1483 1263 1673 1336 μᾶλλον
1729 1264 1755 1314 6

147 1355 272 1413 Υἱὸς
321 1351 597 1414 ὑπἀὐτῆς
653 1349 1009 1424 δοξολογείται
1065 1356 1263 1414 ταύτης
1308 1358 1398 1406 καὶ
1454 1351 1757 1426 ἀνακηρύσ⁴

150 1461 309 1496 σεται
360 1445 490 1516 ἤπερ
540 1442 566 1492 6
620 1446 838 1517 Πατὴρ;
874 1441 918 1494 εἰ
953 1443 1057 1516 γὰρ
1105 1449 1195 1495 καὶ
1245 1444 1270 1494 6
1311 1447 1491 1516 Πατὴρ
1529 1443 1756 1516 εὑρίσκε-

146 1551 260 1598 ται,
307 1529 417 1582 ἀλλ’
458 1528 541 1582 ἐπὶ
589 1528 779 1602 μᾶλλον
819 1532 844 1582 6
887 1533 1031 1593 Υἱός·
1079 1540 1183 1593 πῶς
1229 1528 1287 1584 δὲ
1329 1532 1483 1584 πάλιν
1527 1527 1600 1584 δι’
1633 1533 1756 1584 Υἱοῦ

1935 995 1986 1050 1.
2015 995 2207 1053 Audio
2245 998 2566 1055 nonnullos
2607 1000 2668 1056 in
2699 1000 3084 1073 perplexitate
3113 1002 3356 1070 versari,
3391 1019 3520 1060 cur-

1862 1098 2024 1150 nam,
2042 1101 2178 1141 cum
2192 1088 2830 1144 sanctissima'l‘rinitas
2842 1089 3111 1145 eamdem
3132 1092 3517 1150 substantiam

1861 1174 2263 1248 eumdemque
2291 1177 2534 1232 honoris
2575 1178 2827 1246 gradum
2870 1180 3074 1235 sortita
3114 1181 3207 1246 sit,
3235 1181 3417 1253 idque
3456 1183 3517 1238 in

1864 1262 2069 1333 primis
2106 1265 2420 1336 perspicua
2456 1265 2659 1321 divina
2701 1266 3008 1338 Scriptura
3037 1268 3267 1336 doceat,
3305 1270 3517 1327 nihilo-

1867 1351 2062 1406 minus
2079 1352 2324 1408 creandi
2353 1354 2482 1410 laus
2501 1355 2578 1411 ab
2607 1356 2812 1411 eadem
2835 1357 3130 1429 Scriptura
3152 1359 3225 1413 de
3245 1359 3384 1414 Filio
3414 1377 3511 1431 po-

1865 1441 1980 1495 tius
2010 1457 2196 1514 quam
2227 1441 2302 1498 de
2343 1444 2512 1500 Patre
2529 1444 2886 1516 praedicetur
2909 1445 2936 1500 ‘I
2967 1462 3104 1501 nam
3143 1448 3250 1503 etsi
3281 1449 3511 1505 Patrem

1865 1545 2106 1602 quoque
2127 1531 2462 1588 Creatorem
2503 1533 2618 1588 dici
2650 1533 3174 1606 deprehendimus,
3203 1537 3392 1594 multo
3429 1545 3512 1594 ta-

145 1624 243 1694 μεν
295 1619 498 1692 λέγεται
556 1616 893 1693 δημιουργεῖν
942 1621 968 1672 6
1018 1625 1221 1696 Πατὴρ,
1272 1620 1366 1673 οὐκ
1414 1619 1628 1693 ἔμπαλιν
1676 1616 1752 1685 δὲ,

1870 1634 2006 1674 men
2038 1620 2230 1690 magis
2262 1621 2492 1676 Filium.
2524 1624 2745 1678 Rursus
2769 1639 3019 1679 curnam
3048 1641 3153 1696 per
3183 1625 3391 1683 Filium
3422 1628 3512 1683 di-

146 1713 268 1763 οῦτε
325 1706 419 1762 διὰ
472 1715 564 1761 τοῦ
623 1712 825 1784 Πατρός
877 1709 903 1760 6
946 1711 1061 1770 Υἱός
1092 1726 1107 1777 ;
1136 1709 1193 1761 o6
1241 1714 1344 1782 μὴν
1385 1708 1491 1762 ἀλλ’
1536 1706 1662 1762 οὐδὲ
1699 1711 1756 1760 τό

148 1808 368 1872 Πνεῦμα
414 1801 526 1851 οῦτε
577 1795 670 1850 διὰ
721 1805 811 1850 τοῦ
867 1802 1071 1874 Πατρός
1114 1802 1230 1852 οὔτε
1275 1796 1369 1852 διὰ
1395 1805 1487 1851 τοῦ
1531 1801 1654 1851 Υἱοῦ
1683 1817 1696 1868 ;
1723 1798 1753 1858 ἡ

148 1887 246 1944 διὰ
294 1895 388 1941 τοῦ
444 1891 641 1961 Πατρός
676 1890 767 1960 μὲν
801 1891 913 1940 ἔστι
956 1887 1284 1954 καταλαϐεῖν,
1324 1884 1621 1960 παράδοξον
1669 1891 1757 1960 μὲν

144 1977 405 2042 ἀκοῦσαι,
462 1984 648 2035 νοῆσαι
713 1973 773 2029 δὲ
829 1976 886 2029 66
940 1972 1290 2049 παράδοξον;
1348 1978 1522 2050 ὅτιπερ
1572 1977 1598 2028 ὅ
1636 1995 1689 2028 τε
1732 1979 1757 2027 6

142 2071 275 2129 Υἱὸς
317 2071 412 2120 καὶ
459 2069 517 2119 τό
563 2072 773 2138 Πνεῦμα
815 2065 858 2118 εἰ
905 2071 996 2118 καὶ
1033 2069 1104 2139 μὴ
1149 2062 1480 2140 δημιουργεῖ,
1527 2064 1633 2118 ἀλλ’
1669 2062 1757 2117 οὖν

142 2155 219 2231 ἐφ’
282 2156 472 2231 ἑτέροις
524 2157 694 2228 ἔργοις
747 2153 1070 2208 ἀποστέλλων
1125 2154 1282 2207 αὐτὸν
1342 2156 1481 2228 ὅμὼς
1544 2157 1752 2229 ἐνεργεῖ-

143 2254 258 2307 πῶς
290 2245 381 2297 οὖν
413 2244 508 2297 οῦκ
555 2240 746 2307 ἄδοξον
787 2247 844 2296 τὸ
886 2239 1184 2319 παράδοξον
1219 2261 1232 2311 ;
1283 2248 1370 2296 καὶ
1402 2248 1478 2305 τίς
1510 2245 1535 2295 6
1577 2240 1758 2307 δόξαις

140 2338 365 2407 ὑπάγων
422 2334 593 2401 αῦτὸ;
634 2333 727 2386 οῦκ
775 2333 944 2398 ἄλλος,
1003 2331 1112 2384 ἀλλ’
1166 2333 1322 2395 αὐτὸς
1377 2335 1402 2385 6
1453 2332 1759 2386 ἀποστελλό-

138 2445 296 2498 μενος
348 2429 556 2499 Πατήρ’
599 2423 735 2495 λέγει
786 2425 888 2496 γὰρ
937 2431 999 2496 τῇ
1046 2430 1340 2497 προφητικῇ
1399 2430 1490 2475 τοῦ
1537 2421 1755 2475 Ἡσαΐου

139 2522 425 2588 χρώμενος
468 2520 632 2586 φωνῇ,
684 2533 712 2562 ιι
767 2511 958 2566 Ἀκουέ
998 2531 1117 2585 μου,
1168 2511 1360 2565 Ἰακὼϐ
1405 2516 1492 2564 καὶ
1521 2509 1752 2587 Ἰσραὴλ,

138 2607 190 2656 ὅν
224 2603 329 2674 ἐγὼ
378 2602 542 2668 καλῶ,
589 2600 690 2673 ἐγὼ
733 2605 859 2662 Θεὸς
888 2610 1108 2676 πρῶτος,
1151 2606 1241 2653 καὶ
1273 2600 1371 2672 ἐγὼ
1409 2603 1537 2674 μετὰ
1565 2609 1750 2665 ταῦτα,

135 2698 227 2746 καὶ
282 2691 423 2750 πλὴν
466 2689 592 2764 ἕμοῦ
641 2694 770 2753 Θεὸς
816 2690 907 2742 οὐκ
946 2693 1079 2744 ἔστι.
1127 2710 1154 2742 ››
1197 2690 1328 2763 Ἐγὼ
1374 2698 1434 2762 τῇ
1474 2695 1620 2764 χειρί
1651 2710 1751 2763 μου

138 2781 465 2855 ἑθεμελίωσα
522 2784 616 2839 τὴν
667 2788 784 2851 γῆν,
840 2784 930 2832 καὶ
981 2782 1037 2832 τὸ
1078 2782 1286 2852 Πνεῦμα
1324 2799 1425 2852 μου
1475 2780 1753 2854 ἐστερέωσε

137 2875 224 2924 τὸν
275 2871 519 2938 οὐρανὸν.
566 2867 705 2944 Ὀρα
745 2877 849 2929 πῶς
887 2865 1226 2943 δημιουργῶν
1267 2865 1360 2921 διά
1390 2877 1479 2920 τοῦ
1510 2870 1633 2921 Υἰοῦ
1661 2875 1751 2922 καὶ

137 2962 450 3032 Πνεῦματος
505 2955 835 3032 δημιουργεῖ.
897 2957 1027 3028 Ἐγὼ
1083 2963 1215 3010 πᾶσι
1273 2965 1379 3020 τοῖς
1426 2959 1637 3025 ἄστροις
1677 2957 1751 3010 ἐν-
1781 2988 1822 3045 C

136 3049 442 3121 ετειλάμην.
503 3053 683 3099 Ταῦτα
738 3041 832 3098 διὰ
888 3053 978 3097 τοῦ
1030 3051 1304 3119 Προφήτου
1354 3047 1506 3099 εἰπὼν
1567 3049 1594 3098 6
1649 3056 1749 3099 τῶν

135 3140 268 3192 ὅλων
299 3139 454 3203 Θεὸς,
491 3140 580 3188 καὶ
611 3132 705 3188 διὰ
745 3144 844 3187 τῶν
876 3134 1150 3208 εἰρημένων
1178 3133 1370 3207 ἐμφανῆ
1406 3140 1752 3198 καταστήσας

133 3229 345 3292 ἑαυτὸν,
401 3227 575 3300 ὅτιπερ
610 3224 635 3276 6
673 3230 839 3276 ταῦτα
881 3223 1036 3295 λέγων
1081 3223 1235 3286 αὐτός
1268 3223 1407 3276 ἐστιν
1458 3226 1482 3276 ό
1538 3229 1740 3299 Πατὴρ⁶

133 3320 362 3389 καὶγὰρ
396 3311 545 3376 δεξιὰ
582 3315 672 3385 μεν
712 3313 872 3366 αὐτοῦ
913 3313 939 3364 6
969 3315 1110 3378 Υἱὸς,
1155 3313 1366 3385 Πνεῦμά
1407 3311 1466 3366 δὲ
1500 3313 1659 3366 αὐτοῦ
1690 3316 1748 3366 τό

135 3413 357 3478 Πνεῦμα
386 3406 446 3456 τὸ
471 3402 642 3474 ἅγιον.

204 3493 286 3569 β’.
343 3492 418 3545 Ὠ
442 3493 687 3566 ῥημάτων
733 3493 1094 3564 κεκρυμμένων
1128 3491 1140 3546 I
1173 3489 1364 3564 μᾶλλον
1409 3488 1470 3544 δε
1513 3488 1749 3555 διανοίας

133 3585 228 3637 οῦκ
298 3582 554 3656 ἐμφανοῦς
609 3582 716 3654 μὲν,
798 3578 1205 3653 ἐμφανιζομένης
1277 3577 1335 3633 δὲ
1405 3577 1599 3655 ῥαδίας
1678 3582 1750 3644 εἰς

131 3670 444 3743 κατάληψιν
487 3669 684 3742 ἐπάγει·
743 3691 771 3720 (ι
832 3673 930 3722 Καὶ
980 3676 1068 3720 νῦν
1127 3672 1314 3746 Κύριος
1370 3668 1638 3724 ἀπέστειλέ
1685 3691 1748 3744 με

129 3767 224 3815 καὶ
279 3763 340 3813 τό
395 3766 602 3833 Πνεῦμα
631 3758 810 3813 αὐτοῦ.
857 3778 885 3810 1)
918 3759 1119 3811 Οὐκοῦν
1153 3762 1211 3810 τὸ
1261 3766 1467 3832 Πνεῦμα
1515 3763 1687 3834 ὥσπερ
1721 3762 1746 3813 6

130 3854 264 3913 Υἱὸς
325 3849 508 3913 ἐκεῖνο,
565 3847 698 3900 οὕτω
755 3851 843 3900 καὶ
897 3847 1024 3900 αὐτὸ
1069 3847 1559 3921 ἐξαποστελλόμενος
1605 3853 1749 3923 παρά

129 3948 227 3993 τοῦ
291 3941 519 4011 Πατρός,
571 3944 659 3989 νῦν
697 3935 996 3989 ἀποστέλλει
1053 3939 1140 3989 τὸν
1199 3942 1421 4012 Πατέρα·
1472 3935 1580 3992 εἶπε
1619 3943 1742 4016 γὰρ,

131 4054 156 4078 «‹
222 4034 331 4084 Καὶ
388 4035 476 4079 νῦν
539 4029 724 4101 Κύριος
777 4024 1069 4079 ἀπέσταλκέ
1125 4046 1188 4099 με
1243 4031 1352 4094 καὶ,
1411 4032 1469 4080 τὸ
1541 4035 1748 4103 Πνεῦμα

129 4119 327 4172 αὐτοῦ.
378 4137 406 4168 ι
459 4115 620 4176 Δῆλον
668 4112 757 4168 οὖν
799 4118 854 4168 ἑκ
893 4118 1086 4167 τούτων
1117 4120 1206 4168 καὶ
1245 4123 1350 4178 τοῖς
1377 4122 1449 4190 μὴ
1481 4117 1594 4170 λίαν
1626 4119 1745 4182 ὀξυ-

129 4204 452 4282 δορκοῦσιν,
498 4207 672 4279 ὅτιπερ
725 4208 755 4264 ἠ
822 4203 1084 4264 ἀποστολὴ
1165 4208 1280 4258 οὔτε
1336 4209 1424 4258 τὸν
1501 4210 1622 4260 Υιόν
1679 4211 1746 4270 εἰς

128 4296 340 4349 ἰλοὶττω
400 4297 615 4367 κατάγει
672 4297 827 4367 φύσιν
883 4300 974 4347 καὶ
1049 4299 1226 4368 τιμὴν,
1310 4294 1416 4348 ἀλλ’
1491 4294 1614 4350 οὐδὲ
1689 4302 1746 4350 τό

128 4393 375 4458 Πνεῦμα⁶
422 4387 551 4437 ὅπου
600 4404 660 4456 γε
699 4389 790 4436 καὶ
829 4383 985 4446 αὐτὸς
1032 4385 1056 4437 6
1115 4389 1292 4460 Πατὴρ
1342 4384 1749 4440 ἀποστελλεσθαι

123 4475 344 4547 λέγεται
423 4473 544 4547 παρ’
618 4473 880 4549 ἑκατέρου·
959 4471 1260 4526 ἀποστέλλει
1333 4475 1359 4526 6
1440 4480 1619 4550 Πατὴρ
1690 4482 1749 4532 τὸ

127 4571 376 4635 Πνεῦμα,
434 4561 736 4615 ἀποστιλλει
813 4565 901 4614 καὶ
977 4563 1002 4613 6
1087 4564 1229 4629 Υἱός,
1306 4560 1608 4616 ἀποστελλει
1663 4568 1749 4616 τὸν

125 4656 260 4707 Υἱὸν
294 4655 474 4704 καὶτὸ
520 4657 746 4723 Πνεῦμα.
799 4673 826 4700 ‹‹
879 4657 1086 4723 Πνεῦμα
1123 4653 1224 4724 γὰρ
1274 4653 1471 4725 Κυρίου
1519 4650 1593 4704 ἐπ’
1640 4651 1746 4725 ἑμὶ,

127 4743 191 4794 οὗ
247 4739 404 4794 εἵνεκ’
464 4741 649 4813 ἔχρισε
719 4756 799 4811 με·
864 4738 1303 4810 εὐαγγελίσασθαι
1356 4749 1594 4812 πτωχοῖς
1652 4740 1749 4793 ἀπ-

126 4828 364 4884 έσταλκε
406 4847 488 4901 με·
535 4848 566 4880 ››
606 4826 937 4882 Ἀποστέλλει
989 4833 1078 4882 καὶ
1133 4832 1220 4881 τόν
1271 4833 1496 4904 Πατέρα.
1548 4834 1749 4882 Οὔκουν

128 4919 455 4973 ἰλαττοῦται
505 4913 599 4970 διὰ
635 4924 730 4979 τῆς
764 4915 1060 4978 ἀποστολῆς
1107 4921 1165 4970 τό
1221 4925 1445 4991 Πνεῦμα·
1479 4920 1572 4971 οῦκ
1626 4918 1750 4972 ἀπο-

129 5008 346 5063 στέλλει
392 5003 452 5060 δε
499 5011 672 5080 μόνον,
706 5005 834 5058 ἀλλὰ
879 5011 969 5058 καὶ
1011 4999 1158 5081 χρίει
1201 5010 1289 5060 τὸν
1336 5010 1474 5062 Υίόν.
1519 5015 1633 5070 Πῶς
1663 5005 1749 5061 οὖν

129 5101 162 5157 ἠ
232 5095 505 5155 ἀποστολὴ
583 5093 929 5148 καταϐιϐάσει
1009 5099 1066 5147 τό
1149 5102 1395 5168 Πνεῦμα;
1470 5098 1528 5150 o6
1598 5102 1750 5171 μόνον

1867 1714 2034 1763 catur
2062 1723 2262 1764 creare
2288 1709 2478 1775 Pater,
2510 1725 2628 1766 non
2652 1715 2848 1767 autem
2880 1728 2910 1767 e
2944 1715 3242 1770 contrario
3274 1730 3379 1787 per
3407 1717 3516 1773 Pa-

1867 1800 2017 1851 trem
2042 1796 2222 1852 Filius
2265 1813 2278 1860 ;
2310 1813 2505 1871 neque
2536 1799 2677 1854 item
2710 1801 2958 1872 Spiritus
2988 1817 3094 1872 per
3129 1805 3358 1858 Patrem
3391 1805 3514 1860 sive

1867 1901 1970 1956 per
2003 1885 2208 1942 Filium
2227 1887 2256 1943 ἳ
2273 1889 2361 1942 An
2381 1903 2482 1960 per
2503 1891 2726 1945 Patrem
2745 1889 2993 1961 quidem
3012 1890 3336 1962 intelligere
3353 1893 3505 1964 licet,

1868 1973 2076 2030 auditu
2104 1975 2342 2042 mirum,
2376 1976 2673 2033 intellectu
2706 1994 2824 2033 non
2849 1979 3207 2052 impervium
3240 1982 3268 2038 7
3298 1983 3440 2054 quia
3461 1987 3516 2039 et

1869 2063 2043 2119 Filius
2073 2063 2301 2120 etiamsi
2337 2066 2617 2137 Spiritum
2649 2066 2892 2123 minime
2924 2074 3100 2134 creat,
3133 2070 3279 2124 dum
3314 2076 3513 2127 tamen

1867 2153 1944 2208 ad
1971 2152 2088 2208 alia
2114 2169 2296 2225 opera
2320 2153 2478 2210 hunc
2501 2155 2696 2221 mittit,
2715 2156 2894 2211 simul
2911 2162 3211 2228 operatur.
3233 2159 3347 2214 Cur
3368 2174 3512 2228 ergo

1867 2256 1984 2296 non
2016 2246 2102 2297 est
2137 2241 2481 2298 incredibile
2510 2243 2867 2299 miraculum
2896 2243 3011 2300 hoc
3037 2243 3064 2298 ‘i
3094 2248 3150 2300 et
3176 2246 3304 2316 quis
3327 2245 3509 2302 ﬁdem

1865 2329 2002 2386 huic
2045 2329 2123 2387 rei
2169 2331 2305 2388 facit
2331 2333 2360 2388 ?
2399 2348 2577 2388 nemo
2621 2333 2969 2405 quisquam,
3017 2339 3227 2405 praeter
3264 2337 3507 2403 Patrem,

1867 2421 1970 2492 qui
2011 2420 2230 2476 scilicet
2277 2421 2398 2492 ipse
2445 2437 2688 2494 quoque
2741 2421 3014 2477 mittitur.
3059 2422 3149 2476 Ait
3189 2422 3346 2478 enim
3371 2438 3514 2494 pro-

1864 2509 2105 2581 phetica
2122 2517 2290 2565 utens
2313 2511 2479 2566 Isaias
2496 2526 2668 2566 voce:
2698 2533 2725 2559 «
2748 2510 2899 2566 Audi
2920 2526 3034 2579 me,
3054 2510 3238 2567 Jacob
3261 2511 3513 2568 etlsrael

1863 2613 2046 2670 quem
2085 2615 2196 2672 ego
2219 2599 2456 2671 appello
2499 2616 2511 2654 :
2545 2602 2664 2672 Ego
2698 2602 2850 2655 Deus
2892 2599 3121 2670 primus
3160 2605 3215 2656 et
3253 2616 3365 2671 ego
3412 2617 3514 2657 no-

1864 2687 2168 2754 vissimus,
2209 2693 2266 2744 et
2302 2692 2515 2760 praeter
2553 2704 2650 2744 me
2689 2704 2867 2744 nemo
2901 2689 3055 2744 Deus
3085 2693 3176 2745 est
3217 2691 3284 2744 ³⁸.
3329 2710 3356 2742 »
3391 2692 3512 2760 Ego

1863 2792 2042 2833 manu
2089 2793 2224 2833 mea
2261 2778 2486 2834 telluris
2531 2777 2922 2834 fundamenta
2954 2779 3090 2850 jeci,
3137 2779 3512 2851 Spiritusque

1863 2882 2030 2922 meus
2062 2866 2272 2922 caelum
2295 2866 2572 2924 firmavit.
2608 2867 2805 2922 Viden’
2826 2873 2885 2922 ut
2917 2883 3145 2931 creans,
3178 2884 3283 2939 per
3298 2867 3511 2923 Filium

1863 2955 2267 3028 Spiritumque
2315 2960 2470 3011 creet
2505 2955 2533 3009 τ
2575 2955 2696 3026 Ego
2735 2956 2962 3011 cunctis
3016 2956 3191 3011 astris
3231 2957 3506 3028 praecepi.

1859 3047 1993 3100 Haec
2021 3060 2122 3100 ore
2161 3044 2455 3115 PrOphetae
2494 3046 2540 3079 ³⁵
2581 3043 2663 3100 ait
2699 3045 2970 3100 omnium
3000 3045 3176 3112 Deus,
3205 3059 3386 3117 seque
3415 3045 3508 3100 his

1859 3133 2029 3188 dictis
2069 3133 2377 3188 manifeste
2415 3132 2656 3200 revelat,
2688 3147 2896 3205 nempe
2918 3132 3082 3205 quod
3115 3132 3299 3188 verba
3324 3133 3444 3188 haec
3475 3150 3510 3190 δ.

1860 3222 2027 3278 Patre
2057 3223 2337 3278 dicuntur
2369 3240 2382 3274 :
2412 3237 2556 3278 nam
2585 3221 2828 3278 dextera
2857 3220 2983 3293 ejus
3013 3221 3193 3277 Filius
3222 3227 3314 3278 est
3343 3238 3356 3288 ;
3384 3222 3508 3294 Spi~

1859 3311 2006 3367 ritus
2037 3326 2179 3367 vero
2210 3311 2259 3383 ej
2273 3327 2358 3376 us,
2395 3311 2645 3384 Spiritus
2675 3317 2936 3367 sanctus.

1929 3495 1982 3547 2.
2025 3493 2070 3549 Ο
2110 3491 2288 3548 verba
2333 3493 2629 3549 recondita
2677 3493 2690 3548 1
2746 3492 2870 3548 imo
2909 3492 3106 3563 potius
3147 3507 3360 3548 sensus
3403 3491 3508 3546 mi-

1857 3581 2019 3638 nime
2045 3587 2256 3650 patens
2299 3581 2310 3635 Ξ
2344 3582 2446 3654 qui
2473 3582 2522 3636 si
2561 3586 2762 3638 tamen
2801 3581 3170 3654 explanetur,
3204 3580 3391 3637 facilis
3416 3580 3508 3636 in-

1862 3671 2092 3727 tellectu
2112 3677 2220 3727 est.
2249 3692 2272 3721 α
2292 3674 2356 3727 Et
2378 3687 2538 3726 nunc
2553 3671 2841 3727 Dominus
2870 3671 3028 3726 misit
3056 3687 3149 3726 me
3171 3674 3224 3726 et
3252 3669 3505 3742 Spiritus

1857 3761 1985 3831 ejus
2024 3763 2090 3815 ³⁸.
2131 3781 2159 3813 ››
2184 3763 2335 3830 Ergo
2377 3761 2646 3832 Spiritus,
2677 3761 2845 3816 sicuti
2883 3761 3044 3816 hunc
3085 3760 3283 3826 Filius,
3326 3760 3407 3815 ita
3455 3762 3510 3815 et

1856 3849 1982 3920 ipse
2008 3853 2235 3906 Patrem
2273 3850 2468 3905 mittit.
2511 3853 2659 3906 Nam
2689 3865 2897 3922 reapse
2929 3850 3209 3905 Dominus
3235 3863 3392 3904 nunc
3423 3847 3510 3903 Fi-

1855 3937 1970 3994 lius
2025 3939 2252 4005 dicitur,
2313 3938 2417 4010 qui
2459 3937 2728 3994 similiter
2783 3955 2819 3993 a
2856 3939 3021 3994 Patre
3063 3937 3305 4004 missus,
3350 3952 3509 3992 nunc

1861 4027 2035 4084 mittit
2055 4031 2303 4084 Patrem.
2324 4027 2415 4082 Ait
2453 4027 2647 4082 enim:
2679 4051 2699 4076 ι
2737 4028 2804 4082 Et
2834 4042 2990 4082 nunc
3027 4025 3310 4081 Dominus
3342 4024 3509 4080 misit

1859 4132 1953 4171 me
1983 4122 2039 4172 et
2068 4116 2317 4189 Spiritus
2355 4115 2503 4185 ejus.
2534 4136 2562 4165 »
2609 4118 2674 4171 Et
2716 4115 2809 4170 his
2843 4115 3024 4183 igitur
3058 4119 3292 4170 constat
3328 4112 3506 4184 paulo

1857 4207 2037 4261 etiam
2066 4204 2490 4269 obtusioribus,
2515 4219 2705 4276 neque
2735 4203 3019 4259 missione
3046 4203 3241 4259 Filium
3263 4201 3507 4274 deprimi

1859 4296 1934 4350 ad
1961 4294 2252 4350 minorem
2292 4292 2387 4348 vel
2417 4298 2644 4348 natura;
2675 4291 2766 4348 vel
2796 4292 3039 4347 honoris
3067 4291 3324 4361 gradum
3359 4306 3373 4356 ;
3403 4305 3507 4344 ne-

1859 4399 1976 4456 que
2015 4383 2158 4438 item
2198 4382 2484 4455 Spiritum
2521 4398 2534 4447 ;
2566 4381 2857 4454 quoniam
2895 4386 2951 4436 et
2980 4380 3105 4453 ipse
3146 4379 3315 4436 Pater
3360 4379 3508 4434 mitti

1860 4473 2069 4528 dicitur
2108 4472 2186 4528 ab
2226 4476 2500 4542 utroque.
2540 4471 2704 4526 Mittit
2745 4473 2909 4525 Pater
2951 4467 3234 4542 spiritum
3277 4485 3290 4533 ;
3333 4467 3510 4525 mittit

1861 4566 1917 4618 et
1946 4561 2142 4617 Filius.
2177 4560 2337 4618 Mittit
2370 4559 2574 4615 Filium
2614 4561 2793 4615 etiam
2835 4557 3089 4630 Spiritus
3133 4574 3146 4612 :
3183 4579 3214 4606 ς(
3255 4556 3508 4629 Spiritus

1861 4651 2018 4706 enim
2059 4649 2293 4706 Domini
2332 4665 2512 4721 super
2543 4664 2638 4704 me
2671 4665 2684 4715 ;
2725 4647 3121 4721 quamobrem
3167 4645 3334 4700 unxit
3375 4661 3503 4711 me;

1860 4740 2264 4810 evangelizare
2284 4738 2650 4811 pauperibus
2680 4738 2835 4792 misit
2863 4752 2960 4791 me
2979 4737 3046 4790 ³⁷.
3083 4757 3107 4786 υ
3134 4735 3302 4791 Mittit
3328 4734 3508 4790 etiam

1861 4833 2110 4886 Patrem.
2129 4832 2252 4885 Non
2266 4843 2407 4899 ergo
2425 4826 2790 4883 imminuitur
2802 4825 3088 4880 missione
3109 4824 3380 4896 Spiritus.
3401 4826 3507 4879 Ne-

1859 4935 1977 4992 que
2017 4917 2439 4975 tantummodo
2480 4915 2674 4982 mittit,
2709 4914 2812 4970 sed
2855 4914 3033 4969 etiam
3066 4913 3232 4982 ungit
3268 4911 3506 4968 Filium.

1861 5007 2176 5075 Quomodo
2198 5021 2339 5076 ergo
2372 5005 2579 5061 missio
2603 5003 2884 5076 Spiritum
2905 5001 3186 5074 deprimit
3212 5001 3240 5055 ?
3259 5003 3386 5057 Non
3414 5017 3504 5057 s04

1860 5097 1984 5153 lum
2016 5095 2175 5152 enim
2216 5095 2368 5150 hanc
2400 5093 2593 5166 ipsam
2623 5091 2894 5148 retribuit
2926 5090 3177 5164 Spiritus
3211 5089 3376 5156 Filio,
3413 5105 3505 5146 ve-

207 5251 262 5286 “
293 5247 389 5305 Isa
417 5261 616 5314 xnvm,
648 5250 702 5301 2.
782 5248 828 5283 ³⁸
858 5247 971 5303 Isa.
1003 5263 1135 5312 va,
1170 5247 1256 5302 12.
1335 5249 1382 5284 ³⁸
1410 5248 1523 5304 Isa.
1553 5266 1741 5315 XLVIII,
1777 5251 1860 5304 16.
1939 5250 1983 5284 ⁸⁷
2020 5247 2113 5304 lsa
2137 5259 2252 5316 LXI,
2292 5251 2338 5300 1.
2368 5246 2506 5301 Luc.
2547 5259 2624 5316 iv,
2655 5243 2738 5299 18.

1712 5356 1938 5414 NOTAE.

207 5498 330 5571 (76)
349 5496 647 5571 Pleraque
677 5495 922 5571 Photius
945 5496 1360 5571 desumpsisse
1382 5513 1454 5571 ex
1501 5497 1635 5555 Jobi
1663 5497 1944 5555 monachi
2004 5494 2315 5570 deperdito
2341 5509 2520 5569 opere
2549 5497 2634 5552 De
2660 5494 3072 5552 incarnatione
3097 5493 3198 5550 lib.
3234 5492 3306 5548 III
3333 5507 3384 5548 c.
3417 5492 3504 5558 1ο,

130 5566 319 5646 quod
341 5569 477 5642 ipse
503 5566 768 5627 récenset
801 5566 865 5624 in
903 5566 1286 5636 bibliotheca,
1314 5569 1455 5626 Cod.
1496 5573 1623 5626 222.
