4116 6194
544 297 641 354 9H

1767 290 2004 349 PHOTII
2044 286 2530 346 PATRIARCHE
2567 289 2676 348 (ΖΡ.

3796 293 3896 350 912

546 441 671 481 rum
690 424 869 480 etiam
895 421 1064 479 addit
1084 420 1449 478 unctionem.
1476 420 1809 477 Profundus
1831 433 2063 482 sermo;
2088 414 2193 469 sed

2325 414 2463 467 ιῦτοῦ
2502 417 2696 476 ταύτην
2728 412 3170 479 ἀνταποδιδόντος
3206 423 3276 487 τῷ
3315 418 3443 487 Υἱῷ,
3473 415 3606 469 ἀλλά
3634 420 3724 469 xui
3750 437 3896 490 προσ-

548 530 668 586 quo
688 512 1057 587 profundior,
1073 528 1144 568 eo
1166 512 1361 581 magis
1372 511 1788 567 hiereticorum
1802 506 2192 565 obstruitora.

549 603 672 657 Huc
695 604 873 658 etiam
898 607 1157 657 mentem
1184 600 1423 656 intende
1457 619 1469 659 :
1498 604 1703 655 manet
1739 598 1797 653 in
1819 596 1960 653 Filio
1994 613 2008 661 ;
2042 595 2197 648 hunc

551 708 587 747 a
617 692 865 746 mortuis
895 691 1163 745 suscitat.
1194 692 1345 754 Haec,
1375 688 1645 761 inquam,
1680 686 1986 742 nobilioris
2015 699 2088 739 ne
2121 697 2198 736 an

552 780 861 837 deterioris
889 779 1111 835 ordinis
1147 784 1286 834 sunt
1313 794 1497 850 quam
1534 777 1761 831 mittere
1791 774 1818 828 ‘l’
1846 774 1961 829 Sed
2006 785 2200 842 neque

553 870 681 925 haec
702 868 981 940 Spiritum
1017 883 1197 938 supra
1221 866 1429 923 Filium
1453 866 1747 929 exaltant;
1778 877 1971 935 neque
2000 860 2199 915 missio

558 958 636 1013 ab
665 957 1001 1029 aequalitate
1042 972 1179 1011 cum
1220 956 1363 1011 Filio
1397 954 1678 1026 Spiritum
1720 952 1972 1007 missum
2000 949 2198 1020 depri-

558 1047 667 1105 mit
693 1049 762 1104 ³⁸.

630 1227 683 1280 3.
711 1227 782 1282 At
808 1225 964 1281 enim
998 1239 1241 1294 ungere,
1282 1224 1464 1295 dices,
1506 1228 1563 1280 et
1602 1223 1831 1279 mittere
1861 1225 1919 1276 et
1950 1219 2203 1275 exsusci-

562 1320 703 1380 tare,
746 1320 881 1388 post
913 1330 1146 1370 sacram
1184 1315 1585 1371 oeconomiam
1614 1310 2206 1380 incarnationemque

560 1404 712 1459 ﬁunt
747 1420 758 1459 :
801 1420 935 1476 quae
969 1404 1015 1458 si
1050 1404 1330 1474 praedicta
1365 1418 1606 1475 quoque
1647 1401 1903 1463 fuerunt,
1946 1397 2206 1453 oraculis

562 1494 834 1549 videlicet
871 1510 964 1547 res
1004 1492 1200 1547 futura
1260 1492 1682 1562 przedicabatur
1721 1490 1789 1543 ⁸³.
1830 1518 1897 1526 -
1931 1486 2209 1540 Praeclare

564 1584 673 1639 ais.
700 1582 1025 1637 Considera
1056 1597 1254 1651 porro,
1303 1581 1645 1635 missionem
1687 1592 1927 1649 quoque
1967 1575 2209 1646 Spiritus

565 1689 599 1728 a
624 1672 762 1726 Filio
781 1688 915 1725 cum
939 1672 1209 1726 Servator
1230 1670 1449 1732 docuit,
1468 1667 1758 1737 illumque
1787 1680 1822 1719 a
1846 1664 2015 1719 Patre
2036 1663 2210 1717 fuisse

2303 508 2525 567 τιθέντος
2564 516 2633 578 τῷ
2672 511 2957 580 χρίσματι·
3011 505 3181 579 βαθὺς
3228 508 3253 558 6
3290 507 3460 577 λόγος,
3516 506 3625 559 ἀλλ’
3680 508 3753 569 εἰς
3793 510 3894 560 ὅσον

2306 596 2419 652 ἣκει
2460 594 2660 667 βάθους
2707 600 2772 649 τά
2818 605 2917 648 τῶν
2966 598 3235 670 αἰρετικῶν
3289 594 3614 671 ἀποφράττει
3656 602 3894 669 στόματα-

2307 683 2610 738 Ἐπισκοπει
2641 682 2699 739 δὲ
2744 686 2833 738 καί
2875 694 3046 740 τοῦτο.
3093 686 3207 739 Ἐπὶ
3245 689 3333 738 τόν
3362 689 3481 738 Υἰόν
3528 690 3690 758 μένει·
3736 686 3899 759 ἐγείρει

2308 774 2462 826 αὑτὸν
2517 775 2616 828 ἀπό
2682 784 2777 828 τῶν
2834 785 3041 849 νεκρῶν.
3096 778 3235 847 Ἀρα
3286 784 3454 827 ταῦτα
3516 772 3771 850 δευτέραν

2308 864 2436 935 οῦχὶ
2486 870 2579 923 τὴν
2614 871 2824 937 πρωτην
2869 866 2899 923 ἡ
2941 868 2998 916 τὸ
3032 864 3360 917 ἀποστέλλειν
3393 864 3540 927 τάξιν
3569 866 3901 937 κατείληφεη

2310 953 2444 1005 Ἀλλ’
2472 956 2587 1006 οὔτε
2630 961 2795 1006 ταῦτα
2825 958 2881 1005 τό
2917 960 3123 1026 Πνεῦμα
3152 961 3291 1007 ποιεῖ
3318 960 3409 1005 τοῦ
3438 956 3562 1006 Υἰοῦ
3604 955 3902 1027 ὑπερκείμε-

2310 1062 2412 1107 νον,
2446 1040 2560 1094 add”
2602 1045 2631 1101 ἡ
2677 1042 2937 1101 ἀποστολὴ
2986 1041 3331 1103 καταϐιϐάζει
3376 1052 3467 1104 τῆς
3523 1043 3788 1115 ἰσοτιμίας
3830 1052 3905 1096 τοῦ

2312 1130 2435 1183 Υἰοῦ
2462 1134 2518 1183 τὸ
2551 1138 2757 1203 Πνεῦμα
2785 1134 2841 1182 τό
2869 1130 3322 1203 ἀποστελλόμενον.
3424 1188 3425 1195 γ

2382 1219 2450 1290 γ’.
2495 1218 2649 1271 Ἀλλά
2708 1222 2765 1271 τὸ
2821 1224 2992 1291 χρίειν
3034 1220 3166 1291 ἐρεῖς
3198 1218 3530 1272 ἀποστέλλειν
3576 1224 3672 1272 xui.
3716 1219 3909 1291 ἐγείρειν

2314 1312 2442 1381 μετά
2480 1314 2573 1367 τὴν
2604 1308 2897 1380 οἰκονομίαν
2942 1311 3075 1381 μετὰ
3118 1314 3211 1367 τὴν
3264 1310 3551 1383 σάρκωσιν·
3609 1309 3655 1361 εἰ
3702 1312 3801 1382 γὰρ
3832 1316 3910 1359 καὶ

2314 1403 2642 1472 προείρηται,
2704 1397 2831 1449 ἀλλά
2890 1403 3135 1470 χρησμοὶ
3214 1402 3269 1450 τό
3349 1398 3529 1470 μέλλον
3623 1398 3909 1473 ἐκήρυττον·

2317 1495 2496 1559 μενοῦν
2552 1506 2629 1557 γε.
2692 1486 2877 1540 Ἐννόει
2926 1484 2983 1539 δε
3053 1490 3116 1547 ὡς
3165 1491 3353 1539 καὶτὸ
3411 1486 3826 1540 ἀποστέλλεσθαι
3864 1492 3912 1537 τό

2322 1584 2526 1648 Πνεῦμα
2595 1579 2737 1650 παρὰ
2782 1584 2870 1628 τοῦ
2922 1578 3044 1628 Υἰοῦ
3102 1578 3256 1634 ἡνίκα
3309 1572 3590 1629 ἐδίδασκεν
3647 1578 3673 1628 6
3735 1580 3913 1650 Σωτήρ.

2320 1666 2371 1718 ἐκ
2435 1674 2523 1718 τοῦ
2596 1670 2799 1739 Πατρός
2870 1666 3025 1717 αὐτόν
3095 1663 3423 1718 ἀπεστάλθαι
3468 1672 3560 1718 καὶ
3620 1662 3792 1737 μηδὲν
3848 1665 3917 1736 ἀφ’

567 1762 809 1815 missum
871 1764 929 1812 et
968 1758 1111 1812 nihil
1160 1774 1195 1812 a
1244 1774 1303 1811 se
1374 1757 1505 1829 ipso
1556 1755 1737 1827 loqui,
1791 1758 1930 1807 tunc
1984 1753 2207 1807 missio-

2325 1756 2502 1808 ἑαυτοῦ
2545 1755 2728 1826 λέγειν,
2773 1762 3061 1812 τηνικαῦτα
3105 1760 3193 1807 καὶ
3242 1760 3336 1813 τὴν
3370 1754 3668 1813 ἀποστολὴν
3711 1756 3918 1808 οἰκειοῦ-

568 1866 705 1905 nem
736 1849 875 1903 item
905 1848 1153 1918 Spiritus
1184 1847 1294 1901 sibi
1325 1845 1717 1900 vindicavisse
1750 1860 1765 1897 :
1793 1857 2052 1913 cumque
2084 1842 2208 1911 ipse

568 1940 784 1994 missus
805 1945 909 2003 est,
945 1942 1083 1993 tunc
1115 1936 1385 1991 mittendi
1411 1950 1651 2006 quoque
1673 1932 2015 1988 facultatem
2048 1946 2212 1985 acce-

567 2028 744 2101 pisse.
766 2026 971 2080 Viden’
998 2030 1062 2079 ut
1080 2020 1205 2080 haec
1222 2024 1425 2079 omnia
1455 2039 1637 2078 sacrae
1664 2020 2013 2077 oeconomiae
2030 2019 2212 2075 verba

571 2117 709 2181 sint,
730 2131 848 2170 non
863 2113 1181 2170 auctoritas
1198 2113 1226 2167 ?
1255 2113 1467 2185 Specta
1484 2112 1662 2182 igitur
1681 2108 1840 2181 quod
1863 2109 2213 2164 ceconomiaa

568 2211 674 2271 est,
697 2209 873 2278 atque
892 2204 968 2260 ab
993 2218 1064 2259 eo
1091 2202 1384 2274 quidquid
1407 2206 1493 2256 est
1515 2198 1902 2263 auctoritatis,
1923 2198 2212 2253 discerne.

569 2295 766 2351 Missio
818 2309 939 2349 non
990 2291 1239 2347 destruit
1271 2288 2004 2346 consubstantialitatem:
2077 2290 2212 2341 sub-

569 2383 749 2441 stanti
823 2382 1190 2451 homogenea
1254 2395 1374 2435 non
1438 2379 1612 2435 trahit
1668 2377 1745 2433 ad
1797 2375 2215 2431 differentiam.

570 2476 712 2529 Cum
770 2471 1009 2527 exivita
1048 2470 1215 2525 Patre
1272 2469 1546 2540 venitque
1606 2466 1799 2531 Filius,
1854 2470 1993 2520 tunc
2046 2465 2220 2519 mittit

570 2566 626 2618 et
657 2562 956 2632 Spiritum.
990 2562 1188 2630 Neque
1214 2559 1271 2614 in
1301 2559 1460 2613 exitu
1484 2556 1548 2613 ﬁt
1578 2555 1900 2618 distractio,
1935 2570 2129 2626 neque
2158 2555 2217 2609 in

572 2650 855 2707 missione
908 2648 1224 2721 separatio.
1261 2646 1444 2703 Exivit
1492 2660 1757 2709 manens,
1813 2644 2089 2714 misitque
2134 2659 2218 2698 re-

572 2739 764 2797 tinens
790 2739 953 2811 apud
997 2754 1077 2793 se.
1125 2737 1373 2793 Suscitat
1413 2735 1706 2791 Christum
1761 2732 2010 2805 Spiritus
2051 2747 2218 2797 ;non

570 2830 735 2901 quod
779 2826 1068 2882 inﬁrmior
1098 2826 1155 2881 in
1183 2825 1283 2881 illo
1318 2824 1595 2879 divinitas
1622 2826 1793 2887 esset,
1827 2821 1929 2877 sed
1974 2836 2048 2877 ne
2094 2820 2218 2876 vim

571 2918 824 2976 activam
855 2916 1104 2988 Spiritus
1131 2931 1167 2970 a
1192 2914 1497 2969 divinitate
1521 2912 1641 2968 Filii
1673 2912 1928 2967 alienam
1956 2916 2214 2982 putares.

572 3006 791 3064 Deinde
824 3004 1075 3077 Spiritus
1106 3002 1354 3076 quidem
1378 3004 1604 3056 Patrem
1634 3000 1806 3056 mittit
1836 3016 1849 3065 ;
1883 3015 2003 3055 non
2029 3004 2217 3055 tamen

2320 1863 2406 1895 ται
2445 1852 2536 1895 τοῦ
2596 1847 2906 1915 Πνεῦματος·
2970 1846 3052 1895 ὅτε
3101 1844 3256 1905 αὐτὸς
3310 1842 3674 1909 ἀπεστέλλετο,
3732 1850 3820 1896 καὶ
3870 1850 3916 1895 τὸ

2324 1932 2651 1985 ἀποστέλλειν
2697 1930 2994 2004 ἀνεδέχετο.
3042 1932 3193 2007 Ὀρᾲς
3242 1936 3311 1995 ὡς
3359 1941 3526 1985 ταῦτα
3568 1937 3747 1986 πάντα
3794 1934 3920 1985 οἰκο-

2323 2027 2505 2095 νομίας
2546 2021 2703 2088 ἐστὶν,
2752 2021 2855 2073 ἀλλ’
2902 2022 2995 2074 οῦκ
3040 2022 3306 2083 αὖθεντίας
3335 2026 3397 2075 ra
3438 2024 3703 2097 ῥήματα;
3746 2030 3845 2076 νόει
3872 2027 3917 2075 τὸ

2323 2119 2414 2172 τῆς
2465 2111 2780 2182 οἰκονομίας,
2840 2117 2928 2163 καὶ
2978 2108 3215 2185 διάκρινε
3276 2115 3334 2164 τὸ
3387 2121 3483 2173 τῆς
3539 2113 3832 2173 αῦθεντίας·
3892 2116 3915 2168 ἦ

2328 2198 2589 2259 ἀποστολὴ
2625 2201 2682 2253 οῦ
2712 2201 2820 2255 λῦει
2858 2204 2916 2254 τό
2958 2203 3256 2275 ὀμοούσιον·
3300 2205 3359 2254 τό
3404 2204 3622 2274 ὁμοφυες
3664 2202 3727 2254 οῦ
3767 2208 3919 2275 τρέπει

2326 2295 2451 2363 πρὸς
2529 2290 2821 2364 ἑτερότητα·
2883 2292 2964 2343 ὅτε
3045 2290 3249 2353 ἰξῆλθεν
3313 2290 3368 2342 ἐκ
3423 2299 3515 2344 τοῦ
3575 2295 3783 2365 Πατρός
3844 2298 3920 2342 xui

2328 2379 2446 2437 ἧκεν
2504 2381 2529 2431 6
2568 2382 2707 2443 Υἱός,
2760 2384 2873 2432 τότε
2931 2378 3235 2432 ἀποστελλει
3288 2386 3376 2432 καὶ
3421 2384 3478 2432 τό
3538 2388 3773 2453 Πνεῦμα·
3824 2386 3921 2433 οὗτε

2329 2467 2376 2519 ἓν
2416 2477 2476 2540 τῇ
2530 2468 2776 2531 έξελεῦσει
2808 2466 3106 2535 διάστασις,
3152 2472 3270 2522 οὔτε
3325 2468 3373 2520 ἐν
3409 2477 3471 2536 τῇ
3508 2468 3781 2543 ἀποστολῇ
3827 2491 3921 2541 χω-

2327 2561 2534 2630 ρισμός·
2588 2556 2764 2620 ἐξῆλθε
2829 2563 3011 2631 μένων,
3093 2563 3183 2610 καὶ
3247 2558 3515 2612 ἀπέστειλε
3578 2560 3712 2631 παρ’
3774 2559 3919 2625 ἐαυτῷ

2330 2648 2483 2717 ἔχων·
2539 2644 2727 2717 ἀνιστᾲ
2773 2651 2859 2699 τόν
2906 2650 3135 2720 Χριστὸν
3184 2652 3242 2699 τό
3285 2655 3513 2719 Πνεῦμα,
3566 2649 3677 2720 οὐχ
3720 2652 3783 2709 ὡς
3822 2647 3921 2699 ἀτο-

2328 2738 2521 2797 νοῦσης
2568 2744 2657 2796 τῆς
2702 2736 2749 2788 ὲν
2799 2736 2939 2807 αὐτῷ
2986 2739 3247 2799 θεότητος,
3296 2736 3402 2788 ἀλλ’
3444 2739 3526 2789 ἰνα
3556 2742 3653 2795 τὴν
3685 2738 3921 2812 ἐνέργειαν

2328 2831 2420 2875 τοῦ
2480 2828 2791 2896 Πνεῦματος,
2847 2834 2940 2888 τῆς
3000 2829 3048 2878 ἐν
3103 2835 3175 2896 τῷ
3231 2829 3336 2895 Υἰῷ
3390 2831 3589 2898 νοήσῃς
3643 2827 3743 2879 οὐκ
3796 2827 3921 2878 ἀλλο·

2328 2918 2632 2986 τριουμένην
2689 2916 2940 2975 θεότητος·
2999 2913 3109 2967 εἶτα
3155 2918 3213 2967 τό
3275 2922 3483 2987 Πνεῦμα
3534 2919 3625 2987 μεν
3693 2914 3922 2967 ἀποστελ-

2327 3002 2402 3055 λει
2451 3007 2537 3055 τὸν
2597 3009 2820 3078 Πατέρα·
2880 3004 2936 3056 οῦ
2995 3004 3245 3067 πολλάκις
3293 3001 3372 3057 δέ·
3431 3006 3515 3056 ἶνα
3551 3002 3647 3057 διὰ
3843 3012 3920 3057 τοῦ

570 3110 1008 3168 saepenumero.
1047 3096 1129 3149 lta
1160 3096 1401 3165 propter
1426 3090 1581 3146 hanc
1610 3090 1945 3145 missionem
1979 3104 2099 3144 non
2124 3104 2215 3143 ex-

2330 3090 2675 3160 ἀποστελλειν,
2726 3093 2853 3155 ὅλως
2901 3100 2997 3154 τῆς
3056 3092 3218 3155 αὐτῆς
3266 3097 3337 3166 μὴ
3383 3089 3613 3166 διαπέσῃ
3667 3097 3804 3146 κατά
3842 3098 3921 3149 την

571 3187 711 3245 cidit
734 3184 999 3256 Spiritus,
1026 3198 1197 3237 secus
1216 3197 1285 3237 ac
1308 3180 1566 3235 haeretici
1591 3179 1903 3242 blaterant,
1926 3178 2003 3234 ab
2021 3194 2218 3249 aequa-

571 3277 734 3331 litate
788 3281 842 3329 et
879 3272 1203 3327 divinitate.
1263 3271 1421 3335 Quos
1452 3274 1652 3324 autem
1682 3284 1802 3324 non
1831 3284 1987 3340 saepe
2018 3267 2215 3334 mittit,

572 3366 631 3421 id
660 3363 881 3419 scilicet
904 3360 1137 3428 accidit,
1169 3376 1243 3414 ne
1268 3359 1329 3413 in
1350 3358 1624 3413 Trinitate
1660 3357 1772 3412 vim
1798 3361 2101 3413 causalem
2125 3357 2219 3412 tri-

569 3454 683 3509 bus
696 3465 1078 3507 communem
1093 3447 1523 3503 existimemus.
1552 3445 1773 3501 Idcirco
1789 3448 1955 3501 Pater
1974 3446 2218 3517 quidem

571 3542 785 3598 dicitur
814 3552 1226 3610 saepenumero
1260 3551 1363 3607 per
1391 3534 1668 3606 Spiritum
1710 3549 1885 3601 agere
1912 3551 1926 3599 ;
1957 3534 2220 3589 similiter

572 3632 749 3686 etiam
770 3644 875 3700 per
906 3626 1134 3682 Filium.
1171 3624 1315 3679 Illud
1340 3631 1537 3679 autem
1561 3639 1717 3694 saepe
1752 3621 1877 3677 ﬁeri
1899 3622 2130 3687 dicitur,
2162 3627 2223 3679 ut

572 3718 724 3775 Patri
750 3716 1002 3772 causalis
1028 3716 1114 3770 vis
1132 3712 1517 3769 conﬁrmetur
1543 3734 1553 3764 :
1587 3712 1779 3767 rarius
1821 3715 2020 3767 autem
2049 3726 2221 3781 agere

572 3824 677 3881 per
708 3810 935 3863 Patrem
985 3802 1230 3875 Spiritus
1260 3800 1468 3857 dicitur
1497 3800 1588 3856 vel
1622 3800 1821 3864 Filius,
1869 3816 1942 3855 ne
1987 3800 2032 3854 si
2065 3816 2221 3872 saepe

570 3913 677 3970 per
706 3900 933 3952 Patrem
962 3906 1138 3963 agere
1171 3890 1418 3962 Spiritus
1447 3893 1625 3961 atque
1657 3889 1832 3944 Filius
1863 3889 2217 3955 dicerentur,

570 3987 867 4044 malitiosa
883 3988 1058 4056 atque
1077 3986 1312 4037 versuta
1339 3979 1751 4035 haereticorum
1778 3980 1975 4035 rabies
1994 3980 2221 4036 minore

569 4077 776 4134 ordine
798 4088 1117 4147 personam
1136 4070 1507 4141 gloriamque
1528 4071 1708 4125 Patris
1737 4068 2051 4125 collocaret
2082 4091 2091 4133 ;
2120 4075 2223 4124 aut

568 4165 732 4240 quod
786 4164 978 4232 magis
1007 4159 1248 4216 obvium
1280 4164 1453 4221 esset,
1482 4158 1895 4213 causalitatem
1928 4157 2007 4212 illi
2038 4160 2221 4229 eripe-

569 4260 673 4311 ret.
724 4252 885 4310 Mittit
941 4253 1107 4305 Pater
1140 4248 1419 4320 Spiritum
1449 4250 1629 4317 atque
1677 4246 1902 4301 Filium.
1937 4246 2097 4302 Mittit
2124 4250 2223 4301 Pa-

570 4349 717 4399 trem
771 4342 947 4398 etiam
1004 4337 1253 4409 Spiritus
1310 4335 1570 4408 itemque
1634 4334 1807 4389 Filius
1844 4352 1855 4389 :
1892 4350 1967 4390 en
1994 4342 2221 4391 natura:

2328 3185 2590 3255 αἰρετικήν
2642 3181 3011 3253 γλωσσαλγίαν
3074 3182 3339 3253 ἰσοτιμίας
3388 3188 3478 3234 καὶ
3528 3185 3791 3243 θεότητος·
3843 3180 3924 3235 διὰ

2328 3268 2386 3324 δε
2415 3278 2506 3323 τοῦ
2538 3276 2608 3342 μὴ
2664 3270 2930 3338 πολλάκις,
2985 3274 3041 3323 τό
3096 3269 3143 3322 ἰν
3186 3279 3245 3342 τῇ
3291 3268 3486 3347 Τριάδι
3531 3275 3702 3323 αἴτιον
3751 3278 3819 3345 μὴ
3852 3292 3923 3323 νο-

2328 3362 2491 3433 μισθῇ
2533 3364 2702 3412 κοινόν
2745 3368 2842 3412 τῶν
2892 3369 3067 3433 τριῶν·
3111 3357 3204 3412 διὰ
3253 3368 3406 3412 τοῦτο
3445 3360 3647 3432 λέγεται
3691 3366 3781 3433 μὲν
3820 3362 3923 3413 πολ·

2326 3450 2474 3511 λάκις
2531 3451 2556 3501 ό
2612 3454 2788 3521 Πατὴρ
2837 3446 2931 3501 διὰ
2984 3456 3073 3501 τοῦ
3123 3452 3419 3521 Πνεῦματος
3472 3450 3717 3523 ἐνεργεῖν·
3772 3455 3921 3502 ὠσαὶο

2329 3560 2423 3600 τως
2454 3536 2512 3591 δὲ
2559 3544 2647 3590 καὶ
2676 3535 2768 3590 diu
2806 3545 2897 3590 τοῦ
2949 3541 3089 3591 Υἰοῦ·
3122 3537 3366 3599 πολλάκις
3391 3542 3487 3609 μεν
3538 3541 3619 3591 ἵνα
3671 3544 3731 3591 τό
3776 3545 3921 3591 αἴτιον

2328 3625 2400 3699 τῷ
2450 3633 2616 3699 Πατρὶ
2676 3626 2961 3700 βεϐαιωθῇ·
3017 3627 3075 3679 οῦ
3129 3626 3376 3689 πολλάκις
3409 3625 3469 3680 δε
3512 3631 3569 3679 τό
3604 3626 3817 3701 Πνεῦμα
3844 3626 3923 3679 διὰ

2328 3724 2417 3770 τοῦ
2468 3719 2691 3789 Πατρός,
2750 3719 2865 3768 οὔτε
2913 3717 2938 3767 6
2988 3718 3127 3781 Υἱός,
3185 3719 3268 3768 ἵνα
3316 3720 3389 3788 μὴ
3436 3713 3529 3769 διὰ
3566 3726 3663 3769 τοῦ
3696 3718 3923 3776 πολλάκις

2329 3804 2546 3878 ἰνεργεῖν
2596 3801 2690 3857 διὰ
2738 3813 2828 3859 τοῦ
2860 3808 3067 3879 Πατρός
3119 3808 3177 3856 τό
3229 3812 3438 3877 Πνεῦμα
3485 3811 3574 3858 καὶ
3612 3810 3705 3859 τόν
3737 3810 3918 3871 Υἰόν,ἱ;

2328 3898 2703 3965 κακομήχανος
2775 3899 2862 3946 καὶ
2914 3893 3236 3966 πολύτροπος
3293 3893 3469 3945 λύσσα
3517 3904 3615 3946 τῶν
3669 3899 3923 3969 αἰρετικὼν

2330 3982 2403 4043 εἰς
2442 3982 2632 4034 ἐλάττω
2680 3982 2825 4045 τάξιν
2878 3987 2970 4040 τὴν
3019 3984 3311 4035 ὑπόστασιν
3358 3984 3388 4041 ἦ
3435 3988 3529 4041 τὴν
3584 3980 3748 4048 δόξαν
3786 4004 3927 4036 κατα·

2331 4071 2522 4145 ϐιϐάση
2577 4080 2667 4123 τοῦ
2724 4075 2942 4145 Πατρός·
2993 4073 3021 4131 ἡ
3058 4077 3114 4123 τό
3158 4091 3214 4142 γε
3257 4077 3685 4145 προχειρότερον,
3734 4079 3825 4132 τὴν
3850 4080 3926 4125 τοῦ

2331 4161 2501 4213 αἰτίου
2564 4160 2788 4234 περιελοι
2839 4164 3016 4232 τιμήν.
3064 4159 3394 4213 Ἀποστέλλει
3441 4162 3466 4213 6
3531 4168 3716 4238 Πατὴρ
3753 4169 3839 4215 xui
3876 4166 3924 4213 τὸ

2334 4258 2539 4322 Πνεῦμα
2568 4254 2657 4301 καὶ
2705 4253 2791 4301 τόν
2836 4252 2972 4302 Υἰόν·
3008 4248 3308 4302 ἀποστέλλει
3354 4254 3442 4302 τόν
3491 4256 3701 4324 Πατέρα
3742 4258 3829 4303 καὶ
3878 4254 3924 4301 τό

2334 4346 2541 4411 Πνεῦμα
2588 4342 2675 4391 xui
2730 4340 2754 4389 6
2811 4340 2948 4400 Υἱός.
3013 4336 3153 4392 Ὶδοῦ
3200 4347 3293 4401 τῆς
3326 4342 3529 4411 φύσεως
3572 4344 3630 4392 τό
3681 4341 3923 4411 ἰσότιμον.

568 4431 904 4504 aequalitas.
930 4427 1172 4483 Atenim
1196 4424 1412 4496 saepius
1442 4423 1617 4480 mittit
1644 4426 1811 4479 Pater
1845 4441 1856 4477 :
1887 4440 1959 4479 en
2012 4441 2215 4481 causa-

2333 4428 2490 4482 Ἀλλὰ
2542 4428 2785 4488 πολλάκις
2822 4429 2847 4479 6
2899 4431 3078 4501 Πατὴρ
3121 4425 3440 4480 ἀποστέλλει·
3495 4425 3613 4481 ἰδοῦ
3644 4438 3741 4481 τοῦ
3772 4430 3925 4480 αἰτίον

568 4522 747 4579 litatis
814 4516 1229 4591 praerogativa.
1258 4515 1342 4570 Ita
1391 4514 1518 4568 sine
1574 4512 1690 4568 ulla
1717 4513 2055 4569 diversitate
2082 4519 2223 4569 sub-

571 4608 800 4665 stantize
832 4605 1025 4679 patria
1048 4602 1377 4675 proprietas
1414 4600 1604 4656 elucet
1637 4618 1649 4654 ε
1683 4601 2013 4672 eademque
2046 4603 2220 4657 simul

572 4700 800 4755 elucere
830 4696 966 4752 sinit
996 4694 1253 4758 illorum,
1287 4691 1390 4764 qui
1418 4707 1453 4747 a
1479 4706 1540 4746 se
1568 4690 1915 4763 procedunt,
1940 4691 2222 4763 homoge-

571 4789 851 4845 neitatem
891 4782 1257 4854 honorisque
1289 4780 1613 4852 paritatem.

643 4882 696 4933 4.
748 4876 962 4931 Dicitur
985 4887 1127 4944 ergo
1159 4874 1325 4925 Pater
1354 4885 1458 4941 per
1488 4868 1699 4923 Filium
1728 4883 1822 4923 res
1857 4874 2086 4925 creatas
2154 4886 2224 4925 ex

573 4967 760 5024 nihilo
786 4961 1137 5037 produxisse
1167 4978 1179 5026 ;
1209 4964 1493 5031 praeterea
1520 4957 1736 5013 Veteris
1774 4974 2011 5030 quoque
2036 4961 2225 5015 Testa-

574 5052 1165 5123 mentilegislatorem
1179 5047 1459 5103 eumdem
1487 5046 1799 5118 praedicat:
1836 5047 2040 5103 divina
2056 5049 2226 5103 nimi-

576 5162 708 5203 rum
728 5140 1101 5197 Providentia
1124 5136 1312 5193 multo
1335 5141 1510 5192 antea
1526 5137 1817 5193 refutante
1839 5138 2225 5209 funditusque

572 5235 871 5292 evertente
900 5228 1135 5284 illorum
1185 5227 1501 5293 insaniam,
1548 5227 1645 5298 qui
1679 5232 1849 5283 vetus
1876 5230 2226 5300 Novumque

572 5324 1009 5379 Testamentum
1060 5316 1134 5370 ad
1182 5314 1304 5369 duo
1353 5317 1650 5371 contraria
1687 5316 1981 5388 principia
2010 5316 2225 5373 referre

576 5411 819 5468 audent.
853 5410 1000 5463 Nam
1028 5404 1075 5459 si
1115 5403 1371 5459 Ecclesia
1402 5404 1615 5460 diserte
1636 5404 1768 5460 licet
1792 5405 2027 5470 fatente,
2057 5407 2225 5461 Chri-

577 5507 723 5557 stum
739 5495 1106 5554 oraculorum
1120 5499 1375 5549 veterum
1396 5494 1685 5551 veritatem
1699 5495 2220 5563 demonstravisse,

652 5592 697 5627 ³⁸
730 5589 907 5645 Marc.
946 5601 983 5650 1,
1015 5584 1097 5639 10.
1123 5586 1291 5646 Rom,
1336 5599 1451 5640 Vlll.
1486 5588 1568 5639 11.

2332 4523 2389 4569 τό
2423 4516 2697 4591 ἐξαίρετον.
2733 4517 2911 4577 Οὕτως
2941 4516 2988 4567 ἐν
3032 4524 3103 4587 τῷ
3138 4515 3518 4590 ἀπαραλλάκτῳ
3549 4526 3645 4579 τῆς
3677 4519 3856 4579 οὐσίας
3878 4521 3925 4569 τὸ

2332 4609 2585 4679 πατρικὸν
2624 4602 2759 4657 ἴδιον
2806 4604 3075 4678 ἐκλάμπει,
3122 4610 3211 4656 καὶ
3253 4605 3713 4678 συνεκλάμπεσθαι
3745 4604 3928 4659 δίδωσι

2334 4703 2431 4746 τῶν
2462 4694 2513 4757 ἐξ
2558 4695 2716 4746 αὐτοῦ
2750 4694 3170 4768 προεληλυθότων
3197 4698 3255 4747 τὸ
3286 4697 3507 4768 όμοφνες
3558 4700 3649 4748 καὶ
3681 4697 3925 4769 ἰσότιμον.

2408 4870 2471 4929 δ.
2523 4876 2742 4944 Λέγεται
2770 4877 2937 4925 τοίνυν
2970 4868 3041 4925 δι’
3086 4876 3209 4926 Υἰοῦ
3240 4879 3333 4933 τὴν
3382 4878 3555 4926 κτίσιν
3586 4877 3641 4927 ἐκ
3667 4880 3744 4948 μὴ
3791 4881 3927 4927 ὄντων

2336 4966 2647 5028 ὑποστῆναι,
2708 4961 2835 5014 ἀλλά
2890 4967 2979 5014 καὶ
3044 4970 3141 5024 τῆς
3199 4962 3427 5024 Παλαιᾱς
3486 4962 3928 5037 ἀνακηρύττεσθαι

2336 5055 2638 5123 νομοθέτην·
2701 5059 2794 5113 τῆς
2844 5053 2977 5111 θείας
3034 5051 3297 5127 πόρρωθεν
3361 5060 3614 5125 Προνοίας
3674 5054 3926 5125 ἐπιστομι-

2338 5143 2529 5202 ζονσης
2581 5160 2632 5192 τε
2677 5146 2766 5192 xui
2836 5140 3114 5215 πρόρριζον
3144 5146 3233 5199 τὴν
3317 5141 3561 5194 ἀπόνοιαν
3619 5142 3927 5201 ἀνασπώσης

2335 5238 2434 5283 τῶν
2478 5232 2547 5292 εἰς
2592 5229 2940 5301 ἀντικειμένας
2988 5229 3158 5304 ἀρχάς
3206 5228 3303 5283 δύο
3354 5231 3658 5303 τολμώντων
3704 5239 3799 5292 τὴν
3838 5239 3925 5285 llu-

2333 5319 2481 5371 λαιὰν
2514 5317 2775 5391 ἀναφέρειν
2818 5324 2907 5371 καὶ
2956 5324 3048 5377 τὴν
3100 5324 3252 5373 Νέαν.
3307 5320 3363 5372 Εἰ
3393 5323 3495 5393 γὰρ
3542 5326 3631 5373 τόν
3676 5326 3797 5374 Υἰόν
3852 5329 3926 5378 τῆς

2336 5407 2642 5468 Ἐκκλησίας
2715 5407 2964 5481 λαμπρῶς
3040 5407 3462 5481 ἀνομολογούσης
3539 5414 3662 5473 τοῦς
3734 5430 3789 5463 τε
3842 5430 3925 5461 πα·

2334 5496 2506 5558 λαιοῦς
2552 5501 2831 5570 χρησμοὺς
2870 5496 3151 5571 ἀποφῆναι,
3192 5504 3283 5551 καὶ
3328 5506 3423 5562 τῆς
3480 5504 3598 5563 νέας
3648 5503 3736 5553 τόν
3786 5500 3923 5552 αὐτόν

1646 5586 1691 5619 ³⁸
1721 5587 1883 5640 Joan.
1920 5602 2018 5653 xv,
2048 5591 2117 5642 26
2150 5603 2163 5652 ;
2195 5603 2285 5652 xv,
2320 5588 2409 5643 13.
