  <div class='ocr_page' id='page_1' title='image "/cluster/home/n/w/nwhite01/storage/ocr_20150623/101/hvd.32044054112305/476.png"; bbox 0 0 4026 6196; ppageno 0'>
   <div class='ocr_carea' id='block_1_1' title="bbox 174 297 3541 368">
    <p class='ocr_par' dir='ltr' id='par_1_1' title="bbox 174 297 3541 368">
     <span class='ocr_line' id='line_1_1' title="bbox 174 297 3541 368; baseline 0.001 -10"><span class='ocrx_word' id='word_1_1' title='bbox 174 300 284 358; x_wconf 74' lang='grc'>913</span> <span class='ocrx_word' id='word_1_2' title='bbox 1172 301 1262 355; x_wconf 89' lang='lat' dir='ltr'>AD</span> <span class='ocrx_word' id='word_1_3' title='bbox 1305 297 1842 357; x_wconf 83' lang='lat' dir='ltr'>AMPHILOCHIUM</span> <span class='ocrx_word' id='word_1_4' title='bbox 1881 298 2206 368; x_wconf 66' lang='lat' dir='ltr'>QUESTIU</span> <span class='ocrx_word' id='word_1_5' title='bbox 2245 299 2589 358; x_wconf 86' lang='lat' dir='ltr'>CLXXXIX.</span> <span class='ocrx_word' id='word_1_6' title='bbox 3434 301 3541 362; x_wconf 77' lang='lat' dir='ltr'>9H</span> 
     </span>
    </p>
   </div>
   <div class='ocr_carea' id='block_1_2' title="bbox 175 423 1782 501">
    <p class='ocr_par' dir='ltr' id='par_1_2' title="bbox 175 425 1778 498">
     <span class='ocr_line' id='line_1_2' title="bbox 175 425 1778 498; baseline -0.002 -19"><span class='ocrx_word' id='word_1_7' title='bbox 175 425 468 498; x_wconf 74' lang='grc' dir='ltr'>εἰσηγητὴν</span> <span class='ocrx_word' id='word_1_8' title='bbox 517 428 800 496; x_wconf 78' lang='grc' dir='ltr'>γεγονέναι,</span> <span class='ocrx_word' id='word_1_9' title='bbox 855 429 942 478; x_wconf 78' lang='grc' dir='ltr'>καὶ</span> <span class='ocrx_word' id='word_1_10' title='bbox 997 427 1097 498; x_wconf 88' lang='grc' dir='ltr'>πρό</span> <span class='ocrx_word' id='word_1_11' title='bbox 1159 444 1218 496; x_wconf 85' lang='grc' dir='ltr'>γε</span> <span class='ocrx_word' id='word_1_12' title='bbox 1273 427 1468 477; x_wconf 79' lang='grc' dir='ltr'>τούτων</span> <span class='ocrx_word' id='word_1_13' title='bbox 1534 429 1627 484; x_wconf 81' lang='grc' dir='ltr'>τὴν</span> <span class='ocrx_word' id='word_1_14' title='bbox 1679 434 1778 478; x_wconf 86' lang='grc' dir='ltr'>τῶν</span> 
     </span>
    </p>
   </div>
   <div class='ocr_carea' id='block_1_3' title="bbox 1894 423 3541 501">
    <p class='ocr_par' dir='ltr' id='par_1_3' title="bbox 1894 425 3541 501">
     <span class='ocr_line' id='line_1_3' title="bbox 1894 425 3541 501; baseline 0.004 -21"><span class='ocrx_word' id='word_1_15' title='bbox 1894 426 2142 499; x_wconf 91' lang='lat' dir='ltr'>novique</span> <span class='ocrx_word' id='word_1_16' title='bbox 2169 425 2409 482; x_wconf 69' lang='lat' dir='ltr'>foederis</span> <span class='ocrx_word' id='word_1_17' title='bbox 2436 427 2715 483; x_wconf 89' lang='lat' dir='ltr'>eumdem</span> <span class='ocrx_word' id='word_1_18' title='bbox 2749 426 2932 483; x_wconf 83' lang='lat' dir='ltr'>fuisse</span> <span class='ocrx_word' id='word_1_19' title='bbox 2977 432 3306 493; x_wconf 77' lang='lat' dir='ltr'>auctorem,</span> <span class='ocrx_word' id='word_1_20' title='bbox 3347 429 3541 501; x_wconf 88' lang='lat' dir='ltr'>quod-</span> 
     </span>
    </p>
   </div>
   <div class='ocr_carea' id='block_1_4' title="bbox 1889 515 3538 586">
    <p class='ocr_par' dir='ltr' id='par_1_4' title="bbox 1889 515 3538 586">
     <span class='ocr_line' id='line_1_4' title="bbox 1889 515 3538 586; baseline 0.004 -17"><span class='ocrx_word' id='word_1_21' title='bbox 1889 531 2005 586; x_wconf 86' lang='lat' dir='ltr'>que</span> <span class='ocrx_word' id='word_1_22' title='bbox 2032 520 2216 586; x_wconf 91' lang='lat' dir='ltr'>caput</span> <span class='ocrx_word' id='word_1_23' title='bbox 2240 521 2329 570; x_wconf 90' lang='lat' dir='ltr'>est</span> <span class='ocrx_word' id='word_1_24' title='bbox 2355 517 2628 572; x_wconf 61' lang='lat' dir='ltr'>creandas</span> <span class='ocrx_word' id='word_1_25' title='bbox 2646 533 2717 572; x_wconf 86' lang='lat' dir='ltr'>ex</span> <span class='ocrx_word' id='word_1_26' title='bbox 2768 515 2952 572; x_wconf 86' lang='lat' dir='ltr'>nihilo</span> <span class='ocrx_word' id='word_1_27' title='bbox 2982 522 3207 572; x_wconf 73' lang='lat' dir='ltr'>naturas</span> <span class='ocrx_word' id='word_1_28' title='bbox 3238 517 3349 572; x_wconf 88' lang='lat' dir='ltr'>vim</span> <span class='ocrx_word' id='word_1_29' title='bbox 3365 534 3538 575; x_wconf 86' lang='lat' dir='ltr'>suam</span> 
     </span>
    </p>
   </div>
   <div class='ocr_carea' id='block_1_5' title="bbox 1888 603 3540 678">
    <p class='ocr_par' dir='ltr' id='par_1_5' title="bbox 1888 603 3540 678">
     <span class='ocr_line' id='line_1_5' title="bbox 1888 603 3540 678; baseline 0.003 -20"><span class='ocrx_word' id='word_1_30' title='bbox 1888 603 2274 674; x_wconf 83' lang='lat' dir='ltr'>impendisse,</span> <span class='ocrx_word' id='word_1_31' title='bbox 2319 605 2704 660; x_wconf 83' lang='lat' dir='ltr'>nihilominus</span> <span class='ocrx_word' id='word_1_32' title='bbox 2744 604 2973 661; x_wconf 84' lang='lat' dir='ltr'>Christo</span> <span class='ocrx_word' id='word_1_33' title='bbox 3025 605 3265 678; x_wconf 84' lang='lat' dir='ltr'>Deoquo</span> <span class='ocrx_word' id='word_1_34' title='bbox 3321 606 3540 664; x_wconf 83' lang='lat' dir='ltr'>infensi</span> 
     </span>
    </p>
   </div>
   <div class='ocr_carea' id='block_1_6' title="bbox 1887 693 3539 767">
    <p class='ocr_par' dir='ltr' id='par_1_6' title="bbox 1887 693 3539 767">
     <span class='ocr_line' id='line_1_6' title="bbox 1887 693 3539 767; baseline 0.003 -20"><span class='ocrx_word' id='word_1_35' title='bbox 1887 693 2194 748; x_wconf 83' lang='lat' dir='ltr'>Manichaei</span> <span class='ocrx_word' id='word_1_36' title='bbox 2228 695 2486 767; x_wconf 78' lang='lat' dir='ltr'>itemque</span> <span class='ocrx_word' id='word_1_37' title='bbox 2519 694 2776 751; x_wconf 83' lang='lat' dir='ltr'>Marcion</span> <span class='ocrx_word' id='word_1_38' title='bbox 2795 697 3539 766; x_wconf 89' lang='lat' dir='ltr'>nonvenerenturquomi-</span> 
     </span>
    </p>
   </div>
   <div class='ocr_carea' id='block_1_7' title="bbox 1885 781 3539 855">
    <p class='ocr_par' dir='ltr' id='par_1_7' title="bbox 1885 781 3539 855">
     <span class='ocr_line' id='line_1_7' title="bbox 1885 781 3539 855; baseline 0.003 -19"><span class='ocrx_word' id='word_1_39' title='bbox 1885 796 2000 836; x_wconf 92' lang='lat' dir='ltr'>nus</span> <span class='ocrx_word' id='word_1_40' title='bbox 2052 781 2218 838; x_wconf 80' lang='lat' dir='ltr'>alteri</span> <span class='ocrx_word' id='word_1_41' title='bbox 2258 784 2550 855; x_wconf 89' lang='lat' dir='ltr'>principio</span> <span class='ocrx_word' id='word_1_42' title='bbox 2612 783 2999 852; x_wconf 88' lang='lat' dir='ltr'>Evangelium</span> <span class='ocrx_word' id='word_1_43' title='bbox 3050 783 3328 851; x_wconf 82' lang='lat' dir='ltr'>tribuant,</span> <span class='ocrx_word' id='word_1_44' title='bbox 3372 785 3539 841; x_wconf 80' lang='lat' dir='ltr'>alteri</span> 
     </span>
    </p>
   </div>
   <div class='ocr_carea' id='block_1_8' title="bbox 1886 871 3540 945">
    <p class='ocr_par' dir='ltr' id='par_1_8' title="bbox 1886 871 3540 945">
     <span class='ocr_line' id='line_1_8' title="bbox 1886 871 3540 945; baseline 0.003 -21"><span class='ocrx_word' id='word_1_45' title='bbox 1886 874 2082 926; x_wconf 89' lang='lat' dir='ltr'>autem</span> <span class='ocrx_word' id='word_1_46' title='bbox 2129 873 2428 927; x_wconf 85' lang='lat' dir='ltr'>contrario</span> <span class='ocrx_word' id='word_1_47' title='bbox 2459 872 2746 928; x_wconf 86' lang='lat' dir='ltr'>Mosaicas</span> <span class='ocrx_word' id='word_1_48' title='bbox 2772 871 3207 941; x_wconf 81' lang='lat' dir='ltr'>institutiones;</span> <span class='ocrx_word' id='word_1_49' title='bbox 3261 873 3319 928; x_wconf 92' lang='lat' dir='ltr'>in</span> <span class='ocrx_word' id='word_1_50' title='bbox 3347 888 3540 945; x_wconf 90' lang='lat' dir='ltr'>quan-</span> 
     </span>
    </p>
   </div>
   <div class='ocr_carea' id='block_1_9' title="bbox 1887 959 3542 1033">
    <p class='ocr_par' dir='ltr' id='par_1_9' title="bbox 1887 959 3542 1033">
     <span class='ocr_line' id='line_1_9' title="bbox 1887 959 3542 1033; baseline 0.002 -17"><span class='ocrx_word' id='word_1_51' title='bbox 1887 963 2014 1016; x_wconf 91' lang='lat' dir='ltr'>tum</span> <span class='ocrx_word' id='word_1_52' title='bbox 2061 959 2321 1032; x_wconf 89' lang='lat' dir='ltr'>denique</span> <span class='ocrx_word' id='word_1_53' title='bbox 2370 961 2758 1033; x_wconf 68' lang='lat' dir='ltr'>blasphemiae</span> <span class='ocrx_word' id='word_1_54' title='bbox 2798 977 3107 1017; x_wconf 85' lang='lat' dir='ltr'>excessum</span> <span class='ocrx_word' id='word_1_55' title='bbox 3133 963 3449 1028; x_wconf 84' lang='lat' dir='ltr'>venissent,</span> <span class='ocrx_word' id='word_1_56' title='bbox 3491 963 3542 1019; x_wconf 90' lang='lat' dir='ltr'>si</span> 
     </span>
    </p>
   </div>
   <div class='ocr_carea' id='block_1_10' title="bbox 1885 1051 3538 1124">
    <p class='ocr_par' dir='ltr' id='par_1_10' title="bbox 1885 1051 3538 1124">
     <span class='ocr_line' id='line_1_10' title="bbox 1885 1051 3538 1124; baseline 0.003 -21"><span class='ocrx_word' id='word_1_57' title='bbox 1885 1053 2152 1105; x_wconf 84' lang='lat' dir='ltr'>veterum</span> <span class='ocrx_word' id='word_1_58' title='bbox 2165 1051 2406 1122; x_wconf 89' lang='lat' dir='ltr'>quidem</span> <span class='ocrx_word' id='word_1_59' title='bbox 2425 1051 2861 1122; x_wconf 89' lang='lat' dir='ltr'>Scripturarum</span> <span class='ocrx_word' id='word_1_60' title='bbox 2880 1066 3148 1108; x_wconf 83' lang='lat' dir='ltr'>seorsum</span> <span class='ocrx_word' id='word_1_61' title='bbox 3163 1057 3372 1108; x_wconf 89' lang='lat' dir='ltr'>auctor</span> <span class='ocrx_word' id='word_1_62' title='bbox 3390 1067 3538 1124; x_wconf 67' lang='lat' dir='ltr'>pra:-</span> 
     </span>
    </p>
   </div>
   <div class='ocr_carea' id='block_1_11' title="bbox 1885 1139 3539 1210">
    <p class='ocr_par' dir='ltr' id='par_1_11' title="bbox 1885 1139 3539 1210">
     <span class='ocr_line' id='line_1_11' title="bbox 1885 1139 3539 1210; baseline 0.002 -16"><span class='ocrx_word' id='word_1_63' title='bbox 1885 1139 2180 1194; x_wconf 90' lang='lat' dir='ltr'>dicaretur</span> <span class='ocrx_word' id='word_1_64' title='bbox 2196 1139 2384 1205; x_wconf 89' lang='lat' dir='ltr'>Pater,</span> <span class='ocrx_word' id='word_1_65' title='bbox 2407 1141 2610 1210; x_wconf 74' lang='lat' dir='ltr'>gratiae</span> <span class='ocrx_word' id='word_1_66' title='bbox 2633 1156 2843 1196; x_wconf 87' lang='lat' dir='ltr'>rursus</span> <span class='ocrx_word' id='word_1_67' title='bbox 2873 1156 3142 1197; x_wconf 89' lang='lat' dir='ltr'>seorsum</span> <span class='ocrx_word' id='word_1_68' title='bbox 3181 1141 3392 1205; x_wconf 82' lang='lat' dir='ltr'>Filius;</span> <span class='ocrx_word' id='word_1_69' title='bbox 3425 1141 3539 1198; x_wconf 89' lang='lat' dir='ltr'>Sed</span> 
     </span>
    </p>
   </div>
   <div class='ocr_carea' id='block_1_12' title="bbox 1885 1228 3540 1302">
    <p class='ocr_par' dir='ltr' id='par_1_12' title="bbox 1885 1228 3540 1302">
     <span class='ocr_line' id='line_1_12' title="bbox 1885 1228 3540 1302; baseline 0.001 -18"><span class='ocrx_word' id='word_1_70' title='bbox 1885 1228 2045 1284; x_wconf 90' lang='lat' dir='ltr'>enim</span> <span class='ocrx_word' id='word_1_71' title='bbox 2072 1228 2199 1283; x_wconf 69' lang='lat' dir='ltr'>haec</span> <span class='ocrx_word' id='word_1_72' title='bbox 2239 1229 2389 1284; x_wconf 90' lang='lat' dir='ltr'>alius</span> <span class='ocrx_word' id='word_1_73' title='bbox 2422 1230 2708 1300; x_wconf 90' lang='lat' dir='ltr'>temporis</span> <span class='ocrx_word' id='word_1_74' title='bbox 2737 1229 3072 1301; x_wconf 85' lang='lat' dir='ltr'>diversique</span> <span class='ocrx_word' id='word_1_75' title='bbox 3120 1229 3319 1302; x_wconf 88' lang='lat' dir='ltr'>potius</span> <span class='ocrx_word' id='word_1_76' title='bbox 3361 1245 3540 1301; x_wconf 87' lang='lat' dir='ltr'>argu-</span> 
     </span>
    </p>
   </div>
   <div class='ocr_carea' id='block_1_13' title="bbox 1886 1318 3536 1391">
    <p class='ocr_par' dir='ltr' id='par_1_13' title="bbox 1886 1318 3536 1391">
     <span class='ocr_line' id='line_1_13' title="bbox 1886 1318 3536 1391; baseline 0.002 -18"><span class='ocrx_word' id='word_1_77' title='bbox 1886 1318 2073 1374; x_wconf 84' lang='lat' dir='ltr'>menti</span> <span class='ocrx_word' id='word_1_78' title='bbox 2127 1323 2282 1374; x_wconf 93' lang='lat' dir='ltr'>sunt.</span> <span class='ocrx_word' id='word_1_79' title='bbox 2327 1318 2763 1374; x_wconf 86' lang='lat' dir='ltr'>Revertendum</span> <span class='ocrx_word' id='word_1_80' title='bbox 2811 1319 2986 1388; x_wconf 81' lang='lat' dir='ltr'>igitur</span> <span class='ocrx_word' id='word_1_81' title='bbox 3043 1320 3120 1375; x_wconf 83' lang='lat' dir='ltr'>ad</span> <span class='ocrx_word' id='word_1_82' title='bbox 3170 1320 3536 1391; x_wconf 87' lang='lat' dir='ltr'>propositam</span> 
     </span>
    </p>
   </div>
   <div class='ocr_carea' id='block_1_14' title="bbox 1887 1407 3539 1480">
    <p class='ocr_par' dir='ltr' id='par_1_14' title="bbox 1887 1407 3539 1480">
     <span class='ocr_line' id='line_1_14' title="bbox 1887 1407 3539 1480; baseline 0.001 -17"><span class='ocrx_word' id='word_1_83' title='bbox 1887 1407 2052 1463; x_wconf 92' lang='lat' dir='ltr'>initio</span> <span class='ocrx_word' id='word_1_84' title='bbox 2079 1407 2533 1476; x_wconf 85' lang='lat' dir='ltr'>dubitationem,</span> <span class='ocrx_word' id='word_1_85' title='bbox 2588 1408 2899 1480; x_wconf 91' lang='lat' dir='ltr'>quomodo</span> <span class='ocrx_word' id='word_1_86' title='bbox 2950 1411 3118 1464; x_wconf 90' lang='lat' dir='ltr'>Pater</span> <span class='ocrx_word' id='word_1_87' title='bbox 3174 1424 3279 1480; x_wconf 91' lang='lat' dir='ltr'>per</span> <span class='ocrx_word' id='word_1_88' title='bbox 3329 1409 3539 1464; x_wconf 90' lang='lat' dir='ltr'>Filium</span> 
     </span>
    </p>
   </div>
   <div class='ocr_carea' id='block_1_15' title="bbox 1885 1497 3534 1570">
    <p class='ocr_par' dir='ltr' id='par_1_15' title="bbox 1885 1497 3534 1570">
     <span class='ocr_line' id='line_1_15' title="bbox 1885 1497 3534 1570; baseline 0.001 -19"><span class='ocrx_word' id='word_1_89' title='bbox 1885 1502 2041 1552; x_wconf 90' lang='lat' dir='ltr'>creet</span> <span class='ocrx_word' id='word_1_90' title='bbox 2073 1513 2087 1562; x_wconf 90' lang='lat'>;</span> <span class='ocrx_word' id='word_1_91' title='bbox 2131 1497 2306 1552; x_wconf 89' lang='lat' dir='ltr'>Filius</span> <span class='ocrx_word' id='word_1_92' title='bbox 2325 1501 2524 1553; x_wconf 89' lang='lat' dir='ltr'>autem</span> <span class='ocrx_word' id='word_1_93' title='bbox 2546 1513 2927 1569; x_wconf 87' lang='lat' dir='ltr'>nequaquam</span> <span class='ocrx_word' id='word_1_94' title='bbox 2955 1513 3059 1570; x_wconf 88' lang='lat' dir='ltr'>per</span> <span class='ocrx_word' id='word_1_95' title='bbox 3103 1497 3357 1553; x_wconf 87' lang='lat' dir='ltr'>Patrem.</span> <span class='ocrx_word' id='word_1_96' title='bbox 3401 1499 3534 1552; x_wconf 88' lang='lat' dir='ltr'>Jam</span> 
     </span>
    </p>
   </div>
   <div class='ocr_carea' id='block_1_16' title="bbox 1885 1585 3537 1657">
    <p class='ocr_par' dir='ltr' id='par_1_16' title="bbox 1885 1585 3537 1657">
     <span class='ocr_line' id='line_1_16' title="bbox 1885 1585 3537 1657; baseline 0 -16"><span class='ocrx_word' id='word_1_97' title='bbox 1885 1585 2174 1641; x_wconf 89' lang='lat' dir='ltr'>hactenus</span> <span class='ocrx_word' id='word_1_98' title='bbox 2204 1585 2434 1657; x_wconf 88' lang='lat' dir='ltr'>prolata</span> <span class='ocrx_word' id='word_1_99' title='bbox 2465 1586 2682 1642; x_wconf 91' lang='lat' dir='ltr'>solutio</span> <span class='ocrx_word' id='word_1_100' title='bbox 2710 1586 2880 1642; x_wconf 87' lang='lat' dir='ltr'>sicuti</span> <span class='ocrx_word' id='word_1_101' title='bbox 2899 1586 3066 1642; x_wconf 83' lang='lat' dir='ltr'>dubii</span> <span class='ocrx_word' id='word_1_102' title='bbox 3086 1590 3316 1657; x_wconf 90' lang='lat' dir='ltr'>partem</span> <span class='ocrx_word' id='word_1_103' title='bbox 3344 1586 3537 1657; x_wconf 89' lang='lat' dir='ltr'>splen-</span> 
     </span>
    </p>
   </div>
   <div class='ocr_carea' id='block_1_17' title="bbox 172 1673 1782 1745">
    <p class='ocr_par' dir='ltr' id='par_1_17' title="bbox 172 1673 1776 1745">
     <span class='ocr_line' id='line_1_17' title="bbox 172 1673 1776 1745; baseline -0.001 -19"><span class='ocrx_word' id='word_1_104' title='bbox 172 1674 320 1732; x_wconf 78' lang='grc' dir='ltr'>Πλήν</span> <span class='ocrx_word' id='word_1_105' title='bbox 379 1673 584 1745; x_wconf 70' lang='grc' dir='ltr'>ἐπείπερ</span> <span class='ocrx_word' id='word_1_106' title='bbox 640 1674 845 1744; x_wconf 84' lang='grc' dir='ltr'>ἄμεινον</span> <span class='ocrx_word' id='word_1_107' title='bbox 897 1677 967 1744; x_wconf 79' lang='grc' dir='ltr'>μὴ</span> <span class='ocrx_word' id='word_1_108' title='bbox 1027 1678 1180 1744; x_wconf 89' lang='grc' dir='ltr'>μόνον</span> <span class='ocrx_word' id='word_1_109' title='bbox 1237 1682 1354 1734; x_wconf 90' lang='grc' dir='ltr'>ταῖς</span> <span class='ocrx_word' id='word_1_110' title='bbox 1408 1673 1636 1745; x_wconf 69' lang='grc' dir='ltr'>εὐλόγοις</span> <span class='ocrx_word' id='word_1_111' title='bbox 1694 1673 1776 1725; x_wconf 80' lang='grc' dir='ltr'>ἐπ-</span> 
     </span>
    </p>
   </div>
   <div class='ocr_carea' id='block_1_18' title="bbox 1894 1673 3537 1745">
    <p class='ocr_par' dir='ltr' id='par_1_18' title="bbox 1894 1673 3537 1745">
     <span class='ocr_line' id='line_1_18' title="bbox 1894 1673 3537 1745; baseline 0.001 -16"><span class='ocrx_word' id='word_1_112' title='bbox 1894 1673 2308 1739; x_wconf 79' lang='lat' dir='ltr'>dideillustrat,</span> <span class='ocrx_word' id='word_1_113' title='bbox 2329 1675 2410 1731; x_wconf 89' lang='lat' dir='ltr'>ita</span> <span class='ocrx_word' id='word_1_114' title='bbox 2433 1676 2623 1745; x_wconf 91' lang='lat' dir='ltr'>magis</span> <span class='ocrx_word' id='word_1_115' title='bbox 2643 1675 2921 1732; x_wconf 88' lang='lat' dir='ltr'>obscurat</span> <span class='ocrx_word' id='word_1_116' title='bbox 2943 1677 3209 1732; x_wconf 87' lang='lat' dir='ltr'>alteram.</span> <span class='ocrx_word' id='word_1_117' title='bbox 3236 1675 3353 1730; x_wconf 91' lang='lat' dir='ltr'>Sed</span> <span class='ocrx_word' id='word_1_118' title='bbox 3379 1675 3537 1730; x_wconf 90' lang='lat' dir='ltr'>enim</span> 
     </span>
    </p>
   </div>
   <div class='ocr_carea' id='block_1_19' title="bbox 169 1759 1782 1838">
    <p class='ocr_par' dir='ltr' id='par_1_19' title="bbox 169 1759 1776 1838">
     <span class='ocr_line' id='line_1_19' title="bbox 169 1759 1776 1838; baseline -0.002 -22"><span class='ocrx_word' id='word_1_119' title='bbox 169 1760 477 1838; x_wconf 85' lang='grc' dir='ltr'>ερείδεσθαι</span> <span class='ocrx_word' id='word_1_120' title='bbox 519 1765 772 1836; x_wconf 77' lang='grc' dir='ltr'>θεωρίαις,</span> <span class='ocrx_word' id='word_1_121' title='bbox 807 1759 932 1813; x_wconf 83' lang='grc' dir='ltr'>ἀλλὰ</span> <span class='ocrx_word' id='word_1_122' title='bbox 961 1767 1050 1814; x_wconf 81' lang='grc' dir='ltr'>καὶ</span> <span class='ocrx_word' id='word_1_123' title='bbox 1093 1771 1156 1831; x_wconf 77' lang='grc' dir='ltr'>τῇ</span> <span class='ocrx_word' id='word_1_124' title='bbox 1193 1772 1292 1814; x_wconf 73' lang='grc' dir='ltr'>τῶν</span> <span class='ocrx_word' id='word_1_125' title='bbox 1335 1768 1536 1834; x_wconf 83' lang='grc' dir='ltr'>Λογίων</span> <span class='ocrx_word' id='word_1_126' title='bbox 1579 1766 1776 1834; x_wconf 71' lang='grc' dir='ltr'>χρήσει</span> 
     </span>
    </p>
   </div>
   <div class='ocr_carea' id='block_1_20' title="bbox 1894 1759 3535 1838">
    <p class='ocr_par' dir='ltr' id='par_1_20' title="bbox 1894 1763 3535 1836">
     <span class='ocr_line' id='line_1_20' title="bbox 1894 1763 3535 1836; baseline 0.001 -18"><span class='ocrx_word' id='word_1_127' title='bbox 1894 1770 2132 1836; x_wconf 66' lang='lat' dir='ltr'>praestat,</span> <span class='ocrx_word' id='word_1_128' title='bbox 2193 1779 2310 1820; x_wconf 90' lang='lat' dir='ltr'>non</span> <span class='ocrx_word' id='word_1_129' title='bbox 2345 1765 2762 1836; x_wconf 89' lang='lat' dir='ltr'>probabilibus</span> <span class='ocrx_word' id='word_1_130' title='bbox 2802 1765 3224 1820; x_wconf 87' lang='lat' dir='ltr'>tantummodo</span> <span class='ocrx_word' id='word_1_131' title='bbox 3279 1763 3380 1820; x_wconf 91' lang='lat' dir='ltr'>niti</span> <span class='ocrx_word' id='word_1_132' title='bbox 3417 1780 3535 1819; x_wconf 89' lang='lat' dir='ltr'>ser-</span> 
     </span>
    </p>
   </div>
   <div class='ocr_carea' id='block_1_21' title="bbox 167 1848 1782 1926">
    <p class='ocr_par' dir='ltr' id='par_1_21' title="bbox 167 1848 1777 1923">
     <span class='ocr_line' id='line_1_21' title="bbox 167 1848 1777 1923; baseline -0.001 -19"><span class='ocrx_word' id='word_1_133' title='bbox 167 1857 264 1905; x_wconf 77' lang='grc' dir='ltr'>καὶ</span> <span class='ocrx_word' id='word_1_134' title='bbox 316 1848 648 1922; x_wconf 72' lang='grc' dir='ltr'>διδασκαλίᾳ</span> <span class='ocrx_word' id='word_1_135' title='bbox 701 1851 1188 1923; x_wconf 79' lang='grc' dir='ltr'>κατασφαλίζεσθαι</span> <span class='ocrx_word' id='word_1_136' title='bbox 1239 1855 1452 1913; x_wconf 81' lang='grc' dir='ltr'>ταύτας.</span> <span class='ocrx_word' id='word_1_137' title='bbox 1506 1858 1777 1923; x_wconf 81' lang='grc' dir='ltr'>Χρησμοῖς</span> 
     </span>
    </p>
   </div>
   <div class='ocr_carea' id='block_1_22' title="bbox 1894 1848 3538 1926">
    <p class='ocr_par' dir='ltr' id='par_1_22' title="bbox 1894 1853 3538 1926">
     <span class='ocr_line' id='line_1_22' title="bbox 1894 1853 3538 1926; baseline -0.001 -19"><span class='ocrx_word' id='word_1_138' title='bbox 1894 1853 2084 1909; x_wconf 88' lang='lat' dir='ltr'>monis</span> <span class='ocrx_word' id='word_1_139' title='bbox 2101 1855 2490 1923; x_wconf 81' lang='lat' dir='ltr'>argumentis,</span> <span class='ocrx_word' id='word_1_140' title='bbox 2520 1871 2730 1910; x_wconf 91' lang='lat' dir='ltr'>verum</span> <span class='ocrx_word' id='word_1_141' title='bbox 2749 1855 2927 1910; x_wconf 90' lang='lat' dir='ltr'>etiam</span> <span class='ocrx_word' id='word_1_142' title='bbox 2963 1855 3403 1926; x_wconf 88' lang='lat' dir='ltr'>Scripturarum</span> <span class='ocrx_word' id='word_1_143' title='bbox 3428 1869 3538 1908; x_wconf 90' lang='lat' dir='ltr'>usu</span> 
     </span>
    </p>
   </div>
   <div class='ocr_carea' id='block_1_23' title="bbox 164 1941 1782 2014">
    <p class='ocr_par' dir='ltr' id='par_1_23' title="bbox 164 1943 1778 2014">
     <span class='ocr_line' id='line_1_23' title="bbox 164 1943 1778 2014; baseline -0.001 -21"><span class='ocrx_word' id='word_1_144' title='bbox 164 1944 273 2014; x_wconf 80' lang='grc' dir='ltr'>γὰρ</span> <span class='ocrx_word' id='word_1_145' title='bbox 325 1948 421 1992; x_wconf 89' lang='grc' dir='ltr'>τοῦ</span> <span class='ocrx_word' id='word_1_146' title='bbox 473 1943 730 2011; x_wconf 81' lang='grc' dir='ltr'>παναγίου</span> <span class='ocrx_word' id='word_1_147' title='bbox 788 1943 1081 2012; x_wconf 79' lang='grc' dir='ltr'>Πνεῦματος</span> <span class='ocrx_word' id='word_1_148' title='bbox 1139 1943 1204 1992; x_wconf 80' lang='grc' dir='ltr'>τὰ</span> <span class='ocrx_word' id='word_1_149' title='bbox 1260 1943 1484 2014; x_wconf 74' lang='grc' dir='ltr'>ἡμέτερα</span> <span class='ocrx_word' id='word_1_150' title='bbox 1537 1943 1778 2014; x_wconf 82' lang='grc' dir='ltr'>περιεχό-</span> 
     </span>
    </p>
   </div>
   <div class='ocr_carea' id='block_1_24' title="bbox 1894 1941 3537 2014">
    <p class='ocr_par' dir='ltr' id='par_1_24' title="bbox 1894 1941 3537 2013">
     <span class='ocr_line' id='line_1_24' title="bbox 1894 1941 3537 2013; baseline -0.001 -16"><span class='ocrx_word' id='word_1_151' title='bbox 1894 1958 1953 1998; x_wconf 77' lang='lat' dir='ltr'>ac</span> <span class='ocrx_word' id='word_1_152' title='bbox 1985 1943 2330 2013; x_wconf 87' lang='lat' dir='ltr'>magisterio</span> <span class='ocrx_word' id='word_1_153' title='bbox 2361 1959 2486 1999; x_wconf 92' lang='lat' dir='ltr'>rem</span> <span class='ocrx_word' id='word_1_154' title='bbox 2532 1944 2859 2000; x_wconf 85' lang='lat' dir='ltr'>confimare</span> <span class='ocrx_word' id='word_1_155' title='bbox 2899 1944 3088 2000; x_wconf 83' lang='lat' dir='ltr'>Nostri</span> <span class='ocrx_word' id='word_1_156' title='bbox 3137 1944 3295 2000; x_wconf 92' lang='lat' dir='ltr'>enim</span> <span class='ocrx_word' id='word_1_157' title='bbox 3351 1941 3537 1998; x_wconf 88' lang='lat' dir='ltr'>sancti</span> 
     </span>
    </p>
   </div>
   <div class='ocr_carea' id='block_1_25' title="bbox 1887 2031 3537 2106">
    <p class='ocr_par' dir='ltr' id='par_1_25' title="bbox 1887 2031 3537 2106">
     <span class='ocr_line' id='line_1_25' title="bbox 1887 2031 3537 2106; baseline 0 -20"><span class='ocrx_word' id='word_1_158' title='bbox 1887 2031 2139 2104; x_wconf 88' lang='lat' dir='ltr'>Spiritus</span> <span class='ocrx_word' id='word_1_159' title='bbox 2165 2032 2420 2089; x_wconf 84' lang='lat' dir='ltr'>oraculis</span> <span class='ocrx_word' id='word_1_160' title='bbox 2440 2033 2586 2089; x_wconf 85' lang='lat' dir='ltr'>freta</span> <span class='ocrx_word' id='word_1_161' title='bbox 2611 2038 2986 2104; x_wconf 87' lang='lat' dir='ltr'>argumenta,</span> <span class='ocrx_word' id='word_1_162' title='bbox 3029 2039 3258 2106; x_wconf 88' lang='lat' dir='ltr'>quanto</span> <span class='ocrx_word' id='word_1_163' title='bbox 3299 2032 3537 2088; x_wconf 85' lang='lat' dir='ltr'>fortiora</span> 
     </span>
    </p>
   </div>
   <div class='ocr_carea' id='block_1_26' title="bbox 1883 2121 3222 2196">
    <p class='ocr_par' dir='ltr' id='par_1_26' title="bbox 1883 2121 3222 2196">
     <span class='ocr_line' id='line_1_26' title="bbox 1883 2121 3222 2196; baseline 0.001 -20"><span class='ocrx_word' id='word_1_164' title='bbox 1883 2121 2166 2187; x_wconf 88' lang='lat' dir='ltr'>evadunt,</span> <span class='ocrx_word' id='word_1_165' title='bbox 2192 2127 2354 2178; x_wconf 91' lang='lat' dir='ltr'>tanto</span> <span class='ocrx_word' id='word_1_166' title='bbox 2377 2123 2694 2178; x_wconf 77' lang='lat' dir='ltr'>calumniae</span> <span class='ocrx_word' id='word_1_167' title='bbox 2717 2124 3022 2196; x_wconf 87' lang='lat' dir='ltr'>superiora</span> <span class='ocrx_word' id='word_1_168' title='bbox 3051 2124 3222 2178; x_wconf 89' lang='lat' dir='ltr'>ﬁunt.</span> 
     </span>
    </p>
   </div>
   <div class='ocr_carea' id='block_1_27' title="bbox 1884 2228 3538 2304">
    <p class='ocr_par' dir='ltr' id='par_1_27' title="bbox 1884 2228 3538 2304">
     <span class='ocr_line' id='line_1_27' title="bbox 1884 2228 3538 2304; baseline 0.001 -20"><span class='ocrx_word' id='word_1_169' title='bbox 1884 2229 2217 2294; x_wconf 64' lang='lat' dir='ltr'>QUzESTIO</span> <span class='ocrx_word' id='word_1_170' title='bbox 2249 2228 2601 2303; x_wconf 83' lang='lat' dir='ltr'>CLXXXIX.[</span> <span class='ocrx_word' id='word_1_171' title='bbox 2625 2230 2802 2286; x_wconf 80' lang='lat' dir='ltr'>Coisl.</span> <span class='ocrx_word' id='word_1_172' title='bbox 2840 2231 3116 2296; x_wconf 77' lang='lat' dir='ltr'>CCXVIII,</span> <span class='ocrx_word' id='word_1_173' title='bbox 3157 2231 3334 2285; x_wconf 76' lang='lat' dir='ltr'>Taur.</span> <span class='ocrx_word' id='word_1_174' title='bbox 3366 2228 3538 2304; x_wconf 87' lang='lat' dir='ltr'>ccx.]</span> 
     </span>
    </p>
   </div>
   <div class='ocr_carea' id='block_1_28' title="bbox 1889 2335 3541 2406">
    <p class='ocr_par' dir='ltr' id='par_1_28' title="bbox 1889 2335 3541 2406">
     <span class='ocr_line' id='line_1_28' title="bbox 1889 2335 3541 2406; baseline 0 -14"><span class='ocrx_word' id='word_1_175' title='bbox 1889 2335 2014 2392; x_wconf 88' lang='lat' dir='ltr'>Cur</span> <span class='ocrx_word' id='word_1_176' title='bbox 2031 2336 2324 2404; x_wconf 77' lang='lat' dir='ltr'>Spiritum</span> <span class='ocrx_word' id='word_1_177' title='bbox 2343 2337 2536 2405; x_wconf 78' lang='lat' dir='ltr'>Patris</span> <span class='ocrx_word' id='word_1_178' title='bbox 2549 2344 2602 2393; x_wconf 90' lang='lat' dir='ltr'>et</span> <span class='ocrx_word' id='word_1_179' title='bbox 2616 2337 2907 2405; x_wconf 76' lang='lat' dir='ltr'>Spiritum</span> <span class='ocrx_word' id='word_1_180' title='bbox 2924 2337 3067 2392; x_wconf 81' lang='lat' dir='ltr'>Filii</span> <span class='ocrx_word' id='word_1_181' title='bbox 3087 2337 3410 2406; x_wconf 84' lang='lat' dir='ltr'>theologica</span> <span class='ocrx_word' id='word_1_182' title='bbox 3423 2353 3541 2393; x_wconf 82' lang='lat' dir='ltr'>ser-</span> 
     </span>
    </p>
   </div>
   <div class='ocr_carea' id='block_1_29' title="bbox 1961 2408 3542 2479">
    <p class='ocr_par' dir='ltr' id='par_1_29' title="bbox 1961 2408 3542 2479">
     <span class='ocr_line' id='line_1_29' title="bbox 1961 2408 3542 2479; baseline 0.001 -16"><span class='ocrx_word' id='word_1_183' title='bbox 1961 2424 2132 2464; x_wconf 87' lang='lat' dir='ltr'>mone</span> <span class='ocrx_word' id='word_1_184' title='bbox 2161 2408 2429 2463; x_wconf 84' lang='lat' dir='ltr'>dicamus</span> <span class='ocrx_word' id='word_1_185' title='bbox 2466 2425 2478 2474; x_wconf 95' lang='lat'>;</span> <span class='ocrx_word' id='word_1_186' title='bbox 2527 2423 2714 2479; x_wconf 84' lang='lat' dir='ltr'>neque</span> <span class='ocrx_word' id='word_1_187' title='bbox 2746 2414 2934 2463; x_wconf 83' lang='lat' dir='ltr'>tamen</span> <span class='ocrx_word' id='word_1_188' title='bbox 2975 2409 3218 2464; x_wconf 83' lang='lat' dir='ltr'>Patrem</span> <span class='ocrx_word' id='word_1_189' title='bbox 3253 2409 3542 2479; x_wconf 77' lang='lat' dir='ltr'>Spiritus</span> 
     </span>
    </p>
   </div>
   <div class='ocr_carea' id='block_1_30' title="bbox 1963 2478 3272 2550">
    <p class='ocr_par' dir='ltr' id='par_1_30' title="bbox 1963 2478 3272 2550">
     <span class='ocr_line' id='line_1_30' title="bbox 1963 2478 3272 2550; baseline 0.001 -16"><span class='ocrx_word' id='word_1_190' title='bbox 1963 2494 2146 2550; x_wconf 86' lang='lat' dir='ltr'>neque</span> <span class='ocrx_word' id='word_1_191' title='bbox 2174 2480 2416 2547; x_wconf 83' lang='lat' dir='ltr'>Filium,</span> <span class='ocrx_word' id='word_1_192' title='bbox 2447 2478 2726 2536; x_wconf 83' lang='lat' dir='ltr'>conversa</span> <span class='ocrx_word' id='word_1_193' title='bbox 2755 2481 2897 2548; x_wconf 80' lang='lat' dir='ltr'>vice,</span> <span class='ocrx_word' id='word_1_194' title='bbox 2916 2481 3218 2549; x_wconf 85' lang='lat' dir='ltr'>fateamur</span> <span class='ocrx_word' id='word_1_195' title='bbox 3243 2478 3272 2535; x_wconf 82' lang='lat'><strong>?</strong></span> 
     </span>
    </p>
   </div>
   <div class='ocr_carea' id='block_1_31' title="bbox 1446 2602 2296 2666">
    <p class='ocr_par' dir='ltr' id='par_1_31' title="bbox 1446 2602 2296 2666">
     <span class='ocr_line' id='line_1_31' title="bbox 1446 2602 2296 2666; baseline 0.004 -16"><span class='ocrx_word' id='word_1_196' title='bbox 1446 2602 1600 2652; x_wconf 87' lang='lat' dir='ltr'>Edita</span> <span class='ocrx_word' id='word_1_197' title='bbox 1623 2615 1656 2652; x_wconf 87' lang='lat' dir='ltr'>a</span> <span class='ocrx_word' id='word_1_198' title='bbox 1689 2603 1826 2653; x_wconf 85' lang='lat' dir='ltr'>Maio</span> <span class='ocrx_word' id='word_1_199' title='bbox 1857 2603 1912 2666; x_wconf 93' lang='lat' dir='ltr'>(l.</span> <span class='ocrx_word' id='word_1_200' title='bbox 1943 2618 1988 2654; x_wconf 92' lang='lat' dir='ltr'>c.</span> <span class='ocrx_word' id='word_1_201' title='bbox 2028 2605 2133 2664; x_wconf 88' lang='grc'>183,</span> <span class='ocrx_word' id='word_1_202' title='bbox 2167 2605 2296 2666; x_wconf 72' lang='grc'>184).</span> 
     </span>
    </p>
   </div>
   <div class='ocr_carea' id='block_1_32' title="bbox 1971 2694 3550 2767">
    <p class='ocr_par' dir='ltr' id='par_1_32' title="bbox 1971 2694 3550 2767">
     <span class='ocr_line' id='line_1_32' title="bbox 1971 2694 3550 2767; baseline 0.001 -18"><span class='ocrx_word' id='word_1_203' title='bbox 1971 2695 2198 2750; x_wconf 83' lang='lat' dir='ltr'>Eximia</span> <span class='ocrx_word' id='word_1_204' title='bbox 2224 2699 2281 2749; x_wconf 91' lang='lat' dir='ltr'>et</span> <span class='ocrx_word' id='word_1_205' title='bbox 2307 2695 2576 2751; x_wconf 89' lang='lat' dir='ltr'>eminens</span> <span class='ocrx_word' id='word_1_206' title='bbox 2597 2710 3016 2766; x_wconf 89' lang='lat' dir='ltr'>supremarum</span> <span class='ocrx_word' id='word_1_207' title='bbox 3043 2709 3440 2767; x_wconf 86' lang='lat' dir='ltr'>personarum</span> <span class='ocrx_word' id='word_1_208' title='bbox 3463 2694 3550 2750; x_wconf 86' lang='lat' dir='ltr'>di-</span> 
     </span>
    </p>
   </div>
   <div class='ocr_carea' id='block_1_33' title="bbox 1898 2783 3545 2856">
    <p class='ocr_par' dir='ltr' id='par_1_33' title="bbox 1898 2783 3545 2856">
     <span class='ocr_line' id='line_1_33' title="bbox 1898 2783 3545 2856; baseline 0.001 -18"><span class='ocrx_word' id='word_1_209' title='bbox 1898 2784 2116 2839; x_wconf 89' lang='lat' dir='ltr'>vinitas</span> <span class='ocrx_word' id='word_1_210' title='bbox 2132 2784 2390 2855; x_wconf 87' lang='lat' dir='ltr'>plurima</span> <span class='ocrx_word' id='word_1_211' title='bbox 2409 2783 2614 2848; x_wconf 87' lang='lat' dir='ltr'>habet,</span> <span class='ocrx_word' id='word_1_212' title='bbox 2629 2799 2764 2855; x_wconf 60' lang='lat' dir='ltr'>quae</span> <span class='ocrx_word' id='word_1_213' title='bbox 2788 2799 2983 2856; x_wconf 91' lang='lat' dir='ltr'>neque</span> <span class='ocrx_word' id='word_1_214' title='bbox 3003 2783 3301 2840; x_wconf 89' lang='lat' dir='ltr'>intellectu</span> <span class='ocrx_word' id='word_1_215' title='bbox 3349 2799 3545 2856; x_wconf 89' lang='lat' dir='ltr'>neque</span> 
     </span>
    </p>
   </div>
   <div class='ocr_carea' id='block_1_34' title="bbox 1897 2871 3548 2944">
    <p class='ocr_par' dir='ltr' id='par_1_34' title="bbox 1897 2871 3548 2944">
     <span class='ocr_line' id='line_1_34' title="bbox 1897 2871 3548 2944; baseline -0.001 -17"><span class='ocrx_word' id='word_1_216' title='bbox 1897 2889 2171 2929; x_wconf 90' lang='lat' dir='ltr'>sermone</span> <span class='ocrx_word' id='word_1_217' title='bbox 2203 2873 2622 2944; x_wconf 87' lang='lat' dir='ltr'>comprehendi</span> <span class='ocrx_word' id='word_1_218' title='bbox 2673 2878 2943 2944; x_wconf 81' lang='lat' dir='ltr'>queunt;</span> <span class='ocrx_word' id='word_1_219' title='bbox 2975 2888 3092 2928; x_wconf 92' lang='lat' dir='ltr'>non</span> <span class='ocrx_word' id='word_1_220' title='bbox 3137 2873 3330 2929; x_wconf 89' lang='lat' dir='ltr'>solum</span> <span class='ocrx_word' id='word_1_221' title='bbox 3382 2871 3548 2943; x_wconf 90' lang='lat' dir='ltr'>quod</span> 
     </span>
    </p>
   </div>
   <div class='ocr_carea' id='block_1_35' title="bbox 1895 2961 3545 3032">
    <p class='ocr_par' dir='ltr' id='par_1_35' title="bbox 1895 2961 3545 3032">
     <span class='ocr_line' id='line_1_35' title="bbox 1895 2961 3545 3032; baseline -0.001 -14"><span class='ocrx_word' id='word_1_222' title='bbox 1895 2962 2101 3018; x_wconf 86' lang='lat' dir='ltr'>attinet</span> <span class='ocrx_word' id='word_1_223' title='bbox 2130 2961 2207 3018; x_wconf 91' lang='lat' dir='ltr'>ad</span> <span class='ocrx_word' id='word_1_224' title='bbox 2239 2966 2467 3017; x_wconf 62' lang='lat' dir='ltr'>natura:</span> <span class='ocrx_word' id='word_1_225' title='bbox 2516 2962 2644 3032; x_wconf 87' lang='lat' dir='ltr'>ejus</span> <span class='ocrx_word' id='word_1_226' title='bbox 2697 2961 3286 3032; x_wconf 88' lang='lat' dir='ltr'>contemplationem,</span> <span class='ocrx_word' id='word_1_227' title='bbox 3337 2976 3545 3016; x_wconf 90' lang='lat' dir='ltr'>verum</span> 
     </span>
    </p>
   </div>
   <div class='ocr_carea' id='block_1_36' title="bbox 167 3042 1782 3122">
    <p class='ocr_par' dir='ltr' id='par_1_36' title="bbox 167 3042 1780 3122">
     <span class='ocr_line' id='line_1_36' title="bbox 167 3042 1780 3122; baseline -0.001 -20"><span class='ocrx_word' id='word_1_228' title='bbox 167 3048 502 3119; x_wconf 78' lang='grc' dir='ltr'>ἀνεπινόητῳ</span> <span class='ocrx_word' id='word_1_229' title='bbox 542 3055 643 3098; x_wconf 85' lang='grc' dir='ltr'>τῶν</span> <span class='ocrx_word' id='word_1_230' title='bbox 689 3042 988 3120; x_wconf 72' lang='grc' dir='ltr'>ἰδιωμάτων</span> <span class='ocrx_word' id='word_1_231' title='bbox 1019 3044 1403 3122; x_wconf 79' lang='grc' dir='ltr'>ὑπεριδρυμένη</span> <span class='ocrx_word' id='word_1_232' title='bbox 1435 3053 1746 3122; x_wconf 84' lang='grc' dir='ltr'>κρυφιότητι</span> <span class='ocrx_word' id='word_1_233' title='bbox 1768 3070 1780 3082; x_wconf 90' lang='grc'><strong>·</strong></span> 
     </span>
    </p>
   </div>
   <div class='ocr_carea' id='block_1_37' title="bbox 1894 3042 3546 3122">
    <p class='ocr_par' dir='ltr' id='par_1_37' title="bbox 1894 3049 3546 3122">
     <span class='ocr_line' id='line_1_37' title="bbox 1894 3049 3546 3122; baseline -0.001 -17"><span class='ocrx_word' id='word_1_234' title='bbox 1894 3049 2074 3106; x_wconf 90' lang='lat' dir='ltr'>etiam</span> <span class='ocrx_word' id='word_1_235' title='bbox 2107 3049 3028 3122; x_wconf 87' lang='lat' dir='ltr'>propterincomprehensibilem</span> <span class='ocrx_word' id='word_1_236' title='bbox 3055 3049 3546 3121; x_wconf 86' lang='lat' dir='ltr'>reconditamque</span> 
     </span>
    </p>
   </div>
   <div class='ocr_carea' id='block_1_38' title="bbox 163 3126 1782 3212">
    <p class='ocr_par' dir='ltr' id='par_1_38' title="bbox 163 3131 1782 3208">
     <span class='ocr_line' id='line_1_38' title="bbox 163 3131 1782 3208; baseline 0.001 -20"><span class='ocrx_word' id='word_1_237' title='bbox 163 3143 262 3188; x_wconf 84' lang='grc' dir='ltr'>καὶ</span> <span class='ocrx_word' id='word_1_238' title='bbox 309 3134 486 3206; x_wconf 79' lang='grc' dir='ltr'>πολλῷ</span> <span class='ocrx_word' id='word_1_239' title='bbox 521 3131 587 3193; x_wconf 80' lang='grc' dir='ltr'>δὴ</span> <span class='ocrx_word' id='word_1_240' title='bbox 633 3135 823 3206; x_wconf 81' lang='grc' dir='ltr'>μᾶλλον</span> <span class='ocrx_word' id='word_1_241' title='bbox 855 3135 1259 3207; x_wconf 81' lang='grc' dir='ltr'>αἰτιολογεῖσθαι</span> <span class='ocrx_word' id='word_1_242' title='bbox 1288 3146 1518 3208; x_wconf 85' lang='grc' dir='ltr'>γηγενῶν</span> <span class='ocrx_word' id='word_1_243' title='bbox 1551 3135 1782 3198; x_wconf 78' lang='grc' dir='ltr'>διανοίας</span> 
     </span>
    </p>
   </div>
   <div class='ocr_carea' id='block_1_39' title="bbox 1894 3126 3546 3212">
    <p class='ocr_par' dir='ltr' id='par_1_39' title="bbox 1895 3137 3546 3212">
     <span class='ocr_line' id='line_1_39' title="bbox 1895 3137 3546 3212; baseline -0.001 -18"><span class='ocrx_word' id='word_1_244' title='bbox 1895 3140 2321 3212; x_wconf 88' lang='lat' dir='ltr'>proprietatum</span> <span class='ocrx_word' id='word_1_245' title='bbox 2362 3139 2820 3196; x_wconf 88' lang='lat' dir='ltr'>obscuritatem:</span> <span class='ocrx_word' id='word_1_246' title='bbox 2855 3138 3038 3194; x_wconf 91' lang='lat' dir='ltr'>multo</span> <span class='ocrx_word' id='word_1_247' title='bbox 3079 3153 3220 3194; x_wconf 89' lang='lat' dir='ltr'>vero</span> <span class='ocrx_word' id='word_1_248' title='bbox 3267 3137 3546 3210; x_wconf 89' lang='lat' dir='ltr'>impossi-</span> 
     </span>
    </p>
   </div>
   <div class='ocr_carea' id='block_1_40' title="bbox 169 3223 1782 3299">
    <p class='ocr_par' dir='ltr' id='par_1_40' title="bbox 169 3223 1782 3299">
     <span class='ocr_line' id='line_1_40' title="bbox 169 3223 1782 3299; baseline 0.001 -22"><span class='ocrx_word' id='word_1_249' title='bbox 169 3227 601 3299; x_wconf 78' lang='grc' dir='ltr'>ἀνακεχωρησε·</span> <span class='ocrx_word' id='word_1_250' title='bbox 652 3223 784 3283; x_wconf 81' lang='grc' dir='ltr'>πλὴν</span> <span class='ocrx_word' id='word_1_251' title='bbox 838 3227 980 3276; x_wconf 86' lang='grc' dir='ltr'>ἔστιν</span> <span class='ocrx_word' id='word_1_252' title='bbox 1033 3224 1401 3299; x_wconf 79' lang='grc' dir='ltr'>φιλανθρώπως</span> <span class='ocrx_word' id='word_1_253' title='bbox 1449 3234 1543 3288; x_wconf 83' lang='grc' dir='ltr'>τῆς</span> <span class='ocrx_word' id='word_1_254' title='bbox 1599 3225 1782 3279; x_wconf 77' lang='grc' dir='ltr'>ἐκεῖθεν</span> 
     </span>
    </p>
   </div>
   <div class='ocr_carea' id='block_1_41' title="bbox 1894 3223 3546 3299">
    <p class='ocr_par' dir='ltr' id='par_1_41' title="bbox 1894 3227 3546 3292">
     <span class='ocr_line' id='line_1_41' title="bbox 1894 3227 3546 3292; baseline -0.001 -8"><span class='ocrx_word' id='word_1_255' title='bbox 1894 3227 2073 3284; x_wconf 87' lang='lat' dir='ltr'>bilius</span> <span class='ocrx_word' id='word_1_256' title='bbox 2117 3234 2227 3292; x_wconf 90' lang='lat' dir='ltr'>est,</span> <span class='ocrx_word' id='word_1_257' title='bbox 2273 3233 2333 3283; x_wconf 89' lang='lat' dir='ltr'>ut</span> <span class='ocrx_word' id='word_1_258' title='bbox 2385 3227 2734 3282; x_wconf 87' lang='lat' dir='ltr'>earumdem</span> <span class='ocrx_word' id='word_1_259' title='bbox 2793 3243 3006 3283; x_wconf 85' lang='lat' dir='ltr'>causas</span> <span class='ocrx_word' id='word_1_260' title='bbox 3045 3243 3216 3283; x_wconf 91' lang='lat' dir='ltr'>mens</span> <span class='ocrx_word' id='word_1_261' title='bbox 3258 3227 3546 3282; x_wconf 85' lang='lat' dir='ltr'>terrestris</span> 
     </span>
    </p>
   </div>
   <div class='ocr_carea' id='block_1_42' title="bbox 1893 3315 3548 3389">
    <p class='ocr_par' dir='ltr' id='par_1_42' title="bbox 1893 3315 3548 3389">
     <span class='ocr_line' id='line_1_42' title="bbox 1893 3315 3548 3389; baseline 0 -16"><span class='ocrx_word' id='word_1_262' title='bbox 1893 3316 2188 3389; x_wconf 84' lang='lat' dir='ltr'>explicare</span> <span class='ocrx_word' id='word_1_263' title='bbox 2219 3321 2416 3389; x_wconf 89' lang='lat' dir='ltr'>queat.</span> <span class='ocrx_word' id='word_1_264' title='bbox 2445 3317 2866 3372; x_wconf 88' lang='lat' dir='ltr'>Verumtamen</span> <span class='ocrx_word' id='word_1_265' title='bbox 2907 3315 3244 3388; x_wconf 87' lang='lat' dir='ltr'>splendoris</span> <span class='ocrx_word' id='word_1_266' title='bbox 3277 3315 3434 3372; x_wconf 91' lang='lat' dir='ltr'>illius</span> <span class='ocrx_word' id='word_1_267' title='bbox 3461 3332 3548 3373; x_wconf 89' lang='lat' dir='ltr'>ra-</span> 
     </span>
    </p>
   </div>
   <div class='ocr_carea' id='block_1_43' title="bbox 1893 3404 3548 3477">
    <p class='ocr_par' dir='ltr' id='par_1_43' title="bbox 1893 3404 3548 3477">
     <span class='ocr_line' id='line_1_43' title="bbox 1893 3404 3548 3477; baseline -0.001 -16"><span class='ocrx_word' id='word_1_268' title='bbox 1893 3407 2004 3461; x_wconf 89' lang='lat' dir='ltr'>diis</span> <span class='ocrx_word' id='word_1_269' title='bbox 2033 3405 2108 3462; x_wconf 90' lang='lat' dir='ltr'>ad</span> <span class='ocrx_word' id='word_1_270' title='bbox 2141 3421 2252 3462; x_wconf 90' lang='lat' dir='ltr'>nos</span> <span class='ocrx_word' id='word_1_271' title='bbox 2287 3405 2609 3460; x_wconf 89' lang='lat' dir='ltr'>clementer</span> <span class='ocrx_word' id='word_1_272' title='bbox 2638 3405 2776 3461; x_wconf 92' lang='lat' dir='ltr'>inde</span> <span class='ocrx_word' id='word_1_273' title='bbox 2817 3404 3226 3470; x_wconf 89' lang='lat' dir='ltr'>manantibus,</span> <span class='ocrx_word' id='word_1_274' title='bbox 3260 3411 3548 3477; x_wconf 87' lang='lat' dir='ltr'>tanquam</span> 
     </span>
    </p>
   </div>
   <div class='ocr_carea' id='block_1_44' title="bbox 1894 3493 3550 3568">
    <p class='ocr_par' dir='ltr' id='par_1_44' title="bbox 1894 3493 3550 3568">
     <span class='ocr_line' id='line_1_44' title="bbox 1894 3493 3550 3568; baseline 0 -18"><span class='ocrx_word' id='word_1_275' title='bbox 1894 3495 2155 3568; x_wconf 91' lang='lat' dir='ltr'>speculo,</span> <span class='ocrx_word' id='word_1_276' title='bbox 2184 3511 2336 3568; x_wconf 91' lang='lat' dir='ltr'>pura</span> <span class='ocrx_word' id='word_1_277' title='bbox 2369 3499 2572 3550; x_wconf 92' lang='lat' dir='ltr'>nostra</span> <span class='ocrx_word' id='word_1_278' title='bbox 2621 3494 2945 3566; x_wconf 88' lang='lat' dir='ltr'>cupiditate</span> <span class='ocrx_word' id='word_1_279' title='bbox 2975 3493 3234 3565; x_wconf 87' lang='lat' dir='ltr'>fideique</span> <span class='ocrx_word' id='word_1_280' title='bbox 3290 3493 3550 3550; x_wconf 89' lang='lat' dir='ltr'>illustra-</span> 
     </span>
    </p>
   </div>
   <div class='ocr_carea' id='block_1_45' title="bbox 1895 3583 3551 3656">
    <p class='ocr_par' dir='ltr' id='par_1_45' title="bbox 1895 3583 3551 3656">
     <span class='ocr_line' id='line_1_45' title="bbox 1895 3583 3551 3656; baseline -0.001 -14"><span class='ocrx_word' id='word_1_281' title='bbox 1895 3585 2072 3652; x_wconf 87' lang='lat' dir='ltr'>tione,</span> <span class='ocrx_word' id='word_1_282' title='bbox 2106 3584 2374 3642; x_wconf 86' lang='lat' dir='ltr'>notitiam</span> <span class='ocrx_word' id='word_1_283' title='bbox 2406 3583 2832 3640; x_wconf 89' lang='lat' dir='ltr'>nanciscimur.</span> <span class='ocrx_word' id='word_1_284' title='bbox 2865 3585 3015 3639; x_wconf 90' lang='lat' dir='ltr'>Nam</span> <span class='ocrx_word' id='word_1_285' title='bbox 3057 3583 3216 3656; x_wconf 91' lang='lat' dir='ltr'>quod</span> <span class='ocrx_word' id='word_1_286' title='bbox 3267 3588 3352 3639; x_wconf 86' lang='lat' dir='ltr'>est</span> <span class='ocrx_word' id='word_1_287' title='bbox 3402 3599 3551 3656; x_wconf 88' lang='lat' dir='ltr'>qua-</span> 
     </span>
    </p>
   </div>
   <div class='ocr_carea' id='block_1_46' title="bbox 1893 3673 3554 3747">
    <p class='ocr_par' dir='ltr' id='par_1_46' title="bbox 1893 3673 3554 3747">
     <span class='ocr_line' id='line_1_46' title="bbox 1893 3673 3554 3747; baseline -0.001 -16"><span class='ocrx_word' id='word_1_288' title='bbox 1893 3691 2225 3747; x_wconf 90' lang='lat' dir='ltr'>quaversus</span> <span class='ocrx_word' id='word_1_289' title='bbox 2255 3673 2876 3747; x_wconf 89' lang='lat' dir='ltr'>incomprehensibile,</span> <span class='ocrx_word' id='word_1_290' title='bbox 2911 3673 2973 3728; x_wconf 92' lang='lat' dir='ltr'>id</span> <span class='ocrx_word' id='word_1_291' title='bbox 3011 3688 3086 3728; x_wconf 91' lang='lat' dir='ltr'>ne</span> <span class='ocrx_word' id='word_1_292' title='bbox 3127 3673 3386 3730; x_wconf 86' lang='lat' dir='ltr'>amabile</span> <span class='ocrx_word' id='word_1_293' title='bbox 3423 3673 3554 3745; x_wconf 91' lang='lat' dir='ltr'>qui-</span> 
     </span>
    </p>
   </div>
   <div class='ocr_carea' id='block_1_47' title="bbox 1893 3762 3547 3836">
    <p class='ocr_par' dir='ltr' id='par_1_47' title="bbox 1893 3762 3547 3836">
     <span class='ocr_line' id='line_1_47' title="bbox 1893 3762 3547 3836; baseline -0.001 -16"><span class='ocrx_word' id='word_1_294' title='bbox 1893 3764 2032 3820; x_wconf 89' lang='lat' dir='ltr'>dem</span> <span class='ocrx_word' id='word_1_295' title='bbox 2063 3769 2170 3828; x_wconf 86' lang='lat' dir='ltr'>est,</span> <span class='ocrx_word' id='word_1_296' title='bbox 2205 3780 2398 3836; x_wconf 91' lang='lat' dir='ltr'>neque</span> <span class='ocrx_word' id='word_1_297' title='bbox 2437 3779 2579 3833; x_wconf 90' lang='lat' dir='ltr'>erga</span> <span class='ocrx_word' id='word_1_298' title='bbox 2608 3763 2669 3818; x_wconf 91' lang='lat' dir='ltr'>id</span> <span class='ocrx_word' id='word_1_299' title='bbox 2708 3763 2930 3818; x_wconf 90' lang='lat' dir='ltr'>amoris</span> <span class='ocrx_word' id='word_1_300' title='bbox 2980 3762 3298 3818; x_wconf 84' lang='lat' dir='ltr'>scintillam</span> <span class='ocrx_word' id='word_1_301' title='bbox 3362 3762 3547 3818; x_wconf 86' lang='lat' dir='ltr'>ullam</span> 
     </span>
    </p>
   </div>
   <div class='ocr_carea' id='block_1_48' title="bbox 1894 3851 3548 3924">
    <p class='ocr_par' dir='ltr' id='par_1_48' title="bbox 1894 3851 3548 3924">
     <span class='ocr_line' id='line_1_48' title="bbox 1894 3851 3548 3924; baseline -0.002 -16"><span class='ocrx_word' id='word_1_302' title='bbox 1894 3853 2203 3924; x_wconf 87' lang='lat' dir='ltr'>concipere</span> <span class='ocrx_word' id='word_1_303' title='bbox 2234 3868 2562 3924; x_wconf 86' lang='lat' dir='ltr'>possumus</span> <span class='ocrx_word' id='word_1_304' title='bbox 2591 3867 2602 3905; x_wconf 89' lang='lat'><em>:</em></span> <span class='ocrx_word' id='word_1_305' title='bbox 2627 3852 2852 3924; x_wconf 91' lang='lat' dir='ltr'>quippe</span> <span class='ocrx_word' id='word_1_306' title='bbox 2877 3868 2999 3922; x_wconf 91' lang='lat' dir='ltr'>quo</span> <span class='ocrx_word' id='word_1_307' title='bbox 3032 3867 3225 3923; x_wconf 89' lang='lat' dir='ltr'>neque</span> <span class='ocrx_word' id='word_1_308' title='bbox 3254 3851 3548 3920; x_wconf 82' lang='lat' dir='ltr'>igniculos</span> 
     </span>
    </p>
   </div>
   <div class='ocr_carea' id='block_1_49' title="bbox 1893 3940 3547 4014">
    <p class='ocr_par' dir='ltr' id='par_1_49' title="bbox 1893 3940 3547 4014">
     <span class='ocr_line' id='line_1_49' title="bbox 1893 3940 3547 4014; baseline -0.001 -18"><span class='ocrx_word' id='word_1_309' title='bbox 1893 3941 2234 4014; x_wconf 87' lang='lat' dir='ltr'>cupiditatis</span> <span class='ocrx_word' id='word_1_310' title='bbox 2282 3940 2510 4005; x_wconf 86' lang='lat' dir='ltr'>emittit,</span> <span class='ocrx_word' id='word_1_311' title='bbox 2554 3957 2749 4010; x_wconf 88' lang='lat' dir='ltr'>neque</span> <span class='ocrx_word' id='word_1_312' title='bbox 2799 3940 2915 3995; x_wconf 90' lang='lat' dir='ltr'>sibi</span> <span class='ocrx_word' id='word_1_313' title='bbox 2967 3940 3232 4010; x_wconf 88' lang='lat' dir='ltr'>cujusvis</span> <span class='ocrx_word' id='word_1_314' title='bbox 3275 3940 3547 3996; x_wconf 89' lang='lat' dir='ltr'>animum</span> 
     </span>
    </p>
   </div>
   <div class='ocr_carea' id='block_1_50' title="bbox 1894 4028 3548 4087">
    <p class='ocr_par' dir='ltr' id='par_1_50' title="bbox 1894 4028 3548 4087">
     <span class='ocr_line' id='line_1_50' title="bbox 1894 4028 3548 4087; baseline -0.002 0"><span class='ocrx_word' id='word_1_315' title='bbox 1894 4030 2255 4087; x_wconf 89' lang='lat' dir='ltr'>conciliandi</span> <span class='ocrx_word' id='word_1_316' title='bbox 2299 4030 2420 4085; x_wconf 88' lang='lat' dir='ltr'>vim</span> <span class='ocrx_word' id='word_1_317' title='bbox 2472 4029 2668 4084; x_wconf 88' lang='lat' dir='ltr'>habet.</span> <span class='ocrx_word' id='word_1_318' title='bbox 2705 4032 2803 4084; x_wconf 88' lang='lat' dir='ltr'>Est</span> <span class='ocrx_word' id='word_1_319' title='bbox 2851 4036 3047 4084; x_wconf 88' lang='lat' dir='ltr'>tamen</span> <span class='ocrx_word' id='word_1_320' title='bbox 3093 4028 3222 4083; x_wconf 73' lang='lat' dir='ltr'>haec</span> <span class='ocrx_word' id='word_1_321' title='bbox 3253 4044 3346 4083; x_wconf 91' lang='lat' dir='ltr'>res</span> <span class='ocrx_word' id='word_1_322' title='bbox 3379 4028 3548 4084; x_wconf 89' lang='lat' dir='ltr'>valde</span> 
     </span>
    </p>
   </div>
   <div class='ocr_carea' id='block_1_51' title="bbox 1896 4115 3547 4190">
    <p class='ocr_par' dir='ltr' id='par_1_51' title="bbox 1896 4115 3547 4190">
     <span class='ocr_line' id='line_1_51' title="bbox 1896 4115 3547 4190; baseline -0.002 -16"><span class='ocrx_word' id='word_1_323' title='bbox 1896 4119 2144 4188; x_wconf 89' lang='lat' dir='ltr'>indigna</span> <span class='ocrx_word' id='word_1_324' title='bbox 2157 4133 2412 4190; x_wconf 91' lang='lat' dir='ltr'>superne</span> <span class='ocrx_word' id='word_1_325' title='bbox 2427 4118 2620 4172; x_wconf 86' lang='lat' dir='ltr'>ﬂantis</span> <span class='ocrx_word' id='word_1_326' title='bbox 2637 4116 3063 4188; x_wconf 90' lang='lat' dir='ltr'>inspirationis,</span> <span class='ocrx_word' id='word_1_327' title='bbox 3081 4133 3216 4187; x_wconf 66' lang='lat' dir='ltr'>quae</span> <span class='ocrx_word' id='word_1_328' title='bbox 3244 4115 3547 4172; x_wconf 84' lang='lat' dir='ltr'>sublimio-</span> 
     </span>
    </p>
   </div>
   <div class='ocr_carea' id='block_1_52' title="bbox 1894 4205 3551 4278">
    <p class='ocr_par' dir='ltr' id='par_1_52' title="bbox 1894 4205 3551 4278">
     <span class='ocr_line' id='line_1_52' title="bbox 1894 4205 3551 4278; baseline -0.004 -16"><span class='ocrx_word' id='word_1_329' title='bbox 1894 4223 2018 4262; x_wconf 90' lang='lat' dir='ltr'>rem</span> <span class='ocrx_word' id='word_1_330' title='bbox 2072 4207 2406 4262; x_wconf 85' lang='lat' dir='ltr'>doctrinam</span> <span class='ocrx_word' id='word_1_331' title='bbox 2448 4206 2680 4271; x_wconf 88' lang='lat' dir='ltr'>tradat;</span> <span class='ocrx_word' id='word_1_332' title='bbox 2732 4205 3112 4278; x_wconf 86' lang='lat' dir='ltr'>postulatque</span> <span class='ocrx_word' id='word_1_333' title='bbox 3147 4220 3361 4274; x_wconf 88' lang='lat' dir='ltr'>puram</span> <span class='ocrx_word' id='word_1_334' title='bbox 3391 4219 3551 4258; x_wconf 89' lang='lat' dir='ltr'>men-</span> 
     </span>
    </p>
   </div>
   <div class='ocr_carea' id='block_1_53' title="bbox 1895 4293 3548 4368">
    <p class='ocr_par' dir='ltr' id='par_1_53' title="bbox 1895 4293 3548 4368">
     <span class='ocr_line' id='line_1_53' title="bbox 1895 4293 3548 4368; baseline -0.002 -17"><span class='ocrx_word' id='word_1_335' title='bbox 1895 4301 2034 4360; x_wconf 90' lang='lat' dir='ltr'>tem,</span> <span class='ocrx_word' id='word_1_336' title='bbox 2071 4301 2249 4368; x_wconf 90' lang='lat' dir='ltr'>atque</span> <span class='ocrx_word' id='word_1_337' title='bbox 2277 4311 2311 4349; x_wconf 95' lang='lat' dir='ltr'>a</span> <span class='ocrx_word' id='word_1_338' title='bbox 2335 4295 2496 4363; x_wconf 84' lang='lat' dir='ltr'>vulgi</span> <span class='ocrx_word' id='word_1_339' title='bbox 2524 4293 2904 4363; x_wconf 81' lang='lat' dir='ltr'>intelligentia</span> <span class='ocrx_word' id='word_1_340' title='bbox 2927 4293 3224 4349; x_wconf 87' lang='lat' dir='ltr'>abhorret.</span> <span class='ocrx_word' id='word_1_341' title='bbox 3251 4295 3380 4348; x_wconf 78' lang='lat' dir='ltr'>lam</span> <span class='ocrx_word' id='word_1_342' title='bbox 3410 4307 3548 4348; x_wconf 85' lang='lat' dir='ltr'>vero</span> 
     </span>
    </p>
   </div>
   <div class='ocr_carea' id='block_1_54' title="bbox 1893 4381 3548 4456">
    <p class='ocr_par' dir='ltr' id='par_1_54' title="bbox 1893 4381 3548 4456">
     <span class='ocr_line' id='line_1_54' title="bbox 1893 4381 3548 4456; baseline -0.001 -18"><span class='ocrx_word' id='word_1_343' title='bbox 1893 4400 2029 4456; x_wconf 74' lang='lat' dir='ltr'>quae</span> <span class='ocrx_word' id='word_1_344' title='bbox 2053 4383 2316 4440; x_wconf 76' lang='lat' dir='ltr'>coelestia</span> <span class='ocrx_word' id='word_1_345' title='bbox 2341 4383 2513 4438; x_wconf 90' lang='lat' dir='ltr'>nobis</span> <span class='ocrx_word' id='word_1_346' title='bbox 2543 4382 2809 4438; x_wconf 89' lang='lat' dir='ltr'>contueri</span> <span class='ocrx_word' id='word_1_347' title='bbox 2837 4388 3060 4438; x_wconf 66' lang='lat' dir='ltr'>natura:</span> <span class='ocrx_word' id='word_1_348' title='bbox 3088 4381 3401 4438; x_wconf 87' lang='lat' dir='ltr'>inﬁrmitas</span> <span class='ocrx_word' id='word_1_349' title='bbox 3427 4397 3548 4437; x_wconf 92' lang='lat' dir='ltr'>non</span> 
     </span>
    </p>
   </div>
   <div class='ocr_carea' id='block_1_55' title="bbox 757 4470 1782 4547">
    <p class='ocr_par' dir='ltr' id='par_1_55' title="bbox 757 4474 1782 4547">
     <span class='ocr_line' id='line_1_55' title="bbox 757 4474 1782 4547; baseline 0.004 -25"><span class='ocrx_word' id='word_1_350' title='bbox 757 4474 880 4544; x_wconf 79' lang='grc' dir='ltr'>ἡμῖν</span> <span class='ocrx_word' id='word_1_351' title='bbox 955 4479 1252 4546; x_wconf 78' lang='grc' dir='ltr'>παρασχεῖν</span> <span class='ocrx_word' id='word_1_352' title='bbox 1329 4475 1356 4531; x_wconf 79' lang='grc' dir='ltr'>η</span> <span class='ocrx_word' id='word_1_353' title='bbox 1435 4474 1782 4547; x_wconf 77' lang='grc' dir='ltr'>φιλάνθρωπος</span> 
     </span>
    </p>
   </div>
   <div class='ocr_carea' id='block_1_56' title="bbox 1894 4470 3552 4547">
    <p class='ocr_par' dir='ltr' id='par_1_56' title="bbox 1896 4470 3552 4544">
     <span class='ocr_line' id='line_1_56' title="bbox 1896 4470 3552 4544; baseline -0.002 -15"><span class='ocrx_word' id='word_1_354' title='bbox 1896 4473 2187 4544; x_wconf 90' lang='lat' dir='ltr'>concedit,</span> <span class='ocrx_word' id='word_1_355' title='bbox 2219 4488 2287 4528; x_wconf 88' lang='lat' dir='ltr'>ea</span> <span class='ocrx_word' id='word_1_356' title='bbox 2319 4477 2383 4528; x_wconf 88' lang='lat' dir='ltr'>ut</span> <span class='ocrx_word' id='word_1_357' title='bbox 2414 4489 2518 4544; x_wconf 90' lang='lat' dir='ltr'>per</span> <span class='ocrx_word' id='word_1_358' title='bbox 2546 4470 2869 4527; x_wconf 87' lang='lat' dir='ltr'>familiares</span> <span class='ocrx_word' id='word_1_359' title='bbox 2899 4471 3070 4526; x_wconf 89' lang='lat' dir='ltr'>nobis</span> <span class='ocrx_word' id='word_1_360' title='bbox 3098 4487 3189 4526; x_wconf 90' lang='lat' dir='ltr'>res</span> <span class='ocrx_word' id='word_1_361' title='bbox 3221 4470 3293 4525; x_wconf 87' lang='lat' dir='ltr'>ad</span> <span class='ocrx_word' id='word_1_362' title='bbox 3317 4470 3552 4526; x_wconf 89' lang='lat' dir='ltr'>abstru-</span> 
     </span>
    </p>
   </div>
   <div class='ocr_carea' id='block_1_57' title="bbox 172 512 1778 589">
    <p class='ocr_par' dir='ltr' id='par_1_57' title="bbox 172 512 1778 589">
     <span class='ocr_line' id='line_1_57' title="bbox 172 512 1778 589; baseline -0.002 -20"><span class='ocrx_word' id='word_1_363' title='bbox 172 517 479 589; x_wconf 75' lang='grc' dir='ltr'>κτισμάτων</span> <span class='ocrx_word' id='word_1_364' title='bbox 528 517 683 587; x_wconf 85' lang='grc' dir='ltr'>φύσιν</span> <span class='ocrx_word' id='word_1_365' title='bbox 723 513 778 566; x_wconf 77' lang='grc' dir='ltr'>ἐκ</span> <span class='ocrx_word' id='word_1_366' title='bbox 832 519 904 587; x_wconf 81' lang='grc' dir='ltr'>μὴ</span> <span class='ocrx_word' id='word_1_367' title='bbox 962 519 1117 566; x_wconf 80' lang='grc' dir='ltr'>ὄντων</span> <span class='ocrx_word' id='word_1_368' title='bbox 1167 515 1446 581; x_wconf 79' lang='grc' dir='ltr'>οὐσιῶσαι,</span> <span class='ocrx_word' id='word_1_369' title='bbox 1498 517 1635 588; x_wconf 84' lang='grc' dir='ltr'>ὅμως</span> <span class='ocrx_word' id='word_1_370' title='bbox 1691 512 1778 568; x_wconf 83' lang='grc' dir='ltr'>οὖν</span> 
     </span>
    </p>
   </div>
   <div class='ocr_carea' id='block_1_58' title="bbox 173 605 1779 679">
    <p class='ocr_par' dir='ltr' id='par_1_58' title="bbox 173 605 1779 679">
     <span class='ocr_line' id='line_1_58' title="bbox 173 605 1779 679; baseline 0.001 -21"><span class='ocrx_word' id='word_1_371' title='bbox 173 610 234 658; x_wconf 83' lang='grc' dir='ltr'>τό</span> <span class='ocrx_word' id='word_1_372' title='bbox 287 609 600 676; x_wconf 77' lang='grc' dir='ltr'>Μανιχαίων</span> <span class='ocrx_word' id='word_1_373' title='bbox 647 609 1002 679; x_wconf 80' lang='grc' dir='ltr'>μισόχριστον</span> <span class='ocrx_word' id='word_1_374' title='bbox 1044 608 1128 656; x_wconf 81' lang='grc' dir='ltr'>καὶ</span> <span class='ocrx_word' id='word_1_375' title='bbox 1176 606 1436 676; x_wconf 76' lang='grc' dir='ltr'>θεομάχον</span> <span class='ocrx_word' id='word_1_376' title='bbox 1490 607 1626 664; x_wconf 81' lang='grc' dir='ltr'>ἔθνος</span> 
     </span>
    </p>
   </div>
   <div class='ocr_carea' id='block_1_59' title="bbox 170 693 1778 768">
    <p class='ocr_par' dir='ltr' id='par_1_59' title="bbox 170 693 1778 768">
     <span class='ocr_line' id='line_1_59' title="bbox 170 693 1778 768; baseline -0.001 -22"><span class='ocrx_word' id='word_1_377' title='bbox 170 700 270 748; x_wconf 80' lang='grc' dir='ltr'>καὶ</span> <span class='ocrx_word' id='word_1_378' title='bbox 303 698 349 746; x_wconf 74' lang='grc' dir='ltr'>οἱ</span> <span class='ocrx_word' id='word_1_379' title='bbox 380 699 683 767; x_wconf 82' lang='grc' dir='ltr'>Μαρκίωνες</span> <span class='ocrx_word' id='word_1_380' title='bbox 721 693 779 745; x_wconf 75' lang='grc' dir='ltr'>οῦ</span> <span class='ocrx_word' id='word_1_381' title='bbox 835 698 1136 765; x_wconf 76' lang='grc' dir='ltr'>φρίττουσιν</span> <span class='ocrx_word' id='word_1_382' title='bbox 1182 693 1250 756; x_wconf 77' lang='grc' dir='ltr'>εἰς</span> <span class='ocrx_word' id='word_1_383' title='bbox 1282 693 1452 766; x_wconf 78' lang='grc' dir='ltr'>ἑτέραν</span> <span class='ocrx_word' id='word_1_384' title='bbox 1483 697 1574 764; x_wconf 72' lang='grc' dir='ltr'>μὲν</span> <span class='ocrx_word' id='word_1_385' title='bbox 1604 693 1778 768; x_wconf 80' lang='grc' dir='ltr'>ἀρχὴν</span> 
     </span>
    </p>
   </div>
   <div class='ocr_carea' id='block_1_60' title="bbox 172 780 1778 854">
    <p class='ocr_par' dir='ltr' id='par_1_60' title="bbox 172 780 1778 854">
     <span class='ocr_line' id='line_1_60' title="bbox 172 780 1778 854; baseline -0.001 -19"><span class='ocrx_word' id='word_1_386' title='bbox 172 787 234 836; x_wconf 89' lang='grc' dir='ltr'>τὸ</span> <span class='ocrx_word' id='word_1_387' title='bbox 316 781 644 854; x_wconf 78' lang='grc' dir='ltr'>εὐαγγελικὸν</span> <span class='ocrx_word' id='word_1_388' title='bbox 715 786 964 854; x_wconf 78' lang='grc' dir='ltr'>κήρυγμα</span> <span class='ocrx_word' id='word_1_389' title='bbox 1022 780 1247 854; x_wconf 80' lang='grc' dir='ltr'>ἀνάγειν,</span> <span class='ocrx_word' id='word_1_390' title='bbox 1311 786 1404 840; x_wconf 79' lang='grc' dir='ltr'>τὴν</span> <span class='ocrx_word' id='word_1_391' title='bbox 1475 788 1778 854; x_wconf 78' lang='grc' dir='ltr'>μαχομένην</span> 
     </span>
    </p>
   </div>
   <div class='ocr_carea' id='block_1_61' title="bbox 173 867 1780 946">
    <p class='ocr_par' dir='ltr' id='par_1_61' title="bbox 173 867 1780 946">
     <span class='ocr_line' id='line_1_61' title="bbox 173 867 1780 946; baseline -0.001 -21"><span class='ocrx_word' id='word_1_392' title='bbox 173 869 237 926; x_wconf 63' lang='grc' dir='ltr'>δὲ</span> <span class='ocrx_word' id='word_1_393' title='bbox 291 874 357 924; x_wconf 82' lang='grc' dir='ltr'>τὰ</span> <span class='ocrx_word' id='word_1_394' title='bbox 413 874 695 935; x_wconf 79' lang='grc' dir='ltr'>Μωσαῖκά,</span> <span class='ocrx_word' id='word_1_395' title='bbox 749 875 866 923; x_wconf 89' lang='grc' dir='ltr'>τίνα</span> <span class='ocrx_word' id='word_1_396' title='bbox 921 870 982 923; x_wconf 81' lang='grc' dir='ltr'>ἄν</span> <span class='ocrx_word' id='word_1_397' title='bbox 1047 867 1382 946; x_wconf 78' lang='grc' dir='ltr'>παρέδραμον</span> <span class='ocrx_word' id='word_1_398' title='bbox 1441 870 1780 944; x_wconf 75' lang='grc' dir='ltr'>βλασφημίας</span> 
     </span>
    </p>
   </div>
   <div class='ocr_carea' id='block_1_62' title="bbox 171 959 1776 1035">
    <p class='ocr_par' dir='ltr' id='par_1_62' title="bbox 171 959 1776 1035">
     <span class='ocr_line' id='line_1_62' title="bbox 171 959 1776 1035; baseline -0.001 -22"><span class='ocrx_word' id='word_1_399' title='bbox 171 967 356 1032; x_wconf 80' lang='grc' dir='ltr'>ὄγκον,</span> <span class='ocrx_word' id='word_1_400' title='bbox 417 961 460 1012; x_wconf 87' lang='grc' dir='ltr'>εἰ</span> <span class='ocrx_word' id='word_1_401' title='bbox 506 969 606 1012; x_wconf 88' lang='grc' dir='ltr'>τῶν</span> <span class='ocrx_word' id='word_1_402' title='bbox 662 961 901 1013; x_wconf 81' lang='grc' dir='ltr'>Παλαιῶν</span> <span class='ocrx_word' id='word_1_403' title='bbox 958 963 1048 1032; x_wconf 76' lang='grc' dir='ltr'>μεν</span> <span class='ocrx_word' id='word_1_404' title='bbox 1107 963 1431 1035; x_wconf 80' lang='grc' dir='ltr'>Γραμμάτων</span> <span class='ocrx_word' id='word_1_405' title='bbox 1486 959 1776 1034; x_wconf 80' lang='grc' dir='ltr'>ἀφωρισμέ-</span> 
     </span>
    </p>
   </div>
   <div class='ocr_carea' id='block_1_63' title="bbox 169 1048 1780 1124">
    <p class='ocr_par' dir='ltr' id='par_1_63' title="bbox 169 1048 1780 1124">
     <span class='ocr_line' id='line_1_63' title="bbox 169 1048 1780 1124; baseline -0.001 -22"><span class='ocrx_word' id='word_1_406' title='bbox 169 1071 277 1112; x_wconf 84' lang='grc' dir='ltr'>νως</span> <span class='ocrx_word' id='word_1_407' title='bbox 331 1051 616 1122; x_wconf 77' lang='grc' dir='ltr'>νομοθέτης</span> <span class='ocrx_word' id='word_1_408' title='bbox 669 1051 695 1102; x_wconf 99' lang='lat'>6</span> <span class='ocrx_word' id='word_1_409' title='bbox 741 1054 921 1124; x_wconf 82' lang='grc' dir='ltr'>Πατὴρ</span> <span class='ocrx_word' id='word_1_410' title='bbox 972 1048 1358 1122; x_wconf 73' lang='grc' dir='ltr'>ἀνεκηρύττετο,</span> <span class='ocrx_word' id='word_1_411' title='bbox 1411 1048 1780 1123; x_wconf 77' lang='grc' dir='ltr'>ἀφωρισμένως</span> 
     </span>
    </p>
   </div>
   <div class='ocr_carea' id='block_1_64' title="bbox 173 1137 1779 1213">
    <p class='ocr_par' dir='ltr' id='par_1_64' title="bbox 173 1137 1779 1213">
     <span class='ocr_line' id='line_1_64' title="bbox 173 1137 1779 1213; baseline -0.001 -21"><span class='ocrx_word' id='word_1_412' title='bbox 173 1137 237 1192; x_wconf 65' lang='grc' dir='ltr'>δὲ</span> <span class='ocrx_word' id='word_1_413' title='bbox 300 1147 395 1200; x_wconf 82' lang='grc' dir='ltr'>τῆς</span> <span class='ocrx_word' id='word_1_414' title='bbox 443 1141 664 1212; x_wconf 80' lang='grc' dir='ltr'>χάριτος</span> <span class='ocrx_word' id='word_1_415' title='bbox 717 1140 742 1190; x_wconf 92' lang='grc' dir='ltr'>ό</span> <span class='ocrx_word' id='word_1_416' title='bbox 789 1141 941 1206; x_wconf 76' lang='grc' dir='ltr'>Υἱόςς</span> <span class='ocrx_word' id='word_1_417' title='bbox 971 1139 1126 1193; x_wconf 81' lang='grc' dir='ltr'>Ἀλλά</span> <span class='ocrx_word' id='word_1_418' title='bbox 1169 1147 1337 1192; x_wconf 89' lang='grc' dir='ltr'>ταῦτα</span> <span class='ocrx_word' id='word_1_419' title='bbox 1382 1139 1551 1213; x_wconf 83' lang='grc' dir='ltr'>ἐτέρου</span> <span class='ocrx_word' id='word_1_420' title='bbox 1593 1145 1779 1212; x_wconf 83' lang='grc' dir='ltr'>καιροῦ</span> 
     </span>
    </p>
   </div>
   <div class='ocr_carea' id='block_1_65' title="bbox 169 1224 1777 1300">
    <p class='ocr_par' dir='ltr' id='par_1_65' title="bbox 169 1224 1777 1300">
     <span class='ocr_line' id='line_1_65' title="bbox 169 1224 1777 1300; baseline -0.001 -20"><span class='ocrx_word' id='word_1_421' title='bbox 169 1229 370 1300; x_wconf 72' lang='grc' dir='ltr'>μᾶλλον</span> <span class='ocrx_word' id='word_1_422' title='bbox 419 1232 508 1280; x_wconf 82' lang='grc' dir='ltr'>καὶ</span> <span class='ocrx_word' id='word_1_423' title='bbox 564 1229 858 1289; x_wconf 77' lang='grc' dir='ltr'>ὑποθέσεως</span> <span class='ocrx_word' id='word_1_424' title='bbox 903 1226 1079 1288; x_wconf 79' lang='grc' dir='ltr'>ἄλλης.</span> <span class='ocrx_word' id='word_1_425' title='bbox 1131 1235 1215 1280; x_wconf 86' lang='grc' dir='ltr'>Δεῖ</span> <span class='ocrx_word' id='word_1_426' title='bbox 1257 1224 1315 1280; x_wconf 69' lang='grc' dir='ltr'>δὲ</span> <span class='ocrx_word' id='word_1_427' title='bbox 1362 1227 1514 1280; x_wconf 80' lang='grc' dir='ltr'>πάλιν</span> <span class='ocrx_word' id='word_1_428' title='bbox 1565 1228 1629 1288; x_wconf 83' lang='grc' dir='ltr'>εἰς</span> <span class='ocrx_word' id='word_1_429' title='bbox 1684 1232 1777 1286; x_wconf 78' lang='grc' dir='ltr'>την</span> 
     </span>
    </p>
   </div>
   <div class='ocr_carea' id='block_1_66' title="bbox 171 1315 1776 1392">
    <p class='ocr_par' dir='ltr' id='par_1_66' title="bbox 171 1315 1776 1392">
     <span class='ocr_line' id='line_1_66' title="bbox 171 1315 1776 1392; baseline 0 -23"><span class='ocrx_word' id='word_1_430' title='bbox 171 1316 266 1370; x_wconf 84' lang='grc' dir='ltr'>ἀπ’</span> <span class='ocrx_word' id='word_1_431' title='bbox 323 1316 500 1390; x_wconf 84' lang='grc' dir='ltr'>ἀρχῆς</span> <span class='ocrx_word' id='word_1_432' title='bbox 567 1315 788 1391; x_wconf 81' lang='grc' dir='ltr'>ἀπορίαν</span> <span class='ocrx_word' id='word_1_433' title='bbox 851 1316 1156 1378; x_wconf 79' lang='grc' dir='ltr'>ἱπανελθεῖν,</span> <span class='ocrx_word' id='word_1_434' title='bbox 1219 1325 1326 1379; x_wconf 91' lang='grc' dir='ltr'>πῶς</span> <span class='ocrx_word' id='word_1_435' title='bbox 1368 1319 1394 1369; x_wconf 93' lang='lat'>6</span> <span class='ocrx_word' id='word_1_436' title='bbox 1453 1321 1542 1390; x_wconf 69' lang='grc' dir='ltr'>μὲν</span> <span class='ocrx_word' id='word_1_437' title='bbox 1597 1321 1776 1392; x_wconf 80' lang='grc' dir='ltr'>Πατὴρ</span> 
     </span>
    </p>
   </div>
   <div class='ocr_carea' id='block_1_67' title="bbox 169 1401 1778 1479">
    <p class='ocr_par' dir='ltr' id='par_1_67' title="bbox 169 1401 1778 1479">
     <span class='ocr_line' id='line_1_67' title="bbox 169 1401 1778 1479; baseline 0 -21"><span class='ocrx_word' id='word_1_438' title='bbox 169 1403 274 1458; x_wconf 80' lang='grc' dir='ltr'>διὰ</span> <span class='ocrx_word' id='word_1_439' title='bbox 325 1414 423 1459; x_wconf 82' lang='grc' dir='ltr'>τοῦ</span> <span class='ocrx_word' id='word_1_440' title='bbox 477 1407 600 1458; x_wconf 79' lang='grc' dir='ltr'>Υὶοῦ</span> <span class='ocrx_word' id='word_1_441' title='bbox 660 1401 994 1479; x_wconf 78' lang='grc' dir='ltr'>δημιουργεῖ,</span> <span class='ocrx_word' id='word_1_442' title='bbox 1025 1407 1050 1456; x_wconf 93' lang='lat'>6</span> <span class='ocrx_word' id='word_1_443' title='bbox 1096 1401 1155 1458; x_wconf 78' lang='grc' dir='ltr'>δε</span> <span class='ocrx_word' id='word_1_444' title='bbox 1185 1408 1304 1467; x_wconf 83' lang='grc' dir='ltr'>Υἱός</span> <span class='ocrx_word' id='word_1_445' title='bbox 1332 1407 1504 1459; x_wconf 75' lang='grc' dir='ltr'>οὐκέτι</span> <span class='ocrx_word' id='word_1_446' title='bbox 1552 1403 1646 1458; x_wconf 81' lang='grc' dir='ltr'>διὰ</span> <span class='ocrx_word' id='word_1_447' title='bbox 1688 1413 1778 1458; x_wconf 87' lang='grc' dir='ltr'>τοῦ</span> 
     </span>
    </p>
   </div>
   <div class='ocr_carea' id='block_1_68' title="bbox 172 1493 1779 1570">
    <p class='ocr_par' dir='ltr' id='par_1_68' title="bbox 172 1493 1779 1570">
     <span class='ocr_line' id='line_1_68' title="bbox 172 1493 1779 1570; baseline -0.002 -22"><span class='ocrx_word' id='word_1_448' title='bbox 172 1500 403 1570; x_wconf 83' lang='grc' dir='ltr'>Πατρός.</span> <span class='ocrx_word' id='word_1_449' title='bbox 450 1494 508 1546; x_wconf 84' lang='grc' dir='ltr'><strong>Ἦ</strong></span> <span class='ocrx_word' id='word_1_450' title='bbox 554 1498 657 1568; x_wconf 81' lang='grc' dir='ltr'>γὰρ</span> <span class='ocrx_word' id='word_1_451' title='bbox 707 1495 944 1568; x_wconf 78' lang='grc' dir='ltr'>εἰρημένη</span> <span class='ocrx_word' id='word_1_452' title='bbox 1001 1493 1152 1554; x_wconf 84' lang='grc' dir='ltr'>λύσις</span> <span class='ocrx_word' id='word_1_453' title='bbox 1201 1495 1348 1548; x_wconf 77' lang='grc' dir='ltr'>ἔλυσε</span> <span class='ocrx_word' id='word_1_454' title='bbox 1395 1499 1483 1566; x_wconf 78' lang='grc' dir='ltr'>μὲν</span> <span class='ocrx_word' id='word_1_455' title='bbox 1533 1495 1779 1566; x_wconf 85' lang='grc' dir='ltr'>λαμπρῶς</span> 
     </span>
    </p>
   </div>
   <div class='ocr_carea' id='block_1_69' title="bbox 168 1580 1773 1659">
    <p class='ocr_par' dir='ltr' id='par_1_69' title="bbox 168 1580 1773 1659">
     <span class='ocr_line' id='line_1_69' title="bbox 168 1580 1773 1659; baseline -0.001 -22"><span class='ocrx_word' id='word_1_456' title='bbox 168 1588 230 1637; x_wconf 86' lang='grc' dir='ltr'>τὸ</span> <span class='ocrx_word' id='word_1_457' title='bbox 264 1590 425 1659; x_wconf 82' lang='grc' dir='ltr'>μέρος</span> <span class='ocrx_word' id='word_1_458' title='bbox 471 1591 567 1646; x_wconf 77' lang='grc' dir='ltr'>τῆς</span> <span class='ocrx_word' id='word_1_459' title='bbox 605 1582 846 1656; x_wconf 83' lang='grc' dir='ltr'>ἀπορίας,</span> <span class='ocrx_word' id='word_1_460' title='bbox 880 1583 1097 1635; x_wconf 80' lang='grc' dir='ltr'>ἐπέτεινε</span> <span class='ocrx_word' id='word_1_461' title='bbox 1142 1580 1201 1636; x_wconf 72' lang='grc' dir='ltr'>δε</span> <span class='ocrx_word' id='word_1_462' title='bbox 1239 1584 1426 1656; x_wconf 78' lang='grc' dir='ltr'>μᾶλλον</span> <span class='ocrx_word' id='word_1_463' title='bbox 1470 1587 1528 1636; x_wconf 89' lang='grc' dir='ltr'>τό</span> <span class='ocrx_word' id='word_1_464' title='bbox 1577 1583 1773 1636; x_wconf 90' lang='grc' dir='ltr'>λοιπόν.</span> 
     </span>
    </p>
   </div>
   <div class='ocr_carea' id='block_1_70' title="bbox 163 2028 1776 2103">
    <p class='ocr_par' dir='ltr' id='par_1_70' title="bbox 163 2028 1776 2103">
     <span class='ocr_line' id='line_1_70' title="bbox 163 2028 1776 2103; baseline -0.002 -20"><span class='ocrx_word' id='word_1_465' title='bbox 163 2050 321 2102; x_wconf 81' lang='grc' dir='ltr'>μενοι,</span> <span class='ocrx_word' id='word_1_466' title='bbox 352 2031 476 2082; x_wconf 85' lang='grc' dir='ltr'>ὅσον</span> <span class='ocrx_word' id='word_1_467' title='bbox 505 2028 971 2102; x_wconf 74' lang='grc' dir='ltr'>προσλαμϐάνουσι</span> <span class='ocrx_word' id='word_1_468' title='bbox 1018 2033 1076 2081; x_wconf 88' lang='grc' dir='ltr'>τό</span> <span class='ocrx_word' id='word_1_469' title='bbox 1114 2031 1324 2103; x_wconf 79' lang='grc' dir='ltr'>κράτος,</span> <span class='ocrx_word' id='word_1_470' title='bbox 1357 2038 1602 2082; x_wconf 87' lang='grc' dir='ltr'>τοσοῦτον</span> <span class='ocrx_word' id='word_1_471' title='bbox 1632 2035 1776 2099; x_wconf 80' lang='grc' dir='ltr'>νικᾷν</span> 
     </span>
    </p>
   </div>
   <div class='ocr_carea' id='block_1_71' title="bbox 165 2119 793 2192">
    <p class='ocr_par' dir='ltr' id='par_1_71' title="bbox 165 2119 793 2192">
     <span class='ocr_line' id='line_1_71' title="bbox 165 2119 793 2192; baseline 0.003 -21"><span class='ocrx_word' id='word_1_472' title='bbox 165 2119 458 2192; x_wconf 77' lang='grc' dir='ltr'>ἀνάγονται</span> <span class='ocrx_word' id='word_1_473' title='bbox 483 2122 570 2172; x_wconf 86' lang='grc' dir='ltr'>τόν</span> <span class='ocrx_word' id='word_1_474' title='bbox 595 2127 793 2192; x_wconf 81' lang='grc' dir='ltr'>μῶμον.</span> 
     </span>
    </p>
   </div>
   <div class='ocr_carea' id='block_1_72' title="bbox 716 2225 1236 2281">
    <p class='ocr_par' dir='ltr' id='par_1_72' title="bbox 716 2225 1236 2281">
     <span class='ocr_line' id='line_1_72' title="bbox 716 2225 1236 2281; baseline 0.006 -4"><span class='ocrx_word' id='word_1_475' title='bbox 716 2229 1030 2278; x_wconf 82' lang='grc' dir='ltr'>ΕΡΩἹἬΣΙΣ</span> <span class='ocrx_word' id='word_1_476' title='bbox 1067 2225 1236 2281; x_wconf 80' lang='grc' dir='ltr'>ΡΠΘ.’</span> 
     </span>
    </p>
   </div>
   <div class='ocr_carea' id='block_1_73' title="bbox 165 2334 1780 2407">
    <p class='ocr_par' dir='ltr' id='par_1_73' title="bbox 165 2334 1780 2407">
     <span class='ocr_line' id='line_1_73' title="bbox 165 2334 1780 2407; baseline -0.001 -21"><span class='ocrx_word' id='word_1_477' title='bbox 165 2336 266 2386; x_wconf 76' lang='grc' dir='ltr'>Διὰ</span> <span class='ocrx_word' id='word_1_478' title='bbox 292 2339 346 2386; x_wconf 89' lang='grc' dir='ltr'>τί</span> <span class='ocrx_word' id='word_1_479' title='bbox 377 2340 589 2406; x_wconf 85' lang='grc' dir='ltr'>Πνεῦμα</span> <span class='ocrx_word' id='word_1_480' title='bbox 618 2335 721 2407; x_wconf 71' lang='grc' dir='ltr'>μὶν</span> <span class='ocrx_word' id='word_1_481' title='bbox 750 2335 954 2406; x_wconf 81' lang='grc' dir='ltr'>Πατρός</span> <span class='ocrx_word' id='word_1_482' title='bbox 983 2338 1071 2386; x_wconf 81' lang='grc' dir='ltr'>καὶ</span> <span class='ocrx_word' id='word_1_483' title='bbox 1102 2340 1310 2406; x_wconf 85' lang='grc' dir='ltr'>Πνεῦμα</span> <span class='ocrx_word' id='word_1_484' title='bbox 1338 2337 1460 2407; x_wconf 51' lang='grc' dir='ltr'>Υἱοῦ</span> <span class='ocrx_word' id='word_1_485' title='bbox 1494 2334 1780 2407; x_wconf 71' lang='grc' dir='ltr'>ἱερολογσῦ-</span> 
     </span>
    </p>
   </div>
   <div class='ocr_carea' id='block_1_74' title="bbox 238 2387 1781 2478">
    <p class='ocr_par' dir='ltr' id='par_1_74' title="bbox 238 2387 1781 2478">
     <span class='ocr_line' id='line_1_74' title="bbox 238 2387 1781 2478; baseline -0.001 -20"><span class='ocrx_word' id='word_1_486' title='bbox 238 2425 358 2478; x_wconf 74' lang='grc' dir='ltr'>μεν,</span> <span class='ocrx_word' id='word_1_487' title='bbox 393 2387 568 2457; x_wconf 61' lang='grc' dir='ltr'>οὐκέτι</span> <span class='ocrx_word' id='word_1_488' title='bbox 607 2387 899 2478; x_wconf 47' lang='lat' dir='ltr'>Senatu}:</span> <span class='ocrx_word' id='word_1_489' title='bbox 939 2387 1244 2478; x_wconf 76' lang='grc' dir='ltr'>Πνεῦματος⁸</span> <span class='ocrx_word' id='word_1_490' title='bbox 1277 2401 1402 2459; x_wconf 66' lang='grc' dir='ltr'>οὐδὲ</span> <span class='ocrx_word' id='word_1_491' title='bbox 1429 2387 1547 2459; x_wconf 70' lang='grc' dir='ltr'>Υὶόν</span> <span class='ocrx_word' id='word_1_492' title='bbox 1593 2387 1781 2458; x_wconf 66' lang='grc' dir='ltr'>ἀποδί-</span> 
     </span>
    </p>
   </div>
   <div class='ocr_carea' id='block_1_75' title="bbox 242 2475 956 2549">
    <p class='ocr_par' dir='ltr' id='par_1_75' title="bbox 242 2475 956 2549">
     <span class='ocr_line' id='line_1_75' title="bbox 242 2475 956 2549; baseline -0.006 -18"><span class='ocrx_word' id='word_1_493' title='bbox 242 2475 445 2531; x_wconf 75' lang='grc' dir='ltr'>δοσθαι</span> <span class='ocrx_word' id='word_1_494' title='bbox 475 2475 917 2549; x_wconf 79' lang='grc' dir='ltr'>συνομολογοῦμεν</span> <span class='ocrx_word' id='word_1_495' title='bbox 942 2493 956 2545; x_wconf 90' lang='grc'><strong>;</strong></span> 
     </span>
    </p>
   </div>
   <div class='ocr_carea' id='block_1_76' title="bbox 239 2691 1788 2766">
    <p class='ocr_par' dir='ltr' id='par_1_76' title="bbox 239 2691 1788 2766">
     <span class='ocr_line' id='line_1_76' title="bbox 239 2691 1788 2766; baseline 0 -22"><span class='ocrx_word' id='word_1_496' title='bbox 239 2691 302 2744; x_wconf 81' lang='grc' dir='ltr'><em>Ἦ</em></span> <span class='ocrx_word' id='word_1_497' title='bbox 355 2693 688 2765; x_wconf 80' lang='grc' dir='ltr'>ὑπεράρχιος</span> <span class='ocrx_word' id='word_1_498' title='bbox 737 2695 825 2743; x_wconf 85' lang='grc' dir='ltr'>καὶ</span> <span class='ocrx_word' id='word_1_499' title='bbox 870 2693 1110 2766; x_wconf 77' lang='grc' dir='ltr'>ῦπέρθεος</span> <span class='ocrx_word' id='word_1_500' title='bbox 1159 2700 1258 2744; x_wconf 88' lang='grc' dir='ltr'>τῶν</span> <span class='ocrx_word' id='word_1_501' title='bbox 1315 2693 1606 2765; x_wconf 86' lang='grc' dir='ltr'>θεαρχικῶν</span> <span class='ocrx_word' id='word_1_502' title='bbox 1665 2694 1788 2744; x_wconf 70' lang='grc' dir='ltr'>ὑπο-</span> 
     </span>
    </p>
   </div>
   <div class='ocr_carea' id='block_1_77' title="bbox 169 2780 1785 2855">
    <p class='ocr_par' dir='ltr' id='par_1_77' title="bbox 169 2780 1785 2855">
     <span class='ocr_line' id='line_1_77' title="bbox 169 2780 1785 2855; baseline 0.001 -21"><span class='ocrx_word' id='word_1_503' title='bbox 169 2785 420 2834; x_wconf 75' lang='grc' dir='ltr'>στάσεων</span> <span class='ocrx_word' id='word_1_504' title='bbox 481 2782 657 2842; x_wconf 89' lang='grc' dir='ltr'>θεότης</span> <span class='ocrx_word' id='word_1_505' title='bbox 713 2783 780 2831; x_wconf 82' lang='grc' dir='ltr'>τὰ</span> <span class='ocrx_word' id='word_1_506' title='bbox 832 2780 1048 2833; x_wconf 78' lang='grc' dir='ltr'>πλεῖστα</span> <span class='ocrx_word' id='word_1_507' title='bbox 1102 2784 1191 2854; x_wconf 72' lang='grc' dir='ltr'>μεν</span> <span class='ocrx_word' id='word_1_508' title='bbox 1241 2783 1414 2855; x_wconf 82' lang='grc' dir='ltr'>ὥσπερ</span> <span class='ocrx_word' id='word_1_509' title='bbox 1472 2789 1543 2852; x_wconf 82' lang='grc' dir='ltr'>τῷ</span> <span class='ocrx_word' id='word_1_510' title='bbox 1597 2780 1785 2835; x_wconf 70' lang='grc' dir='ltr'>ἀκαταυ</span> 
     </span>
    </p>
   </div>
   <div class='ocr_carea' id='block_1_78' title="bbox 165 2865 1785 2944">
    <p class='ocr_par' dir='ltr' id='par_1_78' title="bbox 165 2865 1785 2944">
     <span class='ocr_line' id='line_1_78' title="bbox 165 2865 1785 2944; baseline 0.001 -22"><span class='ocrx_word' id='word_1_511' title='bbox 165 2871 376 2942; x_wconf 79' lang='grc' dir='ltr'>ληπτῳ,</span> <span class='ocrx_word' id='word_1_512' title='bbox 411 2870 546 2922; x_wconf 75' lang='grc' dir='ltr'>οὕτω</span> <span class='ocrx_word' id='word_1_513' title='bbox 598 2865 666 2928; x_wconf 78' lang='grc' dir='ltr'><em>δὴ</em></span> <span class='ocrx_word' id='word_1_514' title='bbox 717 2874 805 2921; x_wconf 84' lang='grc' dir='ltr'>καὶ</span> <span class='ocrx_word' id='word_1_515' title='bbox 857 2879 930 2940; x_wconf 82' lang='grc' dir='ltr'>τῷ</span> <span class='ocrx_word' id='word_1_516' title='bbox 980 2869 1248 2942; x_wconf 84' lang='grc' dir='ltr'>ἀφθέγκτῳ</span> <span class='ocrx_word' id='word_1_517' title='bbox 1288 2871 1692 2944; x_wconf 64' lang='grc' dir='ltr'>περιστέλλεται,</span> <span class='ocrx_word' id='word_1_518' title='bbox 1726 2872 1785 2924; x_wconf 76' lang='grc' dir='ltr'>οὐ</span> 
     </span>
    </p>
   </div>
   <div class='ocr_carea' id='block_1_79' title="bbox 167 2957 1781 3034">
    <p class='ocr_par' dir='ltr' id='par_1_79' title="bbox 167 2957 1781 3034">
     <span class='ocr_line' id='line_1_79' title="bbox 167 2957 1781 3034; baseline 0.001 -23"><span class='ocrx_word' id='word_1_519' title='bbox 167 2969 232 3034; x_wconf 70' lang='grc' dir='ltr'>τῇ</span> <span class='ocrx_word' id='word_1_520' title='bbox 271 2962 416 3011; x_wconf 86' lang='grc' dir='ltr'>κατά</span> <span class='ocrx_word' id='word_1_521' title='bbox 458 2963 550 3016; x_wconf 77' lang='grc' dir='ltr'>τὴν</span> <span class='ocrx_word' id='word_1_522' title='bbox 583 2960 736 3029; x_wconf 83' lang='grc' dir='ltr'>φύσιν</span> <span class='ocrx_word' id='word_1_523' title='bbox 783 2962 936 3030; x_wconf 89' lang='grc' dir='ltr'>μόνον</span> <span class='ocrx_word' id='word_1_524' title='bbox 987 2961 1194 3032; x_wconf 79' lang='grc' dir='ltr'>θεωρίᾳ,</span> <span class='ocrx_word' id='word_1_525' title='bbox 1226 2958 1352 3011; x_wconf 81' lang='grc' dir='ltr'>ἀλλά</span> <span class='ocrx_word' id='word_1_526' title='bbox 1380 2979 1439 3030; x_wconf 80' lang='grc' dir='ltr'>γε</span> <span class='ocrx_word' id='word_1_527' title='bbox 1489 2957 1554 3019; x_wconf 83' lang='grc' dir='ltr'>δὴ</span> <span class='ocrx_word' id='word_1_528' title='bbox 1602 2966 1690 3013; x_wconf 86' lang='grc' dir='ltr'>καὶ</span> <span class='ocrx_word' id='word_1_529' title='bbox 1719 2969 1781 3033; x_wconf 75' lang='grc' dir='ltr'>τῇ</span> 
     </span>
    </p>
   </div>
   <div class='ocr_carea' id='block_1_80' title="bbox 167 3311 1783 3387">
    <p class='ocr_par' dir='ltr' id='par_1_80' title="bbox 167 3311 1783 3387">
     <span class='ocr_line' id='line_1_80' title="bbox 167 3311 1783 3387; baseline -0.001 -20"><span class='ocrx_word' id='word_1_530' title='bbox 167 3315 360 3386; x_wconf 79' lang='grc' dir='ltr'>αἴγλης</span> <span class='ocrx_word' id='word_1_531' title='bbox 405 3315 531 3386; x_wconf 79' lang='grc' dir='ltr'>ἡμῖν</span> <span class='ocrx_word' id='word_1_532' title='bbox 577 3315 668 3376; x_wconf 86' lang='grc' dir='ltr'>τάς</span> <span class='ocrx_word' id='word_1_533' title='bbox 702 3311 912 3374; x_wconf 85' lang='grc' dir='ltr'>ἀκτῖνας</span> <span class='ocrx_word' id='word_1_534' title='bbox 941 3316 1418 3387; x_wconf 79' lang='grc' dir='ltr'>ἑναστραπτούσης,</span> <span class='ocrx_word' id='word_1_535' title='bbox 1451 3317 1520 3377; x_wconf 84' lang='grc' dir='ltr'>ὡς</span> <span class='ocrx_word' id='word_1_536' title='bbox 1564 3312 1656 3368; x_wconf 82' lang='grc' dir='ltr'>διά</span> <span class='ocrx_word' id='word_1_537' title='bbox 1703 3335 1783 3366; x_wconf 89' lang='grc' dir='ltr'>τι-</span> 
     </span>
    </p>
   </div>
   <div class='ocr_carea' id='block_1_81' title="bbox 166 3401 1784 3476">
    <p class='ocr_par' dir='ltr' id='par_1_81' title="bbox 166 3401 1784 3476">
     <span class='ocr_line' id='line_1_81' title="bbox 166 3401 1784 3476; baseline 0.001 -21"><span class='ocrx_word' id='word_1_538' title='bbox 166 3425 256 3465; x_wconf 86' lang='grc' dir='ltr'>νος</span> <span class='ocrx_word' id='word_1_539' title='bbox 289 3402 574 3476; x_wconf 73' lang='grc' dir='ltr'>ἐσόπτρου,</span> <span class='ocrx_word' id='word_1_540' title='bbox 611 3410 708 3464; x_wconf 83' lang='grc' dir='ltr'>τῆς</span> <span class='ocrx_word' id='word_1_541' title='bbox 757 3401 1062 3476; x_wconf 80' lang='grc' dir='ltr'>εἰλικρινοῦς</span> <span class='ocrx_word' id='word_1_542' title='bbox 1105 3405 1249 3475; x_wconf 83' lang='grc' dir='ltr'>ἡμῶν</span> <span class='ocrx_word' id='word_1_543' title='bbox 1298 3402 1511 3476; x_wconf 76' lang='grc' dir='ltr'>ἐφέσεως</span> <span class='ocrx_word' id='word_1_544' title='bbox 1557 3410 1646 3456; x_wconf 84' lang='grc' dir='ltr'>καὶ</span> <span class='ocrx_word' id='word_1_545' title='bbox 1694 3413 1784 3466; x_wconf 82' lang='grc' dir='ltr'>τῆς</span> 
     </span>
    </p>
   </div>
   <div class='ocr_carea' id='block_1_82' title="bbox 166 3490 1780 3567">
    <p class='ocr_par' dir='ltr' id='par_1_82' title="bbox 166 3490 1780 3567">
     <span class='ocr_line' id='line_1_82' title="bbox 166 3490 1780 3567; baseline 0.001 -21"><span class='ocrx_word' id='word_1_546' title='bbox 166 3494 222 3546; x_wconf 79' lang='grc' dir='ltr'>έν</span> <span class='ocrx_word' id='word_1_547' title='bbox 273 3503 338 3567; x_wconf 75' lang='grc' dir='ltr'>τῇ</span> <span class='ocrx_word' id='word_1_548' title='bbox 393 3497 568 3545; x_wconf 80' lang='grc' dir='ltr'>πίστει</span> <span class='ocrx_word' id='word_1_549' title='bbox 630 3490 904 3563; x_wconf 78' lang='grc' dir='ltr'>διαυγείας</span> <span class='ocrx_word' id='word_1_550' title='bbox 956 3497 1049 3550; x_wconf 78' lang='grc' dir='ltr'>τὴν</span> <span class='ocrx_word' id='word_1_551' title='bbox 1106 3491 1381 3564; x_wconf 78' lang='grc' dir='ltr'>ἐπίγνωσιν</span> <span class='ocrx_word' id='word_1_552' title='bbox 1433 3495 1780 3566; x_wconf 79' lang='grc' dir='ltr'>φωτιζόμεθα.</span> 
     </span>
    </p>
   </div>
   <div class='ocr_carea' id='block_1_83' title="bbox 166 3579 1785 3657">
    <p class='ocr_par' dir='ltr' id='par_1_83' title="bbox 166 3579 1785 3657">
     <span class='ocr_line' id='line_1_83' title="bbox 166 3579 1785 3657; baseline 0 -22"><span class='ocrx_word' id='word_1_553' title='bbox 166 3588 241 3636; x_wconf 84' lang='lat' dir='ltr'><strong><em>T6</em></strong></span> <span class='ocrx_word' id='word_1_554' title='bbox 276 3585 383 3657; x_wconf 81' lang='grc' dir='ltr'>γὰρ</span> <span class='ocrx_word' id='word_1_555' title='bbox 421 3581 674 3641; x_wconf 83' lang='grc' dir='ltr'>παντελῶς</span> <span class='ocrx_word' id='word_1_556' title='bbox 721 3581 1034 3656; x_wconf 77' lang='grc' dir='ltr'>ἀθεώρητον,</span> <span class='ocrx_word' id='word_1_557' title='bbox 1080 3586 1168 3634; x_wconf 83' lang='grc' dir='ltr'>καὶ</span> <span class='ocrx_word' id='word_1_558' title='bbox 1200 3581 1502 3655; x_wconf 85' lang='grc' dir='ltr'>ἀνέραστον,</span> <span class='ocrx_word' id='word_1_559' title='bbox 1543 3588 1631 3635; x_wconf 80' lang='grc' dir='ltr'>καὶ</span> <span class='ocrx_word' id='word_1_560' title='bbox 1661 3579 1785 3636; x_wconf 69' lang='grc' dir='ltr'>οὐδὲ</span> 
     </span>
    </p>
   </div>
   <div class='ocr_carea' id='block_1_84' title="bbox 171 3669 1783 3745">
    <p class='ocr_par' dir='ltr' id='par_1_84' title="bbox 171 3669 1783 3745">
     <span class='ocr_line' id='line_1_84' title="bbox 171 3669 1783 3745; baseline -0.001 -21"><span class='ocrx_word' id='word_1_561' title='bbox 171 3674 452 3745; x_wconf 80' lang='grc' dir='ltr'>σπινθῆρα</span> <span class='ocrx_word' id='word_1_562' title='bbox 484 3669 788 3722; x_wconf 82' lang='grc' dir='ltr'>καταϐαλεῖν</span> <span class='ocrx_word' id='word_1_563' title='bbox 828 3672 1014 3737; x_wconf 84' lang='grc' dir='ltr'>πόθου,</span> <span class='ocrx_word' id='word_1_564' title='bbox 1047 3675 1136 3723; x_wconf 84' lang='grc' dir='ltr'>καὶ</span> <span class='ocrx_word' id='word_1_565' title='bbox 1169 3671 1241 3732; x_wconf 82' lang='grc' dir='ltr'>εἰς</span> <span class='ocrx_word' id='word_1_566' title='bbox 1285 3671 1450 3744; x_wconf 79' lang='grc' dir='ltr'>φλόγα</span> <span class='ocrx_word' id='word_1_567' title='bbox 1493 3675 1579 3724; x_wconf 86' lang='grc' dir='ltr'>τόν</span> <span class='ocrx_word' id='word_1_568' title='bbox 1627 3675 1783 3725; x_wconf 83' lang='grc' dir='ltr'>πόθον</span> 
     </span>
    </p>
   </div>
   <div class='ocr_carea' id='block_1_85' title="bbox 167 3758 1786 3835">
    <p class='ocr_par' dir='ltr' id='par_1_85' title="bbox 167 3758 1786 3835">
     <span class='ocr_line' id='line_1_85' title="bbox 167 3758 1786 3835; baseline 0 -23"><span class='ocrx_word' id='word_1_569' title='bbox 167 3760 402 3830; x_wconf 59' lang='grc' dir='ltr'>ἀνάψαι,</span> <span class='ocrx_word' id='word_1_570' title='bbox 449 3765 538 3810; x_wconf 84' lang='grc' dir='ltr'>καὶ</span> <span class='ocrx_word' id='word_1_571' title='bbox 584 3763 712 3834; x_wconf 89' lang='grc' dir='ltr'>πρὸς</span> <span class='ocrx_word' id='word_1_572' title='bbox 744 3759 895 3811; x_wconf 83' lang='grc' dir='ltr'>ἑαυτό</span> <span class='ocrx_word' id='word_1_573' title='bbox 936 3758 1315 3831; x_wconf 76' lang='grc' dir='ltr'>ἐφελκύσασθαι</span> <span class='ocrx_word' id='word_1_574' title='bbox 1359 3758 1606 3833; x_wconf 67' lang='grc' dir='ltr'>οὐδεμίαν</span> <span class='ocrx_word' id='word_1_575' title='bbox 1648 3781 1786 3835; x_wconf 88' lang='grc' dir='ltr'>παρ-</span> 
     </span>
    </p>
   </div>
   <div class='ocr_carea' id='block_1_86' title="bbox 165 3844 1786 3922">
    <p class='ocr_par' dir='ltr' id='par_1_86' title="bbox 165 3844 1786 3922">
     <span class='ocr_line' id='line_1_86' title="bbox 165 3844 1786 3922; baseline -0.001 -20"><span class='ocrx_word' id='word_1_576' title='bbox 165 3855 302 3922; x_wconf 80' lang='grc' dir='ltr'>έχον</span> <span class='ocrx_word' id='word_1_577' title='bbox 351 3844 778 3906; x_wconf 78' lang='grc' dir='ltr'>ἐπιτηδειότητα.</span> <span class='ocrx_word' id='word_1_578' title='bbox 822 3850 1038 3900; x_wconf 82' lang='grc' dir='ltr'>Σπάνιον</span> <span class='ocrx_word' id='word_1_579' title='bbox 1087 3845 1144 3901; x_wconf 60' lang='grc' dir='ltr'>δὲ</span> <span class='ocrx_word' id='word_1_580' title='bbox 1192 3856 1284 3910; x_wconf 82' lang='grc' dir='ltr'>τῆς</span> <span class='ocrx_word' id='word_1_581' title='bbox 1342 3851 1531 3902; x_wconf 80' lang='grc' dir='ltr'>ἄνωθεν</span> <span class='ocrx_word' id='word_1_582' title='bbox 1578 3853 1786 3903; x_wconf 71' lang='grc' dir='ltr'>κατιοῦ-</span> 
     </span>
    </p>
   </div>
   <div class='ocr_carea' id='block_1_87' title="bbox 169 3936 1784 4012">
    <p class='ocr_par' dir='ltr' id='par_1_87' title="bbox 169 3936 1784 4012">
     <span class='ocr_line' id='line_1_87' title="bbox 169 3936 1784 4012; baseline 0.002 -23"><span class='ocrx_word' id='word_1_583' title='bbox 169 3959 282 3999; x_wconf 80' lang='grc' dir='ltr'>σης</span> <span class='ocrx_word' id='word_1_584' title='bbox 326 3936 618 4004; x_wconf 72' lang='grc' dir='ltr'>ἐπιπνοίας,</span> <span class='ocrx_word' id='word_1_585' title='bbox 650 3942 738 3990; x_wconf 78' lang='grc' dir='ltr'>καὶ</span> <span class='ocrx_word' id='word_1_586' title='bbox 786 3941 879 3996; x_wconf 73' lang='grc' dir='ltr'>τὴν</span> <span class='ocrx_word' id='word_1_587' title='bbox 920 3936 1242 4010; x_wconf 67' lang='grc' dir='ltr'>ὑψηλοτέραν</span> <span class='ocrx_word' id='word_1_588' title='bbox 1282 3940 1514 4008; x_wconf 81' lang='grc' dir='ltr'>μάθησιν</span> <span class='ocrx_word' id='word_1_589' title='bbox 1558 3959 1784 4012; x_wconf 77' lang='grc' dir='ltr'>παρεχο-</span> 
     </span>
    </p>
   </div>
   <div class='ocr_carea' id='block_1_88' title="bbox 163 4022 1786 4102">
    <p class='ocr_par' dir='ltr' id='par_1_88' title="bbox 163 4022 1786 4102">
     <span class='ocr_line' id='line_1_88' title="bbox 163 4022 1786 4102; baseline 0 -22"><span class='ocrx_word' id='word_1_590' title='bbox 163 4033 336 4102; x_wconf 80' lang='grc' dir='ltr'>μένης</span> <span class='ocrx_word' id='word_1_591' title='bbox 393 4031 450 4078; x_wconf 86' lang='grc' dir='ltr'>τό</span> <span class='ocrx_word' id='word_1_592' title='bbox 523 4033 733 4099; x_wconf 83' lang='grc' dir='ltr'>χρῆμα,</span> <span class='ocrx_word' id='word_1_593' title='bbox 791 4031 880 4079; x_wconf 86' lang='grc' dir='ltr'>καὶ</span> <span class='ocrx_word' id='word_1_594' title='bbox 936 4022 1173 4098; x_wconf 76' lang='grc' dir='ltr'>δεόμενον</span> <span class='ocrx_word' id='word_1_595' title='bbox 1225 4030 1610 4102; x_wconf 84' lang='grc' dir='ltr'>κεκαθαρμένης</span> <span class='ocrx_word' id='word_1_596' title='bbox 1665 4026 1786 4080; x_wconf 72' lang='grc' dir='ltr'>δια-</span> 
     </span>
    </p>
   </div>
   <div class='ocr_carea' id='block_1_89' title="bbox 163 4114 1780 4189">
    <p class='ocr_par' dir='ltr' id='par_1_89' title="bbox 163 4114 1780 4189">
     <span class='ocr_line' id='line_1_89' title="bbox 163 4114 1780 4189; baseline -0.001 -18"><span class='ocrx_word' id='word_1_597' title='bbox 163 4124 342 4182; x_wconf 84' lang='grc' dir='ltr'>νοίας,</span> <span class='ocrx_word' id='word_1_598' title='bbox 375 4121 466 4168; x_wconf 79' lang='grc' dir='ltr'>καὶ</span> <span class='ocrx_word' id='word_1_599' title='bbox 507 4123 602 4178; x_wconf 85' lang='grc' dir='ltr'>τῆς</span> <span class='ocrx_word' id='word_1_600' title='bbox 630 4123 728 4168; x_wconf 92' lang='grc' dir='ltr'>τῶν</span> <span class='ocrx_word' id='word_1_601' title='bbox 772 4115 967 4168; x_wconf 81' lang='grc' dir='ltr'>πολλῶν</span> <span class='ocrx_word' id='word_1_602' title='bbox 1014 4114 1411 4189; x_wconf 87' lang='grc' dir='ltr'>ἀνακεχωρηκός</span> <span class='ocrx_word' id='word_1_603' title='bbox 1462 4116 1780 4189; x_wconf 73' lang='grc' dir='ltr'>ὑπολήψεως.</span> 
     </span>
    </p>
   </div>
   <div class='ocr_carea' id='block_1_90' title="bbox 161 4201 1783 4279">
    <p class='ocr_par' dir='ltr' id='par_1_90' title="bbox 161 4201 1783 4279">
     <span class='ocr_line' id='line_1_90' title="bbox 161 4201 1783 4279; baseline -0.002 -18"><span class='ocrx_word' id='word_1_604' title='bbox 161 4209 316 4261; x_wconf 88' lang='grc' dir='ltr'>’οσα</span> <span class='ocrx_word' id='word_1_605' title='bbox 344 4201 407 4257; x_wconf 68' lang='grc' dir='ltr'>δὲ</span> <span class='ocrx_word' id='word_1_606' title='bbox 437 4207 663 4279; x_wconf 77' lang='grc' dir='ltr'>καθορᾲν</span> <span class='ocrx_word' id='word_1_607' title='bbox 695 4206 818 4277; x_wconf 79' lang='grc' dir='ltr'>ἡμῖν</span> <span class='ocrx_word' id='word_1_608' title='bbox 862 4213 962 4256; x_wconf 91' lang='grc' dir='ltr'>τῶν</span> <span class='ocrx_word' id='word_1_609' title='bbox 993 4206 1182 4258; x_wconf 79' lang='grc' dir='ltr'>ἄνωθεν</span> <span class='ocrx_word' id='word_1_610' title='bbox 1213 4211 1493 4279; x_wconf 77' lang='grc' dir='ltr'>προϊόντων</span> <span class='ocrx_word' id='word_1_611' title='bbox 1541 4210 1597 4259; x_wconf 88' lang='grc' dir='ltr'>τό</span> <span class='ocrx_word' id='word_1_612' title='bbox 1630 4205 1783 4259; x_wconf 85' lang='grc' dir='ltr'>ἀσθε-</span> 
     </span>
    </p>
   </div>
   <div class='ocr_carea' id='block_1_91' title="bbox 161 4291 1785 4368">
    <p class='ocr_par' dir='ltr' id='par_1_91' title="bbox 161 4291 1785 4368">
     <span class='ocr_line' id='line_1_91' title="bbox 161 4291 1785 4368; baseline -0.001 -19"><span class='ocrx_word' id='word_1_613' title='bbox 161 4303 253 4357; x_wconf 68' lang='grc' dir='ltr'>νὲς</span> <span class='ocrx_word' id='word_1_614' title='bbox 304 4303 403 4356; x_wconf 80' lang='grc' dir='ltr'>τῆς</span> <span class='ocrx_word' id='word_1_615' title='bbox 447 4297 648 4366; x_wconf 75' lang='grc' dir='ltr'>φύσεως</span> <span class='ocrx_word' id='word_1_616' title='bbox 679 4295 772 4346; x_wconf 78' lang='grc' dir='ltr'>οῦκ</span> <span class='ocrx_word' id='word_1_617' title='bbox 802 4291 1106 4359; x_wconf 75' lang='grc' dir='ltr'>ἐνδίδωσιν,</span> <span class='ocrx_word' id='word_1_618' title='bbox 1139 4293 1193 4346; x_wconf 79' lang='grc' dir='ltr'>έκ</span> <span class='ocrx_word' id='word_1_619' title='bbox 1235 4304 1332 4347; x_wconf 77' lang='grc' dir='ltr'>τῶν</span> <span class='ocrx_word' id='word_1_620' title='bbox 1376 4296 1495 4348; x_wconf 86' lang='grc' dir='ltr'>καθ’</span> <span class='ocrx_word' id='word_1_621' title='bbox 1532 4298 1666 4368; x_wconf 82' lang='grc' dir='ltr'>ἡμᾶς</span> <span class='ocrx_word' id='word_1_622' title='bbox 1697 4301 1785 4348; x_wconf 83' lang='grc' dir='ltr'>καὶ</span> 
     </span>
    </p>
   </div>
   <div class='ocr_carea' id='block_1_92' title="bbox 166 4381 1784 4458">
    <p class='ocr_par' dir='ltr' id='par_1_92' title="bbox 166 4381 1784 4458">
     <span class='ocr_line' id='line_1_92' title="bbox 166 4381 1784 4458; baseline -0.001 -21"><span class='ocrx_word' id='word_1_623' title='bbox 166 4387 422 4442; x_wconf 76' lang='grc' dir='ltr'>συνήθων</span> <span class='ocrx_word' id='word_1_624' title='bbox 481 4381 768 4453; x_wconf 77' lang='grc' dir='ltr'>ἀνάγεσθαι</span> <span class='ocrx_word' id='word_1_625' title='bbox 844 4387 974 4456; x_wconf 87' lang='grc' dir='ltr'>πρὸς</span> <span class='ocrx_word' id='word_1_626' title='bbox 1031 4388 1124 4440; x_wconf 80' lang='grc' dir='ltr'>τὴν</span> <span class='ocrx_word' id='word_1_627' title='bbox 1192 4384 1318 4458; x_wconf 77' lang='grc' dir='ltr'>ὑπὲρ</span> <span class='ocrx_word' id='word_1_628' title='bbox 1376 4387 1567 4436; x_wconf 82' lang='grc' dir='ltr'>ἔννοιαν</span> <span class='ocrx_word' id='word_1_629' title='bbox 1626 4386 1784 4445; x_wconf 67' lang='grc' dir='ltr'>αὐτῆς</span> 
     </span>
    </p>
   </div>
   <div class='ocr_carea' id='block_1_93' title="bbox 497 4473 658 4545">
    <p class='ocr_par' dir='ltr' id='par_1_93' title="bbox 497 4473 658 4545">
     <span class='ocr_line' id='line_1_93' title="bbox 497 4473 658 4545; baseline -0.006 -22"><span class='ocrx_word' id='word_1_630' title='bbox 497 4473 658 4545; x_wconf 80' lang='grc' dir='ltr'>χάριν</span> 
     </span>
    </p>
   </div>
   <div class='ocr_carea' id='block_1_94' title="bbox 166 4478 422 4547">
    <p class='ocr_par' dir='ltr' id='par_1_94' title="bbox 166 4478 422 4547">
     <span class='ocr_line' id='line_1_94' title="bbox 166 4478 422 4547; baseline -0.016 -19"><span class='ocrx_word' id='word_1_631' title='bbox 166 4478 422 4547; x_wconf 80' lang='grc' dir='ltr'>θεωρίαν,</span> 
     </span>
    </p>
   </div>
   <div class='ocr_carea' id='block_1_95' title="bbox 167 4558 1786 4636">
    <p class='ocr_par' dir='ltr' id='par_1_95' title="bbox 167 4558 1786 4636">
     <span class='ocr_line' id='line_1_95' title="bbox 167 4558 1786 4636; baseline 0 -20"><span class='ocrx_word' id='word_1_632' title='bbox 167 4563 446 4636; x_wconf 75' lang='grc' dir='ltr'>ἀγαθότης</span> <span class='ocrx_word' id='word_1_633' title='bbox 497 4561 812 4625; x_wconf 82' lang='grc' dir='ltr'>κατηξίωσε,</span> <span class='ocrx_word' id='word_1_634' title='bbox 856 4558 930 4612; x_wconf 87' lang='grc' dir='ltr'>δι’</span> <span class='ocrx_word' id='word_1_635' title='bbox 981 4561 1148 4613; x_wconf 72' lang='grc' dir='ltr'>αὐτῶν</span> <span class='ocrx_word' id='word_1_636' title='bbox 1195 4564 1334 4634; x_wconf 74' lang='grc' dir='ltr'>ἡμᾶς</span> <span class='ocrx_word' id='word_1_637' title='bbox 1379 4571 1786 4635; x_wconf 83' lang='grc' dir='ltr'>χειραγωγοῦσα</span> 
     </span>
    </p>
   </div>
   <div class='ocr_carea' id='block_1_96' title="bbox 164 4650 1784 4725">
    <p class='ocr_par' dir='ltr' id='par_1_96' title="bbox 164 4650 1784 4725">
     <span class='ocr_line' id='line_1_96' title="bbox 164 4650 1784 4725; baseline -0.001 -19"><span class='ocrx_word' id='word_1_638' title='bbox 164 4660 270 4706; x_wconf 73' lang='grc' dir='ltr'>καὶ</span> <span class='ocrx_word' id='word_1_639' title='bbox 329 4651 601 4722; x_wconf 79' lang='grc' dir='ltr'>ἀνοίγουσα</span> <span class='ocrx_word' id='word_1_640' title='bbox 666 4650 732 4711; x_wconf 85' lang='grc' dir='ltr'>εἰς</span> <span class='ocrx_word' id='word_1_641' title='bbox 785 4654 878 4708; x_wconf 81' lang='grc' dir='ltr'>την</span> <span class='ocrx_word' id='word_1_642' title='bbox 933 4655 1050 4725; x_wconf 77' lang='grc' dir='ltr'>περὶ</span> <span class='ocrx_word' id='word_1_643' title='bbox 1109 4655 1310 4723; x_wconf 85' lang='grc' dir='ltr'>Πατρός</span> <span class='ocrx_word' id='word_1_644' title='bbox 1375 4658 1464 4703; x_wconf 85' lang='grc' dir='ltr'>καὶ</span> <span class='ocrx_word' id='word_1_645' title='bbox 1517 4655 1640 4704; x_wconf 79' lang='grc' dir='ltr'>Υὲοῦ</span> <span class='ocrx_word' id='word_1_646' title='bbox 1697 4659 1784 4706; x_wconf 83' lang='grc' dir='ltr'>καὶ</span> 
     </span>
    </p>
   </div>
   <div class='ocr_carea' id='block_1_97' title="bbox 168 4741 1784 4814">
    <p class='ocr_par' dir='ltr' id='par_1_97' title="bbox 168 4741 1784 4814">
     <span class='ocr_line' id='line_1_97' title="bbox 168 4741 1784 4814; baseline 0 -20"><span class='ocrx_word' id='word_1_647' title='bbox 168 4745 482 4813; x_wconf 71' lang='grc' dir='ltr'>Πνεῦματος</span> <span class='ocrx_word' id='word_1_648' title='bbox 529 4741 780 4814; x_wconf 86' lang='grc' dir='ltr'>θεοπρεπῆ</span> <span class='ocrx_word' id='word_1_649' title='bbox 835 4744 1121 4810; x_wconf 87' lang='grc' dir='ltr'>φαντασίαν</span> <span class='ocrx_word' id='word_1_650' title='bbox 1157 4761 1168 4772; x_wconf 91' lang='grc'><strong>·</strong></span> <span class='ocrx_word' id='word_1_651' title='bbox 1199 4745 1286 4792; x_wconf 85' lang='grc' dir='ltr'>καὶ</span> <span class='ocrx_word' id='word_1_652' title='bbox 1327 4744 1410 4792; x_wconf 89' lang='grc' dir='ltr'>τόν</span> <span class='ocrx_word' id='word_1_653' title='bbox 1464 4743 1608 4812; x_wconf 80' lang='grc' dir='ltr'>ἡμῶν</span> <span class='ocrx_word' id='word_1_654' title='bbox 1655 4743 1784 4794; x_wconf 81' lang='grc' dir='ltr'>θεῖον</span> 
     </span>
    </p>
   </div>
   <div class='ocr_carea' id='block_1_98' title="bbox 167 4825 1788 4907">
    <p class='ocr_par' dir='ltr' id='par_1_98' title="bbox 167 4825 1788 4907">
     <span class='ocr_line' id='line_1_98' title="bbox 167 4825 1788 4907; baseline 0 -24"><span class='ocrx_word' id='word_1_655' title='bbox 167 4837 350 4907; x_wconf 77' lang='grc' dir='ltr'>ἔρωτα</span> <span class='ocrx_word' id='word_1_656' title='bbox 396 4825 469 4881; x_wconf 84' lang='grc' dir='ltr'>δι’</span> <span class='ocrx_word' id='word_1_657' title='bbox 520 4825 792 4899; x_wconf 82' lang='grc' dir='ltr'>ἀναλογίας</span> <span class='ocrx_word' id='word_1_658' title='bbox 839 4827 1249 4900; x_wconf 74' lang='grc' dir='ltr'>ψυχαγωγοῦσα</span> <span class='ocrx_word' id='word_1_659' title='bbox 1286 4834 1374 4882; x_wconf 82' lang='grc' dir='ltr'>καὶ</span> <span class='ocrx_word' id='word_1_660' title='bbox 1417 4828 1788 4906; x_wconf 80' lang='grc' dir='ltr'>ἀναπληροῦσα</span> 
     </span>
    </p>
   </div>
   <div class='ocr_carea' id='block_1_99' title="bbox 166 4916 1786 4995">
    <p class='ocr_par' dir='ltr' id='par_1_99' title="bbox 166 4916 1786 4995">
     <span class='ocr_line' id='line_1_99' title="bbox 166 4916 1786 4995; baseline -0.001 -23"><span class='ocrx_word' id='word_1_661' title='bbox 166 4923 309 4995; x_wconf 78' lang='grc' dir='ltr'>πρὸς</span> <span class='ocrx_word' id='word_1_662' title='bbox 363 4926 555 4990; x_wconf 82' lang='grc' dir='ltr'>γνῶσιν</span> <span class='ocrx_word' id='word_1_663' title='bbox 603 4918 702 4968; x_wconf 78' lang='grc' dir='ltr'>ὑπὸ</span> <span class='ocrx_word' id='word_1_664' title='bbox 751 4925 845 4978; x_wconf 85' lang='grc' dir='ltr'>τῆς</span> <span class='ocrx_word' id='word_1_665' title='bbox 894 4916 1170 4979; x_wconf 82' lang='grc' dir='ltr'>παντελοῦς</span> <span class='ocrx_word' id='word_1_666' title='bbox 1216 4919 1476 4989; x_wconf 86' lang='grc' dir='ltr'>ἀγνωσίας</span> <span class='ocrx_word' id='word_1_667' title='bbox 1531 4938 1786 4991; x_wconf 76' lang='grc' dir='ltr'>στενοχωο</span> 
     </span>
    </p>
   </div>
   <div class='ocr_carea' id='block_1_100' title="bbox 157 5002 1787 5084">
    <p class='ocr_par' dir='ltr' id='par_1_100' title="bbox 157 5002 1787 5084">
     <span class='ocr_line' id='line_1_100' title="bbox 157 5002 1787 5084; baseline 0 -23"><span class='ocrx_word' id='word_1_668' title='bbox 157 5011 427 5084; x_wconf 76' lang='grc' dir='ltr'>ροῦμενον</span> <span class='ocrx_word' id='word_1_669' title='bbox 463 5026 476 5038; x_wconf 72' lang='grc' dir='ltr'><em>υ</em></span> <span class='ocrx_word' id='word_1_670' title='bbox 512 5002 605 5058; x_wconf 78' lang='grc' dir='ltr'>διὰ</span> <span class='ocrx_word' id='word_1_671' title='bbox 650 5014 818 5058; x_wconf 86' lang='grc' dir='ltr'>ταῦτα</span> <span class='ocrx_word' id='word_1_672' title='bbox 864 5013 1140 5079; x_wconf 84' lang='grc' dir='ltr'>τοιγαροῦν</span> <span class='ocrx_word' id='word_1_673' title='bbox 1187 5011 1276 5058; x_wconf 87' lang='grc' dir='ltr'>καὶ</span> <span class='ocrx_word' id='word_1_674' title='bbox 1329 5014 1536 5080; x_wconf 85' lang='grc' dir='ltr'>Πνεῦμα</span> <span class='ocrx_word' id='word_1_675' title='bbox 1573 5011 1662 5081; x_wconf 67' lang='grc' dir='ltr'>μὲν</span> <span class='ocrx_word' id='word_1_676' title='bbox 1697 5017 1787 5061; x_wconf 81' lang='grc' dir='ltr'>τοῦ</span> 
     </span>
    </p>
   </div>
   <div class='ocr_carea' id='block_1_101' title="bbox 165 5097 1786 5170">
    <p class='ocr_par' dir='ltr' id='par_1_101' title="bbox 165 5097 1786 5170">
     <span class='ocr_line' id='line_1_101' title="bbox 165 5097 1786 5170; baseline -0.001 -19"><span class='ocrx_word' id='word_1_677' title='bbox 165 5101 388 5170; x_wconf 79' lang='grc' dir='ltr'>Πατρός</span> <span class='ocrx_word' id='word_1_678' title='bbox 417 5101 507 5148; x_wconf 81' lang='grc' dir='ltr'>καὶ</span> <span class='ocrx_word' id='word_1_679' title='bbox 556 5103 648 5147; x_wconf 90' lang='grc' dir='ltr'>τοῦ</span> <span class='ocrx_word' id='word_1_680' title='bbox 688 5097 810 5148; x_wconf 84' lang='grc' dir='ltr'>Υἰοῦ</span> <span class='ocrx_word' id='word_1_681' title='bbox 849 5099 906 5146; x_wconf 84' lang='grc' dir='ltr'>τὸ</span> <span class='ocrx_word' id='word_1_682' title='bbox 947 5097 1196 5166; x_wconf 75' lang='grc' dir='ltr'>πανάγιον</span> <span class='ocrx_word' id='word_1_683' title='bbox 1248 5103 1454 5168; x_wconf 79' lang='grc' dir='ltr'>Πνεῦμα</span> <span class='ocrx_word' id='word_1_684' title='bbox 1499 5097 1660 5168; x_wconf 77' lang='grc' dir='ltr'>λέγειν</span> <span class='ocrx_word' id='word_1_685' title='bbox 1696 5099 1786 5150; x_wconf 69' lang='grc' dir='ltr'>οὐκ</span> 
     </span>
    </p>
   </div>
   <div class='ocr_carea' id='block_1_102' title="bbox 160 5181 1788 5258">
    <p class='ocr_par' dir='ltr' id='par_1_102' title="bbox 160 5181 1788 5258">
     <span class='ocr_line' id='line_1_102' title="bbox 160 5181 1788 5258; baseline 0 -19"><span class='ocrx_word' id='word_1_686' title='bbox 160 5183 591 5258; x_wconf 73' lang='grc' dir='ltr'>ἑπιδιστάζομεν</span> <span class='ocrx_word' id='word_1_687' title='bbox 627 5205 639 5217; x_wconf 76' lang='grc' dir='ltr'><strong>ο</strong></span> <span class='ocrx_word' id='word_1_688' title='bbox 700 5181 877 5242; x_wconf 73' lang='grc' dir='ltr'>ἕπειδὴ</span> <span class='ocrx_word' id='word_1_689' title='bbox 929 5182 1024 5235; x_wconf 82' lang='grc' dir='ltr'>κάν</span> <span class='ocrx_word' id='word_1_690' title='bbox 1076 5192 1184 5247; x_wconf 85' lang='grc' dir='ltr'>τοῖς</span> <span class='ocrx_word' id='word_1_691' title='bbox 1232 5185 1348 5238; x_wconf 85' lang='grc' dir='ltr'>καθ’</span> <span class='ocrx_word' id='word_1_692' title='bbox 1397 5188 1536 5258; x_wconf 75' lang='grc' dir='ltr'>ἡμᾶς</span> <span class='ocrx_word' id='word_1_693' title='bbox 1593 5192 1678 5240; x_wconf 88' lang='grc' dir='ltr'>τόν</span> <span class='ocrx_word' id='word_1_694' title='bbox 1735 5206 1788 5239; x_wconf 79' lang='grc' dir='ltr'>τε</span> 
     </span>
    </p>
   </div>
   <div class='ocr_carea' id='block_1_103' title="bbox 161 5275 1786 5349">
    <p class='ocr_par' dir='ltr' id='par_1_103' title="bbox 161 5275 1786 5349">
     <span class='ocr_line' id='line_1_103' title="bbox 161 5275 1786 5349; baseline 0 -20"><span class='ocrx_word' id='word_1_695' title='bbox 161 5280 388 5349; x_wconf 81' lang='grc' dir='ltr'>Πατέρα</span> <span class='ocrx_word' id='word_1_696' title='bbox 438 5279 528 5326; x_wconf 82' lang='grc' dir='ltr'>καὶ</span> <span class='ocrx_word' id='word_1_697' title='bbox 579 5277 666 5326; x_wconf 88' lang='grc' dir='ltr'>τὸν</span> <span class='ocrx_word' id='word_1_698' title='bbox 709 5275 849 5339; x_wconf 78' lang='grc' dir='ltr'>Υίόν,</span> <span class='ocrx_word' id='word_1_699' title='bbox 902 5275 1111 5346; x_wconf 75' lang='grc' dir='ltr'>Πνεῦμα</span> <span class='ocrx_word' id='word_1_700' title='bbox 1160 5293 1214 5326; x_wconf 86' lang='grc' dir='ltr'>τε</span> <span class='ocrx_word' id='word_1_701' title='bbox 1261 5277 1402 5346; x_wconf 76' lang='grc' dir='ltr'>ἔχειν</span> <span class='ocrx_word' id='word_1_702' title='bbox 1451 5277 1644 5349; x_wconf 86' lang='grc' dir='ltr'>ὁρῶμεν</span> <span class='ocrx_word' id='word_1_703' title='bbox 1699 5282 1786 5329; x_wconf 83' lang='grc' dir='ltr'>καὶ</span> 
     </span>
    </p>
   </div>
   <div class='ocr_carea' id='block_1_104' title="bbox 1895 4559 3552 4633">
    <p class='ocr_par' dir='ltr' id='par_1_104' title="bbox 1895 4559 3552 4633">
     <span class='ocr_line' id='line_1_104' title="bbox 1895 4559 3552 4633; baseline -0.001 -15"><span class='ocrx_word' id='word_1_704' title='bbox 1895 4564 2112 4618; x_wconf 91' lang='lat' dir='ltr'>siorem</span> <span class='ocrx_word' id='word_1_705' title='bbox 2161 4561 2726 4633; x_wconf 90' lang='lat' dir='ltr'>contemplationem</span> <span class='ocrx_word' id='word_1_706' title='bbox 2776 4561 2928 4633; x_wconf 87' lang='lat' dir='ltr'>rapti</span> <span class='ocrx_word' id='word_1_707' title='bbox 2967 4559 3368 4629; x_wconf 85' lang='lat' dir='ltr'>intelligamus</span> <span class='ocrx_word' id='word_1_708' title='bbox 3410 4576 3552 4632; x_wconf 91' lang='lat' dir='ltr'>quo-</span> 
     </span>
    </p>
   </div>
   <div class='ocr_carea' id='block_1_105' title="bbox 1895 4649 3548 4720">
    <p class='ocr_par' dir='ltr' id='par_1_105' title="bbox 1895 4649 3548 4720">
     <span class='ocr_line' id='line_1_105' title="bbox 1895 4649 3548 4720; baseline -0.002 -12"><span class='ocrx_word' id='word_1_709' title='bbox 1895 4651 2247 4716; x_wconf 89' lang='lat' dir='ltr'>dammodo,</span> <span class='ocrx_word' id='word_1_710' title='bbox 2266 4651 2530 4706; x_wconf 90' lang='lat' dir='ltr'>clemens</span> <span class='ocrx_word' id='word_1_711' title='bbox 2550 4650 2649 4706; x_wconf 92' lang='lat' dir='ltr'>Dei</span> <span class='ocrx_word' id='word_1_712' title='bbox 2681 4649 2916 4706; x_wconf 90' lang='lat' dir='ltr'>bonitas</span> <span class='ocrx_word' id='word_1_713' title='bbox 2944 4649 3230 4720; x_wconf 89' lang='lat' dir='ltr'>largitur;</span> <span class='ocrx_word' id='word_1_714' title='bbox 3261 4653 3439 4720; x_wconf 91' lang='lat' dir='ltr'>atque</span> <span class='ocrx_word' id='word_1_715' title='bbox 3471 4649 3548 4705; x_wconf 89' lang='lat' dir='ltr'>ad</span> 
     </span>
    </p>
   </div>
   <div class='ocr_carea' id='block_1_106' title="bbox 1897 4739 3546 4810">
    <p class='ocr_par' dir='ltr' id='par_1_106' title="bbox 1897 4739 3546 4810">
     <span class='ocr_line' id='line_1_106' title="bbox 1897 4739 3546 4810; baseline 0 -16"><span class='ocrx_word' id='word_1_716' title='bbox 1897 4741 2085 4796; x_wconf 89' lang='lat' dir='ltr'>Patris</span> <span class='ocrx_word' id='word_1_717' title='bbox 2109 4745 2165 4796; x_wconf 90' lang='lat' dir='ltr'>et</span> <span class='ocrx_word' id='word_1_718' title='bbox 2193 4740 2315 4796; x_wconf 87' lang='lat' dir='ltr'>Filii</span> <span class='ocrx_word' id='word_1_719' title='bbox 2363 4744 2422 4794; x_wconf 90' lang='lat' dir='ltr'>et</span> <span class='ocrx_word' id='word_1_720' title='bbox 2461 4739 2712 4810; x_wconf 89' lang='lat' dir='ltr'>Spiritus</span> <span class='ocrx_word' id='word_1_721' title='bbox 2751 4739 2938 4795; x_wconf 90' lang='lat' dir='ltr'>sancti</span> <span class='ocrx_word' id='word_1_722' title='bbox 2979 4754 3098 4794; x_wconf 92' lang='lat' dir='ltr'>non</span> <span class='ocrx_word' id='word_1_723' title='bbox 3150 4739 3546 4808; x_wconf 86' lang='lat' dir='ltr'>incongruam</span> 
     </span>
    </p>
   </div>
   <div class='ocr_carea' id='block_1_107' title="bbox 1895 4825 3549 4902">
    <p class='ocr_par' dir='ltr' id='par_1_107' title="bbox 1895 4825 3549 4902">
     <span class='ocr_line' id='line_1_107' title="bbox 1895 4825 3549 4902; baseline -0.001 -18"><span class='ocrx_word' id='word_1_724' title='bbox 1895 4829 2273 4902; x_wconf 87' lang='lat' dir='ltr'>phantasiam</span> <span class='ocrx_word' id='word_1_725' title='bbox 2298 4828 2598 4890; x_wconf 86' lang='lat' dir='ltr'>subvehit;</span> <span class='ocrx_word' id='word_1_726' title='bbox 2628 4833 2898 4883; x_wconf 88' lang='lat' dir='ltr'>nostrum</span> <span class='ocrx_word' id='word_1_727' title='bbox 2921 4825 3182 4898; x_wconf 90' lang='lat' dir='ltr'>denique</span> <span class='ocrx_word' id='word_1_728' title='bbox 3203 4842 3343 4896; x_wconf 89' lang='lat' dir='ltr'>erga</span> <span class='ocrx_word' id='word_1_729' title='bbox 3361 4828 3549 4883; x_wconf 90' lang='lat' dir='ltr'>Deum</span> 
     </span>
    </p>
   </div>
   <div class='ocr_carea' id='block_1_108' title="bbox 1895 4915 3553 4989">
    <p class='ocr_par' dir='ltr' id='par_1_108' title="bbox 1895 4915 3553 4989">
     <span class='ocr_line' id='line_1_108' title="bbox 1895 4915 3553 4989; baseline -0.001 -14"><span class='ocrx_word' id='word_1_730' title='bbox 1895 4935 2163 4975; x_wconf 82' lang='lat' dir='ltr'>amorem</span> <span class='ocrx_word' id='word_1_731' title='bbox 2182 4918 2460 4989; x_wconf 89' lang='lat' dir='ltr'>analogia</span> <span class='ocrx_word' id='word_1_732' title='bbox 2481 4916 2745 4989; x_wconf 89' lang='lat' dir='ltr'>quadam</span> <span class='ocrx_word' id='word_1_733' title='bbox 2775 4916 3014 4972; x_wconf 86' lang='lat' dir='ltr'>fovetac</span> <span class='ocrx_word' id='word_1_734' title='bbox 3038 4916 3233 4980; x_wconf 86' lang='lat' dir='ltr'>satiat,</span> <span class='ocrx_word' id='word_1_735' title='bbox 3257 4915 3363 4988; x_wconf 91' lang='lat' dir='ltr'>qui</span> <span class='ocrx_word' id='word_1_736' title='bbox 3381 4920 3553 4973; x_wconf 62' lang='lat' dir='ltr'>caste-</span> 
     </span>
    </p>
   </div>
   <div class='ocr_carea' id='block_1_109' title="bbox 1895 5005 3551 5081">
    <p class='ocr_par' dir='ltr' id='par_1_109' title="bbox 1895 5005 3551 5081">
     <span class='ocr_line' id='line_1_109' title="bbox 1895 5005 3551 5081; baseline -0.001 -16"><span class='ocrx_word' id='word_1_737' title='bbox 1895 5008 2069 5081; x_wconf 90' lang='lat' dir='ltr'>roqui</span> <span class='ocrx_word' id='word_1_738' title='bbox 2088 5008 2331 5064; x_wconf 67' lang='lat' dir='ltr'>inscitia!</span> <span class='ocrx_word' id='word_1_739' title='bbox 2361 5005 2648 5076; x_wconf 88' lang='lat' dir='ltr'>angustiis</span> <span class='ocrx_word' id='word_1_740' title='bbox 2673 5005 2933 5077; x_wconf 85' lang='lat' dir='ltr'>undique</span> <span class='ocrx_word' id='word_1_741' title='bbox 2955 5009 3307 5061; x_wconf 88' lang='lat' dir='ltr'>coarctatur.</span> <span class='ocrx_word' id='word_1_742' title='bbox 3327 5006 3551 5064; x_wconf 84' lang='lat' dir='ltr'>Idcirco</span> 
     </span>
    </p>
   </div>
   <div class='ocr_carea' id='block_1_110' title="bbox 1895 5093 3550 5168">
    <p class='ocr_par' dir='ltr' id='par_1_110' title="bbox 1895 5093 3550 5168">
     <span class='ocr_line' id='line_1_110' title="bbox 1895 5093 3550 5168; baseline -0.001 -16"><span class='ocrx_word' id='word_1_743' title='bbox 1895 5097 2075 5167; x_wconf 88' lang='lat' dir='ltr'>igitur</span> <span class='ocrx_word' id='word_1_744' title='bbox 2101 5113 2173 5152; x_wconf 92' lang='lat' dir='ltr'>ne</span> <span class='ocrx_word' id='word_1_745' title='bbox 2194 5096 2378 5168; x_wconf 90' lang='lat' dir='ltr'>patris</span> <span class='ocrx_word' id='word_1_746' title='bbox 2406 5096 2650 5168; x_wconf 89' lang='lat' dir='ltr'>quidem</span> <span class='ocrx_word' id='word_1_747' title='bbox 2683 5100 2738 5150; x_wconf 91' lang='lat' dir='ltr'>et</span> <span class='ocrx_word' id='word_1_748' title='bbox 2782 5093 2904 5150; x_wconf 89' lang='lat' dir='ltr'>Filii</span> <span class='ocrx_word' id='word_1_749' title='bbox 2937 5099 3211 5150; x_wconf 89' lang='lat' dir='ltr'>sanctum</span> <span class='ocrx_word' id='word_1_750' title='bbox 3263 5095 3550 5166; x_wconf 89' lang='lat' dir='ltr'>Spiritum</span> 
     </span>
    </p>
   </div>
   <div class='ocr_carea' id='block_1_111' title="bbox 1897 5183 3543 5258">
    <p class='ocr_par' dir='ltr' id='par_1_111' title="bbox 1897 5183 3543 5258">
     <span class='ocr_line' id='line_1_111' title="bbox 1897 5183 3543 5258; baseline -0.001 -17"><span class='ocrx_word' id='word_1_751' title='bbox 1897 5187 2090 5242; x_wconf 90' lang='lat' dir='ltr'>dicere</span> <span class='ocrx_word' id='word_1_752' title='bbox 2120 5185 2484 5241; x_wconf 89' lang='lat' dir='ltr'>dubitamus.</span> <span class='ocrx_word' id='word_1_753' title='bbox 2538 5187 2804 5255; x_wconf 82' lang='lat' dir='ltr'>Namque</span> <span class='ocrx_word' id='word_1_754' title='bbox 2837 5183 2896 5238; x_wconf 92' lang='lat' dir='ltr'>in</span> <span class='ocrx_word' id='word_1_755' title='bbox 2954 5183 3236 5239; x_wconf 90' lang='lat' dir='ltr'>humanis</span> <span class='ocrx_word' id='word_1_756' title='bbox 3297 5201 3543 5258; x_wconf 89' lang='lat' dir='ltr'>quoque</span> 
     </span>
    </p>
   </div>
   <div class='ocr_carea' id='block_1_112' title="bbox 1897 5271 3552 5344">
    <p class='ocr_par' dir='ltr' id='par_1_112' title="bbox 1897 5271 3552 5344">
     <span class='ocr_line' id='line_1_112' title="bbox 1897 5271 3552 5344; baseline 0 -13"><span class='ocrx_word' id='word_1_757' title='bbox 1897 5275 2077 5332; x_wconf 90' lang='lat' dir='ltr'>rebus</span> <span class='ocrx_word' id='word_1_758' title='bbox 2118 5280 2240 5330; x_wconf 91' lang='lat' dir='ltr'>tum</span> <span class='ocrx_word' id='word_1_759' title='bbox 2276 5275 2427 5329; x_wconf 87' lang='lat' dir='ltr'>Patri</span> <span class='ocrx_word' id='word_1_760' title='bbox 2461 5278 2586 5329; x_wconf 91' lang='lat' dir='ltr'>tum</span> <span class='ocrx_word' id='word_1_761' title='bbox 2620 5271 2766 5328; x_wconf 88' lang='lat' dir='ltr'>Filio</span> <span class='ocrx_word' id='word_1_762' title='bbox 2797 5272 3079 5344; x_wconf 89' lang='lat' dir='ltr'>Spiritum</span> <span class='ocrx_word' id='word_1_763' title='bbox 3110 5275 3303 5330; x_wconf 90' lang='lat' dir='ltr'>inesse</span> <span class='ocrx_word' id='word_1_764' title='bbox 3341 5280 3398 5330; x_wconf 90' lang='lat' dir='ltr'>et</span> <span class='ocrx_word' id='word_1_765' title='bbox 3427 5290 3552 5331; x_wconf 87' lang='lat' dir='ltr'>cer-</span> 
     </span>
    </p>
   </div>
   <div class='ocr_carea' id='block_1_113' title="bbox 1727 5435 1954 5492">
    <p class='ocr_par' dir='ltr' id='par_1_113' title="bbox 1727 5435 1954 5492">
     <span class='ocr_line' id='line_1_113' title="bbox 1727 5435 1954 5492; baseline 0.013 -3"><span class='ocrx_word' id='word_1_766' title='bbox 1727 5435 1954 5492; x_wconf 72' lang='lat' dir='ltr'><strong>NOTE.</strong></span> 
     </span>
    </p>
   </div>
   <div class='ocr_carea' id='block_1_114' title="bbox 245 5538 1781 5666">
    <p class='ocr_par' dir='ltr' id='par_1_114' title="bbox 245 5538 1781 5666">
     <span class='ocr_line' id='line_1_114' title="bbox 245 5538 1781 5666; baseline -0.001 -68"><span class='ocrx_word' id='word_1_767' title='bbox 245 5545 297 5614; x_wconf 80' lang='lat'>(7</span> <span class='ocrx_word' id='word_1_768' title='bbox 306 5543 362 5614; x_wconf 86' lang='lat'><strong>5)</strong></span> <span class='ocrx_word' id='word_1_769' title='bbox 387 5540 568 5597; x_wconf 88' lang='lat' dir='ltr'>Photii</span> <span class='ocrx_word' id='word_1_770' title='bbox 590 5538 861 5622; x_wconf 77' lang='lat' dir='ltr'>amplum</span> <span class='ocrx_word' id='word_1_771' title='bbox 880 5554 1034 5666; x_wconf 81' lang='lat' dir='ltr'>opus</span> <span class='ocrx_word' id='word_1_772' title='bbox 1055 5543 1268 5622; x_wconf 77' lang='lat' dir='ltr'>contra</span> <span class='ocrx_word' id='word_1_773' title='bbox 1281 5540 1638 5624; x_wconf 68' lang='lat' dir='ltr'>Manichaeos</span> <span class='ocrx_word' id='word_1_774' title='bbox 1659 5542 1781 5625; x_wconf 78' lang='lat' dir='ltr'>edi-</span> 
     </span>
     <span class='ocr_line' id='line_1_115' title="bbox 245 5609 1781 5666; baseline 0 0"><span class='ocrx_word' id='word_1_775' title='bbox 245 5611 807 5666; x_wconf 77' lang='lat' dir='ltr'>maMontfauconIo</span> <span class='ocrx_word' id='word_1_776' title='bbox 823 5613 923 5666; x_wconf 90' lang='lat' dir='ltr'>Wo</span> <span class='ocrx_word' id='word_1_777' title='bbox 949 5609 1430 5666; x_wconf 75' lang='lat' dir='ltr'>ﬂoauelegimus.</span> <span class='ocrx_word' id='word_1_778' title='bbox 1459 5613 1585 5666; x_wconf 68' lang='grc' dir='ltr'>γεεί.</span> <span class='ocrx_word' id='word_1_779' title='bbox 1605 5613 1781 5666; x_wconf 84' lang='lat' dir='ltr'>hmus</span> 
     </span>
    </p>
   </div>
   <div class='ocr_carea' id='block_1_115' title="bbox 161 5609 1785 5684">
    <p class='ocr_par' dir='ltr' id='par_1_115' title="bbox 161 5609 1785 5684">
     <span class='ocr_line' id='line_1_116' title="bbox 161 5609 1785 5684; baseline -0.002 -12"><span class='ocrx_word' id='word_1_780' title='bbox 161 5609 302 5672; x_wconf 79' lang='lat' dir='ltr'>tum</span> <span class='ocrx_word' id='word_1_781' title='bbox 315 5609 807 5684; x_wconf 33' lang='lat' dir='ltr'>aMontfaucoinio</span> <span class='ocrx_word' id='word_1_782' title='bbox 823 5609 1144 5684; x_wconf 84' lang='lat' dir='ltr'>Wolﬂoque</span> <span class='ocrx_word' id='word_1_783' title='bbox 1157 5611 1585 5684; x_wconf 79' lang='lat' dir='ltr'>legimus.Vid.</span> <span class='ocrx_word' id='word_1_784' title='bbox 1605 5613 1785 5684; x_wconf 89' lang='lat' dir='ltr'>hujus</span> 
     </span>
    </p>
   </div>
   <div class='ocr_carea' id='block_1_116' title="bbox 161 5682 1784 5758">
    <p class='ocr_par' dir='ltr' id='par_1_116' title="bbox 161 5682 1784 5758">
     <span class='ocr_line' id='line_1_117' title="bbox 161 5682 1784 5758; baseline -0.003 -13"><span class='ocrx_word' id='word_1_785' title='bbox 161 5686 403 5745; x_wconf 80' lang='lat' dir='ltr'>Patrol.</span> <span class='ocrx_word' id='word_1_786' title='bbox 426 5690 467 5742; x_wconf 90' lang='lat' dir='ltr'>t.</span> <span class='ocrx_word' id='word_1_787' title='bbox 491 5683 602 5750; x_wconf 89' lang='lat' dir='ltr'>Cll,</span> <span class='ocrx_word' id='word_1_788' title='bbox 623 5682 736 5740; x_wconf 92' lang='lat' dir='ltr'>col.</span> <span class='ocrx_word' id='word_1_789' title='bbox 759 5687 791 5739; x_wconf 88' lang='lat'>9</span> <span class='ocrx_word' id='word_1_790' title='bbox 814 5697 941 5756; x_wconf 90' lang='lat' dir='ltr'>seq.</span> <span class='ocrx_word' id='word_1_791' title='bbox 963 5682 1365 5742; x_wconf 56' lang='lat' dir='ltr'>De&#39;lllarcione</span> <span class='ocrx_word' id='word_1_792' title='bbox 1385 5682 1784 5758; x_wconf 83' lang='lat' dir='ltr'>Hieronymus</span> 
     </span>
    </p>
   </div>
   <div class='ocr_carea' id='block_1_117' title="bbox 1893 5540 3546 5614">
    <p class='ocr_par' dir='ltr' id='par_1_117' title="bbox 1893 5540 3546 5614">
     <span class='ocr_line' id='line_1_118' title="bbox 1893 5540 3546 5614; baseline -0.001 -16"><span class='ocrx_word' id='word_1_793' title='bbox 1893 5558 1987 5614; x_wconf 90' lang='lat' dir='ltr'>ep.</span> <span class='ocrx_word' id='word_1_794' title='bbox 2009 5541 2218 5614; x_wconf 71' lang='lat'>423.23</span> <span class='ocrx_word' id='word_1_795' title='bbox 2252 5561 2264 5600; x_wconf 92' lang='lat'><strong>:</strong></span> <span class='ocrx_word' id='word_1_796' title='bbox 2298 5542 2436 5597; x_wconf 76' lang='lat' dir='ltr'>Hlec</span> <span class='ocrx_word' id='word_1_797' title='bbox 2467 5540 2716 5598; x_wconf 81' lang='lat' dir='ltr'>dicimus</span> <span class='ocrx_word' id='word_1_798' title='bbox 2755 5557 2869 5597; x_wconf 88' lang='lat' dir='ltr'>non</span> <span class='ocrx_word' id='word_1_799' title='bbox 2913 5547 3252 5614; x_wconf 76' lang='lat' dir='ltr'>separantes</span> <span class='ocrx_word' id='word_1_800' title='bbox 3285 5542 3465 5612; x_wconf 83' lang='lat' dir='ltr'>legem</span> <span class='ocrx_word' id='word_1_801' title='bbox 3493 5548 3546 5598; x_wconf 80' lang='lat' dir='ltr'>et</span> 
     </span>
    </p>
   </div>
   <div class='ocr_carea' id='block_1_118' title="bbox 1894 5613 3547 5684">
    <p class='ocr_par' dir='ltr' id='par_1_118' title="bbox 1894 5613 3547 5684">
     <span class='ocr_line' id='line_1_119' title="bbox 1894 5613 3547 5684; baseline 0 -16"><span class='ocrx_word' id='word_1_802' title='bbox 1894 5613 2306 5684; x_wconf 78' lang='lat' dir='ltr'>Evangelium,</span> <span class='ocrx_word' id='word_1_803' title='bbox 2326 5620 2390 5667; x_wconf 90' lang='lat' dir='ltr'>ut</span> <span class='ocrx_word' id='word_1_804' title='bbox 2404 5614 2673 5670; x_wconf 80' lang='lat' dir='ltr'>Marcion</span> <span class='ocrx_word' id='word_1_805' title='bbox 2697 5614 3121 5680; x_wconf 83' lang='lat' dir='ltr'>calumniatur,</span> <span class='ocrx_word' id='word_1_806' title='bbox 3149 5613 3250 5669; x_wconf 82' lang='lat' dir='ltr'>sed</span> <span class='ocrx_word' id='word_1_807' title='bbox 3261 5628 3442 5669; x_wconf 82' lang='lat' dir='ltr'>unum</span> <span class='ocrx_word' id='word_1_808' title='bbox 3458 5618 3547 5670; x_wconf 89' lang='lat' dir='ltr'>at-</span> 
     </span>
    </p>
   </div>
   <div class='ocr_carea' id='block_1_119' title="bbox 1893 5685 3067 5758">
    <p class='ocr_par' dir='ltr' id='par_1_119' title="bbox 1893 5685 3067 5758">
     <span class='ocr_line' id='line_1_120' title="bbox 1893 5685 3067 5758; baseline -0.002 -17"><span class='ocrx_word' id='word_1_809' title='bbox 1893 5701 2006 5758; x_wconf 88' lang='lat' dir='ltr'>que</span> <span class='ocrx_word' id='word_1_810' title='bbox 2029 5686 2290 5743; x_wconf 87' lang='lat' dir='ltr'>eumdem</span> <span class='ocrx_word' id='word_1_811' title='bbox 2315 5685 2690 5758; x_wconf 73' lang='lat' dir='ltr'>suscipientes</span> <span class='ocrx_word' id='word_1_812' title='bbox 2715 5687 2922 5752; x_wconf 86' lang='lat' dir='ltr'>Deum,</span> <span class='ocrx_word' id='word_1_813' title='bbox 2955 5691 3067 5742; x_wconf 88' lang='lat' dir='ltr'>etc.</span> 
     </span>
    </p>
   </div>
  </div>
