4026 6196
534 284 641 344 915

1764 284 2005 341 PHOTII
2046 281 2530 339 PATBIARCHJE
2568 284 2671 340 CP.
3722 294 3794 350 9l6

532 413 735 472 nimus
764 420 819 470 et
848 411 1117 471 conﬁteri
1156 412 1462 470 solemus:
1500 412 1666 486 quod
1706 415 1906 468 autem
1940 410 2183 483 Spiritui

2298 409 2662 482 συνομολογεῖν
2713 409 3040 483 ἕπιστάμεθα
3071 432 3084 446 ·
3132 415 3192 465 τὸ
3248 417 3418 485 μέντοι
3485 421 3682 488 Πνεῦμα,
3721 422 3799 473 lii»

534 504 713 559 Filius
743 503 816 559 sit
846 502 937 558 vel
970 503 1157 567 Pater,
1186 502 1245 557 id
1268 517 1462 574 neque
1489 502 1686 558 dicere
1708 502 1972 575 patimur
1985 516 2180 573 neque

533 598 732 649 mente
758 592 1141 664 percipimus.
1177 592 1294 648 Sed
1334 597 1537 648 tamen
1569 608 1787 661 rerum,
1842 607 1978 664 quae
2009 594 2182 647 certas

535 681 699 754 apud
729 697 842 737 nos
874 687 1027 751 sunt,
1055 681 1330 752 analogia
1353 682 1428 737 ad
1458 682 1786 752 theologice
1816 680 2183 753 loquendum

533 770 609 826 de
635 769 1036 825 ineﬂabilibus
1058 776 1233 843 atque
1255 770 1658 825 eminentibus
1677 770 1891 825 divinis
1917 770 2184 841 personis

532 860 708 926 ducti,
739 874 858 915 non
890 860 1187 915 immerito
1215 860 1497 932 Spiritum
1531 859 1716 915 Patris
1745 858 1967 929 Fliique
1986 857 2184 913 dicere

534 948 826 1005 discimus
860 952 1125 1015 ;Patrem
1164 965 1307 1005 vero
1352 949 1443 1004 vel
1485 949 1688 1005 Filium
1722 948 1988 1021 Spiritus,
2021 947 2184 1003 haud

525 1038 657 1109 jam
696 1052 1018 1108 agnoscere
1057 1040 1433 1094 sustinemus.

604 1144 921 1210 QUESTIO
951 1144 1091 1199 cxc
1127 1143 1336 1216 [CoisL
1372 1144 1594 1214 ccx1x,
1638 1144 1813 1201 Taur.
1844 1142 2020 1215 CCX].

536 1252 789 1306 Curnam
820 1266 953 1306 cum
1003 1252 1185 1307 Pater
1228 1258 1279 1306 et
1327 1250 1515 1306 Filius
1545 1258 1600 1306 et
1647 1258 1887 1307 sanctus
1924 1250 2186 1318 Spiritus

604 1322 1129 1378 consubstantiales
1144 1338 1431 1394 paresque
1446 1324 1521 1388 vi,
1539 1322 1840 1378 voluntate
1850 1328 1903 1378 et
1918 1322 2186 1390 potentia

604 1394 739 1520 κᾶτ’,
762 1400 958 1521 ῑαηῖεᾷι
988 1395 1051 1450 in
1073 1396 1446 1451 numerando
1482 1395 1735 1463 primum
1773 1396 1961 1451 locum
2006 1394 2187 1448 Pater

604 1481 635 1521 ο
701 1481 864 1523 meea

2293 498 2322 557 ἢ
2376 504 2583 573 Πατέρα
2623 502 2789 571 ἔχειν,
2832 504 2950 553 οὔτε
2997 500 3161 573 λέγειν
3218 500 3523 574 ἀνεχόμεθα,
3573 509 3671 558 οὔτε
3708 507 3806 578 lay:-

2295 595 2442 659 σμοῖς
2484 586 2903 662 παραδεχόμεθα
2924 611 2938 623 ·
2971 589 3026 642 ἐκ
3070 587 3138 649 δὴ
3172 599 3268 654 τῆς
3304 601 3403 644 τῶν
3452 593 3560 645 καθ’
3588 596 3703 666 ἡμᾶς
3724 598 3808 668 ὁμοί

2292 675 2611 748 λογουμένων
2662 678 2963 751 ἀναλογίας,
2995 680 3066 741 εἰς
3112 685 3206 738 τὴν
3251 682 3376 754 ὑπὲρ
3425 684 3558 753 ἡμᾶς
3594 684 3812 756 ἱερολογίαι

2292 773 2393 817 τῶν
2441 767 2762 840 ὑπερουσίων
2808 787 2863 820 τε
2905 774 2996 821 καὶ
3038 769 3295 842 ὑπερθέων
3342 772 3619 844 θεαρχικῶν
3644 774 3814 825 ὑποστό-

2295 873 2422 908 σεων
2454 853 2780 928 ἀναγόμενοι,
2813 857 3027 919 εἰκότως
3058 864 3265 931 Πνεῦμα
3292 862 3382 931 μεν
3411 864 3597 933 Πατρός
3621 866 3696 914 καὶ
3728 864 3816 915 Tim}

2291 943 2455 1015 λέγειν
2486 940 2853 1018 διδασκόμεθα
2877 967 2889 979 ·
2927 951 3130 1021 Πατέρα
3159 944 3218 1001 δέ
3248 951 3535 1022 Πνεύματος
3562 950 3589 1009 ἦ
3618 955 3691 1003 τόν
3716 953 3815 1017 Υἰὸν,

2294 1032 2466 1086 οὐκέτι
2495 1036 2676 1107 μαθεῖν
2704 1036 3056 1108 ὑφιστάμεθα.

2878 1150 3087 1198 ΕΡΩΤΠ
3097 1150 3191 1197 212
3228 1129 3309 1205 PS'

2292 1252 2356 1301 Τί
2380 1244 2571 1307 δήποτε
2599 1253 2803 1325 Πατρός
2824 1255 2913 1303 καὶ
2931 1253 3054 1304 Υὶου
3082 1256 3171 1304 καὶ
3196 1251 3350 1325 ἁγίου
3380 1255 3661 1325 Πνεύματος
3680 1254 3825 1325 όμοου-

2368 1325 2492 1372 σίων
2535 1340 2585 1373 τε
2614 1320 2720 1373 καῖ
2751 1324 3020 1394 ὁμοταγῶν
3049 1326 3184 1397 κατά
3226 1320 3282 1395 γε
3323 1320 3543 1396 δύναμιν
3572 1333 3651 1377 καὶ
3679 1320 3825 1397 βουλὴν

2366 1396 2760 1472 καξκυριότητα
2780 1398 3098 1472 πεφυκότων,
3123 1394 3173 1448 ἐν
3197 1404 3256 1469 τῇ
3283 1394 3653 1470 συναρίθμησει
3668 1394 3825 1472 πρῶτον

2368 1464 2512 1527 τάξιν
2540 1464 2568 1516 ό
2601 1469 2775 1538 Πατὴρ
2808 1464 3006 1537 ἐπέχει.

1780 1615 1933 1665 Edita
1957 1629 1988 1663 ει
2014 1614 2151 1664 Maio
2184 1613 2236 1676 (l.
2260 1627 2305 1663 c.
2330 1614 2437 1671 185,
2475 1615 2603 1677 193).

604 1736 656 1787 1.
688 1733 846 1789 Alius
882 1733 1127 1790 fortasse
1158 1734 1359 1789 nescio
1391 1733 1527 1806 quis
1551 1733 1933 1790 abstrusioris
1962 1731 2193 1788 theolo-
2225 1729 2268 1784 Β

535 1822 643 1893 giae
664 1822 1019 1893 cogitatibus
1033 1823 1229 1887 nixus,
1256 1823 1479 1895 quique
1494 1824 1776 1878 virtutum
1794 1822 2190 1894 perfectarum

534 1910 756 1967 meritis
805 1911 883 1966 ad
940 1913 1324 1983 excipiendos
1381 1912 1641 1968 caelestis
1706 1911 1944 1966 luminis
1990 1910 2190 1966 radios

535 2001 826 2072 aptiorem
867 2016 928 2057 se
979 2001 1317 2067 reddiderit,
1350 2003 1426 2067 is,
1481 2002 1749 2073 inquam,
1807 2000 2023 2056 mentis
2063 2016 2189 2055 sum

535 2091 971 2163 perceptionem
989 2090 1335 2147 sublimiore
1364 2091 1593 2146 theoria
1625 2090 1975 2147 subvectam
2004 2088 2186 2160 expli-

533 2178 712 2245 cabit,
732 2194 1046 2251 rerumque
1068 2179 1459 2235 ineffabilium
1486 2195 1698 2235 causas
1724 2179 1989 2244 evolvet;
2024 2178 2189 2250 quod

533 2268 778 2341 quidem
813 2268 848 2323 ii
868 2284 1251 2341 nequaquam
1286 2268 1529 2338 aggredi
1562 2273 1831 2341 possunt,
1864 2269 1968 2341 qui
1999 2284 2059 2323 se
2090 2283 2190 2323 ne-

532 2358 827 2429 gotiorum
850 2357 1103 2413 colluvie
1124 2358 1397 2413 nondum
1422 2358 1868 2429 expediverunt.
1900 2361 2020 2428 Ego
2051 2373 2187 2412 vero

532 2447 635 2519 qui
673 2446 819 2501 nihil
841 2447 1141 2502 excelsum
1169 2448 1230 2501 in
1262 2462 1357 2502 me
1370 2448 1511 2513 scio,
1533 2463 1727 2519 neque
1758 2448 1955 2503 adhuc
1980 2448 2057 2503 ab
2074 2448 2188 2503 hac

534 2536 843 2591 communi
876 2535 1326 2590 conversatione
1360 2541 1617 2590 mentem
1634 2536 1915 2602 abstraxi,
1952 2537 2003 2591 si
2047 2536 2188 2603 quid

535 2626 735 2679 tamen
751 2623 1232 2694 eScripturarutn
1260 2624 1643 2680 meditatione
1663 2630 1717 2679 et
1736 2625 2188 2690 studio,cmlesti

534 2712 772 2768 favente
811 2727 946 2784 ope,
965 2712 1281 2778 condidici,
1302 2728 1421 2768 non
1442 2713 1737 2783 gravabor
1763 2713 1920 2785 apud
1952 2731 2052 2769 eos
2082 2716 2188 2787 qui

534 2801 681 2857 mihi
708 2800 1311 2871 communireligione
1332 2802 1577 2875 zeloque
1600 2804 1867 2873 ejusdem
1894 2804 2189 2874 conjuncti

535 2899 690 2963 sunt,
725 2907 965 2963 tequam
995 2890 1332 2961 symbolam
1362 2892 1420 2947 in
1462 2908 1848 2948 communem
1880 2892 2189 2950 utilitatem

537 2981 827 3038 conferre.
863 2981 1014 3036 Sunt
1063 2979 1241 3050 igitur
1296 2982 1656 3051 homogenei
1695 2983 1887 3047 Pater,
1938 2983 2115 3039 Filius
2159 2999 2191 3039 e

539 3069 1019 3141 Spiritus,neque
1035 3068 1357 3126 voluntatis
1382 3073 1485 3125 aut
1504 3070 1733 3125 virtutis
1758 3075 1861 3125 aut
1886 3072 2191 3143 potestatis
2223 3058 2264 3114 (ἶ

535 3158 930 3214 differentiam
956 3158 1137 3215 ullam
1170 3159 1227 3214 in
1260 3159 1403 3230 ipsis
1420 3158 1612 3213 videre
1647 3166 1733 3215 est
1766 3178 1779 3227 ;
1814 3176 2008 3231 neque
2030 3159 2193 3216 deni-

534 3263 652 3319 que
666 3247 1030 3319 reliquorum
1046 3247 1391 3304 sublimium
1408 3253 1463 3303 et
1475 3247 1829 3303 eximiorum
1852 3249 2189 3318 nominum,

536 3336 753 3407 quibus
778 3336 1012 3392 excelsa
1044 3341 1098 3391 et
1122 3337 1394 3392 omnium
1423 3336 1673 3393 domina
1702 3337 1904 3394 divina
1932 3338 2192 3409 dignitas

538 3424 822 3480 titulatur.
859 3425 970 3481 Sed
1019 3431 1219 3482 tamen
1268 3427 1440 3482 Pater
1469 3427 1554 3482 vis
1594 3427 1855 3483 causalis
1913 3432 1999 3483 est
2026 3444 2097 3483 ex
2130 3443 2192 3483 se

538 3512 1003 3580 dimanantium,
1028 3514 1205 3569 unius
1218 3515 1461 3587 quidem
1494 3531 1600 3587 per
1626 3516 2086 3587 generationem,
2110 3516 2189 3571 el-

540 3600 720 3655 terius
736 3616 841 3671 per
856 3602 1301 3673 processionem
1318 3623 1335 3674 ;
1351 3604 1454 3675 qui
1477 3620 1620 3660 sane
1643 3604 1716 3660 ad
1735 3621 1871 3660 eum
1896 3609 2190 3677 tanquam

537 3688 860 3745 adinitium
884 3690 1671 3765 congenitumpotentizeque
1695 3694 1920 3749 socium
1936 3694 2192 3748 referun-

539 3780 651 3833 tur.
688 3777 861 3850 Atqui
878 3777 1155 3850 haecipsa
1181 3778 1386 3835 relatio
1402 3780 1659 3851 perbelle
1680 3782 1940 3837 ostendit
1970 3798 2191 3854 praepo-

537 3865 806 3922 nendum
836 3882 967 3923 esse
1008 3868 1466 3939 procedentibus
1496 3870 1569 3925 ab
1610 3869 1738 3941 ipso
1769 3870 2000 3926 Patrem
2028 3888 2039 3925 :
2067 3886 2189 3927 non

542 3959 740 4011 tamen
767 3955 980 4012 eadem
1013 3958 1382 4013 demonstrat
1432 3959 1900 4029 prteponendum
1949 3959 2187 4032 Spiritui

539 4043 766 4101 Filium.
802 4046 950 4116 Ergo
978 4046 1125 4103 ratio
1156 4046 1353 4103 notior
1386 4045 1683 4103 videbitur
1726 4049 2020 4103 sermonis
2059 4049 2188 4119 ejus

536 4134 642 4206 qui
665 4136 1055 4191 sanctissimae
1083 4135 1371 4193 Trinitatis
1385 4138 1862 4192 numerationem
1880 4153 1949 4192 eo
1981 4139 2188 4193 ordine

536 4222 755 4290 fecerit,
781 4240 962 4297 quem
995 4225 1365 4293 singularum
1387 4241 1779 4298 personarum
1802 4227 2011 4282 notitia
2032 4225 2189 4281 desi-

538 4318 699 4383 gnat.
724 4313 919 4370 Primo
941 4316 1100 4369 enim
1132 4314 1446 4370 hominum
1474 4314 1701 4370 notioni
1724 4315 1974 4370 occurrit
1999 4322 2185 4386 pater,

536 4401 751 4459 deinde
779 4402 975 4467 Filius,
1007 4408 1063 4458 et
1102 4419 1207 4475 per
1246 4402 1459 4459 Filium
1514 4404 1765 4475 Spiritus
1823 4410 2078 4459 sanctus.
2125 4408 2189 4461 Et

2299 4407 2520 4478 θρὼποις
2566 4407 2679 4459 κατ’
2733 4405 2907 4481 ἀρχὰς
2951 4408 3024 4470 εἰς
3064 4417 3256 4479 γνῶσιν
3300 4410 3423 4467 ἧκεν
3460 4432 3473 4444 ·

536 4492 781 4565 quidem
808 4508 843 4548 a
873 4491 1090 4548 divinis
1118 4496 1326 4548 mutuo
1358 4493 1627 4565 personis
1656 4492 1918 4549 revelata
1949 4493 2057 4549 fuit
2086 4494 2189 4550 ho-

538 4581 800 4637 minibus
830 4580 1200 4651 singularum
1240 4581 1447 4638 notitia
1481 4598 1494 4649 ;
1526 4582 1693 4638 Patre
1725 4582 1948 4638 caelitus
1977 4582 2187 4638 Filium

536 4670 883 4727 ostendente
919 4687 932 4737 ;
964 4670 1180 4742 Spiritu
1204 4675 1401 4726 autem
1435 4670 1712 4727 eumdem
1732 4687 1835 4743 per
1861 4671 2187 4728 adventum

540 4775 715 4815 suum
740 4764 1110 4816 contestante
1144 4776 1157 4827 ;
1202 4759 1344 4816 Filio
1374 4775 1581 4815 rursus
1640 4761 1868 4816 Patrem
1909 4760 2188 4816 honoriﬁ-

538 4853 728 4916 cante,
760 4853 938 4922 atque
969 4848 1344 4905 illustriorem
1393 4850 1578 4905 sacris
1639 4850 1762 4904 suis
1803 4850 2186 4906 sermonibus

537 4935 846 5003 efﬁciente,
892 4938 1296 5010 Spiritumque
1354 4939 1433 4994 ad
1486 4938 1813 5012 discipulos
1868 4939 2183 5013 mittente;

542 5024 759 5096 Spiritu
788 5024 1048 5101 denique
1086 5026 1215 5099 ipso
1257 5026 1383 5084 Filii
1415 5028 1827 5084 auctoritatem
1865 5029 2190 5101 proprieta-

538 5116 782 5186 temque
812 5113 1090 5172 ﬁrmante
1116 5134 1127 5170 :
1155 5131 1332 5173 nemo
1358 5118 1515 5173 enim
1550 5122 1739 5189 potest
1766 5116 1963 5173 dicere
1997 5119 2189 5174 Domi-

540 5217 688 5258 num
714 5203 935 5269 Jesum,
978 5204 1091 5260 nisi
1132 5204 1189 5261 in
1217 5205 1432 5277 Spiritu
1464 5211 1689 5263 sancto.

2373 1730 2436 1785 α’.
2488 1731 2671 1795 Ἄλλος
2724 1736 2815 1805 μεν
2868 1729 2956 1786 οὖν
3014 1735 3073 1786 ἄν
3124 1754 3204 1797 τις
3254 1738 3380 1798 ἴσως
3451 1736 3833 1812 θεολογικωτίραις

2302 1818 2649 1893 ἐποχούμενος
2720 1821 2954 1884 ἐννοίαις.
3014 1828 3101 1876 καὶ
3158 1833 3253 1885 τῆς
3302 1827 3495 1878 ἄνωθεν
3559 1827 3720 1898 αἴγλης
3770 1830 3836 1889 τὰς

2303 1908 2517 1971 ἀκτῖνας
2547 1907 2910 1984 ὑποδέχεσθαι
2957 1909 2992 1964 δ
2998 1915 3052 1965 ιὰ
3097 1922 3187 1974 τῆς
3234 1922 3331 1965 τῶν
3364 1913 3556 1988 ἀρετῶν
3590 1916 3838 1975 τελειότητος

2300 1997 2714 2073 ἐπιτηδειότερον
2758 2001 2937 2054 ἑαυτὸν
2986 2006 3417 2075 παρασκευάσας,
3466 2005 3531 2065 εἰς
3576 2004 3837 2077 ὑψηλοτέραν

2302 2087 2643 2160 ἀνηνεγμένην
2690 2092 2903 2163 θεωρίαν
2941 2095 3033 2149 τὴν
3078 2091 3239 2143 αὐτοῦ
3286 2093 3580 2164 κατάληψιν
3620 2091 3838 2165 ὶπιδείξηε

2298 2182 2387 2229 καὶ
2430 2178 2579 2250 λόγον
2623 2187 2719 2231 τῶν
2763 2180 3098 2255 ἠπορημένων
3148 2178 3440 2248 ἀποδώσει,
3491 2183 3564 2255 ἐφ’
3606 2184 3654 2234 ὃν
3692 2183 3741 2234 οὗ

2300 2264 2413 2319 διον
2474 2266 2763 2321 ἀναϐαίνειν
2820 2271 2965 2327 ὅσοις
3021 2278 3114 2332 τῆς
3172 2280 3271 2322 τῶν
3325 2274 3519 2342 γηίνων
3574 2271 3844 2344 ἀναστροφῆς

2299 2355 2661 2428 ἀπαλλαγῆναι
2699 2361 2771 2430 μὴ
2817 2361 3040 2429 γέγονεν.
3075 2360 3225 2431 Ἐμοὶ
3270 2355 3329 2412 δε
3370 2358 3539 2432 μηδὲν
3576 2370 3665 2412 τῶν
3693 2360 3841 2430 ὑψηλο-

2297 2450 2454 2519 τέρων
2503 2445 2707 2517 ἐμαυτῷ
2749 2443 3034 2513 συνειδότι,
3073 2454 3161 2501 καὶ
3202 2457 3292 2510 τῆς
3336 2453 3478 2502 κατὰ
3504 2455 3594 2509 τὴν
3622 2456 3843 2524 παροικίαν

2300 2535 2511 2605 ἀγωγῆς
2577 2539 2719 2587 οὔπω
2775 2544 2883 2597 τοῖς
2938 2536 3213 2610 λογισμοῖς
3286 2542 3674 2609 μεταναστάντι,
3723 2539 3751 2591 ἃ
3790 2536 3841 2594 δὴ

2298 2625 2548 2698 πάρεστιν
2589 2627 2643 2677 ἔκ
2693 2644 2745 2677 τε
2787 2634 2883 2687 τῆς
2928 2634 3024 2678 τῶν
3074 2633 3276 2699 Λογίων
3324 2628 3538 2699 μελέτης
3579 2634 3661 2681 καὶ
3699 2638 3774 2689 τῆς
3809 2628 3844 2679 ἐν

2300 2713 2478 2774 αὐτοῖς
2534 2718 2849 2786 γυμνασίας,
2901 2724 2991 2775 τῆς
3035 2716 3226 2769 ἄνωθεν
3284 2718 3408 2788 ἡμῖν
3457 2721 3847 2791 συνεοαπτομένξς

2299 2808 2665 2876 περιγεγονότα
2713 2807 2980 2877 προνοίας,
3034 2812 3145 2867 τοῖς
3199 2808 3312 2857 ὅσοι
3368 2812 3547 2864 κοινὴν
3614 2812 3693 2865 τήν
3736 2805 3847 2859 εὗσέ·

2300 2890 2462 2957 ϐειαν,
2509 2897 2598 2945 καὶ
2646 2895 2731 2944 τόν
2776 2892 2854 2945 ἔπ’
2905 2893 3035 2966 αὐτῇ
3091 2894 3244 2954 ζῆλον
3289 2901 3637 2969 κεκτημένοις,
3681 2896 3848 2947 ἰσοστά-

2306 3000 2417 3033 σιον
2466 2981 2536 3041 εἰς
2583 2986 2758 3040 κοινὴν
2807 2982 3046 3055 ὠφέλειαν
3094 2986 3361 3058 προθεῖναι
3417 2989 3477 3038 τό
3524 2987 3760 3061 πρόθυμον
3805 2982 3847 3033 οὐ

2300 3072 2727 3143 περιοφθήσεται.
2780 3071 3012 3144 Ὀμοφυῆ
3080 3076 3171 3145 μεν
3240 3070 3326 3125 οὖν
3410 3073 3524 3127 ἔστι
3586 3080 3740 3148 Πατήρ
3784 3076 3849 3122 xxi

2300 3162 2415 3220 Υἱὸς
2467 3165 2555 3212 καὶ
2611 3166 2835 3233 Πνεῦμα,
2867 3167 2957 3214 καὶ
3011 3167 3066 3214 τὸ
3115 3171 3209 3223 τῆς
3254 3161 3454 3235 βουλῆς
3501 3170 3588 3216 καὶ
3633 3160 3850 3235 δυνάμεως

2300 3252 2389 3299 καὶ
2449 3246 2718 3320 βασιλείας
2775 3249 2950 3324 hopqu
3022 3254 3158 3303 ἔστιν
3230 3252 3413 3314 αὐτοῖς
3474 3253 3849 3325 ἀπαράλλακτον

2300 3341 2389 3388 καὶ
2439 3334 2507 3395 δὴ
2559 3342 2648 3389 καὶ
2694 3347 2791 3390 τῶν
2839 3339 3001 3391 ἄλλων
3056 3342 3345 3416 θεοπρεπὼν
3404 3362 3460 3395 τε
3506 3347 3593 3395 καὶ
3634 3344 3848 3415 ὑπερφυῶν

2302 3425 2583 3498 ὀνομάτων,
2618 3422 2693 3478 δι’
2722 3427 2789 3477 ὧν
2820 3428 2849 3485 ἡ
2901 3429 3223 3501 ὑπεράρχιος
3251 3436 3339 3482 καὶ
3387 3432 3634 3505 ὑπέρθεος
3673 3432 3852 3504 eum:

2300 3515 2709 3585 κατονομάζεται
2743 3538 2755 3548 ·
2792 3515 2898 3568 ἀλλ’
2938 3513 3025 3569 οὖν
3070 3519 3095 3569 ό
3142 3524 3321 3592 Πατὴρ
3370 3523 3543 3582 αἴτιος
3582 3528 3671 3572 τῶν
3714 3519 3759 3580 ἐξ
3778 3516 3849 3567 ar)-

2301 3610 2391 3654 τοῡ
2446 3610 2765 3675 πεφυκότων,
2806 3613 2897 3657 τοῦ
2942 3608 3030 3678 μεν
3077 3609 3212 3659 κατά
3252 3612 3345 3665 τὴν
3388 3613 3647 3679 γέννησιν,
3692 3614 3768 3659 τοῦ
3808 3600 3850 3657 δε

2300 3694 2436 3744 κατά
2484 3698 2577 3751 τὴν
2616 3693 2939 3768 ἐκπόρευσιν,
2986 3695 3057 3757 εἰς
3105 3696 3259 3749 αὐτόν
3308 3699 3379 3759 ὡς
3431 3698 3501 3759 εἰς
3552 3698 3710 3770 ἀρχὴν
3749 3714 3845 3759 svu-

2300 3789 2459 3853 φυοῦς
2512 3802 2563 3835 τε
2615 3788 2700 3836 καὶ
2760 3786 3030 3857 συνάρχου
3098 3795 3419 3859 προαγωγῆς
3496 3786 3847 3860 ἀναφερομένων.

2302 3869 2434 3922 Ἀλλ’
2494 3870 2623 3928 αὕτη
2678 3875 2767 3944 μὲν
2824 3874 2853 3930 ἡ
2915 3869 3174 3935 ἀπόδοσις
3224 3877 3311 3925 τόν
3373 3880 3586 3950 Πατέρα
3634 3872 3846 3927 δείκνυσιν

2299 3957 2514 4031 εὐλόγως
2569 3968 2667 4012 τῶν
2726 3959 2778 4023 ἐξ
2829 3960 2987 4014 αὑτοῦ
3040 3965 3426 4035 προτετάχθαι,
3479 3964 3647 4017 οὐκέτι
3697 3959 3746 4015 δε
3783 3963 3850 4011 καὶ

2298 4044 2439 4100 διότι
2485 4055 2575 4100 τοῦ
2634 4052 2928 4121 Πνεύματος
2981 4052 3006 4102 ὁ
3065 4053 3201 4112 Υἱός.
3256 4058 3539 4127 Κοινοτερᾳ
3591 4050 3647 4106 δε
3686 4046 3850 4122 μεθόδῳ

2298 4136 2653 4207 προεληλυθὼς
2690 4140 2715 4189 ό
2763 4143 2931 4209 Λόγος
2976 4138 3252 4211 ἀναφανείη
3295 4143 3319 4192 ό
3366 4147 3464 4199 τὴν
3518 4142 3848 4216 συναρίθμησω

2296 4234 2385 4286 τῆς
2450 4228 2734 4299 ὑπεραγίου
2799 4224 3029 4300 Τριάδος
3081 4229 3149 4290 εἰς
3230 4234 3324 4287 τὴν
3404 4240 3503 4293 τῆς
3584 4230 3849 4301 ἐπιγνώσεως

2298 4315 2519 4368 ἑκάστου
2574 4316 3010 4391 καταρῥυθμίζων
3065 4319 3229 4382 τάξιν.
3290 4326 3472 4393 Πατὴρ
3521 4324 3609 4393 μεν
3657 4322 3744 4394 γὰρ
3788 4315 3850 4366 ἐν·

3527 4414 3692 4463 ἔπειτα
3727 4409 3822 4465 Υἱός
3841 4426 3849 4435 ·

2297 4499 2382 4546 καὶ
2424 4491 2515 4547 διὰ
2544 4502 2636 4547 τοῦ
2667 4497 2790 4548 Υὶοῦ
2818 4499 2876 4548 τὸ
2922 4502 3129 4569 Πνεῦμα
3157 4500 3215 4550 τό
3245 4498 3422 4569 ἅγιον.
3458 4499 3518 4553 Εἰ
3545 4502 3639 4571 γὰρ
3684 4501 3758 4549 καὶ
3782 4494 3847 4546 ὑπ’

2298 4582 2525 4642 ἀλλήλων
2572 4592 2671 4636 τῶν
2722 4586 3015 4660 θεαρχικῶν
3066 4588 3403 4640 ὑποστάσεων
3458 4596 3571 4651 τοῖς
3611 4587 3848 4663 ἀνθρώποις

2299 4675 2328 4731 ἡ
2375 4681 2569 4743 γνῶσις
2626 4673 2848 4727 ἑκάστου
2917 4673 3277 4748 ἀπεκαλύφθη,
3334 4682 3542 4751 Πατρός
3724 4674 3848 4745 οὖρα-

2297 4763 2437 4814 νόθεν
2468 4766 2554 4814 τόν
2600 4765 2718 4816 Υἱόν
2766 4760 3150 4827 ἑπιδεικνύντος
3184 4786 3195 4798 ·
3230 4772 3321 4818 τοῦ
3371 4770 3666 4828 Πνεύιεατος
3688 4786 3700 4797 ·
3730 4759 3778 4816 δε
3802 4766 3846 4828 τέ

2298 4850 2622 4923 ἐπιφοιτήσει
2694 4862 3186 4927 συμμαρτυροῦντος
3220 4876 3231 4888 ·
3291 4857 3415 4908 Υἱοῡ
3471 4852 3533 4908 δε
3600 4854 3737 4906 πάλιν
3783 4851 3847 4899 τὸν

2301 4944 2503 5013 Πατέρα
2548 4937 2859 5004 δοξάζοντός
2890 4961 2942 4995 τε
2992 4948 3081 4995 καὶ
3128 4948 3559 5018 περιφανέστερον
3608 4941 3848 5013 θεολογοῦνε

2298 5049 2398 5095 τος,
2433 5034 2522 5081 καὶ
2564 5034 2667 5102 μὴν
2720 5035 2809 5083 καὶ
2852 5034 2911 5082 τὸ
2954 5038 3160 5104 Πνεῦμα
3186 5040 3295 5094 τοῖς
3336 5035 3603 5105 μαθηταῖς
3650 5025 3848 5083 ἁποπεῖ-

2297 5118 2473 5181 λοντος
2498 5139 2510 5152 ·
2546 5118 2673 5171 ἀλλά
2700 5121 2801 5194 γὰρ
2832 5124 2921 5173 καὶ
2951 5127 3042 5173 τοῦ
3074 5125 3363 5194 Πνεύματος
3388 5125 3477 5174 τόν
3525 5124 3637 5175 ria»
3663 5115 3847 5194 κυριολο-

2298 5215 2530 5279 γοῦντος.
2565 5205 2751 5269 Οὐδεὶς
2788 5211 2887 5284 γὰρ
2933 5204 3150 5263 δύναται
3182 5210 3339 5264 εἰπεῖν
3380 5214 3572 5285 Κύριον
3596 5213 3792 5271 Ἰησοῦν,
3815 5201 3845 5254 εἰ

2299 5308 2327 5352 q
2357 5300 2427 5369 μή
2461 5299 2509 5349 ἓν
2538 5296 2671 5371 ἁγίῳ
2704 5300 2993 5372 Πνεύματι.

1888 5456 2119 5512 VARl/E
2160 5454 2451 5512 LECTION
2460 5457 2561 5512 ES.

612 5581 683 5654 (ιι)
714 5577 1007 5641 Particula
1038 5577 1082 5631 εἰ
1112 5576 1485 5637 desideratur
1510 5580 1565 5637 in
1601 5582 1823 5639 codice.
