4116 6194
230 299 333 354 917
1335 296 1430 352 AD
1462 290 2003 350 AMPHILOCHIUM
2043 294 2372 362 QU/‘ESTIO
2413 296 2570 354 CXC.
3476 297 3581 355 918

294 423 364 498 β’.
402 424 462 478 Εἰ
503 421 594 477 οὖν
639 427 729 477 καὶ
777 420 851 477 δι’
882 421 1110 482 ἀλλήλων
1157 426 1188 483 ἣ
1235 422 1340 484 ἑνός
1385 421 1552 475 αὐτῶν
1595 419 1816 474 ἑκάστου
1849 419 1894 474 Α

2001 423 2054 476 2.
2107 423 2255 494 Ergo
2310 426 2434 480 tum
2465 421 2730 480 vicissim
2759 424 2887 479 tum
2915 420 3096 478 etiam
3127 435 3200 478 ex
3230 437 3354 478 una
3381 436 3587 494 perso-

221 519 456 590 πρόεισιν
506 513 810 588 έκφαντορία
855 519 945 566 καὶ
1000 512 1317 584 κατάληψις,
1371 515 1436 572 ὡς
1486 513 1546 564 ἄν
1587 515 1678 562 καὶ
1726 505 1820 560 διὰ

1962 524 2145 567 larum
2173 511 2391 570 harum
2422 517 2628 570 manat
2653 510 2971 582 cujuslibet
3011 510 3364 567 earumdem
3397 510 3587 568 mani-

220 607 412 658 τούτων
445 604 512 664 εἰς
557 606 616 655 τό
668 610 763 664 τῆς
817 605 1076 674 συμφυΐας
1127 600 1518 677 ἀπαράλλακτον
1569 603 1656 654 τόν
1702 605 1818 651 νοῦν

1961 601 2156 658 estatio
2187 606 2364 674 atque
2420 601 2919 674 comprehensio;
2968 602 3049 658 ita
3102 606 3165 656 ut
3219 617 3325 673 per
3365 601 3475 658 has
3508 600 3586 657 ad

221 693 429 764 ἀνάγειν
486 688 819 765 εύοδούμενον
871 694 1089 764 ἔχωμενο
1124 696 1212 743 καὶ
1255 692 1430 766 ὅτιπερ
1475 692 1550 752 οἷς
1583 690 1818 762 καθαρῶς

1960 691 2307 760 ongenitam
2337 690 2890 762 indifferentemque
2915 697 3194 747 naturam
3223 695 3422 746 mente
3462 705 3583 762 per-

218 802 272 835 τε
330 788 420 835 καὶ
461 781 744 854 εἰλικρινῶς
796 785 918 852 μίαν
975 788 1072 833 τῶν
1113 800 1382 856 μακαριων
1420 784 1509 832 καὶ
1558 776 1816 852 δημιουρ-

1960 779 2150 847 ingere
2175 778 2418 835 feliciter
2456 781 2774 850 possimus.
2802 780 2937 835 Jam
2969 779 3186 850 quibus
3220 795 3367 852 pure
3405 783 3585 852 atque

217 879 326 943 γῶν
370 873 708 924 ύποστάσεων
740 867 932 923 εἰδέναι
973 872 1309 944 κεχάρισται,
1351 872 1550 929 τούτοις
1585 873 1676 920 καὶ
1717 876 1817 919 τῶν

1965 867 2236 938 erspicue
2277 884 2461 925 unam
2486 885 2558 924 ex
2583 868 2675 925 his
2705 869 2897 925 beatis
2925 867 3432 940 creatricibusque
3456 882 3590 939 per-

216 959 412 1013 λοιπών
451 962 481 1018 ἡ
537 968 724 1031 γνῶσις
772 955 1213 1020 συνδιασώζεται.
1265 959 1324 1012 Ὀ
1379 961 1480 1031 γὰρ
1528 954 1682 1019 εἰδὼς
1731 960 1818 1009 τόν

1960 955 2090 1012 onis
2128 971 2491 1027 cognoscere
2529 958 2738 1014 datum
2792 961 2904 1022 est,
2963 957 3174 1014 iisdem
3223 957 3585 1030 reliquarum

220 1055 429 1122 Πατέρα
475 1045 588 1102 οἶδε
629 1053 718 1101 καὶ
758 1053 844 1101 τόν
895 1051 1032 1102 Υἱόν·
1078 1054 1168 1101 καὶ
1219 1050 1245 1101 ό
1283 1052 1370 1100 τὸν
1419 1051 1536 1101 Υἱόν
1580 1046 1819 1118 ἐπιγνούς

1963 1061 2167 1118 'uoque
2205 1047 2468 1118 cognitio
2513 1052 2757 1120 peracta
2785 1053 2890 1103 est.
2958 1050 3107 1103 Nam
3160 1047 3263 1119 qui
3295 1047 3458 1102 novit
3481 1046 3588 1102 Pa-

217 1141 358 1191 κατὰ
383 1143 472 1197 τὴν
524 1141 594 1200 ὡς
635 1137 682 1189 ἐν
731 1137 1017 1211 ἀνθρώποις
1068 1147 1163 1200 τῆς
1209 1143 1449 1209 γνώσεως
1500 1137 1814 1201 τελειότητα,

1960 1151 2095 1201 rem,
2148 1136 2304 1192 idem
2351 1135 2514 1193 novit
2555 1141 2612 1192 et
2669 1135 2884 1192 Filium
2937 1141 3036 1192 :et
3077 1136 3180 1208 qui
3231 1135 3443 1191 Filium
3474 1151 3585 1208 pro

218 1224 347 1280 ούδέ
389 1235 480 1288 τῆς
531 1229 716 1300 ὁμοίας
771 1226 1098 1298 ἐπιγνώσεως
1139 1235 1231 1280 τοῦ
1289 1229 1488 1299 Πατρός
1537 1225 1816 1298 ἀπεστέρη-

1960 1224 2198 1280 >ossibili
2228 1225 2578 1282 mortalibus
2610 1224 2969 1295 cognitionis
2997 1225 3190 1294 gradu
3219 1225 3399 1292 novit,
3433 1225 3482 1280 is
3512 1240 3585 1280 ne

216 1335 329 1369 ται.
360 1315 623 1377 Ὠσαύτως
667 1313 727 1368 δε
754 1321 843 1369 καὶ
881 1324 974 1369 τοῦ
1016 1319 1330 1388 Πνεύματος,
1375 1317 1401 1368 ὃ
1443 1320 1509 1368 τὰ
1548 1314 1688 1388 βάθη
1728 1322 1818 1367 τοῦ

1959 1313 2051 1370 ιθ.τὶ
2080 1313 2325 1385 quidem
2383 1313 2568 1370 Patris
2597 1314 2805 1370 notitia
2843 1318 3023 1370 caret.
3087 1313 3360 1370 Similiter
3405 1313 3584 1369 etiam

218 1413 356 1459 Θεοῦ
416 1402 653 1481 διερευνᾲ
701 1411 790 1457 καὶ
843 1404 1194 1458 ἀποκαλύπτει
1246 1413 1356 1467 τοῖς
1416 1403 1700 1480 ἀνθρώποις
1755 1407 1820 1457 τὰ

1960 1402 2202 1473 Lpiritus,
2232 1403 2332 1475 qui
2390 1401 2693 1474 profunda
2723 1404 2822 1459 Dei
2864 1403 3209 1460 scrutatur‘o
3251 1407 3431 1475 atque
3481 1401 3585 1458 ho-

216 1496 415 1569 κρύφιά
458 1513 511 1547 τε
566 1502 665 1546 τῶν
720 1495 1043 1566 μαθημάτων
1095 1499 1184 1546 καὶ
1217 1494 1520 1569 τελειότερα,
1563 1495 1588 1546 ὁ
1631 1497 1816 1546 τούτου

1953 1491 2189 1548 niuibus
2223 1491 2576 1548 sublimiora
2616 1492 3026 1549 doctrinarum
3066 1507 3288 1549 arcana
3316 1491 3578 1549 revelat:

219 1587 320 1642 τὴν
362 1585 595 1656 μάθησιν
637 1583 883 1658 εἰλικρινῆ
925 1583 1111 1649 λαϐὼν,
1162 1580 1286 1637 ούδε
1326 1591 1420 1646 τῆς
1475 1583 1819 1654 θεολογούσης

1957 1581 2125 1651 mjus,
2157 1581 2427 1653 inquam,
2472 1581 2520 1636 si
2549 1581 2684 1653 quis
2732 1583 3051 1654 perspicua
3080 1581 3288 1638 notitia
3317 1580 3582 1637 imbutus

219 1675 312 1724 τόν
365 1676 572 1745 Πατέρα
629 1674 924 1744 θεοσοφίας,
985 1676 1043 1725 ού
1093 1678 1194 1746 μὴν
1245 1670 1369 1726 ούδε
1410 1680 1505 1735 τῆς
1560 1676 1646 1725 τόν
1699 1675 1818 1725 Υἰὸν

1958 1670 2120 1735 uerit,
2153 1668 2313 1725 idem
2343 1684 2418 1725 ne
2458 1669 2637 1726 Patris
2663 1671 2909 1742 quidem
2940 1669 3339 1740 theologicam
3384 1669 3583 1740 cogni-

222 1765 791 1834 συμμυσταγωγούσης
871 1761 1234 1836 ἠλλοτρίωται.
1296 1762 1428 1815 Ἀλλ’
1487 1759 1574 1814 οὖν
1628 1761 1672 1814 εί
1728 1765 1813 1812 καὶ

1961 1759 2151 1815 ionem
2193 1757 2509 1822 desiderat,
2564 1773 2758 1832 neque
2810 1759 2968 1815 illius
3020 1775 3153 1832 quae
3200 1758 3323 1814 Filii
3367 1758 3586 1828 pariter

217 1852 357 1904 οὕτω
398 1859 567 1904 ταῦτα
634 1850 916 1924 ἐναρμονίῳ
1003 1855 1252 1924 συναφείᾳ
1330 1849 1662 1905 διαπλέκεται
1726 1855 1816 1902 καὶ

1954 1849 2229 1904 notionem
2255 1848 2536 1920 impertit.
2580 1849 2694 1905 Sed
2733 1849 2892 1905 enim
2932 1864 3280 1921 quanquam
3332 1847 3446 1903 hac
3475 1846 3579 1903 do-

217 1940 562 2007 ἆνοιπλοῦται,
601 1941 697 1993 οὐκ
738 1937 934 2000 ἄδηλον
981 1943 1050 2002 ὡς
1089 1945 1118 2000 ἠ
1165 1946 1254 2014 μὲν
1303 1950 1393 1994 τοῦ
1435 1945 1636 2014 Πατρός
1675 1945 1812 2013 φωνὴ

1961 1937 2124 1993 trinae
2154 1937 2506 1993 barmonica
2535 1937 2752 2010 copula
2789 1938 2940 1994 inter
2966 1953 3030 1994 se
3061 1937 3364 1994 cohaerent
3402 1940 3585 2008 atque

214 2035 399 2103 χρόνῳ
447 2034 691 2104 πρότερον
744 2029 1030 2104 ἀνθρώποις
1085 2032 1406 2101 ἑπεγνώσθη,
1483 2036 1572 2082 καὶ
1629 2029 1816 2102 μᾶλλον

1960 2027 2179 2083 :ivicem
2210 2027 2567 2093 illuminant,
2598 2043 2715 2084 non
2744 2033 2942 2084 tamen
2972 2029 3344 2097 ignoramus,
3400 2026 3585 2083 Patris

215 2123 352 2192 ἤπερ
433 2121 461 2178 ἡ
515 2122 600 2171 τόν
657 2121 775 2171 Υἰόν
833 2115 1072 2177 δηλοῦσα
1126 2123 1356 2181 συνήθης
1409 2119 1588 2182 ἀκοαῖς
1643 2119 1820 2191 έγεγό-

1959 2117 2288 2174 ὀοεώιιιιιω
2317 2118 2511 2189 priore
2552 2122 2816 2190 tempore
2855 2117 3203 2174 hominibus
3235 2117 3584 2178 innotuisse,

213 2228 293 2262 νει
325 2209 457 2279 (76)·
508 2212 566 2260 τό
611 2205 672 2261 δέ
715 2228 776 2280 γε
812 2210 956 2282 ῥῆμα
984 2217 1076 2261 τοῦ
1127 2213 1437 2281 Πνεύματος,
1472 2210 1515 2262 εἰ
1556 2215 1644 2262 καὶ
1691 2209 1818 2279 μᾶ).-

1957 2205 2411 2279 requentiusque
2457 2221 2629 2263 aures
2659 2207 3187 2269 circumsonuisse.
3221 2221 3408 2278 quam
3465 2202 3582 2260 Filii

213 2297 305 2351 λον
359 2298 389 2356 ἦ
448 2302 543 2356 τὴν
594 2306 686 2350 τοῦ
738 2300 861 2351 Υὶοῦ
911 2298 1096 2357 κλῆσιν
1151 2301 1181 2357 ἡ
1242 2304 1470 2362 Μωσέως
1538 2295 1818 2352 ἕδίδασκεν

1960 2310 2168 2352 ιοωθῐι.
2201 2296 2333 2350 Jam
2363 2299 2420 2350 et
2454 2295 2700 2366 Spiritus
2730 2296 3094 2353 vocabulum
3113 2295 3220 2350 etsi
3247 2292 3585 2350 evidentius

217 2389 452 2460 ἱστορία,
503 2385 638 2446 πλὴν
689 2387 782 2438 ούκ
838 2384 898 2446 ἦν
945 2388 1079 2440 οὕτω
1137 2384 1359 2440 δυνατόν
1406 2391 1577 2463 ὥσπερ
1641 2389 1672 2446 ἠ
1727 2395 1819 2440 τοῦ

1960 2401 2114 2457 fuam
2160 2383 2278 2439 Filii
2303 2384 2558 2441 Mosaica
2589 2385 2834 2442 historia
2864 2386 3086 2453 docuit,
3131 2384 3192 2440 id
3226 2389 3424 2440 tamen
3465 2397 3585 2438 non

213 2478 344 2529 Υίοῦ
391 2481 725 2550 προσηγορία
791 2484 884 2529 τοῦ
951 2477 1346 2530 αύθυπόστατον
1428 2484 1819 2549 συνεισαγαγείν

1961 2476 2104 2532 antis
2130 2472 2357 2530 viribus
2385 2473 2666 2544 pollebat,
2699 2475 2938 2547 quantis
2969 2473 3096 2529 Filii
3125 2471 3468 2545 appellatio,
3511 2470 3586 2526 ad

215 2565 300 2618 ἐπ’
347 2567 501 2638 ἄμφω
550 2570 642 2624 τὴν
684 2566 864 2638 ῥοπήν
907 2574 1000 2626 τῆς
1051 2576 1216 2639 φωνῆς
1263 2564 1548 2641 ἀδιάφορον
1590 2566 1820 2638 ἕχούσης

1962 2566 2305 2624 uadendam
2355 2562 2662 2635 utriusque
2708 2563 3073 2619 individuam
3111 2559 3583 2617 subsistentiam.

215 2654 305 2707 ἐπί
363 2674 416 2707 τε
465 2663 564 2707 τῶν
640 2655 1048 2707 αύθυποστάτων
1116 2658 1380 2729 φέρεσθαι,
1441 2661 1526 2708 καὶ
1583 2655 1664 2708 ἐπὶ
1720 2663 1820 2707 τῶν

1966 2657 2223 2714 locabuli
2251 2657 2412 2714 enim
2438 2655 2690 2727 Spiritus
2711 2651 3075 2723 ambiguitas
3096 2655 3222 2706 tum
3251 2649 3330 2705 ad
3359 2663 3432 2704 ea
3460 2662 3591 2720 quae

213 2747 408 2816 μέρους
487 2747 603 2796 τινὰ
670 2743 816 2812 λόγον
888 2752 982 2806 τῆς
1072 2746 1408 2807 ὑποστάσεως
1472 2744 1822 2818 ἀναπληρούν-

1966 2762 2035 2802 er
2065 2763 2126 2802 se
2180 2747 2516 2803 subsistunt
2545 2743 2814 2810 trahitur,
2865 2746 2990 2797 tum
3049 2739 3128 2796 ad
3178 2754 3250 2795 ea
3292 2753 3429 2810 qum
3466 2737 3591 2792 vice

212 2852 318 2884 των
349 2833 480 2903 (77)°
533 2837 623 2885 καὶ
662 2841 908 2886 τοσοῦτον
948 2830 1108 2886 ἐνέδει
1151 2839 1245 2892 τὴν
1295 2837 1548 2910 θεοπρεπῆ
1589 2835 1822 2906 μάθησιν

1964 2835 2384 2907 juodammodo
2424 2831 2776 2889 substantiae
2815 2829 3167 2899 funguntur.
3209 2832 3400 2898 Atque
3439 2826 3589 2881 adeo

214 2929 312 2975 τοῦ
357 2925 652 2994 Πνεύματος
690 2924 719 2980 ἡ
780 2922 969 2984 κλῆσις
1017 2927 1290 2995 παρέχειν,
1351 2925 1420 2985 ὡς
1472 2929 1561 2976 καὶ
1608 2931 1709 2976 τῶν
1741 2922 1825 2974 ἁν-

1969 2940 2118 2996 npar
2146 2929 2269 2980 erat
2307 2921 2627 2995 appellatio
2660 2919 2789 2975 haec
2815 2916 3166 2974 exhibendas
3196 2915 3389 2984 dignm
3419 2913 3594 2985 Spiri-

218 3014 438 3086 θρώπων
492 3017 642 3086 μερὶς
690 3011 748 3063 ού
799 3010 1036 3085 βραχεῖα
1090 3020 1200 3074 τοῖς
1256 3019 1560 3074 Μωσαῑκοίς
1612 3011 1825 3084 ἐγκατα-

1965 3031 2029 3068 us
2072 3013 2303 3078 notitim,
2363 3017 2424 3066 ut
2462 3025 2604 3082 pars
2634 3007 2949 3063 hominum
2975 3021 3092 3061 non
3119 3005 3336 3073 exigua
3381 3017 3590 3059 eorum

211 3104 510 3176 γηράσασα
547 3105 744 3173 νόμοις,
777 3097 1019 3173 οὐδαμῶς
1048 3104 1204 3174 ἔσχεν
1235 3101 1566 3174 ἀνασχέσθαι
1595 3106 1688 3160 τήν
1727 3109 1822 3154 τοῦ

1966 3101 2035 3175 {ui
2081 3101 2349 3157 Mosaicae
2395 3099 2510 3168 legi
2559 3095 2966 3158 adhaerebant,
3000 3107 3386 3185 nequaquam
3416 3089 3591 3147 vellet

212 3194 478 3260 παναγέσι»
566 3192 857 3262 Πνεύματος
931 3191 1226 3243 ὑπόστασιν
1303 3190 1589 3263 ὁμολογεῖν·
1649 3192 1821 3264 ὥσπερ

1963 3191 2184 3264 Lpiritus
2217 3187 2405 3245 sancti
2437 3201 2759 3259 personam
2795 3182 3060 3240 confiteri
3111 3201 3125 3250 ;
3159 3180 3329 3238 sicuti
3371 3195 3447 3236 ne
3477 3194 3588 3236 an-

213 3275 345 3332 ούδε
401 3283 494 3336 τὴν
546 3287 645 3331 τῶν
685 3277 914 3350 ἀγγέλων
955 3283 1130 3351 φύσιν.
1178 3279 1330 3331 Οὕτω
1382 3288 1482 3332 τῶν
1529 3286 1823 3333 Μωσαῐκῶν

1968 3280 2202 3336 ’θιοιιυω
2232 3277 2479 3352 quidem
2493 3280 2794 3332 naturam.
2817 3275 2902 3329 Ita
2921 3271 3217 3345 quidquid
3237 3271 3298 3326 in
3325 3268 3593 3326 Mosaicis

213 3371 539 3443 γραμμάτων
596 3371 654 3420 τό
704 3373 822 3442 πιρὶ
883 3372 976 3426 τὴν
1033 3367 1317 3440 ὀνομασίαν
1382 3376 1474 3420 τοῦ
1531 3371 1825 3440 Πνεύματος

1974 3371 2132 3426 tteris
2158 3368 2235 3424 ad
2289 3381 2510 3424 nomen
2542 3364 2785 3437 spiritus
2810 3360 3166 3434 pertinebat,
3202 3358 3426 3415 Judteis
3450 3356 3595 3429 ipsis

214 3462 526 3533 πρόχειρον,
586 3459 866 3530 ἄχρηστον
915 3462 1005 3510 καὶ
1053 3457 1229 3519 αὐτοῖς
1271 3477 1329 3530 γε
1383 3464 1493 3520 τοίς
1547 3454 1824 3518 Ἰουδαίοις

1969 3475 1990 3514 1
2022 3473 2261 3515 cassum
2292 3461 2439 3514 erat.
2471 3457 2662 3521 Quare
2691 3451 2772 3508 ob
2802 3451 2861 3508 id
2894 3466 3016 3507 non
3047 3449 3243 3506 solum
3289 3447 3432 3504 Filio
3472 3461 3594 3503 non

214 3549 470 3604 κατέστη’
525 3548 590 3606 ὡς
640 3547 756 3598 κατ’
804 3547 931 3598 αύτό
977 3565 1038 3618 γε
1089 3554 1242 3599 τοῦτο
1307 3552 1377 3619 μὴ
1434 3551 1585 3619 μόνον
1662 3547 1822 3600 αὑτοῦ

1968 3545 2474 3620 stpraeponendus
2497 3543 2764 3615 Spiritus,
2784 3554 2989 3597 verum
3010 3539 3190 3596 etiam
3207 3551 3593 3610 quaecunque

215 3635 604 3708 προτάττεσθαι
659 3636 746 3684 τόν
795 3635 933 3697 Υἰόν,
991 3633 1117 3685 ἀλλὰ
1177 3639 1266 3686 καὶ
1323 3634 1424 3686 ὅσα
1475 3633 1542 3694 εἰς
1597 3637 1692 3692 τήν
1731 3641 1822 3685 τοῦ

1972 3653 1991 3693 ι
2050 3635 2169 3693 Filii
2226 3634 2689 3708 appellationem
2728 3629 2970 3700 congeri
3008 3631 3283 3702 possunt,
3333 3639 3597 3699 quaeque

217 3725 347 3776 Υἱοῦ
400 3721 585 3781 κλῆσιν
645 3723 963 3793 συνάγεσθαί
1010 3742 1064 3774 τε
1110 3729 1200 3774 καὶ
1249 3721 1532 3794 ἀνάγεσθαι
1582 3720 1820 3789 δύναται,

1971 3726 2145 3782 odem
2174 3724 2500 3789 deducunt,
2527 3721 2740 3796 prioris
2783 3719 3006 3776 ordinis
3033 3720 3150 3789 jus,
3186 3719 3233 3772 si
3264 3717 3460 3772 minus
3487 3730 3596 3772 na-

218 3810 463 3884 ἁφορμὴν
511 3812 877 3886 ὑπερεχούσης
923 3811 1134 3879 τάξεως,
1170 3812 1213 3864 εἰ
1250 3817 1332 3864 καὶ
1381 3817 1452 3884 μή
1487 3815 1707 3884 φύσεως,
1742 3813 1821 3864 εύ-

1970 3832 2101 3882 arm,
2150 3815 2598 3871 nanciscuntur.
2656 3810 3066 3878 Quamobrem
3117 3807 3322 3863 Iudaeo
3366 3799 3595 3862 nemini

218 3906 445 3975 ρίσκειν.
488 3906 630 3954 Διότι
677 3909 778 3952 τῶν
830 3897 1100 3954 Ἰουδαίων
1155 3898 1328 3954 οὐδενὶ
1383 3905 1512 3974 πρός
1561 3900 1821 3974 ἀμφισϐή-

1967 3910 2318 3960 ontroversa
2347 3903 2587 3958 fuerunt
2613 3901 2758 3966 haec,
2784 3898 3036 3954 verbum
3062 3911 3296 3967 nempe,
3329 3895 3592 3960 dextera,

219 4009 380 4048 τησιν
431 3994 698 4063 περιέστη,
761 3990 786 4042 ὀ
831 3989 997 4062 λόγος,
1038 3989 1189 4060 λέγω,
1226 3995 1314 4043 καὶ
1366 3991 1395 4048 ἠ
1440 3987 1608 4059 δεξιὰ,
1655 3995 1744 4042 καὶ
1791 3992 1820 4049 ἠ

1975 3994 2138 4060 irtus,
2168 3997 2224 4049 et
2251 3991 2489 4048 similia.
2532 3993 2716 4047 Nemo
2741 3988 2964 4061 quippe
3002 3986 3106 4059 qui
3135 3987 3262 4041 haec
3292 3983 3599 4054 negaverit

221 4075 474 4150 δύναμις,
531 4084 620 4132 καὶ
663 4082 727 4131 τὰ
785 4080 956 4151 ὅμοια·
1017 4076 1188 4140 οὐδεὶς
1227 4082 1328 4153 γὰρ
1373 4081 1566 4132 τούτων
1619 4079 1822 4150 ἔξαρνος

1974 4085 2276 4154 ompertus
2328 4085 2430 4144 est,
2467 4083 2572 4135 aut
2599 4078 2702 4151 qui
2732 4077 2888 4134 Patri
2939 4073 3318 4146 impudenter
3363 4087 3599 4128 accom-

221 4170 396 4240 ὤφθη,
473 4165 587 4220 οὐδ’
654 4167 962 4241 ἐφαρμόζειν
1050 4167 1519 4240 ἀπηναισχύντησε
1584 4167 1826 4240 λέγεσθαι

1975 4170 2269 4227 iodaverit
2292 4189 2310 4242 ;
2340 4169 2620 4242 quamvis
2647 4166 2769 4222 Filii
2796 4179 3078 4238 persona,
3097 4179 3226 4236 quae
3252 4162 3471 4217 horum
3497 4174 3600 4216 no-

220 4265 396 4310 ταῦτα
425 4265 514 4310 τοῦ
548 4262 768 4331 Πατρόςο
802 4258 845 4310 εἰ
879 4261 966 4310 καὶ
999 4259 1120 4332 ὅπερ
1170 4260 1373 4320 τούτοις
1399 4256 1511 4310 ἐστὶ
1548 4255 1827 4330 πρόϐλημα

1975 4259 2167 4315 linum
2195 4274 2416 4330 scopus
2447 4264 2502 4313 et
2529 4255 2932 4312 summarium
2960 4256 3072 4318 est,
3087 4267 3210 4308 non
3238 4264 3407 4322 aeque
3439 4247 3600 4320 apud

221 4351 316 4399 καὶ
395 4347 843 4420 συγκεφαλαιωσις
929 4351 984 4400 τὸ
1063 4351 1340 4420 πρόσωπον
1404 4355 1498 4399 τοῦ
1549 4350 1672 4401 Υἱοῦ
1721 4347 1826 4420 οὐχ

1977 4363 2146 4404 mnes
2172 4347 2232 4403 in
2264 4346 2538 4404 confesso
2565 4345 2756 4401 fuerit.
2787 4343 3007 4399 Idcirco
3039 4342 3237 4412 itaque
3265 4336 3600 4394 secundum

223 4438 480 4509 ὁμοίωσις
535 4435 959 4508 συνομολογείται
1010 4443 1161 4489 πᾶσα
1218 4439 1380 4510 ταύτῃ
1460 4438 1562 4510 ἄρα
1618 4437 1828 4499 εἰκότως

1977 4455 1996 4494 1
2021 4437 2400 4494 numerando
2429 4433 2703 4492 ordinem
2753 4431 2930 4490 Filius
2975 4430 3222 4497 obtinet,
3267 4442 3390 4484 non
3427 4424 3602 4499 Spiri-

232 4485 480 4509 Τ⁷’“’ή”³
540 4485 959 4508 “”Τ⁷“”Ἰ”’“⁷’
1014 4485 1142 4489 ’.Π-⁷
1227 4485 1377 4538 ’ζ’ή’.]”
1465 4485 1562 4510 ⁷⁷5⁷⁷⁷
1619 4485 1745 4490 ’-Π-⁷
1784 4485 1826 4499 ’⁷
1857 4485 1901 4539 D
1937 4485 1996 4494 -_
2022 4485 2054 4493 --

223 4529 323 4584 τὴν
355 4521 601 4601 δευτέραν
629 4529 765 4578 κατὰ
792 4530 885 4584 τὴν
923 4525 1211 4602 ἀρίθμησιν
1243 4546 1267 4578 ο
1299 4529 1432 4591 Υιός,
1466 4525 1573 4578 ἀλλ’
1612 4527 1740 4598 ούχὶ
1770 4530 1826 4578 τὸ
1937 4532 2054 4584 tus.

230 4622 460 4688 Πνεῦμα,
495 4613 672 4687 έπέχει
701 4615 868 4678 τάξιν.

297 4704 366 4775 7'.
401 4703 476 4756 Ού
534 4708 638 4776 μὴν
688 4702 813 4755 ἀλλὰ
859 4709 948 4756 καὶ
1002 4701 1138 4756 διότι
1189 4706 1319 4777 μετὰ
1365 4708 1458 4763 τὴν
1505 4705 1666 4777 χάριν
1719 4707 1830 4765 ἣτις

2013 4708 2071 4760 3.
2112 4705 2209 4759 Est
2237 4701 2416 4760 etiam
2448 4699 2566 4757 alia
2614 4699 2696 4756 rei
2737 4713 2941 4763 causa,
2997 4695 3142 4770 quia
3165 4693 3433 4751 videlicet
3465 4695 3602 4766 post

228 4797 316 4846 τὸν
376 4796 495 4847 Υἰόν
552 4793 857 4865 έθεολόγησε
913 4789 1210 4868 διαρρήδην
1282 4795 1312 4852 ἡ
1387 4801 1478 4846 τοῦ
1539 4796 1833 4866 Πνεύματος

1977 4809 2076 4850 am
2127 4792 2367 4863 gratiam
2407 4806 2539 4863 quae
2564 4789 2688 4845 Filii
2720 4803 2958 4844 sacram
2987 4785 3260 4842 notitiam
3290 4782 3464 4839 nobis
3494 4782 3602 4838 im-

232 4882 512 4954 εἰλικρινὴς
567 4882 800 4953 μάθησις
843 4881 1088 4957 προῆλθε·
1134 4886 1224 4934 καὶ
1261 4884 1362 4955 γὰρ
1415 4884 1570 4941 ἡνίκα
1607 4887 1832 4958 πυρίνων

1975 4881 2196 4948 ιθτιίνὶῐ,
2229 4885 2358 4938 tum
2396 4881 2640 4936 demum
2683 4876 2934 4951 Spiritus
2975 4873 3292 4948 perspicua
3329 4870 3600 4929 doctrina

302 5008 355 5044 ‘°
389 5011 405 5062 Ι
449 5011 556 5065 Cor
614 5048 628 5063 .
669 5023 731 5077 ιι,
769 5010 852 5062 10.

1770 5132 1974 5190 NOTAE
1985 5171 1998 5185 .

306 5257 420 5332 (76)
444 5255 673 5332 iConfer
711 5256 900 5332 sancti
948 5255 1270 5332 hippolyti
1299 5255 1520 5332 dictum
1561 5255 1619 5312 in
1675 5256 1842 5314 scho-
1950 5257 2012 5312 in
2030 5255 2386 5332 epistoljsad
2401 5250 3143 5332 Demetrianumﬂgiritus
3162 5247 3606 5332 ,ςαῃοιιοηιηίηρ

235 5320 328 5383 liis
341 5320 416 5384 ad
440 5327 739 5400 Danielem
763 5343 822 5400 p.
843 5320 1098 5400 41.1mm
1116 5320 1307 5400 recole
1334 5327 1602 5400 Photium
1622 5334 1834 5400 quaest.
1949 5320 2129 5400 negot
2158 5327 2547 5400 substantiam
2572 5343 2586 5389 ;
2611 5331 2664 5400 et
2685 5338 2889 5400 afore
2914 5321 3170 5379 Judaico
3195 5321 3336 5400 dicit
3359 5336 3489 5400 ειιῃι
3516 5320 3609 5376 vel

235 5343 416 5384 msau
440 5343 739 5384 uameiem
811 5343 1088 5384 Annam
1116 5343 1307 5383 recoxe
1335 5343 1602 5384 Pnouum
1622 5343 1834 5400 quam.
1949 5343 2129 5394 negat
2158 5343 2547 5382 suostanuam
2572 5343 2586 5389 ;
2611 5343 2663 5382 ei
2685 5343 2889 5381 errore
2914 5343 3170 5379 duaalco
3195 5343 3335 5376 awu
3359 5343 3489 5376 sum
3516 5343 3605 5376 υσι

235 5402 322 5477 ξδ.
356 5399 471 5455 Sed
509 5405 713 5477 tamen
743 5343 1016 5477 (iivinum
1059 5399 1332 5477 verbum
1355 5399 1658 5477 prophetis
1685 5407 1838 5477 marte
1948 5399 2026 5477 ad
2053 5400 2294 5477 Patrem
2318 5396 2536 5466 referri
2569 5397 2662 5453 vel
2682 5395 2952 5477 _Fil_ium,
2984 5400 3040 5450 et
3075 5391 3605 5477 .sanctiﬁcationem

240 5469 421 5526 fuisse
445 5470 770 5544 cognitum,
790 5471 1030 5544 copiose
1059 5465 1659 5527 adfirmat’Eusebius
1679 5472 1833 5527 Hist.
1953 5471 2248 5544 utriusque
2281 5465 2544 5539 persona:
2600 5466 2725 5544 sub,
2755 5469 2881 5544 ejus
2922 5466 3159 5544 no_n_i_in_e
3195 5465 3602 5544 demonstrari.

239 5544 376 5596 εει-ι.
409 5546 462 5599 1.
493 5535 547 5596 2ἶ
575 5543 629 5598 3.
663 5543 718 5596 4.
755 5535 766 5540 ⁷
867 5535 882 5544 ’

1980 5535 2242 5597 ῐυωιὶὸω
2281 5535 2556 5596 “εῐίὀι·θω
2597 5535 3156 5608 Lactantioobjicit
3203 5535 3605 5608 hieronymus

307 5549 376 5596 ct.
409 5549 462 5599 1.
493 5549 544 5596 2.
575 5549 629 5598 3.
663 5549 718 5596 4.
1952 5549 2242 5597 b‘umdem
2295 5555 2556 5596 errorem
2597 5549 2900 5595 Lactantio
2949 5549 3156 5608 ODJlCll.
3208 5549 3574 5661 merongmu

307 5613 419 5685 (77)
445 5614 586 5669 Hinc
617 5627 876 5682 magnus
926 5613 1209 5685 Lactantii
1239 5628 1422 5678 error,
1454 5616 1600 5668 teste
1640 5613 1840 5685 Hiero-
1951 5613 2129 5669 etiam
2202 5612 2264 5668 in
2335 5609 2772 5668 commentario
2835 5607 3008 5682 epist.
3065 5606 3145 5664 ad
3191 5604 3319 5662 Gal.
3376 5604 3418 5661 li
3466 5643 3480 5660 .
3537 5617 3579 5660 ιι

239 5684 424 5754 nymo
443 5685 693 5756 epist.‘1:
721 5685 1141 5742 Lactantiusin
1165 5684 1332 5742 libris
1353 5685 1491 5753 suis,
1509 5692 1564 5741 et
1584 5684 1839 5742 maxime
1951 5699 2082 5756 cap.
2126 5686 2178 5750 4,
2239 5686 2290 5739 6.
