4116 6194
570 279 679 336 919

1811 275 2048 332 PHOTII
2079 273 2243 330 PATF

2353 273 2554 331 RCH/E
2585 276 2694 334 ΟΡ.
3786 286 3864 342 ειο

566 405 761 479 palam
792 404 1067 461 innotuit.
1100 404 1326 461 Etenim
1370 417 1505 460 cum
1541 402 1726 476 igneis
1754 403 1971 474 linguis
1996 401 2223 458 coalitus

2353 400 2591 471 γλωσσῶν
2647 402 2918 477 οὐρανόθεν
2976 400 3235 476 ἐπιδημίᾳ
3289 402 3691 475 πολυγλώσσους
3756 417 3876 481 sim);

568 494 765 549 missis
798 493 1131 566 multiplicis
1162 492 1471 565 apostolos
1518 494 1813 549 sermonis
1858 507 2103 548 munere
2131 491 2229 544 do-

567 583 735 639 navit
766 583 1036 655 Spiritus,
1069 588 1246 654 atque
1278 583 1431 654 apud
1458 598 1667 638 omnes
1698 588 1901 653 gentes
1929 587 2230 652 extempo-

566 672 723 729 rales
752 677 1019 729 oratores
1046 671 1180 727 fecit
1208 672 1312 744 qui
1344 687 1535 743 nuper
1564 672 1837 727 illitteratti
1868 676 2054 735 erant,
2090 674 2231 725 tunc

571 761 878 835 potissima
930 761 1142 816 accidit
1176 761 1445 817 humano
1499 761 1720 832 generi,
1778 764 1840 815 ut
1901 757 2229 814 divinitatis

572 851 843 923 ejusdem
878 850 1125 921 Spiritus
1145 850 1573 905 accuratiorem
1595 848 1865 905 notitiam
1889 848 2231 919 adipiscere-

572 945 686 997 tur.
727 942 877 1009 Ergo
915 938 1059 1011 quia
1097 938 1458 994 vocabulum
1521 938 1702 994 Patris
1751 936 2099 993 hominibus
2119 935 2234 1006 pri-

574 1044 742 1085 mum
776 1028 1028 1084 innotuit
1061 1032 1149 1094 ;et
1180 1029 1323 1100 quia
1366 1028 1557 1097 gratia
1596 1027 1807 1083 deinde
1847 1042 2076 1081 sacram
2111 1022 2236 1079 Filii

572 1118 845 1173 notitiam
876 1117 1083 1173 detulit
1115 1134 1128 1183 ;
1175 1123 1229 1173 et
1262 1118 1405 1189 quia
1432 1121 1741 1189 postremo
1773 1115 1960 1171 sancti
1986 1114 2237 1187 Spiritus

572 1206 776 1262 divina
829 1206 1084 1275 dignitas
1125 1222 1231 1278 per
1271 1205 1682 1261 admirabilem
1738 1220 1881 1274 erga
1937 1202 2237 1275 apostolos

572 1310 817 1366 operam
851 1302 1036 1350 semet
1086 1295 1390 1359 revelavit;
1434 1295 1567 1366 jure
1624 1295 1952 1366 meritoque
1992 1292 2240 1347 nomina

572 1382 696 1439 haec
726 1384 1008 1439 eumdem
1040 1385 1313 1440 ordinem
1354 1384 1413 1439 in
1443 1384 1821 1439 numerando
1857 1386 2118 1438 servant.
2147 1381 2238 1436 Sic

569 1477 768 1529 autem
810 1474 1082 1529 notitiam
1114 1474 1269 1530 hanc
1320 1472 1581 1544 pateﬁeri
1615 1472 1961 1527 consultum
2008 1470 2137 1537 fuit,
2167 1485 2240 1525 ne

570 1562 752 1618 homo
798 1562 1016 1618 idolico
1056 1563 1239 1618 errori
1270 1563 1525 1625 deditus,
1565 1561 1767 1616 audita
1801 1561 1997 1616 subito
2028 1566 2085 1615 et
2116 1575 2238 1614 ma-

570 1651 783 1707 nifeste
822 1666 1217 1721 personarum
1250 1650 1547 1713 Trinitate,
1581 1650 1795 1719 aegrius
1834 1664 1905 1703 ac
1941 1647 2239 1703 difﬁcilius

573 1738 653 1794 ab
695 1738 993 1794 idolorum
1025 1739 1442 1810 superstitione
1489 1738 1948 1792 abstraheretur.
1986 1740 2130 1792 Nam
2172 1736 2237 1805 si,

2341 490 2675 564 ἐδημιούργει
2730 499 2835 552 τοῖς
2883 490 3194 552 ἀποστόλοις
3240 496 3297 544 τό
3347 500 3573 565 Πνεῦμα,
3613 502 3698 548 καὶ
3743 508 3887 562 πιόντος

2342 582 2515 641 ἔθνους
2542 581 2771 655 ῥήτορας
2799 578 3182 653 αὐτοσχεδίους
3209 583 3562 643 κατεσκεύαζε
3588 590 3699 646 τοὺς
3738 585 3889 663 ἀγραμ-

2342 672 2558 741 μάτους,
2592 675 2705 722 τότε
2736 667 2829 739 δὴ,
2881 675 2997 723 τότε
3025 670 3214 742 μᾶλλον
3242 676 3446 742 γέγονεν
3495 671 3763 745 ἀνθρώπων
3798 682 3892 745 γένει

2343 767 2433 819 τῆς
2485 759 2642 811 αὐτοῦ
2704 761 2945 822 θεότητος
3002 761 3071 822 εἰς
3125 759 3493 835 ἀκριϐεστέραν
3544 759 3796 819 ἀνείδησιν
3837 764 3896 816 ἀν-

2347 851 2637 919 ενεχθῆναι,
2690 849 2891 901 Οὐκοῦν
2922 852 2991 911 ὡς
3020 852 3109 921 μὲν
3153 857 3245 910 τῆς
3283 858 3373 901 τοῦ
3406 854 3611 925 Πατρός
3656 861 3805 923 φωνῆς
3838 853 3895 905 Ea-

2350 940 2572 1010 θρώποις
2628 942 3073 1011 προεγνωσμένης,
3141 942 3230 989 τόν
3284 934 3343 990 δε
3409 942 3527 991 Υίόν
3582 948 3672 1001 τῆς
3723 945 3897 1016 χάριτος

2351 1025 2760 1097 θεολογησάσης,
2816 1034 2906 1087 τῆς
2947 1023 3006 1079 δὲ
3051 1034 3145 1079 τοῦ
3194 1033 3450 1100 παναγίου
3489 1032 3776 1102 Πνεύματος
3821 1034 3897 1083 θεός

2349 1134 2498 1175 τητος
2537 1118 2595 1167 τό
2640 1114 2844 1188 ἀξίωμα
2877 1118 3007 1188 μετὰ
3057 1123 3226 1168 ταῦτα
3273 1114 3367 1170 διὰ
3419 1126 3510 1178 τῆς
3562 1118 3610 1170 ἐν
3664 1126 3764 1179 τοῖς
3806 1119 3897 1171 imo.

2354 1204 2553 1264 στόλοις
2607 1207 2917 1277 θεοπρεποῦς
2999 1208 3253 1277 ἐνεργείας
3333 1206 3785 1279 ἀνακαλυφθείσης,
3850 1210 3899 1261 εἱ-

2352 1297 2515 1355 κότως
2544 1292 2637 1344 κάν
2668 1301 2728 1365 τῇ
2778 1296 3159 1369 συναριθμήσει
3204 1300 3299 1353 τὴν
3330 1296 3487 1353 αὐτὴν
3521 1294 3901 1360 συνδιασῶζονσι

2352 1382 2517 1444 τάξιν,
2574 1382 2631 1434 Ἡ
2694 1379 2752 1435 δε
2800 1392 2994 1454 γνῶσις
3045 1384 3180 1435 οὕτω
3250 1383 3513 1459 προελθεῖν
3588 1382 3898 1458 διῳκονομήθε

2354 1475 2419 1533 ὡς
2450 1470 2509 1522 ἂν
2535 1476 2606 1542 μὴ
2661 1470 2849 1545 ἀθρόον
2900 1473 2927 1523 6
2968 1480 3028 1545 τῇ
3061 1480 3161 1524 τῶν
3189 1470 3412 1525 εἰδώλων
3460 1474 3627 1546 πλάνη
3682 1494 3900 1548 προσανα-

2354 1564 2580 1632 κείμενος
2628 1560 2911 1636 ἅνθρωπος,
2972 1558 3182 1635 Τριάδα
3226 1571 3398 1635 σαφῶς
3459 1570 3747 1638 προσώπων
3793 1563 3903 1616 domi-

2358 1669 2472 1713 σας,
2510 1647 2926 1713 δυσανέλκυστος
2964 1655 3053 1703 καὶ
3108 1648 3487 1723 δυσανάγωγος
3538 1660 3631 1705 τοῦ
3676 1656 3797 1705 κατὰ
3835 1658 3901 1710 τὴν

2356 1735 2752 1813 εἰδωλολατρίαν
2801 1739 3152 1807 ὀλισθήματος
3189 1745 3420 1811 γένηται.
3474 1742 3535 1795 Εἰ
3576 1745 3676 1814 γὰρ
3724 1748 3801 1795 καὶ
3838 1752 3902 1803 τῆς

575 1827 851 1883 Trinitate
890 1827 1023 1883 licet
1044 1827 1476 1899 pedetemptim
1503 1832 1557 1881 et
1580 1842 1683 1897 per
1722 1826 2040 1894 aenigmata
2070 1830 2243 1897 atque

2355 1824 2583 1901 Τριάδος
2613 1831 2743 1879 κατά
2771 1826 2996 1902 πρόοδον
3027 1830 3161 1881 οὕτω
3189 1836 3277 1881 καὶ
3311 1826 3382 1882 δι’
3433 1830 3746 1903 αἰνιγμάτων
3773 1852 3816 1883 τε
3839 1837 3902 1881 καὶ

580 1920 940 1972 transennas
966 1918 1130 1972 initio
1162 1918 1482 1979 insinuata,
1520 1916 1614 1970 vix
1665 1920 1862 1970 tamen
1912 1915 2182 1969 homines
2212 1931 2248 1970 a

582 2006 983 2078 polytheismo
1019 2005 1448 2070 discedebant;
1497 2004 1541 2058 si
1596 2009 1817 2075 aperte,
1868 2004 2132 2075 inquam,
2193 2008 2251 2058 et

584 2094 784 2150 subito
815 2095 1064 2150 Trinitas
1104 2095 1373 2150 nuntiata
1404 2094 1623 2156 fuisset,
1660 2109 1859 2148 nonne
1887 2093 2124 2149 illorum
2156 2110 2249 2149 su-

582 2184 847 2256 perstitio
890 2185 1297 2255 magisterium
1346 2199 1524 2239 omne
1578 2188 1756 2254 atque
1786 2183 1865 2239 ad
1907 2182 2083 2237 unius
2141 2184 2243 2247 Dei

582 2272 808 2327 cultum
833 2272 1303 2329 adhortationem
1329 2272 1649 2343 respuisset
1679 2272 1964 2344 ﬂoccique
1992 2271 2250 2327 fecisset-

580 2364 638 2415 et
670 2376 781 2417 sua
801 2362 1050 2418 exitiosa
1081 2377 1247 2417 sacra
1267 2360 1607 2432 praedicatis
1622 2360 1797 2416 saluti
1824 2360 2192 2416 antetulisset
2221 2360 2248 2415 ?

579 2452 751 2506 Recte
798 2450 973 2519 igitur
1020 2451 1209 2506 Patris
1269 2452 1531 2522 primum
1587 2451 1792 2506 notitia
1834 2450 2071 2520 vulgata
2119 2449 2245 2515 fuit,

578 2538 793 2594 deinde
821 2539 1122 2607 gradatim
1156 2539 1279 2593 Filii
1314 2555 1383 2593 ac
1424 2532 1692 2610 Spiritus.
1725 2541 1913 2610 Atque
1952 2539 2087 2593 hinc
2137 2554 2246 2610 pro

583 2641 655 2682 eo
681 2627 896 2683 notitiae
949 2627 1176 2693 ordine,
1232 2642 1349 2697 quo
1401 2642 1637 2682 sacram
1691 2632 1868 2699 atque
1923 2627 2244 2698 pretiosam

584 2714 891 2784 religionis
922 2715 1299 2787 suscepimus
1322 2714 1775 2782 institutionem,
1800 2717 1859 2771 in
1883 2717 2246 2772 recensendo

584 2818 829 2876 quoque
853 2804 1129 2861 eamdem
1157 2819 1463 2859 servamus
1490 2810 1882 2874 congruenter
1908 2804 2243 2876 praerogati-

588 2907 728 2949 vam
739 2934 751 2947 .

658 3075 711 3128 4.
754 3070 1081 3145 Cmteroqui
1120 3070 1357 3127 Patrem
1404 3074 1671 3127 nostrum
1704 3071 2007 3145 appellare
2037 3073 2242 3137 Deum,

2356 1919 2843 1988 παραπετασμάτων
2936 1918 3048 1969 κατ’
3146 1917 3317 1992 ἀρχὰς
3420 1925 3899 1992 μυσταγωγουμένης,

2358 2005 2505 2077 μόλις
2543 2010 2761 2076 μετέστη
2818 2013 2914 2067 τῆς
2954 2005 3231 2068 πολυθεῖας
3268 2012 3325 2058 τὸ
3375 2006 3706 2081 ἀνθρώπινον,
3749 2009 3901 2069 πῶςᾶν

2359 2093 2593 2166 ἐμφανῶς
2638 2114 2691 2147 τε
2739 2100 2826 2147 καὶ
2875 2094 3059 2170 ἀθρόον
3116 2096 3617 2167 καταγγελλομένης,
3671 2102 3699 2156 η
3750 2098 3902 2150 ἐκείνων

2359 2180 2755 2256 δεισιδαιμονία
2810 2190 2981 2237 πᾶσαν
3035 2181 3389 2237 διδασκαλίαν
3419 2192 3511 2238 καὶ
3556 2192 3831 2260 παραίνεσιν
3856 2188 3903 2245 εἰς

2357 2278 2650 2347 μοναρχίαν
2706 2282 3116 2347 χειραγωγοῦσα
3167 2274 3273 2345 οὐχ
3328 2273 3573 2349 ύπερείδέ
3622 2296 3673 2329 τε
3720 2282 3797 2328 καὶ
3836 2275 3902 2325 ἁπ-

2358 2367 2550 2425 ώσατο,
2576 2367 2663 2414 καί
2692 2367 2786 2420 τὴν
2836 2368 3164 2435 συνέχουσαν
3210 2362 3463 2416 ἀπώλειαν
3507 2374 3601 2425 τῆς
3645 2369 3904 2439 κηρυττομέο

2355 2469 2446 2511 νης
2500 2456 2759 2524 σωτηρίας
2810 2452 2867 2503 οὗ
2917 2454 3201 2525 προέθετο;
3261 2452 3462 2504 Οὐκοῦν
3513 2453 3713 2513 εἰκότως
3762 2456 3787 2511 ἡ
3839 2458 3901 2502 τοῦ

2359 2542 2563 2613 Πατρός
2606 2538 2937 2613 ἀπεκαλύφθη
2987 2550 3190 2614 πρῶτον
3242 2550 3456 2613 γνῶσις,
3511 2548 3603 2595 καὶ
3650 2544 3771 2595 κατὰ
3811 2560 3902 2612 προς

2354 2632 2521 2687 κοπὴν
2560 2631 2589 2687 ἡ
2630 2637 2720 2681 τοῦ
2755 2632 2877 2682 Tim}
2922 2635 3010 2683 καὶ
3040 2638 3132 2683 τοῦ
3184 2633 3497 2703 Πνεύματος·
3560 2631 3736 2685 ἐκεῖθέν
3772 2650 3814 2682 τι
3837 2640 3901 2689 τῆς

2355 2714 2402 2768 ἐν
2434 2725 2494 2789 τῇ
2526 2723 2716 2788 γνώσει
2745 2718 2930 2781 τάξεως
2976 2723 3034 2771 τό
3086 2722 3215 2794 ἱερὸν
3246 2721 3393 2791 ἡμῶν
3433 2726 3526 2772 καὶ
3563 2723 3809 2795 θεοπρεπὲς
3838 2726 3901 2777 τῆς

2354 2812 2748 2879 μυσταγωγίας,
2799 2806 2929 2860 κάπὶ
2965 2816 3057 2869 τῆς
3107 2811 3540 2882 συναριθμήσεως
3573 2809 3829 2869 ἀκολούθως
3860 2812 3899 2859 τό

2355 2895 2481 2949 αὐτὸ
2516 2896 2948 2968 συνεφειλκύσατο
2978 2902 3277 2970 προνόμιον.

2428 3070 2498 3126 δ’.
2531 3072 2723 3135 ’Ἄλλως
2747 3094 2801 3127 τε
2832 3071 2891 3129 δε
2918 3079 3120 3150 Πατέρα
3169 3078 3313 3148 ἡμῶν
3368 3077 3641 3150 ὀνομάζειν
3670 3080 3747 3130 τὸν
3787 3078 3898 3138 Θεὸν,

586 3176 778 3233 neque
800 3161 1150 3218 indecorum
1172 3166 1261 3217 est
1286 3177 1479 3234 neque
1495 3161 1703 3217 auditu
1731 3161 2055 3217 molestum
2084 3178 2097 3228 ;
2124 3160 2243 3216 imo

2354 3166 2471 3215 οὔτε
2523 3160 2799 3235 δύσφημον
2850 3167 2967 3217 οὔτε
3017 3166 3248 3238 λυπηρὸν
3298 3165 3451 3239 ἀκοῇ,
3496 3166 3606 3219 ἀλλ’
3665 3166 3749 3219 ἀνὰ
3782 3166 3901 3237 χεῖρά

585 3249 647 3305 id
674 3250 853 3321 vulgo
866 3250 1235 3323 fidenterque
1264 3251 1544 3307 facimus.
1568 3250 1776 3306 Filium
1802 3267 1944 3307 vero
1973 3254 2246 3306 nostrum

583 3338 777 3395 dicere
815 3340 907 3395 vel
937 3340 1131 3411 ipsum
1174 3340 1382 3396 Filium
1404 3340 1495 3395 vel
1526 3344 1798 3395 sanctum
1831 3340 2137 3411 Spiritum,
2174 3354 2246 3394 ne

583 3442 754 3484 mens
783 3428 1027 3501 quidem
1045 3430 1165 3500 pati
1187 3433 1412 3500 potest:
1440 3428 1561 3484 imo
1578 3427 1918 3484 absurditas
1942 3428 2247 3499 impietate

582 3518 796 3573 comite
833 3516 989 3573 hanc
1019 3517 1484 3588 appellationem
1533 3517 2015 3588 subsequeretur.
2060 3516 2246 3571 Patris

582 3622 723 3679 ergo
754 3621 975 3662 nomen
1006 3606 1126 3661 sive
1155 3605 1510 3679 quotidiana
1532 3605 1961 3661 consuetudine
1988 3604 2110 3660 sive
2141 3621 2250 3661 na-

582 3695 753 3752 turali
782 3696 1060 3750 instinctu
1082 3710 1250 3750 mens
1272 3694 1543 3749 humana
1568 3693 1733 3748 haud
1768 3693 2015 3749 moleste
2037 3693 2249 3749 admit-

583 3786 669 3841 tit.
699 3787 833 3841 Jam
862 3785 1043 3855 hujus
1084 3783 1344 3839 nominis
1375 3783 1597 3852 praevia
1624 3783 1787 3838 notio
1829 3782 2023 3838 effecit
2054 3788 2117 3838 ut
2148 3798 2250 3837 sa-

582 3889 821 3930 crarum
847 3889 1088 3945 quoque
1127 3873 1563 3945 Scripturarum
1597 3872 1870 3928 doctrina
1909 3887 2069 3927 nexu
2103 3887 2247 3943 quo-

582 3962 724 4018 dam
752 3977 818 4018 ex
840 3962 1022 4033 hujus
1059 3961 1338 4018 vocabuli
1377 3965 1661 4017 consueto
1711 3977 1824 4016 usu
1860 3959 2245 4032 proveniens,

582 4050 747 4107 haud
774 4066 931 4121 tegre
980 4051 1153 4106 nobis
1180 4052 1493 4122 inspiraret
1533 4052 1835 4122 provisam
1873 4050 1998 4120 jam
2041 4064 2244 4120 super-

581 4140 943 4196 naturalium
974 4156 1168 4196 rerum
1223 4140 1623 4211 disciplinam.
1658 4140 1881 4194 Rursus
1937 4140 1984 4193 si
2027 4139 2243 4205 mavis,

579 4229 871 4303 quoniam
929 4245 1122 4301 neque
1162 4228 1675 4296 naturalis‘ratio,
1725 4244 1918 4300 neque
1957 4228 2244 4299 loquendi

580 4318 950 4375 consuetudo
1000 4334 1243 4389 prorsus
1279 4320 1404 4373 vult
1448 4318 1679 4372 Patrem
1714 4334 1749 4373 a
1780 4317 1918 4372 Filio
1951 4318 2245 4387 Spirituve

581 4408 923 4480 procedere,
946 4408 1049 4462 sed
1081 4407 1445 4462 contrarium
1479 4422 1723 4478 semper
1747 4407 1929 4469 novit.
1956 4411 2135 4476 atque
2169 4406 2246 4460 ita

580 4497 787 4553 ﬁdeles
808 4496 1040 4552 erudire
1062 4511 1181 4551 non
1195 4495 1429 4550 dubitat
1458 4512 1470 4561 ;
1500 4494 1639 4549 hinc
1664 4494 1747 4562 tit,
1768 4502 1828 4549 ut
1846 4510 1983 4549 cum
2011 4494 2243 4549 Patrem

582 4585 727 4641 Filio
775 4590 832 4641 et
880 4584 1117 4655 Spiritui
1159 4584 1216 4639 in
1268 4583 1629 4639 recensendo
1678 4599 2025 4655 praeponere
2077 4582 2241 4646 solet,

585 4690 816 4731 sacram
856 4673 1190 4729 doctrinam
1238 4688 1623 4744 nequaquam
1676 4672 1865 4727 violet.
1928 4673 2241 4743 Propterea

589 4763 765 4819 Filius
798 4763 1040 4819 dextera
1061 4778 1303 4835 quoque
1333 4761 1544 4816 dicitur
1583 4765 1640 4815 et
1672 4760 1920 4816 verbum
1952 4765 2007 4815 et
2062 4760 2245 4815 virtus

584 4859 640 4910 et
670 4852 961 4925 sapientia
994 4852 1181 4907 Patris
1201 4856 1255 4908 et
1286 4850 1502 4906 similia
1536 4867 1547 4905 :
1586 4853 1747 4906 Pater
1779 4855 1976 4905 autem
2008 4848 2247 4905 etiamsi

585 4947 859 4998 naturam
889 4941 1052 4997 nullo
1072 4941 1253 4997 modo
1266 4940 1343 4997 ab
1364 4956 1434 4995 eo
1447 4938 1813 4995 diﬁerentem
1842 4938 2041 5004 habet,
2059 4944 2247 4993 tamen

582 5046 777 5102 neque
805 5030 1160 5100 cogitatione
1191 5046 1384 5102 neque
1411 5044 1681 5085 sermone
1712 5028 1788 5083 ad
1817 5028 1933 5083 Filii
1958 5028 2247 5083 rationein

583 5119 730 5177 trahi
758 5124 969 5191 potest.
997 5122 1125 5175 Jam
1159 5120 1302 5192 quia
1341 5119 1417 5175 ad
1468 5117 1674 5172 Filium
1718 5120 1886 5172 Pater
1918 5133 2038 5171 non
2074 5117 2248 5171 trahi-

584 5214 695 5269 tur.
732 5207 907 5262 veluti
935 5208 1010 5263 ad
1035 5208 1393 5279 principium
1420 5212 1523 5263 aut
1546 5223 1795 5263 causam
1822 5206 1912 5261 vel
1930 5206 2004 5262 ad
2037 5222 2249 5279 quam-

582 5295 724 5352 libet
752 5295 932 5366 hujus
963 5296 1271 5352 relativam
1306 5297 1752 5369 proprietatem,
1780 5295 1919 5351 hinc
1951 5311 2061 5351 nos
2094 5296 2250 5351 vide—

584 5385 719 5450 licet
758 5382 1087 5453 theologice
1113 5384 1367 5439 dicimus
1388 5385 1621 5439 Patrem
1644 5400 1750 5456 per
1770 5383 1976 5439 Filium
2010 5381 2247 5455 operari

586 5473 681 5529 vel
709 5473 883 5529 etiam
918 5488 1021 5543 per
1044 5472 1315 5543 Spiritum
1335 5473 1629 5545 quidquid
1658 5474 1830 5528 beata
1853 5480 2065 5528 natura
2086 5476 2205 5543 agit
2237 5492 2249 5528 :

589 5578 785 5636 neque
826 5560 1192 5619 contrarium
1230 5560 1425 5617 dicere
1471 5562 1718 5637 patimur
1771 5578 1783 5616 :
1817 5577 2012 5636 neque
2047 5562 2251 5618 Filium

2354 3273 2407 3306 τε
2462 3258 2552 3305 καὶ
2610 3257 2701 3311 τὴν
2754 3252 3053 3329 παρρησίαν
3102 3254 3196 3307 οὐκ
3254 3255 3658 3329 αἰσχυνόμενον
3716 3260 3814 3309 Υἱὸν
3858 3250 3900 3304 δι

2353 3344 2499 3414 ἡμῶν
2554 3340 2851 3414 ἀποφαίνειν
2904 3346 2989 3396 τόν
3047 3344 3164 3397 Υἰόν
3224 3346 3251 3403 ἣ
3308 3348 3366 3397 τό
3420 3348 3673 3418 πανάγιον
3724 3351 3899 3413 Πνεῦμα,

2355 3435 2471 3483 οὔτε
2512 3427 2723 3503 διανοίᾳ
2799 3430 3029 3497 ἀνεκτόν,
3097 3432 3226 3485 ἀλλά
3282 3453 3341 3505 γε
3394 3438 3526 3505 μετὰ
3584 3443 3673 3495 τῆς
3719 3431 3902 3489 ἀσεϐείας

2355 3523 2444 3571 καὶ
2494 3522 2552 3571 τό
2613 3519 2888 3573 ἀλλόκοτον
2942 3523 2971 3579 ἡ
3029 3526 3166 3594 φωνὴ
3225 3522 3607 3595 συνεφελκεται,
3655 3523 3827 3575 οὐκοῦν
3862 3522 3901 3570 τό

2354 3606 2515 3679 ὄνομα
2544 3615 2631 3659 τοῦ
2665 3612 2863 3682 Πατρός
2893 3617 2952 3682 τῇ
3005 3629 3058 3661 τε
3108 3612 3321 3668 συνήθει
3358 3594 3576 3683 χρήσει
3624 3617 3706 3663 καὶ
3746 3618 3805 3679 τῷ
3829 3594 3904 3678 λέρ-

2355 3698 2495 3767 φύτῳ
2535 3705 2630 3757 τῆς
2679 3696 2940 3763 ἐπιϐολῆς,
2994 3699 3019 3749 6
3066 3698 3388 3771 ἀνθρώπινος
3436 3707 3553 3761 νοῦς
3598 3701 3686 3753 οὐκ
3730 3692 3903 3770 ἐργῶδες

2354 3787 2468 3855 ἔχει
2507 3783 2927 3860 παραδέχεσθαι.
2976 3786 3033 3839 Ἦ
3082 3784 3140 3840 δὲ
3185 3797 3377 3859 γνῶσις
3426 3790 3590 3842 αὑτοῦ
3636 3784 3902 3863 προκαταλιο

2354 3872 2540 3941 ϐοῦσα,
2574 3880 2663 3927 καὶ
2706 3884 2804 3927 τῶν
2838 3878 2982 3949 ἱερῶν
3029 3882 3234 3948 Λογίων
3269 3882 3361 3936 τὴν
3394 3875 3740 3931 διδασκαλίαν
3782 3877 3899 3946 rigati

2352 3967 2653 4037 παρέστησε
2708 3972 2995 4036 προῑοῡσαν
3041 3964 3095 4017 ἐκ
3138 3974 3229 4026 τῆς
3278 3971 3409 4040 πρὸς
3463 3973 3558 4026 τὴν
3613 3972 3765 4040 φωνὴν
3812 3982 3900 4015 σννο

2354 4053 2552 4116 ηθείας,
2610 4052 2668 4103 ού
2710 4048 2989 4124 δυσχερῶς
3039 4056 3163 4125 ἡμῖν
3217 4053 3399 4106 ἐνιέναι
3424 4060 3517 4113 τὴν
3566 4065 3661 4108 τῶν
3686 4057 3899 4126 ὑπερφυῶν

2354 4144 2778 4213 προνοησαμένην
2805 4144 3057 4214 μάθησιν.
3106 4143 3164 4196 Εἰ
3213 4141 3390 4215 βούλει
3422 4140 3482 4196 δὲ
3524 4150 3611 4197 καὶ
3639 4141 3763 4197 δίοτι
3787 4143 3899 4192 πάλιν

2352 4234 2468 4282 οὔτε
2494 4229 2645 4301 λόγος
2683 4232 2708 4282 ό
2758 4233 2998 4302 ἔμφυτος,
3028 4235 3142 4283 οὔτε
3184 4236 3286 4302 μὴν
3318 4234 3347 4289 ἠ
3386 4230 3479 4285 διὰ
3508 4242 3601 4285 τοῦ
3650 4235 3781 4290 ἔθους
3801 4234 3903 4301 Lai-

2354 4338 2456 4383 σις,
2518 4318 2575 4371 ού
2626 4322 2714 4389 μὲν
2760 4319 2847 4370 οὖν
2898 4321 2991 4371 οὐκ
3023 4319 3179 4372 ἐθέλει
3217 4324 3301 4372 τόν
3336 4326 3538 4397 Πατέρα
3567 4321 3804 4397 προελθεῖν
3837 4322 3902 4367 τοὺ

2351 4411 2473 4461 Υὶοῡ
2529 4407 2633 4459 ἀλλ’
2691 4404 2817 4460 οὐδὲ
2864 4416 2956 4460 τοῦ
3004 4411 3319 4479 Πνεύματος.
3367 4410 3474 4463 Ἀεὶ
3530 4410 3590 4464 δὲ
3647 4416 3698 4461 τό
3733 4404 3902 4480 ἔμπαλιν

2352 4495 2482 4564 οἶδε,
2540 4502 2631 4549 καὶ
2678 4502 2799 4558 τοὺς
2845 4499 3177 4569 πειθομένους
3238 4495 3516 4551 διδάσκειν
3577 4500 3677 4571 οὐχ
3707 4493 3903 4550 ὑποστέλ-

2352 4586 2511 4638 λεται·
2546 4584 2597 4647 ἐξ
2628 4582 2687 4637 οὗ
2721 4583 2787 4643 δὴ
2840 4591 2929 4638 καὶ
2960 4589 2988 4643 η
3046 4589 3436 4659 συναρίθμησις
3475 4593 3562 4640 τόν
3605 4591 3806 4659 Πατέρα,
3836 4586 3903 4633 τῦῦ

2353 4678 2475 4728 Υἱοῦ
2523 4679 2612 4726 καὶ
2658 4681 2750 4725 τοῦ
2830 4677 3123 4747 Πνεύματος
3185 4678 3490 4748 προτάττειν
3560 4673 3899 4749 παραλαϐοῦσα,

2354 4769 2446 4823 τὴν
2499 4766 2730 4835 μάθησιν
2784 4763 2877 4815 οὐκ
2938 4762 3190 4836 ἐνύϐρισε.
3252 4768 3347 4817 Διὰ
3402 4773 3550 4819 τοῦτο
3605 4763 3660 4819 δε
3707 4766 3798 4834 ἄρα
3838 4762 3903 4809 καὶ

2355 4851 2504 4915 δεξιὰ
2542 4855 2630 4925 μὲν
2676 4852 2879 4923 λέγεται
2926 4858 3011 4905 καὶ
3053 4853 3206 4925 λόγος
3255 4859 3344 4906 καὶ
3391 4851 3613 4927 δύναμις
3660 4859 3740 4906 καὶ
3784 4854 3903 4919 σοφία

2353 4949 2445 4993 τοῦ
2486 4944 2689 5015 Πατρός
2734 4942 2758 4992 ό
2802 4944 2940 5005 Υἱὸς,
2989 4947 3076 4994 καὶ
3115 4944 3179 4993 τὰ
3224 4942 3590 5016 παραπλήσια·
3633 4938 3740 4995 ὁδε
3765 4940 3901 5007 Πατὴρ

2354 5034 2529 5081 καίτοι
2568 5026 2733 5101 μηδὲν
2801 5034 2929 5103 πρός
2986 5030 3140 5082 αὐτόν
3191 5035 3285 5088 τὴν
3339 5035 3495 5103 φύσιν
3550 5036 3701 5104 φέρων
3752 5024 3902 5099 παραὶ·

2354 5117 2672 5179 λάττουσαν,
2723 5119 2830 5170 οὔτ’
2874 5121 2935 5171 ἄν
2978 5120 3283 5193 θεωρεῖσθαι
3331 5124 3447 5173 οὔτε
3492 5120 3722 5192 λέγεσθαι
3755 5117 3815 5175 εἰς
3843 5114 3901 5163 lo?

2356 5226 2447 5278 γον
2487 5206 2623 5259 ἔλθοι
2666 5215 2750 5259 τού
2795 5210 2936 5260 Υἰοῡ·
2983 5208 3053 5269 εἰς
3098 5210 3197 5282 γὰρ
3238 5212 3326 5260 τόν
3357 5212 3474 5261 Υἱὸν
3514 5210 3604 5262 οὐκ
3651 5208 3903 5279 ἀναγόμενος

2360 5299 2422 5356 ὡς
2466 5296 2531 5356 εὶς
2573 5295 2740 5368 ἀρχὴν
2785 5302 2874 5348 καὶ
2925 5297 3116 5360 αἰτίαν,
3176 5294 3291 5349 οὐδ’
3333 5299 3434 5349 ὃσα
3472 5300 3545 5361 εἰς
3596 5298 3736 5349 αὐτὸν
3764 5294 3903 5346 ἐκεῖνος

2362 5384 2731 5458 ἀναφερόμενος
2778 5384 3135 5449 ὶξοικιιοῡται,
3186 5388 3320 5438 ἔνθεν
3364 5388 3468 5461 ἄρα
3505 5393 3592 5439 καὶ
3642 5389 3721 5437 τὸν
3750 5384 3904 5450 Πατέρα

2365 5473 2714 5543 θεολογοῡντες
2767 5471 2858 5526 διὰ
2908 5481 2997 5526 τοῦ
3036 5476 3159 5526 Υἱοῡ
3205 5478 3448 5546 πράττειν
3499 5477 3528 5536 ἦ
3579 5480 3665 5527 καὶ
3720 5469 3797 5524 διὰ
3839 5472 3902 5517 τοῦ

2366 5565 2654 5636 Πνεύματος
2703 5564 2805 5616 ὅσα
2850 5566 3067 5637 πέφυκεν
3118 5565 3145 5622 ἡ
3198 5569 3436 5639 μακαρία
3473 5568 3626 5638 φύσις
3661 5567 3741 5615 καὶ
3782 5560 3901 5628 ὑπὲρ·
