4026 6196
156 267 249 330 924
1197 267 1295 330 AD
1333 255 1895 331 AMPHILOCHIUM
1937 267 2268 336 QUESTIO
2299 272 2456 329 cxc.

3406 275 3514 334 922

153 401 260 460 θεος
285 400 520 469 ἐνεργεῖν
549 396 676 469 οὐχὶ
707 393 768 450 δε
791 399 848 450 τό
882 396 1130 452 ἀνάπαλιν
1162 396 1529 472 ἀναδεχόμεθα
1554 399 1741 470 λέγειν·

1867 400 1966 450 aut
2008 396 2286 467 Spiritum
2327 415 2432 471 per
2461 401 2691 455 Patrem
2723 399 2954 470 operari
2988 399 3063 454 ίιτ
3080 401 3263 457 sacris
3290 403 3512 460 nostris

151 491 268 540 οὗτε
294 489 388 559 γὰρ
414 490 502 540 τόν
532 489 652 540 Υἱόν
671 490 788 540 οὗτε
815 490 874 540 τό
899 495 1104 560 Πνεῦμα
1136 486 1230 542 διὰ
1256 498 1348 542 τοῦ
1379 492 1576 564 Πατρός
1611 489 1752 560 ἐνερ-

151 585 262 649 γεῖν
288 578 779 650 μυσταγωγούμεθα
799 573 1139 650 δογματίζειν
1153 623 1165 635 ,

223 667 280 720 ε’.
313 671 490 740 Χωρὶς
533 662 591 718 δε
632 673 730 717 τῶν
777 665 1050 739 εἰρημένων
1099 667 1193 720 οὐκ
1243 664 1522 728 Ἰουδαίοις
1577 671 1749 740 μόνον,

154 753 283 807 ἀλλά
330 758 418 806 καὶ
468 755 608 815 ὅσοις
655 756 684 813 ἡ
747 763 843 806 τῶν
888 752 1110 808 εἰδώλων
1156 757 1321 815 πλάνη
1375 757 1604 830 λατρεία,
1645 752 1751 814 ἡδύ

151 863 208 896 τε
255 848 344 896 καὶ
388 843 606 918 ἐπίχαρι
645 843 815 896 καλεῖν
852 848 936 897 τόν
985 849 1112 899 Θεὸν
1155 846 1346 899 ἑαυτῶν
1394 850 1616 918 Πατέρα·
1662 848 1752 896 καὶ¹

153 935 239 985 ἵνα
276 936 334 985 τό
378 940 476 984 τῶν
525 941 752 991 ποιητῶν
800 933 1082 1007 αὐτόνομον
1128 931 1483 1010 παραδράμω,
1525 932 1633 985 ἀλλ’
1663 929 1750 984 οὖν

152 1021 354 1074 ἀκούειν
403 1024 518 1074 ἔστι
568 1025 654 1073 τόν
683 1021 994 1094 Ἀρίστωνος
1033 1023 1146 1097 (78)
1171 1032 1260 1085 τῆς
1290 1023 1337 1076 ἓν
1361 1023 1577 1082 Ἕλλησι
1606 1021 1750 1094 φιλο-

151 1115 336 1183 σοφίας
387 1113 518 1182 μετὰ
558 1110 754 1163 πολλῶν
801 1117 890 1164 καὶ
933 1111 1095 1164 ἀλλων
1153 1118 1246 1172 τήν
1294 1113 1455 1171 αὐτὴν
1512 1107 1751 1169 σπουδὴν

148 1196 594 1272 ἀναδεδεγμένων,
631 1204 834 1272 Πατέρα
882 1207 972 1254 καὶ
1030 1207 1260 1261 Ποιητην
1298 1197 1454 1255 τοῦδε
1495 1208 1586 1253 τοῦ
1618 1220 1750 1252 παν-

147 1293 236 1351 τὸς
294 1292 381 1341 τόν
433 1292 555 1342 Θεὸν
604 1289 1004 1361 ὑμνολογοῦντα,
1061 1293 1114 1343 ὃν
1154 1297 1246 1344 καὶ
1300 1293 1461 1365 εὑρεῖν
1514 1293 1658 1364 ἔργον
1699 1307 1752 1340 τε

149 1375 302 1443 εἶναι,
368 1382 457 1429 καὶ
506 1378 721 1452 εὑρόντα
807 1379 878 1440 εἰς
964 1382 1159 1440 πάντας
1215 1379 1428 1443 ἐξειπεῖν
1499 1375 1753 1430 ἀδύνατον

150 1467 462 1539 ἐφιλοσόφειο
512 1473 603 1520 καὶ
653 1476 758 1528 τοῖς
805 1465 1083 1530 Ἰουδαίοις
1135 1466 1194 1522 δὲ
1250 1473 1527 1544 πρόχειρος
1577 1487 1631 1520 τε
1692 1463 1752 1525 ἧν

147 1561 240 1608 καὶ
279 1555 490 1627 γλυκεῖα
534 1557 566 1614 ἠ
597 1561 736 1628 φωνὴ
776 1562 866 1610 καῖ
905 1561 1212 1631 σεμνότητος
1255 1557 1483 1633 ἀφορμή.
1538 1561 1624 1609 Διὸ
1664 1561 1754 1607 καὶ

148 1649 243 1707 τὰς
297 1645 456 1718 ὀφρῦς
510 1643 854 1712 ἀνασπῶντες,
909 1646 1018 1700 ἀνθ’
1083 1647 1150 1698 ὧν
1202 1645 1443 1722 ἐρυθριᾴν
1498 1651 1587 1698 καὶ
1637 1665 1756 1698 συν-

1860 482 2333 543 institutionibus
2365 488 2674 545 docemus.

1928 664 1990 722 5.
2052 664 2268 721 Verum
2292 665 2385 720 his
2414 665 2592 721 etiam
2643 665 3083 737 praetermissis,
3117 683 3234 724 non
3285 668 3510 726 Iudaeis

1859 754 2279 810 tantummodo
2305 753 2410 810 sed
2441 753 2637 810 idolici
2703 770 2946 827 quoque
3006 757 3221 812 erroris
3272 758 3516 814 asseclis

1859 841 2028 896 dulce
2045 843 2467 914 acjucundum
2481 843 2586 900 fuit
2603 843 2838 899 Patrem
2851 844 2963 900 sibi
2982 844 3286 902 vindicare
3309 849 3512 904 Deum.

1858 930 2049 1002 Atque
2078 935 2142 988 ut
2167 936 2475 1003 poetarum
2507 932 2806 989 licentiam
2830 932 3123 1000 omittam,
3144 935 3350 992 audire
3381 936 3515 994 licet

1860 1019 2151 1076 Aristonis
2179 1020 2367 1076 ﬁlium
2419 1037 2556 1077 cum
2587 1021 2715 1078 aliis
2747 1021 2945 1078 multis
2973 1023 3220 1079 ethnicis
3254 1024 3518 1097 philoso-

1860 1107 2018 1180 phiae
2031 1124 2122 1180 aeq
2132 1125 2200 1164 ue
2214 1109 2512 1175 studiosis,
2527 1110 2630 1182 qui
2647 1114 2830 1166 Deum
2845 1113 3073 1168 Patrem
3088 1115 3328 1169 Factore
3337 1130 3518 1187 mque

1859 1196 2042 1267 hujus
2074 1198 2336 1254 universi
2366 1199 2779 1255 concelebrat:
2813 1215 2991 1272 quem
3009 1201 3256 1272 quidem
3284 1206 3344 1258 et
3359 1219 3516 1273 aegre

1861 1285 2128 1358 intelligi,
2144 1292 2199 1342 et
2215 1286 2578 1343 intellectum
2599 1287 2759 1343 haud
2782 1289 3011 1358 vulgari
3027 1289 3321 1346 universis
3336 1308 3510 1364 posse

1862 1375 2164 1432 censebat.
2195 1375 2431 1432 Interim
2459 1376 2682 1432 Judaeis
2706 1377 2833 1433 haec
2855 1378 3176 1450 appellatio
3209 1379 3516 1437 familiaris

1863 1470 1986 1521 erat
2017 1470 2071 1520 et
2110 1465 2381 1536 jucunda
2419 1482 2489 1522 ac
2539 1467 2846 1521 sumendae
2899 1466 3207 1536 dignitatis
3259 1469 3514 1526 occasio.

1864 1555 2057 1619 Quare
2073 1557 2132 1609 et
2148 1553 2412 1610 adducto
2439 1554 2752 1627 supercilio
2771 1555 2930 1626 (cum
2949 1556 3150 1627 potius
3172 1556 3391 1629 pudere
3413 1574 3516 1614 eos

1863 1643 2072 1698 decere
2102 1643 2438 1716 mentisque
2466 1648 2764 1700 tumorem
2795 1646 3040 1716 ponere)
3083 1661 3216 1714 nos,
3240 1646 3516 1716 glorianti

150 1735 399 1788 εστάλθαι
447 1742 538 1788 τοῦ
597 1737 822 1808 θράσους
876 1733 1004 1803 ἔδει,
1059 1737 1250 1810 Ἡμεῖς,
1310 1739 1484 1810 ὥσπερ
1542 1736 1753 1808 ἐπιγαυ-

1867 1730 2121 1787 dictione
2169 1732 2431 1799 aiebant,
2461 1748 2648 1789 unum
2705 1736 2934 1790 Patrem
2978 1734 3279 1791 habemus
3317 1739 3515 1793 Deum.

147 1834 355 1897 ριῶντες
398 1832 469 1895 τῷ
537 1826 737 1899 ῥήματι
788 1825 979 1897 ἔλεγον,
1025 1828 1110 1880 ἕνα
1163 1831 1367 1901 Πατέρα
1428 1830 1615 1900 ἔχομεν
1666 1830 1753 1878 τὸν

147 1920 291 1969 Θεόν.
342 1913 499 1990 Ὀρᾴς
556 1915 694 1977 ὅπως
744 1911 848 1974 ἡδύ
902 1935 957 1968 τε
999 1921 1089 1968 καὶ
1147 1913 1492 1990 ἐπαφρόδιτον
1543 1923 1605 1988 τῇ
1665 1914 1752 1967 ἀν-

149 2006 382 2078 θρωπίνη
439 2006 589 2075 φύσει
649 2008 855 2079 Πατέρα
905 2005 1076 2058 καλεῖν
1142 2005 1334 2058 ἑαυτῶν
1411 2009 1499 2058 τόν
1565 2009 1750 2076 Θεόν;

148 2097 276 2165 Περὶ
306 2088 366 2144 δε
406 2100 496 2144 τοῦ
546 2094 670 2145 Υίοῦ
712 2097 742 2151 ἤ
791 2101 881 2146 τοῦ
924 2096 1236 2165 Πνεύματος,
1281 2113 1332 2146 τι
1359 2092 1420 2145 ἀν
1466 2113 1545 2155 τις
1586 2100 1754 2146 τοιοῦ-

143 2201 232 2234 τον
287 2180 464 2234 λαϐεῖν
509 2183 742 2252 εὑρήσει,
796 2185 824 2241 ἦ
881 2182 1036 2236 εἰπεῖν
1087 2183 1181 2236 οὐκ
1228 2182 1512 2259 ἕρυθριάση
1572 2199 1586 2249 ;
1653 2186 1751 2235 Καὶ

147 2268 241 2324 διὰ
300 2277 454 2322 τοῦτο
505 2269 608 2345 ἆρα
641 2275 754 2324 κατ’
788 2269 964 2345 ἀρχὰς
1006 2271 1100 2324 οὐκ
1157 2269 1216 2331 ἦν
1265 2274 1457 2344 ὁμοίως
1504 2275 1590 2324 τὸν
1633 2273 1750 2325 Υίόν

146 2361 322 2433 ὥσπερ
378 2362 464 2411 τόν
506 2363 714 2434 Πατέρα
762 2360 1200 2432 καταγγέλλεσθαι
1253 2357 1456 2436 ιον⁹
1506 2358 1613 2412 ἀλλ’
1653 2359 1749 2413 ἐτέ-

144 2467 265 2520 ραις
299 2443 752 2519 ἰσοδυναμούσαις
789 2457 980 2521 φωναῖς
1019 2457 1130 2510 τοῖς
1163 2449 1256 2503 οὐκ
1295 2448 1522 2512 ἀναξίοις
1560 2450 1591 2507 ἠ
1633 2453 1749 2523 περὶ

147 2535 308 2588 αὑτοῦ
356 2542 706 2608 μυσταγωγία
760 2534 1102 2611 παρεδίδοτο,
1147 2537 1421 2612 βραχίονι,
1471 2537 1622 2609 λέγω,
1660 2542 1750 2590 καὶ

149 2620 303 2695 δεξιᾷ
350 2630 441 2678 καὶ
486 2630 660 2698 σοφίᾳ,
714 2631 804 2678 καὶ
844 2634 952 2688 τοῖς
999 2626 1371 2701 παραπλησίαν
1401 2625 1753 2700 ὑποϐαλλομέ-

148 2734 258 2775 νοις
288 2719 386 2772 τὴν
417 2711 660 2788 δύναμιν.
704 2715 772 2770 Ἠ
813 2712 872 2768 δε
909 2717 1002 2768 τοῦ
1053 2718 1178 2769 Υίοῦ
1218 2721 1552 2790 προσηγορία
1595 2725 1753 2788 σιγῆς

147 2805 315 2876 ὁρίοις
355 2801 717 2876 ἐθαλαμεύετο·
775 2807 868 2858 Διὰ
896 2809 947 2857 τί
981 2822 994 2870 ;
1030 2811 1170 2859 Διότι
1206 2810 1262 2858 τό
1303 2809 1392 2878 μεν
1442 2808 1560 2868 Υἱός
1591 2807 1752 2858 αὑτό-

149 2893 230 2944 Θεν
277 2911 332 2945 τε
383 2897 472 2944 καὶ
529 2892 718 2945 αὐτίκα
773 2890 1024 2967 διαφορὰν
1077 2900 1360 2969 προσώπου
1430 2899 1752 2967 συνεπιφέρε-

145 3000 252 3046 ται,
335 2983 363 3033 ὃ
428 2986 550 3044 τοὺς
611 2981 1010 3058 ἀσθενεστέρους
1070 2987 1098 3042 ἤ
1166 2983 1618 3056 φιλοτιμουμένους
1694 2988 1752 3036 τό

1862 1819 2070 1876 Viden’
2110 1827 2173 1876 ut
2197 1821 2368 1878 dulce
2398 1837 2702 1894 suaveque
2728 1823 2800 1879 sit
2852 1823 3135 1879 humana:
3163 1829 3390 1880 naturae
3420 1828 3522 1882 Pa-

1864 1913 2012 1965 trem
2065 1910 2178 1966 sibi
2201 1927 2416 1968 vocare
2473 1914 2645 1968 Deum
2682 1912 2694 1967 !
2744 1913 2878 1968 Jam
2907 1913 2981 1968 de
3013 1913 3154 1969 Filio
3209 1919 3263 1970 et
3294 1914 3520 1987 Spiritu

1863 1999 1990 2069 quis
2002 1999 2334 2072 quidquam
2355 2001 2708 2072 hujusmodi
2728 2001 3007 2058 molietur
3027 2003 3408 2074 impudenter
3433 2004 3520 2060 di-

1862 2101 1992 2143 cere
2021 2086 2050 2142 ?
2088 2088 2313 2144 Idcirco
2344 2091 2510 2146 initio
2540 2090 2704 2146 haud
2755 2089 2965 2146 Filium
2995 2107 3166 2164 teque
3217 2092 3384 2148 facile
3414 2093 3524 2148 fuit

1859 2177 2160 2247 nuntiare,
2187 2184 2250 2233 ut
2279 2178 2514 2234 Patrem
2540 2196 2552 2235 :
2590 2179 2696 2235 sed
2735 2179 2866 2235 aliis
2894 2179 3393 2250 mquivalentibus
3414 2197 3524 2236 vo-

1861 2265 2030 2321 cibus
2060 2282 2232 2323 sacra
2253 2268 2527 2338 ejusdem
2561 2267 2769 2324 notitia
2789 2269 2866 2324 ad
2893 2283 3067 2323 aures
3099 2283 3220 2323 non
3247 2268 3526 2340 indigno-

1857 2370 1993 2411 rum
2024 2354 2382 2413 eﬂ‘erebatur
2409 2374 2420 2413 :
2453 2357 2775 2427 vocabulis,
2808 2356 3078 2429 inquam,
3109 2357 3359 2424 brachii,
3378 2358 3525 2415 dex-

1858 2449 2017 2511 terae,
2049 2445 2379 2518 sapientia,
2408 2451 2586 2518 atque
2600 2444 2730 2502 aliis
2755 2445 3126 2502 consimilem
3155 2447 3274 2502 vim
3293 2447 3523 2504 haben-

1867 2533 2020 2590 tibus
2048 2551 2062 2601 ;
2095 2534 2327 2592 interim
2357 2535 2502 2591 dum
2525 2536 2716 2607 ipsum
2747 2535 3101 2591 Filiinomen
3123 2536 3281 2594 intra
3304 2536 3520 2594 silentii

1859 2623 2010 2679 ﬁnes
2040 2624 2475 2681 continebatur.
2520 2625 2634 2680 Cur
2672 2640 2852 2697 porro
2878 2625 2905 2680 ?
2937 2625 3079 2697 quia
3123 2624 3298 2681 Filius
3325 2631 3382 2682 et
3407 2642 3518 2699 per

1862 2728 1924 2767 se
1949 2718 2006 2769 et
2028 2717 2298 2770 actutum
2327 2713 2669 2770 differentiae
2699 2729 3021 2785 personam
3076 2713 3304 2771 invehit
3336 2730 3348 2768 :
3381 2731 3514 2787 quae

1860 2816 1956 2857 res
1987 2802 2344 2858 inﬁrmiores
2375 2803 2606 2860 animos
2627 2806 2808 2874 atque
2835 2803 3179 2859 morososin
3197 2803 3517 2875 polytheis-

1863 2906 2030 2945 mum
2061 2891 2394 2964 praecipites
2445 2891 2849 2964 pertraxisset.
2907 2891 3272 2947 Vocabulum
3317 2897 3517 2949 autem

1862 2979 2105 3036 dextera
2131 2987 2184 3036 et
2215 2981 2428 3036 similia
2461 2981 2715 3054 quaevis,
2748 2997 2886 3036 cum
2934 2981 2993 3036 in
3028 2986 3343 3052 utramque
3374 2996 3520 3053 par-

147 3069 432 3142 φιλόνεικον
486 3074 612 3146 πρός
667 3075 725 3124 τό
781 3071 1026 3125 πολύθεον
1079 3073 1432 3134 ὑποσκελίζει.
1489 3073 1547 3126 Ἡ
1607 3069 1753 3136 δεξιά

1867 3073 1983 3124 tem
2024 3069 2208 3125 ferme
2234 3068 2490 3134 valeant,
2533 3085 2748 3142 nempe
2789 3073 2846 3124 et
2881 3069 2959 3125 ad
2976 3068 3515 3125 demonstrandam

145 3156 207 3212 δε
237 3165 328 3212 καὶ
375 3161 477 3213 ὅσα
519 3159 790 3234 ἐφάμιλλα,
847 3171 1037 3235 μικροῦ
1071 3166 1162 3221 τὴν
1215 3162 1381 3234 ῥοπὴν
1425 3161 1752 3228 ἑξισάζοντα,

148 3245 414 3324 διαφοράν
459 3269 514 3302 τε
562 3247 900 3323 παραδηλοῦν
943 3253 1278 3304 ὑποστάσεων
1325 3256 1416 3304 καὶ
1470 3255 1601 3326 πρὸς
1663 3256 1755 3311 τὴν

147 3343 316 3396 αυτὴν
366 3343 457 3391 καὶ
509 3343 634 3411 μίαν
684 3342 1020 3413 συνάγεσθαι,
1072 3340 1244 3393 οὐκέτι
1289 3348 1401 3402 τοῖς
1438 3344 1565 3415 πρὸς
1609 3336 1757 3392 εἰδω-

143 3426 452 3500 λολατρείαν
534 3432 819 3500 κεχηνόσιν
903 3427 1107 3504 ἀφορμὴ
1190 3437 1284 3490 τῆς
1371 3432 1491 3491 ῖσης
1554 3427 1758 3503 βλάϐης

146 3515 347 3588 ἐγίνετο
356 3557 369 3569 .

225 3604 296 3669 ς’.
363 3610 465 3659 Καὶ
520 3610 694 3678 μέντοι
747 3611 835 3659 καὶ
889 3613 978 3659 τοῦ
1033 3608 1329 3678 Πνεῦματος
1374 3608 1403 3664 ἡ
1457 3611 1594 3679 φωνὴ
1647 3604 1760 3658 ἐπι-

145 3695 466 3768 μερίζεσθαι
527 3692 784 3768 δυναμένη
839 3699 964 3769 πρὸς
1020 3714 1072 3748 τε
1121 3698 1178 3747 τὸ
1231 3695 1630 3748 αὑθυπόστατον
1669 3711 1761 3760 και

145 3791 282 3860 πρός
331 3803 393 3856 γε
445 3787 502 3837 τὸ
547 3783 915 3853 ἕνυπόστατον,
944 3783 1050 3856 οὐχ
1091 3785 1262 3858 ὥσπερ
1299 3786 1329 3844 η
1371 3786 1626 3858 ὀνομασία
1664 3793 1757 3838 τοῦ

147 3877 277 3928 Υἱοῦ
331 3877 450 3933 τοὺς
522 3879 593 3946 μὴ
661 3872 1004 3946 βουλομένους
1057 3873 1210 3926 αὐτόν
1274 3872 1390 3926 καθ’
1462 3875 1758 3926 ὑπόστασιν

145 3962 401 4021 αὐτοτελῆ
493 3959 900 4038 παραδέχεσθαι
967 3963 1349 4034 συναναγκάζει
1402 3967 1491 4016 καὶ
1547 3964 1759 4035 μετάγει

144 4054 284 4125 πρὸς
352 4053 759 4123 συγκατάθεσιν,
830 4050 936 4104 ἀλλ’
1008 4054 1086 4103 ἔτι
1137 4047 1308 4104 δεῖται
1357 4060 1453 4113 τῆς
1508 4048 1602 4104 διὰ
1659 4060 1756 4103 τῶν

141 4141 376 4211 λογικῶν
426 4149 756 4202 κατασκευῆς
804 4145 896 4193 καὶ
956 4145 1383 4215 συνεπικρίσεως.
1445 4143 1540 4192 Διά
1605 4148 1758 4192 τοῦτο

143 4229 256 4303 ἀρα
313 4228 360 4282 εἰ
411 4233 500 4281 καὶ
571 4233 629 4282 τὸ
680 4236 887 4302 Πνεῦμα
941 4231 1096 4288 ἧττον
1155 4233 1244 4301 μὲν
1302 4230 1430 4305 ἢπερ
1481 4231 1507 4282 ὁ
1553 4235 1756 4301 Πατὴρ,

139 4317 342 4391 μᾶλλον
404 4314 462 4370 δε
507 4318 636 4392 ἢπερ
691 4322 723 4370 6'
760 4321 898 4385 Υἱός,
954 4318 1066 4372 κατ’
1114 4314 1286 4393 ἀρχὰς
1333 4318 1660 4392 ἐκηρύττετο,
1699 4317 1756 4369 οὐ

1867 3171 2260 3228 personarum
2287 3157 2752 3224 distinctionem,
2777 3162 2834 3213 et
2865 3157 2943 3212 ad
2975 3156 3351 3214 suadendam
3373 3156 3518 3214 divi-

1867 3244 2067 3301 nitatis
2099 3247 2407 3310 unitatem,
2436 3245 2787 3302 idololatrias
2814 3247 3090 3302 studiosis
3120 3261 3510 3319 nequaquam

1866 3334 2026 3406 paris
2050 3333 2382 3391 detrimenti
2415 3350 2596 3392 causa
2624 3333 2893 3391 fuissent.

1941 3604 1993 3656 6.
2025 3602 2275 3674 Insuper
2302 3601 2553 3674 Spiritus
2577 3617 2820 3676 quoque
2837 3601 3190 3658 vocabulum
3219 3618 3354 3659 cum
3382 3617 3518 3676 pro-

1871 3691 2131 3746 nuntiari
2157 3691 2344 3763 possit
2380 3696 2437 3747 et
2460 3691 2534 3747 de
2561 3698 2621 3747 re
2653 3707 2758 3763 per
2797 3708 2858 3747 se
2892 3691 3255 3748 subsistente
3271 3697 3328 3747 et
3356 3692 3430 3748 de
3459 3707 3522 3748 re

1870 3780 2186 3837 exsistente
2214 3779 2268 3836 in
2292 3780 2626 3837 substantia
2656 3780 2869 3850 aliena,
2899 3780 3063 3837 haud
3094 3797 3260 3852 eaque
3297 3796 3366 3837 ac
3402 3780 3522 3837 Filii

1873 3869 2194 3940 appellatio
2222 3869 2491 3925 nolentes
2525 3868 2773 3940 impellit
2813 3875 2870 3924 et
2908 3869 3068 3940 cogit
3105 3869 3184 3926 ad
3213 3869 3522 3926 fatendam

1871 3958 2179 4015 definitam
2203 3974 2307 4030 per
2336 3974 2397 4014 se
2425 3974 2767 4030 personam,
2793 3959 2897 4014 sed
2913 3964 3046 4028 eget
3069 3959 3267 4015 adhuc
3289 3958 3527 4015 ratioci-

1871 4045 1954 4101 nii
1996 4047 2365 4116 argumentis
2418 4051 2474 4100 et
2525 4045 3079 4101 consultationibus.
3139 4046 3358 4101 Idcirco
3413 4046 3525 4102 etsi

1875 4135 2125 4206 Spiritus
2141 4134 2332 4190 rarius
2353 4149 2537 4205 quam
2559 4135 2740 4200 Pater,
2774 4133 3143 4205 frequentius
3170 4149 3307 4189 vero
3333 4148 3519 4206 quam

1873 4221 2073 4290 Filius,
2115 4222 2259 4278 olim
2291 4223 2648 4293 praedicatus
2676 4222 2804 4286 fuit,
2839 4238 2958 4277 non
2999 4227 3201 4278 tamen
3249 4221 3344 4278 hic
3374 4221 3524 4278 ordo

1871 4312 2306 4384 praedicationis
2323 4311 2604 4366 eumdem
2626 4311 2686 4366 in
2701 4310 3116 4366 numeratione
3139 4326 3377 4384 quoque
3395 4325 3528 4380 gra-

143 4403 386 4460 δίδωσιν
441 4405 581 4478 αὐτῷ
638 4415 729 4460 τοῦ
784 4411 1119 4481 κηρύγματος
1175 4411 1205 4467 ἡ
1258 4407 1403 4471 τάξις
1459 4411 1551 4466 τὴν
1596 4407 1753 4466 αὐτὴν

1871 4403 2017 4458 dum
2039 4406 2374 4457 conservat.
2400 4403 2547 4456 Nam
2574 4401 2746 4457 Pater
2767 4404 2826 4455 et
2853 4399 3029 4454 Filius
3047 4400 3241 4456 statim
3273 4416 3343 4456 ac
3372 4415 3527 4472 prat-

141 4496 194 4548 ὶν
253 4505 316 4569 τῇ
390 4498 774 4568 συναριθμήσει
824 4499 1170 4554 κατάστασιν.
1215 4497 1275 4550 Ὀ
1340 4500 1430 4569 μεν
1489 4499 1592 4571 γὰρ
1656 4503 1760 4549 Πα-

141 4591 250 4660 τήρ
348 4589 440 4636 καὶ
521 4587 641 4647 Υἱός
713 4590 1104 4660 κηρυττόμενοι,
1200 4589 1258 4638 τό
1338 4585 1756 4650 αὑθυπόστατον,

141 4674 562 4748 ἀνεπιμερίστως
647 4674 967 4746 εἰσάγουσινο
1053 4678 1083 4736 ἡ
1164 4673 1223 4730 δε
1296 4679 1388 4728 τόῦ
1466 4677 1760 4746 Πνεὺματος

142 4769 291 4837 φωνὴ
330 4759 592 4835 δυναμένη
645 4767 735 4834 μὲν
784 4765 972 4837 ὁμοίως
1013 4761 1204 4824 δηλοῦν
1252 4767 1310 4816 τὸ
1339 4763 1756 4827 αὑθυπόστατον,

141 4854 258 4926 οὑχ
298 4854 496 4925 ὁμοίως
548 4849 606 4905 δε
662 4855 791 4926 πρὸς
833 4857 994 4926 μόνην
1043 4855 1332 4908 ὑπόστασιν
1375 4849 1755 4916 ἀποδίδοσθαι,

141 4947 205 4996 οὑ
244 4938 606 5003 σῦνδιασώζει
636 4949 726 4994 τοῦ
769 4945 1152 5016 προτάττεσθαι
1189 4946 1246 4995 τὸ
1282 4941 1504 5015 ἀξίωμα.
1549 4941 1668 4996 Ἔτι
1699 4937 1757 4994 δε

141 5033 186 5086 εἰ
222 5028 324 5084 διὰ
354 5038 447 5083 τοῦ
491 5033 614 5084 Υἱοῦ
655 5035 713 5083 τό
746 5037 954 5103 Πνεῦμα
980 5039 1082 5092 τοῖς
1111 5033 1374 5105 μαθηταῖς
1400 5029 1752 5096 ἀπεστέλλετο,

138 5130 244 5183 τῆς
274 5119 578 5180 ἀποστολῆς
622 5123 713 5178 τὴν
745 5123 897 5192 φύσιν
945 5117 1095 5174 οὐδὲν
1148 5120 1482 5185 ἕλαττούσης,
1542 5119 1670 5172 ἀλλά
1698 5123 1755 5172 τό

139 5208 551 5284 ἀπαράλλακτον
608 5211 992 5285 συντηρούσης,
1059 5211 1088 5269 ἠ
1166 5212 1298 5263 κατά
1373 5211 1754 5284 στναρίθμησιν

1870 4491 2166 4557 dicantur,
2188 4489 2560 4546 individuam
2587 4489 3031 4546 subsistentiam
3058 4505 3180 4561 prae
3211 4505 3269 4545 se
3289 4489 3520 4548 ferunt:

1870 4582 2119 4654 Spiritus
2145 4585 2345 4637 autem
2375 4580 2742 4637 vocabulum
2768 4595 3121 4651 quanquam
3148 4578 3523 4636 individuam

1868 4671 2088 4744 pariter
2117 4669 2566 4726 subsistentiam
2597 4669 2878 4726 denotare
2910 4672 3119 4740 potest,
3155 4683 3276 4724 non
3319 4672 3525 4725 tamen

1869 4761 1946 4816 ad
1976 4776 2298 4832 personam
2328 4759 2749 4816 tantummodo
2770 4757 3060 4824 refertur;
3089 4756 3344 4829 ideoque
3371 4772 3526 4829 prae-

1867 4850 2119 4906 cedendi
2173 4849 2524 4920 dignitatem
2559 4863 2679 4904 non
2720 4851 2932 4903 servat.
2981 4849 3264 4902 Praeterea
3320 4847 3368 4901 si
3417 4861 3524 4918 per

1866 4939 2077 4996 Filium
2127 4938 2379 5011 Spiritus
2425 4939 2502 4994 ad
2561 4935 2882 5008 discipulos
2916 4935 3132 4991 missus
3154 4935 3283 5002 fuit,
3309 4939 3528 4994 natura

1865 5031 1994 5101 ejus
2027 5028 2316 5084 mittendo
2348 5042 2464 5082 non
2494 5026 2811 5081 imminuta
2832 5025 2937 5080 sed
2965 5029 3184 5080 statum
3217 5041 3396 5081 suum
3425 5039 3522 5081 re-

1867 5120 2104 5185 tinente,
2127 5119 2276 5174 ordo
2305 5131 2548 5188 quoque
2573 5114 2953 5186 proprietates
2970 5113 3317 5186 personales
3329 5129 3527 5170 recen-

1866 5209 2029 5266 sendi
2050 5207 2366 5278 designare
2393 5205 2611 5278 pariter
2635 5220 2705 5262 ac
2731 5203 3053 5276 praedicare
3083 5203 3530 5276 poteritimmu-

1723 5388 1952 5445 NOTIE.

213 5493 340 5577 _(‘7_8_)
373 5494 534 5577 Plato
565 5493 738 5568 epist.
772 5492 864 5551 VI.
895 5498 952 5552 et
1004 5494 1164 5553 alibi.
1199 5496 1347 5552 Nam
1383 5493 1686 5551 Platonem
1743 5493 2032 5550 Aristonis
2091 5491 2280 5548 ﬁlium
2331 5490 2427 5548 hic
2489 5488 2789 5564 designari
2828 5504 2865 5545 a
2920 5488 3127 5547 Pbotio
3167 5503 3343 5546 nemo
3401 5500 3524 5543 non

139 5566 450 5639 intelligit.
