4116 6194
529 254 639 310 923

1784 250 2013 312 PHOTII
2053 248 2524 309 PATRIARCHE
2562 249 2674 312 ΟΡ.

3801 266 3909 322 9‘24

524 378 873 438 tabilitatem
891 393 961 434 ac
978 377 1440 435 distinctionem.
1474 379 1751 447 Addesis,
1775 380 1940 454 quod
1956 379 2175 437 theolo-

2291 378 2434 441 τάξις
2456 387 2555 432 τῶν
2614 382 2749 433 κατὰ
2790 383 2881 441 τὰς
2932 381 3248 442 ὑποστάσεις
3304 379 3612 456 ἰδιωμάτων
3669 385 3909 442 συνδιεν-

523 468 719 539 gicam
744 466 999 539 Spiritus
1029 467 1302 523 notitiam
1332 484 1367 523 a
1396 467 1536 524 Filio
1565 469 1884 526 didicimus
1912 488 1930 541 ;
1960 483 2177 541 nempe

523 557 691 613 illum
718 572 754 612 a
784 555 952 612 Patre
978 556 1317 628 procedere,
1354 563 1408 612 et
1438 559 1497 612 in
1547 558 1675 629 pari
1695 559 1903 615 ordine
1925 557 2176 614 colloca-

522 650 652 701 tum
682 661 813 701 esse
843 661 981 701 cum
1009 645 1173 701 Patre
1198 645 1476 719 Filioque,
1510 651 1567 703 et
1590 647 1847 721 denique
1880 647 2179 719 perfectio-

524 750 675 791 num
704 750 839 790 esse
862 734 1222 804 magistrum.
1245 738 1388 791 Nam
1416 752 1573 808 quas,
1595 737 2176 809 propterhumanam

527 824 935 880 inﬁrmitatem
958 822 1227 878 nondum
1247 824 1597 895 perfectiora
1622 828 1974 898 capientem,
2008 824 2179 879 disci-

525 911 702 985 pulos
730 915 1003 968 Servator
1026 926 1145 967 non
1164 911 1384 978 docuit,
1417 928 1488 968 ea
1509 913 1655 986 ipsis
1683 929 1719 969 a
1750 913 2053 969 Paracleto
2079 911 2178 967 de-

529 1007 919 1058 monstratum
950 1001 1017 1055 iri
1071 999 1360 1072 promisit.
1424 1004 1573 1072 Ergo
1626 1002 1806 1073 hujus
1848 1002 2176 1079 perspicuae

526 1090 683 1146 circa
709 1088 990 1161 Spiritum
1014 1089 1346 1158 theologiaa,
1386 1090 1466 1146 ad
1490 1106 1676 1163 quam
1710 1090 1997 1147 humanas
2025 1090 2176 1145 vires

2285 476 2473 543 κρινεῖν
2517 488 2570 521 τε
2621 474 2710 522 καὶ
2758 473 3229 544 συνανακηρύττειν
3283 468 3486 525 δύναιτ’
3534 475 3602 525 ἄν
3650 478 3713 527 τὸ
3768 476 3909 529 ἀνα)-

2285 557 2493 610 λοίωτον
2543 564 2632 610 καὶ
2672 557 2997 631 ἁσύγχυτον,
3058 564 3157 612 Καὶ
3201 564 3302 631 μὴν
3341 566 3430 613 καὶ
3491 559 3639 615 διότι
3681 567 3911 636 μάλιστα

2286 650 2382 703 τὴν
2430 646 2688 718 θεολογίαν
2734 655 2825 699 τοῦ
2879 651 3169 708 Πνεύιιατος
3217 651 3363 723 παρὰ
3404 658 3497 702 τοῦ
3552 654 3689 704 Tim}
3747 674 3911 726 μεμα-

2290 736 2537 807 θήκαμεν·
2591 735 2965 809 ἕκπορεύεσθαι
3016 740 3117 811 γὰρ
3174 737 3300 789 αὐτὸ
3359 747 3453 791 τοῦ
3522 746 3767 815 Πατρός,
3827 752 3911 798 καὶ

2285 828 2411 896 πρὸς
2463 826 2696 897 ὁμοταγῆ
2752 826 2896 889 τάξιν
2942 824 3229 897 ἁνηνέχθαι
3259 835 3332 896 τῷ
3383 846 3438 880 τε
3488 836 3663 902 Πατρὶ
3724 837 3910 903 καὶτῷ

2287 916 2417 984 Υίςῦ·
2478 918 2565 965 καὶ
2618 916 2697 966 ὅτι
2731 923 2832 966 τῶν
2870 914 3200 973 triumvirum;
3234 915 3361 968 αὐτὸ
3408 924 3788 991 χρηματίζειν
3835 919 3914 973 διο

2288 998 2572 1054 δάσκαλον·
2601 1002 2635 1053 ἆ
2663 1006 2763 1076 γὰρ
2814 1006 2931 1064 τοὺς
2960 1006 3203 1075 μαθητὰς
3244 1013 3338 1067 τῆς
3368 1004 3713 1080 ἀνθρωπίνης
3763 1009 3911 1064 ἀσθε-

2286 1094 2423 1152 νείας
2471 1095 2614 1143 οὔπω
2654 1095 2720 1143 τὰ
2765 1092 3039 1164 τελεώτερα
3081 1090 3525 1166 παραδεχομίνης
3570 1101 3671 1149 οὐκ
3727 1098 3915 1169 ἐμυστ-

524 1195 646 1235 non
660 1178 1090 1251 pertingebant,
1113 1183 1470 1250 praesentem
1488 1181 1548 1235 in
1564 1179 1708 1236 orbe
1725 1180 1925 1236 Filium
1948 1181 2180 1236 constat

525 1268 706 1324 fuisse
736 1267 1222 1339 antesignanum.

527 1357 832 1431 εἰλικρινοῦς
860 1362 978 1429 περὶ
1016 1365 1107 1410 τοῦ
1150 1358 1446 1429 Πνεύματος
1483 1358 1765 1430 θεολογίας,
1816 1359 2063 1431 καὶπρὸς
2112 1356 2173 1414 ἣν
2216 1360 2273 1409 τὸ
2305 1356 2622 1433 ἀνθρώπινον
2662 1359 2755 1412 οὐκ
2796 1357 3036 1431 ἀνήγετο,
3081 1361 3106 1410 6
3162 1362 3275 1421 Υἱὸς
3329 1360 3683 1436 ἐπιδημήσας
3732 1369 3917 1441 ὁρᾶται

526 1448 626 1499 καθ
635 1466 731 1518 ηγη
742 1448 959 1519 σάμενος
972 1492 985 1506 ,

591 1540 644 1589 7.
690 1536 867 1604 Igitur
899 1541 953 1590 et
978 1534 1121 1607 quia
1153 1536 1313 1604 prior
1337 1541 1424 1592 est
1454 1535 1638 1592 Patris
1671 1535 1879 1592 notitia
1906 1552 1921 1603 ;
1956 1538 2011 1589 et
2037 1534 2175 1605 quia

2364 1534 2436 1594 ζ’.
2504 1537 2597 1587 Διά
2646 1555 2699 1588 τε
2752 1532 2839 1588 οὖν
2886 1540 2944 1588 τό
2986 1538 3399 1611 προκαταλαϐεῖν
3447 1546 3542 1599 τὴν
3582 1552 3792 1613 γνῶσιν
3834 1554 3918 1598 τοῦ

525 1639 599 1680 ex
627 1624 757 1695 ipso
792 1624 967 1678 Filius
1017 1623 1382 1695 Spiritusque
1424 1624 1757 1695 procedunt
1792 1642 1804 1691 ;
1841 1629 1896 1678 et
1934 1623 2081 1694 quia
2120 1622 2175 1677 hi

2294 1626 2518 1697 Πατρός,
2562 1630 2649 1676 καὶ
2702 1626 2783 1677 ὅτι
2831 1624 2884 1688 ἐξ
2913 1626 3071 1677 αὐτοῦ
3115 1631 3204 1685 τὴν
3252 1626 3481 1701 πρόοδον
3529 1633 3556 1682 ὃ
3587 1652 3644 1684 τε
3678 1635 3807 1693 Υἱὸς
3835 1641 3918 1686 καὶ

524 1712 767 1784 quidem
792 1712 870 1768 ab
901 1712 1000 1768 illo
1031 1728 1276 1767 manare
1307 1712 1419 1767 dici
1440 1719 1686 1785 queunt,
1714 1714 1819 1768 iste
1846 1712 1923 1767 ab
1946 1712 2037 1766 his
2058 1726 2175 1766 non

2291 1715 2348 1763 τὸ
2394 1718 2601 1784 Πνεῦμα
2638 1716 2770 1784 ἔχει·
2814 1720 2904 1765 καὶ
2950 1717 3015 1766 τὰ
3056 1717 3165 1786 μεν,
3214 1714 3266 1778 ἐξ
3316 1717 3477 1771 αὐτοῦ
3508 1720 3792 1793 προελθεῖν
3824 1720 3920 1773 δύο

522 1804 662 1858 item
698 1817 712 1867 ;
743 1805 800 1857 et
826 1802 966 1873 quia
1004 1801 1100 1857 Dei
1133 1802 1316 1857 Patris
1352 1818 1571 1857 nomen
1612 1803 1672 1857 in
1718 1802 2034 1857 hominum
2069 1817 2175 1855 usu

2291 1820 2440 1852 ναται
2497 1801 2756 1872 λέγεσθαι,
2820 1805 2844 1854 6
2899 1799 2959 1855 δε
3006 1803 3201 1856 οὐκέτι·
3266 1811 3359 1858 καὶ
3404 1810 3491 1859 τόν
3541 1812 3655 1880 μεν,
3719 1810 3773 1863 ἓν
3822 1814 3918 1864 ἔθει

525 1896 813 1956 versatur,
844 1890 1025 1962 idque
1072 1890 1223 1946 adeo
1262 1907 1549 1962 usurpare
1590 1891 1876 1961 gestimus
1910 1906 1923 1955 ;
1974 1894 2175 1945 caetera

2291 1894 2643 1962 χρηματίζειν
2672 1898 2780 1951 τοῖς
2829 1890 3120 1966 ἀνθρώποις
3168 1891 3549 1956 ἐξοικειοῦσθαι
3582 1906 3675 1950 καὶ
3736 1900 3917 1953 ἑαυτὸν

525 1979 642 2035 (1υο
673 1994 744 2033 ne
777 1984 974 2034 mente
999 1978 1243 2051 quidem
1268 1978 1385 2034 sibi
1406 1980 1705 2051 quispiam
1740 1979 2041 2034 vindicare
2081 1994 2175 2049 po.

2292 1976 2687 2052 ἐπιγράφεσθαι,
2740 1983 2806 2033 τὰ
2845 1977 2903 2033 δε
2943 1978 3121 2043 οὐδεὶς
3161 1981 3483 2037 ἐπινοεῖσθαι
3529 1986 3790 2040 δύναται·
3835 1997 3918 2042 καὶ

525 2072 636 2124 test
667 2090 679 2133 ;
707 2072 765 2122 et
791 2068 934 2140 quia
956 2068 1053 2122 Dei
1078 2068 1258 2122 Patris
1280 2084 1499 2123 nomen
1527 2068 1696 2124 dulce
1724 2073 2075 2139 gratumque
2098 2072 2175 2122 est

2291 2069 2316 2119 6
2365 2072 2475 2139 μεν,
2533 2068 2699 2139 γλυκύ
2747 2089 2801 2122 τε
2847 2075 2937 2122 καὶ
2975 2069 3194 2145 ἐπίχαρι
3238 2081 3311 2143 τῷ
3366 2073 3639 2147 πλάσματι
3691 2079 3915 2151 ἐπιγρά-

522 2161 809 2213 creaturas
838 2156 951 2212 sibi
992 2156 1053 2212 id
1095 2156 1461 2221 inscribcnti,
1507 2158 1602 2213 illa
1627 2173 1765 2212 vero
1792 2157 2022 2212 aditum
2055 2155 2175 2210 nul-

2291 2159 2495 2229 φεσθαι·
2537 2160 2604 2209 τὰ
2635 2154 2713 2221 δε,
2751 2155 2980 2232 πάροδον
3028 2157 3277 2232 οὐδεμίαν
3309 2159 3640 2234 ἐπιδέχεται·
3676 2173 3778 2219 καὶ
3830 2165 3918 2219 διά

521 2244 649 2302 lum
679 2246 983 2318 patiuntur
1011 2260 1027 2310 ;
1060 2250 1117 2301 et
1145 2244 1406 2316 denique
1438 2250 1680 2318 propter
1708 2245 1824 2301 alia
1843 2245 1973 2316 jam
2003 2244 2175 2308 dicta.

2291 2264 2345 2316 γε
2396 2248 2461 2297 τὰ
2512 2244 2640 2298 ἄλλα
2686 2255 2784 2299 τῶν
2862 2247 3160 2322 εἰρημνων,

522 2335 684 2392 hunc
707 2334 965 2391 Ecclesia
986 2334 1259 2390 ordinem
1292 2334 1350 2389 in
1374 2334 1753 2390 recensendis
1791 2333 2181 2389 consubstan-

525 2424 761 2481 tialibus
780 2424 1294 2495 homogeneisque
1327 2425 1599 2495 personis
1626 2428 1966 2479 constanter
1992 2421 2178 2478 admi-

524 2513 615 2570 sit.
650 2514 765 2568 Sed
785 2514 915 2569 haec
928 2514 1001 2567 de
1018 2513 1395 2568 numerando
1416 2516 1581 2569 Patre
1606 2520 1662 2569 et
1690 2513 1833 2568 Filio
1855 2518 2181 2584 sanctoque

526 2602 747 2673 Spiritu
763 2602 1144 2657 elementaria
1170 2602 1402 2657 theoria
1430 2603 1749 2659 hactenus:
1786 2618 2049 2673 namque
2079 2602 2182 2657 ab-

524 2689 773 2747 solutior
811 2690 1253 2761 accuratiorque
1294 2696 1571 2747 tractatus
1613 2690 2181 2763 peculiaresibiopus

444 2830 447 2837 .
527 2779 790 2853 postulat
814 2784 993 2853 atque
1014 2779 1220 2850 exigit.

524 2887 846 2955 QUIESTIO
889 2888 1040 2943 εχει
1105 2887 1311 2960 [σοίει.
1369 2889 1563 2956 ccxx,
1628 2887 2019 2960 Taur.CCXl].
2066 2875 2177 2954 (79)

527 2996 652 3052 Cur
668 2993 919 3050 humani
946 2994 1174 3065 generis
1206 2993 1531 3063 redemptio
1568 3009 1756 3065 neque
1782 3009 1891 3063 per
1920 2994 2176 3063 aliquem

593 3081 665 3123 ea:
688 3066 1053 3133 ineat-porcis
1075 3066 1392 3122 virtutibus
1414 3069 1671 3136 genium.
1706 3080 1893 3135 neque
1916 3080 2023 3133 per
2046 3067 2173 3119 sim-

588 3138 806 3207 plicem
847 3137 1160 3202 hominem,
1207 3138 1308 3194 sed
1344 3152 1454 3206 per
1511 3138 1681 3193 Verbi
1718 3137 2177 3194 exinanitionem

590 3216 841 3281 peracta
868 3208 1074 3279 fuem‘t.
2026 3216 2029 3217 '

2286 1186 2558 1250 αγώγησεν
2608 1181 2634 1231 ό
2696 1186 2895 1255 Σωτὴρ,
2954 1184 3039 1232 τόν
3084 1182 3426 1253 Παράκλητον
3464 1184 3646 1247 αὐτοῖς
3714 1187 3915 1241 ἐκείνων

2284 1271 2524 1339 γενέσθαι
2582 1266 2908 1323 διδάσκαλον
2974 1272 3334 1342 ἐπηγγείλατο·
3393 1276 3601 1336 ταύτης
3663 1277 3763 1329 οὖν
3831 1287 3917 1340 τῆς

3242 2254 3487 2309 τοιαύτην
3565 2254 3747 2306 αὐτῶν
3826 2261 3916 2313 τὴν

2293 2336 2678 2408 συναρίθμησιν
2735 2337 3026 2408 ὁμοουσίων
3085 2341 3237 2389 ὄντων
3294 2345 3386 2391 καὶ
3425 2343 3669 2413 ὁμοφυῶν
3715 2346 3749 2402 ἠ
3809 2347 3916 2397 Ἐκ·

2289 2422 2485 2482 κ).ησία
2532 2421 2813 2485 διασώζειν
2858 2428 2927 2487 ὡς
2974 2425 3161 2478 ἐπίπαν
3192 2424 3424 2490 ἐδέξατο·
3475 2430 3607 2482 ἁλὶὰ
3635 2435 3747 2503 γὰρ
3783 2436 3913 2490 αὕτη

2290 2515 2379 2583 μεν
2412 2517 2535 2574 τέως
2564 2516 2699 2565 κατὰ
2732 2517 2819 2565 τόν
2864 2512 3189 2585 στοιχειώδη
3222 2515 3374 2586 λόγον
3407 2524 3616 2593 Πατρός
3660 2527 3759 2574 καὶ
3796 2526 3914 2576 Υίοῡ

2289 2606 2375 2653 καὶ
2405 2602 2557 2673 ἁγίου
2590 2606 2881 2675 Πνεύματος
2908 2605 2938 2661 ἡ
2972 2605 3161 2677 θεωρία
3188 2614 3283 2665 τῆς
3313 2611 3775 2681 συναριθμήσεως·
3798 2617 3827 2672 ἡ
3858 2611 3914 2666 δε

2290 2690 2576 2765 τελειοτέρα
2629 2697 2719 2743 καὶ
2791 2690 3134 2765 ἀκριϐεστέρα
3199 2690 3502 2766 διάσκεψις,
3581 2697 3914 2764 ἰδιαζούσης

2286 2784 2642 2852 πραγματείας
2666 2780 2813 2852 λόγον
2846 2779 3055 2833 ἀπαιτεῖ
3080 2786 3170 2835 καὶ
3201 2780 3571 2855 ἀπεκδέχεται.

2837 2894 3151 2942 ΕΡΩΤΗΣΙΣ
3190 2874 3345 2950 PSA'.

2288 2995 2382 3067 Διᾲ
2428 2999 2480 3046 τί
2536 3002 2627 3047 τοῦ
2673 3000 2852 3067 γένους
2908 2997 2937 3053 ἡ
2996 2994 3281 3067 ἁνόρθωσις
3348 2998 3407 3049 οὗ
3454 2996 3547 3051 διὰ
3595 3020 3737 3063 τινος
3811 3015 3909 3055 τῶν

2360 3064 2690 3146 ᾁσωμάτων’
2732 3064 2997 3139 δυνάμεων
3088 3064 3123 3126 ⁷ἤ
3204 3065 3277 3120 δι’
3362 3068 3636 3143 ἀνθρώπου
3720 3075 3905 3146 ψιλοῦ,

2359 3134 2484 3219 ἀλλά
2573 3134 2665 3190 διὰ
2756 3134 2875 3199 τῆς
2936 3145 3027 3191 τοῦ
3123 3144 3295 3211 Λόγου
3395 3134 3660 3205 κενώσεως
3733 3134 3907 3219 ’γέγοί

2358 3228 2436 3260 νευ
2462 3210 2594 3281 (80)·

1796 3401 1951 3452 Edita
1983 3416 2016 3452 a
2043 3401 2180 3453 Maio
2205 3401 2261 3464 (ι.
2297 3416 2343 3452 c.
2380 3404 2622 3466 ιρι-199).

600 3594 646 3645 l.
674 3589 759 3644 Ab
787 3588 1032 3644 eruditis
1059 3588 1360 3644 nonnullis
1391 3588 1575 3660 quaeri
1596 3588 1977 3645 sciocurnam
2004 3605 2171 3645 com-
2208 3592 2247 3648 C

523 3677 725 3734 munis
751 3676 942 3749 culpae
972 3675 1309 3732 emendatio
1340 3677 1412 3732 ab
1444 3677 1643 3749 aliquo
1672 3677 1916 3732 homine
1966 3683 2173 3734 curata

524 3782 645 3823 non
676 3766 875 3833 fuerit;
898 3766 1388 3839 quandoquidem
1409 3767 1783 3839 homogenea
1807 3772 2022 3823 natura
2048 3767 2169 3839 pla-

2356 3611 2405 3644 α.
2457 3597 2747 3653 Ζητοῡντας
2794 3588 2917 3645 οἶδά
2946 3612 3089 3654 τινας
3129 3603 3228 3647 τῶν
3260 3595 3564 3668 φιλολόγων,
3615 3596 3711 3653 διὰ
3741 3608 3799 3654 τί
3829 3609 3899 3673 μὴ

2270 3687 2369 3732 τοῦ
2424 3688 2601 3731 κοινοῦ
2648 3687 2925 3753 πτώματος
2965 3683 2995 3740 ἡ
3046 3679 3333 3757 διόρθωσις
3380 3682 3457 3737 δι’
3507 3686 3613 3748 ἑνὸς
3656 3698 3760 3741 τῶν
3814 3691 3902 3743 ἂν-

2284 3770 2497 3840 θρώπων
2570 3772 2780 3840 ἐγένετο·
2864 3774 2920 3822 τὸ
2983 3774 3084 3842 γὰρ
3162 3774 3384 3845 ὁμοφυες
3438 3773 3642 3848 ἀγωγόν
3702 3780 3902 3850 μᾶλλον

521 3855 718 3912 cando
743 3855 1276 3928 persuadendoque
1307 3856 1500 3927 aptior
1529 3862 1633 3911 est.
1670 3856 1845 3927 Atqui
1878 3856 1938 3911 hi
1977 3856 2168 3921 facile,

521 3944 569 4000 si
595 3943 793 4000 minus
822 3950 1028 4011 antea;
1063 3950 1217 3999 certe
1239 3960 1398 3999 nunc
1429 3949 1786 4013 cognoscent
1807 3948 1991 4000 totam
2013 3944 2171 4001 hanc

515 4032 809 4090 rationem
838 4033 1247 4089 incarnatione
1283 4031 1455 4087 Verbi
1497 4032 1786 4088 contineri
1820 4050 1833 4088 :
1868 4039 1993 4088 tum
2034 4050 2171 4089 vero

515 4124 735 4180 mirum
766 4122 931 4187 illud,
959 4123 1121 4195 quod
1162 4122 1629 4178 exinanitionem
1679 4122 1921 4177 abunde
1954 4123 2167 4195 explet,

514 4227 815 4283 nusquam
847 4212 1106 4282 potuisse
1137 4210 1408 4277 inveniri,
1444 4212 1490 4265 si
1522 4210 1837 4266 hominum
1869 4211 2169 4283 quispiam

513 4300 593 4358 ab
620 4305 888 4356 humano
918 4314 1131 4370 genere
1154 4299 1549 4355 universalem
1578 4299 1952 4371 tyrannidem
1971 4300 2170 4373 depel‘

512 4388 631 4446 lere
657 4389 954 4445 voluisset.
981 4390 1111 4445 Jam
1134 4388 1395 4461 primum
1432 4389 1480 4444 is
1508 4388 1612 4461 qui
1640 4404 1765 4444 rem
1792 4394 2018 4447 tantam
2049 4404 2173 4461 per-

512 4479 834 4549 agendam,
868 4494 1375 4550 communemque
1416 4477 1669 4535 salutem
1712 4479 2017 4549 sapientiae
2047 4495 2170 4534 suae

511 4567 731 4624 divitiis
744 4568 1077 4639 eximiaque
1093 4567 1356 4624 bonitate
1369 4567 1809 4640 procurandam
1825 4568 2167 4638 susciperet,

512 4656 680 4714 haud
690 4673 759 4714 ex
778 4673 985 4714 eorum
1004 4673 1254 4714 numero
1272 4656 1626 4728 deligendus
1641 4661 1787 4722 erat,
1802 4655 1907 4729 qui
1925 4656 2169 4712 aliunde

516 4747 737 4803 servari
758 4746 996 4820 ipsimet
1009 4752 1187 4820 atque
1210 4746 1517 4802 emendari
1530 4745 1832 4801 deberent.
1854 4748 2033 4801 Porro
2058 4745 2167 4801 ho-

2280 3863 2370 3910 καὶ
2417 3861 2545 3931 πρὸς
2594 3861 2754 3911 πειθὼ
2798 3860 3188 3934 πλησιαίτερον,
3246 3862 3406 3917 Ἀλλὰ
3454 3868 3553 3939 γὰρ
3595 3866 3691 3918 οὐκ
3740 3868 3905 3941 ἐργῶ-

2282 3943 2368 4009 δες
2412 3946 2607 4009 αὐτοῖς,
2663 3948 2705 3999 εἰ
2754 3954 2843 4000 καὶ
2892 3953 2964 4021 μὴ
3019 3955 3286 4022 πρότερον,
3350 3960 3439 4003 νῦν
3490 3964 3616 4024 γοῦν
3666 3959 3903 4031 καθορᾲν

2281 4039 2349 4097 ὡς
2388 4042 2472 4088 καὶ
2524 4044 2692 4088 ταῦτα
2730 4041 2820 4109 μὲν
2869 4046 2932 4110 τῇ
2965 4047 3057 4091 τοῦ
3103 4044 3270 4111 Λόγου
3314 4050 3576 4115 σαρκώσει
3627 4047 3902 4119 περιεᾶη-

2279 4142 2426 4177 πται·
2485 4125 2519 4177 ἆ
2562 4123 2621 4178 δε
2668 4130 2724 4178 τὸ
2767 4128 3065 4199 θαυμαστὸν
3110 4128 3268 4182 ἐκεῖνο
3308 4138 3399 4191 τῆς
3433 4139 3692 4195 κενώσεως
3742 4136 3904 4189 πλονο

2280 4222 2375 4284 τεί,
2426 4211 2575 4267 οὐδὲν
2624 4217 2763 4267 ἔστιν
2821 4217 2981 4290 εὑρεῖν
3035 4217 3078 4269 εί
3129 4226 3228 4269 τῶν
3298 4218 3579 4294 ἀνθρώπιον
3645 4227 3701 4275 τὸ
3757 4230 3903 4296 γένος

2282 4305 2353 4365 εἷς
2392 4304 2559 4355 αὐτῶν
2617 4303 2957 4377 ἐλευθερῶσαι
3006 4315 3101 4367 τῆς
3146 4310 3283 4360 κατὰ
3327 4311 3533 4361 πάντων
3586 4312 3904 4385 τυραννίδος

2280 4390 2631 4465 ἐπεχείρησεν·
2687 4392 2814 4444 ἀλλὰ
2893 4404 3096 4467 πρῶτον
3162 4400 3252 4467 μεν
3341 4400 3367 4450 6
3446 4404 3541 4457 τὴν
3598 4401 3905 4458 τηλικαῦτα

2278 4481 2465 4554 πρᾶξιν
2513 4481 2741 4534 ὑπελθὼν
2789 4480 3192 4557 ἀναδεχόμενος,
3244 4492 3333 4538 καὶ
3386 4491 3481 4545 τὴν
3530 4492 3737 4542 πάντων
3798 4513 3902 4545 σω·

2279 4575 2463 4643 τηρίαν
2526 4576 2709 4643 σοφίας
2762 4572 2965 4644 πλούτῳ
3021 4579 3111 4626 καὶ
3178 4574 3546 4650 ἀνυπερϐλήτῳ
3600 4579 3896 4655 φιλανθρω-

2277 4664 2374 4731 πίᾳ
2424 4661 2873 4732 κατεργάσασθαι,
2924 4664 2983 4713 οὐ
3022 4672 3121 4715 τῶν
3168 4660 3419 4736 δεομένων
3467 4666 3625 4729 αὐτὸς
3661 4676 3758 4731 τῆς
3811 4670 3902 4722 ἆλ.

2277 4748 2500 4819 λαχόθεν
2601 4754 2861 4824 σωτηρίας
2954 4756 3042 4804 καὶ
3120 4750 3451 4827 ἁνορθώσεως
3532 4761 3898 4831 χρηματίζειν

513 4835 747 4892 minum
765 4838 1041 4892 universa
1067 4839 1281 4891 natura
1297 4839 1543 4907 peccato
1568 4840 1694 4891 erat
1716 4834 1995 4901 obnoxia,
2022 4835 2169 4891 mul-

2291 4835 2484 4909 ἷφείὶει.
2540 4838 2863 4911 Ἀνθρωπίνη
2925 4836 2984 4892 δε
3035 4846 3183 4893 πᾶσα
3237 4846 3395 4913 φύσις
3458 4845 3738 4919 ὑπόχρεως

513 4929 759 4997 tamque
775 4942 979 4983 curam
997 4924 1377 4982 desiderabat
1393 4929 1565 4993 atque
1582 4924 1994 4996 expiationem.
2016 4925 2170 4989 Quo-

514 5014 699 5071 modo
718 5015 898 5086 igitur
917 5015 1042 5073 ﬁeri
1063 5018 1314 5089 poterat,
1340 5017 1403 5069 ut
1423 5014 1526 5085 qui
1547 5014 1608 5069 in
1625 5013 1837 5070 eadem
1857 5012 2168 5070 medicinas

2277 4932 2368 4977 τοῦ
2431 4925 2822 4999 ἁμαρτήματος,
2879 4928 3066 4989 πολλῆς
3122 4926 3181 4982 δε
3260 4927 3477 5004 δεομένη
3532 4941 3629 4995 τῆς
3708 4937 3897 5007 ὁμοίας

2279 5019 2516 5085 προνοίας
2566 5033 2620 5067 τε
2657 5020 2747 5068 καὶ
2776 5018 3094 5091 καθάρσεως·
3127 5023 3218 5072 καὶ
3258 5027 3363 5081 πῶς
3390 5022 3452 5073 οἷν
3494 5023 3519 5074 6
3563 5024 3612 5075 ἒν
3653 5032 3717 5097 τῇ
3753 5026 3891 5099 αὐτῇ

2078 5194 2304 5251 NOT/E.

586 5373 701 5445 (79)
738 5374 801 5427 Et
828 5371 924 5445 hic
942 5371 1407 5445 Jobomonacbo
1436 5371 1537 5428 lib.
1574 5372 1617 5428 Il
1644 5373 1730 5445 De
1752 5372 2164 5445 Incarnalione

512 5443 707 5578 gPhot.
742 5443 1016 5502 Biblioth.
1071 5444 1188 5501 Cod
1244 5443 1369 5517 222)
1400 5445 1572 5518 plura
1623 5444 1904 5517 decerpta
1963 5444 2165 5500 viden-

542 5533 630 5575 ur.

2347 5372 2459 5447 (80)
2487 5374 2732 5447 Copiose
2764 5380 2959 5431 versat
2979 5375 3090 5432 hoc
3120 5384 3544 5447 argumentum
3564 5382 3744 5441 etiam
3778 5388 3891 5444 Eu~

2275 5445 2475 5502 sebius
2504 5445 2577 5501 in
2606 5447 2851 5503 tricenn.
2886 5445 3249 5506 Constantin.
3291 5467 3422 5525 cap.
3455 5454 3595 5510 XllI.
3629 5472 3765 5530 sqq.
