4116 6194
244 268 352 328 925

1321 267 1416 330 AD
1457 260 2010 328 AMPHILOCHIUM
2049 258 2377 336 QUESTIO
2419 265 2598 328 CXCI.

3505 272 3612 334 926

243 404 308 456 τῆ
321 417 342 458 ς
422 398 691 471 θεραπείας
767 400 926 469 χρείᾳ
994 399 1280 463 καθεστὼς,
1359 399 1543 473 έτέροις
1612 397 1843 456 ἠδύνατο

1956 399 2212 465 egestate
2256 396 2623 462 versabatur,
2665 395 2718 452 is
2772 395 2900 452 aliis
2931 396 3346 468 purgationem
3389 415 3610 474 suppe-

243 483 590 559 διοικονομείν
645 489 738 544 τὴν
796 486 1072 559 κάθαρσιν,
1134 491 1224 540 καὶ
1277 491 1516 561 χορηγὸς
1573 483 1702 540 εἶναι
1748 493 1844 547 τῆς

249 576 435 638 ἰάσεως
460 591 476 642 ;

318 664 392 739 β’.
445 667 684 738 Δεύτερον
733 660 794 716 δὲ
841 671 973 718 Θεοῦ
1021 669 1111 718 καὶ
1161 667 1291 718 θεῖον
1341 669 1487 742 ἔργον
1535 669 1624 718 καὶ
1668 666 1843 717 καινὸν

244 756 345 808 ύπὸ
390 758 479 808 τὸν
511 754 673 822 ἣλιον,
728 762 840 814 πῶς
889 752 950 804 ἂν
978 750 1040 812 ἦν
1089 753 1339 829 ἀνθρώπῳ
1394 750 1840 829 διαπράξασθαι;

245 842 308 897 Εἰ
336 839 398 896 δέ
424 863 542 896 τινα
569 844 751 896 θέσθαι
793 841 1088 914 φιλοτιμίαν
1115 842 1264 895 λάϐοι
1306 848 1396 896 καὶ
1425 844 1546 917 ὅπερ
1586 842 1692 914 οὐχ
1737 842 1842 894 οἶόν

243 951 300 985 τε
323 931 605 1007 προελθεῖν,
642 932 826 984 θᾶττον
855 929 916 982 ἂν
961 935 1020 984 τὸ
1048 940 1240 1004 πτῶμα
1281 937 1367 984 καὶ
1410 928 1610 1006 ῥᾳδίως
1653 933 1682 991 ἦ
1717 934 1842 1004 πρὸς

246 1020 398 1074 ἕαυτὸ
441 1024 827 1094 ἕπανέστρεφεν,
868 1021 897 1078 ἢ
947 1024 1078 1094 πρὸς
1122 1025 1181 1073 τὸ
1228 1029 1408 1094 χεῖρον
1457 1021 1702 1084 ηὐξάνετο
1737 1042 1748 1054 ·
1782 1022 1840 1072 τὸ

245 1113 356 1183 μὲν,
413 1111 471 1163 ού
527 1114 663 1183 μέγα
709 1113 868 1162 κακὸν
923 1113 1218 1183 ἡγουμένων
1265 1119 1367 1162 τῶν
1418 1118 1512 1172 τῆς
1568 1110 1842 1185 εύργεσίας

245 1198 664 1252 ἁπολελαυκότων
739 1200 1030 1270 ὁμοιοπαθῆ
1089 1195 1164 1251 δι’
1217 1197 1540 1273 ἀχαριστίας
1598 1197 1840 1251 ἀνάπτειν

245 1289 389 1358 ἄγειν
412 1307 424 1319 ο
456 1291 513 1339 τὸ
545 1283 624 1352 δε,
655 1290 749 1344 τὴν
789 1295 861 1358 τῷ
907 1294 1020 1358 Θεῷ
1048 1291 1346 1359 πρέπουσαν
1385 1291 1542 1359 τιμὴν
1575 1286 1841 1362 ἄνθρωπον

245 1379 561 1450 ὡρμημένων
612 1384 685 1446 τῷ
740 1380 1010 1431 σεσωκότι.
1062 1376 1122 1430 Εἰ
1161 1379 1264 1450 γὰρ
1315 1381 1509 1432 Μωσέα
1539 1398 1551 1410 ο
1603 1379 1719 1430 καθ’
1783 1376 1843 1430 οὗ

244 1465 488 1526 πολλάκις
537 1463 830 1538 έγόγγιξον,
879 1471 970 1518 καὶ
1021 1471 1114 1524 τὴν
1158 1467 1347 1519 ἄνωθεν
1397 1463 1471 1518 δι’
1515 1466 1674 1518 αὐτοῦ
1721 1487 1844 1520 κατ-

247 1561 429 1607 ιοῦσαν
486 1558 752 1626 σωτηρίαν
803 1563 902 1607 τῶν
950 1553 999 1606 έν
1055 1555 1304 1627 Αἰγύπτῳ
1358 1564 1528 1607 κακῶν
1581 1554 1844 1609 ἐποιοῦντο

245 1649 480 1718 χείρονα,
527 1645 664 1716 ὅμως
713 1647 843 1697 Θεὸν
895 1643 1115 1696 ἀνειπεῖν
1169 1647 1299 1717 μετὰ
1348 1645 1563 1697 θάνατον
1609 1644 1842 1717 ἐμελέτη-

1955 485 2171 542 ditaret
2199 485 2569 558 medelaaque
2595 488 2898 542 auctorem
2927 501 2989 542 se
3018 487 3292 557 gereret?

2024 667 2078 718 2.
2139 663 2359 720 Deinde
2413 663 2683 720 divinum
2734 663 2838 720 Dei
2882 679 3038 737 opus
3083 667 3265 738 atque
3315 666 3428 723 sub
3481 667 3610 725 sole

1953 766 2181 808 novum
2231 767 2380 808 num
2426 752 2829 810 humanarum
2875 753 3093 810 virium
3133 758 3258 810 erat
3311 755 3608 827 aggredi?

1954 840 2120 906 Quod
2141 840 2334 913 siquis
2358 841 2626 898 aemulari
2652 842 3109 914 quodammodo
3122 859 3369 916 remque
3389 845 3612 916 impos-

1953 928 2186 985 sibilem
2216 933 2440 986 tentare
2462 929 2767 996 voluisset,
2787 931 2834 986 is
2862 933 3057 1004 potius
3069 932 3297 989 malum
3329 932 3479 990 illud
3509 933 3604 990 vel

1950 1017 2010 1074 in
2041 1023 2218 1090 caput
2235 1019 2547 1092 proprium
2594 1021 3000 1086 convertisset,
3033 1020 3125 1078 vel
3154 1027 3308 1078 certe
3347 1022 3606 1080 deterius

1951 1105 2202 1164 fecisset.
2238 1108 2466 1164 Etenim
2515 1108 2596 1165 illi
2634 1109 2739 1182 qui
2776 1110 3069 1167 beneﬁcio
3116 1110 3246 1182 ejus
3279 1115 3603 1180 uterentur,

1951 1196 2162 1268 partim
2188 1196 2353 1254 haud
2406 1213 2768 1270 magnopere
2807 1215 2868 1255 se
2911 1215 3157 1271 peccare
3209 1205 3506 1273 putarent,
3558 1201 3609 1258 si

1950 1286 2238 1343 adversus
2295 1287 2456 1359 paris
2497 1291 2727 1344 naturas
2786 1288 3090 1345 hominem
3127 1289 3345 1360 ingrati
3371 1291 3612 1348 exsiste-

1951 1380 2080 1432 rent
2108 1392 2122 1442 ;
2151 1377 2369 1447 partim
2401 1392 2537 1433 vero
2563 1393 2635 1433 eo
2665 1381 3035 1448 proruerent,
3070 1383 3134 1434 ut
3163 1379 3328 1452 quod
3357 1381 3476 1436 Deo
3501 1380 3610 1437 ob-

1952 1466 2228 1537 sequium
2258 1464 2497 1532 debent,
2513 1465 2573 1521 id
2601 1466 2889 1523 Servatori
2917 1482 3028 1523 suo
3053 1467 3426 1524 exhiberent.
3454 1472 3604 1526 Nam

1953 1556 1999 1610 si
2029 1555 2306 1611 lsraelitas
2335 1557 2574 1621 Mosem,
2610 1559 2818 1612 contra
2847 1571 3030 1628 quem
3075 1574 3235 1631 saepe
3261 1559 3608 1615 tumultuati

1955 1643 2208 1710 fuerant,
2237 1646 2322 1700 ita
2347 1649 2411 1700 ut
2427 1643 2726 1700 cmlestem
2753 1660 2994 1718 quoque
3015 1650 3284 1703 curatam
3310 1647 3404 1704 his
3433 1648 3512 1704 ab
3538 1663 3610 1705 eo

247 1751 362 1800 σαν,
394 1736 464 1794 ὡς
509 1737 759 1805 μυστικοὶ
803 1738 893 1786 καὶ
943 1735 1069 1808 ἱεροὶ
1099 1733 1244 1805 λόγοι
1283 1729 1612 1786 διδάσκουσι
1657 1731 1754 1805 (δι’
1784 1735 1843 1792 ἣν

1956 1732 2210 1789 salutem
2235 1734 2432 1806 pejora
2469 1733 2811 1790 conditione
2841 1750 3026 1807 quam
3059 1736 3431 1807 )Egyptiacas
3452 1736 3610 1793 cala-

246 1822 418 1874 αἰτίαν
465 1827 554 1875 καὶ
601 1824 627 1874 6
684 1825 842 1895 τάφος
892 1822 1171 1895 ὀφθαλμοῖς
1221 1819 1493 1876 Ἰουδαίων
1548 1827 1712 1898 μέχρι
1757 1832 1845 1876 νῦν

247 1910 462 1974 ἀθίατός
517 1931 570 1964 τε
613 1916 702 1964 καὶ
757 1911 1136 1983 ἁνεπίγνωστος
1199 1914 1407 1984 ἔμεινεν.
1459 1911 1847 1986 Ἀγχίστροφος

243 2003 347 2074 γὰρ
393 2002 419 2052 ὸ
463 1999 650 2074 ίχθρὸς
696 2007 1078 2074 κακουργῆσαι,
1110 2006 1200 2053 καὶ
1253 1997 1348 2053 διὰ
1389 2009 1488 2054 τῶν
1533 2001 1698 2053 ὃπλων
1747 2010 1846 2054 τῶν

243 2109 300 2143 τε
342 2086 524 2153 δεξιῶν
562 2095 652 2143 καὶ
698 2099 797 2142 τῶν
845 2088 1128 2165 ἀριστερῶν
1177 2089 1504 2153 ἐξαπατῆσαι
1547 2094 1605 2142 τὸ
1653 2089 1848 2164 ἀνθρώ-

243 2181 438 2250 πινον),
471 2187 574 2240 πῶς
619 2179 713 2231 οὐκ
757 2177 818 2230 ἂν
847 2182 931 2231 τὸν
977 2179 1209 2251 μείζονος
1256 2177 1621 2242 ἀπαλλάξαντα
1653 2199 1845 2254 τυραν-

243 2265 411 2333 νίδος,
443 2267 487 2320 εἰ
529 2273 619 2321 καὶ
647 2276 743 2329 τῆς
783 2268 950 2331 αὐτῆς
991 2271 1190 2341 φύσεως
1239 2264 1480 2340 ᾔδεισαν,
1513 2268 1572 2321 οὐ
1604 2272 1732 2323 Θεὸν
1764 2267 1847 2321 ἂν·

244 2361 538 2430 ηγόρευσαν
570 2374 583 2425 ;
619 2359 702 2410 ἵνα
749 2365 838 2409 νῦν
885 2354 1220 2434 παραδράμω
1275 2357 1474 2411 Παῦλον
1525 2365 1630 2418 τοῖς
1675 2357 1847 2416 Ἐλλη-

243 2452 451 2508 νισταίς
483 2447 893 2518 θεοποιούμενον.
921 2453 1088 2499 Τοῦτο
1141 2443 1202 2500 δε
1231 2443 1389 2506 δῆλον
1432 2449 1498 2508 ὡς
1525 2445 1620 2498 ούκ
1649 2443 1711 2505 ἦν
1754 2453 1844 2498 τοῦ

243 2541 522 2608 πτώματος
569 2537 793 2609 ἔγερσις,
841 2533 968 2587 ἀλλὰ
1015 2534 1353 2610 χαλεπωτέρα
1396 2540 1487 2587 καὶ
1530 2532 1846 2610 ἀδιόρθωτος

241 2626 500 2686 ἔκπτωσις
535 2642 547 2653 ·
580 2629 669 2677 καὶ
719 2627 820 2700 γὰρ
868 2632 1157 2697 χρεωστείν
1214 2621 1330 2677 οὐδ’
1378 2625 1564 2696 ἄλογον
1611 2624 1671 2677 ἂν
1718 2629 1849 2688 ἴσως

240 2710 434 2782 ἐδόκει,
468 2713 523 2765 ὸν
566 2717 758 2789 τρόπον
786 2716 852 2766 τὰ
899 2709 1349 2788 δημιουργήματα
1389 2717 1475 2766 τόν
1520 2718 1846 2787 Δημιουργὸν

242 2798 339 2855 διὰ
371 2801 786 2874 σεϐασμιότητός
812 2821 865 2856 τε
894 2808 983 2855 καὶ
1017 2805 1272 2864 θειότητος
1300 2811 1544 2869 ποιεῖται,
1572 2803 1706 2856 οὕτω
1752 2800 1844 2870 δὴ,

241 2890 381 2944 οὕτω
426 2896 515 2944 καὶ
557 2894 644 2944 τὸν
699 2896 966 2945 σεσωκότα
1004 2896 1126 2954 τούς
1175 2896 1554 2964 σεσωσμένους,
1585 2898 1676 2945 καὶ
1727 2897 1846 2955 τοὺς

244 2979 612 3053 συντριϐέντας
653 2983 740 3033 τόν
771 2979 1143 3034 ἀναπλάσαντα
1166 2998 1178 3012 ·
1211 2985 1373 3054 ταύτῃ
1405 3001 1480 3034 τοι
1529 2979 1645 3034 οὐδ’
1689 2981 1848 3054 ἀγγέ-

1957 1821 2191 1878 mitates
2216 1822 2506 1879 haberent
2529 1839 2544 1889 ;
2565 1823 2616 1878 si
2634 1825 2878 1889 Mosem,
2905 1823 3176 1896 inquam,
3193 1828 3332 1896 post
3352 1823 3607 1892 obitum,

1957 1910 2056 1966 Dei
2089 1910 2276 1967 instar
2303 1912 2572 1968 venerari
2604 1911 3024 1979 moliebantur,
3061 1916 3186 1968 uta
3219 1912 3489 1984 mysticis
3518 1929 3611 1970 sa-

1955 1998 2192 2071 crisque
2231 1999 2460 2055 Litteris
2495 2000 2788 2056 discimus
2817 2017 2831 2066 ;
2862 2001 3068 2072 (quam
3118 2001 3197 2056 ob
3232 2017 3481 2058 causam
3524 2018 3611 2058 se-

1954 2087 2223 2158 pulcrum
2241 2089 2369 2160 ejus
2391 2089 2734 2145 Iudaeorum
2752 2089 2939 2146 oculis
2966 2090 3042 2146 ad
3065 2091 3216 2146 hanc
3247 2107 3440 2163 usque
3451 2091 3609 2149 diem

1953 2177 2248 2233 invisibile
2275 2179 2763 2251 incognitumque
2805 2178 2931 2234 fuit.
2966 2179 3101 2234 Mire
3135 2179 3295 2236 enim
3335 2186 3610 2238 versutus

1955 2272 2045 2322 est
2081 2268 2156 2322 ad
2187 2267 2528 2323 nocendum
2567 2266 2861 2333 diabolus,
2907 2268 3212 2341 armisque
3261 2269 3445 2326 utitur
3477 2275 3607 2328 tum

1953 2356 2178 2412 dextris
2209 2361 2338 2412 tum
2350 2357 2527 2413 etiam
2557 2356 2814 2412 sinistris
2847 2362 2912 2412 ut
2932 2358 3265 2415 humanum
3293 2375 3484 2431 genus
3511 2360 3612 2418 de-

1955 2445 2152 2518 cipiat)
2192 2461 2392 2502 nonne
2417 2446 2722 2502 hominem
2752 2447 2857 2519 qui
2899 2447 3190 2518 majorem
3221 2450 3605 2521 tyrannidem

1954 2535 2281 2601 avertisset,
2322 2535 2557 2591 etiamsi
2587 2535 2858 2606 ejusdem
2910 2541 3140 2593 naturae
3196 2553 3326 2594 esse
3376 2537 3607 2606 scirent,

1959 2625 2056 2682 Dei
2077 2625 2207 2681 loco
2221 2624 2588 2680 coluissent?
2613 2624 2773 2682 Mitto
2792 2642 2948 2682 nunc
2972 2626 3138 2682 Pauli
3168 2627 3516 2700 exemplum
3535 2629 3607 2694 “,

1955 2715 2050 2771 cui
2090 2713 2319 2770 Ethnici
2357 2713 2734 2785 apotheosim
2791 2715 3211 2772 decernebant.
3274 2716 3424 2772 lllud
3451 2721 3608 2774 certe

1955 2803 2330 2876 exploratum
2353 2808 2460 2868 est,
2485 2803 2648 2860 haud
2670 2803 2935 2861 futuram
2965 2821 3000 2861 a
3023 2803 3204 2877 lapsu
3231 2806 3610 2862 resurrectio-

1954 2909 2113 2959 nem,
2161 2892 2268 2948 sed
2325 2893 2660 2961 graviorem
2717 2893 3306 2967 desperatioremque
3343 2895 3600 2959 ruinam,

1954 2981 2218 3037 Profecto
2248 2981 2580 3036 debitorem
2611 2998 2673 3036 se
2707 2982 2969 3053 proﬁteri
3026 2982 3190 3038 haud
3230 2983 3480 3039 fortasse
3506 2983 3610 3040 ab-

239 3071 340 3121 λων
393 3071 550 3141 φύσις
597 3074 690 3128 τὴν
733 3077 824 3122 τοῦ
866 3073 1046 3142 γένους
1092 3072 1236 3142 ἡμῶν
1283 3075 1546 3146 σωτηρίαν
1590 3067 1843 3143 ὑποδέχε-

1956 3069 2205 3125 surdum
2258 3067 2576 3134 videretur,
2621 3069 2704 3125 ita
2754 3074 2819 3125 ut
2869 3071 3031 3142 quod
3081 3085 3224 3140 erga
3271 3072 3608 3128 Creatorem

237 3177 353 3228 ται,
384 3156 490 3211 ἀλλ’
520 3160 547 3211 ό
588 3158 789 3220 πλάσας
832 3158 988 3222 αὐτὸς
1031 3161 1218 3232 ὁρᾶται
1260 3163 1588 3234 Δημιουργὸς
1631 3164 1722 3212 καὶ
1751 3168 1844 3222 τῆς

240 3245 552 3302 ἅναπλάσεω
560 3268 600 3311 ς.

1954 3166 2193 3232 propter
2217 3159 2493 3214 eximiam
2535 3158 2886 3230 dignitatem
2916 3158 3414 3233 divinitatemque
3477 3161 3609 3231 ejus

1953 3246 2179 3303 faciunt
2231 3251 2534 3313 creaturae,
2566 3247 2724 3302 idem
2767 3263 3015 3320 prorsus
3059 3263 3202 3320 erga
3233 3247 3610 3306 Servatorem

237 3337 480 3404 servati,
508 3352 649 3409 erga
676 3336 1137 3394 instauratorem
1165 3336 1476 3408 confracti,
1508 3337 1783 3394 facerent.
1839 3338 2028 3410 Atque
2054 3335 2183 3392 haec
2217 3351 2400 3392 causa
2425 3340 2515 3391 est
2543 3335 2937 3409 quamobrem
2968 3352 3043 3393 ne
3089 3337 3441 3407 angelorum
3479 3338 3613 3410 qui.

237 3425 384 3482 dem
438 3429 656 3482 natura
694 3424 946 3482 salutem
977 3425 1210 3496 generis
1253 3425 1437 3483 nostri
1466 3425 1864 3499 reparandam
1897 3424 2222 3498 susceperit
2250 3440 2264 3492 ;
2307 3424 2412 3480 sed
2443 3424 2548 3498 qui
2577 3427 2818 3483 Creator
2844 3425 2976 3492 fuit,
3009 3425 3170 3483 idem
3217 3431 3426 3485 auctor
3451 3443 3606 3500 quo-

235 3529 362 3587 que
399 3513 848 3570 instaurationis
876 3513 1259 3585 conspicitur.

313 3601 385 3674 γ’.
434 3601 628 3664 Ἄλλως
676 3622 732 3656 τε
779 3599 904 3656 οὐδὲ
934 3599 1132 3656 δούλων
1172 3602 1315 3657 ἐστὶν
1362 3601 1486 3657 οὐδὲ
1517 3606 1840 3677 κτισμάτων,

242 3693 419 3768 ὥσπερ
461 3688 584 3745 ούδε
624 3691 758 3745 λύειν
793 3691 1072 3765 βασιλικὰς
1119 3698 1208 3745 καὶ
1259 3690 1571 3755 δεσποτικὰς
1617 3692 1840 3757 ἐντολὰς,

240 3782 406 3842 οὕτως
451 3778 566 3834 οὐδ’
617 3783 761 3854 οἴγειν
791 3781 878 3834 ἐπὶ
923 3785 979 3835 τὸ
1027 3783 1254 3855 ἄμεινον.
1303 3787 1403 3835 Καὶ
1450 3787 1553 3854 μὴν
1580 3784 1844 3855 ἅνθρωπος

240 3873 270 3923 6
329 3874 556 3944 Χριστὸς
597 3875 814 3943 γεγονὼς
865 3873 996 3944 μετὰ
1055 3879 1154 3924 τῶν
1206 3870 1370 3924 ἄλλων
1417 3872 1604 3940 καλῶν,
1656 3870 1844 3944 μᾶλλον

241 3956 306 4013 δε
365 3964 455 4012 καὶ
507 3963 606 4034 πρὸ
661 3960 857 4013 πολλῶν
908 3960 1071 4013 ἄλλων
1126 3960 1449 4033 εὐεργεσιῶν,
1500 3965 1618 4021 τοὺς
1660 3980 1846 4034 πατρι-

238 4051 367 4110 κοὺς
409 4053 594 4121 νόμους
635 4053 724 4102 καὶ
767 4051 818 4101 οἰ
859 4057 1149 4108 τηνικαῦτα
1177 4057 1286 4110 τοῖς
1328 4049 1680 4124 Ἰσραηλίταις
1718 4050 1846 4122 μᾶλ-

237 4136 328 4189 λον
373 4138 621 4211 ἣρμοζον,
673 4138 757 4192 ἐπὶ
799 4142 857 4191 τὸ
904 4139 1198 4208 τελεώτερον
1251 4137 1676 4214 μεταρρυθμίζει.
1730 4138 1845 4212 Ἐῥ-

236 4227 378 4301 ῥὴθη
430 4228 555 4301 γὰρ.
615 4233 766 4300 φησὶ,
815 4236 924 4289 τοῖς
976 4226 1242 4302 ἀρχαίοις,
1293 4249 1322 4278 ‹‹
1375 4228 1450 4280 Οὐ
1504 4230 1778 4300 φονεύσεις,
1815 4247 1842 4279 ››

240 4315 348 4386 ἐγὼ
374 4312 435 4368 δε
478 4315 610 4388 λέγω
635 4318 757 4389 ύμῖν
803 4314 968 4370 τάδε.
1017 4339 1044 4368 ι(
1074 4317 1149 4370 Ού
1198 4319 1526 4389 μοιχεύσεις,
1561 4338 1590 4371 ››
1637 4316 1737 4388 ἐγὼ
1788 4314 1846 4372 δι

2027 3607 2078 3659 3.
2113 3602 2346 3676 Alioqui
2379 3618 2574 3677 neque
2627 3619 2936 3661 servorum
2975 3609 3065 3660 est
3084 3607 3279 3679 neque
3303 3610 3610 3663 creatura-

1954 3709 2090 3749 rum
2112 3693 2274 3762 regia
2301 3696 2360 3747 et
2392 3692 2700 3748 dominica
2760 3693 3051 3750 mandata
3073 3693 3168 3751 vel
3198 3695 3492 3768 abrogare
3518 3694 3609 3754 vel

1955 3783 2134 3838 etiam
2193 3783 2420 3853 majore
2479 3782 2836 3854 perfectione
2888 3783 3138 3840 donare.
3187 3785 3366 3858 Atqui
3424 3785 3609 3842 homo

1956 3872 2226 3928 Christus
2255 3870 2520 3936 eﬁectus,
2555 3871 2668 3927 hoc
2708 3872 2860 3928 inter
2887 3877 3098 3930 caetera
3153 3872 3468 3939 beneﬁcia,
3495 3875 3610 3932 imo

1956 3976 2078 4032 prae
2097 3960 2223 4015 aliis
2253 3959 2470 4026 multis,
2490 3960 2727 4030 insigne
2749 3961 2903 4025 fecit,
2929 3961 3151 4032 patrias
3180 3977 3397 4034 nempe
3424 3962 3606 4034 leges,

1956 4065 2084 4121 quas
2116 4055 2451 4120 temporum
2477 4048 2715 4105 illorum
2739 4049 3012 4106 Israelitis
3033 4050 3610 4108 accommodatiores

1956 4145 2142 4204 erant,
2167 4137 2470 4207 meliorem
2497 4137 2575 4192 ad
2604 4137 3010 4194 conditionem
3037 4139 3351 4210 promovit.
3379 4140 3608 4196 Dictum

1955 4227 2178 4298 quippe
2232 4225 2422 4282 fuerat
2467 4226 2746 4298 antiquis,
2783 4250 2803 4276 ι
2853 4229 2981 4283 Non
3041 4228 3275 4283 occides
3302 4229 3351 4264 ⁴²
3385 4243 3400 4291 ;
3433 4249 3463 4281 ιι
3495 4243 3608 4298 ego

1957 4331 2097 4370 vero
2125 4314 2258 4370 dico
2288 4314 2461 4370 vobis
2487 4315 2588 4370 sic.
2650 4337 2668 4363 ι
2703 4318 2828 4370 Non
2887 4315 3286 4372 mmchaberis
3317 4317 3364 4352 ⁴³
3391 4331 3404 4381 ;
3433 4335 3462 4368 ››
3494 4330 3608 4386 ego

238 4400 374 4458 τάδε
402 4425 414 4438 ο
457 4425 483 4457 ιι
529 4405 817 4478 Ὀφθαλμὸν
861 4405 974 4459 ἀντὶ
1023 4406 1310 4479 ὀφθαλμοῦ,
1343 4427 1364 4456 ι
1418 4404 1517 4477 ἔγὼ
1567 4401 1628 4458 δὲ
1678 4401 1842 4458 τάδε·

1959 4419 2096 4459 vero
2125 4404 2208 4458 sic
2236 4421 2248 4459 :
2280 4425 2307 4452 ‹‹
2365 4402 2613 4460 Oculum
2645 4419 2749 4474 pro
2801 4404 2976 4460 oculo
3007 4405 3093 4460 “:
3130 4426 3152 4454 ι
3182 4420 3291 4475 ego
3324 4420 3468 4461 vero
3498 4403 3606 4460 sic.

239 4496 429 4546 καὶτὰ
456 4500 621 4568 μυρία
650 4493 816 4548 έκεῖνα
857 4494 892 4547 ἃ
919 4499 1048 4570 πρὸς
1097 4500 1190 4554 τήν
1235 4493 1460 4548 ἀτέλειαν
1508 4503 1607 4546 τῶν
1657 4493 1845 4569 ἀκροα-

241 4591 346 4635 τῶν
402 4583 787 4657 ένενομοθέτητο
837 4584 1018 4649 πάλαι,
1069 4583 1152 4637 ἐπὶ
1210 4587 1268 4637 τὸ
1320 4590 1551 4659 κρεῖττον
1614 4586 1726 4636 ἔστι
1781 4592 1840 4657 τῇ

242 4679 535 4746 Δεσποτικῇ
596 4673 853 4748 ίπικρίσει
899 4675 1020 4746 όρᾷν
1077 4671 1374 4747 ἀνηγμένοι·
1408 4677 1496 4726 καὶ
1549 4681 1697 4726 τοῦτο
1752 4669 1845 4726 διά

238 4779 299 4815 τε
346 4762 474 4814 ἄλλα
519 4768 706 4836 μυρία,
749 4769 838 4816 καὶ
869 4760 1011 4815 διότι
1057 4771 1157 4815 τῶν
1199 4763 1432 4815 παλαιῶν
1459 4766 1626 4834 νόμων
1656 4760 1844 4834 ἀμετα-

240 4856 466 4910 κινήτων
513 4851 765 4913 παντελῶς
806 4857 1076 4925 μενόντων,
1127 4857 1218 4905 καὶ
1267 4854 1296 4911 ἡ
1349 4852 1581 4906 πολιτεία
1626 4855 1656 4911 ἡ
1709 4852 1839 4912 αὕτη

239 4942 392 5012 λόγον
439 4937 579 5013 εἶχεν
621 4940 900 5013 ἀναγκαῖον
946 4949 1052 5004 τοῖς
1104 4947 1284 5014 νόμοις
1342 4937 1838 5004 συνδιασώζεσθαι·

239 5033 272 5089 ἡ
309 5027 368 5084 δε
399 5027 550 5084 ούδεν
580 5038 678 5083 τῶν
709 5031 979 5105 ὑπερφυῶν
1022 5035 1113 5083 καὶ
1156 5029 1285 5102 οἷπερ
1315 5030 1530 5102 ὕστερον
1560 5028 1843 5102 ύπερέλαμ·

235 5119 334 5193 ψεν
392 5123 506 5173 οὔτε
581 5115 802 5191 δύναμιν
867 5119 1097 5173 ίπλούτει
1174 5115 1609 5194 παραδέξασθαι·
1665 5120 1840 5195 ὥσπερ

237 5204 365 5262 οὐδε
418 5213 664 5284 πρότερον
716 5213 914 5284 μυρίων
972 5208 1134 5268 αὐτὴν
1185 5205 1711 5280 παιδαγωγησάντων
1759 5227 1838 5260 νο·

236 5299 466 5371 μοθετῶν
520 5302 611 5351 καὶ
659 5305 936 5371 προφητῶν
983 5302 1074 5352 καὶ
1121 5297 1316 5352 πολλῶν
1363 5296 1527 5350 ἄλλων
1569 5299 1713 5372 ἱερῶν
1758 5293 1840 5349 διο

239 5383 546 5461 δαγμάτων,
606 5388 715 5440 οὔτ’
786 5385 846 5439 ἂν
910 5387 977 5449 εἰς
1028 5387 1168 5451 τέλος
1225 5386 1493 5462 προέϐαινε
1547 5390 1603 5440 τό
1658 5385 1836 5459 ἐγχεί-

1960 4496 2025 4549 Et
2044 4493 2163 4549 alia
2186 4492 2464 4565 plurima,
2491 4508 2619 4564 quas
2636 4509 2774 4549 cum
2791 4493 2935 4550 olim
2964 4509 3072 4566 pro
3102 4493 3476 4551 audientium
3501 4494 3608 4549 im-

1955 4580 2308 4655 perfectione
2335 4581 2562 4653 perlata
2591 4581 2860 4647 fuissent,
2895 4583 3140 4639 meliora
3170 4583 3308 4639 dein
3335 4599 3371 4639 a
3413 4582 3609 4639 Domi-

1955 4671 2102 4726 nicis
2131 4671 2379 4726 decretis
2431 4669 2586 4726 facta
2615 4686 2748 4726 esse
2776 4670 3070 4727 videmus.
3110 4671 3177 4728 Id
3230 4676 3432 4728 autem
3461 4687 3602 4728 cum

1953 4760 2032 4817 ob
2053 4759 2198 4817 alias
2227 4759 2554 4832 permultas
2572 4775 2784 4815 causas
2799 4759 3128 4816 factitatum
3161 4766 3265 4831 est,
3300 4765 3427 4817 tum
3451 4775 3605 4832 prae-

1952 4850 2120 4920 cipue
2145 4848 2290 4921 quia
2315 4865 2377 4905 se
2403 4849 2612 4920 priscas
2639 4847 2800 4919 leges
2818 4849 3054 4905 intactae
3085 4864 3331 4921 prorsus
3351 4849 3609 4906 mansis-

1952 4944 2103 5006 sent,
2129 4954 2298 4994 sacra
2326 4954 2569 5011 quoque
2622 4937 2961 5009 respublica
2991 4938 3328 4995 necessario
3358 4954 3498 4995 cum
3526 4938 3608 4995 le-

1953 5027 2126 5099 gibus
2169 5027 2586 5084 conservanda
2615 5026 2819 5083 fuisset
2851 5043 2865 5092 ;
2897 5043 3034 5099 quas
3091 5027 3413 5100 caeteroqui
3441 5027 3608 5086 nulla

1953 5117 2008 5172 vi
2023 5116 2286 5188 pollebat
2299 5115 2370 5172 ad
2384 5115 2725 5187 recipienda
2739 5115 3217 5187 supernaturalia
3239 5131 3376 5189 quas
3395 5121 3606 5189 postea

1951 5205 2298 5263 effulserunt
2324 5203 2506 5260 bona.
2539 5203 2716 5260 Sicuti
2738 5219 2812 5260 ne
2851 5209 3024 5260 antea
3051 5204 3318 5278 quidem,
3347 5204 3605 5278 permul-

1952 5297 2021 5353 tis
2049 5295 2181 5351 licet
2205 5293 2617 5350 erudientibus
2664 5309 2797 5350 eam
2851 5292 3364 5364 legumlatoribus,
3409 5298 3614 5352 orato-

1948 5384 2137 5450 ribus,
2197 5389 2376 5455 atque
2428 5381 2753 5454 prophetis,
2814 5381 3060 5455 aliisque
3097 5383 3367 5456 pluribus
3418 5383 3604 5443 sacris

314 5567 357 5603 ⁴¹
390 5569 516 5624 Act.
542 5583 662 5635 ειν,
689 5568 775 5624 t0.
809 5569 856 5604 ¹ο²
878 5567 1079 5626 Matth.
1101 5584 1156 5638 v,
1189 5569 1277 5624 2t.
1303 5567 1351 5604 ⁴³
1383 5566 1528 5624 ibid.
1562 5571 1651 5624 27.
1687 5567 1733 5602 “
1763 5565 1842 5622 ibi

1956 5567 2018 5620 :8.
2048 5564 2116 5599 “·
2143 5564 2166 5617 Ι
2195 5565 2342 5618 Petr.
2378 5577 2416 5634 ι,
2450 5561 2535 5620 12.
