4026 6196
542 257 655 319 927

1796 228 2035 313 PHOTII
2075 248 2556 312 PATRIARCHE
2599 254 2709 313 ορ.
2980 302 2983 305 λ
3737 260 3813 321 94,3

540 386 847 454 doctrinis,
903 382 1189 439 institutio
1238 386 1437 437 tamen
1496 382 1573 438 ad
1642 398 1820 438 suum
1872 396 2184 453 nunquam

2296 399 2442 454 ρημα
2466 404 2478 415 ·
2512 382 2639 435 ἀλλὰ
2669 386 2861 456 μάτην,
2895 386 3031 456 εἴπερ
3065 382 3115 435 ἐν
3144 391 3252 446 τοῖς
3298 383 3471 447 αὐτοῖς
3514 387 3537 437 ό
3580 386 3825 461 ἀνθρώπινος

538 476 771 548 apicem
819 472 995 527 venit.
1080 469 1477 537 Quamobrem
1530 471 1578 525 si
1635 470 1906 527 humana
1959 470 2073 525 vita
2125 469 2188 523 in

537 565 747 622 iisdem
775 562 975 618 ritibus
1005 558 1445 630 permansisset,
1480 559 1809 616 Servatoris
1844 560 2107 615 studium
2134 560 2192 614 et

541 652 967 710 sollicitudines
989 651 1047 704 in
1061 664 1301 705 cassum
1326 648 1508 704 fuisse
1526 654 1982 721 coarguerentur
2005 668 2019 717 ;
2050 647 2193 720 quia

539 744 841 799 humanus
873 746 1121 795 conatus
1148 737 1292 792 nihil
1314 738 1539 806 grande
1571 739 1863 794 conficere
1884 744 2092 809 potest.
2130 740 2194 792 Et

538 831 783 905 quidem
815 828 1006 883 servili
1046 831 1324 883 creaturae
1351 842 1544 899 neque
1574 828 1853 899 possibile
1884 832 1970 883 est
1999 842 2192 899 neque

540 922 800 991 impune,
833 916 1121 973 Creatoris
1152 931 1221 970 ac
1278 917 1497 971 Domini
1526 917 1687 986 leges
1734 917 1794 971 in
1847 916 2029 972 aliam
2081 916 2191 971 tor-

539 1024 704 1065 mam
718 1006 1194 1080 perverterezsed
1223 1005 1275 1059 ei
1301 1005 1545 1061 demum
1577 1006 1719 1077 quia
1751 1022 1859 1061 sua
1877 1005 2194 1061 clementia

538 1102 873 1154 commotus
898 1101 1178 1150 creaturae
1210 1093 1460 1149 salutem
1496 1094 1939 1165 procurandam
1998 1109 2194 1149 susce-

538 1189 642 1259 pit,
680 1185 1121 1241 Dominicarum
1147 1198 1382 1254 quoque
1426 1182 1625 1253 legum
1657 1182 1995 1239 reformatio
2048 1198 2194 1239 con-

536 1277 715 1342 venit,
750 1272 1120 1329 Dominicam
1178 1270 1399 1326 scilicet
1449 1277 1801 1343 potestatem
1860 1288 1895 1327 a
1957 1276 2192 1327 suamet

2299 467 2498 542 διέμενε
2549 470 2685 543 βίος,
2718 475 2747 531 ἡ
2800 481 2889 533 τῆς
2939 478 3203 547 σωτηρίας
3251 482 3508 547 προϊοῦσα
3553 474 3732 535 σπουδὴ
3768 486 3829 532 καὶ

2299 558 2631 633 ἐπιχείρησις
2663 558 2995 633 διηλέγχετό,
3028 570 3123 624 τῆς
3148 566 3238 634 μὲν
3266 562 3585 635 ἀνθρωπίνης
3608 566 3834 637 φιλοτιμίας

2299 645 2449 701 οὐδὲν
2495 648 2809 712 ἐξανυούσης
2850 655 3001 723 μέγα,
3035 652 3124 703 ἅτε
3163 655 3295 723 μήτε
3340 649 3556 704 δυνατὸν
3582 659 3665 711 την
3692 651 3833 714 δούλην

2298 743 2471 789 κτίσιν
2529 736 2667 810 μηδὲ
2714 740 2904 812 τόλμης
2960 739 3249 806 ἀνεύθυνον,
3298 748 3388 792 τοι)
3439 748 3734 815 Δημιουργοῦ
3773 750 3835 796 mi

2301 832 2561 880 Δεσπότου
2616 834 2806 901 νόμους
2852 837 3198 901 μετακοσμεῖν
3248 828 3528 901 ἐπιχειρεῖν
3559 852 3573 863 ο
3604 840 3667 901 τῷ
3708 836 3839 903 μέντοι

2300 920 2413 980 τὴν,
2448 921 2711 991 σωτηρίαν
2740 916 2834 970 διὰ
2864 919 3147 989 σπλάγχνα
3169 917 3337 981 ἐλέους
3362 921 3756 992 κατεργαζομένῳ
3776 931 3841 973 τοῦ

2300 1003 2625 1076 πλάσματος,
2660 1010 2690 1065 ἢ
2727 1026 2779 1059 τε
2818 1016 2916 1060 τῶν
2944 1016 3270 1060 Δεσποτικών
3316 1013 3482 1076 νόμων
3509 1014 3840 1080 μετακόσμησις

2300 1098 2574 1168 πρέπουσα
2601 1100 2694 1153 τὴν
2728 1101 3047 1154 Δεσποτικὴν
3076 1095 3313 1159 ἐξουσίαν
3344 1100 3478 1150 κατά
3522 1101 3666 1170 φύσιν
3692 1102 3845 1169 ἔχοντι,

2300 1188 2388 1234 καὶ
2415 1191 2508 1245 τῆς
2538 1184 2797 1246 πολιτείας
2824 1182 2991 1260 ῥᾳδία
3016 1204 3069 1237 τε
3098 1190 3187 1237 καὶ
3216 1183 3471 1259 ἁρμόδιος
3494 1188 3522 1244 ἠ
3548 1190 3667 1260 πρὸς
3688 1191 3734 1239 τὸ
3758 1186 3845 1259 βέλ.

2300 1291 2408 1323 τιον
2439 1271 2741 1337 ἀνανέωσις.

536 1372 750 1422 natura
786 1361 1033 1419 habenti
1066 1378 1078 1415 :
1111 1360 1425 1432 eidemque
1458 1360 1752 1432 perfacilis
1787 1366 1941 1418 estet
1968 1375 2237 1430 congrua
2261 1360 2644 1432 publicorum
2674 1378 2982 1420 sacrorum
3013 1364 3089 1419 ad
3123 1363 3428 1420 meliorem
3459 1368 3667 1420 statum
3692 1370 3849 1421 trans-

597 1454 697 1510 tio.

534 1454 697 1511 latio.

606 1548 663 1600 4.
697 1542 849 1599 Talis
890 1542 1134 1611 insuper
1187 1539 1459 1611 tantique
1488 1538 1708 1595 amoris
1739 1539 2191 1607 demonstratio,

2376 1536 2443 1592 δ’.
2483 1540 2597 1593 Ἔτι
2666 1560 2725 1613 γε
2781 1547 2884 1613 μὴν
2952 1550 3045 1603 τῆς
3108 1544 3367 1604 τοσαύτης
3429 1547 3520 1594 καὶ
3589 1542 3852 1603 τηλικαύτης

540 1631 879 1703 cujusmodi
908 1631 967 1685 in
995 1628 1387 1684 exinanitione
1413 1628 1541 1698 ejus
1565 1644 1743 1700 quem
1762 1628 2045 1683 exinaniri
2073 1643 2184 1683 non

2304 1627 2510 1700 ἀγάπης
2538 1632 2568 1688 ἠ
2612 1627 2849 1698 ἔνδειξις,
2884 1631 2943 1688 ἢν
2977 1627 3070 1683 διὰ
3100 1635 3156 1683 τό
3203 1634 3488 1689 κενωθῆναι
3538 1628 3607 1683 δι’
3649 1634 3767 1704 ἡμᾶς
3789 1635 3853 1683 τόν

539 1737 715 1793 posse
738 1719 1013 1783 vidimus,
1049 1718 1149 1789 qui
1176 1717 1299 1772 fieri
1350 1722 1581 1787 poterat
1608 1724 1669 1771 ut
1710 1718 1766 1771 in
1797 1717 2066 1773 notitiam
2093 1733 2197 1772 no-

539 1816 721 1865 stram
746 1807 986 1871 veniret,
1022 1806 1105 1860 vel
1141 1812 1203 1860 ut
1233 1806 1613 1877 providentia:
1641 1821 1782 1874 erga
1815 1821 1924 1860 nos
1967 1805 2195 1875 magni-

536 1897 807 1955 tudinem
832 1912 1353 1966 cOgnosceremus,
1385 1894 1432 1949 si
1455 1895 1608 1949 Deus
1640 1910 1887 1966 operam
1902 1894 2191 1958 dedisset,

539 1992 599 2041 ut
625 1986 702 2041 ab
733 1986 868 2051 alio,
896 1991 1106 2056 praeter
1132 2000 1213 2050 se,
1248 1983 1515 2056 quolibet
1546 1999 1931 2038 communem
1964 1983 2194 2052 generis

535 2078 787 2133 salutem
824 2076 1283 2147 impetraremus
1314 2075 1341 2128 ?
1372 2076 1565 2144 Neque
1595 2089 1738 2128 sane
1778 2073 1867 2126 vel
1907 2073 2191 2142 angelica;

535 2166 645 2238 ipsi
672 2170 899 2221 natura:
927 2179 1284 2220 concessum
1313 2163 1441 2224 fuit,
1476 2170 1535 2216 ut
1561 2166 1682 2217 tam
1716 2161 1942 2231 grande
1970 2168 2025 2217 et
2056 2162 2189 2215 uni-

533 2254 762 2310 versale
794 2253 1142 2325 mysterium
1172 2252 1281 2308 sibi
1308 2252 1649 2307 vindicaret.
1682 2252 1830 2306 Nam
1855 2250 1960 2306 etsi
1994 2250 2189 2319 angeli

535 2344 678 2399 ﬁnes
718 2345 985 2412 gentium
1015 2342 1227 2411 singuli
1264 2340 1530 2410 singulos
1554 2339 1978 2395 custodiendos
2001 2338 2187 2394 sortiti

536 2436 691 2495 sunt,
736 2430 983 2485 minime
1025 2437 1221 2485 tamen
1264 2428 1521 2483 universi
1559 2427 1791 2498 generis
1831 2427 2187 2498 gubernatio

537 2518 630 2573 vel
669 2518 1020 2573 instauratio
1059 2518 1393 2572 concredita
1434 2516 1643 2571 iisdem
1684 2522 1788 2571 est.
1833 2517 2007 2572 Multo
2046 2531 2187 2571 vero

538 2606 738 2662 minus
778 2604 1031 2676 simplici
1069 2604 1297 2659 homini
1340 2604 1397 2658 id
1444 2604 1636 2659 facere
1690 2603 1869 2666 licuit,
1912 2604 2186 2675 quamvis

538 2695 845 2750 virtutibus
866 2694 1017 2749 inter
1042 2701 1285 2749 caeteros
1306 2691 1699 2766 praefulgenti.
1726 2692 2006 2747 Videmus
2037 2693 2187 2747 enim

537 2783 630 2840 vel
654 2799 724 2839 ex
757 2782 850 2838 his
891 2782 1306 2838 celeberrimos
1339 2781 1439 2836 uni
1462 2797 1618 2853 saepe
1650 2782 1827 2850 genti,
1858 2788 1912 2836 et
1951 2781 2186 2853 quidem

536 2888 659 2930 non
673 2872 907 2928 maximi
931 2871 1185 2936 numeri,
1204 2870 1480 2941 regendas
1496 2870 1994 2942 instituendaeque
2011 2871 2188 2926 fuisse

534 2962 886 3035 prmpositos
917 2978 930 3027 ;
961 2966 1139 3033 atque
1158 2961 1269 3016 hoc
1301 2960 1430 3031 ipso
1449 2975 1694 3014 munere
1723 2975 1845 3014 non
1885 2959 2010 3013 sine
2032 2958 2189 3014 defe-
2224 3001 2262 3055 Ο

535 3059 633 3108 ctu
674 3051 877 3123 aliquo
919 3051 1099 3106 fuisse
1139 3050 1466 3105 defunctos.
1510 3052 1727 3121 Mosem
1769 3048 1903 3104 licet
1941 3048 2183 3118 cogites,

535 3141 627 3197 vel
656 3141 836 3211 hujus
875 3156 1279 3196 successorem
1301 3140 1567 3206 Josuam,
1610 3137 1701 3194 vel
1730 3137 1913 3194 alium
1930 3138 2188 3210 quemli-

534 3231 633 3286 bet
663 3247 735 3286 ex
761 3230 829 3285 iis
857 3231 960 3302 qui
992 3231 1183 3299 gentis
1223 3229 1509 3284 ducatum
1531 3227 2003 3300 capessiverunt.
2038 3229 2185 3283 Prm-

535 3324 621 3375 ter
659 3335 845 3390 quam
879 3319 1043 3390 quod
1075 3335 1167 3373 res
1197 3334 1435 3390 quoque
1477 3317 1757 3387 maxima,
1792 3323 2089 3389 quotquot
2119 3333 2187 3373 ex

534 3408 697 3463 omni
730 3424 856 3463 aevo
889 3408 1048 3463 mira:
1067 3406 1325 3471 fuerunt,
1358 3422 1610 3478 vereque
1642 3407 1771 3478 plus
1791 3422 1974 3478 quam
2008 3406 2183 3462 mira-

533 3495 690 3562 bilis,
723 3496 864 3551 satis
898 3496 1024 3550 vilis
1066 3496 1369 3559 evasisset,
1405 3495 1667 3566 nihilque
1696 3495 1999 3550 habuisset
2022 3496 2183 3567 quod

533 3585 746 3640 merito
773 3584 1233 3656 suspiceremus.
1275 3584 1422 3638 Nam
1457 3584 1503 3637 si
1544 3588 1817 3639 creatura
1848 3600 1984 3638 cum
2025 3598 2185 3639 crea-

533 3672 685 3728 turis
715 3677 998 3737 versetur,
1028 3674 1150 3728 etsi
1183 3674 1495 3744 quisquam
1516 3689 1801 3728 conservo
1835 3689 1942 3727 suo
1966 3672 2180 3738 faveat,

530 3760 680 3818 nihil
708 3761 845 3817 inde
870 3761 1160 3817 ineffabile
1185 3762 1464 3833 sequitur,
1499 3777 1604 3816 nec
1635 3762 1800 3833 quod
1827 3778 1933 3817 sua
1958 3760 2182 3817 incom-

526 3850 909 3924 prehensibili
924 3852 1142 3923 ditique
1164 3851 1474 3906 clementia
1496 3852 1569 3905 ad
1581 3851 1952 3906 mirationem
1966 3852 2178 3922 pariat.

527 3942 643 3996 Cur
680 3940 839 3996 enim
881 3939 1123 4006 mirum,
1167 3940 1258 3995 vel
1297 3956 1399 3995 cur
1437 3939 2032 4011 incomprehensibile
2085 3940 2175 4005 sit,

524 4028 603 4085 ab
632 4029 1127 4102 angelonaturam
1145 4029 1401 4085 hominis
1421 4029 1651 4084 assumi
1678 4029 1703 4083 ?
1735 4031 1985 4100 Uterque
2018 4028 2180 4085 enim

521 4134 844 4176 conservus
874 4124 981 4187 est,
1034 4127 1281 4191 uterque
1332 4118 1676 4173 mutationis
1727 4133 1919 4188 capax
1948 4137 1961 4176 :
1992 4133 2179 4189 quan-

520 4223 705 4279 quam
731 4207 879 4264 alter
906 4208 1154 4279 majore,
1190 4207 1334 4263 alter
1387 4208 1611 4263 minore
1653 4206 1904 4261 afﬁcitur
1926 4206 2173 4261 honore.

2303 1716 2550 1770 ἰικένωτον
2600 1722 2839 1792 ἔγνωμεν,
2873 1722 3025 1772 πόθεν
3069 1718 3129 1771 ἂν
3173 1720 3242 1782 εἰς
3289 1728 3484 1791 γνῶσιν
3523 1722 3655 1791 ἡμᾶς
3692 1720 3853 1791 ἀφῖκτο,

2302 1808 2331 1865 ἡ
2385 1815 2480 1869 τῆς
2533 1814 2650 1883 περὶ
2700 1811 2839 1880 ἡμᾶς
2891 1808 3051 1861 αὐτοῦ
3103 1814 3345 1883 προνοίας
3388 1814 3449 1861 τὸ
3499 1812 3702 1881 μέγεθος
3741 1808 3857 1880 ἔγνωι

2299 1898 2531 1970 ρίζομεν,
2580 1898 2623 1949 εἰ
2669 1895 2743 1949 δι’
2786 1897 2955 1973 ἐτέρου
2996 1902 3131 1959 τινὸς
3179 1895 3417 1949 ἐδικαίου
3465 1903 3555 1955 τήν
3597 1904 3755 1956 κοινὴν
3792 1905 3859 1949 τοῦ

2298 1990 2474 2056 γένους
2525 1991 2788 2061 σωτηρίαν
2834 1989 2971 2059 ἡμᾶς
3021 1984 3310 2054 δέξασθαι;
3341 1987 3420 2039 Οὐ
3468 1992 3641 2057 μέντοι
3682 2005 3735 2057 γε
3772 1983 3859 2041 οὐδ’

2300 2074 2577 2145 ἁγγελικῆς
2636 2079 2837 2148 φύσεως
2890 2075 3107 2148 ἐνεργεῖν
3155 2080 3213 2127 τὸ
3262 2076 3399 2148 μέγα
3444 2084 3597 2128 τοῦτο
3642 2081 3723 2128 καὶ
3759 2096 3863 2146 παγ-

2297 2167 2517 2235 κόσμιον
2564 2170 2854 2237 μυστήριον
2883 2186 2895 2198 ·
2931 2165 2978 2217 οἱ
3020 2167 3153 2217 κατὰ
3201 2167 3266 2216 τὰ
3309 2168 3429 2238 ὅρια
3479 2174 3577 2217 τῶν
3626 2167 3762 2217 ἐθνῶν
3793 2163 3866 2215 ἀνὰ

2297 2254 2515 2315 ἕκαστος
2585 2254 2753 2306 αὐτῶν
2808 2258 2899 2312 τὴν
2976 2253 3289 2306 ἐπιστασίαν
3361 2253 3736 2327 ἐκληρώσαντο,
3782 2251 3863 2303 ἀλλ’

2296 2341 2420 2413 οὐχὶ
2457 2350 2548 2393 τοῦ
2602 2345 2793 2403 παντὸς
2846 2347 3027 2413 γένους
3068 2348 3161 2400 τὴν
3205 2342 3520 2415 κυϐέρνησιν
3572 2344 3679 2412 (81)
3726 2346 3787 2414 μή
3827 2346 3866 2391 τί

2295 2448 2354 2500 γε
2406 2435 2498 2488 την
2557 2430 2846 2483 ἀνάπλασιν
2900 2430 3299 2489 ἐπιστεύθησαν.
3342 2431 3421 2483 Οὐ
3474 2437 3576 2503 μὴν
3626 2429 3722 2481 ἀλλ’
3769 2426 3867 2482 οὐδὲ

2296 2518 2463 2589 πολλῷ
2511 2519 2700 2591 μᾶλλον
2749 2518 3019 2593 ἀνθρώπου
3074 2520 3249 2591 ψιλοῦ,
3307 2520 3351 2572 εἰ
3400 2526 3493 2572 καὶ
3542 2528 3651 2581 ταῖς
3701 2518 3868 2593 ἀρεταῖς

2296 2613 2423 2679 πρὸς
2484 2613 2600 2669 τοὺς
2670 2608 2854 2671 ἄλλους
2931 2615 3068 2683 φέρει
3139 2614 3196 2661 τό
3272 2606 3551 2684 διάφορον,
3600 2609 3743 2683 Ὁρᾲν
3786 2612 3864 2679 γὰρ

2297 2698 2437 2748 ἔστιν
2520 2698 2688 2749 αὐτῶν
2772 2703 2890 2760 τοὺς
2975 2697 3412 2769 ἐπιφανεστάτους
3482 2698 3719 2757 πολλάκις
3783 2697 3868 2755 ἑνὸς

2298 2788 2467 2846 ἔθνους
2516 2784 2638 2839 οὐδὲ
2684 2792 2933 2859 μεγίστου
2984 2789 3499 2849 καταπιστευθέντας
3536 2784 3866 2857 παιδαγωγίαν

2296 2881 2385 2926 καὶ
2420 2875 2751 2949 κυϐέρνησιν,
2805 2880 2895 2928 καὶ
2953 2872 3077 2929 οὐδὲ
3148 2879 3341 2933 ταύτην
3403 2876 3686 2948 ἀμέμπτως
3736 2880 3869 2945 μέχρι

2295 2963 2466 3025 τέλους
2507 2963 2871 3026 έξανύσαντας.
2906 2969 3099 3017 Μωσέα
3142 2972 3249 3026 τοῖς
3286 2964 3592 3037 λογισμοῖς,
3624 2965 3668 3016 εἰ
3704 2963 3868 3035 βούλει,

2294 3052 2415 3105 λάϐε
2472 3058 2561 3105 καὶ
2611 3056 2696 3105 τὸν
2752 3054 2861 3124 μετ’
2916 3053 3101 3105 ἐκεῖνον
3151 3056 3381 3118 Ἰησοῦν,
3441 3059 3535 3106 καὶ
3586 3056 3698 3105 ὅσοι
3754 3051 3873 3104 ἄλλοι

2296 3146 2387 3200 τὴν
2445 3140 2755 3194 ἐπιστασίαν
2808 3138 2897 3194 τοῦ
2950 3144 3122 3202 ἔθνους
3167 3141 3631 3215 ἐνεχειρίσθησαν.
3685 3146 3776 3193 Ναὶ
3819 3136 3870 3195 δὲ

2294 3234 2418 3305 πρὸς
2466 3233 2668 3292 τούτοις
2723 3236 2812 3283 καὶ
2854 3234 2910 3283 τὸ
2967 3231 3243 3303 μέγλ.ιστον
3300 3240 3402 3283 τῶν
3456 3230 3559 3283 ἀνὰ
3609 3232 3763 3283 πάντα
3803 3231 3872 3280 τὸν

2294 3320 2456 3371 αἰῶνα
2505 3322 2820 3392 θαυμαστῶν
2872 3324 2960 3373 καὶ
3030 3323 3097 3381 ὡς
3166 3319 3370 3380 ἀληθῶς
3444 3322 3869 3394 ὑπερθαύμαστον,

2295 3410 2361 3469 εἰς
2441 3409 2689 3461 εὐτέλειαν
2756 3408 2816 3460 ἂν
2895 3414 2982 3461 καὶ
3062 3405 3212 3462 οὐδὲν
3294 3411 3478 3481 θαῦμα
3546 3412 3871 3483 παρεχομένην

2293 3498 2479 3571 πρᾶξιν
2528 3497 2776 3560 ἐξέπιπτε.
2828 3503 3057 3559 κτίσεως
3103 3501 3203 3570 γαρ
3253 3503 3429 3551 κτίσει
3482 3502 3759 3557 συνιούσης
3799 3502 3869 3547 καὶ

2294 3586 2800 3659 προσλαμϐανούσης
2838 3591 2895 3639 τὸ
2935 3584 3241 3659 ὁμόδουλον,
3276 3584 3431 3640 οὐδὲν
3464 3591 3587 3640 οὔτε
3619 3596 3711 3639 τῶν
3740 3583 3870 3659 ἁπορ-

2291 3676 2455 3750 ῥητων
2513 3681 2816 3748 παρέπεται,
2877 3679 2991 3728 οὔτε
3042 3678 3217 3748 θαῦμα
3277 3684 3349 3745 τῷ
3413 3675 3753 3746 ἀκαταλήπτῳ
3800 3679 3871 3724 καὶ

2293 3773 2364 3835 τῷ
2413 3765 2613 3835 πλούτῳ
2662 3773 2755 3827 τῆς
2803 3764 3189 3838 φιλανθρωπίας
3234 3770 3327 3823 την
3379 3765 3631 3827 ἔκπληξιν
3676 3765 3871 3837 παρεχό-

2293 3873 2457 3925 μενον.
2504 3859 2566 3905 Τί
2621 3857 2721 3928 γὰρ
2775 3853 2991 3924 οἱγγελον
3045 3855 3370 3926 θαυμαστὸν,
3418 3859 3467 3906 τί
3519 3851 3580 3907 δὲ
3631 3862 3724 3905 τῶν
3775 3851 3874 3905 ἀλέα

2292 3963 2450 4006 πτων,
2496 3941 2765 4017 ἀνθρώπου
2816 3946 2970 4014 φύσιν
3020 3944 3587 4015 προσοικειώσασθαι;
3631 3946 3874 4012 κτίσματι

2289 4034 2391 4105 γὰρ
2431 4034 2584 4104 ἄμφω
2635 4036 2723 4083 καὶ
2766 4028 3047 4102 ὁμόδουλοι
3094 4036 3184 4083 καὶ
3231 4040 3433 4102 τροπῆς
3478 4036 3776 4103 μετέχοντες
3806 4046 3814 4055 “
3842 4027 3874 4078 εἰ

2290 4126 2379 4172 καὶ
2427 4122 2451 4171 ὁ
2485 4123 2574 4192 μὲν
2620 4120 2831 4192 μᾶλλον,
2888 4122 2913 4171 ό
2962 4116 3019 4172 δὲ
3068 4124 3340 4192 τετίμηται
3394 4124 3453 4172 τό
3504 4121 3803 4173 ἐπέλαττον⁸
3839 4113 3871 4166 εἰ

2291 4206 2349 4261 δὲ
2392 4212 2605 4283 τρεπτόν
2652 4210 2904 4283 ἑκάτερος,
2937 4205 3131 4266 ἄδηλόν
3171 4208 3219 4279 γ’
3266 4210 3359 4271 ἕως
3405 4219 3500 4270 τῆς
3548 4208 3768 4268 ἑνώσεως
3804 4222 3876 4275 γε-

522 4299 727 4353 Utrum
753 4313 891 4353 vero
924 4305 1167 4370 uterque
1219 4295 1618 4352 convertibilis
1650 4296 1742 4364 sit,
1798 4295 2003 4351 lateret
2033 4312 2177 4351 sane

2295 4302 2596 4370 γενημένηςο
2627 4297 2669 4349 εἰ
2711 4303 2781 4370 μὴ
2834 4301 2958 4371 πρὸς
3012 4302 3105 4356 τὴν
3160 4296 3550 4372 ἐπικρατοῦσαν
3598 4299 3783 4371 τροπὴν
3825 4295 3871 4342 τό

524 4402 712 4459 usque
743 4387 821 4443 ad
848 4388 978 4458 conj
993 4387 1330 4442 unctionem
1361 4390 1661 4458 patratam
1689 4401 1702 4449 ;
1733 4384 1843 4439 nisi
1884 4384 2176 4440 adversus

521 4476 939 4546 praevalentem
971 4492 1109 4548 pars
1141 4476 1381 4531 inferior
1412 4474 1605 4530 eidem
1632 4473 1894 4530 obnoxia
1941 4474 2177 4529 lancem

520 4564 829 4623 inclinaret
859 4582 873 4633 ;
911 4564 996 4621 vel
1028 4564 1140 4620 nisi
1198 4563 1475 4621 nobiliori
1521 4564 1674 4635 parti
1705 4562 2053 4635 praevaleret
2082 4563 2177 4619 de-

522 4654 721 4711 terior.

593 4749 643 4799 5.
687 4744 802 4801 Sed
863 4743 1019 4800 enim
1076 4760 1292 4815 parum
1354 4743 1544 4799 abfuit
1603 4742 1750 4814 quin
1803 4741 2177 4798 obliviscerer

522 4848 712 4888 causas
732 4834 1086 4906 potissimm,
1113 4850 1213 4888 cur
1240 4834 1287 4887 si
1317 4832 1565 4900 angelus
1586 4838 1687 4887 aut
1710 4830 1962 4903 simplex
1991 4831 2174 4887 homo

518 4935 869 4994 recuperare
896 4939 1004 4977 nos
1031 4938 1067 4978 a
1091 4922 1260 4993 lapsu
1304 4921 1540 4976 molitus
1582 4925 1758 4983 esset,
1786 4935 2173 4992 nequaquam

519 5008 709 5065 salute
742 5010 854 5066 frui
891 5027 1204 5081 possemus
1235 5028 1246 5065 :
1276 5010 1500 5082 quippe
1533 5010 1675 5081 quia
1700 5008 2093 5080 pulcherrima
2119 5013 2176 5065 et

518 5099 949 5170 pretiosissima
978 5106 1030 5155 et
1059 5100 1343 5157 ineffabili
1375 5100 1564 5170 gloria
1604 5100 1937 5155 humanum
1985 5116 2174 5171 genus

518 5186 832 5243 excideret.
866 5190 1180 5253 Quomodo
1201 5189 1261 5245 id
1289 5189 1375 5245 vel
1400 5204 1585 5261 quam
1626 5189 1705 5244 ob
1735 5204 1984 5244 causam
2028 5188 2173 5261 quia

517 5274 737 5332 scilicet
756 5290 830 5331 ne
862 5276 1143 5333 accedere
1172 5276 1419 5349 quidem
1472 5276 1698 5333 nedum
1730 5276 2061 5349 pertingere
2092 5276 2171 5333 ad

2289 4386 2558 4440 ἐπέλαττον
2604 4387 2763 4447 αὐτῆς
2809 4390 3078 4459 μετασχὸν
3116 4385 3267 4438 λάϐοι
3311 4392 3407 4444 την
3442 4388 3643 4461 ῥοπὴν,
3683 4388 3710 4445 ἱ
3757 4386 3871 4452 εἴπερ

2288 4476 2536 4551 ἐπικρατή
2549 4495 2632 4529 σοι
2662 4484 2752 4528 τοι)
2791 4476 3015 4535 πλείονος
3046 4478 3103 4527 τὸ
3131 4474 3428 4532 ἐπέλαττον.

2359 4742 2411 4799 ι’.
2456 4741 2609 4795 Ἀλλὰ
2649 4745 2749 4816 γὰρ
2795 4749 2985 4815 μικροῦ
3032 4761 3096 4814 με
3135 4740 3396 4815 παρῆλθεν
3436 4742 3469 4799 ἠ
3529 4740 3678 4794 αἰτία
3720 4734 3787 4791 δι’
3821 4734 3869 4792 ὲν

2283 4831 2515 4904 μάλιστα
2577 4834 2713 4903 εἴπερ
2775 4831 2993 4902 ἄγγελος
3048 4832 3078 4889 ἡ
3139 4830 3292 4901 ψιλὸς
3366 4832 3651 4903 ἄνθρωπος
3700 4828 3870 4880 εινατῖὼ⁸

2287 4923 2479 4973 σασθαι
2522 4923 2655 4993 ἡμᾶς
2702 4928 2793 4973 τοῦ
2841 4926 3114 4993 πτώματος
3145 4917 3518 4993 προεϐέϐλητο,
3555 4920 3683 4991 οὐχὶ
3728 4934 3869 4969 σωτη-

2282 5015 2397 5083 ρίας
2453 5010 2642 5082 μᾶλλον
2715 5008 3063 5081 ἀπηλαύομεν,
3116 5008 3243 5060 ἀλλά
3294 5016 3384 5060 τοῦ
3462 5009 3750 5061 καλλίστου
3797 5008 3868 5056 καὶ

2280 5101 2599 5170 τιμιωτάτου
2630 5104 2719 5151 καὶ
2758 5108 2845 5159 τῆς
2893 5098 3248 5171 ἀνεκφράστου
3282 5093 3442 5159 δόξης
3488 5102 3551 5150 τό
3596 5101 3733 5168 γένος
3770 5110 3868 5144 κατ·

2282 5192 2480 5243 έπιπτε.
2533 5196 2650 5248 Πῶς
2698 5184 2757 5240 δε
2807 5192 2897 5240 καὶ
2946 5184 3039 5240 διὰ
3086 5190 3235 5239 ποίαν
3294 5186 3514 5253 αἰτίαν;
3570 5188 3742 5257 ὅτιπερ
3792 5180 3868 5233 οὐκ

2280 5274 2341 5337 ἦν
2369 5280 2493 5350 ἡμῖν
2524 5274 2745 5331 δυνατὸν
2771 5273 2893 5330 οὐδε
2937 5275 3096 5349 ἐγγὺς
3123 5281 3307 5348 τυχεῖν
3338 5276 3415 5338 οἷς
3460 5282 3558 5329 νῦν
3602 5282 3693 5328 τοῦ
3722 5278 3863 5341 Δογθυ

2084 5409 2313 5466 NOTAE.

591 5543 699 5606 (81)
731 5541 1003 5601 Notanda
1030 5548 1120 5599 est
1147 5543 1277 5598 haec
1300 5542 1486 5601 Photii
1516 5543 1591 5599 de
1609 5544 1955 5602 custodibus
1986 5544 2213 5616 angelis
2238 5543 2528 5602 doctrina.
