4026 6196
127 349 231 407 929

1161 348 1261 404 AD
1299 346 1858 406 AMPHILOCHIUM
1899 345 2226 415 QUIESTIO
2268 348 2484 408 CXCII.

3387 359 3494 415 930

130 477 483 548 σαρκωθέντος
567 472 886 548 έντρυφῶμεν
941 477 1030 525 καὶ
1075 471 1396 548 ἀπολαύομεν
1443 482 1544 527 τῶν
1600 475 1727 548 ὑπὲρ

1845 471 1940 528 illa
1979 473 2144 531 bona
2203 475 2424 544 liceret,
2456 476 2682 550 quibus
2714 492 2893 545 nunc,
2936 477 3133 535 Verbo
3159 480 3496 547 incarnato,

128 568 339 619 ἔννοιαν.
387 570 496 616 Ποῦ
543 565 644 636 γὰρ
692 562 722 620 ἣ
777 570 886 623 πῶς
933 563 994 614 ἄν
1044 571 1116 634 τῷ
1168 565 1399 638 ἡμετέρῳ
1444 568 1578 636 γένει
1627 562 1729 614 έκε-

125 656 382 730 χάριστο,
433 651 758 726 ἀνθρωπίνης
820 653 1016 722 φύσεως
1069 652 1099 711 ἣ
1163 651 1437 724 ἀγγελικῆς
1479 657 1572 711 την
1609 655 1724 722 περὶ

127 745 262 815 ημᾶς
313 741 608 814 οἰκονομίαν
661 742 1040 814 ύπερχομένης,
1103 740 1154 792 ἐν
1223 739 1372 812 δεξιᾷ
1431 749 1523 794 τοῦ
1594 746 1728 793 Θεοῦ

123 837 214 884 καὶ
265 834 468 904 Πατρός
522 827 830 906 ίδρυνθῆναι
902 834 988 880 καὶ
1062 831 1237 891 πάσης
1295 829 1566 901 ἀγγελικῆς
1638 833 1728 880 καὶ

125 919 472 995 ἀρχαγγὲλων
563 923 918 993 χοροωασίας
991 920 1227 993 ὑπεράνω
1299 921 1558 991 γενέσθαι,
1637 924 1726 969 καὶ

123 1019 284 1080 τιμῆς
311 1014 402 1061 καὶ
445 1005 600 1071 δόξης
643 1006 936 1060 ἀπολαῦσαι
965 1011 1223 1068 τοσαύτης
1260 1015 1348 1060 xui
1388 1008 1721 1075 τηλικαύτης,

124 1103 190 1161 ὡς
231 1103 324 1151 καὶ
362 1098 526 1150 αὐτῶν
555 1106 655 1149 τῶν
685 1098 789 1148 ἄνω
837 1093 1104 1169 δυνάμεων
1147 1102 1238 1150 καὶ
1288 1097 1552 1169 έγγυτάτω
1597 1103 1724 1151 Θεοῦ

123 1188 441 1249 ἑστηκότων,
477 1185 856 1258 ἐπιθυμούντων
910 1189 1000 1258 μεν
1044 1187 1111 1247 εἰς
1149 1191 1242 1246 τὴν
1274 1189 1525 1260 ἡμετέραν
1566 1184 1723 1249 δόξαν

123 1278 187 1338 ἧς
229 1273 326 1329 διὰ
381 1284 472 1328 τοῦ
516 1277 817 1348 φυράματος
872 1273 1192 1348 ἀπολαύομεν
1240 1275 1570 1348 παρακύψαι,
1618 1280 1726 1348 μεί-

127 1371 255 1429 ζονα
304 1362 366 1419 δὲ
415 1369 509 1424 τὴν
557 1367 833 1437 ἐπιτυχίαν
871 1373 959 1426 τῆς
1007 1365 1288 1438 ἐπιθυμίας
1339 1366 1722 1440 εύρισκόντων;

123 1459 337 1517 Ταύτης
395 1451 456 1508 δέ
503 1474 564 1526 γε
615 1463 710 1516 τῆς
765 1459 1022 1530 μακαρίας
1073 1460 1163 1506 καὶ
1219 1453 1576 1529 ἀνενφράστου
1638 1459 1726 1506 καὶ

123 1548 255 1617 ὑπὲρ
308 1547 502 1596 ἔννοιαν
565 1543 753 1606 λήξεως
821 1550 910 1595 τοῦ
985 1542 1306 1617 ἀνθρωπίνου
1381 1548 1556 1614 γένους
1638 1547 1726 1600 τὴν

126 1640 381 1708 στέρησιν
431 1635 790 1705 ὑπομένοντος,
840 1632 929 1684 άτε
982 1628 1050 1691 δὴ
1100 1629 1239 1704 μηδὲ
1295 1640 1385 1684 τοῦ
1427 1635 1727 1706 φυράματος

123 1726 276 1796 ἡμῶν
304 1719 379 1775 δι’
424 1721 747 1794 ἀνθρωπίνης
779 1725 808 1779 ἤ
863 1719 1139 1792 ἀγγελικῆς
1180 1721 1403 1783 ἑνώσεως
1433 1729 1522 1782 τῆς
1567 1717 1729 1783 δόξης

1839 560 2224 619 abundamus
2249 573 2430 638 atque
2455 566 2816 637 perfruimur
2831 581 3015 638 supra
3039 584 3219 639 quam
3249 569 3493 639 cogitari

1839 655 2045 720 potest.
2079 653 2334 718 Quando
2363 655 2522 710 enim
2571 659 2672 711 aut
2709 656 3018 728 quomodo
3051 661 3256 712 nostro
3296 659 3495 727 generi

1839 754 2190 797 concessum
2221 742 2450 810 fuisset;
2470 745 2517 799 si
2550 744 2819 801 humana
2849 750 3064 802 natura
3091 751 3196 802 aut
3224 747 3497 818 angelica

1836 827 2310 902 redemptionem
2338 838 2605 889 nostram
2635 835 3075 904 procurandam
3119 837 3493 908 sumpsisset,

1837 915 1895 971 in
1924 918 2022 972 Dei
2056 921 2355 992 Patrisque
2382 921 2624 977 dextera
2642 923 2932 988 collocari,
2965 940 3261 996 superque
3283 939 3496 980 omnes

1835 1006 2186 1076 angelorum
2261 1017 2436 1083 atque
2511 1012 3007 1081 archangelorum
3049 1013 3260 1070 choros
3336 1015 3506 1070 exal-

1837 1095 1944 1150 tari
1971 1097 2061 1164 “‘,
2115 1097 2334 1170 talique
2379 1104 2431 1154 et
2464 1106 2626 1155 tanta
2677 1100 2866 1170 gloria
2924 1101 3060 1167 frui,
3120 1108 3180 1157 ut
3226 1103 3363 1175 ipsa:
3404 1122 3501 1161 su.

1835 1199 2036 1254 pernae
2079 1186 2319 1242 virtutes
2349 1204 2484 1259 qum
2519 1191 2700 1244 Deum
2734 1189 3005 1261 proxime
3037 1189 3493 1259 circumsistunt,

1834 1271 2240 1330 desiderarent
2280 1277 2526 1347 quidem
2585 1277 2644 1332 in
2672 1283 2931 1334 nostram
2973 1279 3247 1349 gloriam,
3275 1298 3397 1355 qua
3436 1283 3497 1339 in

1835 1377 2012 1418 carne
2038 1363 2389 1432 frueremur,
2419 1367 2792 1438 prospicere;
2827 1367 2931 1423 sed
2954 1384 3077 1424 rem
3124 1373 3326 1426 tamen
3360 1377 3498 1428 voto

1836 1466 1945 1506 suo
2011 1454 2379 1524 superiorem
2439 1471 2565 1510 esse
2619 1457 2902 1512 sentirent
2937 1456 2966 1511 ?
3031 1459 3152 1529 Age
3198 1476 3339 1515 vero
3379 1460 3495 1516 hac

1838 1539 2011 1596 beata
2039 1549 2094 1596 et
2122 1543 2406 1599 ineffabili
2427 1560 2608 1615 supra
2634 1561 2817 1615 quam
2839 1545 3087 1614 cogitari
3114 1554 3308 1618 potest
3339 1555 3495 1606 sorte

1836 1629 2171 1686 humanum
2231 1647 2421 1701 genus
2453 1634 2501 1687 si
2547 1632 2754 1689 fuisset
2793 1635 3102 1690 exclusum
3135 1653 3148 1702 ;
3181 1653 3397 1709 nempe
3451 1638 3501 1693 si

1837 1733 1977 1773 caro
2000 1724 2228 1784 nostra,
2261 1727 2498 1793 propter
2525 1721 2807 1777 humanae
2839 1723 3242 1796 angeliczeque
3273 1732 3499 1782 natura:

125 1812 170 1864 ἐν
316 1820 405 1863 νῦν
457 1810 702 1882 ἐκλάμπει
775 1815 868 1869 τὴν
939 1809 1224 1862 ἀπόλαυσιν
1303 1810 1725 1885 προσειληφότος,

1845 1807 2344 1878 conjunctionem,
2377 1810 2626 1879 gloriam
2646 1811 2807 1866 illam
2839 1829 2961 1884 qua
2985 1828 3141 1868 nunc
3173 1813 3354 1883 fulget
3380 1830 3501 1871 non

123 1897 269 1973 μηδὶ
326 1903 451 1972 πρός
504 1904 598 1957 τὴν
647 1901 894 1956 τοιαύτην
941 1901 1086 1971 ἡμῶν
1138 1896 1536 1972 ἀναδραμόντων
1571 1900 1731 1970 ἰσχύν

122 1995 216 2042 καὶ
274 1990 458 2064 ῥώμην
499 1992 588 2041 καὶ
627 1996 721 2050 τῆς
747 1995 900 2060 τιμῆς
936 1992 994 2040 τό
1034 1987 1309 2061 ἐξαίρετον,
1350 1994 1465 2040 τίνα
1503 1991 1563 2040 οἷν
1603 2008 1731 2061 παρ-

123 2088 249 2138 ῆκεν
301 2080 329 2130 ό
379 2077 573 2150 ἐχθρός
627 2078 746 2130 καθ’
806 2079 950 2150 ἡμῶν
1007 2077 1196 2149 τόλμαν
1253 2094 1266 2144 ;
1320 2083 1464 2138 τίνας
1526 2074 1575 2129 δ’
1639 2078 1732 2129 οὐκ

121 2167 347 2220 ἀνεκίνει
425 2169 692 2239 μηχανὰς,
787 2163 860 2218 δι’
911 2166 978 2217 ὧν
1049 2166 1202 2218 πάλιν
1260 2163 1479 2228 ἐλπίδας
1533 2169 1732 2241 ἔτρεφεν

119 2259 437 2332 ὑποχείριον
489 2254 660 2308 λαϐεῖν
707 2259 765 2307 τό
825 2259 992 2326 γένος,
1045 2261 1135 2307 καὶ
1199 2257 1298 2307 ὑπό
1351 2260 1446 2313 τὴν
1503 2253 1732 2330 ἀρχαίαν

119 2346 284 2398 αὐτοῦ
343 2344 667 2398 καθελκύσαι
710 2341 997 2417 τυραννίδα
1064 2361 1079 2412 ;
1134 2347 1270 2397 κατὰ
1332 2350 1482 2396 τίνων
1535 2349 1624 2396 καὶ
1675 2348 1734 2396 τό

118 2438 314 2509 κράτος
348 2433 618 2486 ἀναλαϐεῖν
670 2433 764 2486 ούκ
807 2432 1056 2508 ἐπήρθη;
1104 2438 1194 2485 καὶ
1245 2437 1302 2486 τό
1353 2437 1600 2506 φρύαγμα
1645 2441 1735 2485 τοῦ

118 2529 384 2599 προτέρου
432 2524 610 2593 μεῖζον
655 2523 748 2574 ούκ
815 2519 1191 2588 έναπεδείκνυς
1244 2526 1333 2573 καὶ
1384 2526 1469 2574 τόν
1521 2523 1736 2594 οὐρανόν

120 2615 282 2666 αὐτόν
339 2612 786 2686 πολυπραγμονεῖν
837 2611 942 2683 ούχ
990 2614 1166 2682 ἠγεῖτο
1213 2611 1446 2684 τόλμανς
1481 2608 1575 2663 διά
1612 2619 1736 2682 γοῦν

118 2710 295 2755 ταῦτα
327 2707 423 2754 καὶ
459 2701 624 2754 πολλά
661 2707 896 2767 τοιαῦτα,
948 2702 1200 2772 θεοσόφως
1257 2701 1360 2770 ἄρα
1404 2705 1493 2752 καὶ
1535 2703 1738 2772 θεοπρε-

119 2802 236 2854 πῶς
295 2794 322 2843 ό
355 2798 448 2843 τοῦ
505 2795 629 2844 Θεοῦ
671 2795 840 2861 Λόγος
881 2795 969 2841 καὶ
1013 2791 1131 2851 Υἱός
1161 2795 1251 2842 καὶ
1304 2793 1434 2850 Θεός
1475 2788 1736 2854 ἀληθινός,

119 2886 214 2934 καὶ
251 2880 362 2952 ούχ
410 2879 577 2954 ἕτερός
616 2899 691 2940 τις
735 2880 856 2953 παρ’
908 2879 1086 2945 αύτόν,
1137 2883 1230 2938 τὴν
1280 2881 1531 2954 ἡμετέραν
1571 2898 1740 2953 προσ-

121 2972 356 3042 ειληφὼς
408 2972 580 3042 σάρκα
628 2973 722 3028 τὴν
772 2973 948 3027 κοινὴν
994 2975 1087 3020 τοῦ
1125 2973 1304 3040 γένους
1345 2973 1605 3042 σωτηρίαν
1637 2967 1739 3041 εἰρ-

119 3063 361 3132 γάσατο.

687 3207 1002 3256 ararum:
1040 3201 1184 3270 rse’.

116 3298 187 3348 Τί
248 3290 455 3351 δήποτε
507 3293 641 3344 κατά
691 3294 776 3343 τόν
817 3289 1089 3363 μέλλοντα
1137 3289 1298 3342 αἰῶνα
1338 3295 1523 3363 κριτὴς
1585 3294 1737 3362 μόνος

682 3362 951 3423 καθέζεται
981 3363 1006 3414 ό
1034 3363 1154 3423 Υἱός
1179 3378 1193 3428 ;

1838 1897 2046 1953 fuisset
2105 1897 2343 1970 adepta,
2406 1915 2599 1972 neque
2643 1901 2720 1956 ad
2770 1902 2877 1957 has
2929 1903 3080 1957 vires
3115 1909 3292 1974 atque
3325 1906 3504 1960 robur

1839 1988 2205 2058 honorisque
2232 1988 2469 2044 culmen
2497 2005 2606 2044 nos
2651 2007 2920 2045 essemus
2954 1992 3141 2046 evecti
3186 2008 3199 2057 ;
3242 2009 3496 2048 curnam

1836 2075 2109 2131 diabolus
2137 2077 2454 2132 audaciam
2480 2095 2655 2133 suam
2694 2079 2754 2133 in
2780 2095 2891 2134 nos
2917 2096 3034 2134 non
3077 2088 3440 2152 expromeret
3476 2081 3504 2136 τ

1837 2182 1990 2237 quas
2025 2166 2334 2222 machinas
2349 2184 2466 2223 non
2488 2174 2750 2224 moveret
2774 2169 2968 2240 iquas
2999 2171 3194 2225 adhuc
3224 2187 3358 2242 spes
3382 2187 3502 2227 non

1839 2256 2108 2319 nutriret,
2135 2257 2258 2312 fore
2291 2263 2353 2312 ut
2399 2259 2614 2313 iterum
2642 2273 2833 2330 genus
2865 2264 3133 2314 nostrum
3167 2259 3282 2314 sibi
3317 2260 3503 2330 subji-

1841 2351 2016 2411 ceret,
2050 2346 2343 2417 veterique
2380 2347 2678 2418 tyrannidi
2713 2347 3040 2403 vindicaret
3088 2348 3116 2402 τ
3158 2364 3340 2420 quem
3380 2365 3503 2405 non

1841 2434 2119 2506 potentiae
2146 2452 2272 2490 sum
2289 2436 2509 2490 viribus
2528 2441 2946 2508 attemperaret
2975 2439 3002 2492 ‘I
3017 2453 3134 2493 non
3159 2438 3504 2510 superbiam

1843 2524 2032 2595 priore
2069 2525 2360 2594 majorem
2389 2527 2694 2581 sumeret?
2723 2541 2866 2581 sane
2890 2542 2998 2581 nec
3030 2527 3141 2598 ipsi
3175 2527 3327 2582 cmlo
3366 2527 3506 2582 insi-

1843 2613 1993 2668 diari
2053 2613 2432 2669 temerarium
2485 2613 2596 2668 sibi
2638 2613 2922 2669 crederet.
2975 2615 3062 2670 0b
3116 2616 3244 2670 haec
3299 2621 3356 2671 et
3392 2616 3508 2671 alia

1844 2702 2255 2773 hujuscemodi
2313 2702 2584 2773 plurima,
2629 2703 3067 2774 sapientissime
3117 2705 3423 2760 enimvero
3454 2710 3510 2761 et

1845 2791 2403 2848 convenientissime
2466 2792 2562 2848 Dei
2615 2792 2874 2848 Verbum
2917 2796 2974 2847 et
3033 2793 3214 2848 Filius
3255 2800 3312 2849 et
3357 2797 3508 2848 Deus

1847 2896 2038 2945 verus,
2068 2896 2190 2935 non
2217 2880 2900 2964 aliusquispiam,carne
2921 2881 3030 2936 sibi
3057 2883 3280 2937 circum
3310 2882 3509 2954 posita

1847 2984 2232 3024 communem
2266 2969 2497 3040 generis
2531 2969 2783 3024 salutem
2839 2975 3117 3041 operatus
3147 2975 3253 3026 est.

1775 3199 1815 3255 C
1919 3199 2242 3266 QUIESTIO
2274 3199 2451 3255 CXCII
2485 3198 2690 3271 [CoisL
2722 3198 2941 3255 CCXXI.
2993 3201 3178 3257 Taur.
3210 3201 3432 3273 CCXII].

1851 3289 1971 3345 Cur
1989 3291 2052 3345 in
2079 3290 2290 3359 futuro
2306 3289 2518 3346 saeculo
2543 3291 2702 3346 solus
2737 3292 2928 3360 iudex
2960 3291 3153 3347 Filius
3183 3291 3382 3348 sedeat
3406 3293 3452 3327 ‘5
3477 3290 3506 3347 ?

1358 3486 1564 3536 Editaa
1593 3486 1730 3536 Maio
1767 3485 1820 3549 (ι.
1848 3499 1895 3536 c.
1946 3487 2036 3534 200
2077 3488 2231 3550 seq.).

194 3631 272 3687 σί.
333 3637 493 3684 Πᾶσα
544 3632 634 3702 μὲν
688 3625 1014 3704 δημιουργία
1064 3633 1151 3681 καὶ
1209 3633 1358 3680 πᾶσα
1417 3627 1621 3700 πρᾶξις,
1679 3626 1738 3686 ἢν

115 3723 354 3797 ἐνεργεῖν
385 3719 587 3790 λέγεται
626 3723 723 3792 μία
767 3727 864 3771 τῶν
902 3719 1240 3770 ύποστάσεων
1281 3725 1378 3768 τῶν
1424 3718 1737 3788 θεαρχικῶν,

114 3814 305 3864 κοινόν
363 3812 509 3884 ἔργον
582 3806 694 3860 ἐστὶ
769 3813 858 3859 καὶ
929 3815 1029 3859 τῶν
1101 3805 1283 3874 ἄλλων,
1367 3807 1466 3857 ὅσα
1541 3825 1600 3876 γε
1675 3805 1740 3866 εἰς

111 3907 223 3960 τὴν
286 3901 474 3972 ὁμοίαν
522 3903 766 3971 πρόνοιαν
822 3897 934 3962 ἧκε,
970 3899 1060 3946 καὶ
1118 3900 1176 3948 τό
1221 3904 1316 3957 τῆς
1353 3895 1591 3957 ἐξουσίας
1651 3900 1740 3947 καὶ

112 3991 462 4060 ἀγαθότητος
519 3985 910 4060 ἀπαράλλακτον
977 3989 1067 4036 καὶ
1126 3984 1311 4037 ἐνιαῖον
1376 3993 1470 4045 τῆς
1526 3982 1737 4056 βουλῆς·

109 4089 197 4150 τῷ
275 4075 337 4130 δέ
390 4096 448 4148 γε
496 4078 600 4147 Υἱῷ
674 4082 767 4136 τῆς
824 4073 1107 4146 μελλούσης
1179 4077 1396 4145 κρίσεως
1440 4071 1741 4145 ἀφορίζεται

109 4173 182 4221 τὸ
241 4165 456 4238 ἀξίωμα
501 4161 594 4216 διὰ
637 4163 828 4224 πολλάς
883 4167 973 4215 καὶ
1024 4164 1316 4236 θεοπρεπείς
1365 4160 1576 4224 ἐννοίας,
1636 4161 1742 4232 ούχ

107 4262 193 4320 ὡς
259 4255 570 4328 ἀφεστώτων
629 4260 720 4305 τοῦ
793 4255 991 4327 Πατρός
1063 4255 1093 4308 ἧ
1153 4258 1243 4302 τοῦ
1305 4253 1593 4322 Πνεύματος
1649 4257 1742 4310 τῆς

113 4349 435 4417 συνεργίας,
488 4347 576 4396 τόν
630 4338 690 4394 δε
731 4344 850 4395 Υἱόν
897 4345 1074 4415 κρίσιν
1126 4335 1500 4412 ἀναδεξάμενον
1552 4341 1742 4398 ταύτης

107 4441 283 4508 ἔχειν
340 4439 434 4491 τὴν
500 4435 797 4505 ἡγεμονίαν
857 4438 1056 4504 πρῶτον
1103 4433 1192 4500 μὲν
1237 4425 1377 4481 διότι
1423 4430 1743 4500 Δημιουργός

104 4530 222 4578 καὶ
275 4523 543 4594 οἰκονόμος
589 4523 740 4580 αύτός
781 4519 982 4591 λέγεται
1018 4527 1117 4570 τῶν
1161 4537 1214 4570 τε
1264 4516 1758 4591 δημιουργημάτων,

107 4617 154 4668 ἆ
222 4612 347 4666 κατ’
403 4610 576 4686 ἀρχὰς
622 4610 679 4662 ἐκ
729 4613 799 4682 μὴ
857 4609 1012 4660 ὄντων
1069 4609 1290 4673 ὑπέστη,
1343 4612 1432 4658 καὶ
1484 4613 1577 4667 τῆς
1616 4607 1745 4678 μετά

1920 3629 1970 3683 1.
2017 3627 2246 3684 Creatio
2285 3627 2482 3683 omnis
2531 3632 2712 3701 atque
2768 3630 2942 3700 actio,
3009 3647 3194 3703 quam
3247 3646 3510 3688 exserere

1848 3717 2062 3773 dicitur
2081 3716 2422 3773 divinarum
2438 3733 2830 3788 personarum
2848 3735 2988 3789 una,
3013 3736 3334 3776 commune
3357 3737 3510 3793 opus

1849 3811 2194 3862 caeterarum
2235 3810 2339 3874 est,
2374 3806 2517 3878 quia
2571 3807 2843 3864 videlicet
2881 3808 2958 3864 ad
2999 3810 3275 3865 eamdem
3318 3811 3508 3880 provi-

1848 3894 2114 3950 dentiam
2143 3899 2390 3966 spectat,
2426 3900 2604 3968 atque
2630 3912 2696 3952 ex
2721 3896 2934 3952 eodem
2975 3899 3302 3970 potestatis,
3347 3898 3512 3955 boni-

1849 3985 1982 4040 tatis
2003 3990 2183 4056 atque
2245 3983 2471 4040 consilii
2511 3988 2670 4040 certo
2712 3991 2767 4039 et
2800 3985 2974 4042 unico
3014 3985 3173 4043 fonte
3226 3988 3508 4058 procedit.

1851 4072 2139 4128 Czeterum
2178 4073 2322 4128 Filio
2375 4073 2551 4128 futuri
2585 4073 2796 4145 judicii
2849 4074 3108 4145 dignitas
3169 4076 3387 4132 multas
3432 4076 3511 4131 ob

1850 4178 2063 4218 causas
2098 4177 2518 4234 congruasque
2547 4163 2842 4229 tribuitur,
2873 4179 2992 4218 non
3017 4169 3215 4219 tamen
3233 4164 3376 4236 quia
3404 4165 3515 4220 Pa-

1853 4256 1934 4306 ter
1989 4255 2044 4306 et
2089 4250 2338 4321 Spiritus
2381 4266 2418 4306 a
2479 4252 2754 4306 societate
2815 4251 3014 4322 operis
3063 4252 3281 4308 absint.
3333 4251 3511 4308 Filius

1852 4343 2054 4396 autem
2093 4339 2494 4412 principatum
2542 4340 2724 4409 hujus
2785 4341 2981 4412 operis
3036 4345 3208 4407 tenet,
3249 4341 3510 4412 primum

1851 4429 1996 4502 quia
2035 4433 2273 4485 Creator
2329 4428 2886 4502 administratorque
2923 4428 3139 4485 dicitur
3177 4435 3514 4486 creatarum

1851 4533 2071 4583 rerum,
2095 4532 2250 4589 quas
2281 4517 2446 4572 initio
2472 4533 2502 4572 e
2531 4516 2715 4573 nihilo
2732 4517 2929 4574 eduxit
2961 4518 3138 4583 ;item
3174 4519 3317 4590 quia
3338 4534 3513 4590 gene-

1853 4606 1931 4662 ris
1959 4605 2212 4661 humani
2243 4610 2380 4675 post
2408 4605 2645 4677 lapsum
2677 4607 3005 4662 renovandi
3026 4606 3514 4679 instaurandique

105 4710 232 4762 τήν
299 4697 582 4772 συντριϐἠν
646 4705 739 4752 τοῦ
821 4695 1144 4772 ἀνθρωπίνου
1195 4700 1370 4767 γένους
1424 4693 1736 4755 ἀνανεώσεως

1853 4701 2059 4751 auctor
2087 4694 2328 4751 exstitit.
2372 4697 2521 4764 Ergo
2559 4695 2888 4767 Oportebat,
2934 4696 3037 4768 qui
3074 4699 3408 4752 Creatorem
3451 4712 3515 4752 se

107 4813 180 4846 τε
224 4794 324 4843 καὶ
377 4787 723 4848 ἀναπλάσεως.
753 4783 901 4840 Ἔδει
941 4782 1000 4838 δε
1029 4787 1132 4860 ἄρα
1171 4785 1224 4846 ὃς
1269 4789 1361 4842 τὴν
1393 4779 1744 4856 δημιουργίαν

104 4887 227 4934 καὶ
284 4882 528 4954 πρόνοιαν
577 4885 668 4938 τῆς
716 4875 1005 4949 ἀνθρώπων
1063 4877 1259 4947 φύσεως
1316 4875 1432 4925 καθ’
1505 4871 1744 4945 ἑκατέραν

103 4971 466 5046 προαγωγὴν
518 4963 811 5032 ἀνεδέξατο,
878 4972 1060 5018 τοῦτον
1143 4963 1320 5023 αὐτοῖς
1393 4967 1481 5014 καὶ
1562 4966 1744 5035 κριτὴν

1853 4785 2382 4858 providentemque
2422 4783 2706 4839 humanae
2767 4790 2993 4840 naturae
3048 4790 3298 4858 utroque
3338 4801 3516 4857 opere

1851 4873 2220 4935 exhibuerat,
2265 4873 2426 4928 hunc
2456 4875 2506 4928 ei
2534 4873 2796 4944 judicem
2829 4889 3071 4946 quoque
3098 4873 3247 4930 dari.
3291 4874 3515 4930 Etenim

1852 4963 2130 5019 creationi
2190 4978 2393 5018 comes
2445 4966 2622 5033 atque
2660 4961 2948 5034 implicita
2975 4969 3062 5018 est
3103 4963 3469 5035 providentia
3501 4981 3515 5019 :

1853 5052 2293 5125 providentiam
2335 5050 2720 5122 consequitur
2760 5051 3049 5122 judicatio
3078 5053 3518 5125 exploratioque

1855 5157 2062 5198 earum
2093 5131 2290 5196 rerum
2313 5141 2528 5213 quibus
2559 5139 2920 5211 providetur.
2950 5143 3142 5206 Quare
3175 5149 3310 5215 apte
3331 5143 3519 5212 juste-

1855 5246 1971 5304 que
2019 5231 2105 5286 cui
2141 5231 2359 5285 creatio
2401 5229 2828 5301 renovatioque
2878 5236 3120 5304 accepta
3170 5232 3372 5298 fertur,
3443 5229 3520 5286 ad

1857 5336 1992 5376 eum
2022 5318 2317 5390 judicium
2349 5333 2592 5390 quoque
2649 5318 2733 5374 rei
2774 5318 2945 5375 facta:
2991 5321 3258 5377 refertur.
3297 5321 3520 5377 Deinde

1859 5410 1908 5464 si
1946 5408 2299 5477 legislatoris
2319 5407 2584 5463 ofﬁcium
2624 5413 2711 5464 est
2747 5409 3012 5480 judicare
3038 5426 3141 5466 eos
3179 5411 3399 5483 quibus
3433 5425 3519 5464 se-

1859 5494 2125 5550 cundum
2159 5493 2409 5565 gratiam
2432 5491 2627 5548 vivere
2664 5493 3017 5551 mandatum
3050 5495 3155 5550 fuit
3185 5497 3395 5566 (genus
3434 5495 3521 5550 in-

1860 5581 2052 5654 tellige
2078 5583 2437 5646 humanum)
2465 5598 2478 5648 ;
2533 5582 2838 5655 legislator
2865 5591 3067 5642 autem
3095 5587 3236 5641 novi
3285 5583 3522 5640 hederis

100 5059 485 5113 καθεστάναι·
543 5059 821 5128 συνέχεται
896 5056 998 5126 γὰρ
1051 5057 1142 5105 καὶ
1205 5048 1634 5104 συνδιαπλέκεται
1681 5058 1741 5122 τῇ

103 5149 477 5221 δημιουργίᾳ
539 5149 627 5218 μὲν
667 5146 697 5202 ἡ
757 5148 992 5217 πρόνοια,
1060 5149 1122 5213 τῇ
1173 5145 1390 5215 προνοίᾳ
1435 5137 1494 5192 δε
1553 5141 1582 5198 ἡ
1648 5148 1746 5192 τῶν

97 5239 536 5315 προνοουμένων
600 5238 772 5307 κρίσις
829 5237 917 5284 καὶ
978 5231 1224 5294 ἐξέτασις.
1291 5237 1474 5302 Διόπερ
1530 5229 1748 5300 εὐλόγως

101 5349 182 5383 τε
233 5330 328 5379 καὶ
369 5319 584 5384 δικαίως
707 5325 766 5374 τό
806 5321 1001 5382 κτίζειν
1044 5323 1129 5371 xui
1175 5317 1522 5379 ἀνακαινίζειν
1563 5317 1750 5391 πρᾶξις

99 5423 346 5493 γέγονε,
399 5416 525 5486 πρὸς
572 5419 752 5464 τοῦτον
798 5415 888 5463 καὶ
941 5414 1034 5468 τὴν
1087 5412 1261 5484 κρίσιν
1309 5414 1400 5460 τοῦ
1451 5407 1751 5479 πλάσματος

101 5503 516 5578 ἀναφέρεσθαι·
579 5497 816 5575 δεύτερον
876 5494 953 5565 δε,
1002 5499 1045 5551 εἰ
1081 5499 1359 5571 νομοθέτου
1413 5499 1644 5570 μάλιστα
1693 5499 1750 5548 τό

95 5601 337 5673 χρὶνειν
376 5596 493 5653 τούς
530 5591 607 5654 οἷς
644 5593 781 5644 κατά
815 5591 977 5664 χάριν
1017 5587 1358 5662 ἐνομοθετήθη
1392 5587 1753 5640 πολιτεύεσθαι

217 5742 233 5756 ’
266 5741 314 5774 ⁸⁸
346 5739 370 5794 Ι
397 5738 551 5794 Petr.
584 5752 622 5800 ι,
664 5735 755 5800 12,
787 5735 834 5770 ⁸⁵
867 5737 989 5789 Act.
1049 5749 1109 5803 x,
1153 5735 1245 5787 42.

448 5838 695 5894 Ρετιιοι.
738 5832 846 5889 Gn.
892 5832 976 5889 CI.

3115 5826 3183 5882 30
