4026 6196
563 308 662 364 931

1770 302 2006 359 PHOTII
2049 302 2538 362 PATRIARCHIE
2578 304 2695 367 (ΣΡ.
3746 311 3815 367 93?.

563 431 900 503 praecipuus
928 428 1103 485 Filius
1134 431 1242 496 est,
1289 427 1523 483 etiamsi
1562 427 1743 485 Patris
1781 428 2055 484 voluntas
2076 444 2200 484 cum

2327 432 2499 501 (τοῦτο
2541 428 2601 483 δέ
2644 431 2759 483 ἐστι
2797 433 2855 483 τὸ
2881 434 3026 501 γένος
3072 432 3130 483 τό
3170 428 3523 503 ἀνθρώπινον),
3549 434 3820 502 νομοθέτηςῇ

562 536 632 576 eo
663 525 961 591 operatur,
999 534 1189 589 neque
1225 517 1413 573 sancti
1449 518 1696 588 Spiritus
1728 518 1979 573 societas
2027 518 2214 587 deest,

559 614 713 665 recte
746 608 922 662 Filius
946 607 1448 662 demandatarum
1482 623 1678 661 rerum
1700 606 1885 677 judex
1907 607 2213 661 constitui-

560 704 671 752 tur.
710 702 959 768 Insuper
997 696 1140 767 quia
1166 696 1433 751 humana
1466 711 1643 751 carne
1676 694 1792 751 sibi
1816 695 2214 762 circumdata,

556 786 1029 858 experimentum
1070 785 1353 839 humanas
1392 789 1617 840 naturae
1648 783 1824 855 cepit,
1874 783 2217 855 duplicique

556 882 859 946 gestarum
899 890 1098 930 rerum
1129 874 1337 929 notitia
1367 889 1426 928 se
1465 873 1697 929 imbuit.
1740 873 1833 929 Sic
1881 872 1997 928 fere
2037 873 2214 927 divus

556 965 837 1026 Paulus"6
853 964 1081 1028 clamat,
1099 962 1551 1018 misericordiam
1567 963 1615 1032 ej
1629 979 1695 1017 us
1708 978 1849 1031 erga
1873 978 1973 1016 nos
2017 962 2217 1033 propi-

554 1054 969 1124 tiationemque
996 1068 1105 1124 pro
1130 1052 1299 1107 nobis
1324 1051 1756 1107 commendans
1794 1068 1806 1104 :
1842 1051 2131 1122 quoniam
2158 1049 2212 1104 in

554 1142 645 1208 iis,
675 1159 807 1214 quae
831 1143 956 1213 ipse
979 1157 1194 1213 passus
1235 1146 1341 1205 est,
1377 1144 1651 1205 tentatus,
1689 1155 1867 1209 Opem
1894 1140 2043 1193 ferre
2082 1144 2213 1194 ten-

554 1233 689 1287 tatis
730 1236 941 1302 potest.
970 1234 1050 1285 Ne
1071 1230 1197 1285 haec
1235 1229 1502 1293 quidem,
1555 1230 1828 1300 inquam,
1862 1228 2008 1283 ratio
2059 1244 2093 1283 a
2118 1227 2216 1297 pia

552 1320 1021 1377 consideratione
1057 1319 1356 1374 abhorret.
1391 1318 1503 1373 Sed
1539 1334 1735 1389 neque
1765 1333 1857 1383 ea,
1889 1333 2075 1389 quam
2108 1318 2214 1372 ad-

550 1410 713 1476 dam,
738 1410 987 1465 fortasse
1023 1408 1281 1463 absurda
1312 1407 1567 1479 cogitatu
1600 1406 1893 1461 videbitur
1922 1422 1934 1460 :
1998 1422 2215 1477 nempe

551 1500 693 1571 quia
724 1514 784 1553 se
814 1498 1001 1554 Filius
1048 1498 1124 1553 ad
1160 1504 1278 1552 tam
1312 1495 1677 1551 ineffabilem
1708 1494 2217 1566 inexplicabilem.

548 1605 664 1662 que
695 1589 1094 1644 humilitatem
1145 1584 1458 1657 depressit,
1494 1585 1639 1639 dum
1695 1584 1949 1639 similem
2002 1590 2219 1639 nostra;

549 1694 792 1733 carnem
833 1675 1307 1745 sanguinemque
1337 1673 1667 1745 adoptavit,
1700 1673 1921 1727 idcirco
1957 1673 2214 1728 universi

2326 520 2559 591 μάλιστα
2576 528 2669 580 τῆς
2698 526 2891 580 Καινῆς
2922 522 3185 581 mea“;
3215 520 3239 570 ὁ
3269 520 3408 583 Υἱὸς,
3442 519 3482 570 εὶ
3509 524 3587 571 καὶ
3609 529 3824 595 migrans:-

2325 618 2423 671 κῆς
2450 608 2646 680 βουλῆς
2675 614 2764 661 καὶ
2787 613 3062 683 συνεργίας
3104 614 3194 660 καὶ
3224 616 3315 660 τοῦ
3349 613 3586 678 παναγίου
3610 614 3824 679 “ariam;

2326 701 2355 755 ἡ
2399 699 2638 750 κοινωνία
2666 703 2737 769 μὴ
2773 694 3139 769 διασχίςοιτο,
3172 697 3381 758 εἰκότως
3418 699 3442 747 ό
3474 700 3580 757 Tir);
3601 704 3827 769 κριτὴςτᾱίι

2326 790 2766 859 νομοθετουμένων
2817 789 3155 841 καθίσταται.
3200 786 3262 841 Εἰ
3300 783 3359 838 δε
3398 791 3484 837 καὶ
3528 782 3650 837 διότι
3685 791 3730 838 τό
3770 787 3827 838 ἀν-

2330 878 2578 948 θρωπινον
2655 879 2868 950 φύραμα
2923 874 3289 948 προσελάϐετο,
3348 873 3443 928 διὰ
3482 880 3645 948 πείρας
3688 894 3728 927 τε
3768 886 3832 937 τῆς

2328 964 2652 1039 ἀνθρωπίνης
2698 968 2898 1036 φύσεως
2944 969 3195 1030 κατέστη,
3248 968 3339 1016 καὶ
3396 961 3573 1022 διπλῆν
3632 968 3706 1021 τὴν
3754 972 3831 1034 περὶ

2325 1063 2423 1106 τῶν
2487 1058 2794 1126 κρινομένων
2861 1052 3118 1112 ἐκτήσατο
3179 1062 3395 1124 γνῶσιν·
3468 1056 3533 1112 ὡς
3588 1072 3670 1104 που
3713 1056 3833 1105 καὶὸ

2328 1146 2460 1205 θεῖος
2492 1142 2688 1203 Παῦλος
2728 1142 2851 1215 βοᾷ,
2893 1147 2979 1195 τὸν
3025 1148 3143 1215 περὶ
3176 1145 3314 1215 ἡμᾶς
3358 1142 3489 1194 ἔλεον
3516 1142 3655 1194 αὐτοῦ
3682 1148 3751 1193 καί
3778 1149 3836 1194 τόν

2325 1233 2450 1305 ὑπὲρ
2509 1234 2653 1304 ἡμῶν
2715 1232 2934 1304 ἱλασμὸν
2980 1232 3273 1304 ὑμνολογὼν
3532 1234 3621 1303 γὰρ
3658 1234 3836 1283 πέπονθεν

2326 1322 2473 1381 αὐτὸς
2526 1325 2835 1395 πειρασθεὶς,
2897 1319 3117 1375 δύναται
3185 1330 3293 1384 τοίς
3348 1323 3705 1393 πειραζομένοις
3741 1321 3838 1392 βοε-

2329 1413 2531 1481 θῆσαι)·
2575 1409 2699 1464 οὐδὲ
2755 1411 2895 1464 τοῦτ’
2936 1411 2994 1463 ἂν
3032 1414 3108 1469 εἴη
3144 1412 3318 1485 πόρρω
3364 1412 3573 1483 Θεωρίας
3618 1411 3835 1471 θεοσεϐοῦς·

2326 1502 2451 1560 ἴσως
2500 1496 2549 1551 δ’
2599 1500 2692 1552 οῦκ
2743 1498 2954 1560 ἀπεικός
2982 1505 3068 1552 καὶ
3117 1508 3267 1552 τοῦτο
3300 1499 3623 1570 λογίσασθαι,
3658 1502 3713 1559 ὡς
3746 1497 3839 1550 ἔπεια

2329 1586 2495 1662 δήπερ
2549 1588 2885 1642 ἐταπείνωσεν
2936 1590 3118 1642 ἑαυτὸν
3171 1590 3196 1640 ὀ
3246 1591 3366 1649 Υἱός
3424 1588 3495 1648 εἰς
3542 1590 3761 1661 ἄφραστον
3806 1606 3840 1636 τε

2326 1683 2414 1729 καὶ
2473 1675 2850 1750 ἀνεκδιήγητον
2906 1682 3235 1745 ταπείνωσιν,
3288 1681 3484 1751 σαρκός
3544 1676 3845 1748 παραπλησίως

548 1766 711 1821 orbis
739 1764 1034 1834 judicium
1063 1763 1256 1819 eidem
1301 1762 1569 1828 traditur,
1602 1778 1719 1834 quo
1750 1777 1820 1816 ex
1846 1760 1945 1816 illa
1982 1761 2200 1816 humili

2327 1767 2449 1836 ἡμῖν
2502 1774 2788 1838 μετασχεῖν
2832 1772 2921 1818 καὶ
2980 1768 3213 1839 αἵματος,
3278 1767 3308 1823 ἡ
3379 1774 3471 1818 τοῦ
3525 1769 3688 1825 παντὸς
3722 1770 3844 1837 χρίσις

551 1861 665 1911 tate
696 1859 860 1910 tanta
907 1852 1212 1917 exaltetur,
1262 1868 1331 1907 ac
1391 1850 1711 1906 divinitatis
1768 1850 1900 1922 ejus
1950 1850 2214 1920 dignitas

550 1943 999 2015 depraadicetur.
1034 1941 1336 1997 Praedictis
1378 1940 1638 2012 denique
1669 1943 1864 1996 causis
1896 1940 2062 1995 haud
2126 1956 2209 1994 se-

548 2036 819 2107 quiorem
847 2032 990 2089 audi
1026 2032 1225 2087 hanc:
1260 2030 1758 2102 quandoquidem
1788 2029 1848 2084 in
1893 2029 2212 2085 universali

545 2122 972 2180 resurrectione
1025 2121 1190 2177 haud
1254 2120 1435 2175 nudae
1470 2119 1689 2175 animae
1715 2118 1820 2173 sed
1859 2118 2211 2190 corporibus

548 2215 673 2269 suis
705 2212 999 2283 copulatae
1032 2215 1360 2279 resurgent,
1386 2214 1565 2281 atque
1582 2209 1663 2264 ita
1684 2206 1963 2263 tribunali
1972 2207 2205 2278 judica-

547 2309 678 2359 turo
712 2303 1013 2367 sistentur,
1043 2304 1224 2370 atque
1264 2299 1376 2354 hoc
1420 2312 1689 2369 personze
1732 2297 1942 2352 habitu
1978 2301 2208 2352 senten-

546 2392 690 2448 tiam
752 2391 957 2462 judicii
1017 2389 1309 2453 referent;
1354 2403 1598 2459 prorsus
1657 2386 1919 2458 oportuit
1969 2386 2205 2443 illarum

544 2496 785 2551 quoque
813 2479 1073 2550 judicem
1102 2479 1161 2533 in
1201 2478 1311 2532 hac
1341 2476 1535 2545 ﬁgura
1578 2476 1676 2546 jus
1715 2476 1909 2531 dicere
1970 2492 1984 2542 ;
2032 2476 2115 2532 ita
2147 2482 2207 2531 ut

538 2568 790 2641 judicati
817 2567 1092 2623 homines
1143 2566 1517 2636 judicantem
1549 2579 1790 2620 cernere
1840 2564 2066 2635 possint
2096 2584 2108 2633 ;
2144 2571 2205 2620 ut

546 2672 650 2729 per
688 2656 926 2725 cognita
948 2655 1059 2709 illis
1098 2654 1281 2709 verba
1332 2653 1625 2724 judicium
1660 2658 2021 2718 exerceatur,
2072 2670 2201 2708 seno

545 2746 859 2816 tentiaaque
888 2742 1100 2799 notitia
1130 2743 1207 2798 ad
1229 2743 1613 2814 prensantium
1645 2757 1820 2797 aures
1853 2747 2201 2813 mentesque

541 2834 873 2890 clarissima
902 2833 1218 2889 deferatur.
1258 2832 1436 2887 Porro
1468 2831 1725 2900 ﬁguram
1757 2836 2026 2886 nostram
2053 2831 2199 2886 nulli

542 2924 883 2980 divinarum
916 2938 1336 2996 personarum,
1370 2925 1584 2994 praeter
1614 2936 1803 2994 quam
1842 2920 2006 2987 Filio,
2044 2937 2203 2979 com-

542 3030 789 3071 munem
823 3030 954 3071 esse
998 3013 1239 3069 scimus.

613 3313 940 3381 QUIESTIO
975 3310 1386 3384 CXCIII(Coisl.
1405 3310 1652 3375 ccxxn,
1674 3311 1853 3367 Taur.
1882 3310 2123 3381 CCXIII].

2324 1855 2461 1926 αὐτῷ
2503 1859 2866 1930 παρατίθεται,
2948 1864 3035 1917 τῆς
3114 1854 3308 1917 πολλῆς
3380 1854 3572 1915 ἐκείνης
3639 1853 3848 1923 iouia-ica

2321 1950 2694 2010 ταπεινώσεως,
2778 1951 2867 1997 καὶ
2916 1949 2975 1997 τό
3038 1947 3174 1997 κατὰ
3233 1948 3320 2003 τὴν
3391 1946 3601 2002 θεότητα
3658 1943 3847 2015 λαμπρῶς

2322 2032 2525 2105 ἀξίωμα
2572 2031 2975 2106 διαγγέλλουσα
3019 2040 3107 2086 καὶ
3145 2038 3205 2085 τό
3258 2053 3314 2105 γε
3370 2042 3470 2085 τῶν
3530 2033 3766 2107 εἰρημένων
3788 2030 3847 2081 οὐ·

2321 2118 2466 2184 δενός
2517 2123 2746 2190 ἔλαττον,
2801 2120 3074 2195 ἐπειδήπερ
3120 2126 3256 2175 κατὰ
3283 2127 3376 2180 τὴν
3422 2128 3721 2193 παγκόσμιον
3764 2119 3848 2170 imi-

2320 2231 2506 2264 στασιν
2533 2213 2589 2264 οῦ
2621 2212 2801 2285 ψυχαὶ
2840 2218 3054 2285 γυμναὶ,
3092 2216 3451 2283 συνηνωμέναι
3480 2208 3536 2264 δε
3570 2218 3667 2272 τοῖς
3692 2209 3851 2268 οἰκείοις

2319 2307 2528 2373 σώμασι
2584 2311 2893 2354 κοινωνοῦσι
2947 2310 3039 2363 τῆς
3101 2301 3460 2371 ἀναστάσεως,
3524 2305 3602 2353 καὶ
3654 2301 3763 2352 οὕτω
3799 2306 3849 2367 τῷ

2312 2398 2406 2451 τῆς
2476 2396 2699 2465 κρίσεως
2770 2396 3117 2463 παρίστανται
3177 2390 3398 2463 βήματι,
3461 2396 3548 2442 καὶ
3594 2392 3637 2441 ἐν
3683 2392 3847 2457 τοιαύτῃ

2313 2482 2639 2532 καταστάσιι
2700 2488 2792 2533 τοῦ
2849 2485 3200 2554 συγκρίματος
3245 2484 3338 2537 τὴν
3398 2477 3550 2536 δίκην
3599 2481 3849 2549 ὑπέχουσιν,

2313 2564 2420 2620 ἔδει
2448 2572 2652 2630 πάντως
2696 2570 2864 2621 αὐτῶν
2903 2574 2988 2621 καὶ
3039 2572 3125 2621 τὸν
3173 2574 3354 2641 κριτὴν
3397 2568 3446 2620 ἐν
3484 2571 3679 2638 τοιαύτῃ
3719 2572 3845 2638 happy}

2312 2658 2748 2728 προκαθέζεσθαιο
2828 2662 2891 2719 ὡς
2960 2660 3021 2710 οἶν
3110 2663 3199 2710 καὶ
3267 2666 3378 2719 τοῖς
3464 2660 3744 2731 κρινοβυοις
3795 2657 3848 2708 εἴη

2314 2742 2576 2798 δύνασθαι
2612 2750 2698 2799 τὸν
2750 2751 2991 2819 κρίνοντα
3042 2749 3188 2819 ὀρᾲν,
3237 2753 3324 2798 καὶ
3354 2751 3453 2804 τὴν
3487 2753 3649 2819 κρίσιν
3677 2742 3753 2795 διὰ
3778 2751 3848 2793 τῶν

2312 2833 2638 2906 ἐγνωσμένων
2724 2836 2894 2897 αὐτοῖς
2969 2838 3215 2911 ῥημάτων
3275 2841 3366 2888 καὶ
3424 2835 3739 2910 προάγεσθαι,
3787 2836 3848 2881 καὶ

2311 2928 2404 2982 τὴν
2434 2933 2533 2975 τῶν
2589 2926 2853 2999 χριμάτων
2910 2934 3102 2995 γνῶσιν
3154 2925 3224 2987 εἰς
3264 2928 3321 2977 τὸ
3377 2930 3682 2997 σαφέστατον
3716 2921 3852 2972 ἀκοαῖς

2312 3030 2364 3063 τε
2405 3016 2493 3063 καὶ
2524 3020 2638 3073 ταῖς
2670 3010 2943 3074 διανοίαις’
2978 3019 3071 3072 τὴν
3108 3011 3167 3066 δέ
3208 3033 3267 3084 γε
3298 3020 3503 3087 μορφὴν
3541 3017 3626 3071 τήν
3654 3014 3849 3083 ἡμετέραν

2242 3126 2280 3180 C
2312 3096 2534 3171 οὐδεμιᾷ
2589 3110 2687 3152 τῶν
2749 3104 3020 3177 ὑπερφυῶν
3082 3103 3429 3154 ῦποστάσεων
3484 3102 3639 3174 ἑτέρα,
3692 3098 3777 3151 ἀλλ’
3827 3098 3847 3151 ἦ

2310 3196 2373 3259 τῇ
2402 3196 2493 3241 τοῦ
2527 3192 2672 3258 Υίοῦ,
2705 3193 2891 3253 πάντες
2915 3194 3066 3263 ἴσμεν
3098 3190 3543 3263 ἐφαρμόττουσαν.

2854 3322 3167 3370 sparum:
3208 3299 3351 3375 P81“.

1041 3491 1197 3540 Edita
1220 3502 1253 3540 θ.
1271 3489 1598 3539 Montacutio
1634 3492 1734 3551 (ep.
1760 3490 1817 3537 34
1844 3488 1913 3538 ad
1941 3488 2095 3538 Joan.
2129 3488 2311 3552 Chrys.
2337 3505 2387 3554 p.
2422 3493 2497 3547 95,
2530 3520 2586 3527 —
2612 3492 2684 3542 De
2719 3493 2974 3543 Trinitate
3001 3496 3053 3542 et
3081 3492 3478 3543 Incarnatione.

611 3635 1126 3704 Quemadmodum
1156 3635 1215 3689 in
1246 3634 1584 3703 Theologia,
1619 3638 1735 3689 tres
1767 3634 2033 3691 conﬁteri
2060 3635 2196 3691 sub-

537 3728 807 3792 stantias,
842 3724 1061 3781 multos
1091 3725 1229 3779 deos
1262 3723 1505 3790 inducit,
1541 3729 1597 3779 et
1628 3728 1944 3796 propterea
1974 3724 2195 3781 atheis-

536 3833 727 3882 mum,
750 3816 831 3870 ita
863 3829 1041 3869 unam
1072 3828 1292 3884 ponere
1326 3812 1703 3883 hypostasin,
1734 3817 1837 3868 aut
1869 3813 2193 3868 subsisten-

535 3906 697 3969 tiam,
715 3904 1093 3958 Judaismum
1108 3902 1309 3973 resipit
1325 3905 1381 3956 et
1410 3900 1955 3957 Sabellianismum.
1980 3902 2190 3957 Eodem

536 3995 718 4051 modo
776 3998 831 4049 et
861 3992 923 4047 in
962 3990 1387 4047 incarnationis
1428 3989 1893 4061 dispensatione.
1953 3991 2190 4047 unicam

532 4088 811 4140 naturam
864 4088 919 4137 et
960 4078 1312 4152 hypostasin
1372 4078 1704 4148 imaginari,
1760 4079 2189 4136 Manichaicum

530 4173 734 4245 resipit
769 4188 779 4226 :
809 4170 962 4225 duas
1000 4174 1243 4225 naturas
1284 4173 1339 4223 et
1387 4168 1738 4239 hypostases
1774 4167 1927 4222 duas
1968 4167 2193 4225 Paulia-

530 4263 716 4318 nistas
755 4260 974 4331 resipit,
1031 4273 1234 4313 osores
1288 4256 1515 4311 Christi.
1581 4254 1730 4320 Quid
1760 4255 1935 4326 igitur
1977 4256 2188 4312 facien-

529 4351 675 4407 dum
700 4351 727 4406 ‘I
751 4350 870 4404 Hoc
923 4361 1139 4417 nempe
1172 4361 1183 4399 :
1246 4351 1305 4400 ut
1345 4344 1606 4399 mediam
1670 4343 1824 4399 viam
1852 4344 2190 4399 insistentes

530 4439 812 4497 omnibus
828 4435 1087 4505 vestigiis
1104 4434 1327 4505 dogma
1352 4450 1699 4505 premamus
1718 4432 2190 4488 ecclesiasticum

2374 3637 2571 3711 Ὠσπερ
2624 3639 2706 3693 ἐπὶ
2764 3650 2859 3703 τῆς
2900 3640 3187 3713 θεολογίας,
3230 3647 3318 3694 καὶ
3357 3645 3439 3707 τὸ,
3480 3648 3608 3715 τρεῖς
3644 3638 3850 3712 ὁμολογεῖν

2305 3724 2509 3792 οὐσίας,
2563 3728 2826 3795 πολυθεον,
2875 3735 2963 3783 καὶ
3009 3727 3103 3782 διὰ
3148 3738 3299 3783 τοῦτο
3343 3732 3517 3783 οῖθεον
3567 3733 3647 3781 καὶ
3682 3747 3729 3779 το
3756 3730 3849 3797 μίαν

2302 3813 2464 3885 λέγειν
2508 3818 2819 3884 ὑπόστασιν,
2865 3816 3153 3872 ’ἰουδαῑκόν
3193 3825 3281 3872 καὶ
3326 3820 3610 3873 Σαϐἐλλων
3654 3817 3851 3870 οὕτωκαὶ

2304 3902 2385 3955 ἐπὶ
2442 3914 2532 3966 τῆς
2581 3908 2895 3981 οἰκονομίας,
2956 3914 3013 3960 τό
3065 3928 3119 3961 τε
3174 3913 3295 3981 μίαν
3347 3912 3507 3980 φύσιν
3548 3911 3739 3980 φρονεῖν.
3786 3907 3849 3952 καὶ

2302 3996 2423 4055 μίαν
2501 3994 2811 4067 ὑπόστασιν,
2882 4002 3213 4069 Μανιχαῑκὸν
3294 4002 3385 4049 καὶ
3443 3996 3731 4053 ἀπόϐλητον*
3784 3998 3851 4042 καὶ

2302 4084 2380 4151 τὸ,
2432 4079 2527 4135 δύο
2578 4088 2776 4156 φύσεις,
2834 4092 2921 4138 καὶ
2969 4083 3066 4139 δύο
3122 4088 3468 4151 ὑποστάσεις,
3520 4085 3850 4139 Πανλιανιστὼν

2300 4176 2388 4222 καὶ
2418 4178 2793 4246 μισόχριστον.
2847 4180 2911 4228 Τί
2948 4172 3035 4227 οὖν
3078 4181 3187 4248 χρὴ
3235 4184 3402 4228 ποιεῖν
3438 4182 3581 4243 ;Τήν
3613 4179 3753 4248 ῴσζν
3786 4172 3851 4220 καὶ

2301 4258 2738 4322 ἐκκλησιαστικὴν
2772 4261 2927 4327 δόξαν
2959 4264 3273 4336 ἰχνηλατεῑν,
3326 4266 3443 4327 ἣτις
3470 4270 3562 4323 τὴν
3600 4261 3851 4335 ἑκατέρωςῦ

2301 4348 2652 4405 ἀποκλίνουσα
2682 4359 2767 4405 καὶ
2800 4354 3140 4429 ἐκτρεπομένη
3187 4354 3554 4427 βλασφημίαν,
3584 4358 3693 4427 μίαν
3728 4351 3851 4400 ὑποσ-

2299 4458 2451 4491 τασιν
2484 4440 2565 4494 ἐπὶ
2597 4450 2852 4518 Χριστοῦ,
2896 4440 2993 4496 δύο
3035 4440 3093 4496 δὲ
3136 4446 3316 4516 φύσεις
3358 4446 3639 4517 θεοφρὸνως
3665 4439 3852 4512 ὁμοὶΰγεῖ

526 4529 693 4602 quod
742 4524 1179 4597 blasphemiam
1214 4540 1286 4579 ex
1325 4528 1576 4593 utraque
1604 4529 1769 4593 parte
1795 4522 2070 4591 declinat,
2136 4527 2191 4577 et

2309 4523 2728 4601 θογματίζουσα,

528 4618 765 4684 devitat,
798 4615 937 4671 illud
968 4617 1166 4671 autem
1185 4613 1378 4680 docet,
1414 4627 1600 4667 unam
1630 4612 1691 4666 in
1729 4611 1961 4667 Christo
1994 4611 2374 4686 hypostasin,
2431 4628 2707 4678 naturam
2763 4622 3059 4697 duplicem
3092 4621 3426 4678 secundum
3480 4622 3730 4678 divinum
3753 4630 3851 4670 sen-

528 4723 661 4763 sum
720 4704 1003 4778 profiteri.

670 4830 991 4899 QUAZSTIO
1034 4828 1232 4885 CXCIV
1287 4827 1487 4899 [CoisL
1532 4823 1801 4895 CCXXIII,
1865 4826 2044 4882 Taur.

1260 4916 1513 4990 CCXIV].

2849 4842 3165 4892 Ern'rnzlx
3202 4820 3348 4899 PSA'.

992 5052 1146 5101 Edita
1179 5065 1211 5101 a
1239 5050 1564 5100 Montacutio
1592 5050 1692 5113 (ep.
1733 5050 1791 5097 35
1821 5047 1887 5097 ad
1919 5046 2072 5097 Joan.
2110 5044 2401 5109 Chrysoch.
2428 5058 2477 5107 p.
2502 5044 2580 5098 95,
2612 5043 2711 5102 96).
2747 5066 2800 5075 —
2830 5037 2904 5088 De
2933 5036 3327 5088 Incarnatione.

598 5168 1121 5235 Quemadmodum
1135 5168 1435 5223 Nestorius
1463 5166 1537 5222 de
1559 5164 1975 5222 contaminatis
1995 5162 2187 5220 calici-

523 5260 639 5317 bus
693 5257 851 5313 Pauli
888 5258 1307 5313 Satnosalensis
1342 5257 1575 5321 bibens,
1608 5256 1809 5311 ebrius
1862 5255 2049 5310 evasit
2078 5253 2184 5307 im-

523 5350 760 5423 pietate,
793 5347 871 5402 ita
901 5351 955 5401 et
982 5347 1230 5417 prOpriae
1274 5347 1575 5417 religionis
1610 5345 1839 5400 semina
1866 5342 2179 5416 Eutyches,

523 5440 598 5497 de
637 5437 865 5495 acerbis
896 5435 1135 5492 Manelis
1176 5436 1541 5508 paraphyasi
1602 5434 1906 5508 colligens,
1959 5432 2180 5489 doloris

598 5595 643 5630 ἰθ
712 5596 884 5649 Rom.
942 5604 1024 5654 ιιι,
1064 5592 1154 5646 25.

2364 5161 2563 5233 Ὠσπερ
2618 5160 2900 5231 Νεστόριος
2972 5162 3070 5207 τῶν
3124 5154 3340 5229 θολερῶν
3391 5154 3631 5226 ναμάτων
3680 5147 3843 5201 σπείσας

2293 5258 2384 5302 τοῦ
2434 5250 2787 5320 Σαμωσατέως
2831 5243 3057 5309 Παύλου,
3109 5244 3177 5303 εἰς
3230 5244 3390 5315 μέθην
3446 5240 3677 5300 ἀσεϐείας
3717 5234 3839 5296 ἐξέπι-

2294 5356 2396 5391 σεν’
2439 5338 2600 5399 οὕτως
2650 5336 2895 5406 Ενῦτυχὴς
2933 5340 3025 5394 τῆς
3076 5331 3271 5391 οἰκείας
3318 5334 3594 5405 θρησκείας
3634 5329 3692 5379 τὰ
3724 5325 3839 5391 σπέρ-

2290 5448 2430 5501 ματα
2477 5426 2531 5478 ἐκ
2580 5434 2669 5485 τῆς
2716 5430 2893 5477 Μανοῦ
2932 5427 3122 5498 πικρᾶς
3160 5418 3512 5496 παραφυάὸος
3552 5415 3837 5494 δρεψάμινος,
