4076 6202
188 259 292 314 933
1075 258 1169 313 AD
1211 257 1757 315 AMPHILOCHIUM
1798 256 2125 325 QUESTIO
2164 262 2654 322 CXCIII-CXCVII.
3440 268 3547 323 934

190 382 379 446 ὀδύνης
429 384 585 459 ἄρτον
649 388 740 437 καὶ
810 382 1061 444 ἀπωλείας
1113 383 1277 456 ἑαυτῷ
1328 388 1419 437 καὶ
1467 391 1572 444 τοῖς
1624 384 1788 436 πειθο-

1934 384 2013 440 ibi
2041 401 2262 458 panem
2292 394 2348 445 et
2368 388 2735 461 perditionis,
2769 402 3007 443 necnon
3039 387 3403 460 sequacibus
3433 391 3544 446 suii

191 479 379 547 μένοις,
409 475 792 546 κατειργάσατο
815 494 827 507 ι
860 475 885 524 ὁ
915 470 974 525 δὲ
1015 482 1116 525 τῶν
1160 470 1451 545 ὀρθοδοξων
1496 476 1674 545 χορὸς,
1708 476 1789 524 τόν

1940 477 2209 546 pparavit
2237 493 2249 531 :
2284 478 2753 534 orthodoxorum
2788 492 2922 533 vero
2944 477 3182 541 chorus,
3214 478 3394 534 ascito
3427 480 3550 535 sibs

190 572 470 639 κορυφαῖον
526 567 735 637 Πέτρον,
790 562 980 635 μᾶλλον
1039 559 1097 615 δὲ
1152 567 1239 615 τὸν
1291 565 1453 615 αὐτου
1508 568 1598 614 καὶ
1646 565 1789 633 ἡμῶν

1945 570 2161 631 octore,
2207 582 2330 622 non
2372 571 2499 623 tam
2538 568 2705 623 Petro
2764 568 3176 639 apostolorum
3230 568 3550 639 eoryphaeo

190 657 360 705 κοινὸν
413 658 677 711 Δεσπότην
727 656 818 704 καὶ
875 655 1125 716 Ποιητὴν,
1179 649 1508 704 διδάσκαλον
1561 669 1793 724 προστη-

1941 668 2074 708 nam
2105 654 2238 725 ipso
2279 656 2524 712 Domino
2582 657 2909 720 communi,
2952 659 3011 711 et
3047 660 3330 721 creatore,
3377 658 3551 713 «Vos

194 745 407 815 σάμενοι
452 745 503 814 (α
534 742 704 814 Ὑμεῖς
748 744 872 813 γὰρ,
924 746 1079 813 φησὶ,
1129 746 1200 813 μὴ
1254 746 1507 799 καλέσητε
1558 740 1639 792 ἐπὶ
1698 747 1791 801 τῆς

1940 742 2084 805 nim,
2113 742 2323 815 inquit,
2382 761 2457 801 ne
2488 747 2547 800 in
2576 746 2741 801 terris
2796 744 3088 802 vocabitis
3148 745 3359 811 Rabbi,
3394 762 3550 802 unus

191 840 289 903 γῆς
336 830 551 885 Ῥαϐϐίο
607 832 677 892 εἷς
745 832 847 904 γάρ
907 830 1049 882 ἐστιν
1106 832 1132 881 ὁ
1192 826 1515 890 διδασκαλος
1566 831 1707 901 ὑμῶν
1767 830 1791 879 ὁ

1940 830 2059 885 nim
2086 832 2293 889 doctor
2324 840 2520 890 vester
2559 835 2827 890 Christus
2857 841 2943 891 est
2975 836 3064 905 ‘5',
3093 855 3122 886 »
3145 834 3405 890 duarum
3437 851 3550 891 na-

192 925 422 993 Χριστός
455 922 527 992 ν),
561 928 662 971 τῶν
707 916 804 971 δύο
835 922 1033 991 φύσεων
1077 918 1125 970 ἐν
1154 927 1215 991 τῇ
1249 926 1347 991 μιᾷ
1389 921 1677 972 ὑποστάσει
1702 925 1792 970 τοῦ

1943 935 2166 975 irarum
2185 922 2246 977 in
2260 938 2379 979 una
2393 923 2709 995 hypostasi
2727 924 2917 989 Verbi,
2938 928 2992 979 et
3013 923 3252 979 deitatis
3270 924 3553 981 nimirum

196 1016 389 1082 Λόγου,
436 1018 530 1071 τῆς
561 1028 616 1061 τε
661 1010 900 1070 θεότητος
938 1013 1027 1060 καὶ
1073 1016 1162 1068 τῆς
1206 1009 1620 1082 ἀνθρωπότητος,
1666 1007 1793 1079 λαμ-

1945 1015 1957 1062 t
1980 1008 2379 1077 humanitatis,
2400 1013 2723 1069 clarissime
2744 1014 3126 1085 profitentur;
3149 1013 3327 1085 idque
3352 1013 3555 1070 incon-

194 1108 338 1171 πρῶς
380 1097 761 1170 ἀνομολογουσι
810 1101 868 1149 τὸ
916 1095 1243 1169 ἀσύγχυτον.
1285 1104 1449 1149 Τοῦτο
1491 1099 1590 1169 γὰρ
1635 1096 1794 1157 αὐτὸς

1946 1100 2102 1163 lsim,
2125 1100 2207 1157 ita
2235 1103 2395 1157 enim
2434 1103 2690 1173 ipsamet
2738 1119 2842 1159 nos
2886 1103 3123 1158 edocuit
3162 1103 3378 1159 veritas
3412 1120 3425 1157 :
3471 1104 3556 1157 Fi-

197 1184 435 1250 έδίὸαξεν
491 1189 521 1246 ἡ
599 1186 885 1245 ’Λλήθεια·
940 1188 1059 1239 Υἱόν
1122 1189 1223 1260 γὰρ
1287 1185 1560 1259 ἀνθρώπου
1614 1186 1792 1237 ἑαυτον

1947 1205 2046 1243 um
2090 1190 2249 1245 enim
2286 1191 2541 1247 hominis
2592 1208 2654 1248 se
2683 1191 3011 1264 appellans,
3044 1196 3119 1256 et,
3162 1208 3269 1263 per
3320 1192 3557 1248 Petrum

198 1276 432 1340 ἀνειπὼν,
475 1280 563 1328 καὶ
609 1277 754 1350 παρὰ
799 1283 890 1327 τοῦ
945 1279 1230 1349 κορυφαίου
1278 1279 1493 1349 Πέτρου,
1536 1276 1655 1335 Υἱὸς
1701 1281 1791 1325 τοῦ

1947 1277 2291 1349 eryphaeum
2324 1280 2732 1351 apostolorum
2775 1281 2949 1336 Filius
2979 1280 3229 1336 viventis
3270 1280 3371 1336 Dei
3402 1280 3557 1336 salu-

198 1369 387 1429 ζῶντος
418 1373 551 1419 Θεοῦ
597 1363 902 1439 ἀναρρηθεὶς
935 1385 947 1397 ·
979 1367 1039 1415 τὸ
1088 1367 1198 1435 μὲν,
1244 1363 1322 1424 οἷς
1368 1364 1526 1423 αὐτὸς
1555 1360 1663 1415 εἷπε
1686 1384 1698 1395 ·
1734 1366 1790 1414 τὸ

1948 1370 2081 1432 itus,
2112 1371 2434 1439 utrumque
2474 1368 2848 1425 conﬁrmavit
2879 1389 2891 1428 :
2928 1368 3181 1425 alterum
3204 1369 3264 1425 in
3294 1385 3365 1424 eo
3392 1370 3558 1441 quod

195 1451 275 1519 δε,
326 1453 399 1514 οἷς
451 1450 756 1519 ἀπεδέξατο,
817 1451 1092 1505 ἐϐεϐαίωσε
1125 1473 1138 1486 ’
1195 1450 1280 1505 διὸ
1338 1458 1427 1504 καὶ
1478 1453 1667 1525 μισθὸν
1723 1458 1793 1521 τῷ

1943 1469 2029 1525 ese
2065 1454 2231 1523 dixit,
2282 1456 2535 1513 alterum
2576 1458 2732 1529 quod
2773 1458 3001 1514 dictum
3058 1458 3133 1513 de
3188 1474 3253 1513 se
3282 1458 3553 1528 agnovit.

194 1548 373 1618 Πέτρῳ
416 1552 507 1603 τῆς
545 1542 706 1617 ὀρθῆς
753 1542 1050 1615 ὁμολογίας,
1082 1544 1176 1603 τάς
1216 1561 1270 1594 τε
1313 1540 1446 1603 κλεῖς
1495 1550 1590 1601 τῆς
1634 1539 1792 1613 βασι-

1957 1544 2191 1600 uocirca
2214 1549 2389 1601 recte;
2433 1546 2819 1603 confessionis
2875 1547 3182 1619 praemium
3224 1552 3411 1617 petro,
3472 1563 3558 1603 re-

191 1632 334 1694 λείας
382 1631 685 1705 ἐνεχείρισε,
738 1637 827 1684 καὶ
880 1631 964 1684 ἐπὶ
1015 1640 1077 1704 τῇ
1131 1631 1289 1683 αὐτοῦ
1337 1629 1585 1702 ὁμολογίᾳ
1646 1628 1795 1687 ἐστη-

1950 1631 2001 1687 ni
2028 1632 2314 1689 caelorum
2333 1634 2532 1691 claves
2560 1636 2617 1690 in
2642 1652 2857 1691 manus
2884 1636 3080 1703 dedit;
3114 1640 3171 1691 et
3190 1635 3249 1691 in
3273 1636 3401 1706 ejus
3423 1652 3560 1691 con-

192 1723 382 1797 ρίχθαι
401 1725 495 1779 τὴν
525 1721 836 1778 Ἐκκλησίαν
861 1737 872 1749 ’
897 1726 987 1773 καὶ
1010 1723 1147 1773 κατὰ
1166 1719 1337 1773 πυλῶν
1358 1717 1429 1789 οἶδ
1434 1738 1491 1771 ου
1509 1724 1599 1771 καὶ
1622 1721 1796 1780 πάσης

1949 1722 2159 1778 :ssione
2202 1724 2520 1781 Ecclesiam
2581 1725 2759 1781 fuisse
2818 1725 3163 1793 stabilitam,
3224 1729 3283 1781 et
3347 1728 3559 1781 contra

194 1813 462 1885 αἱρετικῆς
505 1808 907 1883 ἀθυροστομίας,
938 1808 1155 1883 λαμπρὰ
1202 1813 1367 1883 φέρειν
1408 1811 1474 1861 τὰ
1516 1813 1797 1883 νικητήρια

1948 1816 2109 1866 ortas
2155 1810 2367 1868 inferni
2426 1814 2881 1879 communitam,
2954 1814 3104 1870 adeo
3146 1817 3209 1869 ut
3269 1813 3558 1870 obturatis

192 1897 538 1973 ὸιριταίωσεν
550 1942 563 1955 .

1949 1899 2316 1956 tereticorum
2347 1900 2804 1975 quibuscunque
2827 1902 3018 1967 labiis,
3048 1903 3395 1959 lemniscata
3419 1902 3558 1958 inde

1902 1992 2133 2059 tropaea
2199 1988 2410 2056 tulerit,
2476 1991 2661 2047 multa
2726 1992 3166 2047 asseveratione
3240 1990 3557 2047 conﬁrma-

1905 2076 2004 2132 vit.

751 2206 1062 2257 sparum:
1096 2185 1245 2261 PSE’.
1908 2203 2222 2267 QUIESTIO
2272 2203 2485 2260 cxcv.
2545 2204 2745 2277 [CoisL
2796 2206 3059 2275 ccxxrv,
3097 2206 3272 2260 Taur.
3324 2202 3553 2277 ccxv.]

957 2309 1113 2359 Edita
1140 2307 1515 2358 aMontacntio
1549 2309 1650 2370 (ep.
1680 2308 1739 2355 36
1757 2307 1949 2367 eidem,
1980 2325 2037 2374 p.
2074 2313 2171 2374 96).
2205 2339 2267 2348 —
2294 2312 2367 2361 De
2396 2311 2785 2362 Incarnatione.

264 2427 326 2481 Εἰ
379 2432 476 2499 μία
523 2429 676 2499 φύσις
723 2429 805 2480 ἐπὶ
853 2433 1084 2498 Χριστοῦ
1132 2423 1452 2497 ἐγνωρίζετο,
1497 2422 1545 2475 ἓν
1599 2422 1659 2473 ἄν
1708 2427 1797 2475 καὶ

1979 2410 2036 2463 Si
2093 2409 2153 2464 in
2208 2410 2437 2465 Christo
2499 2415 2718 2465 natura
2762 2410 2940 2465 unica
2997 2414 3439 2480 agnosceretur,
3500 2413 3554 2463 et

186 2519 252 2569 τὸ
284 2515 337 2579 ἐξ
371 2496 539 2576 αὐτῆς
582 2517 813 2587 ἐπήγαζε
861 2496 1089 2586 θέλημω
1119 2513 1224 2567 ἐπεὶ
1260 2496 1319 2565 δὲ
1372 2508 1468 2564 δύο
1496 2513 1553 2563 αἱ
1599 2514 1795 2584 φύσεις,

1953 2498 2086 2553 nica
2106 2497 2319 2553 exinde
2348 2498 2625 2555 voluntas
2655 2496 2920 2553 eﬂlueret
2947 2514 2959 2551 :
2987 2496 3091 2553 sed
3112 2514 3251 2553 cum
3282 2498 3418 2554 duae
3441 2496 3558 2553 sint

187 2611 284 2659 καὶ
330 2603 427 2658 δύο
457 2606 561 2680 ἄρα
604 2604 1018 2657 συναναϐ).ύουσι
1069 2605 1133 2655 τὰ
1175 2601 1456 2673 θελήματα.
1509 2601 1569 2654 Ei
1612 2598 1669 2653 δὲ
1704 2601 1796 2652 ούχ

1947 2590 2153 2653 aturaa,
2200 2594 2256 2643 et
2302 2588 2524 2660 duplex
2555 2604 2793 2659 quoque
2826 2587 3097 2642 voluntas
3133 2588 3273 2642 hinc
3325 2586 3552 2642 ebullit.

188 2698 306 2748 ἔστι
359 2697 512 2765 φύσις
571 2695 921 2766 ἀνενέργητος,
975 2698 1066 2743 καὶ
1123 2691 1341 2762 ἑκατέρᾳ
1387 2691 1587 2750 πάντως
1639 2691 1667 2746 ἠ
1726 2690 1796 2741 οἱ·

1945 2676 2073 2737 luod
2100 2677 2148 2731 si
2178 2692 2299 2732 non
2332 2677 2406 2731 sit
2435 2683 2651 2734 natura
2701 2678 3046 2749 operatione
3076 2692 3290 2740 vacua,
3352 2676 3555 2749 utique

188 2788 311 2837 κεία
360 2782 711 2853 συνανακύψει
763 2784 1005 2855 ἐνεργεια.
1056 2780 1256 2852 Ὠσπερ
1303 2775 1362 2831 δί
1414 2779 1443 2833 ἡ
1496 2779 1792 2846 ἀνθρωπίνη

1941 2766 2303 2822 ιιιοουιάυὺὶο
2337 2769 2579 2841 propria
2622 2766 2891 2839 operatio
2925 2783 3043 2822 una
3088 2767 3399 2837 proditura
3441 2771 3551 2821 est.

190 2876 349 2946 φύσις
394 2880 455 2944 τῇ
515 2874 655 2943 θεῐκῇ
704 2879 795 2923 τοῦ
840 2876 1010 2942 Λόγου
1055 2873 1202 2939 φύσει
1244 2872 1532 2934 συνείπετο,
1566 2872 1655 2919 καὶ
1701 2869 1793 2919 ύπο

1942 2856 2434 2918 luemadmodum
2492 2872 2632 2911 vero
2706 2856 2967 2911 humana
3026 2862 3239 2910 natura
3289 2854 3552 2908 divinam

187 2967 393 3015 ἔκειτο·
423 2962 557 3013 οὗτω
601 2958 861 3028 δηλονότι,
893 2966 983 3012 καὶ
1028 2963 1085 3011 τὸ
1131 2956 1447 3031 ἀνθρώπινον
1498 2955 1694 3027 θέλημα
1723 2964 1794 3026 τῷ

1942 2943 2081 2999 'erbi
2114 2950 2387 2999 naturam
2411 2944 2910 3015 consequebatur,
2945 2942 3252 3013 eidemque
3285 2941 3552 3012 subjace-

190 3053 375 3122 θεῑιιῷ,
406 3054 496 3103 καὶ
524 3058 582 3122 τῇ
616 3048 842 3123 ἐνεργείᾳ
872 3052 901 3108 ἡ
932 3048 1176 3124 ἐνέργεια.

1947 3036 2027 3098 at,
2046 3032 2413 3087 adeumdem
2439 3032 2615 3104 plane
2642 3032 2888 3087 modum
2911 3032 3250 3087 ethumana
3280 3030 3554 3086 voluntas

1903 3121 2194 3178 voluntati
2225 3122 2459 3189 divinae,
2502 3128 2557 3177 et
2611 3121 2939 3193 operationi
2997 3120 3216 3176 divinae
3284 3120 3556 3176 humana

1903 3211 2170 3283 operatio
2210 3210 2578 3282 subjacebat.

740 3357 1054 3407 Epa'mzlz
1092 3334 1259 3432 pSg’.
1848 3430 1859 3432 ᾗ
1904 3336 2227 3401 QUIESTlO
2293 3334 2532 3432 CXCV1_
2561 3334 2777 3432 [Coisli
2798 3336 3049 3432 CCXXV,
3086 3334 3243 3391 Taur
3304 3332 3555 3406 CCXVI.]

802 3446 928 3516 Περὶ
953 3440 1156 3493 εἰκόνων
1165 3425 1204 3493 ,⁷
1832 3430 1870 3485 C

1832 3430 1870 3485 C
2486 3427 2573 3482 De
2589 3425 2973 3496 imaginibus.

1367 3533 1523 3583 Edita
1550 3546 1578 3580 a
1606 3527 1931 3582 Montacutio
1960 3525 2063 3589 (ep.
2094 3524 2173 3585 37,
2202 3538 2255 3587 p.
2284 3526 2383 3578 96).

261 3632 505 3693 ’Έλληνες
554 3633 639 3683 τὸν
702 3632 924 3702 Χριστὸν
976 3632 1066 3679 καὶ
1117 3628 1245 3679 Θεὸν
1301 3625 1449 3697 ἡμῶν
1506 3623 1789 3687 εἰκονίξειν,

1972 3614 2195 3685 Pagani
2252 3613 2547 3671 Christum
2590 3612 2911 3668 Dominum
2965 3615 3023 3667 et
3053 3612 3241 3667 Deum
3280 3614 3554 3668 nostrum

182 3726 272 3778 ὅτι
325 3717 465 3795 μηδι
508 3720 825 3785 θειάζουσιν,
874 3717 969 3770 οὐκ
1011 3716 1308 3788 ἀνέχονται.
1340 3710 1609 3780 Ἰουδαῖοι,
1647 3711 1792 3764 πλέον

1946 3721 2008 3760 er
2037 3703 2361 3772 imaginem
2393 3701 2674 3771 efﬁngere
2714 3700 2944 3766 nolunt,
3009 3700 3233 3756 scilicet
3262 3716 3333 3755 eo
3390 3701 3555 3772 quod

183 3813 397 3866 ἂκείνων
468 3816 560 3870 τὴν
616 3810 728 3863 κατ’
800 3808 960 3861 αὑτοῦ
1018 3812 1204 3881 μανίαν
1278 3810 1614 3871 νοσήσαντες,
1672 3799 1793 3855 ούδέ

1948 3792 2067 3849 aud
2095 3792 2485 3865 profiteantur
2506 3792 2715 3846 Deum.
2748 3789 2958 3855 Judrei,
2988 3788 3092 3861 qui
3112 3789 3325 3858 majori
3350 3796 3557 3844 contra

180 3908 361 3977 μέχρι
406 3901 560 3973 ψιλῆς
626 3900 782 3961 ἀκοῆς
837 3904 930 3958 τήν
986 3877 1172 3973 πρᾶξιν
1229 3897 1539 3967 ὑφίστανται
1572 3915 1584 3926 ·
1636 3895 1790 3965 ἕτεροι

1946 3899 2043 3939 um
2073 3882 2324 3937 insaniae
2357 3880 2570 3935 morbo
2610 3878 3087 3944 laborant,nede
3114 3877 3279 3933 nudo
3310 3877 3556 3950 quidem

183 3990 276 4058 δὲ,
327 4000 485 4065 μοῖρα
538 3994 740 4065 πονηρὰ
792 3994 880 4042 καὶ
935 3986 1226 4058 ίξάγιστος,
1276 3985 1324 4036 οἱ
1378 3986 1469 4055 μὲν
1518 3982 1680 4034 αὐτοῦ
1738 3984 1793 4034 τὸ

1947 3971 2147 4027 omine
2160 3986 2284 4025 rem
2298 3969 2640 4024 admittunt.
2658 3968 2806 4023 Sunt
2827 3966 2946 4034 alii,
2974 3982 3113 4037 pars
3136 3965 3315 4037 impia
3340 3974 3395 4021 et
3414 3965 3556 4020 diris

182 4090 353 4154 σῶμα
402 4079 821 4133 ἑναποτεθεῖσθαι
885 4083 956 4146 τῷ
1010 4074 1138 4146 ἡλίῳ
1203 4075 1563 4144 τερατεύονται
1592 4091 1604 4103 ο
1640 4072 1688 4121 οἱ
1739 4066 1792 4122 δὴ

1949 4061 2278 4122 evovenda,
2312 4056 2411 4128 qui
2453 4056 2544 4112 vel
2599 4055 2907 4126 insigniter
2945 4054 3307 4117 mentiendo,
3341 4070 3557 4124 corpus

180 4172 260 4232 εἰς
295 4172 378 4235 τὰ,
426 4168 478 4231 ἐξ
505 4169 573 4220 ὧν
618 4168 745 4220 αύτό
795 4172 1104 4232 συνιστῶσι,
1137 4160 1446 4215 διαλύουσιν
1470 4177 1483 4190 ’
1518 4161 1566 4212 οἱ
1605 4156 1655 4210 δ’
1696 4159 1790 4209 ἀπὸ

1941 4150 2099 4221 psius
2127 4147 2445 4204 includunt
2473 4144 2582 4200 soli
2619 4160 2633 4211 ;
2666 4144 2756 4198 vel
2784 4145 2845 4199 in
2870 4143 2970 4199 illa
2999 4142 3359 4198 dissolutum
3392 4146 3551 4207 eunt,

182 4266 397 4324 Μανοῦ,
426 4254 539 4311 οὐδ’
581 4254 850 4309 ἀναλαϐεῖν
900 4254 1056 4306 αὐτὸν
1101 4251 1226 4312 ὅλως
1271 4259 1425 4322 σῶμα
1466 4252 1523 4302 τὸ
1555 4250 1792 4319 ἡμέτερον

1969 4237 2190 4310 quibus
2216 4236 2334 4307 ipsi
2369 4234 2799 4291 conﬂaverunt.
2829 4232 3207 4288 Contendunt
3230 4231 3333 4302 qui
3373 4233 3560 4288 Mane—

182 4347 578 4403 διατείνονται·
609 4346 681 4407 οἷς
721 4343 773 4406 ἐξ
825 4342 1111 4414 ἀναγκαίου
1162 4339 1441 4393 ἀκόλουθον
1488 4333 1626 4410 μηδὲ
1676 4343 1792 4410 Χρι-

1950 4344 2031 4384 3m
2065 4330 2395 4397 sequuntur
2446 4324 2661 4379 ducem
2701 4320 2864 4377 nullo
2904 4320 3088 4375 modo
3149 4336 3288 4375 eum
3348 4335 3560 4391 corpus

186 4441 325 4492 στὸν
370 4436 735 4497 εἰκονίζεσθαι.
787 4436 1146 4486 Σκοπείτωσαν
1184 4434 1356 4482 τοίνυν
1400 4430 1449 4480 οὶ
1495 4435 1589 4488 τῆς
1637 4425 1796 4479 πολυ-

1954 4421 2180 4474 ostrum
2195 4414 2621 4486 assumpsisse,
2654 4412 2750 4468 cui
2771 4411 3042 4483 sequitur
3065 4410 3316 4466 omnino
3356 4426 3564 4467 neces-

183 4529 420 4586 πλανοῦς
464 4529 549 4576 καὶ
595 4518 875 4595 μοιχιδίου
932 4526 1130 4594 σπορᾶς
1174 4516 1436 4588 ἀπόγονοι,
1469 4518 1532 4567 τὰ
1567 4519 1655 4567 νέα
1701 4520 1793 4565 τῶν

1955 4506 2092 4572 ario,
2125 4503 2424 4560 Christum
2447 4518 2565 4559 non
2591 4517 2719 4557 esse
2750 4516 2851 4572 per
2873 4499 3198 4569 imaginem
3231 4501 3565 4572 exprimen-

182 4616 574 4688 Εἰκονομάχων
644 4612 777 4683 λέγω
846 4614 1164 4683 γεννήματα,
1225 4610 1372 4666 τίνας
1436 4604 1628 4656 ἑαυτῶν
1707 4622 1792 4655 πα-

1957 4612 2079 4651 um.
2114 4594 2361 4650 Videant
2387 4607 2527 4663 ergo
2542 4589 2821 4663 prognati
2836 4606 2871 4644 a
2887 4588 3284 4661 multipliciter
3314 4588 3563 4645 erratico

181 4711 351 4782 τέρας
428 4701 797 4776 ἕπιγράφουσι,
874 4704 964 4751 καὶ
1037 4702 1176 4758 τίνος
1246 4690 1462 4769 μερίδος
1535 4695 1791 4768 αἱροῦνται

1958 4684 2330 4740 tadulterino
2381 4681 2632 4745 semine,
2684 4684 2742 4735 et
2773 4678 2886 4734 sibi
2926 4684 3175 4733 caveant
3212 4678 3231 4747 (
3263 4678 3568 4749 genimina

182 4766 347 4866 παρὰ
386 4791 491 4853 τοῖς
528 4795 861 4865 Χριστιανοῖς
910 4790 1165 4842 θιασῶται
1215 4789 1305 4838 καὶ
1345 4785 1578 4856 μαθηταὶ
1619 4781 1792 4853 ὀνομάι

1959 4774 2137 4831 ovilia
2167 4770 2696 4829 lconomachorum
2727 4768 2860 4823 dico
2894 4768 2915 4837 )
2944 4783 3098 4841 quos
3129 4771 3183 4821 et
3217 4768 3426 4839 quales
3455 4766 3569 4822 sibi

184 4855 410 4944 ξεὰθαι.
578 4855 589 4865 ’
1349 4855 1352 4856 ν
1917 4864 2225 4921 ascribant
2264 4860 2688 4934 progenitores,
2757 4862 2814 4913 et
2842 4856 2916 4912 de
2947 4873 3063 4927 qua
3127 4855 3384 4912 factione
3440 4872 3570 4929 my-

1919 4959 2026 5011 stae
2064 4959 2121 5011 et
2155 4952 2432 5025 discipuli
2472 4948 2762 5005 voluerint
2820 4948 2973 5003 inter
3022 4946 3384 5003 Christianos
3434 4962 3570 5004 cen-

1918 5045 2053 5100 seri.

754 5185 1075 5235 ΕΡΩΤΗΖΙΣ
1110 5161 1258 5240 pSz'.
2037 5166 2356 5235 QUESTIO
2388 5162 2608 5221 cxcvn
2666 5160 2888 5235 [CoisL
2932 5159 3218 5227 CCXXV],
3266 5161 3446 5219 Taur.

2599 5250 2823 5307 ccxvn
2850 5248 2897 5322 j.

813 5363 938 5433 Περὶ
969 5356 1193 5414 εἰκόνων.

2499 5342 2584 5399 De
2611 5338 2989 5411 imaginibus.

1387 5451 1543 5502 Edita
1570 5464 1603 5501 a
1632 5446 1959 5500 Montacutio
1977 5447 2089 5509 (ep.
2117 5444 2195 5500 38,
2228 5456 2282 5507 p.
2314 5442 2414 5499 97).

286 5565 454 5634 Σίμων
490 5560 516 5612 ὁ
554 5559 744 5632 Μάγας
790 5562 880 5610 καὶ
928 5561 1243 5631 Καρποκρᾶς
1282 5550 1629 5606 ἐϐαπτίσαντο
1664 5572 1674 5583 ·
1721 5545 1815 5602 διὰ

1995 5544 2204 5600 Simon
2220 5542 2423 5612 Magus
2435 5542 2491 5596 et
2505 5538 2833 5611 Carpocras
2844 5534 3152 5609 baptismo
3164 5534 3575 5598 initiabantur:

296 5661 392 5696 ““
412 5658 792 5724 Matthnmn,
834 5658 999 5714 8-1οε
