4026 6196
586 296 693 353 935

1829 285 2063 343 PHOTII
2104 284 2589 343 PATRIARCH/E
2628 287 2735 345 CP.
3766 292 3841 348 936

586 422 664 475 ob
690 434 827 474 eam
858 429 1106 471 causam
1139 414 1197 468 et
1228 410 1441 467 Christi
1468 411 1783 481 imaginem
1826 413 2243 480 circumgesta-

2355 420 2506 464 τοῦτο
2578 417 2666 465 καὶ
2745 418 2981 487 Χριστοῦ
3054 411 3227 464 εἰκόνα
3287 414 3584 485 περιέφερον,
3782 424 3841 476 τῆς

585 510 753 570 bant,
781 505 879 561 sed
929 500 1246 570 amagicis
1301 500 1681 556 illusionibus
1732 506 1790 557 et
1846 501 2093 556 lascivia
2124 515 2242 554 non

585 595 987 653 recedebant:
1058 590 1341 663 quocirca
1404 594 1462 644 et
1516 590 1767 645 aliorum
1839 589 2242 661 quorumdam

583 685 873 753 imagines
924 696 1046 736 una
1101 677 1620 734 circumferebant.
1690 678 1923 733 Pudore
1967 678 2246 750 quocirca

588 772 1009 829 suﬂundantur
1041 768 1574 823 Iconomachorum
1631 767 1937 839 primipili,
1971 783 2037 822 eo
2081 766 2244 838 quod

583 861 869 919 insensati
902 858 1094 927 magis
1126 874 1257 912 esse
1277 858 1733 925 convincantur,
1753 873 1939 928 quam
1967 862 2136 912 erant
2166 854 2245 909 illi

586 946 1173 1024 superstitiosissimi,
1217 950 1274 1000 et
1303 950 1429 1001 tam
1482 945 1873 1017 dogmatibus
1920 961 2099 1017 quam
2128 945 2247 1000 vita

586 1047 641 1097 et
679 1038 1135 1095 conversatione
1167 1036 1401 1106 decepti
1434 1041 1489 1090 et
1518 1050 1778 1090 errones.

658 1131 992 1197 Interrogas
1011 1142 1114 1181 cur
1126 1124 1416 1179 haereticis
1436 1124 1853 1197 turpitudinem
1874 1123 2241 1195 exprobrem.

588 1219 779 1275 Sinon
802 1223 857 1272 te
876 1217 1177 1270 turbarem
1195 1230 1504 1285 responso,
1519 1214 1795 1268 docerem
1814 1212 1888 1268 ab
1910 1213 2244 1284 insipienti-

584 1303 1420 1375 businterrogarisicdebere:
1456 1318 1646 1375 eoque
1679 1301 1872 1372 magis
1912 1302 2077 1373 quod
2112 1302 2160 1355 si
2182 1306 2247 1357 tu

589 1397 857 1469 patieris,
891 1395 967 1451 ab
1001 1393 1166 1449 omni
1217 1408 1320 1447 eos
1376 1408 1555 1447 sensu
1600 1408 1718 1447 non
1761 1391 1959 1446 minus
1991 1407 2171 1462 quam
2211 1407 2247 1446 a

588 1488 800 1557 pietate
835 1490 1064 1539 emotos
1095 1481 1553 1537 demonstrabo.
1580 1482 1643 1535 In
1660 1497 1728 1537 eo
1757 1482 1909 1553 ipso,
1927 1496 2049 1552 quo
2079 1496 2247 1535 scan-

588 1576 727 1631 dalo
742 1574 918 1628 ﬁdem
940 1570 1339 1626 orthodoxam
1363 1569 1598 1625 allicere
1622 1570 1957 1637 voluerunt,
1990 1574 2246 1624 vetusta-

586 1670 707 1720 tem
739 1660 1153 1732 deprredicant
1183 1660 1519 1728 imaginum
1546 1658 2056 1714 fabricandarum.
2086 1660 2245 1714 Certe

2353 511 2585 572 μανικῆς
2637 503 2897 577 τερθρείας
2961 506 3050 554 καὶ
3101 509 3199 553 τῶν
3256 503 3431 553 παθῶν
3483 501 3568 552 οὐκ
3614 500 3845 572 ἀφίσταντο*

2355 588 2448 642 διὰ
2493 599 2644 643 τοῦτο
2692 596 2779 643 καὶ
2840 591 3020 664 ἐτέρων
3072 598 3222 643 τινῶν
3275 591 3473 652 εἰκόνας
3528 597 3845 665 συμπεριέᾳερον.

2355 680 2802 751 Αἰσχυνέσθωσαν
2849 688 3125 755 τοιγαροῦν
3174 688 3273 731 τῶν
3323 679 3666 751 Εἰκονομαχων
3694 683 3731 732 οἱ
3764 687 3851 752 πρὸ·

2354 788 2544 841 μαχοι,
2595 771 2675 821 ὅτι
2728 775 2817 822 καὶ
2864 778 2964 821 τῶν
3011 766 3568 841 δεισιδαιμονεστάτων
3609 768 3767 821 ἐκείνων
3796 778 3852 821 ut

2355 855 2483 930 δόξῃ
2530 863 2619 910 καὶ
2671 857 2771 930 Βίῳ
2820 858 3213 931 πεπλανημένων
3261 857 3672 931 ἁγνωμονέστεροι

2354 966 2563 1017 χονται.

2426 1126 2648 1198 Ἐρωτᾴς
2680 1122 2773 1178 διὰ
2800 1129 2849 1178 τί
2897 1130 2985 1183 τὴν
3031 1125 3294 1197 αἰσχύνην
3324 1133 3432 1187 τοῖς
3476 1128 3721 1197 αἱρετικοῄ
3756 1126 3860 1197 ἐνηρ-

2355 1220 2624 1286 μόσαμεν·
2668 1214 2765 1286 ἐγὼ
2816 1212 2893 1279 δὲ,
2928 1215 2973 1267 εἰ
3019 1219 3090 1286 μή
3144 1234 3201 1267 σε
3247 1214 3424 1266 λυπεῖν
3471 1214 3672 1285 ἔμελλον,
3699 1214 3861 1270 ἀνοήτων

2354 1302 2413 1354 ἂν
2468 1300 2716 1366 ἀπέδειξα
2761 1308 2819 1355 τὸ
2870 1303 3135 1377 ἐρώτημα,
3187 1308 3274 1355 καὶ
3320 1312 3582 1368 τοσοῦτον,
3627 1306 3695 1355 ὅτι
3729 1308 3865 1354 καὶτὸ

2355 1391 2672 1451 ἀναίσθητον
2712 1393 2922 1457 αὐτούς,
2956 1392 3016 1444 ἂν
3064 1395 3167 1465 οῖρα
3216 1392 3404 1464 βούλῃ,
3439 1396 3562 1464 μετά
3605 1400 3681 1443 τοῦ
3710 1390 3865 1449 ἀσεϐοῦς

2355 1479 2595 1544 ἐπιδείξω
2670 1485 3043 1553 περιέποντας·
3096 1478 3170 1533 δι’
3228 1482 3298 1532 ὧν
3347 1484 3447 1555 γὰρ
3512 1478 3773 1552 δυσφημίαν
3811 1499 3868 1531 πε-

2353 1573 2589 1643 ριάπτειν
2620 1580 2681 1642 τῇ
2731 1568 3012 1644 ὀρθοδοξίᾳ
3056 1570 3387 1642 ἐμελέτησαν,
3434 1567 3525 1622 διὰ
3564 1573 3730 1621 τούτων
3767 1568 3870 1638 μάλι-

2358 1680 2457 1712 στα
2506 1668 2599 1720 τῆς
2650 1660 3001 1735 εἰκονουργίας
3044 1664 3137 1717 τὴν
3184 1658 3518 1734 ἀρχαιότητα
3563 1666 3873 1730 μαρτυροῦντες,

584 1768 707 1808 non
747 1750 1081 1817 intelligunt
1112 1764 1237 1802 rem
1261 1763 1389 1803 esse
1421 1748 1871 1803 Christianismo
1902 1754 2243 1816 contempo-

2356 1750 2413 1801 οὐ
2470 1752 2792 1821 συνῄσθοντο
2851 1752 3145 1823 σύγχρονον
3199 1749 3360 1807 αὐτὴν
3414 1758 3486 1818 τῷ
3536 1755 3873 1820 Χριστιανισμῷ.

585 1855 855 1903 raneam,
890 1843 946 1892 et
983 1837 1296 1893 batismati
1326 1837 1615 1891 instituto.
1650 1840 1767 1892 Hoc
1798 1842 2005 1892 contra
2035 1836 2248 1891 volun-

587 1934 770 1986 tatem
786 1928 957 1984 nobis
976 1927 1317 1982 concedunt
1344 1944 1356 1981 :
1387 1942 1649 1997 cumque
1678 1942 1780 1998 per
1810 1927 2116 1981 Simonem
2133 1927 2247 1982 Ma-

587 2035 731 2090 gum
770 2016 1104 2088 baptizatos
1136 2016 1196 2069 in
1226 2014 1648 2069 contumeliam
1683 2015 2016 2084 imaginum
2048 2014 2248 2069 subin-

588 2107 930 2171 troducunt,
963 2105 1242 2175 ignorant
1256 2104 1606 2174 semetipsos
1637 2110 2059 2174 repraesentare
2098 2103 2245 2159 ultra

588 2197 681 2253 vel
716 2212 818 2252 eos
848 2194 1013 2267 ipsos
1045 2193 1435 2265 impudentiae
1466 2192 1692 2257 morbo
1724 2192 2090 2248 laborantes.

724 2319 1043 2387 QUESTIO
1077 2317 1330 2374 cxcvm
1363 2316 1580 2387 [CoisL
1617 2296 1911 2388 CCXXVII,
1927 2318 2104 2373 Taur.

1289 2406 1588 2476 ccxvuu.

1049 2533 1131 2587 De
1161 2530 1569 2600 pugnantibus
1596 2530 1809 2586 verbis.

2357 1844 2445 1890 καὶ
2493 1846 2564 1908 τῷ
2625 1837 2979 1910 βαπτίσματι,
3027 1843 3115 1889 καὶ
3167 1840 3377 1900 ἄκοντες
3436 1837 3873 1909 ἇινοι.ι.ολογλύσαντες⁴

2360 1925 2430 1980 δι’
2480 1929 2546 1978 ὧν
2593 1925 2650 1979 δὲ
2695 1924 2832 1999 μηδὲ
2874 1931 2991 1988 τούς
3036 1933 3153 1999 περὶ
3193 1933 3396 1999 Σίμωνα
3444 1931 3627 1983 ταύτην
3674 1924 3879 1995 ἐνυϐρίσαι

2361 2015 2739 2088 βαπτισθέντας
2791 2018 3223 2090 παρεισάγουσιν,
3280 2017 3485 2069 ἐκείνων
3541 2016 3673 2068 πλέον
3722 2014 3879 2071 ἑαυτοὺς

2357 2112 2681 2167 νοσήσαντας
2748 2111 2841 2165 τὴν
2922 2106 3292 2179 ἀγνωμοσύνην
3365 2114 3703 2180 παριστῶντες
3751 2102 3881 2154 ἐπελά-

2362 2198 2528 2249 θοντο.

2898 2325 3212 2374 Ernruzlz
3250 2304 3407 2379 PSH'.

2822 2536 2948 2607 Περὶ
2974 2536 3285 2605 μαχομένων
3311 2532 3505 2607 ῥητῶν.

1300 2670 1455 2719 Edita
1490 2684 1523 2720 θ,
1554 2670 1881 2720 Montacutio
1913 2676 2016 2733 (ep.
2055 2672 2114 2720 43
2143 2672 2211 2721 ad
2244 2672 2400 2722 Leon.
2433 2688 2485 2737 p.
2517 2675 2615 2736 99),
2642 2701 2705 2709 —
2733 2674 2789 2723 In
2816 2673 3000 2723 Matth.
3026 2688 3131 2730 nx,
3163 2674 3240 2723 21.

666 2780 858 2836 Grave
903 2779 1049 2835 reris
1087 2782 1143 2835 et
1182 2776 1621 2833 intolerandum
1676 2777 2022 2833 mandatum
2075 2777 2241 2845 illud,

597 2869 836 2926 «Vende
866 2884 1001 2941 quin
1022 2868 1203 2923 habes
1235 2872 1290 2923 et
1318 2867 1794 2939 dapauperibus.
1818 2888 1840 2917 ν
1873 2870 2023 2937 Ergo
2053 2872 2243 2924 autem

593 2960 672 3016 ob
702 2960 816 3015 hoc
847 2958 1045 3031 ipsum
1073 2957 1289 3028 jugum
1329 2956 1561 3011 Domini
1598 2961 1655 3010 ut
1686 2956 1976 3027 placidum
2010 2962 2063 3012 et
2092 2973 2245 3012 onus

591 3050 719 3107 leve
752 3049 1093 3105 existimare
1125 3052 1179 3103 te
1213 3062 1514 3118 cuperem.
1555 3045 1724 3101 Jubet
1764 3046 1920 3101 enim
1956 3062 2109 3102 onus
2147 3047 2246 3102 de-

592 3155 815 3211 ponere
838 3137 1148 3203 Dominus,
1178 3142 1230 3192 et
1262 3152 1543 3191 curarum
1566 3140 1825 3205 segetem
1854 3141 2032 3208 atque
2062 3140 2247 3191 tenta-

595 3230 823 3285 tionum
855 3232 1285 3289 excutere,non
1315 3230 1517 3281 autem
1556 3225 1823 3280 humeris
1860 3241 2014 3280 onus
2054 3225 2245 3296 impo-

595 3318 775 3371 situm
807 3321 1056 3383 gestare.
1088 3314 1262 3369 Jubet
1300 3313 1400 3369 illa
1430 3312 1838 3383 indigentibus
1867 3313 2241 3377 distribuere,

2431 2800 2457 2832 «
2490 2781 2739 2840 Πωλησόν
2787 2801 2879 2834 σου
2924 2783 2987 2833 τὰ
3017 2782 3329 2855 ὑπάρχοντα
3372 2786 3466 2832 καὶ
3509 2777 3595 2840 δός
3636 2782 3841 2848 πτωχοῖς,
3872 2794 3887 2815 ι’

2356 2868 2495 2943 βαρύ
2543 2874 2764 2942 νομίζεις
2814 2875 2903 2922 καὶ
2954 2866 3352 2922 δυσϐάστακτον
3406 2874 3465 2921 τό
3509 2867 3763 2938 ἐπίταγμα.
3798 2865 3891 2931 Ἐγὼ

2356 2956 2416 3012 δέ
2464 2979 2520 3012 σε
2569 2956 2662 3011 διὰ
2710 2962 2895 3011 τούτου
2944 2958 3134 3031 μᾶλλον
3183 2960 3304 3033 ὸρᾲν
3351 2957 3483 3021 ἁξιώ
3536 2961 3615 3009 τὸν
3657 2957 3789 3024 ζυγόν
3823 2958 3892 3003 Κυ-

2353 3054 2491 3121 ρίου,
2538 3051 2605 3111 ὡς
2654 3047 2854 3110 ἀληθῶς
2906 3052 3166 3121 χρηστόν,
3216 3053 3306 3099 καὶ
3355 3051 3415 3099 τό
3472 3051 3669 3121 φορτίον
3714 3042 3892 3114 Enyo»

2357 3144 2543 3209 Φόρτον
2588 3141 2689 3211 γὰρ
2742 3136 3049 3205 ἀποθέσθαι,
3100 3142 3190 3189 καὶ
3235 3146 3333 3188 τῶν
3388 3132 3668 3209 φροντίδων
3705 3138 3779 3183 καὶ
3818 3148 3894 3181 πει·

2353 3236 2567 3301 ρασμῶν
2639 3227 2763 3285 ὕλην
2839 3225 3275 3290 ἀποτινάξασθαι,
3338 3224 3452 3276 ἀλλ’
3511 3225 3601 3277 οὐκ
3670 3217 3896 3277 ἀναλαϐεῖν,

2357 3316 2706 3386 ἐγκελεύεται·
2788 3313 3001 3367 κάκεῖνα
3085 3322 3189 3374 τοῖς
3273 3315 3555 3389 χρῄζουσι
3626 3315 3786 3383 νέμειν,
3833 3312 3895 3357 καί

596 3411 652 3460 et
677 3405 755 3459 ob
788 3402 887 3460 illa
926 3404 1126 3458 relicta
1157 3403 1439 3457 thesauro
1471 3404 1689 3458 caelesti
1722 3402 1999 3457 ditescere
2039 3403 2242 3457 donat.

2357 3406 2467 3456 ἀντὶ
2510 3407 2701 3455 τούτων
2753 3406 3016 3477 θησαυρόν
3067 3402 3306 3455 πλουτεῖν
3363 3408 3457 3455 τὸν
3507 3402 3723 3476 οὐράνιον
3765 3398 3897 3469 ἐχαρί-

596 3493 738 3559 Quae
790 3494 835 3546 si
876 3508 995 3547 non
1036 3490 1491 3555 distribuantur,
1524 3492 1712 3546 otiosa
1753 3497 1808 3546 et
1838 3491 2069 3546 inutilia
2109 3492 2245 3546 huic

592 3582 867 3653 praesenti
895 3581 1020 3634 vita:
1050 3579 1798 3636 reddunturincumbentia
1830 3584 1915 3647 ;et
1940 3597 2078 3635 cum
2108 3580 2245 3635 hinc

594 3669 1036 3732 recesserimus,
1078 3668 1395 3723 destituent
1424 3685 1556 3723 nos.
1594 3670 1882 3733 Quocirca
1922 3670 2065 3724 mihi
2105 3675 2245 3725 nota

598 3758 829 3814 Domini
872 3756 1339 3812 misericordiam
1373 3762 1428 3813 et
1459 3757 1897 3828 inexplicabilis
1931 3758 2247 3829 providen-

595 3847 691 3903 tite
725 3849 1069 3903 varietatem
1102 3844 1487 3918 multiplicem
1520 3847 1721 3918 ;quod
1753 3863 1824 3902 ea
1850 3863 1985 3919 quae
2017 3863 2126 3903 nos
2149 3864 2246 3902 ne-

595 3936 847 3991 cessario
865 3940 918 3990 et
939 3934 1289 3990 reluctantes
1305 3941 1763 4008 consequentur,
1790 3936 1887 3991 illa
1907 3941 1923 4002 (
1952 3936 2245 3991 voluntate

596 4031 827 4082 tantum
855 4024 1172 4080 accedente
1197 4023 1210 4084 )
1245 4030 1532 4097 tanquam
1562 4026 1829 4097 proprios
1852 4042 1986 4081 cum
2012 4025 2246 4081 labores

597 4120 722 4170 tum
771 4114 999 4169 fructus
1031 4114 1489 4184 amplectamur,
1519 4121 1573 4169 et
1603 4118 1894 4186 tanquam
1927 4116 2133 4169 omnia
2165 4131 2247 4169 re-

595 4203 855 4259 ctissime
887 4203 1394 4268 administrantes,
1429 4204 1531 4275 qui
1565 4202 1945 4258 solummodo
1978 4204 2245 4275 proposi-

591 4299 718 4348 tum
734 4290 1261 4355 adhibuerimus,in
1275 4307 1525 4361 regnum
1544 4291 1761 4346 cmloru
1774 4309 1830 4346 m
1846 4297 2149 4364 susceptos
2164 4292 2247 4347 in-

594 4382 937 4439 troduxerit.
970 4402 997 4431 «
1028 4380 1228 4435 Venite
1246 4381 1426 4450 (enim
1460 4380 1719 4451 inquiet)
1750 4381 2042 4436 benedicti
2057 4382 2244 4438 Patris

596 4473 731 4536 mei,
766 4470 1062 4543 possidete
1098 4485 1348 4537 regnum
1384 4469 1547 4524 vobis
1571 4476 1927 4540 apparatum
1962 4471 2067 4524 ‘5".
2109 4493 2136 4521 ››

669 4560 995 4627 ΟυίΕΞΤΙΟ
1013 4560 1206 4614 CXCIX
1237 4559 1434 4629 [Coisl.
1455 4559 1769 4629 CCXXVlll,
1794 4561 1968 4615 Taur.
1988 4559 2240 4632 CXXIX].
2277 4557 2317 4610 D

2359 3512 2487 3545 σατο
2515 3514 2526 3525 ·
2558 3493 2591 3544 ἂ
2632 3498 2718 3544 καὶ
2763 3496 2834 3564 μὴ
2883 3488 3229 3563 διανεμόντων
3275 3490 3416 3562 ἀργὰ
3464 3498 3554 3543 καὶ
3596 3492 3813 3562 ἄχρηστα
3850 3492 3898 3549 τῷ

2662 3580 2765 3653 βίῳ
2862 3579 3202 3645 ἐναπόκειται,
3283 3579 3498 3633 κάκεῖσε
3586 3578 3897 3652 μεθισταμένων

2357 3669 2577 3722 ἐνταῦθα
2628 3668 3073 3742 καταλιμπανεται
3103 3691 3117 3703 σ
3167 3667 3239 3721 δι’
3298 3671 3323 3721 ὅ
3389 3690 3480 3743 μοι
3544 3673 3712 3722 σκόπει
3758 3663 3897 3735 pulla?

2356 3764 2447 3816 τὴν
2529 3764 2847 3818 Δεσποτικήν
2932 3759 3334 3833 φιλανθρωπίαν,
3411 3764 3504 3810 καὶ
3589 3766 3678 3819 τῆς
3750 3753 3897 3825 ἄρκτον

2358 3853 2607 3921 Προνοίας
2660 3852 2718 3900 τό
2771 3848 3003 3900 ποικίλον
3054 3853 3145 3900 καὶ
3197 3846 3543 3921 πολύτροπον,
3600 3848 3675 3898 ὅτι
3722 3844 3824 3912 οἷπερ
3865 3838 3900 3897 ἐξ

2355 3588 2569 3657 παρόντι
2662 3580 2765 3653 βίῳ
2862 3579 3202 3645 ἐναπόκειται,

2358 3934 2584 4007 ἀνάγκης
2660 3942 2747 3989 καὶ
2817 3940 2961 4009 ἡμῶν
3035 3936 3261 3988 ἀκόντων
3349 3935 3704 3989 ἐπακολουθεῖν
3778 3931 3898 3985 εἷωθε»

2356 4033 2543 4089 ταῦτα,
2569 4032 2775 4099 ’γνώμης
2828 4028 3205 4100 προστεθείσης
3254 4030 3439 4097 μόνης,
3476 4030 3547 4087 ὡς
3600 4025 3793 4081 οἰκείους
3831 4024 3901 4069 πΰο

2355 4134 2475 4175 νους
2517 4120 2603 4166 καὶ
2633 4119 2865 4189 καρπούς
2917 4112 3281 4186 ἀποδέχεσθαι
3310 4132 3322 4144 ⁸
3358 4120 3451 4167 καὶ
3498 4118 3567 4176 ὡς
3608 4117 3663 4164 τό
3700 4116 3782 4163 πῶν
3813 4124 3899 4157 κατ’·

2357 4207 2680 4277 ωρθωκότας,
2750 4210 2869 4266 τοὺς
2938 4210 3097 4276 μόνην
3181 4209 3660 4275 συνεισενεγκόντας
3720 4202 3901 4273 προαίρε·

2360 4312 2440 4345 σιν
2476 4293 2545 4353 εἰς
2575 4293 2667 4351 κλῆ
2675 4313 2762 4367 ρον
2791 4300 2881 4352 τῆς
2907 4293 3067 4344 αὑτοῦ
3100 4291 3373 4364 βασιλείας
3400 4289 3719 4363 ὑποδέχεται
3744 4309 3763 4336 ε
3793 4292 3900 4338 Δεῦτε

2355 4385 2479 4455 γὰρ,
2516 4388 2696 4453 φησιν,
2723 4384 2771 4434 οἱ
2818 4382 3149 4453 εὐλογημένοι
3192 4388 3282 4433 τοῦ
3315 4387 3529 4453 Πατρός
3568 4401 3685 4454 μου,
3712 4377 3897 4448 κληρονοι

2356 4475 2562 4543 μήσατε
2592 4476 2684 4529 τὴν
2710 4473 3100 4543 ἡτοιμασμένην
3130 4471 3251 4541 ύμῖν
3284 4468 3588 4542 βασιλείαν.
3622 4491 3649 4521 ››

2910 4566 3224 4613 ΕΡΩΗΤΣΙΣ
3265 4546 3421 4621 959'.

852 4667 1007 4716 Edita
1026 4680 1058 4715 a
1079 4667 1405 4715 Montacutio
1429 4672 1532 4729 (ep.
1562 4667 1619 4713 50
1648 4666 1713 4714 ad
1744 4666 2006 4729 Sergium,
2035 4682 2086 4730 p.
2118 4668 2310 4729 i03).—
2329 4668 2401 4717 De
2418 4667 2683 4717 solutione
2714 4667 2846 4729 legis
2868 4681 2930 4717 ac
2950 4666 3015 4716 de
3038 4667 3211 4717 verbis
3237 4666 3424 4716 Matth.
3464 4682 3514 4723 ν,
3541 4667 3694 4716 13-17.

664 4788 790 4841 Non
831 4791 917 4840 est
969 4784 1262 4839 sideribus
1305 4800 1374 4839 ex
1412 4782 1688 4855 opposito
1721 4783 1828 4850 sol,
1862 4799 1983 4838 non
2014 4789 2242 4839 contra-

593 4874 777 4929 riatur
798 4874 910 4928 diei
952 4890 1088 4938 nox,
1123 4888 1231 4928 nec
1263 4872 1488 4927 solares
1529 4872 1676 4927 radii
1721 4872 2022 4943 splendori
2044 4872 2198 4942 ignis
2227 4890 2239 4939 ;

596 4962 700 5016 sed
732 4977 838 5017 nec
870 4962 1231 5017 adolescenti
1260 4961 1573 5016 hominum
1605 4967 1830 5016 naturas
1855 4960 2162 5032 perfectior
2188 4971 2243 5017 et

593 5049 780 5104 virilis
808 5058 972 5106 aetas.
997 5051 1286 5121 Adjiciam
1316 5050 1363 5105 si
1389 5050 1615 5122 placet;
1642 5048 1747 5105 sed
1776 5066 1881 5105 nec
1906 5050 2240 5121 astringens

594 5138 866 5209 qualitas,
910 5155 1043 5210 quea
1069 5141 1145 5195 ad
1186 5141 1504 5194 tincturam
1534 5140 1867 5195 coccineam
1908 5138 2239 5209 subjectum

596 5232 865 5297 apparat,
901 5231 1295 5283 contrariatur
1324 5228 1455 5282 ﬂori
1493 5244 1765 5300 purpuraa
1800 5247 1812 5284 :
1857 5228 1957 5284 sed
1989 5244 2097 5283 nec
2138 5229 2239 5283 mi-

593 5315 714 5372 xtio
770 5313 1057 5383 colorum,
1126 5333 1234 5372 nec
1290 5316 1640 5372 assimilatio
1687 5318 2037 5389 imaginum,
2106 5323 2241 5374 ante

670 5450 740 5485 η’
780 5447 984 5505 Matth.
1018 5464 1147 5514 xxv,
1176 5448 1269 5505 34.

654 5668 750 5714 ιμ’
780 5653 915 5717 εἶδος
948 5664 1009 5711 ll.

2424 4785 2534 4836 Οὐκ
2573 4787 2711 4836 ἔστιν
2752 4783 2974 4836 ἐναντίον
3026 4780 3279 4859 ἀστράσιν
3322 4782 3497 4851 ἣλιος,
3539 4780 3660 4836 οὐδὲ
3702 4787 3754 4853 τῇ
3794 4776 3897 4827 νυκτὶ

2352 4876 2538 4945 ἡμέρα,
2574 4870 2695 4925 οὐδὲ
2734 4877 2892 4948 πυρός
2923 4872 3073 4947 αἴγλη
3123 4876 3177 4924 αἱ
3216 4873 3433 4931 ἡλιακαὶ
3482 4872 3676 4932 ἀκτῖνες
3706 4892 3716 4903 ’
3742 4868 3789 4920 οὗ
3824 4870 3893 4933 μέν

2352 4959 2474 5014 οὐδὲ
2524 4962 2781 5035 νεαζούση
2838 4964 3006 5034 φύσει,
3067 4964 3095 5020 ἡ
3157 4963 3270 5013 κατ’
3324 4958 3505 5035 ἄνδρα
3557 4961 3822 5016 τελειότης·
3866 4969 3893 5000 εί

2355 5050 2529 5123 βουλει
2579 5048 2659 5119 δὲ,
2702 5048 2824 5103 οὐδὲ
2870 5054 2899 5109 ἡ
2940 5054 3211 5123 στύφουσαι
3258 5056 3501 5117 ποιότης,
3537 5055 3664 5126 πρὸς
3700 5046 3889 5112 ἀλοηοάν

2354 5138 2522 5212 βαφὴν
2567 5140 2945 5213 εὐτρεπίζουσα
2986 5145 3074 5198 τὴν
3116 5140 3264 5208 ὕλην,
3296 5143 3429 5213 πρός
3479 5144 3539 5193 τό
3570 5149 3662 5201 τῆς
3688 5135 3893 5210 πορφὺδειτις

2352 5232 2505 5289 ἄνθος
2547 5240 2631 5283 (ιί’·
2666 5226 2782 5281 οὐδ’
2814 5232 2842 5288 η
2892 5238 2989 5281 τῶν
3032 5232 3329 5302 χρωμάτων
3372 5236 3593 5301 κρᾶσις,
3625 5232 3705 5280 καὶ
3738 5232 3890 5296 pays"

2355 5338 2437 5381 σις
2494 5328 2591 5371 τῶν
2649 5319 3041 5391 εἰκονισμοίτων,
3093 5326 3209 5381 ταῖς
3264 5322 3716 5395 προτυπωθείσαις
3761 5327 3888 5383 γραβ·

1944 5548 2178 5606 VARUE
2202 5551 2488 5607 LECTION
2500 5552 2597 5608 ES.
