  <div class='ocr_page' id='page_1' title='image "/cluster/home/n/w/nwhite01/storage/ocr_20150623/101/hvd.32044054112305/488.png"; bbox 0 0 4026 6196; ppageno 0'>
   <div class='ocr_carea' id='block_1_1' title="bbox 159 255 3560 360">
    <p class='ocr_par' dir='ltr' id='par_1_1' title="bbox 159 255 3560 360">
     <span class='ocr_line' id='line_1_1' title="bbox 159 255 3560 360; baseline 0.001 -12"><span class='ocrx_word' id='word_1_1' title='bbox 159 293 267 348; x_wconf 82' lang='lat'><strong>937</strong></span> <span class='ocrx_word' id='word_1_2' title='bbox 1021 289 1116 345; x_wconf 82' lang='lat' dir='ltr'>AD</span> <span class='ocrx_word' id='word_1_3' title='bbox 1157 283 1702 346; x_wconf 83' lang='lat' dir='ltr'>AMPHILOCHIUM</span> <span class='ocrx_word' id='word_1_4' title='bbox 1744 281 2072 352; x_wconf 65' lang='lat' dir='ltr'>QUESTIO</span> <span class='ocrx_word' id='word_1_5' title='bbox 2113 255 2399 360; x_wconf 81' lang='lat' dir='ltr'>CXCVIII,</span> <span class='ocrx_word' id='word_1_6' title='bbox 2445 290 2676 348; x_wconf 82' lang='lat' dir='ltr'>CXCIX.</span> <span class='ocrx_word' id='word_1_7' title='bbox 3393 263 3560 353; x_wconf 32' lang='lat' dir='ltr'>&#39;93s</span> 
     </span>
    </p>
   </div>
   <div class='ocr_carea' id='block_1_2' title="bbox 160 410 1765 492">
    <p class='ocr_par' dir='ltr' id='par_1_2' title="bbox 160 412 1762 492">
     <span class='ocr_line' id='line_1_2' title="bbox 160 412 1762 492; baseline -0.006 -21"><span class='ocrx_word' id='word_1_8' title='bbox 160 426 287 486; x_wconf 84' lang='grc' dir='ltr'>μαίς</span> <span class='ocrx_word' id='word_1_9' title='bbox 314 422 405 470; x_wconf 86' lang='grc' dir='ltr'>καὶ</span> <span class='ocrx_word' id='word_1_10' title='bbox 427 418 747 492; x_wconf 80' lang='grc' dir='ltr'>χαράγμασι</span> <span class='ocrx_word' id='word_1_11' title='bbox 790 424 889 469; x_wconf 86' lang='grc' dir='ltr'>τῶν</span> <span class='ocrx_word' id='word_1_12' title='bbox 935 418 1298 488; x_wconf 83' lang='grc' dir='ltr'>σκιασμάτων,</span> <span class='ocrx_word' id='word_1_13' title='bbox 1333 420 1396 468; x_wconf 88' lang='grc' dir='ltr'>Τί</span> <span class='ocrx_word' id='word_1_14' title='bbox 1428 412 1487 468; x_wconf 65' lang='grc' dir='ltr'>δὲ</span> <span class='ocrx_word' id='word_1_15' title='bbox 1518 412 1762 486; x_wconf 81' lang='grc' dir='ltr'>βούλεται</span> 
     </span>
    </p>
   </div>
   <div class='ocr_carea' id='block_1_3' title="bbox 1876 410 3526 492">
    <p class='ocr_par' dir='ltr' id='par_1_3' title="bbox 1876 410 3526 492">
     <span class='ocr_line' id='line_1_3' title="bbox 1876 410 3526 492; baseline 0.008 -27"><span class='ocrx_word' id='word_1_16' title='bbox 1876 410 2066 467; x_wconf 90' lang='lat' dir='ltr'>ductis</span> <span class='ocrx_word' id='word_1_17' title='bbox 2121 413 2292 471; x_wconf 83' lang='lat' dir='ltr'>lineis</span> <span class='ocrx_word' id='word_1_18' title='bbox 2325 421 2383 472; x_wconf 89' lang='lat' dir='ltr'>et</span> <span class='ocrx_word' id='word_1_19' title='bbox 2419 417 2949 474; x_wconf 90' lang='lat' dir='ltr'>adumbrationum</span> <span class='ocrx_word' id='word_1_20' title='bbox 3018 417 3526 492; x_wconf 82' lang='lat' dir='ltr'>descriptionibus</span> 
     </span>
    </p>
   </div>
   <div class='ocr_carea' id='block_1_4' title="bbox 162 499 1765 580">
    <p class='ocr_par' dir='ltr' id='par_1_4' title="bbox 162 499 1760 580">
     <span class='ocr_line' id='line_1_4' title="bbox 162 499 1760 580; baseline -0.006 -20"><span class='ocrx_word' id='word_1_21' title='bbox 162 511 191 567; x_wconf 79' lang='grc' dir='ltr'>ἡ</span> <span class='ocrx_word' id='word_1_22' title='bbox 226 517 326 560; x_wconf 85' lang='grc' dir='ltr'>τῶν</span> <span class='ocrx_word' id='word_1_23' title='bbox 366 503 658 558; x_wconf 77' lang='grc' dir='ltr'>δοκούντων</span> <span class='ocrx_word' id='word_1_24' title='bbox 703 505 1026 558; x_wconf 75' lang='grc' dir='ltr'>ἀντικεῖσθαι</span> <span class='ocrx_word' id='word_1_25' title='bbox 1074 508 1380 580; x_wconf 79' lang='grc' dir='ltr'>παράθεσις,</span> <span class='ocrx_word' id='word_1_26' title='bbox 1412 509 1505 563; x_wconf 77' lang='grc' dir='ltr'>τὴν</span> <span class='ocrx_word' id='word_1_27' title='bbox 1539 499 1760 558; x_wconf 78' lang='grc' dir='ltr'>δόκησιν</span> 
     </span>
    </p>
   </div>
   <div class='ocr_carea' id='block_1_5' title="bbox 1876 499 3527 580">
    <p class='ocr_par' dir='ltr' id='par_1_5' title="bbox 1876 501 3527 580">
     <span class='ocr_line' id='line_1_5' title="bbox 1876 501 3527 580; baseline 0.007 -25"><span class='ocrx_word' id='word_1_28' title='bbox 1876 501 2282 560; x_wconf 79' lang='lat' dir='ltr'>adversantur.</span> <span class='ocrx_word' id='word_1_29' title='bbox 2308 506 2458 571; x_wconf 86' lang='lat' dir='ltr'>Quid</span> <span class='ocrx_word' id='word_1_30' title='bbox 2483 523 2622 563; x_wconf 87' lang='lat' dir='ltr'>vero</span> <span class='ocrx_word' id='word_1_31' title='bbox 2649 508 2762 563; x_wconf 89' lang='lat' dir='ltr'>sibi</span> <span class='ocrx_word' id='word_1_32' title='bbox 2789 507 2908 563; x_wconf 84' lang='lat' dir='ltr'>vult</span> <span class='ocrx_word' id='word_1_33' title='bbox 2932 523 3132 562; x_wconf 89' lang='lat' dir='ltr'>rerum</span> <span class='ocrx_word' id='word_1_34' title='bbox 3163 525 3294 580; x_wconf 68' lang='lat' dir='ltr'>quae</span> <span class='ocrx_word' id='word_1_35' title='bbox 3325 510 3527 565; x_wconf 86' lang='lat' dir='ltr'>viden-</span> 
     </span>
    </p>
   </div>
   <div class='ocr_carea' id='block_1_6' title="bbox 1872 593 3530 672">
    <p class='ocr_par' dir='ltr' id='par_1_6' title="bbox 1872 593 3530 672">
     <span class='ocr_line' id='line_1_6' title="bbox 1872 593 3530 672; baseline 0.008 -29"><span class='ocrx_word' id='word_1_36' title='bbox 1872 595 1967 645; x_wconf 91' lang='lat' dir='ltr'>tur</span> <span class='ocrx_word' id='word_1_37' title='bbox 1987 593 2065 647; x_wconf 93' lang='lat' dir='ltr'>ad</span> <span class='ocrx_word' id='word_1_38' title='bbox 2091 595 2432 665; x_wconf 88' lang='lat' dir='ltr'>oppositum</span> <span class='ocrx_word' id='word_1_39' title='bbox 2453 597 2707 660; x_wconf 81' lang='lat' dir='ltr'>collatio,</span> <span class='ocrx_word' id='word_1_40' title='bbox 2727 613 2863 668; x_wconf 78' lang='lat' dir='ltr'>quae</span> <span class='ocrx_word' id='word_1_41' title='bbox 2895 598 3328 654; x_wconf 88' lang='lat' dir='ltr'>contrarietatis</span> <span class='ocrx_word' id='word_1_42' title='bbox 3345 615 3530 672; x_wconf 88' lang='lat' dir='ltr'>appa-</span> 
     </span>
    </p>
   </div>
   <div class='ocr_carea' id='block_1_7' title="bbox 1872 681 3529 757">
    <p class='ocr_par' dir='ltr' id='par_1_7' title="bbox 1872 681 3529 757">
     <span class='ocr_line' id='line_1_7' title="bbox 1872 681 3529 757; baseline 0.005 -23"><span class='ocrx_word' id='word_1_43' title='bbox 1872 681 2126 737; x_wconf 90' lang='lat' dir='ltr'>rentiam</span> <span class='ocrx_word' id='word_1_44' title='bbox 2174 699 2280 754; x_wconf 90' lang='lat' dir='ltr'>per</span> <span class='ocrx_word' id='word_1_45' title='bbox 2341 685 2531 756; x_wconf 86' lang='lat' dir='ltr'>ipsam</span> <span class='ocrx_word' id='word_1_46' title='bbox 2586 687 3098 757; x_wconf 89' lang='lat' dir='ltr'>comparationem</span> <span class='ocrx_word' id='word_1_47' title='bbox 3156 687 3443 744; x_wconf 81' lang='lat' dir='ltr'>subvertit</span> <span class='ocrx_word' id='word_1_48' title='bbox 3499 689 3529 743; x_wconf 85' lang='lat'><strong>?</strong></span> 
     </span>
    </p>
   </div>
   <div class='ocr_carea' id='block_1_8' title="bbox 1871 769 3530 845">
    <p class='ocr_par' dir='ltr' id='par_1_8' title="bbox 1871 769 3530 845">
     <span class='ocr_line' id='line_1_8' title="bbox 1871 769 3530 845; baseline 0.005 -22"><span class='ocrx_word' id='word_1_49' title='bbox 1871 769 2089 840; x_wconf 79' lang='lat' dir='ltr'>Nempe</span> <span class='ocrx_word' id='word_1_50' title='bbox 2118 785 2239 826; x_wconf 91' lang='lat' dir='ltr'>non</span> <span class='ocrx_word' id='word_1_51' title='bbox 2299 773 2844 845; x_wconf 85' lang='lat' dir='ltr'>(quemadmodum</span> <span class='ocrx_word' id='word_1_52' title='bbox 2891 775 2994 830; x_wconf 82' lang='lat' dir='ltr'>tibi</span> <span class='ocrx_word' id='word_1_53' title='bbox 3027 774 3304 831; x_wconf 90' lang='lat' dir='ltr'>dubitare</span> <span class='ocrx_word' id='word_1_54' title='bbox 3335 776 3530 832; x_wconf 88' lang='lat' dir='ltr'>visum</span> 
     </span>
    </p>
   </div>
   <div class='ocr_carea' id='block_1_9' title="bbox 1871 857 3532 930">
    <p class='ocr_par' dir='ltr' id='par_1_9' title="bbox 1871 857 3532 930">
     <span class='ocr_line' id='line_1_9' title="bbox 1871 857 3532 930; baseline 0.007 -21"><span class='ocrx_word' id='word_1_55' title='bbox 1871 857 1980 928; x_wconf 89' lang='lat' dir='ltr'>est)</span> <span class='ocrx_word' id='word_1_56' title='bbox 2007 859 2193 928; x_wconf 88' lang='lat' dir='ltr'>gratia</span> <span class='ocrx_word' id='word_1_57' title='bbox 2220 860 2335 930; x_wconf 83' lang='lat' dir='ltr'>legi</span> <span class='ocrx_word' id='word_1_58' title='bbox 2376 863 2789 919; x_wconf 88' lang='lat' dir='ltr'>contrariatur.</span> <span class='ocrx_word' id='word_1_59' title='bbox 2819 863 2984 920; x_wconf 88' lang='lat' dir='ltr'>Certe</span> <span class='ocrx_word' id='word_1_60' title='bbox 3014 864 3109 920; x_wconf 85' lang='lat' dir='ltr'>lex</span> <span class='ocrx_word' id='word_1_61' title='bbox 3137 865 3532 922; x_wconf 88' lang='lat' dir='ltr'>manuductio</span> 
     </span>
    </p>
   </div>
   <div class='ocr_carea' id='block_1_10' title="bbox 1869 947 3534 1026">
    <p class='ocr_par' dir='ltr' id='par_1_10' title="bbox 1869 947 3534 1026">
     <span class='ocr_line' id='line_1_10' title="bbox 1869 947 3534 1026; baseline 0.005 -26"><span class='ocrx_word' id='word_1_62' title='bbox 1869 947 2149 1017; x_wconf 74' lang='lat' dir='ltr'>quaedam</span> <span class='ocrx_word' id='word_1_63' title='bbox 2181 955 2284 1015; x_wconf 89' lang='lat' dir='ltr'>est,</span> <span class='ocrx_word' id='word_1_64' title='bbox 2320 954 2836 1023; x_wconf 69' lang='lat' dir='ltr'>prmannuntiatio,</span> <span class='ocrx_word' id='word_1_65' title='bbox 2863 955 3274 1020; x_wconf 85' lang='lat' dir='ltr'>consonantia,</span> <span class='ocrx_word' id='word_1_66' title='bbox 3301 970 3534 1026; x_wconf 71' lang='lat' dir='ltr'>praepa-</span> 
     </span>
    </p>
   </div>
   <div class='ocr_carea' id='block_1_11' title="bbox 1871 1036 3533 1114">
    <p class='ocr_par' dir='ltr' id='par_1_11' title="bbox 1871 1036 3533 1114">
     <span class='ocr_line' id='line_1_11' title="bbox 1871 1036 3533 1114; baseline 0.005 -24"><span class='ocrx_word' id='word_1_67' title='bbox 1871 1036 2040 1105; x_wconf 89' lang='lat' dir='ltr'>ratio,</span> <span class='ocrx_word' id='word_1_68' title='bbox 2081 1040 2180 1095; x_wconf 86' lang='lat' dir='ltr'>via</span> <span class='ocrx_word' id='word_1_69' title='bbox 2236 1045 2291 1095; x_wconf 92' lang='lat' dir='ltr'>et</span> <span class='ocrx_word' id='word_1_70' title='bbox 2351 1049 2702 1113; x_wconf 87' lang='lat' dir='ltr'>apparatus,</span> <span class='ocrx_word' id='word_1_71' title='bbox 2737 1048 2794 1098; x_wconf 90' lang='lat' dir='ltr'>et</span> <span class='ocrx_word' id='word_1_72' title='bbox 2825 1043 2870 1095; x_wconf 89' lang='lat' dir='ltr'>si</span> <span class='ocrx_word' id='word_1_73' title='bbox 2903 1059 3038 1114; x_wconf 85' lang='lat' dir='ltr'>quae</span> <span class='ocrx_word' id='word_1_74' title='bbox 3108 1043 3224 1099; x_wconf 91' lang='lat' dir='ltr'>alia</span> <span class='ocrx_word' id='word_1_75' title='bbox 3262 1049 3419 1108; x_wconf 88' lang='lat' dir='ltr'>sunt,</span> <span class='ocrx_word' id='word_1_76' title='bbox 3454 1043 3533 1099; x_wconf 91' lang='lat' dir='ltr'>ad</span> 
     </span>
    </p>
   </div>
   <div class='ocr_carea' id='block_1_12' title="bbox 1873 1127 3533 1204">
    <p class='ocr_par' dir='ltr' id='par_1_12' title="bbox 1873 1127 3533 1204">
     <span class='ocr_line' id='line_1_12' title="bbox 1873 1127 3533 1204; baseline 0.004 -24"><span class='ocrx_word' id='word_1_77' title='bbox 1873 1127 2146 1194; x_wconf 83' lang='lat' dir='ltr'>gratiam.</span> <span class='ocrx_word' id='word_1_78' title='bbox 2168 1128 2268 1184; x_wconf 85' lang='lat' dir='ltr'>Est</span> <span class='ocrx_word' id='word_1_79' title='bbox 2287 1131 2444 1185; x_wconf 93' lang='lat' dir='ltr'>enim</span> <span class='ocrx_word' id='word_1_80' title='bbox 2481 1131 2668 1200; x_wconf 89' lang='lat' dir='ltr'>gratia</span> <span class='ocrx_word' id='word_1_81' title='bbox 2690 1132 3128 1188; x_wconf 81' lang='lat' dir='ltr'>consummatio</span> <span class='ocrx_word' id='word_1_82' title='bbox 3161 1149 3172 1186; x_wconf 93' lang='lat'><strong>:</strong></span> <span class='ocrx_word' id='word_1_83' title='bbox 3196 1149 3333 1204; x_wconf 65' lang='lat' dir='ltr'>quive</span> <span class='ocrx_word' id='word_1_84' title='bbox 3357 1133 3533 1204; x_wconf 89' lang='lat' dir='ltr'>perti-</span> 
     </span>
    </p>
   </div>
   <div class='ocr_carea' id='block_1_13' title="bbox 161 592 1764 667">
    <p class='ocr_par' dir='ltr' id='par_1_13' title="bbox 161 592 1764 667">
     <span class='ocr_line' id='line_1_13' title="bbox 161 592 1764 667; baseline -0.004 -19"><span class='ocrx_word' id='word_1_85' title='bbox 161 605 259 658; x_wconf 83' lang='grc' dir='ltr'>τῆς</span> <span class='ocrx_word' id='word_1_86' title='bbox 318 596 662 656; x_wconf 80' lang='grc' dir='ltr'>ἐναντιώσεως</span> <span class='ocrx_word' id='word_1_87' title='bbox 727 593 779 657; x_wconf 80' lang='grc' dir='ltr'><strong>ἐξ</strong></span> <span class='ocrx_word' id='word_1_88' title='bbox 830 594 994 667; x_wconf 76' lang='grc' dir='ltr'>αὐτῇς</span> <span class='ocrx_word' id='word_1_89' title='bbox 1049 593 1412 667; x_wconf 78' lang='grc' dir='ltr'>ἀνατρέπουσα</span> <span class='ocrx_word' id='word_1_90' title='bbox 1455 606 1478 634; x_wconf 76' lang='lat'><strong><em>8</em></strong></span> <span class='ocrx_word' id='word_1_91' title='bbox 1534 592 1764 665; x_wconf 78' lang='grc' dir='ltr'>παραθέ-</span> 
     </span>
    </p>
   </div>
   <div class='ocr_carea' id='block_1_14' title="bbox 164 679 1761 757">
    <p class='ocr_par' dir='ltr' id='par_1_14' title="bbox 164 679 1761 757">
     <span class='ocr_line' id='line_1_14' title="bbox 164 679 1761 757; baseline -0.004 -20"><span class='ocrx_word' id='word_1_92' title='bbox 164 701 336 751; x_wconf 85' lang='grc' dir='ltr'>σεως;</span> <span class='ocrx_word' id='word_1_93' title='bbox 388 680 525 749; x_wconf 68' lang='grc' dir='ltr'>οὐδ’,</span> <span class='ocrx_word' id='word_1_94' title='bbox 558 685 679 757; x_wconf 87' lang='grc' dir='ltr'>ὅπερ</span> <span class='ocrx_word' id='word_1_95' title='bbox 733 683 891 744; x_wconf 80' lang='grc' dir='ltr'>αὑτός</span> <span class='ocrx_word' id='word_1_96' title='bbox 943 681 1172 757; x_wconf 88' lang='grc' dir='ltr'>ἀπορεῖς,</span> <span class='ocrx_word' id='word_1_97' title='bbox 1218 679 1333 735; x_wconf 72' lang='grc' dir='ltr'>οὐδ’</span> <span class='ocrx_word' id='word_1_98' title='bbox 1393 683 1423 739; x_wconf 88' lang='grc' dir='ltr'>ἡ</span> <span class='ocrx_word' id='word_1_99' title='bbox 1479 683 1642 752; x_wconf 87' lang='grc' dir='ltr'>χάρις</span> <span class='ocrx_word' id='word_1_100' title='bbox 1692 685 1761 747; x_wconf 83' lang='grc' dir='ltr'>τῷ</span> 
     </span>
    </p>
   </div>
   <div class='ocr_carea' id='block_1_15' title="bbox 161 768 1760 845">
    <p class='ocr_par' dir='ltr' id='par_1_15' title="bbox 161 768 1760 845">
     <span class='ocr_line' id='line_1_15' title="bbox 161 768 1760 845; baseline -0.004 -19"><span class='ocrx_word' id='word_1_101' title='bbox 161 779 300 845; x_wconf 81' lang='grc' dir='ltr'>νόμῳ</span> <span class='ocrx_word' id='word_1_102' title='bbox 356 771 637 825; x_wconf 85' lang='grc' dir='ltr'>ἀντίκειται</span> <span class='ocrx_word' id='word_1_103' title='bbox 669 791 682 806; x_wconf 77' lang='grc' dir='ltr'><strong><em>ο</em></strong></span> <span class='ocrx_word' id='word_1_104' title='bbox 743 777 1072 845; x_wconf 86' lang='grc' dir='ltr'>χειραγωγία</span> <span class='ocrx_word' id='word_1_105' title='bbox 1145 768 1204 824; x_wconf 75' lang='grc' dir='ltr'>δὲ</span> <span class='ocrx_word' id='word_1_106' title='bbox 1271 775 1362 823; x_wconf 88' lang='grc' dir='ltr'>καὶ</span> <span class='ocrx_word' id='word_1_107' title='bbox 1419 768 1760 842; x_wconf 82' lang='grc' dir='ltr'>προάγγελος,</span> 
     </span>
    </p>
   </div>
   <div class='ocr_carea' id='block_1_16' title="bbox 165 856 1762 935">
    <p class='ocr_par' dir='ltr' id='par_1_16' title="bbox 165 856 1762 935">
     <span class='ocr_line' id='line_1_16' title="bbox 165 856 1762 935; baseline -0.004 -20"><span class='ocrx_word' id='word_1_108' title='bbox 165 867 442 935; x_wconf 87' lang='grc' dir='ltr'>συμφωνία</span> <span class='ocrx_word' id='word_1_109' title='bbox 492 880 546 914; x_wconf 89' lang='grc' dir='ltr'>τε</span> <span class='ocrx_word' id='word_1_110' title='bbox 599 866 685 914; x_wconf 79' lang='grc' dir='ltr'>καὶ</span> <span class='ocrx_word' id='word_1_111' title='bbox 734 865 1160 933; x_wconf 65' lang='grc' dir='ltr'>προκατααευή,</span> <span class='ocrx_word' id='word_1_112' title='bbox 1208 865 1298 912; x_wconf 84' lang='grc' dir='ltr'>καὶ</span> <span class='ocrx_word' id='word_1_113' title='bbox 1355 856 1480 921; x_wconf 81' lang='grc' dir='ltr'>ὁδός</span> <span class='ocrx_word' id='word_1_114' title='bbox 1530 860 1762 930; x_wconf 81' lang='grc' dir='ltr'>ὑπάρχει</span> 
     </span>
    </p>
   </div>
   <div class='ocr_carea' id='block_1_17' title="bbox 161 950 1761 1027">
    <p class='ocr_par' dir='ltr' id='par_1_17' title="bbox 161 950 1761 1027">
     <span class='ocr_line' id='line_1_17' title="bbox 161 950 1761 1027; baseline -0.004 -23"><span class='ocrx_word' id='word_1_115' title='bbox 161 957 252 1004; x_wconf 78' lang='grc' dir='ltr'>καὶ</span> <span class='ocrx_word' id='word_1_116' title='bbox 305 955 632 1027; x_wconf 79' lang='grc' dir='ltr'>παρασκευὴ,</span> <span class='ocrx_word' id='word_1_117' title='bbox 693 956 784 1002; x_wconf 77' lang='grc' dir='ltr'>καὶ</span> <span class='ocrx_word' id='word_1_118' title='bbox 838 953 906 1002; x_wconf 82' lang='grc' dir='ltr'>τὰ</span> <span class='ocrx_word' id='word_1_119' title='bbox 959 950 1088 1002; x_wconf 83' lang='grc' dir='ltr'>ἄλλα</span> <span class='ocrx_word' id='word_1_120' title='bbox 1139 952 1325 1013; x_wconf 89' lang='grc' dir='ltr'>πάντα,</span> <span class='ocrx_word' id='word_1_121' title='bbox 1381 951 1406 1000; x_wconf 94' lang='lat'>6</span> <span class='ocrx_word' id='word_1_122' title='bbox 1463 952 1612 1020; x_wconf 88' lang='grc' dir='ltr'>νόμος</span> <span class='ocrx_word' id='word_1_123' title='bbox 1667 955 1761 1008; x_wconf 87' lang='grc' dir='ltr'>τῆς</span> 
     </span>
    </p>
   </div>
   <div class='ocr_carea' id='block_1_18' title="bbox 161 1038 1764 1117">
    <p class='ocr_par' dir='ltr' id='par_1_18' title="bbox 161 1038 1764 1117">
     <span class='ocr_line' id='line_1_18' title="bbox 161 1038 1764 1117; baseline -0.004 -25"><span class='ocrx_word' id='word_1_124' title='bbox 161 1044 406 1117; x_wconf 83' lang='grc' dir='ltr'>χάριτος.</span> <span class='ocrx_word' id='word_1_125' title='bbox 453 1039 724 1100; x_wconf 85' lang='grc' dir='ltr'>Τελείωσις</span> <span class='ocrx_word' id='word_1_126' title='bbox 911 1042 1010 1113; x_wconf 88' lang='grc' dir='ltr'>γάρ</span> <span class='ocrx_word' id='word_1_127' title='bbox 1066 1038 1204 1091; x_wconf 87' lang='grc' dir='ltr'>ἐστιν</span> <span class='ocrx_word' id='word_1_128' title='bbox 1261 1041 1291 1096; x_wconf 84' lang='grc' dir='ltr'><strong>ἠ</strong></span> <span class='ocrx_word' id='word_1_129' title='bbox 1351 1040 1544 1111; x_wconf 74' lang='grc' dir='ltr'>χάρις’</span> <span class='ocrx_word' id='word_1_130' title='bbox 1594 1039 1764 1088; x_wconf 85' lang='grc' dir='ltr'>πάντα</span> 
     </span>
    </p>
   </div>
   <div class='ocr_carea' id='block_1_19' title="bbox 165 1127 1765 1203">
    <p class='ocr_par' dir='ltr' id='par_1_19' title="bbox 165 1127 1765 1203">
     <span class='ocr_line' id='line_1_19' title="bbox 165 1127 1765 1203; baseline -0.004 -20"><span class='ocrx_word' id='word_1_131' title='bbox 165 1129 245 1195; x_wconf 68' lang='grc' dir='ltr'>δὲ,</span> <span class='ocrx_word' id='word_1_132' title='bbox 304 1133 406 1183; x_wconf 86' lang='grc' dir='ltr'>ὅσα</span> <span class='ocrx_word' id='word_1_133' title='bbox 479 1138 574 1190; x_wconf 86' lang='grc' dir='ltr'>τῆς</span> <span class='ocrx_word' id='word_1_134' title='bbox 626 1129 946 1196; x_wconf 79' lang='grc' dir='ltr'>τελειώσεως,</span> <span class='ocrx_word' id='word_1_135' title='bbox 1001 1133 1386 1203; x_wconf 79' lang='grc' dir='ltr'>προϋφέστηκεν</span> <span class='ocrx_word' id='word_1_136' title='bbox 1419 1148 1432 1160; x_wconf 90' lang='grc'><strong>·</strong></span> <span class='ocrx_word' id='word_1_137' title='bbox 1475 1127 1765 1199; x_wconf 81' lang='grc' dir='ltr'>ὑπηρετού-</span> 
     </span>
    </p>
   </div>
   <div class='ocr_carea' id='block_1_20' title="bbox 163 1215 1762 1294">
    <p class='ocr_par' dir='ltr' id='par_1_20' title="bbox 163 1215 1762 1294">
     <span class='ocr_line' id='line_1_20' title="bbox 163 1215 1762 1294; baseline -0.005 -21"><span class='ocrx_word' id='word_1_138' title='bbox 163 1240 310 1294; x_wconf 83' lang='grc' dir='ltr'>μενος</span> <span class='ocrx_word' id='word_1_139' title='bbox 362 1222 388 1271; x_wconf 94' lang='lat'>6</span> <span class='ocrx_word' id='word_1_140' title='bbox 438 1224 594 1292; x_wconf 88' lang='grc' dir='ltr'>νόμος</span> <span class='ocrx_word' id='word_1_141' title='bbox 650 1215 869 1290; x_wconf 81' lang='grc' dir='ltr'>ἐδείχθη</span> <span class='ocrx_word' id='word_1_142' title='bbox 943 1226 1004 1290; x_wconf 77' lang='grc' dir='ltr'>τῇ</span> <span class='ocrx_word' id='word_1_143' title='bbox 1061 1219 1249 1290; x_wconf 88' lang='grc' dir='ltr'>χάριτι</span> <span class='ocrx_word' id='word_1_144' title='bbox 1281 1237 1296 1250; x_wconf 75' lang='grc' dir='ltr'>ο</span> <span class='ocrx_word' id='word_1_145' title='bbox 1350 1215 1762 1287; x_wconf 80' lang='grc' dir='ltr'>ἐχειραγὼγησε,</span> 
     </span>
    </p>
   </div>
   <div class='ocr_carea' id='block_1_21' title="bbox 164 1303 1762 1384">
    <p class='ocr_par' dir='ltr' id='par_1_21' title="bbox 164 1303 1762 1384">
     <span class='ocr_line' id='line_1_21' title="bbox 164 1303 1762 1384; baseline -0.006 -21"><span class='ocrx_word' id='word_1_146' title='bbox 164 1309 504 1384; x_wconf 80' lang='grc' dir='ltr'>προεκήρυξε,</span> <span class='ocrx_word' id='word_1_147' title='bbox 558 1312 981 1380; x_wconf 77' lang='grc' dir='ltr'>προητοίμασε-νο</span> <span class='ocrx_word' id='word_1_148' title='bbox 1020 1305 1146 1369; x_wconf 78' lang='grc' dir='ltr'>ὁδός</span> <span class='ocrx_word' id='word_1_149' title='bbox 1196 1312 1285 1358; x_wconf 82' lang='grc' dir='ltr'>καὶ</span> <span class='ocrx_word' id='word_1_150' title='bbox 1336 1309 1498 1366; x_wconf 82' lang='grc' dir='ltr'>τύπος</span> <span class='ocrx_word' id='word_1_151' title='bbox 1548 1303 1762 1375; x_wconf 79' lang='grc' dir='ltr'>ἐγένετο,</span> 
     </span>
    </p>
   </div>
   <div class='ocr_carea' id='block_1_22' title="bbox 163 1393 1764 1470">
    <p class='ocr_par' dir='ltr' id='par_1_22' title="bbox 163 1393 1764 1470">
     <span class='ocr_line' id='line_1_22' title="bbox 163 1393 1764 1470; baseline -0.005 -18"><span class='ocrx_word' id='word_1_152' title='bbox 163 1399 212 1452; x_wconf 80' lang='grc' dir='ltr'>ἐν</span> <span class='ocrx_word' id='word_1_153' title='bbox 265 1400 431 1469; x_wconf 74' lang='grc' dir='ltr'>ἐαυτῷ</span> <span class='ocrx_word' id='word_1_154' title='bbox 476 1398 825 1470; x_wconf 77' lang='grc' dir='ltr'>σχηματίζων</span> <span class='ocrx_word' id='word_1_155' title='bbox 877 1401 966 1448; x_wconf 79' lang='grc' dir='ltr'>καὶ</span> <span class='ocrx_word' id='word_1_156' title='bbox 995 1393 1305 1457; x_wconf 76' lang='grc' dir='ltr'>ὑποδεικνὺς</span> <span class='ocrx_word' id='word_1_157' title='bbox 1341 1400 1434 1452; x_wconf 82' lang='grc' dir='ltr'>τὴν</span> <span class='ocrx_word' id='word_1_158' title='bbox 1479 1393 1720 1451; x_wconf 81' lang='grc' dir='ltr'>ἀλήθειαν</span> <span class='ocrx_word' id='word_1_159' title='bbox 1749 1411 1764 1428; x_wconf 72' lang='grc' dir='ltr'><strong>ο</strong></span> 
     </span>
    </p>
   </div>
   <div class='ocr_carea' id='block_1_23' title="bbox 165 1482 1765 1562">
    <p class='ocr_par' dir='ltr' id='par_1_23' title="bbox 165 1482 1765 1562">
     <span class='ocr_line' id='line_1_23' title="bbox 165 1482 1765 1562; baseline -0.005 -21"><span class='ocrx_word' id='word_1_160' title='bbox 165 1486 316 1541; x_wconf 73' lang='grc' dir='ltr'>οὐδὲν</span> <span class='ocrx_word' id='word_1_161' title='bbox 403 1496 501 1540; x_wconf 86' lang='grc' dir='ltr'>τῶν</span> <span class='ocrx_word' id='word_1_162' title='bbox 577 1489 1180 1562; x_wconf 86' lang='grc' dir='ltr'>προπαρασκευαζόντων</span> <span class='ocrx_word' id='word_1_163' title='bbox 1256 1486 1561 1557; x_wconf 82' lang='grc' dir='ltr'>ὑστέρησεν.</span> <span class='ocrx_word' id='word_1_164' title='bbox 1629 1482 1765 1536; x_wconf 87' lang='grc' dir='ltr'>Ἀλλ’</span> 
     </span>
    </p>
   </div>
   <div class='ocr_carea' id='block_1_24' title="bbox 164 1575 1769 1650">
    <p class='ocr_par' dir='ltr' id='par_1_24' title="bbox 164 1575 1769 1650">
     <span class='ocr_line' id='line_1_24' title="bbox 164 1575 1769 1650; baseline -0.004 -21"><span class='ocrx_word' id='word_1_165' title='bbox 164 1575 313 1636; x_wconf 70' lang='grc' dir='ltr'>ἦλθεν</span> <span class='ocrx_word' id='word_1_166' title='bbox 370 1578 402 1635; x_wconf 82' lang='grc' dir='ltr'><strong>ἠ</strong></span> <span class='ocrx_word' id='word_1_167' title='bbox 464 1578 624 1650; x_wconf 88' lang='grc' dir='ltr'>χάρις</span> <span class='ocrx_word' id='word_1_168' title='bbox 651 1597 666 1611; x_wconf 77' lang='grc' dir='ltr'><strong>ο</strong></span> <span class='ocrx_word' id='word_1_169' title='bbox 718 1575 1006 1647; x_wconf 74' lang='grc' dir='ltr'>ἐσχόλασεν</span> <span class='ocrx_word' id='word_1_170' title='bbox 1056 1575 1267 1635; x_wconf 78' lang='grc' dir='ltr'>εἰκότως</span> <span class='ocrx_word' id='word_1_171' title='bbox 1306 1575 1330 1625; x_wconf 93' lang='lat'>6</span> <span class='ocrx_word' id='word_1_172' title='bbox 1377 1578 1531 1645; x_wconf 89' lang='grc' dir='ltr'>νόμος</span> <span class='ocrx_word' id='word_1_173' title='bbox 1565 1592 1580 1605; x_wconf 76' lang='grc' dir='ltr'><strong><em>ο</em></strong></span> <span class='ocrx_word' id='word_1_174' title='bbox 1613 1575 1769 1644; x_wconf 85' lang='grc' dir='ltr'>φύσις</span> 
     </span>
    </p>
   </div>
   <div class='ocr_carea' id='block_1_25' title="bbox 162 1664 1768 1742">
    <p class='ocr_par' dir='ltr' id='par_1_25' title="bbox 162 1664 1768 1742">
     <span class='ocr_line' id='line_1_25' title="bbox 162 1664 1768 1742; baseline -0.004 -23"><span class='ocrx_word' id='word_1_175' title='bbox 162 1671 264 1742; x_wconf 81' lang='grc' dir='ltr'>γὰρ</span> <span class='ocrx_word' id='word_1_176' title='bbox 335 1673 490 1718; x_wconf 79' lang='grc' dir='ltr'>τοῦτο</span> <span class='ocrx_word' id='word_1_177' title='bbox 553 1664 871 1739; x_wconf 89' lang='grc' dir='ltr'>προτελείων,</span> <span class='ocrx_word' id='word_1_178' title='bbox 931 1664 1315 1727; x_wconf 78' lang='grc' dir='ltr'>ὑπεξίστασθαι</span> <span class='ocrx_word' id='word_1_179' title='bbox 1375 1667 1461 1714; x_wconf 87' lang='grc' dir='ltr'>καὶ</span> <span class='ocrx_word' id='word_1_180' title='bbox 1513 1681 1768 1734; x_wconf 89' lang='grc' dir='ltr'>παραχω-</span> 
     </span>
    </p>
   </div>
   <div class='ocr_carea' id='block_1_26' title="bbox 1874 1216 3533 1292">
    <p class='ocr_par' dir='ltr' id='par_1_26' title="bbox 1874 1216 3533 1292">
     <span class='ocr_line' id='line_1_26' title="bbox 1874 1216 3533 1292; baseline 0.004 -24"><span class='ocrx_word' id='word_1_181' title='bbox 1874 1218 2016 1270; x_wconf 90' lang='lat' dir='ltr'>nent</span> <span class='ocrx_word' id='word_1_182' title='bbox 2044 1216 2120 1271; x_wconf 91' lang='lat' dir='ltr'>ad</span> <span class='ocrx_word' id='word_1_183' title='bbox 2149 1219 2753 1284; x_wconf 89' lang='lat' dir='ltr'>consummationem,</span> <span class='ocrx_word' id='word_1_184' title='bbox 2777 1221 2981 1276; x_wconf 89' lang='lat' dir='ltr'>omnia</span> <span class='ocrx_word' id='word_1_185' title='bbox 3011 1237 3253 1275; x_wconf 86' lang='lat' dir='ltr'>necesse</span> <span class='ocrx_word' id='word_1_186' title='bbox 3274 1226 3361 1276; x_wconf 90' lang='lat' dir='ltr'>est</span> <span class='ocrx_word' id='word_1_187' title='bbox 3386 1236 3533 1292; x_wconf 79' lang='lat' dir='ltr'>prae-</span> 
     </span>
    </p>
   </div>
   <div class='ocr_carea' id='block_1_27' title="bbox 1875 1304 3528 1378">
    <p class='ocr_par' dir='ltr' id='par_1_27' title="bbox 1875 1304 3528 1378">
     <span class='ocr_line' id='line_1_27' title="bbox 1875 1304 3528 1378; baseline 0.004 -20"><span class='ocrx_word' id='word_1_188' title='bbox 1875 1304 2184 1360; x_wconf 87' lang='lat' dir='ltr'>exstitisse.</span> <span class='ocrx_word' id='word_1_189' title='bbox 2218 1309 2666 1363; x_wconf 87' lang='lat' dir='ltr'>Demonstratur</span> <span class='ocrx_word' id='word_1_190' title='bbox 2693 1309 2886 1377; x_wconf 84' lang='lat' dir='ltr'>legem</span> <span class='ocrx_word' id='word_1_191' title='bbox 2917 1309 3254 1364; x_wconf 78' lang='lat' dir='ltr'>subservire</span> <span class='ocrx_word' id='word_1_192' title='bbox 3281 1310 3485 1378; x_wconf 75' lang='lat' dir='ltr'>gratiae</span> <span class='ocrx_word' id='word_1_193' title='bbox 3516 1325 3528 1364; x_wconf 93' lang='lat'>:</span> 
     </span>
    </p>
   </div>
   <div class='ocr_carea' id='block_1_28' title="bbox 1879 1393 3526 1470">
    <p class='ocr_par' dir='ltr' id='par_1_28' title="bbox 1879 1393 3526 1470">
     <span class='ocr_line' id='line_1_28' title="bbox 1879 1393 3526 1470; baseline 0.003 -23"><span class='ocrx_word' id='word_1_194' title='bbox 1879 1393 2253 1459; x_wconf 89' lang='lat' dir='ltr'>manuduxit,</span> <span class='ocrx_word' id='word_1_195' title='bbox 2281 1397 2799 1466; x_wconf 67' lang='lat' dir='ltr'>prmannuntiavit,</span> <span class='ocrx_word' id='word_1_196' title='bbox 2826 1399 2982 1454; x_wconf 90' lang='lat' dir='ltr'>viam</span> <span class='ocrx_word' id='word_1_197' title='bbox 3003 1398 3117 1470; x_wconf 88' lang='lat' dir='ltr'>ipsi</span> <span class='ocrx_word' id='word_1_198' title='bbox 3166 1399 3390 1463; x_wconf 88' lang='lat' dir='ltr'>stravit;</span> <span class='ocrx_word' id='word_1_199' title='bbox 3415 1399 3526 1464; x_wconf 85' lang='lat' dir='ltr'>via,</span> 
     </span>
    </p>
   </div>
   <div class='ocr_carea' id='block_1_29' title="bbox 1877 1480 3534 1558">
    <p class='ocr_par' dir='ltr' id='par_1_29' title="bbox 1877 1480 3534 1558">
     <span class='ocr_line' id='line_1_29' title="bbox 1877 1480 3534 1558; baseline 0.004 -23"><span class='ocrx_word' id='word_1_200' title='bbox 1877 1480 2090 1547; x_wconf 86' lang='lat' dir='ltr'>forma,</span> <span class='ocrx_word' id='word_1_201' title='bbox 2125 1488 2181 1538; x_wconf 91' lang='lat' dir='ltr'>et</span> <span class='ocrx_word' id='word_1_202' title='bbox 2237 1499 2518 1556; x_wconf 84' lang='lat' dir='ltr'>expressa</span> <span class='ocrx_word' id='word_1_203' title='bbox 2547 1485 2748 1554; x_wconf 84' lang='lat' dir='ltr'>imago</span> <span class='ocrx_word' id='word_1_204' title='bbox 2790 1487 2917 1556; x_wconf 88' lang='lat' dir='ltr'>fuit,</span> <span class='ocrx_word' id='word_1_205' title='bbox 2949 1486 3149 1558; x_wconf 88' lang='lat' dir='ltr'>seipsa</span> <span class='ocrx_word' id='word_1_206' title='bbox 3179 1486 3445 1556; x_wconf 87' lang='lat' dir='ltr'>ﬁgurans</span> <span class='ocrx_word' id='word_1_207' title='bbox 3477 1491 3534 1542; x_wconf 87' lang='lat' dir='ltr'>et</span> 
     </span>
    </p>
   </div>
   <div class='ocr_carea' id='block_1_30' title="bbox 1878 1572 3532 1646">
    <p class='ocr_par' dir='ltr' id='par_1_30' title="bbox 1878 1572 3532 1646">
     <span class='ocr_line' id='line_1_30' title="bbox 1878 1572 3532 1646; baseline 0.004 -20"><span class='ocrx_word' id='word_1_208' title='bbox 1878 1572 2272 1628; x_wconf 89' lang='lat' dir='ltr'>subindicans</span> <span class='ocrx_word' id='word_1_209' title='bbox 2307 1575 2632 1629; x_wconf 88' lang='lat' dir='ltr'>veritatem.</span> <span class='ocrx_word' id='word_1_210' title='bbox 2689 1575 2832 1630; x_wconf 89' lang='lat' dir='ltr'>Nihil</span> <span class='ocrx_word' id='word_1_211' title='bbox 2873 1576 3037 1646; x_wconf 87' lang='lat' dir='ltr'>plane</span> <span class='ocrx_word' id='word_1_212' title='bbox 3095 1576 3284 1631; x_wconf 88' lang='lat' dir='ltr'>abfuit</span> <span class='ocrx_word' id='word_1_213' title='bbox 3324 1592 3532 1633; x_wconf 90' lang='lat' dir='ltr'>eorum</span> 
     </span>
    </p>
   </div>
   <div class='ocr_carea' id='block_1_31' title="bbox 1879 1661 3527 1734">
    <p class='ocr_par' dir='ltr' id='par_1_31' title="bbox 1879 1661 3527 1734">
     <span class='ocr_line' id='line_1_31' title="bbox 1879 1661 3527 1734; baseline 0.004 -19"><span class='ocrx_word' id='word_1_214' title='bbox 1879 1677 2014 1732; x_wconf 63' lang='lat' dir='ltr'>quae</span> <span class='ocrx_word' id='word_1_215' title='bbox 2041 1661 2118 1716; x_wconf 90' lang='lat' dir='ltr'>ad</span> <span class='ocrx_word' id='word_1_216' title='bbox 2168 1662 2662 1732; x_wconf 68' lang='lat' dir='ltr'>praeparationem</span> <span class='ocrx_word' id='word_1_217' title='bbox 2697 1665 3070 1734; x_wconf 86' lang='lat' dir='ltr'>spectabant.</span> <span class='ocrx_word' id='word_1_218' title='bbox 3121 1664 3290 1720; x_wconf 89' lang='lat' dir='ltr'>Venit</span> <span class='ocrx_word' id='word_1_219' title='bbox 3320 1667 3527 1734; x_wconf 90' lang='lat' dir='ltr'>gratia,</span> 
     </span>
    </p>
   </div>
   <div class='ocr_carea' id='block_1_32' title="bbox 160 1750 1765 1830">
    <p class='ocr_par' dir='ltr' id='par_1_32' title="bbox 160 1754 1765 1830">
     <span class='ocr_line' id='line_1_32' title="bbox 160 1754 1765 1830; baseline -0.004 -21"><span class='ocrx_word' id='word_1_220' title='bbox 160 1764 268 1830; x_wconf 85' lang='grc' dir='ltr'>ρείν</span> <span class='ocrx_word' id='word_1_221' title='bbox 313 1763 379 1827; x_wconf 73' lang='grc' dir='ltr'>τῇ</span> <span class='ocrx_word' id='word_1_222' title='bbox 425 1754 725 1812; x_wconf 88' lang='grc' dir='ltr'>τελειότητι.</span> <span class='ocrx_word' id='word_1_223' title='bbox 761 1759 861 1806; x_wconf 78' lang='grc' dir='ltr'>Καὶ</span> <span class='ocrx_word' id='word_1_224' title='bbox 911 1755 994 1806; x_wconf 82' lang='grc' dir='ltr'>ἶνα</span> <span class='ocrx_word' id='word_1_225' title='bbox 1039 1755 1066 1804; x_wconf 91' lang='lat'>6</span> <span class='ocrx_word' id='word_1_226' title='bbox 1114 1761 1185 1823; x_wconf 83' lang='grc' dir='ltr'>τῷ</span> <span class='ocrx_word' id='word_1_227' title='bbox 1237 1758 1376 1825; x_wconf 87' lang='grc' dir='ltr'>νόμῳ</span> <span class='ocrx_word' id='word_1_228' title='bbox 1426 1755 1765 1826; x_wconf 81' lang='grc' dir='ltr'>προσανέχων</span> 
     </span>
    </p>
   </div>
   <div class='ocr_carea' id='block_1_33' title="bbox 1876 1750 3532 1830">
    <p class='ocr_par' dir='ltr' id='par_1_33' title="bbox 1880 1750 3532 1823">
     <span class='ocr_line' id='line_1_33' title="bbox 1880 1750 3532 1823; baseline 0.003 -19"><span class='ocrx_word' id='word_1_229' title='bbox 1880 1750 2075 1806; x_wconf 90' lang='lat' dir='ltr'>inanis</span> <span class='ocrx_word' id='word_1_230' title='bbox 2106 1750 2215 1805; x_wconf 85' lang='lat' dir='ltr'>fuit</span> <span class='ocrx_word' id='word_1_231' title='bbox 2242 1755 2373 1819; x_wconf 91' lang='lat' dir='ltr'>(nec</span> <span class='ocrx_word' id='word_1_232' title='bbox 2403 1751 2643 1823; x_wconf 86' lang='lat' dir='ltr'>injuria)</span> <span class='ocrx_word' id='word_1_233' title='bbox 2673 1753 2788 1808; x_wconf 91' lang='lat' dir='ltr'>lex.</span> <span class='ocrx_word' id='word_1_234' title='bbox 2813 1756 2910 1807; x_wconf 89' lang='lat' dir='ltr'>Est</span> <span class='ocrx_word' id='word_1_235' title='bbox 2951 1754 3112 1809; x_wconf 89' lang='lat' dir='ltr'>enim</span> <span class='ocrx_word' id='word_1_236' title='bbox 3144 1756 3532 1822; x_wconf 86' lang='lat' dir='ltr'>congenitum</span> 
     </span>
    </p>
   </div>
   <div class='ocr_carea' id='block_1_34' title="bbox 161 1842 1770 1917">
    <p class='ocr_par' dir='ltr' id='par_1_34' title="bbox 161 1842 1770 1917">
     <span class='ocr_line' id='line_1_34' title="bbox 161 1842 1770 1917; baseline -0.003 -20"><span class='ocrx_word' id='word_1_237' title='bbox 161 1847 300 1905; x_wconf 78' lang='grc' dir='ltr'>λαός.</span> <span class='ocrx_word' id='word_1_238' title='bbox 350 1848 438 1896; x_wconf 88' lang='grc' dir='ltr'>τόν</span> <span class='ocrx_word' id='word_1_239' title='bbox 486 1847 534 1895; x_wconf 74' lang='grc' dir='ltr'>ἒν</span> <span class='ocrx_word' id='word_1_240' title='bbox 577 1851 638 1916; x_wconf 77' lang='grc' dir='ltr'>τῇ</span> <span class='ocrx_word' id='word_1_241' title='bbox 691 1845 878 1917; x_wconf 82' lang='grc' dir='ltr'>χάριτι</span> <span class='ocrx_word' id='word_1_242' title='bbox 925 1846 1052 1896; x_wconf 84' lang='grc' dir='ltr'>Θεὸν</span> <span class='ocrx_word' id='word_1_243' title='bbox 1103 1842 1312 1914; x_wconf 79' lang='grc' dir='ltr'>ἐπιγνῷ,</span> <span class='ocrx_word' id='word_1_244' title='bbox 1358 1847 1446 1894; x_wconf 87' lang='grc' dir='ltr'>καὶ</span> <span class='ocrx_word' id='word_1_245' title='bbox 1485 1850 1580 1903; x_wconf 84' lang='grc' dir='ltr'>τῆς</span> <span class='ocrx_word' id='word_1_246' title='bbox 1621 1861 1770 1913; x_wconf 87' lang='grc' dir='ltr'>νομο-</span> 
     </span>
    </p>
   </div>
   <div class='ocr_carea' id='block_1_35' title="bbox 164 1932 1770 2007">
    <p class='ocr_par' dir='ltr' id='par_1_35' title="bbox 164 1932 1770 2007">
     <span class='ocr_line' id='line_1_35' title="bbox 164 1932 1770 2007; baseline -0.002 -20"><span class='ocrx_word' id='word_1_247' title='bbox 164 1937 350 1994; x_wconf 86' lang='grc' dir='ltr'>θεσίας</span> <span class='ocrx_word' id='word_1_248' title='bbox 406 1937 528 1985; x_wconf 85' lang='grc' dir='ltr'>ὄντα</span> <span class='ocrx_word' id='word_1_249' title='bbox 583 1935 772 2007; x_wconf 82' lang='grc' dir='ltr'>Κύριον</span> <span class='ocrx_word' id='word_1_250' title='bbox 829 1933 880 2004; x_wconf 79' lang='grc' dir='ltr'>(ιι</span> <span class='ocrx_word' id='word_1_251' title='bbox 928 1932 1232 2004; x_wconf 84' lang='grc' dir='ltr'>Σχολάσατε</span> <span class='ocrx_word' id='word_1_252' title='bbox 1289 1934 1410 2004; x_wconf 84' lang='grc' dir='ltr'>γὰρ,</span> <span class='ocrx_word' id='word_1_253' title='bbox 1470 1935 1621 2003; x_wconf 86' lang='grc' dir='ltr'>φησὶ,</span> <span class='ocrx_word' id='word_1_254' title='bbox 1683 1935 1770 1983; x_wconf 70' lang='grc' dir='ltr'>καὶ</span> 
     </span>
    </p>
   </div>
   <div class='ocr_carea' id='block_1_36' title="bbox 157 2019 1771 2095">
    <p class='ocr_par' dir='ltr' id='par_1_36' title="bbox 157 2019 1771 2095">
     <span class='ocr_line' id='line_1_36' title="bbox 157 2019 1771 2095; baseline -0.002 -20"><span class='ocrx_word' id='word_1_255' title='bbox 157 2031 344 2095; x_wconf 81' lang='grc' dir='ltr'>γνῶτε,</span> <span class='ocrx_word' id='word_1_256' title='bbox 379 2023 460 2074; x_wconf 86' lang='grc' dir='ltr'>ὅτι</span> <span class='ocrx_word' id='word_1_257' title='bbox 503 2021 602 2092; x_wconf 78' lang='grc' dir='ltr'>ἐγώ</span> <span class='ocrx_word' id='word_1_258' title='bbox 641 2022 746 2092; x_wconf 82' lang='grc' dir='ltr'>εἰμι</span> <span class='ocrx_word' id='word_1_259' title='bbox 791 2023 817 2073; x_wconf 88' lang='lat'>6</span> <span class='ocrx_word' id='word_1_260' title='bbox 867 2025 1012 2087; x_wconf 85' lang='grc' dir='ltr'>Θεὸς,</span> <span class='ocrx_word' id='word_1_261' title='bbox 1039 2026 1128 2073; x_wconf 83' lang='grc' dir='ltr'>καὶ</span> <span class='ocrx_word' id='word_1_262' title='bbox 1178 2021 1534 2092; x_wconf 75' lang='grc' dir='ltr'>ὑψωθήσομαι</span> <span class='ocrx_word' id='word_1_263' title='bbox 1574 2019 1621 2071; x_wconf 77' lang='grc' dir='ltr'>ἐν</span> <span class='ocrx_word' id='word_1_264' title='bbox 1660 2027 1771 2082; x_wconf 87' lang='grc' dir='ltr'>τοῖς</span> 
     </span>
    </p>
   </div>
   <div class='ocr_carea' id='block_1_37' title="bbox 162 2107 1764 2182">
    <p class='ocr_par' dir='ltr' id='par_1_37' title="bbox 162 2107 1764 2182">
     <span class='ocr_line' id='line_1_37' title="bbox 162 2107 1764 2182; baseline -0.002 -18"><span class='ocrx_word' id='word_1_265' title='bbox 162 2115 358 2180; x_wconf 82' lang='grc' dir='ltr'>ἔθνεσι,</span> <span class='ocrx_word' id='word_1_266' title='bbox 391 2111 748 2182; x_wconf 71' lang='grc' dir='ltr'>ὑφωθήσομαι</span> <span class='ocrx_word' id='word_1_267' title='bbox 776 2109 826 2162; x_wconf 76' lang='grc' dir='ltr'>ἔν</span> <span class='ocrx_word' id='word_1_268' title='bbox 873 2119 936 2182; x_wconf 79' lang='grc' dir='ltr'>τῇ</span> <span class='ocrx_word' id='word_1_269' title='bbox 987 2118 1053 2182; x_wconf 79' lang='grc' dir='ltr'>γῇ</span> <span class='ocrx_word' id='word_1_270' title='bbox 1091 2111 1164 2180; x_wconf 85' lang='grc'>)›),</span> <span class='ocrx_word' id='word_1_271' title='bbox 1198 2107 1347 2168; x_wconf 79' lang='grc' dir='ltr'>ἦλθεν</span> <span class='ocrx_word' id='word_1_272' title='bbox 1378 2111 1407 2167; x_wconf 79' lang='grc' dir='ltr'>ἡ</span> <span class='ocrx_word' id='word_1_273' title='bbox 1441 2111 1625 2182; x_wconf 85' lang='grc' dir='ltr'>χάρις,</span> <span class='ocrx_word' id='word_1_274' title='bbox 1657 2110 1764 2161; x_wconf 85' lang='grc' dir='ltr'>ὑπ-</span> 
     </span>
    </p>
   </div>
   <div class='ocr_carea' id='block_1_38' title="bbox 163 2198 1771 2273">
    <p class='ocr_par' dir='ltr' id='par_1_38' title="bbox 163 2198 1771 2273">
     <span class='ocr_line' id='line_1_38' title="bbox 163 2198 1771 2273; baseline -0.002 -20"><span class='ocrx_word' id='word_1_275' title='bbox 163 2207 441 2273; x_wconf 84' lang='grc' dir='ltr'>εχώρησεν</span> <span class='ocrx_word' id='word_1_276' title='bbox 493 2202 518 2251; x_wconf 98' lang='lat'>6</span> <span class='ocrx_word' id='word_1_277' title='bbox 565 2204 721 2272; x_wconf 85' lang='grc' dir='ltr'>νόμος</span> <span class='ocrx_word' id='word_1_278' title='bbox 749 2220 762 2233; x_wconf 75' lang='grc' dir='ltr'><strong>ο</strong></span> <span class='ocrx_word' id='word_1_279' title='bbox 795 2201 862 2262; x_wconf 82' lang='grc' dir='ltr'>ὡς</span> <span class='ocrx_word' id='word_1_280' title='bbox 896 2198 1117 2273; x_wconf 76' lang='grc' dir='ltr'>ἀστέρες,</span> <span class='ocrx_word' id='word_1_281' title='bbox 1160 2199 1308 2257; x_wconf 78' lang='grc' dir='ltr'>ἡλίου</span> <span class='ocrx_word' id='word_1_282' title='bbox 1355 2203 1652 2270; x_wconf 88' lang='grc' dir='ltr'>φαίνοντος·</span> <span class='ocrx_word' id='word_1_283' title='bbox 1701 2201 1771 2260; x_wconf 85' lang='grc' dir='ltr'>ὡς</span> 
     </span>
    </p>
   </div>
   <div class='ocr_carea' id='block_1_39' title="bbox 159 2285 1770 2361">
    <p class='ocr_par' dir='ltr' id='par_1_39' title="bbox 159 2285 1770 2361">
     <span class='ocr_line' id='line_1_39' title="bbox 159 2285 1770 2361; baseline -0.002 -19"><span class='ocrx_word' id='word_1_284' title='bbox 159 2291 278 2354; x_wconf 75' lang='grc' dir='ltr'>νύξ,</span> <span class='ocrx_word' id='word_1_285' title='bbox 311 2298 407 2350; x_wconf 85' lang='grc' dir='ltr'>τῆς</span> <span class='ocrx_word' id='word_1_286' title='bbox 430 2291 626 2361; x_wconf 77' lang='grc' dir='ltr'>ἡμέρας</span> <span class='ocrx_word' id='word_1_287' title='bbox 653 2285 1101 2361; x_wconf 79' lang='grc' dir='ltr'>διαυγ[αζ]ούσης</span> <span class='ocrx_word' id='word_1_288' title='bbox 1124 2308 1138 2325; x_wconf 79' lang='grc' dir='ltr'><strong>ο</strong></span> <span class='ocrx_word' id='word_1_289' title='bbox 1170 2291 1236 2348; x_wconf 85' lang='grc' dir='ltr'>ὡς</span> <span class='ocrx_word' id='word_1_290' title='bbox 1265 2290 1320 2339; x_wconf 82' lang='grc' dir='ltr'>αἱ</span> <span class='ocrx_word' id='word_1_291' title='bbox 1344 2295 1436 2339; x_wconf 83' lang='grc' dir='ltr'>τού</span> <span class='ocrx_word' id='word_1_292' title='bbox 1459 2290 1622 2358; x_wconf 89' lang='grc' dir='ltr'>πυρός</span> <span class='ocrx_word' id='word_1_293' title='bbox 1655 2287 1770 2358; x_wconf 77' lang='grc' dir='ltr'>φλόο</span> 
     </span>
    </p>
   </div>
   <div class='ocr_carea' id='block_1_40' title="bbox 155 2375 1769 2451">
    <p class='ocr_par' dir='ltr' id='par_1_40' title="bbox 155 2375 1769 2451">
     <span class='ocr_line' id='line_1_40' title="bbox 155 2375 1769 2451; baseline -0.004 -19"><span class='ocrx_word' id='word_1_294' title='bbox 155 2399 275 2451; x_wconf 83' lang='grc' dir='ltr'>γες,</span> <span class='ocrx_word' id='word_1_295' title='bbox 327 2378 383 2442; x_wconf 80' lang='grc' dir='ltr'>ἐξ</span> <span class='ocrx_word' id='word_1_296' title='bbox 448 2378 670 2448; x_wconf 80' lang='grc' dir='ltr'>αἰθρίας,</span> <span class='ocrx_word' id='word_1_297' title='bbox 732 2377 822 2429; x_wconf 89' lang='grc' dir='ltr'>καί</span> <span class='ocrx_word' id='word_1_298' title='bbox 897 2376 944 2429; x_wconf 76' lang='grc' dir='ltr'>ἓν</span> <span class='ocrx_word' id='word_1_299' title='bbox 1022 2379 1250 2449; x_wconf 82' lang='grc' dir='ltr'>σταθερᾷ</span> <span class='ocrx_word' id='word_1_300' title='bbox 1326 2375 1651 2448; x_wconf 80' lang='grc' dir='ltr'>μεσημϐρίᾳ,</span> <span class='ocrx_word' id='word_1_301' title='bbox 1697 2384 1769 2444; x_wconf 86' lang='grc' dir='ltr'>τῷ</span> 
     </span>
    </p>
   </div>
   <div class='ocr_carea' id='block_1_41' title="bbox 155 2465 1769 2541">
    <p class='ocr_par' dir='ltr' id='par_1_41' title="bbox 155 2465 1769 2541">
     <span class='ocr_line' id='line_1_41' title="bbox 155 2465 1769 2541; baseline -0.001 -22"><span class='ocrx_word' id='word_1_302' title='bbox 155 2469 370 2538; x_wconf 74' lang='grc' dir='ltr'>ἠλιακῷ</span> <span class='ocrx_word' id='word_1_303' title='bbox 450 2473 579 2540; x_wconf 88' lang='grc' dir='ltr'>φωτὶ</span> <span class='ocrx_word' id='word_1_304' title='bbox 658 2465 1046 2541; x_wconf 84' lang='grc' dir='ltr'>ἀμαυρούμεναι</span> <span class='ocrx_word' id='word_1_305' title='bbox 1077 2485 1091 2500; x_wconf 83' lang='grc'><strong>·</strong></span> <span class='ocrx_word' id='word_1_306' title='bbox 1151 2468 1220 2528; x_wconf 87' lang='grc' dir='ltr'>ὡς</span> <span class='ocrx_word' id='word_1_307' title='bbox 1292 2471 1632 2539; x_wconf 78' lang='grc' dir='ltr'>καταργεῖται</span> <span class='ocrx_word' id='word_1_308' title='bbox 1713 2469 1769 2517; x_wconf 88' lang='grc' dir='ltr'>τὸ</span> 
     </span>
    </p>
   </div>
   <div class='ocr_carea' id='block_1_42' title="bbox 153 2551 1770 2630">
    <p class='ocr_par' dir='ltr' id='par_1_42' title="bbox 153 2551 1770 2630">
     <span class='ocr_line' id='line_1_42' title="bbox 153 2551 1770 2630; baseline -0.001 -24"><span class='ocrx_word' id='word_1_309' title='bbox 153 2562 367 2619; x_wconf 70' lang='grc' dir='ltr'>νήπιον,</span> <span class='ocrx_word' id='word_1_310' title='bbox 423 2556 495 2617; x_wconf 84' lang='grc' dir='ltr'>εἰς</span> <span class='ocrx_word' id='word_1_311' title='bbox 553 2552 725 2630; x_wconf 80' lang='grc' dir='ltr'>ἄνδρα</span> <span class='ocrx_word' id='word_1_312' title='bbox 778 2563 873 2617; x_wconf 83' lang='grc' dir='ltr'>τῆς</span> <span class='ocrx_word' id='word_1_313' title='bbox 943 2554 1150 2616; x_wconf 83' lang='grc' dir='ltr'>ἡλικίας</span> <span class='ocrx_word' id='word_1_314' title='bbox 1214 2551 1664 2626; x_wconf 78' lang='grc' dir='ltr'>ἀναδραμούσηςο</span> <span class='ocrx_word' id='word_1_315' title='bbox 1707 2557 1770 2614; x_wconf 85' lang='grc' dir='ltr'>ὡς</span> 
     </span>
    </p>
   </div>
   <div class='ocr_carea' id='block_1_43' title="bbox 155 2639 1771 2716">
    <p class='ocr_par' dir='ltr' id='par_1_43' title="bbox 155 2639 1771 2716">
     <span class='ocr_line' id='line_1_43' title="bbox 155 2639 1771 2716; baseline -0.002 -20"><span class='ocrx_word' id='word_1_316' title='bbox 155 2647 185 2702; x_wconf 74' lang='grc' dir='ltr'><strong>ἡ</strong></span> <span class='ocrx_word' id='word_1_317' title='bbox 264 2648 488 2704; x_wconf 80' lang='grc' dir='ltr'>ποιότης</span> <span class='ocrx_word' id='word_1_318' title='bbox 555 2651 648 2696; x_wconf 79' lang='grc' dir='ltr'>τοῦ</span> <span class='ocrx_word' id='word_1_319' title='bbox 729 2647 1028 2716; x_wconf 86' lang='grc' dir='ltr'>στύφοντος,</span> <span class='ocrx_word' id='word_1_320' title='bbox 1082 2651 1175 2704; x_wconf 84' lang='grc' dir='ltr'>τῆς</span> <span class='ocrx_word' id='word_1_321' title='bbox 1229 2639 1545 2716; x_wconf 76' lang='grc' dir='ltr'>πορφυρίδος</span> <span class='ocrx_word' id='word_1_322' title='bbox 1594 2641 1771 2715; x_wconf 80' lang='grc' dir='ltr'>βαφῆς</span> 
     </span>
    </p>
   </div>
   <div class='ocr_carea' id='block_1_44' title="bbox 155 2734 1770 2807">
    <p class='ocr_par' dir='ltr' id='par_1_44' title="bbox 155 2734 1770 2807">
     <span class='ocr_line' id='line_1_44' title="bbox 155 2734 1770 2807; baseline -0.002 -21"><span class='ocrx_word' id='word_1_323' title='bbox 155 2734 642 2806; x_wconf 77' lang='grc' dir='ltr'>ἱπικρατησοίσης·</span> <span class='ocrx_word' id='word_1_324' title='bbox 697 2737 764 2795; x_wconf 86' lang='grc' dir='ltr'>ὡς</span> <span class='ocrx_word' id='word_1_325' title='bbox 835 2736 888 2785; x_wconf 83' lang='grc' dir='ltr'>αἱ</span> <span class='ocrx_word' id='word_1_326' title='bbox 962 2736 1204 2807; x_wconf 87' lang='grc' dir='ltr'>γραμμαὶ</span> <span class='ocrx_word' id='word_1_327' title='bbox 1270 2736 1359 2784; x_wconf 84' lang='grc' dir='ltr'>καὶ</span> <span class='ocrx_word' id='word_1_328' title='bbox 1425 2734 1490 2784; x_wconf 88' lang='grc' dir='ltr'>τά</span> <span class='ocrx_word' id='word_1_329' title='bbox 1563 2750 1770 2805; x_wconf 89' lang='grc' dir='ltr'>προχα-</span> 
     </span>
    </p>
   </div>
   <div class='ocr_carea' id='block_1_45' title="bbox 150 2819 1766 2896">
    <p class='ocr_par' dir='ltr' id='par_1_45' title="bbox 150 2819 1766 2896">
     <span class='ocr_line' id='line_1_45' title="bbox 150 2819 1766 2896; baseline -0.002 -21"><span class='ocrx_word' id='word_1_330' title='bbox 150 2827 432 2896; x_wconf 73' lang='grc' dir='ltr'>ράγματα,</span> <span class='ocrx_word' id='word_1_331' title='bbox 487 2822 560 2884; x_wconf 81' lang='grc' dir='ltr'>εἰς</span> <span class='ocrx_word' id='word_1_332' title='bbox 620 2819 983 2896; x_wconf 77' lang='grc' dir='ltr'>διαμόρφωσιν</span> <span class='ocrx_word' id='word_1_333' title='bbox 1030 2829 1121 2881; x_wconf 87' lang='grc' dir='ltr'>τῆς</span> <span class='ocrx_word' id='word_1_334' title='bbox 1191 2820 1381 2882; x_wconf 80' lang='grc' dir='ltr'>εἰκόνος</span> <span class='ocrx_word' id='word_1_335' title='bbox 1449 2839 1766 2894; x_wconf 87' lang='grc' dir='ltr'>συναπαρτι-</span> 
     </span>
    </p>
   </div>
   <div class='ocr_carea' id='block_1_46' title="bbox 155 2909 1769 2984">
    <p class='ocr_par' dir='ltr' id='par_1_46' title="bbox 155 2909 1769 2984">
     <span class='ocr_line' id='line_1_46' title="bbox 155 2909 1769 2984; baseline -0.002 -20"><span class='ocrx_word' id='word_1_336' title='bbox 155 2915 424 2973; x_wconf 75' lang='grc' dir='ltr'>σθείσηςο</span> <span class='ocrx_word' id='word_1_337' title='bbox 475 2913 690 2964; x_wconf 75' lang='grc' dir='ltr'>ἕκαστον</span> <span class='ocrx_word' id='word_1_338' title='bbox 741 2915 843 2984; x_wconf 81' lang='grc' dir='ltr'>γὰρ</span> <span class='ocrx_word' id='word_1_339' title='bbox 913 2919 1013 2962; x_wconf 87' lang='grc' dir='ltr'>τῶν</span> <span class='ocrx_word' id='word_1_340' title='bbox 1083 2909 1130 2962; x_wconf 76' lang='grc' dir='ltr'>ἐν</span> <span class='ocrx_word' id='word_1_341' title='bbox 1203 2909 1419 2982; x_wconf 78' lang='grc' dir='ltr'>ἑκατέρᾳ</span> <span class='ocrx_word' id='word_1_342' title='bbox 1477 2915 1769 2981; x_wconf 82' lang='grc' dir='ltr'>συστοιχίᾳ</span> 
     </span>
    </p>
   </div>
   <div class='ocr_carea' id='block_1_47' title="bbox 151 2995 1768 3075">
    <p class='ocr_par' dir='ltr' id='par_1_47' title="bbox 151 2995 1768 3075">
     <span class='ocr_line' id='line_1_47' title="bbox 151 2995 1768 3075; baseline -0.002 -21"><span class='ocrx_word' id='word_1_343' title='bbox 151 3003 465 3075; x_wconf 78' lang='grc' dir='ltr'>εἰρημένων,</span> <span class='ocrx_word' id='word_1_344' title='bbox 521 3005 580 3052; x_wconf 91' lang='grc' dir='ltr'>τὸ</span> <span class='ocrx_word' id='word_1_345' title='bbox 655 3003 746 3073; x_wconf 69' lang='grc' dir='ltr'>μεν</span> <span class='ocrx_word' id='word_1_346' title='bbox 803 3004 867 3061; x_wconf 82' lang='grc' dir='ltr'>ὡς</span> <span class='ocrx_word' id='word_1_347' title='bbox 925 2998 1096 3062; x_wconf 75' lang='grc' dir='ltr'>ἀτελες</span> <span class='ocrx_word' id='word_1_348' title='bbox 1149 3003 1514 3071; x_wconf 78' lang='grc' dir='ltr'>προηγήσατο,</span> <span class='ocrx_word' id='word_1_349' title='bbox 1574 3002 1632 3050; x_wconf 90' lang='grc' dir='ltr'>τό</span> <span class='ocrx_word' id='word_1_350' title='bbox 1710 2995 1768 3050; x_wconf 71' lang='grc' dir='ltr'>δὲ</span> 
     </span>
    </p>
   </div>
   <div class='ocr_carea' id='block_1_48' title="bbox 1881 1839 3535 1907">
    <p class='ocr_par' dir='ltr' id='par_1_48' title="bbox 1881 1839 3535 1907">
     <span class='ocr_line' id='line_1_48' title="bbox 1881 1839 3535 1907; baseline 0.002 -14"><span class='ocrx_word' id='word_1_351' title='bbox 1881 1839 2301 1894; x_wconf 88' lang='lat' dir='ltr'>antecedaneis</span> <span class='ocrx_word' id='word_1_352' title='bbox 2330 1839 2633 1906; x_wconf 85' lang='lat' dir='ltr'>omnibus,</span> <span class='ocrx_word' id='word_1_353' title='bbox 2658 1842 2859 1897; x_wconf 89' lang='lat' dir='ltr'>utloco</span> <span class='ocrx_word' id='word_1_354' title='bbox 2875 1843 3104 1907; x_wconf 88' lang='lat' dir='ltr'>cedant,</span> <span class='ocrx_word' id='word_1_355' title='bbox 3130 1843 3535 1898; x_wconf 88' lang='lat' dir='ltr'>submovean-</span> 
     </span>
    </p>
   </div>
   <div class='ocr_carea' id='block_1_49' title="bbox 1881 1928 3531 2003">
    <p class='ocr_par' dir='ltr' id='par_1_49' title="bbox 1881 1928 3531 2003">
     <span class='ocr_line' id='line_1_49' title="bbox 1881 1928 3531 2003; baseline 0.002 -20"><span class='ocrx_word' id='word_1_356' title='bbox 1881 1936 2094 2000; x_wconf 87' lang='lat' dir='ltr'>turque</span> <span class='ocrx_word' id='word_1_357' title='bbox 2125 1928 2488 2000; x_wconf 90' lang='lat' dir='ltr'>perfectioni.</span> <span class='ocrx_word' id='word_1_358' title='bbox 2515 1931 2579 1984; x_wconf 87' lang='lat' dir='ltr'>Et</span> <span class='ocrx_word' id='word_1_359' title='bbox 2605 1935 2666 1986; x_wconf 92' lang='lat' dir='ltr'>ut</span> <span class='ocrx_word' id='word_1_360' title='bbox 2699 1930 2794 1986; x_wconf 91' lang='lat' dir='ltr'>ille</span> <span class='ocrx_word' id='word_1_361' title='bbox 2834 1931 3096 2003; x_wconf 86' lang='lat' dir='ltr'>populus</span> <span class='ocrx_word' id='word_1_362' title='bbox 3115 1932 3217 2003; x_wconf 90' lang='lat' dir='ltr'>qui</span> <span class='ocrx_word' id='word_1_363' title='bbox 3242 1932 3318 1986; x_wconf 89' lang='lat' dir='ltr'>ad</span> <span class='ocrx_word' id='word_1_364' title='bbox 3340 1931 3531 2002; x_wconf 89' lang='lat' dir='ltr'>legem</span> 
     </span>
    </p>
   </div>
   <div class='ocr_carea' id='block_1_50' title="bbox 1882 2017 3536 2092">
    <p class='ocr_par' dir='ltr' id='par_1_50' title="bbox 1882 2017 3536 2092">
     <span class='ocr_line' id='line_1_50' title="bbox 1882 2017 3536 2092; baseline 0.002 -20"><span class='ocrx_word' id='word_1_365' title='bbox 1882 2017 2241 2083; x_wconf 88' lang='lat' dir='ltr'>attendebat,</span> <span class='ocrx_word' id='word_1_366' title='bbox 2283 2019 2469 2073; x_wconf 89' lang='lat' dir='ltr'>Deum</span> <span class='ocrx_word' id='word_1_367' title='bbox 2497 2024 2848 2087; x_wconf 86' lang='lat' dir='ltr'>agnosceret</span> <span class='ocrx_word' id='word_1_368' title='bbox 2879 2021 2990 2075; x_wconf 89' lang='lat' dir='ltr'>sub</span> <span class='ocrx_word' id='word_1_369' title='bbox 3022 2020 3216 2089; x_wconf 91' lang='lat' dir='ltr'>gratia</span> <span class='ocrx_word' id='word_1_370' title='bbox 3241 2035 3536 2092; x_wconf 91' lang='lat' dir='ltr'>apparen-</span> 
     </span>
    </p>
   </div>
   <div class='ocr_carea' id='block_1_51' title="bbox 1877 2106 3535 2180">
    <p class='ocr_par' dir='ltr' id='par_1_51' title="bbox 1877 2106 3535 2180">
     <span class='ocr_line' id='line_1_51' title="bbox 1877 2106 3535 2180; baseline 0.002 -19"><span class='ocrx_word' id='word_1_371' title='bbox 1877 2111 2019 2170; x_wconf 90' lang='lat' dir='ltr'>tem,</span> <span class='ocrx_word' id='word_1_372' title='bbox 2048 2111 2103 2161; x_wconf 90' lang='lat' dir='ltr'>et</span> <span class='ocrx_word' id='word_1_373' title='bbox 2123 2106 2443 2162; x_wconf 90' lang='lat' dir='ltr'>Dominum</span> <span class='ocrx_word' id='word_1_374' title='bbox 2492 2124 2734 2180; x_wconf 91' lang='lat' dir='ltr'>quoque</span> <span class='ocrx_word' id='word_1_375' title='bbox 2791 2109 2938 2178; x_wconf 88' lang='lat' dir='ltr'>legis</span> <span class='ocrx_word' id='word_1_376' title='bbox 2995 2109 3334 2164; x_wconf 84' lang='lat' dir='ltr'>exstitisse:</span> <span class='ocrx_word' id='word_1_377' title='bbox 3368 2128 3396 2160; x_wconf 90' lang='lat'><strong>«</strong></span> <span class='ocrx_word' id='word_1_378' title='bbox 3439 2113 3535 2165; x_wconf 84' lang='lat' dir='ltr'>At-</span> 
     </span>
    </p>
   </div>
   <div class='ocr_carea' id='block_1_52' title="bbox 1880 2195 3534 2268">
    <p class='ocr_par' dir='ltr' id='par_1_52' title="bbox 1880 2195 3534 2268">
     <span class='ocr_line' id='line_1_52' title="bbox 1880 2195 3534 2268; baseline 0.001 -18"><span class='ocrx_word' id='word_1_379' title='bbox 1880 2195 2101 2250; x_wconf 89' lang='lat' dir='ltr'>tendite</span> <span class='ocrx_word' id='word_1_380' title='bbox 2133 2195 2316 2259; x_wconf 91' lang='lat' dir='ltr'>enim,</span> <span class='ocrx_word' id='word_1_381' title='bbox 2367 2196 2578 2266; x_wconf 89' lang='lat' dir='ltr'>inquit,</span> <span class='ocrx_word' id='word_1_382' title='bbox 2611 2201 2667 2250; x_wconf 91' lang='lat' dir='ltr'>et</span> <span class='ocrx_word' id='word_1_383' title='bbox 2695 2196 2994 2267; x_wconf 81' lang='lat' dir='ltr'>intelligite</span> <span class='ocrx_word' id='word_1_384' title='bbox 3048 2197 3212 2268; x_wconf 91' lang='lat' dir='ltr'>quod</span> <span class='ocrx_word' id='word_1_385' title='bbox 3243 2211 3354 2266; x_wconf 88' lang='lat' dir='ltr'>ego</span> <span class='ocrx_word' id='word_1_386' title='bbox 3383 2199 3534 2252; x_wconf 86' lang='lat' dir='ltr'>Deus</span> 
     </span>
    </p>
   </div>
   <div class='ocr_carea' id='block_1_53' title="bbox 1881 2283 3529 2355">
    <p class='ocr_par' dir='ltr' id='par_1_53' title="bbox 1881 2283 3529 2355">
     <span class='ocr_line' id='line_1_53' title="bbox 1881 2283 3529 2355; baseline -0.001 -17"><span class='ocrx_word' id='word_1_387' title='bbox 1881 2284 2015 2347; x_wconf 89' lang='lat' dir='ltr'>sim,</span> <span class='ocrx_word' id='word_1_388' title='bbox 2031 2289 2085 2338; x_wconf 90' lang='lat' dir='ltr'>et</span> <span class='ocrx_word' id='word_1_389' title='bbox 2101 2283 2573 2339; x_wconf 85' lang='lat' dir='ltr'>exaltaborinter</span> <span class='ocrx_word' id='word_1_390' title='bbox 2589 2290 2812 2355; x_wconf 88' lang='lat' dir='ltr'>gentes,</span> <span class='ocrx_word' id='word_1_391' title='bbox 2833 2285 3208 2341; x_wconf 89' lang='lat' dir='ltr'>exaltaborin</span> <span class='ocrx_word' id='word_1_392' title='bbox 3241 2291 3394 2340; x_wconf 89' lang='lat' dir='ltr'>terra</span> <span class='ocrx_word' id='word_1_393' title='bbox 3407 2286 3474 2339; x_wconf 74' lang='lat'>‘7.</span> <span class='ocrx_word' id='word_1_394' title='bbox 3502 2305 3529 2336; x_wconf 87' lang='lat'>»</span> 
     </span>
    </p>
   </div>
   <div class='ocr_carea' id='block_1_54' title="bbox 1880 2371 3534 2442">
    <p class='ocr_par' dir='ltr' id='par_1_54' title="bbox 1880 2371 3534 2442">
     <span class='ocr_line' id='line_1_54' title="bbox 1880 2371 3534 2442; baseline 0.002 -16"><span class='ocrx_word' id='word_1_395' title='bbox 1880 2371 2132 2427; x_wconf 90' lang='lat' dir='ltr'>Advenit</span> <span class='ocrx_word' id='word_1_396' title='bbox 2171 2373 2377 2442; x_wconf 87' lang='lat' dir='ltr'>gratia,</span> <span class='ocrx_word' id='word_1_397' title='bbox 2411 2373 2652 2428; x_wconf 84' lang='lat' dir='ltr'>secessit</span> <span class='ocrx_word' id='word_1_398' title='bbox 2709 2374 2824 2429; x_wconf 88' lang='lat' dir='ltr'>lex.</span> <span class='ocrx_word' id='word_1_399' title='bbox 2885 2375 2971 2430; x_wconf 87' lang='lat' dir='ltr'>Ita</span> <span class='ocrx_word' id='word_1_400' title='bbox 3014 2373 3196 2429; x_wconf 69' lang='lat' dir='ltr'>stellae</span> <span class='ocrx_word' id='word_1_401' title='bbox 3247 2373 3534 2430; x_wconf 90' lang='lat' dir='ltr'>recedunt</span> 
     </span>
    </p>
   </div>
   <div class='ocr_carea' id='block_1_55' title="bbox 1881 2461 3533 2532">
    <p class='ocr_par' dir='ltr' id='par_1_55' title="bbox 1881 2461 3533 2532">
     <span class='ocr_line' id='line_1_55' title="bbox 1881 2461 3533 2532; baseline 0.002 -18"><span class='ocrx_word' id='word_1_402' title='bbox 1881 2465 2158 2531; x_wconf 84' lang='lat' dir='ltr'>surgente</span> <span class='ocrx_word' id='word_1_403' title='bbox 2181 2461 2323 2526; x_wconf 91' lang='lat' dir='ltr'>sole,</span> <span class='ocrx_word' id='word_1_404' title='bbox 2357 2466 2411 2518; x_wconf 93' lang='lat' dir='ltr'>et</span> <span class='ocrx_word' id='word_1_405' title='bbox 2457 2477 2576 2516; x_wconf 83' lang='lat' dir='ltr'>nox</span> <span class='ocrx_word' id='word_1_406' title='bbox 2604 2463 2705 2517; x_wconf 91' lang='lat' dir='ltr'>ubi</span> <span class='ocrx_word' id='word_1_407' title='bbox 2731 2462 2859 2517; x_wconf 91' lang='lat' dir='ltr'>dies</span> <span class='ocrx_word' id='word_1_408' title='bbox 2887 2463 3168 2518; x_wconf 89' lang='lat' dir='ltr'>illucescit</span> <span class='ocrx_word' id='word_1_409' title='bbox 3201 2478 3215 2528; x_wconf 88' lang='lat'>;</span> <span class='ocrx_word' id='word_1_410' title='bbox 3249 2467 3311 2518; x_wconf 92' lang='lat' dir='ltr'>ut</span> <span class='ocrx_word' id='word_1_411' title='bbox 3337 2462 3533 2532; x_wconf 70' lang='lat' dir='ltr'>ignitae</span> 
     </span>
    </p>
   </div>
   <div class='ocr_carea' id='block_1_56' title="bbox 1878 2550 3530 2622">
    <p class='ocr_par' dir='ltr' id='par_1_56' title="bbox 1878 2550 3530 2622">
     <span class='ocr_line' id='line_1_56' title="bbox 1878 2550 3530 2622; baseline 0.001 -17"><span class='ocrx_word' id='word_1_412' title='bbox 1878 2550 2165 2614; x_wconf 71' lang='lat' dir='ltr'>ﬂammas,</span> <span class='ocrx_word' id='word_1_413' title='bbox 2200 2567 2306 2622; x_wconf 89' lang='lat' dir='ltr'>per</span> <span class='ocrx_word' id='word_1_414' title='bbox 2323 2551 2543 2606; x_wconf 91' lang='lat' dir='ltr'>sudum</span> <span class='ocrx_word' id='word_1_415' title='bbox 2558 2551 2796 2618; x_wconf 65' lang='lat' dir='ltr'>coelum,</span> <span class='ocrx_word' id='word_1_416' title='bbox 2819 2557 2875 2608; x_wconf 93' lang='lat' dir='ltr'>et</span> <span class='ocrx_word' id='word_1_417' title='bbox 2905 2552 3216 2608; x_wconf 91' lang='lat' dir='ltr'>meridiem</span> <span class='ocrx_word' id='word_1_418' title='bbox 3244 2551 3530 2619; x_wconf 91' lang='lat' dir='ltr'>mediam,</span> 
     </span>
    </p>
   </div>
   <div class='ocr_carea' id='block_1_57' title="bbox 1881 2639 3532 2712">
    <p class='ocr_par' dir='ltr' id='par_1_57' title="bbox 1881 2639 3532 2712">
     <span class='ocr_line' id='line_1_57' title="bbox 1881 2639 3532 2712; baseline 0.001 -18"><span class='ocrx_word' id='word_1_419' title='bbox 1881 2655 1917 2694; x_wconf 87' lang='lat' dir='ltr'>a</span> <span class='ocrx_word' id='word_1_420' title='bbox 1954 2639 2246 2696; x_wconf 88' lang='lat' dir='ltr'>solaribus</span> <span class='ocrx_word' id='word_1_421' title='bbox 2277 2639 2460 2696; x_wconf 88' lang='lat' dir='ltr'>radiis</span> <span class='ocrx_word' id='word_1_422' title='bbox 2493 2641 2894 2697; x_wconf 88' lang='lat' dir='ltr'>obscurantur</span> <span class='ocrx_word' id='word_1_423' title='bbox 2923 2658 2937 2708; x_wconf 91' lang='lat'>;</span> <span class='ocrx_word' id='word_1_424' title='bbox 2968 2657 3089 2697; x_wconf 93' lang='lat' dir='ltr'>non</span> <span class='ocrx_word' id='word_1_425' title='bbox 3149 2640 3314 2696; x_wconf 87' lang='lat' dir='ltr'>aliter</span> <span class='ocrx_word' id='word_1_426' title='bbox 3345 2655 3532 2712; x_wconf 87' lang='lat' dir='ltr'>quam</span> 
     </span>
    </p>
   </div>
   <div class='ocr_carea' id='block_1_58' title="bbox 1878 2728 3534 2801">
    <p class='ocr_par' dir='ltr' id='par_1_58' title="bbox 1878 2728 3534 2801">
     <span class='ocr_line' id='line_1_58' title="bbox 1878 2728 3534 2801; baseline 0 -17"><span class='ocrx_word' id='word_1_427' title='bbox 1878 2728 2162 2784; x_wconf 83' lang='lat' dir='ltr'>infantilis</span> <span class='ocrx_word' id='word_1_428' title='bbox 2182 2734 2323 2784; x_wconf 63' lang='lat' dir='ltr'>aetas</span> <span class='ocrx_word' id='word_1_429' title='bbox 2353 2745 2460 2801; x_wconf 90' lang='lat' dir='ltr'>per</span> <span class='ocrx_word' id='word_1_430' title='bbox 2479 2730 2707 2785; x_wconf 85' lang='lat' dir='ltr'>virilem</span> <span class='ocrx_word' id='word_1_431' title='bbox 2747 2730 3038 2794; x_wconf 89' lang='lat' dir='ltr'>aboletur,</span> <span class='ocrx_word' id='word_1_432' title='bbox 3065 2747 3192 2785; x_wconf 88' lang='lat' dir='ltr'>cum</span> <span class='ocrx_word' id='word_1_433' title='bbox 3227 2743 3534 2785; x_wconf 89' lang='lat' dir='ltr'>succreve-</span> 
     </span>
    </p>
   </div>
   <div class='ocr_carea' id='block_1_59' title="bbox 1878 2817 3532 2890">
    <p class='ocr_par' dir='ltr' id='par_1_59' title="bbox 1878 2817 3532 2890">
     <span class='ocr_line' id='line_1_59' title="bbox 1878 2817 3532 2890; baseline 0.001 -19"><span class='ocrx_word' id='word_1_434' title='bbox 1878 2817 1950 2872; x_wconf 89' lang='lat' dir='ltr'>rit</span> <span class='ocrx_word' id='word_1_435' title='bbox 1983 2833 1995 2872; x_wconf 92' lang='lat'><strong>:</strong></span> <span class='ocrx_word' id='word_1_436' title='bbox 2030 2823 2091 2873; x_wconf 92' lang='lat' dir='ltr'>ut</span> <span class='ocrx_word' id='word_1_437' title='bbox 2119 2818 2378 2890; x_wconf 87' lang='lat' dir='ltr'>qualitas</span> <span class='ocrx_word' id='word_1_438' title='bbox 2405 2819 2809 2890; x_wconf 87' lang='lat' dir='ltr'>astringentis,</span> <span class='ocrx_word' id='word_1_439' title='bbox 2843 2819 2945 2874; x_wconf 91' lang='lat' dir='ltr'>ubi</span> <span class='ocrx_word' id='word_1_440' title='bbox 2975 2820 3227 2874; x_wconf 87' lang='lat' dir='ltr'>tinctura</span> <span class='ocrx_word' id='word_1_441' title='bbox 3249 2833 3532 2890; x_wconf 63' lang='lat' dir='ltr'>purpurae</span> 
     </span>
    </p>
   </div>
   <div class='ocr_carea' id='block_1_60' title="bbox 1877 2906 3533 2979">
    <p class='ocr_par' dir='ltr' id='par_1_60' title="bbox 1877 2906 3533 2979">
     <span class='ocr_line' id='line_1_60' title="bbox 1877 2906 3533 2979; baseline 0 -19"><span class='ocrx_word' id='word_1_442' title='bbox 1877 2906 2218 2978; x_wconf 74' lang='lat' dir='ltr'>praevaluit:</span> <span class='ocrx_word' id='word_1_443' title='bbox 2257 2915 2320 2962; x_wconf 92' lang='lat' dir='ltr'>ut</span> <span class='ocrx_word' id='word_1_444' title='bbox 2348 2907 2518 2962; x_wconf 83' lang='lat' dir='ltr'>lineae</span> <span class='ocrx_word' id='word_1_445' title='bbox 2567 2915 2623 2963; x_wconf 88' lang='lat' dir='ltr'>et</span> <span class='ocrx_word' id='word_1_446' title='bbox 2651 2907 3202 2979; x_wconf 68' lang='lat' dir='ltr'>prmdelineationes</span> <span class='ocrx_word' id='word_1_447' title='bbox 3235 2922 3340 2978; x_wconf 90' lang='lat' dir='ltr'>per</span> <span class='ocrx_word' id='word_1_448' title='bbox 3380 2906 3533 2961; x_wconf 87' lang='lat' dir='ltr'>ima-</span> 
     </span>
    </p>
   </div>
   <div class='ocr_carea' id='block_1_61' title="bbox 1879 2993 3530 3065">
    <p class='ocr_par' dir='ltr' id='par_1_61' title="bbox 1879 2993 3530 3065">
     <span class='ocr_line' id='line_1_61' title="bbox 1879 2993 3530 3065; baseline -0.001 -16"><span class='ocrx_word' id='word_1_449' title='bbox 1879 2994 2034 3063; x_wconf 90' lang='lat' dir='ltr'>ginis</span> <span class='ocrx_word' id='word_1_450' title='bbox 2087 2993 2505 3050; x_wconf 89' lang='lat' dir='ltr'>formationem</span> <span class='ocrx_word' id='word_1_451' title='bbox 2573 2995 2990 3050; x_wconf 89' lang='lat' dir='ltr'>absorbentur.</span> <span class='ocrx_word' id='word_1_452' title='bbox 3038 2995 3281 3065; x_wconf 88' lang='lat' dir='ltr'>Singula</span> <span class='ocrx_word' id='word_1_453' title='bbox 3329 2993 3530 3049; x_wconf 83' lang='lat' dir='ltr'>autem</span> 
     </span>
    </p>
   </div>
   <div class='ocr_carea' id='block_1_62' title="bbox 149 3082 1765 3164">
    <p class='ocr_par' dir='ltr' id='par_1_62' title="bbox 149 3087 1765 3160">
     <span class='ocr_line' id='line_1_62' title="bbox 149 3087 1765 3160; baseline -0.002 -18"><span class='ocrx_word' id='word_1_454' title='bbox 149 3094 228 3153; x_wconf 78' lang='grc' dir='ltr'>ὡς</span> <span class='ocrx_word' id='word_1_455' title='bbox 283 3090 476 3143; x_wconf 81' lang='grc' dir='ltr'>τέλειον</span> <span class='ocrx_word' id='word_1_456' title='bbox 532 3088 789 3160; x_wconf 74' lang='grc' dir='ltr'>ἐπεγένετο</span> <span class='ocrx_word' id='word_1_457' title='bbox 844 3093 882 3130; x_wconf 68' lang='grc' dir='ltr'>ι·</span> <span class='ocrx_word' id='word_1_458' title='bbox 937 3094 1026 3140; x_wconf 85' lang='grc' dir='ltr'>καὶ</span> <span class='ocrx_word' id='word_1_459' title='bbox 1081 3088 1196 3141; x_wconf 75' lang='grc' dir='ltr'>οὔτε</span> <span class='ocrx_word' id='word_1_460' title='bbox 1250 3096 1322 3158; x_wconf 81' lang='grc' dir='ltr'>τῷ</span> <span class='ocrx_word' id='word_1_461' title='bbox 1379 3087 1765 3160; x_wconf 80' lang='grc' dir='ltr'>προϋπάρξαντι</span> 
     </span>
    </p>
   </div>
   <div class='ocr_carea' id='block_1_63' title="bbox 1876 3082 3525 3164">
    <p class='ocr_par' dir='ltr' id='par_1_63' title="bbox 1877 3082 3525 3155">
     <span class='ocr_line' id='line_1_63' title="bbox 1877 3082 3525 3155; baseline -0.002 -16"><span class='ocrx_word' id='word_1_462' title='bbox 1877 3098 2077 3139; x_wconf 92' lang='lat' dir='ltr'>eorum</span> <span class='ocrx_word' id='word_1_463' title='bbox 2111 3099 2240 3154; x_wconf 63' lang='lat' dir='ltr'>quas</span> <span class='ocrx_word' id='word_1_464' title='bbox 2288 3084 2348 3138; x_wconf 92' lang='lat' dir='ltr'>in</span> <span class='ocrx_word' id='word_1_465' title='bbox 2379 3088 2628 3155; x_wconf 88' lang='lat' dir='ltr'>utraque</span> <span class='ocrx_word' id='word_1_466' title='bbox 2660 3083 3114 3154; x_wconf 90' lang='lat' dir='ltr'>comparatione</span> <span class='ocrx_word' id='word_1_467' title='bbox 3168 3088 3305 3138; x_wconf 90' lang='lat' dir='ltr'>sunt</span> <span class='ocrx_word' id='word_1_468' title='bbox 3330 3082 3525 3150; x_wconf 89' lang='lat' dir='ltr'>allata,</span> 
     </span>
    </p>
   </div>
   <div class='ocr_carea' id='block_1_64' title="bbox 148 3173 1767 3250">
    <p class='ocr_par' dir='ltr' id='par_1_64' title="bbox 148 3173 1767 3250">
     <span class='ocr_line' id='line_1_64' title="bbox 148 3173 1767 3250; baseline -0.003 -18"><span class='ocrx_word' id='word_1_469' title='bbox 148 3185 214 3232; x_wconf 76' lang='grc' dir='ltr'>τὸ</span> <span class='ocrx_word' id='word_1_470' title='bbox 269 3181 570 3250; x_wconf 75' lang='grc' dir='ltr'>ἓπιγεγονός</span> <span class='ocrx_word' id='word_1_471' title='bbox 623 3179 855 3250; x_wconf 79' lang='grc' dir='ltr'>ὑπάρχει</span> <span class='ocrx_word' id='word_1_472' title='bbox 900 3177 1142 3250; x_wconf 82' lang='grc' dir='ltr'>πολέμιον</span> <span class='ocrx_word' id='word_1_473' title='bbox 1175 3197 1188 3210; x_wconf 78' lang='grc' dir='ltr'><strong>ο</strong></span> <span class='ocrx_word' id='word_1_474' title='bbox 1239 3175 1428 3249; x_wconf 85' lang='grc' dir='ltr'>μᾶλλον</span> <span class='ocrx_word' id='word_1_475' title='bbox 1469 3189 1497 3217; x_wconf 79' lang='grc' dir='ltr'>ιι</span> <span class='ocrx_word' id='word_1_476' title='bbox 1538 3180 1627 3248; x_wconf 80' lang='grc' dir='ltr'>μεν</span> <span class='ocrx_word' id='word_1_477' title='bbox 1680 3173 1767 3228; x_wconf 79' lang='grc' dir='ltr'>οὖν</span> 
     </span>
    </p>
   </div>
   <div class='ocr_carea' id='block_1_65' title="bbox 148 3266 1764 3342">
    <p class='ocr_par' dir='ltr' id='par_1_65' title="bbox 148 3266 1764 3342">
     <span class='ocr_line' id='line_1_65' title="bbox 148 3266 1764 3342; baseline -0.002 -22"><span class='ocrx_word' id='word_1_478' title='bbox 148 3268 321 3326; x_wconf 81' lang='grc' dir='ltr'>πολλή</span> <span class='ocrx_word' id='word_1_479' title='bbox 357 3271 487 3342; x_wconf 88' lang='grc' dir='ltr'>πρὸς</span> <span class='ocrx_word' id='word_1_480' title='bbox 517 3266 713 3325; x_wconf 72' lang='grc' dir='ltr'>ἄλληλα</span> <span class='ocrx_word' id='word_1_481' title='bbox 755 3269 948 3319; x_wconf 90' lang='grc' dir='ltr'>τούτων</span> <span class='ocrx_word' id='word_1_482' title='bbox 996 3271 1268 3338; x_wconf 81' lang='grc' dir='ltr'>συμφωνία</span> <span class='ocrx_word' id='word_1_483' title='bbox 1316 3271 1404 3319; x_wconf 83' lang='grc' dir='ltr'>καὶ</span> <span class='ocrx_word' id='word_1_484' title='bbox 1445 3270 1718 3337; x_wconf 76' lang='grc' dir='ltr'>συγγένεια</span> <span class='ocrx_word' id='word_1_485' title='bbox 1751 3285 1764 3299; x_wconf 90' lang='grc'><strong>·</strong></span> 
     </span>
    </p>
   </div>
   <div class='ocr_carea' id='block_1_66' title="bbox 146 3355 1764 3430">
    <p class='ocr_par' dir='ltr' id='par_1_66' title="bbox 146 3355 1764 3430">
     <span class='ocr_line' id='line_1_66' title="bbox 146 3355 1764 3430; baseline -0.003 -20"><span class='ocrx_word' id='word_1_486' title='bbox 146 3363 277 3410; x_wconf 72' lang='grc' dir='ltr'>οὔτε</span> <span class='ocrx_word' id='word_1_487' title='bbox 335 3361 475 3424; x_wconf 79' lang='grc' dir='ltr'>μένει</span> <span class='ocrx_word' id='word_1_488' title='bbox 541 3359 603 3408; x_wconf 86' lang='grc' dir='ltr'>τά</span> <span class='ocrx_word' id='word_1_489' title='bbox 667 3361 911 3430; x_wconf 69' lang='grc' dir='ltr'>πρότερα²</span> <span class='ocrx_word' id='word_1_490' title='bbox 970 3365 1069 3407; x_wconf 86' lang='grc' dir='ltr'>τῶν</span> <span class='ocrx_word' id='word_1_491' title='bbox 1124 3355 1322 3408; x_wconf 80' lang='grc' dir='ltr'>τελείων</span> <span class='ocrx_word' id='word_1_492' title='bbox 1386 3355 1764 3426; x_wconf 77' lang='grc' dir='ltr'>ἐπιγινομένων.</span> 
     </span>
    </p>
   </div>
   <div class='ocr_carea' id='block_1_67' title="bbox 142 3443 1767 3517">
    <p class='ocr_par' dir='ltr' id='par_1_67' title="bbox 142 3443 1767 3517">
     <span class='ocr_line' id='line_1_67' title="bbox 142 3443 1767 3517; baseline -0.004 -18"><span class='ocrx_word' id='word_1_493' title='bbox 142 3449 409 3507; x_wconf 77' lang='grc' dir='ltr'>Τοιοῦτός</span> <span class='ocrx_word' id='word_1_494' title='bbox 458 3443 598 3497; x_wconf 81' lang='grc' dir='ltr'>ἐστιν</span> <span class='ocrx_word' id='word_1_495' title='bbox 641 3446 667 3495; x_wconf 91' lang='lat'>6</span> <span class='ocrx_word' id='word_1_496' title='bbox 709 3449 866 3517; x_wconf 80' lang='grc' dir='ltr'>νόμος</span> <span class='ocrx_word' id='word_1_497' title='bbox 912 3451 1006 3505; x_wconf 85' lang='grc' dir='ltr'>τῆς</span> <span class='ocrx_word' id='word_1_498' title='bbox 1055 3446 1274 3515; x_wconf 85' lang='grc' dir='ltr'>φύσεως,</span> <span class='ocrx_word' id='word_1_499' title='bbox 1316 3451 1410 3505; x_wconf 86' lang='grc' dir='ltr'>τῆς</span> <span class='ocrx_word' id='word_1_500' title='bbox 1454 3443 1767 3504; x_wconf 79' lang='grc' dir='ltr'>τελειότητος</span> 
     </span>
    </p>
   </div>
   <div class='ocr_carea' id='block_1_68' title="bbox 144 3531 1766 3608">
    <p class='ocr_par' dir='ltr' id='par_1_68' title="bbox 144 3531 1766 3608">
     <span class='ocr_line' id='line_1_68' title="bbox 144 3531 1766 3608; baseline -0.002 -22"><span class='ocrx_word' id='word_1_501' title='bbox 144 3535 529 3608; x_wconf 78' lang='grc' dir='ltr'>ἐνεργουμένης</span> <span class='ocrx_word' id='word_1_502' title='bbox 583 3532 758 3606; x_wconf 78' lang='grc' dir='ltr'>ἀργεῖν</span> <span class='ocrx_word' id='word_1_503' title='bbox 809 3537 909 3585; x_wconf 84' lang='grc' dir='ltr'>ὅσα</span> <span class='ocrx_word' id='word_1_504' title='bbox 955 3532 1024 3594; x_wconf 86' lang='grc' dir='ltr'>είς</span> <span class='ocrx_word' id='word_1_505' title='bbox 1079 3537 1173 3590; x_wconf 77' lang='grc' dir='ltr'>τὴν</span> <span class='ocrx_word' id='word_1_506' title='bbox 1222 3531 1386 3594; x_wconf 82' lang='grc' dir='ltr'>αὑτῆς</span> <span class='ocrx_word' id='word_1_507' title='bbox 1435 3537 1766 3590; x_wconf 79' lang='grc' dir='ltr'>κατασκευὴν</span> 
     </span>
    </p>
   </div>
   <div class='ocr_carea' id='block_1_69' title="bbox 144 3620 1768 3696">
    <p class='ocr_par' dir='ltr' id='par_1_69' title="bbox 144 3620 1768 3696">
     <span class='ocr_line' id='line_1_69' title="bbox 144 3620 1768 3696; baseline -0.003 -20"><span class='ocrx_word' id='word_1_508' title='bbox 144 3629 246 3677; x_wconf 79' lang='grc' dir='ltr'>καὶ</span> <span class='ocrx_word' id='word_1_509' title='bbox 299 3622 594 3674; x_wconf 70' lang='grc' dir='ltr'>συντέλειαν</span> <span class='ocrx_word' id='word_1_510' title='bbox 647 3620 1085 3696; x_wconf 78' lang='grc' dir='ltr'>παρελαμϐάνετο.</span> <span class='ocrx_word' id='word_1_511' title='bbox 1144 3620 1304 3673; x_wconf 74' lang='grc' dir='ltr'>⁴Ὠστε</span> <span class='ocrx_word' id='word_1_512' title='bbox 1357 3625 1444 3672; x_wconf 83' lang='grc' dir='ltr'>καὶ</span> <span class='ocrx_word' id='word_1_513' title='bbox 1502 3626 1768 3695; x_wconf 76' lang='grc' dir='ltr'>κατήργη-</span> 
     </span>
    </p>
   </div>
   <div class='ocr_carea' id='block_1_70' title="bbox 138 3709 1765 3785">
    <p class='ocr_par' dir='ltr' id='par_1_70' title="bbox 138 3709 1765 3785">
     <span class='ocr_line' id='line_1_70' title="bbox 138 3709 1765 3785; baseline -0.003 -19"><span class='ocrx_word' id='word_1_514' title='bbox 138 3733 240 3766; x_wconf 81' lang='grc' dir='ltr'>ται</span> <span class='ocrx_word' id='word_1_515' title='bbox 283 3714 310 3764; x_wconf 89' lang='lat'>6</span> <span class='ocrx_word' id='word_1_516' title='bbox 358 3717 532 3784; x_wconf 85' lang='grc' dir='ltr'>νόμος,</span> <span class='ocrx_word' id='word_1_517' title='bbox 588 3720 678 3771; x_wconf 80' lang='grc' dir='ltr'>τῆς</span> <span class='ocrx_word' id='word_1_518' title='bbox 734 3713 957 3785; x_wconf 86' lang='grc' dir='ltr'>χάριτος</span> <span class='ocrx_word' id='word_1_519' title='bbox 997 3709 1310 3776; x_wconf 71' lang='grc' dir='ltr'>ἐπιστάσης,</span> <span class='ocrx_word' id='word_1_520' title='bbox 1360 3715 1448 3761; x_wconf 85' lang='grc' dir='ltr'>καὶ</span> <span class='ocrx_word' id='word_1_521' title='bbox 1498 3711 1555 3762; x_wconf 77' lang='grc' dir='ltr'>ού</span> <span class='ocrx_word' id='word_1_522' title='bbox 1609 3730 1765 3762; x_wconf 85' lang='grc' dir='ltr'>κατα-</span> 
     </span>
    </p>
   </div>
   <div class='ocr_carea' id='block_1_71' title="bbox 138 3803 409 3855">
    <p class='ocr_par' dir='ltr' id='par_1_71' title="bbox 138 3803 409 3855">
     <span class='ocr_line' id='line_1_71' title="bbox 138 3803 409 3855; baseline -0.015 0"><span class='ocrx_word' id='word_1_523' title='bbox 138 3803 366 3855; x_wconf 76' lang='grc' dir='ltr'>λέλυται</span> <span class='ocrx_word' id='word_1_524' title='bbox 397 3821 409 3833; x_wconf 74' lang='grc'><strong>⁸</strong></span> 
     </span>
    </p>
   </div>
   <div class='ocr_carea' id='block_1_72' title="bbox 139 3884 1767 3963">
    <p class='ocr_par' dir='ltr' id='par_1_72' title="bbox 139 3884 1767 3963">
     <span class='ocr_line' id='line_1_72' title="bbox 139 3884 1767 3963; baseline -0.002 -19"><span class='ocrx_word' id='word_1_525' title='bbox 139 3890 494 3962; x_wconf 78' lang='grc' dir='ltr'>πεπλήρωκεν</span> <span class='ocrx_word' id='word_1_526' title='bbox 539 3888 692 3940; x_wconf 76' lang='grc' dir='ltr'>αὑτὸν</span> <span class='ocrx_word' id='word_1_527' title='bbox 734 3890 758 3940; x_wconf 93' lang='lat'>6</span> <span class='ocrx_word' id='word_1_528' title='bbox 793 3893 1024 3961; x_wconf 77' lang='grc' dir='ltr'>Χριστός</span> <span class='ocrx_word' id='word_1_529' title='bbox 1054 3884 1318 3960; x_wconf 80' lang='grc' dir='ltr'>μηδεμίαν</span> <span class='ocrx_word' id='word_1_530' title='bbox 1362 3893 1571 3963; x_wconf 86' lang='grc' dir='ltr'>κεραίαν</span> <span class='ocrx_word' id='word_1_531' title='bbox 1600 3889 1767 3952; x_wconf 87' lang='grc' dir='ltr'>λύσας</span> 
     </span>
    </p>
   </div>
   <div class='ocr_carea' id='block_1_73' title="bbox 469 3796 1766 3864">
    <p class='ocr_par' dir='ltr' id='par_1_73' title="bbox 469 3796 1766 3864">
     <span class='ocr_line' id='line_1_73' title="bbox 469 3796 1766 3864; baseline 0.002 -14"><span class='ocrx_word' id='word_1_532' title='bbox 469 3805 557 3852; x_wconf 80' lang='grc' dir='ltr'>καὶ</span> <span class='ocrx_word' id='word_1_533' title='bbox 613 3804 896 3864; x_wconf 81' lang='grc' dir='ltr'>πέπαυται,</span> <span class='ocrx_word' id='word_1_534' title='bbox 957 3804 1044 3851; x_wconf 88' lang='grc' dir='ltr'>καὶ</span> <span class='ocrx_word' id='word_1_535' title='bbox 1122 3799 1181 3851; x_wconf 85' lang='grc' dir='ltr'>ού</span> <span class='ocrx_word' id='word_1_536' title='bbox 1240 3796 1579 3856; x_wconf 76' lang='grc' dir='ltr'>διαϐέϐληται</span> <span class='ocrx_word' id='word_1_537' title='bbox 1612 3821 1624 3832; x_wconf 91' lang='grc'><strong>·</strong></span> <span class='ocrx_word' id='word_1_538' title='bbox 1677 3806 1766 3852; x_wconf 84' lang='grc' dir='ltr'>καὶ</span> 
     </span>
    </p>
   </div>
   <div class='ocr_carea' id='block_1_74' title="bbox 138 3977 1766 4050">
    <p class='ocr_par' dir='ltr' id='par_1_74' title="bbox 138 3977 1766 4050">
     <span class='ocr_line' id='line_1_74' title="bbox 138 3977 1766 4050; baseline -0.001 -18"><span class='ocrx_word' id='word_1_539' title='bbox 138 3981 198 4044; x_wconf 82' lang='grc' dir='ltr'><strong>ἐξ</strong></span> <span class='ocrx_word' id='word_1_540' title='bbox 264 3980 426 4030; x_wconf 70' lang='grc' dir='ltr'>αὐτοῦ</span> <span class='ocrx_word' id='word_1_541' title='bbox 461 3999 473 4011; x_wconf 90' lang='grc'><strong>·</strong></span> <span class='ocrx_word' id='word_1_542' title='bbox 521 3983 610 4030; x_wconf 81' lang='grc' dir='ltr'>καὶ</span> <span class='ocrx_word' id='word_1_543' title='bbox 661 3977 771 4030; x_wconf 86' lang='grc' dir='ltr'>ὅλον</span> <span class='ocrx_word' id='word_1_544' title='bbox 821 3978 1060 4050; x_wconf 78' lang='grc' dir='ltr'>ἠφάνισε,</span> <span class='ocrx_word' id='word_1_545' title='bbox 1120 3977 1391 4037; x_wconf 84' lang='grc' dir='ltr'>τελειώσας</span> <span class='ocrx_word' id='word_1_546' title='bbox 1443 3978 1596 4030; x_wconf 85' lang='grc' dir='ltr'>αὑτόν</span> <span class='ocrx_word' id='word_1_547' title='bbox 1629 4000 1640 4011; x_wconf 77' lang='grc' dir='ltr'><strong><em>ο</em></strong></span> <span class='ocrx_word' id='word_1_548' title='bbox 1671 3979 1766 4030; x_wconf 80' lang='grc' dir='ltr'>οὑκ</span> 
     </span>
    </p>
   </div>
   <div class='ocr_carea' id='block_1_75' title="bbox 139 4063 1764 4141">
    <p class='ocr_par' dir='ltr' id='par_1_75' title="bbox 139 4063 1764 4141">
     <span class='ocr_line' id='line_1_75' title="bbox 139 4063 1764 4141; baseline -0.001 -20"><span class='ocrx_word' id='word_1_549' title='bbox 139 4073 266 4122; x_wconf 80' lang='grc' dir='ltr'>ἔστι</span> <span class='ocrx_word' id='word_1_550' title='bbox 320 4079 354 4109; x_wconf 73' lang='grc' dir='ltr'><strong>ν</strong></span> <span class='ocrx_word' id='word_1_551' title='bbox 397 4070 498 4140; x_wconf 80' lang='grc' dir='ltr'>γὰρ</span> <span class='ocrx_word' id='word_1_552' title='bbox 539 4075 631 4120; x_wconf 85' lang='grc' dir='ltr'>τοῦ</span> <span class='ocrx_word' id='word_1_553' title='bbox 676 4063 1136 4138; x_wconf 82' lang='grc' dir='ltr'>παιδαγωγοῦντος</span> <span class='ocrx_word' id='word_1_554' title='bbox 1189 4071 1368 4141; x_wconf 84' lang='grc' dir='ltr'>χρεία,</span> <span class='ocrx_word' id='word_1_555' title='bbox 1417 4067 1576 4119; x_wconf 70' lang='grc' dir='ltr'>αὑτοῦ</span> <span class='ocrx_word' id='word_1_556' title='bbox 1626 4088 1764 4141; x_wconf 89' lang='grc' dir='ltr'>παρ-</span> 
     </span>
    </p>
   </div>
   <div class='ocr_carea' id='block_1_76' title="bbox 136 4153 1766 4229">
    <p class='ocr_par' dir='ltr' id='par_1_76' title="bbox 136 4153 1766 4229">
     <span class='ocr_line' id='line_1_76' title="bbox 136 4153 1766 4229; baseline -0.001 -18"><span class='ocrx_word' id='word_1_557' title='bbox 136 4166 297 4218; x_wconf 83' lang='grc' dir='ltr'>όντος</span> <span class='ocrx_word' id='word_1_558' title='bbox 383 4163 474 4208; x_wconf 80' lang='grc' dir='ltr'>τοῦ</span> <span class='ocrx_word' id='word_1_559' title='bbox 557 4153 888 4208; x_wconf 79' lang='grc' dir='ltr'>διδασκάλου</span> <span class='ocrx_word' id='word_1_560' title='bbox 919 4177 931 4189; x_wconf 89' lang='grc'><strong>·</strong></span> <span class='ocrx_word' id='word_1_561' title='bbox 987 4155 1280 4207; x_wconf 82' lang='grc' dir='ltr'>καταλῦσαι</span> <span class='ocrx_word' id='word_1_562' title='bbox 1354 4159 1442 4227; x_wconf 69' lang='grc' dir='ltr'>μὲν</span> <span class='ocrx_word' id='word_1_563' title='bbox 1498 4159 1596 4229; x_wconf 84' lang='grc' dir='ltr'>γάρ</span> <span class='ocrx_word' id='word_1_564' title='bbox 1654 4161 1766 4209; x_wconf 85' lang='grc' dir='ltr'>ἐστι</span> 
     </span>
    </p>
   </div>
   <div class='ocr_carea' id='block_1_77' title="bbox 137 4243 1764 4318">
    <p class='ocr_par' dir='ltr' id='par_1_77' title="bbox 137 4243 1764 4318">
     <span class='ocr_line' id='line_1_77' title="bbox 137 4243 1764 4318; baseline -0.002 -18"><span class='ocrx_word' id='word_1_565' title='bbox 137 4252 238 4301; x_wconf 76' lang='grc' dir='ltr'>καὶ</span> <span class='ocrx_word' id='word_1_566' title='bbox 298 4243 548 4306; x_wconf 67' lang='grc' dir='ltr'>διαϐολῆς</span> <span class='ocrx_word' id='word_1_567' title='bbox 607 4249 785 4318; x_wconf 79' lang='grc' dir='ltr'>ἔνοχον</span> <span class='ocrx_word' id='word_1_568' title='bbox 848 4244 1067 4315; x_wconf 76' lang='grc' dir='ltr'>ἐλέγξαι,</span> <span class='ocrx_word' id='word_1_569' title='bbox 1123 4249 1181 4296; x_wconf 87' lang='grc' dir='ltr'>τὸ</span> <span class='ocrx_word' id='word_1_570' title='bbox 1235 4243 1289 4295; x_wconf 80' lang='grc' dir='ltr'>ἐκ</span> <span class='ocrx_word' id='word_1_571' title='bbox 1346 4243 1556 4318; x_wconf 68' lang='grc' dir='ltr'>βάθρων</span> <span class='ocrx_word' id='word_1_572' title='bbox 1611 4246 1764 4298; x_wconf 74' lang='grc' dir='ltr'>αὑτὸν</span> 
     </span>
    </p>
   </div>
   <div class='ocr_carea' id='block_1_78' title="bbox 140 4331 1765 4409">
    <p class='ocr_par' dir='ltr' id='par_1_78' title="bbox 140 4331 1765 4409">
     <span class='ocr_line' id='line_1_78' title="bbox 140 4331 1765 4409; baseline -0.01 -18"><span class='ocrx_word' id='word_1_573' title='bbox 140 4334 470 4409; x_wconf 69' lang='grc' dir='ltr'>ἀνατρέψαι,</span> <span class='ocrx_word' id='word_1_574' title='bbox 503 4332 692 4406; x_wconf 77' lang='grc' dir='ltr'>μηδενὶ</span> <span class='ocrx_word' id='word_1_575' title='bbox 740 4343 839 4385; x_wconf 86' lang='grc' dir='ltr'>τῶν</span> <span class='ocrx_word' id='word_1_576' title='bbox 885 4335 1042 4386; x_wconf 76' lang='grc' dir='ltr'>αὑτοῦ</span> <span class='ocrx_word' id='word_1_577' title='bbox 1083 4331 1453 4405; x_wconf 72' lang='grc' dir='ltr'>δικαιωμάτων</span> <span class='ocrx_word' id='word_1_578' title='bbox 1487 4354 1765 4409; x_wconf 74' lang='grc' dir='ltr'>προσ-χρη-</span> 
     </span>
    </p>
   </div>
   <div class='ocr_carea' id='block_1_79' title="bbox 137 4419 1766 4498">
    <p class='ocr_par' dir='ltr' id='par_1_79' title="bbox 137 4419 1766 4498">
     <span class='ocr_line' id='line_1_79' title="bbox 137 4419 1766 4498; baseline -0.002 -20"><span class='ocrx_word' id='word_1_579' title='bbox 137 4429 383 4498; x_wconf 71' lang='grc' dir='ltr'>σάμενον</span> <span class='ocrx_word' id='word_1_580' title='bbox 415 4445 428 4457; x_wconf 77' lang='grc' dir='ltr'><strong><em>ο</em></strong></span> <span class='ocrx_word' id='word_1_581' title='bbox 486 4432 688 4475; x_wconf 74' lang='grc' dir='ltr'>παῦσαι</span> <span class='ocrx_word' id='word_1_582' title='bbox 741 4419 799 4475; x_wconf 70' lang='grc' dir='ltr'>δὲ</span> <span class='ocrx_word' id='word_1_583' title='bbox 851 4428 940 4474; x_wconf 81' lang='grc' dir='ltr'>καὶ</span> <span class='ocrx_word' id='word_1_584' title='bbox 997 4421 1230 4497; x_wconf 80' lang='grc' dir='ltr'>ἀργῆσαι</span> <span class='ocrx_word' id='word_1_585' title='bbox 1278 4427 1448 4493; x_wconf 88' lang='grc' dir='ltr'>μόνον,</span> <span class='ocrx_word' id='word_1_586' title='bbox 1503 4427 1631 4494; x_wconf 85' lang='grc' dir='ltr'>μετά</span> <span class='ocrx_word' id='word_1_587' title='bbox 1675 4432 1766 4485; x_wconf 81' lang='grc' dir='ltr'>τῆς</span> 
     </span>
    </p>
   </div>
   <div class='ocr_carea' id='block_1_80' title="bbox 1879 3171 3530 3244">
    <p class='ocr_par' dir='ltr' id='par_1_80' title="bbox 1879 3171 3530 3244">
     <span class='ocr_line' id='line_1_80' title="bbox 1879 3171 3530 3244; baseline -0.002 -17"><span class='ocrx_word' id='word_1_588' title='bbox 1879 3173 1969 3229; x_wconf 87' lang='lat' dir='ltr'>vel</span> <span class='ocrx_word' id='word_1_589' title='bbox 1985 3178 2048 3228; x_wconf 87' lang='lat' dir='ltr'>ut</span> <span class='ocrx_word' id='word_1_590' title='bbox 2068 3171 2414 3244; x_wconf 89' lang='lat' dir='ltr'>imperfecta</span> <span class='ocrx_word' id='word_1_591' title='bbox 2435 3177 2878 3243; x_wconf 67' lang='lat' dir='ltr'>praecesserunt,</span> <span class='ocrx_word' id='word_1_592' title='bbox 2905 3171 2996 3226; x_wconf 89' lang='lat' dir='ltr'>vel</span> <span class='ocrx_word' id='word_1_593' title='bbox 3019 3171 3376 3227; x_wconf 88' lang='lat' dir='ltr'>subinducta</span> <span class='ocrx_word' id='word_1_594' title='bbox 3391 3173 3530 3225; x_wconf 87' lang='lat' dir='ltr'>sunt</span> 
     </span>
    </p>
   </div>
   <div class='ocr_carea' id='block_1_81' title="bbox 1879 3260 3530 3333">
    <p class='ocr_par' dir='ltr' id='par_1_81' title="bbox 1879 3260 3530 3333">
     <span class='ocr_line' id='line_1_81' title="bbox 1879 3260 3530 3333; baseline -0.001 -17"><span class='ocrx_word' id='word_1_595' title='bbox 1879 3266 1942 3316; x_wconf 94' lang='lat' dir='ltr'>ut</span> <span class='ocrx_word' id='word_1_596' title='bbox 1973 3260 2232 3332; x_wconf 88' lang='lat' dir='ltr'>perfecta</span> <span class='ocrx_word' id='word_1_597' title='bbox 2265 3277 2278 3316; x_wconf 90' lang='lat'><strong>:</strong></span> <span class='ocrx_word' id='word_1_598' title='bbox 2312 3261 2413 3316; x_wconf 90' lang='lat' dir='ltr'>ubi</span> <span class='ocrx_word' id='word_1_599' title='bbox 2436 3277 2629 3333; x_wconf 89' lang='lat' dir='ltr'>neque</span> <span class='ocrx_word' id='word_1_600' title='bbox 2651 3260 2816 3333; x_wconf 91' lang='lat' dir='ltr'>quod</span> <span class='ocrx_word' id='word_1_601' title='bbox 2839 3260 3352 3316; x_wconf 88' lang='lat' dir='ltr'>subintroducitur</span> <span class='ocrx_word' id='word_1_602' title='bbox 3381 3275 3530 3331; x_wconf 66' lang='lat' dir='ltr'>prte-</span> 
     </span>
    </p>
   </div>
   <div class='ocr_carea' id='block_1_82' title="bbox 1877 3349 3528 3422">
    <p class='ocr_par' dir='ltr' id='par_1_82' title="bbox 1877 3349 3528 3422">
     <span class='ocr_line' id='line_1_82' title="bbox 1877 3349 3528 3422; baseline -0.001 -17"><span class='ocrx_word' id='word_1_603' title='bbox 1877 3350 2140 3406; x_wconf 84' lang='lat' dir='ltr'>existenti</span> <span class='ocrx_word' id='word_1_604' title='bbox 2178 3349 2525 3406; x_wconf 81' lang='lat' dir='ltr'>adversatur</span> <span class='ocrx_word' id='word_1_605' title='bbox 2556 3351 2774 3422; x_wconf 87' lang='lat' dir='ltr'>(potius</span> <span class='ocrx_word' id='word_1_606' title='bbox 2807 3349 3007 3406; x_wconf 86' lang='lat' dir='ltr'>multis</span> <span class='ocrx_word' id='word_1_607' title='bbox 3040 3350 3234 3405; x_wconf 87' lang='lat' dir='ltr'>modis</span> <span class='ocrx_word' id='word_1_608' title='bbox 3283 3349 3436 3404; x_wconf 88' lang='lat' dir='ltr'>inter</span> <span class='ocrx_word' id='word_1_609' title='bbox 3465 3363 3528 3403; x_wconf 92' lang='lat' dir='ltr'>se</span> 
     </span>
    </p>
   </div>
   <div class='ocr_carea' id='block_1_83' title="bbox 1878 3435 3531 3511">
    <p class='ocr_par' dir='ltr' id='par_1_83' title="bbox 1878 3435 3531 3511">
     <span class='ocr_line' id='line_1_83' title="bbox 1878 3435 3531 3511; baseline -0.001 -18"><span class='ocrx_word' id='word_1_610' title='bbox 1878 3440 2220 3509; x_wconf 87' lang='lat' dir='ltr'>conspirant</span> <span class='ocrx_word' id='word_1_611' title='bbox 2241 3444 2296 3494; x_wconf 90' lang='lat' dir='ltr'>et</span> <span class='ocrx_word' id='word_1_612' title='bbox 2321 3439 2689 3510; x_wconf 90' lang='lat' dir='ltr'>copulantur)</span> <span class='ocrx_word' id='word_1_613' title='bbox 2722 3455 2916 3511; x_wconf 88' lang='lat' dir='ltr'>neque</span> <span class='ocrx_word' id='word_1_614' title='bbox 2944 3445 3144 3494; x_wconf 87' lang='lat' dir='ltr'>tamen</span> <span class='ocrx_word' id='word_1_615' title='bbox 3170 3439 3371 3510; x_wconf 89' lang='lat' dir='ltr'>priora</span> <span class='ocrx_word' id='word_1_616' title='bbox 3393 3435 3531 3491; x_wconf 90' lang='lat' dir='ltr'>sub-</span> 
     </span>
    </p>
   </div>
   <div class='ocr_carea' id='block_1_84' title="bbox 1877 3525 3528 3599">
    <p class='ocr_par' dir='ltr' id='par_1_84' title="bbox 1877 3525 3528 3599">
     <span class='ocr_line' id='line_1_84' title="bbox 1877 3525 3528 3599; baseline -0.002 -15"><span class='ocrx_word' id='word_1_617' title='bbox 1877 3529 2090 3584; x_wconf 91' lang='lat' dir='ltr'>sistunt</span> <span class='ocrx_word' id='word_1_618' title='bbox 2115 3527 2564 3599; x_wconf 90' lang='lat' dir='ltr'>perfectioribus</span> <span class='ocrx_word' id='word_1_619' title='bbox 2586 3527 3073 3584; x_wconf 88' lang='lat' dir='ltr'>subintroductis.</span> <span class='ocrx_word' id='word_1_620' title='bbox 3106 3525 3528 3598; x_wconf 87' lang='lat' dir='ltr'>Hujuscemodi</span> 
     </span>
    </p>
   </div>
   <div class='ocr_carea' id='block_1_85' title="bbox 1876 3616 3532 3689">
    <p class='ocr_par' dir='ltr' id='par_1_85' title="bbox 1876 3616 3532 3689">
     <span class='ocr_line' id='line_1_85' title="bbox 1876 3616 3532 3689; baseline -0.001 -17"><span class='ocrx_word' id='word_1_621' title='bbox 1876 3624 1960 3673; x_wconf 90' lang='lat' dir='ltr'>est</span> <span class='ocrx_word' id='word_1_622' title='bbox 1991 3622 2202 3673; x_wconf 91' lang='lat' dir='ltr'>natura</span> <span class='ocrx_word' id='word_1_623' title='bbox 2230 3616 2374 3686; x_wconf 89' lang='lat' dir='ltr'>legis</span> <span class='ocrx_word' id='word_1_624' title='bbox 2399 3621 2684 3689; x_wconf 89' lang='lat' dir='ltr'>operante</span> <span class='ocrx_word' id='word_1_625' title='bbox 2723 3617 3082 3688; x_wconf 88' lang='lat' dir='ltr'>perfectione</span> <span class='ocrx_word' id='word_1_626' title='bbox 3117 3634 3130 3684; x_wconf 91' lang='lat'>;</span> <span class='ocrx_word' id='word_1_627' title='bbox 3163 3616 3367 3672; x_wconf 85' lang='lat' dir='ltr'>inania</span> <span class='ocrx_word' id='word_1_628' title='bbox 3395 3618 3532 3670; x_wconf 89' lang='lat' dir='ltr'>sunt</span> 
     </span>
    </p>
   </div>
   <div class='ocr_carea' id='block_1_86' title="bbox 1875 3707 3531 3779">
    <p class='ocr_par' dir='ltr' id='par_1_86' title="bbox 1875 3707 3531 3779">
     <span class='ocr_line' id='line_1_86' title="bbox 1875 3707 3531 3779; baseline -0.002 -16"><span class='ocrx_word' id='word_1_629' title='bbox 1875 3711 1932 3763; x_wconf 89' lang='lat' dir='ltr'>et</span> <span class='ocrx_word' id='word_1_630' title='bbox 1955 3707 2195 3769; x_wconf 83' lang='lat' dir='ltr'>frustra,</span> <span class='ocrx_word' id='word_1_631' title='bbox 2227 3722 2599 3779; x_wconf 64' lang='lat' dir='ltr'>quaecunque</span> <span class='ocrx_word' id='word_1_632' title='bbox 2629 3707 2706 3762; x_wconf 92' lang='lat' dir='ltr'>ad</span> <span class='ocrx_word' id='word_1_633' title='bbox 2732 3707 2920 3779; x_wconf 88' lang='lat' dir='ltr'>ipsius</span> <span class='ocrx_word' id='word_1_634' title='bbox 2946 3713 3296 3778; x_wconf 86' lang='lat' dir='ltr'>apparatum</span> <span class='ocrx_word' id='word_1_635' title='bbox 3321 3711 3377 3762; x_wconf 91' lang='lat' dir='ltr'>et</span> <span class='ocrx_word' id='word_1_636' title='bbox 3393 3720 3531 3760; x_wconf 90' lang='lat' dir='ltr'>con-</span> 
     </span>
    </p>
   </div>
   <div class='ocr_carea' id='block_1_87' title="bbox 1877 3794 3527 3862">
    <p class='ocr_par' dir='ltr' id='par_1_87' title="bbox 1877 3794 3527 3862">
     <span class='ocr_line' id='line_1_87' title="bbox 1877 3794 3527 3862; baseline -0.002 -10"><span class='ocrx_word' id='word_1_637' title='bbox 1877 3796 2345 3852; x_wconf 89' lang='lat' dir='ltr'>summationem</span> <span class='ocrx_word' id='word_1_638' title='bbox 2365 3797 2847 3852; x_wconf 87' lang='lat' dir='ltr'>assumebantur.</span> <span class='ocrx_word' id='word_1_639' title='bbox 2873 3796 2962 3850; x_wconf 89' lang='lat' dir='ltr'>Ad</span> <span class='ocrx_word' id='word_1_640' title='bbox 2980 3797 3138 3851; x_wconf 89' lang='lat' dir='ltr'>hunc</span> <span class='ocrx_word' id='word_1_641' title='bbox 3153 3795 3399 3849; x_wconf 88' lang='lat' dir='ltr'>modum</span> <span class='ocrx_word' id='word_1_642' title='bbox 3413 3794 3527 3862; x_wconf 79' lang='lat' dir='ltr'>lex,</span> 
     </span>
    </p>
   </div>
   <div class='ocr_carea' id='block_1_88' title="bbox 1875 3884 3528 3955">
    <p class='ocr_par' dir='ltr' id='par_1_88' title="bbox 1875 3884 3528 3955">
     <span class='ocr_line' id='line_1_88' title="bbox 1875 3884 3528 3955; baseline -0.002 -13"><span class='ocrx_word' id='word_1_643' title='bbox 1875 3887 2233 3942; x_wconf 90' lang='lat' dir='ltr'>adventante</span> <span class='ocrx_word' id='word_1_644' title='bbox 2247 3886 2456 3955; x_wconf 89' lang='lat' dir='ltr'>gratia,</span> <span class='ocrx_word' id='word_1_645' title='bbox 2479 3890 2820 3951; x_wconf 89' lang='lat' dir='ltr'>evacuatur,</span> <span class='ocrx_word' id='word_1_646' title='bbox 2843 3901 2950 3939; x_wconf 90' lang='lat' dir='ltr'>nec</span> <span class='ocrx_word' id='word_1_647' title='bbox 2977 3884 3252 3940; x_wconf 89' lang='lat' dir='ltr'>aboletur</span> <span class='ocrx_word' id='word_1_648' title='bbox 3290 3887 3528 3948; x_wconf 87' lang='lat' dir='ltr'>tamen;</span> 
     </span>
    </p>
   </div>
   <div class='ocr_carea' id='block_1_89' title="bbox 1874 3971 3530 4044">
    <p class='ocr_par' dir='ltr' id='par_1_89' title="bbox 1874 3971 3530 4044">
     <span class='ocr_line' id='line_1_89' title="bbox 1874 3971 3530 4044; baseline -0.004 -13"><span class='ocrx_word' id='word_1_649' title='bbox 1874 3981 2086 4040; x_wconf 90' lang='lat' dir='ltr'>cessat,</span> <span class='ocrx_word' id='word_1_650' title='bbox 2121 3973 2223 4028; x_wconf 91' lang='lat' dir='ltr'>sed</span> <span class='ocrx_word' id='word_1_651' title='bbox 2257 3989 2376 4028; x_wconf 90' lang='lat' dir='ltr'>non</span> <span class='ocrx_word' id='word_1_652' title='bbox 2410 3973 2799 4044; x_wconf 87' lang='lat' dir='ltr'>improbatur,</span> <span class='ocrx_word' id='word_1_653' title='bbox 2835 3972 3178 4044; x_wconf 87' lang='lat' dir='ltr'>adimplevit</span> <span class='ocrx_word' id='word_1_654' title='bbox 3209 3988 3343 4026; x_wconf 91' lang='lat' dir='ltr'>eam</span> <span class='ocrx_word' id='word_1_655' title='bbox 3375 3971 3530 4026; x_wconf 90' lang='lat' dir='ltr'>Chri-</span> 
     </span>
    </p>
   </div>
   <div class='ocr_carea' id='block_1_90' title="bbox 1875 4060 3531 4134">
    <p class='ocr_par' dir='ltr' id='par_1_90' title="bbox 1875 4060 3531 4134">
     <span class='ocr_line' id='line_1_90' title="bbox 1875 4060 3531 4134; baseline -0.003 -16"><span class='ocrx_word' id='word_1_656' title='bbox 1875 4071 2019 4126; x_wconf 89' lang='lat' dir='ltr'>stus,</span> <span class='ocrx_word' id='word_1_657' title='bbox 2051 4061 2154 4134; x_wconf 92' lang='lat' dir='ltr'>qui</span> <span class='ocrx_word' id='word_1_658' title='bbox 2184 4078 2291 4116; x_wconf 91' lang='lat' dir='ltr'>nec</span> <span class='ocrx_word' id='word_1_659' title='bbox 2322 4062 2550 4132; x_wconf 91' lang='lat' dir='ltr'>apicem</span> <span class='ocrx_word' id='word_1_660' title='bbox 2593 4061 2748 4116; x_wconf 90' lang='lat' dir='ltr'>illius</span> <span class='ocrx_word' id='word_1_661' title='bbox 2788 4061 3050 4128; x_wconf 87' lang='lat' dir='ltr'>violavit,</span> <span class='ocrx_word' id='word_1_662' title='bbox 3095 4060 3200 4114; x_wconf 89' lang='lat' dir='ltr'>sed</span> <span class='ocrx_word' id='word_1_663' title='bbox 3230 4066 3415 4115; x_wconf 88' lang='lat' dir='ltr'>totam</span> <span class='ocrx_word' id='word_1_664' title='bbox 3445 4075 3531 4114; x_wconf 91' lang='lat' dir='ltr'>se-</span> 
     </span>
    </p>
   </div>
   <div class='ocr_carea' id='block_1_91' title="bbox 1875 4149 3530 4220">
    <p class='ocr_par' dir='ltr' id='par_1_91' title="bbox 1875 4149 3530 4220">
     <span class='ocr_line' id='line_1_91' title="bbox 1875 4149 3530 4220; baseline -0.003 -12"><span class='ocrx_word' id='word_1_665' title='bbox 1875 4153 2078 4216; x_wconf 90' lang='lat' dir='ltr'>movit,</span> <span class='ocrx_word' id='word_1_666' title='bbox 2110 4149 2204 4204; x_wconf 92' lang='lat' dir='ltr'>ubi</span> <span class='ocrx_word' id='word_1_667' title='bbox 2237 4149 2586 4218; x_wconf 89' lang='lat' dir='ltr'>impleverat</span> <span class='ocrx_word' id='word_1_668' title='bbox 2611 4166 2764 4205; x_wconf 90' lang='lat' dir='ltr'>eam.</span> <span class='ocrx_word' id='word_1_669' title='bbox 2822 4149 3023 4220; x_wconf 87' lang='lat' dir='ltr'>Neque</span> <span class='ocrx_word' id='word_1_670' title='bbox 3050 4149 3209 4203; x_wconf 89' lang='lat' dir='ltr'>enim</span> <span class='ocrx_word' id='word_1_671' title='bbox 3261 4163 3416 4216; x_wconf 91' lang='lat' dir='ltr'>opus</span> <span class='ocrx_word' id='word_1_672' title='bbox 3441 4153 3530 4203; x_wconf 89' lang='lat' dir='ltr'>est</span> 
     </span>
    </p>
   </div>
   <div class='ocr_carea' id='block_1_92' title="bbox 1877 4234 3527 4312">
    <p class='ocr_par' dir='ltr' id='par_1_92' title="bbox 1877 4234 3527 4312">
     <span class='ocr_line' id='line_1_92' title="bbox 1877 4234 3527 4312; baseline -0.002 -18"><span class='ocrx_word' id='word_1_673' title='bbox 1877 4239 2230 4312; x_wconf 70' lang='lat' dir='ltr'>ptedagogo,</span> <span class='ocrx_word' id='word_1_674' title='bbox 2253 4237 2353 4291; x_wconf 89' lang='lat' dir='ltr'>ubi</span> <span class='ocrx_word' id='word_1_675' title='bbox 2376 4238 2625 4308; x_wconf 87' lang='lat' dir='ltr'>ipsemet</span> <span class='ocrx_word' id='word_1_676' title='bbox 2643 4237 3267 4292; x_wconf 86' lang='lat' dir='ltr'>advenitinformator.</span> <span class='ocrx_word' id='word_1_677' title='bbox 3294 4234 3527 4290; x_wconf 89' lang='lat' dir='ltr'>Solvere</span> 
     </span>
    </p>
   </div>
   <div class='ocr_carea' id='block_1_93' title="bbox 1875 4323 3527 4401">
    <p class='ocr_par' dir='ltr' id='par_1_93' title="bbox 1875 4323 3527 4401">
     <span class='ocr_line' id='line_1_93' title="bbox 1875 4323 3527 4401; baseline -0.003 -18"><span class='ocrx_word' id='word_1_678' title='bbox 1875 4327 2121 4401; x_wconf 90' lang='lat' dir='ltr'>quidem</span> <span class='ocrx_word' id='word_1_679' title='bbox 2139 4341 2293 4393; x_wconf 90' lang='lat' dir='ltr'>eam,</span> <span class='ocrx_word' id='word_1_680' title='bbox 2313 4331 2370 4380; x_wconf 90' lang='lat' dir='ltr'>et</span> <span class='ocrx_word' id='word_1_681' title='bbox 2388 4332 2675 4399; x_wconf 87' lang='lat' dir='ltr'>tanquam</span> <span class='ocrx_word' id='word_1_682' title='bbox 2707 4327 2871 4398; x_wconf 70' lang='lat' dir='ltr'>iustae</span> <span class='ocrx_word' id='word_1_683' title='bbox 2895 4325 3216 4380; x_wconf 84' lang='lat' dir='ltr'>obnoxiam</span> <span class='ocrx_word' id='word_1_684' title='bbox 3246 4323 3527 4378; x_wconf 90' lang='lat' dir='ltr'>crimina-</span> 
     </span>
    </p>
   </div>
   <div class='ocr_carea' id='block_1_94' title="bbox 1877 4411 3527 4485">
    <p class='ocr_par' dir='ltr' id='par_1_94' title="bbox 1877 4411 3527 4485">
     <span class='ocr_line' id='line_1_94' title="bbox 1877 4411 3527 4485; baseline -0.002 -13"><span class='ocrx_word' id='word_1_685' title='bbox 1877 4417 2025 4472; x_wconf 87' lang='lat' dir='ltr'>tioni</span> <span class='ocrx_word' id='word_1_686' title='bbox 2057 4415 2324 4470; x_wconf 87' lang='lat' dir='ltr'>funditus</span> <span class='ocrx_word' id='word_1_687' title='bbox 2347 4431 2480 4470; x_wconf 87' lang='lat' dir='ltr'>eam</span> <span class='ocrx_word' id='word_1_688' title='bbox 2506 4415 2814 4480; x_wconf 87' lang='lat' dir='ltr'>subruere,</span> <span class='ocrx_word' id='word_1_689' title='bbox 2834 4419 2917 4469; x_wconf 89' lang='lat' dir='ltr'>est</span> <span class='ocrx_word' id='word_1_690' title='bbox 2945 4413 3125 4478; x_wconf 89' lang='lat' dir='ltr'>illius,</span> <span class='ocrx_word' id='word_1_691' title='bbox 3150 4413 3251 4485; x_wconf 90' lang='lat' dir='ltr'>qui</span> <span class='ocrx_word' id='word_1_692' title='bbox 3276 4411 3439 4467; x_wconf 89' lang='lat' dir='ltr'>nulla</span> <span class='ocrx_word' id='word_1_693' title='bbox 3457 4428 3527 4468; x_wconf 84' lang='lat' dir='ltr'>ex</span> 
     </span>
    </p>
   </div>
   <div class='ocr_carea' id='block_1_95' title="bbox 134 4499 1765 4589">
    <p class='ocr_par' dir='ltr' id='par_1_95' title="bbox 134 4507 1765 4589">
     <span class='ocr_line' id='line_1_95' title="bbox 134 4507 1765 4589; baseline -0.002 -23"><span class='ocrx_word' id='word_1_694' title='bbox 134 4516 466 4589; x_wconf 78' lang='grc' dir='ltr'>πρεπούσης</span> <span class='ocrx_word' id='word_1_695' title='bbox 511 4512 769 4584; x_wconf 68' lang='grc' dir='ltr'>εὐφημίας</span> <span class='ocrx_word' id='word_1_696' title='bbox 801 4532 815 4545; x_wconf 91' lang='grc'><strong>·</strong></span> <span class='ocrx_word' id='word_1_697' title='bbox 845 4515 902 4563; x_wconf 87' lang='grc' dir='ltr'>τό</span> <span class='ocrx_word' id='word_1_698' title='bbox 949 4507 1266 4570; x_wconf 85' lang='grc' dir='ltr'>διακονῆσαι</span> <span class='ocrx_word' id='word_1_699' title='bbox 1313 4514 1422 4582; x_wconf 77' lang='grc' dir='ltr'>μὲν,</span> <span class='ocrx_word' id='word_1_700' title='bbox 1458 4512 1535 4573; x_wconf 82' lang='grc' dir='ltr'>οἷς</span> <span class='ocrx_word' id='word_1_701' title='bbox 1582 4511 1765 4573; x_wconf 80' lang='grc' dir='ltr'>ἐκεῖνος</span> 
     </span>
    </p>
   </div>
   <div class='ocr_carea' id='block_1_96' title="bbox 1876 4499 3529 4589">
    <p class='ocr_par' dir='ltr' id='par_1_96' title="bbox 1878 4501 3529 4579">
     <span class='ocr_line' id='line_1_96' title="bbox 1878 4501 3529 4579; baseline -0.004 -19"><span class='ocrx_word' id='word_1_702' title='bbox 1878 4511 2041 4579; x_wconf 88' lang='lat' dir='ltr'>parte</span> <span class='ocrx_word' id='word_1_703' title='bbox 2099 4504 2226 4574; x_wconf 86' lang='lat' dir='ltr'>ejus</span> <span class='ocrx_word' id='word_1_704' title='bbox 2281 4521 2423 4558; x_wconf 90' lang='lat' dir='ltr'>usus</span> <span class='ocrx_word' id='word_1_705' title='bbox 2484 4504 2656 4559; x_wconf 91' lang='lat' dir='ltr'>fuerit</span> <span class='ocrx_word' id='word_1_706' title='bbox 2706 4501 3258 4574; x_wconf 84' lang='lat' dir='ltr'>justiﬁcationibus.</span> <span class='ocrx_word' id='word_1_707' title='bbox 3316 4503 3529 4555; x_wconf 84' lang='lat' dir='ltr'>Facere</span> 
     </span>
    </p>
   </div>
   <div class='ocr_carea' id='block_1_97' title="bbox 135 4597 1764 4676">
    <p class='ocr_par' dir='ltr' id='par_1_97' title="bbox 135 4597 1764 4676">
     <span class='ocr_line' id='line_1_97' title="bbox 135 4597 1764 4676; baseline -0.002 -21"><span class='ocrx_word' id='word_1_708' title='bbox 135 4605 466 4676; x_wconf 61' lang='grc' dir='ltr'>ἐνομοθέτει,</span> <span class='ocrx_word' id='word_1_709' title='bbox 528 4600 802 4672; x_wconf 80' lang='grc' dir='ltr'>ἐπαγαγεῖν</span> <span class='ocrx_word' id='word_1_710' title='bbox 870 4597 928 4652; x_wconf 74' lang='grc' dir='ltr'>δε</span> <span class='ocrx_word' id='word_1_711' title='bbox 976 4605 1059 4657; x_wconf 78' lang='grc' dir='ltr'>τὴν</span> <span class='ocrx_word' id='word_1_712' title='bbox 1132 4602 1314 4674; x_wconf 89' lang='grc' dir='ltr'>χάριν,</span> <span class='ocrx_word' id='word_1_713' title='bbox 1369 4605 1458 4651; x_wconf 82' lang='grc' dir='ltr'>καὶ</span> <span class='ocrx_word' id='word_1_714' title='bbox 1517 4597 1610 4653; x_wconf 82' lang='grc' dir='ltr'>διὰ</span> <span class='ocrx_word' id='word_1_715' title='bbox 1674 4609 1764 4652; x_wconf 81' lang='grc' dir='ltr'>τοῦ</span> 
     </span>
    </p>
   </div>
   <div class='ocr_carea' id='block_1_98' title="bbox 135 4686 1763 4762">
    <p class='ocr_par' dir='ltr' id='par_1_98' title="bbox 135 4686 1763 4762">
     <span class='ocr_line' id='line_1_98' title="bbox 135 4686 1763 4762; baseline -0.004 -16"><span class='ocrx_word' id='word_1_716' title='bbox 135 4693 350 4746; x_wconf 77' lang='grc' dir='ltr'>τελείου</span> <span class='ocrx_word' id='word_1_717' title='bbox 407 4693 467 4742; x_wconf 82' lang='grc' dir='ltr'>τό</span> <span class='ocrx_word' id='word_1_718' title='bbox 516 4687 688 4750; x_wconf 75' lang='grc' dir='ltr'>ἀτελὲς</span> <span class='ocrx_word' id='word_1_719' title='bbox 751 4687 1200 4762; x_wconf 69' lang='grc' dir='ltr'>ἀποκρύψασθαι·</span> <span class='ocrx_word' id='word_1_720' title='bbox 1253 4693 1342 4740; x_wconf 83' lang='grc' dir='ltr'>καὶ</span> <span class='ocrx_word' id='word_1_721' title='bbox 1393 4688 1637 4740; x_wconf 87' lang='grc' dir='ltr'>καταλύει</span> <span class='ocrx_word' id='word_1_722' title='bbox 1684 4686 1763 4752; x_wconf 76' lang='grc' dir='ltr'>δὲ,</span> 
     </span>
    </p>
   </div>
   <div class='ocr_carea' id='block_1_99' title="bbox 136 4777 1765 4854">
    <p class='ocr_par' dir='ltr' id='par_1_99' title="bbox 136 4777 1765 4854">
     <span class='ocr_line' id='line_1_99' title="bbox 136 4777 1765 4854; baseline -0.004 -19"><span class='ocrx_word' id='word_1_723' title='bbox 136 4783 263 4854; x_wconf 67' lang='grc' dir='ltr'>οὐχ</span> <span class='ocrx_word' id='word_1_724' title='bbox 317 4781 344 4830; x_wconf 90' lang='lat'>6</span> <span class='ocrx_word' id='word_1_725' title='bbox 392 4783 464 4851; x_wconf 86' lang='grc' dir='ltr'>μὴ</span> <span class='ocrx_word' id='word_1_726' title='bbox 516 4777 847 4851; x_wconf 81' lang='grc' dir='ltr'>παραϐαίνων</span> <span class='ocrx_word' id='word_1_727' title='bbox 889 4781 1012 4839; x_wconf 82' lang='grc' dir='ltr'>τοὺς</span> <span class='ocrx_word' id='word_1_728' title='bbox 1063 4783 1153 4830; x_wconf 83' lang='grc' dir='ltr'>τοῦ</span> <span class='ocrx_word' id='word_1_729' title='bbox 1204 4780 1362 4848; x_wconf 88' lang='grc' dir='ltr'>νόμου</span> <span class='ocrx_word' id='word_1_730' title='bbox 1404 4781 1609 4848; x_wconf 90' lang='grc' dir='ltr'>νόμους,</span> <span class='ocrx_word' id='word_1_731' title='bbox 1657 4777 1765 4829; x_wconf 87' lang='grc' dir='ltr'>ἀλλ’</span> 
     </span>
    </p>
   </div>
   <div class='ocr_carea' id='block_1_100' title="bbox 134 4863 1766 4942">
    <p class='ocr_par' dir='ltr' id='par_1_100' title="bbox 134 4863 1766 4942">
     <span class='ocr_line' id='line_1_100' title="bbox 134 4863 1766 4942; baseline -0.004 -18"><span class='ocrx_word' id='word_1_732' title='bbox 134 4875 166 4924; x_wconf 76' lang='grc' dir='ltr'><em>ὁ</em></span> <span class='ocrx_word' id='word_1_733' title='bbox 221 4866 590 4942; x_wconf 78' lang='grc' dir='ltr'>παραϐαίνων.</span> <span class='ocrx_word' id='word_1_734' title='bbox 633 4866 948 4942; x_wconf 78' lang='grc' dir='ltr'>Παραϐαίνει</span> <span class='ocrx_word' id='word_1_735' title='bbox 1002 4863 1080 4931; x_wconf 71' lang='grc' dir='ltr'>δὲ,</span> <span class='ocrx_word' id='word_1_736' title='bbox 1128 4866 1289 4937; x_wconf 79' lang='grc' dir='ltr'>οὑχό</span> <span class='ocrx_word' id='word_1_737' title='bbox 1339 4866 1620 4937; x_wconf 75' lang='grc' dir='ltr'>σχολάζειν</span> <span class='ocrx_word' id='word_1_738' title='bbox 1671 4867 1766 4918; x_wconf 81' lang='grc' dir='ltr'>αύ-</span> 
     </span>
    </p>
   </div>
   <div class='ocr_carea' id='block_1_101' title="bbox 135 4952 1764 5030">
    <p class='ocr_par' dir='ltr' id='par_1_101' title="bbox 135 4952 1764 5030">
     <span class='ocr_line' id='line_1_101' title="bbox 135 4952 1764 5030; baseline -0.009 -17"><span class='ocrx_word' id='word_1_739' title='bbox 135 4964 274 5020; x_wconf 73' lang='grc' dir='ltr'>τοὺς</span> <span class='ocrx_word' id='word_1_740' title='bbox 303 4963 392 5010; x_wconf 73' lang='grc' dir='ltr'>καὶ</span> <span class='ocrx_word' id='word_1_741' title='bbox 443 4957 620 5030; x_wconf 88' lang='grc' dir='ltr'>ἀργεῖν</span> <span class='ocrx_word' id='word_1_742' title='bbox 651 4956 944 5029; x_wconf 82' lang='grc' dir='ltr'>ὀφείλοντας</span> <span class='ocrx_word' id='word_1_743' title='bbox 991 4953 1142 5016; x_wconf 74' lang='grc' dir='ltr'>εἰδώς</span> <span class='ocrx_word' id='word_1_744' title='bbox 1177 4995 1187 5006; x_wconf 92' lang='grc'>.</span> <span class='ocrx_word' id='word_1_745' title='bbox 1229 4954 1334 5007; x_wconf 84' lang='grc' dir='ltr'>ἀλλ’</span> <span class='ocrx_word' id='word_1_746' title='bbox 1379 4957 1404 5006; x_wconf 92' lang='lat'>6</span> <span class='ocrx_word' id='word_1_747' title='bbox 1436 4952 1574 5027; x_wconf 75' lang='grc' dir='ltr'>μηδὲ</span> <span class='ocrx_word' id='word_1_748' title='bbox 1612 4964 1764 5008; x_wconf 72' lang='grc' dir='ltr'>τοῦτο</span> 
     </span>
    </p>
   </div>
   <div class='ocr_carea' id='block_1_102' title="bbox 137 5043 1764 5118">
    <p class='ocr_par' dir='ltr' id='par_1_102' title="bbox 137 5043 1764 5118">
     <span class='ocr_line' id='line_1_102' title="bbox 137 5043 1764 5118; baseline -0.004 -16"><span class='ocrx_word' id='word_1_749' title='bbox 137 5046 310 5108; x_wconf 78' lang='grc' dir='ltr'>εἰδὼς</span> <span class='ocrx_word' id='word_1_750' title='bbox 370 5049 567 5116; x_wconf 84' lang='grc' dir='ltr'>(καίτοι</span> <span class='ocrx_word' id='word_1_751' title='bbox 623 5046 891 5118; x_wconf 79' lang='grc' dir='ltr'>πολλαχοῦ</span> <span class='ocrx_word' id='word_1_752' title='bbox 946 5051 1037 5104; x_wconf 75' lang='grc' dir='ltr'>τὴν</span> <span class='ocrx_word' id='word_1_753' title='bbox 1108 5045 1301 5097; x_wconf 86' lang='grc' dir='ltr'>οἰκείαν</span> <span class='ocrx_word' id='word_1_754' title='bbox 1357 5043 1541 5118; x_wconf 85' lang='grc' dir='ltr'>ἀργίαν</span> <span class='ocrx_word' id='word_1_755' title='bbox 1596 5045 1764 5096; x_wconf 68' lang='grc' dir='ltr'>αὐτῶν</span> 
     </span>
    </p>
   </div>
   <div class='ocr_carea' id='block_1_103' title="bbox 134 5133 1763 5210">
    <p class='ocr_par' dir='ltr' id='par_1_103' title="bbox 134 5133 1763 5210">
     <span class='ocr_line' id='line_1_103' title="bbox 134 5133 1763 5210; baseline -0.004 -19"><span class='ocrx_word' id='word_1_756' title='bbox 134 5140 361 5191; x_wconf 72' lang='grc' dir='ltr'>ἐκείνων</span> <span class='ocrx_word' id='word_1_757' title='bbox 408 5133 873 5210; x_wconf 75' lang='grc' dir='ltr'>διακεκραγότων),</span> <span class='ocrx_word' id='word_1_758' title='bbox 909 5139 997 5187; x_wconf 87' lang='grc' dir='ltr'>καὶ</span> <span class='ocrx_word' id='word_1_759' title='bbox 1046 5135 1150 5208; x_wconf 84' lang='grc' dir='ltr'>ούχ</span> <span class='ocrx_word' id='word_1_760' title='bbox 1196 5135 1380 5206; x_wconf 77' lang='grc' dir='ltr'>όμετά</span> <span class='ocrx_word' id='word_1_761' title='bbox 1421 5138 1513 5192; x_wconf 80' lang='grc' dir='ltr'>τὴν</span> <span class='ocrx_word' id='word_1_762' title='bbox 1563 5135 1763 5206; x_wconf 81' lang='grc' dir='ltr'>σχολὴν</span> 
     </span>
    </p>
   </div>
   <div class='ocr_carea' id='block_1_104' title="bbox 227 5287 756 5357">
    <p class='ocr_par' dir='ltr' id='par_1_104' title="bbox 227 5287 756 5357">
     <span class='ocr_line' id='line_1_104' title="bbox 227 5287 756 5357; baseline -0.006 -13"><span class='ocrx_word' id='word_1_763' title='bbox 227 5291 277 5325; x_wconf 75' lang='grc'>⁵⁷</span> <span class='ocrx_word' id='word_1_764' title='bbox 311 5287 468 5346; x_wconf 82' lang='lat' dir='ltr'>Psal.</span> <span class='ocrx_word' id='word_1_765' title='bbox 501 5303 639 5357; x_wconf 73' lang='lat' dir='ltr'>XLV,</span> <span class='ocrx_word' id='word_1_766' title='bbox 672 5287 756 5342; x_wconf 78' lang='lat' dir='ltr'>ll-</span> 
     </span>
    </p>
   </div>
   <div class='ocr_carea' id='block_1_105' title="bbox 1877 4589 3531 4666">
    <p class='ocr_par' dir='ltr' id='par_1_105' title="bbox 1877 4589 3531 4666">
     <span class='ocr_line' id='line_1_105' title="bbox 1877 4589 3531 4666; baseline -0.005 -14"><span class='ocrx_word' id='word_1_767' title='bbox 1877 4601 2077 4653; x_wconf 88' lang='lat' dir='ltr'>autem</span> <span class='ocrx_word' id='word_1_768' title='bbox 2093 4599 2158 4648; x_wconf 87' lang='lat' dir='ltr'>ut</span> <span class='ocrx_word' id='word_1_769' title='bbox 2181 4594 2618 4666; x_wconf 88' lang='lat' dir='ltr'>interquiescat,</span> <span class='ocrx_word' id='word_1_770' title='bbox 2640 4596 2696 4647; x_wconf 87' lang='lat' dir='ltr'>et</span> <span class='ocrx_word' id='word_1_771' title='bbox 2719 4593 2912 4647; x_wconf 90' lang='lat' dir='ltr'>inanis</span> <span class='ocrx_word' id='word_1_772' title='bbox 2940 4591 3239 4657; x_wconf 90' lang='lat' dir='ltr'>reddatur,</span> <span class='ocrx_word' id='word_1_773' title='bbox 3267 4606 3388 4645; x_wconf 94' lang='lat' dir='ltr'>non</span> <span class='ocrx_word' id='word_1_774' title='bbox 3419 4589 3531 4645; x_wconf 91' lang='lat' dir='ltr'>nisi</span> 
     </span>
    </p>
   </div>
   <div class='ocr_carea' id='block_1_106' title="bbox 1876 4679 3528 4758">
    <p class='ocr_par' dir='ltr' id='par_1_106' title="bbox 1876 4679 3528 4758">
     <span class='ocr_line' id='line_1_106' title="bbox 1876 4679 3528 4758; baseline -0.006 -15"><span class='ocrx_word' id='word_1_775' title='bbox 1876 4704 2011 4743; x_wconf 92' lang='lat' dir='ltr'>cum</span> <span class='ocrx_word' id='word_1_776' title='bbox 2046 4686 2386 4758; x_wconf 87' lang='lat' dir='ltr'>congruenti</span> <span class='ocrx_word' id='word_1_777' title='bbox 2435 4681 2781 4739; x_wconf 88' lang='lat' dir='ltr'>laudatione</span> <span class='ocrx_word' id='word_1_778' title='bbox 2823 4681 2970 4735; x_wconf 86' lang='lat' dir='ltr'>ﬁerit</span> <span class='ocrx_word' id='word_1_779' title='bbox 3003 4685 3211 4750; x_wconf 91' lang='lat' dir='ltr'>potest.</span> <span class='ocrx_word' id='word_1_780' title='bbox 3245 4679 3528 4734; x_wconf 86' lang='lat' dir='ltr'>lnservire</span> 
     </span>
    </p>
   </div>
   <div class='ocr_carea' id='block_1_107' title="bbox 1877 4768 3527 4850">
    <p class='ocr_par' dir='ltr' id='par_1_107' title="bbox 1877 4768 3527 4850">
     <span class='ocr_line' id='line_1_107' title="bbox 1877 4768 3527 4850; baseline -0.005 -18"><span class='ocrx_word' id='word_1_781' title='bbox 1877 4777 1948 4832; x_wconf 90' lang='lat' dir='ltr'>iis</span> <span class='ocrx_word' id='word_1_782' title='bbox 1979 4793 2115 4850; x_wconf 63' lang='lat' dir='ltr'>quas</span> <span class='ocrx_word' id='word_1_783' title='bbox 2142 4779 2268 4846; x_wconf 86' lang='lat' dir='ltr'>lege</span> <span class='ocrx_word' id='word_1_784' title='bbox 2295 4791 2356 4830; x_wconf 91' lang='lat' dir='ltr'>sa</span> <span class='ocrx_word' id='word_1_785' title='bbox 2368 4777 2662 4835; x_wconf 89' lang='lat' dir='ltr'>nciuntur,</span> <span class='ocrx_word' id='word_1_786' title='bbox 2681 4770 2934 4841; x_wconf 87' lang='lat' dir='ltr'>gratiam</span> <span class='ocrx_word' id='word_1_787' title='bbox 2952 4768 3281 4824; x_wconf 86' lang='lat' dir='ltr'>subinferre</span> <span class='ocrx_word' id='word_1_788' title='bbox 3301 4774 3527 4837; x_wconf 90' lang='lat' dir='ltr'>tamen,</span> 
     </span>
    </p>
   </div>
   <div class='ocr_carea' id='block_1_108' title="bbox 1876 4857 3528 4938">
    <p class='ocr_par' dir='ltr' id='par_1_108' title="bbox 1876 4857 3528 4938">
     <span class='ocr_line' id='line_1_108' title="bbox 1876 4857 3528 4938; baseline -0.005 -16"><span class='ocrx_word' id='word_1_789' title='bbox 1876 4872 1931 4922; x_wconf 89' lang='lat' dir='ltr'>et</span> <span class='ocrx_word' id='word_1_790' title='bbox 1960 4865 2364 4938; x_wconf 88' lang='lat' dir='ltr'>imperfectum</span> <span class='ocrx_word' id='word_1_791' title='bbox 2391 4861 2547 4934; x_wconf 90' lang='lat' dir='ltr'>quod</span> <span class='ocrx_word' id='word_1_792' title='bbox 2579 4866 2663 4915; x_wconf 90' lang='lat' dir='ltr'>est</span> <span class='ocrx_word' id='word_1_793' title='bbox 2696 4859 2808 4913; x_wconf 90' lang='lat' dir='ltr'>sub</span> <span class='ocrx_word' id='word_1_794' title='bbox 2838 4857 3100 4930; x_wconf 91' lang='lat' dir='ltr'>perfecto</span> <span class='ocrx_word' id='word_1_795' title='bbox 3131 4857 3528 4914; x_wconf 88' lang='lat' dir='ltr'>abscondere.</span> 
     </span>
    </p>
   </div>
   <div class='ocr_carea' id='block_1_109' title="bbox 1877 4947 3530 5027">
    <p class='ocr_par' dir='ltr' id='par_1_109' title="bbox 1877 4947 3530 5027">
     <span class='ocr_line' id='line_1_109' title="bbox 1877 4947 3530 5027; baseline -0.005 -17"><span class='ocrx_word' id='word_1_796' title='bbox 1877 4955 2060 5011; x_wconf 91' lang='lat' dir='ltr'>Solvit</span> <span class='ocrx_word' id='word_1_797' title='bbox 2104 4953 2370 5027; x_wconf 88' lang='lat' dir='ltr'>quidem,</span> <span class='ocrx_word' id='word_1_798' title='bbox 2403 4966 2524 5006; x_wconf 87' lang='lat' dir='ltr'>non</span> <span class='ocrx_word' id='word_1_799' title='bbox 2573 4949 2676 5021; x_wconf 90' lang='lat' dir='ltr'>qui</span> <span class='ocrx_word' id='word_1_800' title='bbox 2730 4962 3120 5019; x_wconf 89' lang='lat' dir='ltr'>nequaquam</span> <span class='ocrx_word' id='word_1_801' title='bbox 3175 4947 3322 5018; x_wconf 85' lang='lat' dir='ltr'>legis</span> <span class='ocrx_word' id='word_1_802' title='bbox 3381 4947 3530 5002; x_wconf 85' lang='lat' dir='ltr'>scita</span> 
     </span>
    </p>
   </div>
   <div class='ocr_carea' id='block_1_110' title="bbox 1877 5035 3530 5114">
    <p class='ocr_par' dir='ltr' id='par_1_110' title="bbox 1877 5035 3530 5114">
     <span class='ocr_line' id='line_1_110' title="bbox 1877 5035 3530 5114; baseline -0.005 -16"><span class='ocrx_word' id='word_1_803' title='bbox 1877 5043 2324 5114; x_wconf 86' lang='lat' dir='ltr'>transgreditur,</span> <span class='ocrx_word' id='word_1_804' title='bbox 2358 5040 2460 5096; x_wconf 91' lang='lat' dir='ltr'>sed</span> <span class='ocrx_word' id='word_1_805' title='bbox 2474 5040 2572 5112; x_wconf 87' lang='lat' dir='ltr'>qui</span> <span class='ocrx_word' id='word_1_806' title='bbox 2589 5037 3034 5106; x_wconf 88' lang='lat' dir='ltr'>transgreditur.</span> <span class='ocrx_word' id='word_1_807' title='bbox 3070 5035 3530 5106; x_wconf 88' lang='lat' dir='ltr'>Transgreditur</span> 
     </span>
    </p>
   </div>
   <div class='ocr_carea' id='block_1_111' title="bbox 1876 5125 3527 5205">
    <p class='ocr_par' dir='ltr' id='par_1_111' title="bbox 1876 5125 3527 5205">
     <span class='ocr_line' id='line_1_111' title="bbox 1876 5125 3527 5205; baseline -0.005 -16"><span class='ocrx_word' id='word_1_808' title='bbox 1876 5149 2072 5205; x_wconf 89' lang='lat' dir='ltr'>porro,</span> <span class='ocrx_word' id='word_1_809' title='bbox 2104 5148 2225 5187; x_wconf 91' lang='lat' dir='ltr'>non</span> <span class='ocrx_word' id='word_1_810' title='bbox 2253 5131 2357 5203; x_wconf 91' lang='lat' dir='ltr'>qui</span> <span class='ocrx_word' id='word_1_811' title='bbox 2408 5129 2565 5185; x_wconf 90' lang='lat' dir='ltr'>novit</span> <span class='ocrx_word' id='word_1_812' title='bbox 2607 5132 2872 5201; x_wconf 87' lang='lat' dir='ltr'>oportere</span> <span class='ocrx_word' id='word_1_813' title='bbox 2902 5125 3031 5182; x_wconf 89' lang='lat' dir='ltr'>illas</span> <span class='ocrx_word' id='word_1_814' title='bbox 3071 5141 3308 5182; x_wconf 90' lang='lat' dir='ltr'>cessare</span> <span class='ocrx_word' id='word_1_815' title='bbox 3339 5129 3394 5181; x_wconf 91' lang='lat' dir='ltr'>et</span> <span class='ocrx_word' id='word_1_816' title='bbox 3423 5125 3527 5180; x_wconf 87' lang='lat' dir='ltr'>de-</span> 
     </span>
    </p>
   </div>
   <div class='ocr_carea' id='block_1_112' title="bbox 1518 5400 2200 5458">
    <p class='ocr_par' dir='ltr' id='par_1_112' title="bbox 1518 5400 2200 5458">
     <span class='ocr_line' id='line_1_112' title="bbox 1518 5400 2200 5458; baseline -0.006 0"><span class='ocrx_word' id='word_1_817' title='bbox 1518 5400 1754 5458; x_wconf 71' lang='lat' dir='ltr'><strong>VARLE</strong></span> <span class='ocrx_word' id='word_1_818' title='bbox 1793 5400 2200 5458; x_wconf 87' lang='lat' dir='ltr'>LECTIONES.</span> 
     </span>
    </p>
   </div>
   <div class='ocr_carea' id='block_1_113' title="bbox 224 5562 1634 5642">
    <p class='ocr_par' dir='ltr' id='par_1_113' title="bbox 224 5562 1634 5642">
     <span class='ocr_line' id='line_1_113' title="bbox 224 5562 1634 5642; baseline -0.001 -22"><span class='ocrx_word' id='word_1_819' title='bbox 224 5579 250 5610; x_wconf 72' lang='grc'><strong><em>⁸</em></strong></span> <span class='ocrx_word' id='word_1_820' title='bbox 280 5568 700 5642; x_wconf 82' lang='grc' dir='ltr'>παρατρέπουσα</span> <span class='ocrx_word' id='word_1_821' title='bbox 727 5567 795 5620; x_wconf 90' lang='lat' dir='ltr'>ll.</span> <span class='ocrx_word' id='word_1_822' title='bbox 875 5567 896 5607; x_wconf 68' lang='grc' dir='ltr'>ι</span> <span class='ocrx_word' id='word_1_823' title='bbox 929 5562 1196 5640; x_wconf 81' lang='grc' dir='ltr'>ἀπεγένετο</span> <span class='ocrx_word' id='word_1_824' title='bbox 1225 5563 1290 5618; x_wconf 84' lang='grc' dir='ltr'>Η.</span> <span class='ocrx_word' id='word_1_825' title='bbox 1368 5573 1397 5604; x_wconf 80' lang='grc' dir='ltr'>υ</span> <span class='ocrx_word' id='word_1_826' title='bbox 1419 5566 1545 5636; x_wconf 83' lang='grc' dir='ltr'>μείω</span> <span class='ocrx_word' id='word_1_827' title='bbox 1570 5565 1634 5618; x_wconf 82' lang='grc' dir='ltr'><strong>Η.</strong></span> 
     </span>
    </p>
   </div>
   <div class='ocr_carea' id='block_1_114' title="bbox 1716 5561 2037 5616">
    <p class='ocr_par' dir='ltr' id='par_1_114' title="bbox 1716 5561 2037 5616">
     <span class='ocr_line' id='line_1_114' title="bbox 1716 5561 2037 5616; baseline -0.009 1"><span class='ocrx_word' id='word_1_828' title='bbox 1716 5575 1742 5605; x_wconf 76' lang='grc' dir='ltr'>ν</span> <span class='ocrx_word' id='word_1_829' title='bbox 1765 5561 1937 5616; x_wconf 77' lang='grc' dir='ltr'>οὐκέτι</span> <span class='ocrx_word' id='word_1_830' title='bbox 1969 5561 2037 5615; x_wconf 84' lang='grc' dir='ltr'>Η.</span> 
     </span>
    </p>
   </div>
  </div>
