4076 6202
429 214 535 270 939

1644 208 1884 266 ΡΗΟΤΙΙ
1922 205 2407 265 ΡΑΤΒΙΑΒΟΗᾸΞ
2444 208 2535 266 CP
2547 254 2561 269 .

3710 214 3826 270 940

434 354 732 409 suescere,
772 336 881 393 sed
925 336 1027 409 qui
1068 351 1191 393 non
1246 337 1412 393 novit
1452 336 1612 393 istud
1656 339 1833 407 (certe
1882 333 2086 391 multis

2223 339 2287 387 :ui
2341 340 2430 394 τὴν
2472 338 2634 410 χάριν
2686 336 2996 412 ἀχρήστους
3056 333 3231 406 εἰδὼς,
3303 335 3408 389 ἀλλ’
3466 338 3494 391 6
3544 342 3655 412 πρὸ
3722 347 3834 401 τῆς

436 431 494 486 in
514 430 661 485 locis
683 427 989 500 propriam
1018 426 1411 499 ipsarummet
1434 427 1827 483 cessationem
1850 426 1996 496 ipsa;
2012 423 2090 478 le-

437 534 539 590 ges
569 516 1007 590 proclamant):
1043 531 1163 570 non
1191 516 1295 587 qui
1328 520 1463 586 post
1509 516 1763 586 gratiam
1804 520 1861 569 et
1890 529 2090 569 cessa-

437 609 662 665 tionem
694 605 932 662 inutiles
964 604 1259 674 agnoscit,
1284 604 1388 659 sed
1413 605 1516 677 qui
1566 610 1702 660 ante
1750 602 1956 677 gratiae
1991 601 2091 657 ad-

437 702 702 762 ventum,
721 695 868 750 dum
892 693 1091 749 adhuc
1110 693 1445 748 obtinerent
1461 693 1867 766 operationem
1893 706 2091 755 suam,

438 792 723 857 tanquam
759 782 1046 856 profanas
1092 788 1483 838 aversaretur.
1547 784 1761 839 Sancta
1798 781 1974 852 igitur
2004 778 2095 834 lex

440 880 547 940 est,
570 875 755 945 justa,
784 872 966 941 bona,
1001 871 1215 927 abono
1240 871 1523 926 nimirum
1547 870 1831 943 profecta,
1862 883 2095 923 summe

441 968 665 1028 sancto,
689 967 747 1017 et
767 960 1183 1017 omnimodam
1203 960 1492 1031 justitiam
1512 959 1934 1032 perfectissime
1958 972 2097 1029 ope-

440 1057 633 1110 rante.
697 1050 925 1106 Exstitit
982 1050 1333 1120 praenuntia,
1403 1054 1466 1105 at
1516 1064 1676 1104 nunc
1734 1053 1797 1102 ut
1851 1046 2095 1112 inutilis,

443 1140 697 1214 quiescit
749 1144 805 1195 et
835 1139 1106 1195 cessavit.
1141 1142 1205 1193 In
1230 1139 1483 1193 adventu
1516 1137 1674 1193 enim
1701 1136 1936 1193 Domini
1965 1151 2101 1207 pro-

2196 425 2440 497 χάριτος,
2480 430 2569 477 καὶ
2622 424 2671 477 ἐν
2719 424 2861 496 αὐτῷ
2914 433 3004 487 τῆς
3057 428 3310 500 ἐνεργείας
3366 435 3439 498 τῷ
3491 437 3690 502 καιρῷ,
3756 431 3835 489 ὡς

2201 512 2456 585 βεϐήλους
2512 513 2970 589 ἀποστρεφόμενος.
3030 515 3207 587 ’Δγιος
3260 512 3347 567 οὖν
3401 518 3427 569 ό
3484 521 3655 589 νόμος,
3732 523 3833 569 xui

2202 597 2429 666 δίκαιος,
2484 608 2575 655 καὶ
2631 602 2866 675 ἀγαθός’
2899 602 3097 674 ἀγαθοῦ
3140 607 3262 677 γὰρ,
3319 606 3385 665 ὡς
3440 605 3674 672 ἀληθῶς,
3738 610 3837 658 καὶ

2202 692 2507 762 ύπεραγίου,
2558 696 2649 744 καὶ
2728 698 2902 745 πᾶσαν
2956 688 3301 750 δικαιοσύνην
3365 695 3643 769 ὑπερφυῶς
3690 696 3837 748 τελε-

2206 784 2429 850 σαμένου
2478 782 2689 854 ύπῆρχε
2733 781 3086 854 προάγγελος·
3119 783 3395 857 ἄχρηστος
3444 780 3503 837 δὲ
3536 788 3631 837 καὶ
3681 804 3836 856 σχοο

2202 868 2349 929 λάζει
2402 874 2491 922 καὶ
2558 874 2839 925 πέπαυται.
2897 871 3212 942 Ἐφεστῶτος
3276 874 3379 946 γὰρ
3436 880 3528 925 τοῦ
3592 878 3834 946 Κυρίου,

2206 960 2502 1029 ἡσυχάζειν
2553 955 2637 1011 δεῖ
2678 961 2745 1011 τὰ
2794 966 2884 1011 τοῦ
2941 962 3220 1033 ἐπιτρόπου
3251 975 3264 988 ⁶
3306 964 3399 1013 xui
3450 958 3633 1023 οὐδεὶς
3689 965 3837 1033 μετὰ

2206 1052 2299 1106 τὴν
2351 1049 2584 1121 καθαρὰν
2636 1049 2834 1119 ὑγίειαν
2886 1050 2970 1101 ἐπὶ
3025 1051 3093 1101 τὰ
3140 1052 3390 1122 φάρμακα
3440 1055 3644 1123 τρέχει·
3697 1048 3837 1104 οῦόε

2211 1142 2416 1210 στερεᾶς
2460 1144 2649 1209 τροφῆς
2677 1136 2970 1199 ἀπολαύων,
3015 1142 3109 1196 τὴν
3161 1138 3496 1202 θηλάζουσαν
3538 1144 3833 1214 περιεργάι

444 1229 736 1287 curatoris
768 1228 1033 1284 ofﬁcium
1064 1243 1297 1283 cessare
1328 1227 1527 1284 debet.
1558 1230 1673 1283 Nec
1717 1230 1855 1298 post
1885 1224 2096 1281 conﬁr-

443 1324 658 1375 matam
690 1317 1096 1374 valetudinem
1125 1317 1200 1372 ad
1218 1318 1550 1389 pharmaca
1566 1315 1864 1387 quispiam
1887 1330 1949 1369 se
1963 1329 2102 1369 con-

445 1408 589 1464 feret
623 1423 634 1461 :
670 1422 792 1462 non
822 1405 921 1477 qui
956 1405 1089 1460 cibo
1135 1406 1216 1460 uti
1269 1409 1464 1476 potest
1493 1404 1737 1468 fortiori,
1771 1404 1844 1458 de
1876 1402 2101 1458 nutrice

2223 1407 2373 1475 ηγούς
2431 1402 2701 1475 ἀναχθεὶς,
2754 1409 2849 1461 τὴν
2905 1414 3003 1457 τῶν
3059 1415 3392 1478 στρατιωτῶν
3436 1406 3586 1470 λῆξιν
3644 1407 3839 1460 ἐπιπο-

444 1496 693 1553 habebit
732 1494 1185 1551 sollicitudinem
1231 1509 1390 1562 ;non
1420 1494 1521 1565 qui
1566 1493 1855 1548 rhetorice
1904 1492 2102 1547 decla-

2223 1494 2434 1551 9όσειεν.
2499 1490 2640 1545 Ούδε
2690 1497 2807 1554 τούς
2861 1493 3106 1569 οὐρανοὺς
3156 1494 3341 1559 λαϐὼν,
3394 1498 3460 1547 τὰ
3506 1495 3688 1567 ἀγαθὰ
3741 1506 3840 1557 τῆς

448 1592 588 1648 mat,
618 1584 983 1656 syllabarum
1018 1581 1822 1652 grammatistasindagando
1845 1584 2099 1652 quaeret;

2223 1590 2308 1651 γῆς
2357 1586 2722 1653 προτιμήσειεν
2756 1603 2768 1616 ο
2821 1585 2994 1657 ὥσπερ
3056 1580 3171 1635 οὐδ’
3227 1586 3253 1637 ό
3310 1583 3582 1656 βασιλείαν
3647 1582 3831 1647 ὶνδύς,

447 1689 627 1730 nemo
653 1672 759 1744 qui
786 1672 953 1726 ducis
980 1672 1177 1725 locum
1208 1671 1527 1725 obtinuerit
1566 1670 1624 1724 in
1657 1670 1802 1732 acie,
1842 1668 2105 1724 militari-

2223 1673 2301 1722 τὸν
2354 1667 2569 1728 ἰδιώτην
2617 1679 2840 1743 χιτῶνα,
2872 1677 2963 1724 καὶ
2992 1677 3085 1731 την
3116 1673 3340 1731 ὑπήκοον
3383 1674 3548 1740 τάξιν,
3580 1672 3705 1727 ἀντὶ
3739 1684 3839 1736 τῆς

449 1762 560 1817 bus
599 1761 839 1817 inscribi
893 1760 1204 1815 ordinibus
1262 1761 1500 1831 cupiet;
1543 1774 1720 1813 nemo
1775 1758 2104 1814 cmlestium
2166 1748 2169 1749 ν

450 1867 703 1921 compos
736 1850 947 1915 factus,
980 1849 1143 1904 bona
1168 1854 1399 1903 terrena
1427 1850 1496 1902 iis
1526 1848 1825 1921 praeferet:
1860 1847 1965 1902 sed
1996 1862 2105 1901 nec

450 1941 615 2011 regio
652 1944 867 1995 ornatu
907 1940 1255 2008 instructus,
1299 1938 1593 2009 privatam
1644 1936 1933 2001 tunicam,
1966 1935 2099 1990 sub-

448 2032 740 2101 jectorum
764 2028 985 2091 locum,
1014 2042 1123 2098 pro
1158 2031 1312 2081 statu
1343 2026 1774 2097 superioritatis
1805 2042 1875 2082 ac
1908 2024 2105 2080 domi-

450 2119 711 2175 nationis
747 2116 1111 2173 immutabit.
1145 2116 1363 2180 Habes,
1397 2116 1457 2170 ni
1488 2115 1678 2180 fallor,
1725 2120 1786 2170 ut
1830 2130 1935 2186 per
1987 2114 2105 2186 epi-

453 2208 732 2265 stolarem
765 2207 1045 2273 formam,
1078 2205 1279 2260 dubiae
1306 2204 1641 2275 quazstionis
1670 2220 1891 2275 susque
1913 2204 2109 2275 deque

449 2300 705 2369 jactataa,
741 2302 796 2350 et
826 2295 1019 2350 multis
1054 2294 1349 2349 multoties
1379 2292 1811 2349 inextricabiles
1832 2293 2110 2364 quasstio-

2210 1226 2391 1286 Csrui'
2450 1222 2573 1279 οὐδὲ
2628 1227 2939 1300 ῥητορεύων,
2997 1230 3118 1289 τούς
3170 1235 3270 1280 τῶν
3324 1227 3593 1281 συλλαϐῶν
3650 1249 3838 1301 γραμ-

2208 1317 2467 1385 ματιστὰς
2512 1315 2679 1375 ζητῶν
2709 1319 3080 1390 περιέρχεται·
3122 1316 3182 1368 ού
3221 1321 3319 1389 μὴν
3362 1314 3480 1370 οὐδ’
3510 1318 3579 1379 εἰς
3627 1338 3837 1392 στρατ-

2215 1758 2598 1821 ἐπιστατούσης
2649 1764 2739 1811 καὶ
2786 1766 2990 1835 κυρίας,
3042 1760 3340 1824 ἀλλάξαιτό.
3382 1762 3560 1834 Ἔχεις
3612 1766 3834 1826 ἱκανῶς,

2216 1845 2381 1920 οἶμαι,
2430 1853 2519 1900 καὶ
2568 1848 2818 1921 μάλιστα,
2865 1852 2935 1912 ὡς
2983 1849 3032 1901 έν
3077 1850 3356 1913 ἐπιστολῆς
3413 1857 3572 1922 τόπῳ,
3625 1850 3840 1926 ἀπορή-

2215 1957 2374 2009 ματος
2430 1938 2534 1989 ἄνω
2585 1943 2675 1990 καὶ
2726 1940 2865 1991 κάτω
2909 1944 3203 2012 φερομένου.
3251 1946 3341 1993 καὶ
3390 1941 3581 1999 πολλὴν
3632 1942 3835 1994 πολλά-

2215 2046 2293 2086 κις
2338 2026 2640 2098 ἀμηχανίαν
2684 2032 3115 2101 παρεσχημένου,
3165 2031 3261 2091 τὰς
3307 2029 3478 2091 λύσεις
3527 2030 3792 2102 ἀφθόνους
3820 2053 3835 2065 ·

2219 2111 2291 2166 δι’
2340 2116 2406 2166 ὧν
2455 2121 2545 2168 καὶ
2592 2114 2863 2185 Ἰουδαῖοι,
2910 2123 2999 2170 καὶ
3047 2117 3302 2184 Ἕλληνες,
3346 2123 3435 2171 καὶ
3481 2121 3530 2171 οἱ
3576 2125 3840 2194 Μαρκίω-

2216 2224 2301 2266 νος
2345 2204 2491 2275 λόγοι
2549 2208 2987 2277 συγχυθήσονται
3015 2228 3026 2240 ·
3071 2207 3221 2259 αὐτοὶ
3267 2206 3507 2270 ὸόξαντες
3552 2208 3839 2277 πολλάκις,

2221 2290 2311 2345 διὰ
2360 2301 2450 2355 τῆς
2501 2299 2748 2356 τοιαύτης
2791 2295 3144 2370 παρατάξεως,
3190 2304 3284 2358 τῆς
3336 2296 3654 2357 Ἐκκλησίας
3707 2318 3841 2350 κατ-

456 2402 563 2441 nes
590 2385 922 2439 exhibentis
966 2382 1291 2438 solutiones
1322 2381 1693 2437 sufﬁcientes.
1726 2383 1871 2436 Hinc
1899 2380 2106 2444 Judaai,

457 2474 701 2542 Pagani,
740 2472 1049 2528 Marcionis
1090 2472 1441 2525 assertiones
1480 2470 1941 2535 confundantur,
1974 2470 2107 2541 qui-

455 2579 574 2635 que
592 2578 696 2632 per
720 2559 1018 2630 ejusmodi
1042 2559 1479 2630 oppositionem
1501 2558 1886 2614 multifariam
1906 2565 2111 2614 contra

458 2651 777 2707 Ecclesiam
801 2650 967 2703 divisi
1000 2650 1457 2704 insurrexerunt.
1484 2647 1935 2704 Consummavit
1955 2647 2113 2704 Chri-

460 2746 603 2805 stus,
638 2755 756 2795 non
808 2738 1089 2793 dissolvit
1134 2738 1327 2807 legem
1362 2755 1374 2790 :
1408 2737 1581 2793 otiari
1633 2737 1789 2805 fecit,
1822 2752 1943 2793 non
1975 2752 2112 2792 con-

458 2829 805 2885 demnavit:
859 2826 1205 2899 conspirant
1256 2842 1445 2898 usque
1494 2826 1648 2881 adeo
1701 2825 1889 2897 gratia
1913 2831 1969 2881 et
1996 2826 2111 2891 lex,

2221 2382 2613 2443 εξανίστασοαι.
2660 2382 2944 2436 Ἐτελείωσε
2995 2387 3097 2455 γὰρ
3152 2388 3238 2437 τόν
3290 2390 3442 2457 νόμον
3494 2387 3520 2437 6
3566 2391 3837 2457 Χριστός,

2222 2469 2327 2522 ἀλλ’
2377 2471 2435 2523 ού
2488 2472 2735 2525 κατέλυσε
2763 2492 2775 2506 ·
2813 2479 2903 2525 xui
2959 2475 3201 2537 ἔπαυσεν,
3254 2473 3363 2526 ἀλλ’
3400 2475 3494 2527 ούκ
3540 2474 3797 2548 ἀνέτρεψε
3823 2500 3837 2510 ·

2220 2564 2309 2612 καὶ
2338 2559 2476 2622 τέλος
2504 2559 2643 2613 ἐστὶν
2674 2560 2856 2626 αὐτοῦ,
2892 2560 3000 2613 ἀλλ’
3022 2561 3116 2615 οῦκ
3142 2561 3408 2638 ἀναίρεσις
3437 2584 3448 2597 υ
3482 2569 3572 2616 xui
3595 2568 3841 2636 ἤργησεν

2224 2648 2330 2701 ἀλλ’
2358 2649 2414 2701 ού
2444 2646 2676 2703 διέϐαλλε
2696 2672 2707 2683 ·
2737 2655 2826 2703 καὶ
2855 2659 3219 2723 συμφωνοῦσιν
3249 2654 3279 2710 ἡ
3306 2656 3469 2723 χάρις
3494 2658 3585 2705 xui
3618 2655 3647 2705 6
3677 2660 3844 2726 νόμος

2224 2736 2331 2789 ἀλλ’
2362 2738 2420 2789 ού
2469 2740 2753 2811 μάχονται.
2798 2738 2857 2792 Εἰ
2896 2736 2956 2792 δέ
2984 2760 3061 2802 τις
3105 2746 3195 2793 καὶ
3233 2748 3385 2793 τοῦτο
3413 2741 3574 2812 λέγοι,
3604 2746 3696 2795 τόν
3744 2747 3842 2815 μὶν

2224 2828 2272 2880 έν
2320 2836 2392 2898 τῷ
2438 2830 2711 2901 γράμματι
2751 2834 2905 2902 νόμον
2952 2829 3213 2883 λελυκέναι
3261 2833 3349 2882 τόν
3393 2834 3602 2905 Κύριον,
3638 2833 3840 2890 πεπλη-

457 2934 579 2974 non
608 2922 901 2989 pugnant.
928 2916 983 2973 Si
1011 2916 1145 2988 quis
1164 2921 1393 2971 asserat
1424 2915 1741 2970 Dominum
1772 2914 2109 2971 dissolvisse

2224 2921 2440 2990 ρωκέναι
2494 2914 2553 2970 δὲ
2614 2922 2699 2970 τόν
2752 2917 2800 2970 ἐν
2852 2921 3127 2991 πνεύματι,
3186 2916 3337 2973 ούδεν
3384 2928 3482 2972 τῶν
3545 2918 3842 2973 ἀπεικότων

457 3007 605 3075 legis
628 3005 905 3068 litteram,
928 3004 1266 3076 implevisse
1289 3009 1490 3059 autem
1514 3004 1881 3075 spiritualem
1899 3004 2113 3075 legem,

458 3112 580 3153 non
598 3095 831 3151 abludit
851 3110 887 3150 a
905 3110 1041 3149 vero
1058 3092 1223 3166 quod
1243 3094 1325 3148 sic
1355 3092 1706 3149 amrmatur.
1729 3096 1802 3148 At
1817 3091 2117 3148 afﬁrmare

458 3186 624 3257 quod
674 3184 821 3254 legis
895 3181 1235 3239 deuterosin
1300 3182 1583 3251 dissolvit,
1654 3181 1849 3253 primo
1915 3187 2117 3239 autem

461 3274 753 3330 sancitam
791 3273 986 3344 legem
1047 3271 1337 3344 implevit,
1394 3270 1703 3327 delirantis
1759 3275 1846 3326 est
1885 3277 2119 3328 senten-

2227 3005 2353 3077 ἐρεῖ.
2391 3010 2461 3059 Τὸ
2502 3003 2561 3059 δὲ
2588 3006 2769 3078 λέγειν,
2812 3009 2892 3060 ὅτι
2919 3012 3003 3060 τὸν
3033 3013 3123 3080 μὲν
3154 3017 3247 3081 τῇς
3280 3006 3638 3081 δωτερὼσεως
3680 3016 3843 3083 νόμον

2226 3095 2392 3157 ἔλυσε,
2422 3098 2508 3147 τόν
2536 3093 2595 3149 δὲ
2637 3105 2726 3157 τῆς
2755 3103 2964 3172 πρώτης
2992 3100 3295 3171 νομοθεσίας
3324 3098 3613 3171 ἰπληρωσε,
3647 3099 3845 3173 ληρού-

2226 3204 2353 3236 ντων
2381 3202 2540 3239 εστιν.

461 3362 563 3419 tia.

570 3467 889 3533 QU/ESTIO
919 3466 999 3522 CC
1029 3465 1235 3539 [CoisL
1274 3466 1543 3529 CCXXIX,
1574 3467 1753 3521 Taur.
1788 3465 2009 3538 CCXX].

465 3592 607 3648 Cum
628 3592 907 3647 Dominus
929 3592 1085 3646 dicat
1116 3608 1132 3643 :
1158 3613 1185 3640 ‹‹
1209 3590 1408 3646 Nolite
1453 3590 1806 3661 margaritas
1827 3590 2120 3660 projicere

600 3665 819 3733 porcis,
842 3682 870 3714 »
902 3663 1186 3734 quomodo
1206 3661 1457 3717 docendi
1476 3668 1615 3717 sunt
1656 3662 1922 3730 inﬁdeles
1952 3666 1980 3716 ?

2816 3474 3130 3523 ΕΡΩΤΗΣΙΣ
3169 3470 3241 3526 Σ’.

2228 3599 2330 3644 Τοῦ
2348 3596 2558 3670 ,Κυρίου
2589 3591 2837 3670 λέγοντος,
2874 3614 2897 3644 (ι
3052 3593 3263 3667 βάλλετε
3290 3601 3622 3670 μαργαρίτας
3646 3600 3843 3670 ἔμπροο

2304 3665 2420 3751 σθεν
2446 3664 2545 3715 τῶν
2577 3668 2795 3737 χοίρων,
2836 3687 2855 3714 ι
2893 3686 2944 3718 κ.
2978 3664 3115 3735 ἑξῆς,
3156 3676 3261 3730 πῶς
3292 3664 3383 3721 δεῖ
3407 3664 3691 3721 διδάσκειν
3722 3664 3842 3731 τούς

2301 3754 2557 3796 απιστους
2580 3752 2593 3802 ;

1117 3847 1271 3898 Edita
1300 3860 1330 3896 ο
1356 3847 1682 3897 Montacutio
1713 3854 1814 3912 (ep.
1844 3848 1902 3897 54
1923 3847 1989 3897 ad
2026 3847 2286 3913 Sergium,
2323 3866 2375 3914 p.
2408 3851 2647 3914 107-110).
2679 3878 2739 3887 —
2766 3851 2951 3902 Matth.
2985 3863 3092 3910 VII,
3124 3854 3170 3902 6.

538 3970 753 4024 Sancta
774 3970 826 4022 et
858 3964 1205 4035 margaritae,
1225 3981 1361 4020 cum
1390 3964 1755 4021 diviniverbi
1778 3965 2115 4037 prmdicatio

463 4064 570 4125 est,
600 4063 723 4113 tum
751 4061 808 4112 et
847 4072 1063 4127 corpus
1116 4055 1493 4111 Dominicum
1527 4060 1581 4109 et
1638 4054 2114 4111 immaculatum.

467 4147 808 4219 Margaritae,
841 4162 911 4201 eo
942 4144 1106 4217 quod
1140 4146 1397 4216 pretiosa
1423 4145 1560 4209 sint,
1612 4149 1667 4199 et
1695 4144 1855 4214 quod
1888 4144 2120 4214 fulgen-

464 4242 581 4292 tem
614 4235 817 4291 salutis
870 4233 1249 4306 splendorem
1279 4232 1356 4289 ab
1400 4233 1468 4287 iis
1522 4234 1813 4299 emittunt,
1851 4233 1953 4305 qui
1981 4248 2119 4289 cum

2296 3966 2456 4038 Ἀγια
2494 3973 2584 4020 xui
2629 3977 2977 4043 μαργαρῖται,
3008 3971 3035 4023 ὅ
3078 3990 3131 4023 τε
3178 3978 3269 4023 τοῦ
3318 3973 3453 4024 θεῖου
3500 3975 3845 4047 κηρύγματος

2226 4056 2397 4127 λόγος,
2447 4065 2535 4109 xui
2583 4061 2640 4110 τό
2695 4063 3006 4112 Δεσποτικόν
3057 4065 3148 4113 καὶ
3193 4063 3460 4135 ἄχραντον
3507 4065 3845 4135 χρηματίζει

2231 4154 2418 4218 σῶμα’
2456 4154 2778 4222 μαργαρῖται
2832 4151 2922 4219 μεν
2977 4151 3057 4202 ὅτι
3112 4155 3279 4222 τίμια,
3325 4156 3415 4204 xui
3464 4153 3543 4204 ὅτι
3592 4152 3843 4225 λαμπρὰν

2227 4244 2322 4297 τῆς
2366 4241 2631 4306 σωτηρίας
2668 4241 2756 4295 τὴν
2806 4237 2990 4308 αἴγλην
3038 4246 3145 4300 τοῖς
3191 4239 3475 4312 εἰλικρινῶς
3521 4251 3843 4316 προσιοῦσιν

464 4326 695 4381 sincero
720 4324 923 4379 animo
969 4323 1211 4378 adeunt.
1247 4325 1463 4378 Sancta
1494 4327 1713 4385 autem.
1748 4321 1915 4394 quod
1942 4328 1999 4378 et
2027 4338 2121 4378 ve-

463 4415 753 4479 neranda,
786 4419 842 4469 et
880 4412 1046 4486 quod
1085 4428 1336 4467 excusso
1386 4427 1584 4467 errore
1616 4410 1845 4466 veritati
1878 4427 1987 4467 nos
2018 4428 2121 4483 ap-

466 4505 758 4579 pendunt.
790 4503 980 4558 Canes
1034 4506 1171 4556 sunt
1223 4505 1279 4556 et
1325 4499 1582 4555 haeretici
1637 4505 1694 4555 et
1742 4501 1985 4572 pagani,
2018 4502 2109 4573 qui

2233 4498 2311 4567 δὲ,
2353 4506 2442 4555 καὶ
2491 4511 2591 4554 τῶν
2638 4505 2928 4578 αἱρετικῶν,
2975 4510 3064 4557 καὶ
3106 4514 3205 4558 τῶν
3250 4504 3504 4578 ἀπίστων,
3555 4510 3670 4560 ὅσοι
3721 4508 3845 4561 πολο

467 4612 604 4651 cum
633 4609 786 4664 saepe
816 4590 1115 4661 religionis
1141 4589 1479 4645 rudimenta
1506 4588 1701 4660 prima
1729 4588 1928 4645 infusa
1958 4589 2109 4645 audi

2230 4590 2372 4651 λάκις
2400 4594 2485 4643 τὸν
2516 4599 2611 4654 τῆς
2646 4592 2907 4655 εὐσεϐείας
2944 4598 3335 4668 κατηχηθέντες
3375 4597 3546 4667 λόγον,
3580 4597 3639 4649 ού
3682 4602 3844 4669 μόνον

468 4685 677 4751 verint,
709 4698 829 4737 non
862 4686 1095 4737 tantum
1126 4678 1343 4734 meliori
1380 4682 1535 4734 statu
1567 4694 1689 4734 non
1725 4684 1881 4749 sunt,
1914 4679 2019 4734 sed
2067 4687 2109 4735 et

2232 4676 2383 4731 ούδεν
2460 4681 2664 4752 ἄμεινον
2743 4678 3073 4755 διετέθησαν⁹
3136 4684 3266 4737 ἀλλά
3328 4691 3419 4738 καὶ
3476 4690 3569 4744 τὴν
3634 4686 3842 4739 λύσσοοο

467 4774 697 4830 rabiem
717 4787 885 4826 suam
911 4769 1173 4842 produnt
1193 4768 1382 4824 multo
1408 4767 1652 4840 quidem
1682 4767 1961 4823 furiosius
1986 4784 2123 4824 con-

470 4872 560 4919 tra
589 4878 819 4918 sacram
844 4866 899 4915 et
929 4864 1189 4915 sanctam
1222 4863 1491 4914 nostram
1526 4858 1805 4929 pietatem
1840 4858 1994 4913 ultra
2023 4869 2125 4915 ca-

472 4968 577 5007 nes
600 4950 960 5005 allatrantes.
996 4948 1157 5004 Porci
1189 4950 1502 5014 vocantur,
1530 4951 1827 5018 quotquot
1853 4963 2024 5003 emno
2070 4952 2126 5003 et

470 5041 592 5095 luto
614 5039 954 5111 passionum
994 5035 1376 5102 convolutati,
1407 5051 1548 5106 erga
1567 5036 2007 5092 admonitiones
2040 5037 2126 5091 in—

474 5132 706 5184 sensate
736 5132 793 5181 et
827 5126 955 5180 sine
985 5125 1394 5196 resipiscentia
1442 5132 1630 5181 semet
1681 5129 1912 5193 gerunt.
1960 5125 2127 5181 Hisce

475 5216 757 5273 omnibus
816 5230 937 5270 non
989 5229 1119 5269 esse
1166 5212 1371 5269 divina
1426 5214 1823 5285 impertienda
1865 5214 2128 5285 myseria

2230 4326 2580 4395 ἐκπέμπουσιν
2614 4346 2626 4358 ο
2676 4325 2804 4396 οἶγια
2847 4323 2926 4391 δι,
2982 4329 3061 4380 ὃτι
3109 4331 3229 4380 τάι
3266 4332 3431 4381 σεπτὰ
3476 4335 3567 4383 xui
3618 4332 3701 4383 ὅτι
3750 4340 3845 4393 τῆς

2229 4414 2424 4475 πλάνης
2483 4412 2813 4487 ἀφορίζοντες
2868 4424 2928 4488 τῇ
3002 4414 3217 4489 ἀληθείᾳ
3288 4417 3592 4471 ἀνατιθέασι
3626 4440 3639 4453 ·
3690 4423 3843 4482 κύνες

2234 4768 2400 4820 αὐτῶν
2431 4772 2566 4821 κατά
2615 4778 2710 4832 τῆς
2762 4774 2895 4844 ἱερᾶς
2943 4776 3087 4845 ἡμῶν
3135 4776 3416 4847 θρησκείας
3464 4774 3845 4849 ἐμμανέστερον

2233 4866 2396 4908 κυνῶν
2448 4857 2802 4913 ὑλακτούντων
2861 4858 3187 4925 ἐπεδείξαντο
3212 4886 3223 4897 ·
3255 4872 3437 4938 χοῖροι
3480 4861 3559 4930 δε,
3603 4866 3723 4917 ὅσοι
3775 4873 3849 4935 τῷ

2238 4945 2475 5023 βορϐόρῳ
2553 4956 2653 5000 τῶν
2744 4952 2923 5003 παθῶν
2994 4949 3468 5024 ἐγκαλινδούμενοι,
3542 4957 3671 5028 πρὸς
3757 4956 3849 5014 τὰς

2234 5040 2561 5110 παραινέσεις
2618 5036 2943 5101 ἀναισθήτως
2994 5059 3046 5093 τε
3101 5046 3191 5093 καὶ
3247 5040 3636 5116 ἀνεπιστρόφως
3686 5045 3853 5115 ἔχου-

2240 5144 2340 5179 σιν.
2394 5125 2488 5187 Οἷς
2538 5126 2734 5180 ἅπασιν
2784 5130 2810 5180 ό
2865 5132 2993 5191 θεῖος
3045 5129 3387 5194 ἀποθεσπίζει
3432 5136 3709 5205 χρησμὸς,
3771 5136 3845 5205 μή

2237 5216 2535 5288 προτιθέναι
2576 5218 2643 5268 τὰ
2690 5219 2801 5269 θεῖα
2846 5224 3134 5296 μυστήρια,
3188 5218 3430 5286 ἀναξίους
3473 5220 3709 5288 ἑαυτούς,
3770 5218 3847 5276 δι’

1826 5348 2059 5406 νΑΒυΕ
2098 5350 2392 5407 LECTION
2400 5351 2498 5407 ES.
