4026 6196
157 243 274 323 οη

1230 265 1328 323 ΑΙ)
1366 261 1916 322 AMPHILOCHTUM
1955 264 2278 335 QUIESTIO
2317 266 2422 324 CC.

3425 269 3530 328 942

156 394 222 445 ὧν
279 392 524 466 ἔπραξαν,
577 396 1030 467 παρεσκευακότας
1095 402 1186 455 τῆς
1242 395 1528 466 ὑπερφυοῦς
1579 411 1745 450 σωτη-

1866 392 2067 450 divina
2095 393 2338 452 oracula
2357 392 2673 467 prodidere
2705 409 2720 461 ;
2753 392 2978 467 quippe
3007 394 3111 468 qui
3133 396 3262 468 jam
3290 396 3435 454 olim
3466 399 3532 457 se

155 489 268 558 ρίας
327 487 417 536 καὶ
492 484 736 558 χάριτος
797 481 905 534 ἀλλ’
976 483 1018 536 εἰ
1067 480 1197 555 μηδ’
1243 483 1428 556 ἑτέροις
1479 495 1510 538 Υ
1564 484 1756 534 τούτων

158 569 352 640 δοτέον,
399 575 531 634 ἴσως
586 573 646 624 οἷν
679 592 756 632 τις
808 568 1168 645 διαπορήσειε,
1200 577 1338 624 τίσιν
1365 573 1493 634 ὅλως
1535 569 1708 624 δοτέον
1738 587 1751 636 ;

157 667 294 735 Φημὶ
341 669 636 735 τοιγαροῦν,
689 668 798 723 τοῖς
843 681 897 714 τε
940 669 1150 722 πιστοῖς
1195 667 1282 714 καὶ
1316 658 1635 734 ὀρθοδοξοις,
1667 663 1754 711 καὶ

156 753 230 813 οἷς
287 753 314 803 ὁ
358 749 472 823 βίος
518 759 576 824 τῇ
626 754 800 803 πίστει
854 752 1260 823 συμφθέγγεται.
1306 751 1464 804 Ἀλλά
1513 755 1602 801 καὶ
1657 757 1754 802 τῶν

158 840 409 902 ἀπίστων,
479 845 569 892 καὶ
625 837 694 899 δὴ
746 843 835 892 καὶ
887 848 986 891 τῶν
1041 843 1330 914 αἰρετικῶν,
1382 844 1469 892 καὶ
1521 843 1616 912 μὴν
1665 843 1754 890 καὶ

154 938 253 982 τῶν
300 931 429 1001 πρὸς
480 931 816 1002 καθαρότητα
885 928 1145 990 πολιτείας
1197 926 1610 1000 διαϐεϐλημένων
1661 932 1752 980 καὶ

154 1022 345 1079 ταύτης
375 1017 793 1083 ὀλισθαινόντων,
835 1016 1057 1078 ἐκείνους
1105 1026 1176 1088 τῷ
1218 1017 1354 1090 λόγῳ
1397 1021 1751 1088 κατηχητέον,

155 1113 241 1161 καὶ
285 1114 638 1183 χειραγωγεῖν
679 1109 1059 1181 προθυμητέον*
1121 1108 1298 1168 οἵτινές
1374 1108 1503 1160 εἰσιν
1578 1109 1750 1181 ὥσπερ

152 1195 389 1271 πρόϐατα
439 1201 510 1269 μὴ
545 1199 736 1270 ἔχοντα
775 1201 1015 1269 ποιμένα,
1048 1201 1138 1249 καὶ
1184 1193 1391 1269 σφόδρα
1429 1192 1634 1248 δέονται
1659 1203 1754 1257 τῆς

153 1295 498 1358 ποιμαντικῆς
552 1286 860 1347 ἐπιστασίας
910 1291 1000 1339 καὶ
1047 1291 1417 1358 κατηχήσεως.
1467 1284 1582 1338 Ἐπὶ
1632 1287 1754 1336 τού-

151 1395 259 1438 τοις
309 1379 413 1449 γὰρ
463 1381 552 1428 καὶ
606 1377 630 1428 ὁ
690 1379 878 1450 Κύριος
942 1375 1380 1447 σπλαγχνίξεται,
1447 1380 1536 1427 καὶ
1582 1378 1752 1447 τρέφει

151 1470 344 1539 τροφὴν
401 1469 460 1517 τό
510 1484 564 1517 τε
623 1473 775 1538 σῶμα
833 1467 1184 1536 συνέχουσαν,
1251 1469 1340 1516 καὶ
1391 1469 1485 1522 τὴν
1563 1463 1750 1535 ψυχὴν

148 1553 461 1626 βελτιοῦσάν
529 1572 583 1606 τε
653 1559 743 1606 καὶ
820 1558 1203 1628 στηρίζουσανο
1271 1549 1383 1606 εἷεν’
1455 1551 1581 1604 ἀλλά
1639 1561 1752 1614 πῶς

143 1645 423 1718 ῥίπτουσιν
491 1641 881 1715 ἐπιστραφέντες
950 1645 998 1695 οἰ
1067 1649 1246 1715 χοῖροι
1311 1646 1400 1694 καὶ
1483 1643 1532 1693 οἱ
1605 1643 1750 1702 κύνες

140 1737 279 1794 τοὺς,
335 1735 464 1793 εἴτις
507 1733 679 1792 αὐτοῖς
746 1735 963 1806 προθείη
1005 1733 1039 1803 ᾃ
1068 1736 1141 1803 μὴ
1177 1734 1358 1804 θέμις;
1393 1733 1424 1789 ἤ
1460 1727 1637 1794 δῆλον,
1683 1733 1747 1791 ὡς

139 1825 187 1874 οἱ
229 1825 322 1893 μεν
379 1817 746 1892 κωμῳδοῦντες
790 1826 880 1873 καὶ
936 1819 1267 1892 ἒπιγελῶντες
1323 1823 1412 1871 καὶ
1455 1817 1742 1890 χλευάζον-

136 1930 216 1972 τες
259 1913 326 1962 τά
357 1911 536 1970 πάσης
565 1909 814 1981 εὐφημίας
861 1910 1134 1984 ὑπέρτερα,
1178 1910 1227 1960 οἱ
1279 1905 1359 1970 δὲ,
1411 1911 1471 1960 τὸ
1517 1909 1746 1980 καθαρὸν

134 2000 310 2052 αὐτῶν
358 2003 450 2051 καὶ
494 1998 879 2074 ὑπέρλαμπρον,
921 1995 1015 2050 διὰ
1042 2008 1138 2061 τῆς
1177 1998 1370 2060 οἰκείας
1396 1995 1743 2072 ἀκαθαρσίας,

131 2095 226 2141 καὶ
306 2086 687 2160 ἀνεπιστριηρου
737 2087 1073 2159 φαυλοτητος,
1144 2086 1478 2160 βεϐηλοῦντές
1536 2105 1590 2138 τε
1657 2089 1746 2138 καὶ

129 2177 668 2254 κάταρῥυπαίνοντες.
725 2181 823 2228 Ὧν
877 2175 1110 2250 ἑκάτερον
1149 2173 1436 2250 ἀνατρέχον
1497 2174 1569 2236 εἰς
1625 2177 1746 2235 τούς

131 2269 528 2342 ἀπερισκέπτως
586 2271 676 2319 καὶ
749 2270 917 2341 χωρὶς
1001 2269 1242 2339 προνοίας
1304 2265 1745 2336 οἰκονομήσαντας

128 2362 189 2410 τὸ
253 2362 572 2431 μυστήριον,
648 2363 846 2408 πτῶσιν
924 2353 1092 2407 αὑτῶν
1172 2353 1408 2426 χαλεπὴν
1462 2357 1552 2404 καὶ
1609 2357 1745 2425 μέγα

129 2443 336 2507 ὄνειδος
381 2445 751 2521 ἀπεργάζεται.
819 2448 1016 2503 Εἶησαν
1065 2440 1114 2496 δ’
1167 2442 1227 2495 ἃν
1283 2449 1600 2516 μαργαρῖται
1653 2446 1742 2494 καὶ

127 2536 283 2606 ἅγια,
345 2536 404 2588 ού
459 2539 522 2588 τά
564 2535 806 2609 εἰρημένα
844 2539 1016 2607 μόνον,
1074 2531 1201 2584 ἀλλά
1246 2551 1303 2603 γε
1341 2536 1430 2583 καὶ
1475 2540 1572 2584 τῶν
1615 2533 1743 2583 θαυ-

125 2627 315 2697 μάτων
372 2628 438 2676 τά
486 2629 817 2697 χαρίσματα·
886 2627 976 2674 καὶ
1030 2624 1161 2695 πρὸς
1216 2624 1436 2687 τούτοις,
1487 2621 1620 2672 αύτά
1676 2623 1743 2673 τά

127 2717 406 2781 θαύματα’
463 2719 548 2765 καὶ
603 2718 796 2785 τρίτον,
851 2711 892 2764 εἰ
937 2710 1136 2783 βούλει,
1185 2713 1241 2762 τὸ
1275 2709 1615 2762 ἀποστολικόν
1647 2714 1739 2762 καὶ

127 2807 271 2856 θεῖον
330 2802 558 2874 ἀξίωμα,
603 2804 629 2854 ὃ
669 2803 806 2854 κατά
853 2797 1124 2871 διαδοχὴν
1171 2802 1229 2851 τὸ
1275 2798 1558 2873 ἀρχιερέων
1597 2803 1742 2870 γένος

124 2895 322 2965 ὁρᾶται
379 2892 741 2964 κληρούμενον.
793 2887 960 2943 Ούδέν
1007 2893 1104 2964 γάρ
1157 2891 1371 2954 τούτων,
1417 2888 1474 2940 ού
1533 2891 1622 2960 μὲν
1656 2885 1742 2940 οὖν

124 2987 254 3034 οὔτε
307 2986 436 3033 κυσὶ
482 2982 802 3053 προτιθέναι,
869 2975 993 3031 οὐδὲ
1061 2985 1164 3038 τοῖς
1237 2981 1438 3050 χοίροις
1514 2979 1738 3048 θεμιτόν.

128 3077 238 3123 Καὶ
294 3074 464 3130 κοινὸς
509 3073 598 3142 μὲν
649 3075 765 3143 περὶ
817 3070 1020 3120 πάντων
1084 3071 1239 3138 νόμος
1303 3067 1332 3124 ἡ
1397 3071 1739 3140 προειρημένη

123 3168 226 3212 τοῦ
282 3164 546 3212 Δεσπότου
595 3158 768 3230 ψῆφος
807 3161 890 3210 καὶ
939 3158 1221 3228 ἀπόφασις.
1265 3155 1424 3230 Εὑροι
1470 3152 1519 3207 δ’
1561 3157 1620 3206 άν
1669 3174 1744 3216 τις

121 3254 223 3301 καὶ
283 3253 405 3320 περὶ
461 3247 567 3307 ἐνὸς
622 3247 844 3299 ἑκάστου
891 3245 1058 3298 αὐτῶν
1101 3247 1196 3306 τάς
1241 3249 1527 3318 μαρτυρίας
1592 3239 1743 3295 οὐδὲν

122 3335 542 3412 ἑργωδέστερον.
606 3335 810 3390 Αὐτίκα
877 3341 1002 3406 γοῦν
1051 3341 1161 3397 τοῖς
1217 3343 1380 3386 κυνῶν
1441 3330 1596 3391 δίκην
1649 3337 1742 3390 τὴν

122 3423 410 3479 ἀναίδειαν
485 3423 936 3500 προϐεϐλημένοις,
1031 3429 1122 3476 καὶ
1197 3431 1412 3496 σημεῖον
1481 3423 1738 3486 αἰτοῦσιν,

123 3521 282 3570 οὔπω
332 3511 534 3586 σχεδὸν
588 3521 683 3574 τῆς
718 3512 881 3583 ὅψεως
934 3516 1101 3565 αὐτῶν
1145 3521 1242 3565 τῶν
1293 3509 1742 3584 προδεδειγμένων

123 3604 551 3676 ἀπαλλαγείσης,
606 3602 665 3654 ού
713 3607 866 3674 μόνον
911 3599 1060 3654 ούδεν
1109 3603 1134 3653 ὁ
1184 3610 1275 3654 τοῦ
1336 3605 1508 3673 γένους
1566 3604 1740 3676 Σωτὴρ

120 3691 389 3766 οὐδαμῶς
418 3689 736 3756 ἄπεδείξατο,
771 3691 898 3743 ἀλλά
933 3696 1019 3743 καὶ
1057 3689 1240 3743 ἀπεῖπε
1277 3695 1347 3762 μὴ
1393 3687 1740 3757 δοθήσεσθαι,

118 3789 220 3835 καὶ
280 3787 381 3840 τήν
425 3781 596 3833 αἰτίαν
665 3788 757 3832 τοῦ
826 3786 895 3852 μὴ
972 3788 1270 3852 παρασχεῖν
1344 3778 1740 3845 ἀποκαλύπτων,

117 3875 311 3940 γενεὰν
358 3871 546 3930 αύτούς
583 3872 812 3941 πονηρὰν
865 3873 955 3920 καὶ
1009 3865 1308 3940 μοιχαλίδα
1357 3869 1610 3940 ὠνόμασεο
1669 3865 1742 3921 δι’

117 3963 383 4033 ἐκατέρου
436 3961 633 4019 πάθους
687 3963 1048 4030 παραστήσας,
1103 3959 1182 4010 ὅτι
1231 3967 1396 4008 κυνῶν
1426 3963 1515 4010 καὶ
1544 3965 1744 4034 χοίρων

113 4048 285 4104 οὐδὲν
329 4050 567 4121 ἀμείνους
614 4046 918 4120 ἐτύγχανον.
975 4046 1079 4100 Καὶ
1125 4045 1275 4099 πάλιν
1324 4045 1370 4098 ἐν
1418 4055 1476 4119 τῇ
1524 4045 1746 4120 πατρίδι

112 4141 295 4193 αὐτοῦ
327 4138 425 4190 ούκ
469 4136 678 4196 ἐποίησε
718 4133 966 4208 δυνάμεις
990 4136 1200 4203 πολλὰς,
1242 4131 1332 4188 διὰ
1373 4141 1465 4194 τὴν
1497 4135 1745 4189 ἀπιστίαν

109 4231 331 4284 αὐτῶν.
397 4232 498 4280 Καὶ
539 4226 808 4298 πολλαχοῦ
853 4230 1085 4298 φαίνεται
1132 4233 1308 4278 πίστιν
1347 4235 1742 4297 προσαπαιτῶν,

109 4321 223 4372 εἶθ’
277 4318 442 4377 οὑτως
495 4317 660 4376 ἰάσεις
709 4314 969 4367 ἐπιτελῶν.
1023 4314 1184 4367 Ὠστε
1223 4317 1248 4366 ὁ
1280 4334 1618 4387 κυνογνωμων
1657 4321 1746 4367 καὶ

105 4403 413 4482 χοιρώδης
456 4407 747 4479 ἄνθρωπος,
808 4403 1011 4466 ἀνάξιος
1061 4402 1173 4456 ἐστι
1223 4411 1318 4464 τῆς
1367 4403 1465 4455 ἀπὸ
1509 4413 1604 4455 τῶν
1652 4424 1745 4462 σησ

105 4503 290 4570 μείων
364 4495 675 4569 εὐεργεσίας.
735 4493 796 4545 Εἰ
863 4490 922 4545 δε
970 4501 1139 4557 τοῦτο,
1198 4492 1367 4563 πολλῷ
1419 4491 1607 4560 μᾶλλον
1655 4499 1745 4544 καὶ

106 4587 300 4640 αὑτοῦ
354 4591 450 4636 τοῦ
506 4582 554 4635 ἰν
601 4589 707 4643 τοῖς
739 4587 974 4654 σημείοις
1016 4587 1369 4657 χαρίσματος.
1397 4581 1554 4634 Ἀλλά
1591 4590 1744 4634 τοῦτο

105 4680 221 4749 μὶν
277 4679 375 4725 καὶ
419 4671 629 4724 αὐτόθεν
678 4668 862 4730 δῆλον*
929 4667 1080 4724 ούδεν
1146 4668 1204 4723 δὲ
1259 4672 1410 4729 ἧττον
1463 4672 1600 4742 ὅμως
1656 4676 1744 4723 καὶ

103 4769 348 4836 Πέτρος,
399 4763 424 4812 ὀ
466 4769 566 4812 τῶν
613 4760 860 4828 μαθητῶν
915 4767 1213 4832 κορυφαῖος,
1262 4757 1337 4812 δι’
1387 4760 1454 4810 ὧν
1508 4759 1746 4832 ἐπιτιμή-

101 4873 226 4913 σας
280 4851 600 4903 ἀπεσείσατο
656 4852 742 4901 τὸν
795 4844 1168 4921 δεισιδαίμονα
1220 4853 1310 4900 καὶ
1371 4852 1593 4922 πονηρὸν
1656 4854 1746 4901 καὶ

99 4944 464 5017 φελόχρυσον
495 4945 716 5011 Σίμωνα,
743 4937 1122 5012 ἀκριϐεστάτην
1152 4943 1449 5013 παρέσχετο
1479 4942 1569 4996 τήν
1610 4937 1744 4990 ἀπό-

97 5031 322 5094 δειξινο
367 5031 444 5081 ὃτι
493 5025 552 5082 δε
595 5024 710 5080 οὐδ’
743 5026 1095 5090 ἀποστολικῆς
1135 5026 1280 5090 ἀξίας
1305 5031 1334 5085 ἤ
1371 5026 1746 5101 ἀρχιερατικῆς

93 5129 294 5194 τιμῆς
349 5115 522 5180 οὑδείς
581 5116 693 5169 ἔστι
747 5125 846 5168 τῶν
903 5119 1149 5168 τοιούτων
1221 5119 1456 5188 μετέχειν
1515 5113 1741 5179 δίκαιος,

93 5213 292 5270 αὐτὸς
330 5207 488 5260 πάλιν
533 5207 558 5258 ὁ
586 5210 870 5271 Δεσπότης,
914 5208 1045 5278 ἔργῳ
1092 5209 1181 5257 καὶ
1229 5204 1364 5278 λόγῳ
1398 5210 1740 5279 παρίστησιν,

89 5303 206 5362 οἷς
246 5301 338 5350 τὸν
385 5295 680 5348 ἀκολοῦθειν
720 5294 858 5364 αύτῷ
918 5294 1283 5366 αἰτησάμενον,
1333 5299 1424 5346 καὶ
1473 5301 1572 5345 τῶν
1618 5293 1744 5346 ἀπο-

93 5390 335 5444 στόλων
379 5385 612 5438 ὑπελθεῖν
661 5383 748 5436 τὸν
794 5384 1001 5459 κλῆρον,
1059 5387 1148 5435 καὶ
1195 5386 1252 5435 τὸ
1293 5386 1573 5456 προνόμιον
1621 5378 1741 5435 δια-

85 5481 534 5554 μηχανώμενον,
588 5473 648 5526 ού
691 5477 844 5546 μόνον
878 5473 938 5526 οὑ
987 5469 1358 5545 προσεδέξατο,
1406 5470 1532 5524 ἀλλά
1562 5467 1634 5523 δι’
1675 5468 1742 5522 ὧν

207 5659 241 5704 1
271 5641 604 5723 μηδετέροις.

1865 482 2148 554 indignos
2179 488 2506 554 gesserunt,
2541 499 2646 556 per
2677 499 2860 556 opera
2889 500 3019 550 sua,
3057 526 3070 550 ,
3097 485 3400 542 excellenti
3429 487 3531 545 illa

1867 572 2055 642 gratia
2075 579 2131 629 et
2162 574 2376 630 salute.
2406 573 2574 639 Quod
2597 575 2644 629 si
2676 573 2900 629 neutris
2933 573 3183 630 istorum
3209 575 3338 631 haec
3366 592 3530 633 com-

1869 662 2236 719 municanda
2267 663 2403 728 sint,
2436 678 2555 718 non
2596 662 2857 718 absurde
2885 663 3187 736 quispiam
3214 664 3529 722 dubitave-

1865 750 1955 816 rit,
1986 767 2062 806 an
2095 751 2396 824 aliquibus
2423 751 2673 808 omnino
2705 753 2820 808 sint
2858 753 3367 810 communicanda
3405 771 3417 810 :
3453 759 3532 811 et-

1865 837 1932 904 si,
1963 843 2089 895 tum
2128 840 2343 912 quibus
2387 840 2415 896 7
2474 841 2576 896 Hic
2621 841 2877 906 afﬁrmo,
2928 841 3203 897 ﬁdelibus
3243 847 3299 898 et
3327 842 3528 898 ortho-

1863 926 2056 992 doxis,
2089 945 2349 1001 quorum
2371 931 2491 987 vita
2518 931 2873 1002 professioni
2912 931 3259 1002 respondet.
3316 931 3432 988 Sed
3471 935 3530 989 et

1863 1016 2170 1085 increduli,
2211 1025 2267 1073 et
2303 1019 2583 1084 haeretici,
2615 1026 2668 1074 et
2692 1020 2836 1092 quia
2876 1020 2993 1076 vita
3050 1036 3263 1091 parum
3296 1037 3448 1093 pura
3472 1026 3528 1078 et

1861 1107 2110 1162 honesta
2157 1108 2677 1172 commendantur,
2735 1107 2839 1163 sed
2879 1108 3138 1164 defectus
3194 1109 3524 1180 patiuntur,

1861 1195 2042 1250 verbo
2073 1196 2597 1263 suntinstituendi,
2627 1201 2681 1252 et
2709 1213 2887 1252 manu
2913 1197 3118 1254 sedula
3145 1199 3484 1254 deducendi
3508 1215 3521 1253 :

1862 1290 1998 1339 sunt
2026 1285 2186 1340 enim
2229 1289 2516 1356 tanquam
2544 1301 2683 1341 oves
2734 1290 3031 1356 pastorem
3063 1303 3184 1342 non
3216 1287 3521 1354 habentes,

1859 1373 2082 1445 quibus
2119 1375 2284 1430 omni
2316 1374 2498 1430 modo
2521 1390 2672 1446 opus
2695 1379 2780 1430 est
2807 1376 3112 1447 pastoritia
3143 1377 3524 1448 praesidentia

1861 1467 1916 1518 et
1946 1462 2376 1519 informatione.
2395 1466 2546 1532 Erga
2566 1465 2708 1519 istos
2740 1463 3161 1520 misericordiae
3189 1466 3522 1521 visceribus

1862 1557 2130 1608 movetur
2162 1551 2449 1607 Dominus
2477 1569 2488 1606 :
2525 1551 2856 1608 cibumillis
2883 1560 3152 1625 apparat,
3180 1555 3282 1626 qui
3313 1560 3369 1610 et
3398 1571 3521 1612 cor-

1859 1655 1973 1711 pus
2004 1640 2351 1711 consolidet,
2374 1645 2429 1696 et
2460 1641 2730 1698 animam
2752 1641 3041 1698 redditam
3058 1643 3360 1699 meliorem
3387 1661 3519 1700 con-

1789 1740 1830 1796 Β
1859 1728 2068 1784 ﬁrmet.
2104 1730 2213 1786 Sed
2252 1734 2378 1784 esto
2426 1733 2647 1794 tamen,
2680 1730 2990 1802 quomodo
3043 1732 3208 1802 porci
3248 1734 3520 1801 conversi

1858 1817 2142 1888 dejiciunt
2165 1817 2280 1881 illa,
2317 1822 2373 1873 et
2411 1833 2588 1874 canes
2629 1818 2675 1873 si
2714 1819 2843 1890 quis
2897 1818 2969 1874 iis
3018 1823 3360 1892 apposuerit
3385 1838 3521 1893 quae

1857 1921 1976 1961 non
2007 1906 2422 1963 conveniunt?
2470 1914 2556 1962 An
2584 1912 2745 1979 patet
2773 1907 2938 1980 quod
2997 1909 3226 1966 comico
3259 1910 3380 1966 sale
3427 1911 3524 1968 fri-

1857 2002 2014 2060 cant,
2048 2002 2104 2052 et
2126 1996 2390 2051 ludibrio
2410 1997 2649 2062 habent,
2679 1997 3024 2054 etlubentia:
3051 2007 3522 2072 exponunt,quaa

1857 2085 2060 2140 omnia
2086 2085 2284 2140 laudis
2313 2086 2727 2158 cujuscunque
2767 2088 3064 2157 praeconia
3095 2093 3381 2158 superant
3425 2089 3522 2152 isti

1857 2173 1916 2229 id
1941 2174 2106 2245 quod
2128 2173 2486 2230 defmcatum
2510 2181 2565 2230 et
2593 2174 2952 2246 pellucidum
2984 2180 3090 2240 est,
3124 2192 3229 2246 per
3256 2177 3521 2248 ipsorum

1857 2262 2132 2334 popriam
2163 2262 2605 2318 immunditiem
2645 2274 2703 2318 et
2732 2263 3178 2334 improbitatem
3219 2265 3522 2335 incorrigi.

1855 2351 2052 2418 bilem,
2070 2353 2455 2424 profanantes
2469 2359 2524 2407 et
2537 2353 2907 2410 sordidautes
2923 2353 3262 2425 persistunt.
3301 2357 3521 2411 Utrum-

1853 2457 1970 2514 que
2002 2457 2180 2513 porro
2210 2449 2531 2514 postquam
2554 2441 2836 2498 invaserit
2864 2457 2988 2508 eos,
3029 2443 3132 2515 qui
3185 2444 3520 2501 inconside-

1852 2530 2038 2586 ratius
2068 2530 2270 2586 etsine
2299 2531 2466 2586 omni
2487 2547 2631 2586 cura
2659 2537 2715 2586 et
2751 2531 3127 2603 providentia
3169 2533 3522 2604 mysterium

1852 2620 2217 2690 dispensant,
2236 2619 2687 2692 lapsumipsum
2724 2620 2962 2686 durum,
2984 2621 3442 2693 deplorandum,
3467 2633 3526 2684 et

1852 2725 1984 2764 cum
2039 2709 2327 2764 dedecore
2361 2710 2747 2780 conjunctum
2783 2716 3082 2781 procurat.
3127 2712 3257 2766 Esto
3297 2717 3521 2773 autem,

1853 2797 1972 2853 sint
1998 2799 2335 2869 margaritae
2366 2815 2458 2853 res
2489 2814 2693 2862 sacrae,
2727 2814 2837 2854 nec
2858 2815 2940 2853 eae
2973 2798 3156 2854 solum
3183 2815 3335 2871 quas
3364 2815 3525 2854 com-

1855 2891 2343 2951 memoravimus,
2401 2888 2508 2942 sed
2558 2894 2615 2943 et
2669 2888 3093 2943 miraculorum
3148 2889 3447 2944 charisma
3505 2907 3519 2945 :

1852 2977 2032 3032 etiam
2062 2977 2188 3047 ipsa
2220 2975 2504 3032 miracula
2536 2993 2548 3030 :
2592 2980 2669 3044 et,
2703 2976 2748 3030 si
2789 2978 2869 3031 ita
2911 2976 3119 3047 placet,
3163 2977 3327 3031 tertio
3364 2977 3521 3042 loco,

1853 3065 2256 3137 apostolorum
2272 3065 2507 3121 ccelitus
2530 3063 2802 3120 instituta
2827 3064 3083 3133 dignitas
3119 3065 3313 3134 :cujus
3342 3067 3520 3120 sortis

1853 3155 2270 3218 haereditatem,
2315 3153 2653 3225 pontificale
2677 3159 2946 3209 nostrum
2965 3169 3155 3221 genus
3179 3154 3523 3222 agnoscitur

1854 3243 2180 3316 possidere.
2214 3243 2364 3300 Nihil
2391 3243 2549 3298 enim
2572 3258 2642 3298 eo
2673 3247 2968 3314 spectans,
2992 3241 3084 3298 vel
3115 3243 3358 3298 canibus
3390 3259 3524 3314 pro-

1849 3333 2177 3404 jiciendum
2200 3337 2300 3397 est,
2332 3332 2422 3388 vel
2449 3332 2629 3387 etiam
2660 3330 2880 3403 porcis.
2914 3331 3262 3387 Communis
3293 3331 3368 3387 de
3395 3331 3522 3387 istis

1853 3422 2135 3478 omnibus
2174 3424 2288 3485 lex,
2316 3421 2632 3493 praedictus
2673 3420 2905 3476 Domini
2933 3420 3197 3476 calculus
3227 3426 3283 3476 et
3333 3420 3524 3476 deter-

1856 3511 2100 3568 minatio
2133 3512 2208 3567 sit
2241 3527 2532 3583 :quarum
2557 3526 2756 3566 rerum
2787 3509 3163 3579 singularum
3180 3509 3521 3566 testimonia

1854 3601 2023 3656 facile
2082 3601 2269 3656 cuivis
2311 3599 2480 3656 fuerit
2521 3599 2803 3654 invenire.
2861 3597 2977 3653 lllis
3036 3598 3214 3667 igitur
3251 3598 3352 3670 qui
3398 3615 3521 3654 non

1855 3707 2025 3746 secus
2057 3707 2241 3763 quam
2265 3705 2442 3745 canes
2483 3704 2784 3744 summam
2800 3704 2922 3759 prae
2954 3704 3016 3742 se
3039 3687 3523 3760 ferebantimpu-

1853 3779 2142 3845 dentiam,
2175 3779 2256 3834 ita
2288 3785 2352 3833 ut
2381 3777 2614 3849 signum
2647 3776 2760 3832 sibi
2787 3777 2915 3833 dari
2951 3776 3340 3849 postularent,
3383 3793 3522 3833 cum

1855 3872 1953 3924 vix
1984 3870 2044 3924 in
2073 3874 2394 3939 conspestu
2426 3868 2697 3938 ipsorum
2720 3866 2965 3938 patratis
2998 3866 3298 3922 miraculis
3324 3883 3524 3922 move-

1855 3963 2074 4022 rentur,
2134 3957 2367 4029 generis
2439 3955 2625 4010 nostri
2692 3958 2860 4009 salus
2920 3960 2976 4010 et
3049 3957 3340 4018 Servator,
3398 3971 3521 4010 non

1856 4049 2038 4101 modo
2059 4046 2289 4100 nullum
2323 4044 2558 4112 signum
2598 4042 3018 4107 manifestavit,
3053 4042 3157 4097 sed
3188 4059 3249 4097 se
3277 4043 3520 4099 minime

1855 4150 2283 4190 concessurum
2323 4131 2641 4202 respondet
2673 4148 2685 4186 :
2733 4137 2788 4186 et
2827 4147 3074 4186 causam
3114 4131 3385 4186 indicans
3415 4148 3521 4187 cur

1856 4224 2086 4280 nullum
2106 4222 2279 4277 vellet
2296 4222 2618 4276 concedere
2638 4219 3255 4292 signum,improbam
3279 4224 3334 4274 et
3354 4220 3519 4274 adul-

1857 4329 2042 4384 teram
2074 4310 2518 4382 generationem
2541 4314 2714 4365 vocat
2738 4328 2750 4368 :
2772 4308 2878 4364 der
2897 4315 3218 4380 utrumque
3243 4307 3519 4365 affectum

1855 4401 2097 4469 docens,
2128 4401 2288 4472 quod
2321 4398 2506 4454 nihilo
2533 4398 2748 4454 melius
2787 4414 2971 4470 quam
3012 4413 3192 4453 canes
3249 4404 3306 4452 et
3356 4408 3522 4470 porci

1855 4489 2516 4561 disponebantur.Hinc
2547 4489 2769 4544 factum
2803 4487 2964 4559 quod
2993 4487 3395 4559 insuaipsius
3420 4503 3521 4558 pa-

1855 4581 1964 4636 tria
2007 4579 2192 4634 multa
2231 4579 2400 4647 signa
2434 4577 2596 4633 haud
2639 4576 2908 4642 ediderit,
2965 4583 3207 4648 propter
3246 4577 3518 4648 ipsorum

1855 4667 2343 4722 incredulitatem.
2377 4666 2489 4720 Sed
2517 4673 2571 4721 et
2593 4665 2892 4738 plerisque
2923 4664 2984 4719 in
3023 4664 3168 4719 locis
3230 4665 3363 4720 licet
3389 4665 3518 4720 ani-

1859 4756 2243 4822 madvertere,
2268 4755 2445 4810 ﬁdem
2465 4757 2668 4826 ipsum
2693 4756 2857 4825 prius
2881 4753 3320 4824 praerequirere,
3339 4758 3519 4825 atque

1855 4846 1934 4902 ita
1955 4846 2198 4902 demum
2230 4843 2567 4900 curationes
2591 4842 2870 4898 edidisse.
2896 4843 2992 4897 Est
3022 4843 3201 4910 igitur
3217 4841 3310 4897 ille
3338 4843 3520 4898 homo

1853 4935 1958 5008 qui
1988 4935 2200 4991 eodem
2243 4933 2420 4988 modo
2477 4931 2728 4988 afﬁcitur
2783 4936 2958 5002 atque
2998 4946 3173 4986 canes
3225 4935 3281 4985 et
3327 4932 3516 5002 porci,

1855 5025 2139 5094 indiguus
2171 5023 2366 5096 plane,
2386 5021 2554 5092 cujus
2575 5021 2762 5091 gratia
2787 5019 3072 5076 miracula
3104 5025 3518 5091 procurantur.

1858 5116 1920 5168 Et
1948 5120 2102 5168 certe
2133 5112 2178 5166 si
2203 5111 2292 5166 his
2331 5109 2544 5178 dignus
2575 5124 2694 5162 non
2723 5107 2913 5172 fuerit,
2951 5106 3134 5162 multo
3159 5109 3357 5162 minus
3392 5123 3522 5178 gra-

1855 5203 1933 5258 tia
1954 5201 2052 5256 illa
2086 5205 2147 5256 ut
2185 5199 2508 5262 imbuatur,
2550 5213 2685 5270 qua:
2718 5197 2937 5252 relucet
2965 5197 3024 5251 in
3051 5202 3107 5251 et
3130 5211 3236 5268 per
3267 5197 3521 5253 miracu-

1851 5291 1928 5347 la.
1973 5293 2090 5346 Hoc
2131 5305 2236 5361 per
2266 5304 2330 5343 se
2371 5287 2512 5342 satis
2551 5285 2705 5342 clare
2733 5289 2910 5357 patet.
2944 5284 3133 5342 Nihilo
3164 5290 3367 5341 tamen
3414 5287 3522 5342 mi-

1854 5397 1985 5444 nus,
2019 5384 2076 5435 et
2121 5379 2326 5434 Petrus
2357 5374 2788 5447 discipulorum
2831 5374 3202 5448 coryphaeus,
3245 5375 3346 5432 ubi
3387 5391 3520 5431 cum

1855 5468 2187 5525 vehementi
2218 5464 2637 5538 increpatione,
2678 5464 2980 5521 Simonem
3033 5462 3191 5521 illum
3237 5462 3521 5535 supersti-
