4076 6202
465 215 571 274 943

1643 243 1646 245 λ
1708 202 1947 262 ΡΗΟΤΠ
1985 195 2471 258 ΡΑΤΗΙΑΗΟΗᾸΞ
2514 195 2625 253 CP.

3727 194 3858 251 944

470 342 611 401 tioni
675 339 963 403 deditum,
1026 336 1565 410 improbissimum,
1625 341 1680 389 et
1745 332 1872 389 auri
1918 343 2123 386 amore

2260 322 2603 399 θριάμϐευσεν
2652 320 2811 373 αὐτοῦ
2859 320 2926 373 τὰ
2986 327 3081 383 τῆς
3127 314 3360 392 καρδίας
3404 319 3710 396 ἁπόῥρητα,
3761 331 3865 381 τῆς

471 435 738 503 captum,
760 445 796 484 a
814 444 874 483 se
892 428 1178 492 excussit,
1205 423 1682 481 manifestissime
1711 422 1866 478 idem
1881 419 2083 475 docuit
2106 434 2119 473 :

472 520 741 576 nimirum
761 516 1167 588 apostolorum
1190 515 1323 571 loco
1344 514 1654 583 indignum
1671 528 1803 567 esse
1823 516 1879 566 et
1900 509 2124 580 episco-

472 608 593 680 pali
650 608 871 660 honore
910 604 1078 659 illum
1110 605 1213 675 qui
1245 604 1379 659 talis
1410 604 1581 658 fuerit
1615 603 1909 657 inventus.
1954 596 2124 662 Quod

472 697 632 753 idem
674 696 949 749 Servator
967 709 1088 748 non
1114 693 1296 749 Verbo
1326 696 1581 759 tantum,
1611 690 1713 745 sed
1737 695 1795 744 et
1822 703 1997 759 opere
2023 686 2126 741 do-

474 785 597 840 cuit
630 800 641 839 :
678 782 773 837 ubi
812 782 1142 845 hominem,
1176 782 1278 854 qui
1312 782 1505 851 ipsum
1532 779 1699 851 sequi
1731 794 1792 833 se
1815 776 1961 832 velle
1987 790 2128 847 pro-

474 874 753 941 ﬁteretur,
809 877 863 926 et
923 872 1066 926 sorti
1126 888 1187 925 se
1249 876 1429 942 atque
1452 868 1758 941 privilegio
1798 864 2126 937 apostolico

476 963 763 1031 ingerere,
797 975 919 1014 non
948 958 1187 1014 admisit
1213 960 1259 993 ⁴⁸
1290 976 1301 1013 ;
1336 974 1444 1013 nec
1469 957 1612 1012 illud
1646 960 1897 1018 tantum,
1932 953 2036 1007 sed
2067 952 2125 1005 in

477 1050 700 1123 quibus
760 1048 959 1104 adhuc
1010 1048 1251 1103 ulterius
1303 1047 1375 1102 de
1436 1045 1671 1101 secretis
1710 1044 1898 1116 ipsius
1936 1041 2128 1097 cordis

478 1140 679 1213 palam
706 1137 1088 1193 enuntiandis
1117 1136 1277 1191 velut
1316 1135 1684 1207 triumphum
1722 1132 1860 1203 egit,
1891 1148 1926 1187 a
1956 1128 2126 1185 disci-

480 1228 687 1303 pulatu
703 1227 972 1283 semovit.
1000 1226 1107 1292 Qui
1135 1226 1294 1281 enim
1322 1224 1547 1290 omnia,
1570 1225 1921 1296 priusquam
1941 1224 2132 1275 exsta-

479 1319 636 1380 bant,
681 1316 1041 1382 intuebatur,
1104 1315 1340 1370 videbat
1379 1314 1537 1370 illum
1578 1329 1704 1368 esse
1744 1311 2050 1366 volucrum
2077 1312 2132 1363 et

479 1406 747 1478 vulpium
780 1403 1210 1469 habitaculum,
1236 1409 1414 1476 atque
1444 1403 1578 1457 ideo
1595 1401 1786 1457 abillo
1810 1401 1923 1455 hoc
1953 1398 2133 1470 petie-

481 1501 591 1559 rat,
618 1494 783 1566 quod
826 1493 1034 1548 fraude
1066 1492 1323 1563 repletus
1366 1499 1420 1546 et
1460 1492 1738 1553 vanitate,
1775 1488 2134 1544 necuonim-

481 1583 795 1656 prudentia
808 1580 1115 1651 singulari,
1132 1580 1389 1635 avaritiae
1410 1586 1689 1652 praeterea
1712 1578 1914 1632 morbo
1934 1575 2136 1645 subja-

483 1678 657 1735 ceret,
686 1676 1007 1741 antequam
1048 1670 1194 1723 istas
1246 1685 1276 1723 e
1330 1668 1502 1723 corde
1530 1672 1867 1722 excusserat
1896 1664 2133 1729 bestias,

485 1776 668 1815 ausus
700 1758 889 1813 fuerat
920 1757 1299 1828 semetipsum
1330 1756 1386 1811 in
1416 1756 1842 1826 discipulorum
1880 1754 2136 1809 vocatio-

484 1863 625 1903 nem
657 1846 1002 1909 subinferre,
1020 1861 1199 1916 seque
1226 1844 1665 1916 receptaculum
1692 1843 1974 1897 idoneum
1993 1841 2137 1896 ima-

486 1935 677 2005 ginari
708 1932 1118 1989 excellentium
1144 1932 1375 1987 illorum
1405 1938 1460 1986 et
1486 1930 1973 2001 magisterialium
2001 1929 2138 1983 cha-

2232 416 2519 487 μαθητείας
2584 409 2852 463 ἀπώσατο·
2914 418 3117 469 πτηνῶν
3181 412 3281 482 γὰρ
3343 410 3495 462 αὐτὸν
3547 416 3642 462 καὶ
3720 409 3868 462 ἁλω-

2231 508 2418 569 πέκων,
2470 503 2695 553 όπάντα
2741 505 2829 552 καὶ
2876 503 2974 573 πρό
3031 505 3280 571 γενέσεως
3322 497 3495 564 εἰδὼς,
3536 500 3867 573 οἰκητήρισν

2234 592 2367 666 ἑώρα
2412 596 2501 642 καὶ
2559 596 2983 655 κατασκηνωσιν,
3034 595 3124 641 καὶ
3176 597 3330 642 τοῦτο
3374 588 3498 641 αύτό
3546 589 3869 659 αἰτησάμε-

2233 701 2313 741 νος
2347 694 2389 721 δ’
2424 682 2502 732 ότι
2536 676 2689 731 δόλου
2722 684 2891 751 γέμων
2922 684 3011 732 καὶ
3042 684 3365 751 κουφότητος
3407 684 3497 730 καὶ
3548 675 3867 741 ἀναιδείας,

2234 776 2323 822 καὶ
2353 772 2505 823 πάθει
2535 773 2875 841 προσανέχων
2918 767 3368 841 φιλοχρηματίας,
3425 774 3541 843 πρὶν
3588 773 3619 827 ἧ
3684 776 3872 820 ταῦτα

2236 862 2301 912 τὰ
2355 861 2511 934 θηρία
2570 856 2816 910 ἀπελάσει
2855 867 2945 918 τῆς
2984 857 3185 930 ψυχῆς,
3238 856 3517 930 ἐτόλμησεν
3558 857 3761 910 ἑαυτὸν
3798 858 3875 917 εἰς

2236 955 2329 1009 τὴν
2381 959 2480 1001 τῶν
2519 951 2765 1021 μαθητῶν
2795 948 2982 1007 κλῆσιν
3013 949 3266 1018 εἰσωθείν,
3299 954 3387 1000 καὶ
3430 957 3529 1000 τῶν
3571 950 3873 1022 ὑπερφυῶν

2237 1039 2435 1091 ἐκείνων
2484 1044 2573 1090 καὶ
2614 1044 2938 1090 Δεσποτικῶν
3008 1040 3355 1112 χαρισμάτων
3398 1034 3611 1110 δοχεῖον
3655 1040 3878 1110 φαντά-

2239 1130 2442 1191 ζεσθαι,
2493 1130 2561 1189 ὡς
2618 1126 2931 1201 πορρωτάτω
2978 1136 3075 1189 τῆς
3103 1124 3334 1192 ἐλπίδος,
3386 1129 3411 1179 ό
3458 1129 3656 1189 πάντας
3699 1126 3876 1179 ἕλκων

2237 1222 2365 1292 πρὸς
2428 1216 2629 1285 ἑαυτὸν,
2711 1221 2801 1268 xui
2877 1218 3074 1278 πάντας
3166 1218 3401 1276 σωθῆναι
3482 1216 3661 1281 θέλων,
3767 1216 3877 1267 ἀπ-

2240 1307 2521 1380 επέμψατο.
2573 1311 2672 1359 Καὶ
2715 1310 2774 1358 τό
2808 1314 2985 1367 σκεῦος
3011 1304 3070 1359 δὲ
3108 1315 3202 1367 τῆς
3242 1305 3472 1378 ἐκλογῆς,
3506 1308 3530 1358 ό
3570 1310 3660 1358 τόν
3696 1306 3877 1377 οὖρά-

2239 1417 2342 1450 νιον
2392 1396 2545 1449 πόλον
2594 1399 2661 1457 ὡς
2717 1395 2938 1466 ἐπίγειον
2986 1393 3202 1448 στάδιον
3252 1392 3569 1470 διατρέχων,
3618 1400 3719 1447 καὶ
3782 1401 3877 1451 τὴν

2243 1486 2546 1557 οἰκουμένην
2607 1482 2898 1537 σταδιεύων
2959 1493 3030 1555 τῷ
3092 1492 3184 1537 τοῦ
3244 1489 3578 1560 κηρύγματος
3648 1482 3879 1557 δρόμῳ,

2243 1579 2332 1626 καὶ
2380 1580 2488 1636 τοῖς
2546 1574 2672 1646 ὑπὲρ
2724 1572 2987 1634 εὐσεϐείας
3024 1576 3307 1646 παθήμασι
3364 1578 3431 1626 τὰ
3469 1574 3604 1625 αύτὰ
3660 1582 3743 1644 τῷ
3792 1570 3880 1625 διο

2247 1661 2496 1735 δασκάλῳ
2540 1669 2627 1715 καὶ
2672 1670 2927 1735 Δεσποτῃ,
2976 1659 3050 1715 δι’
3090 1664 3157 1714 ὧν
3195 1665 3428 1735 Τιμοθέῳ
3470 1665 3684 1735 γράφει,
3733 1682 3880 1733 συμ-

2246 1755 2543 1825 φθέγγεταιο
2614 1773 2641 1805 ι(
2718 1760 2904 1826 Χεῖρας
2972 1755 3071 1827 γὰρ
3145 1758 3369 1824 ταχέως,
3448 1758 3600 1824 φησί,
3666 1748 3881 1824 μηδενὶ

2247 1841 2487 1894 ἐπιτίθει·
2566 1839 2704 1913 μηδὲ
2764 1848 2992 1894 κοινωνει
3068 1842 3346 1917 ἁμαρτίαις
3427 1841 3759 1916 ἀλλοτρίαις·
3848 1862 3876 1891 ν

2246 1935 2335 1982 καὶ
2360 1935 2524 2003 μυρία
2570 1930 2717 1985 ἄλλα.
2754 1930 2893 1985 Ἀλλ’
2924 1930 3009 1983 ἐπὶ
3047 1939 3295 1982 τοσοῦτον
3343 1934 3432 2003 μὲν
3474 1936 3593 2003 περὶ
3636 1932 3871 1983 τούτων.

485 2022 1105 2087 rismatum.Quocirca
1136 2028 1426 2075 semotum
1460 2021 1634 2089 longe
1674 2037 1708 2074 a
1739 2035 1848 2074 sua
1886 2018 1984 2074 illa
2011 2033 2135 2087 spe,
2165 2016 2233 2083 is,
2277 2020 2379 2089 qui
2421 2019 2687 2092 alioquin
2709 2034 2919 2074 omnes
2958 2018 3035 2075 ad
3080 2035 3142 2074 se
3172 2019 3464 2084 trahebat,
3499 2024 3555 2075 et
3585 2018 3876 2089 singulos

487 2113 739 2170 salutem
769 2112 1057 2182 consequi
1088 2111 1340 2174 volebat,
1374 2111 1617 2165 dimisit.
1654 2109 1767 2166 Sed
1798 2114 1861 2164 et
1886 2106 2032 2163 illud
2060 2123 2161 2162 vas
2193 2107 2495 2163 electionis
2540 2109 2642 2180 qui
2671 2108 2935 2164 caelestes
2958 2108 3124 2180 polos
3155 2124 3276 2165 non
3316 2109 3482 2164 aliter
3524 2125 3723 2180 quam
3762 2114 3876 2164 ter-

486 2206 669 2258 restre
692 2200 952 2256 stadium
981 2200 1350 2265 decurrebat,
1373 2200 1474 2271 qui
1506 2200 1804 2254 mundum
1837 2198 2181 2253 universum
2215 2213 2391 2253 cursu
2433 2198 2958 2271 prmdicationibus
2982 2198 3286 2264 transibat,
3321 2204 3376 2254 et
3413 2198 3514 2270 qui
3539 2198 3600 2253 in
3635 2199 3707 2253 iis
3733 2215 3873 2269 qua:

487 2308 596 2361 pro
618 2291 831 2361 pietate
857 2306 1069 2359 passus
1099 2288 1227 2353 fuit,
1260 2289 1511 2343 Domino
1542 2294 1597 2343 et
1622 2287 1847 2343 doctori
1889 2302 1998 2341 suo
2029 2284 2495 2353 assimilabatur,
2530 2287 2589 2342 in
2616 2287 2688 2342 iis
2709 2287 2923 2359 quibus
2943 2286 3313 2343 Timotheum
3362 2286 3579 2342 affatur
3623 2288 3874 2358 scriptis

489 2380 784 2436 consentit
814 2394 824 2433 :
870 2399 897 2429 «
940 2381 1143 2433 Manus
1175 2379 1499 2449 (inquiens)
1532 2377 1725 2431 subito
1759 2375 1982 2431 nemini
2010 2375 2380 2444 imposueris,
2408 2392 2516 2431 nec
2548 2376 2950 2432 cumaliorum
2983 2377 3245 2448 peccatis
3276 2378 3699 2432 communices
3734 2380 3786 2412 δ’
3819 2400 3868 2432 .3

494 2470 640 2523 Sunt
662 2472 718 2521 et
756 2466 872 2521 alia
908 2468 1137 2535 generis
1164 2466 1408 2536 hujusce
1440 2471 1738 2521 sexcenta.
1785 2470 1975 2536 Atque
2012 2464 2299 2518 hactenus
2329 2464 2403 2520 de
2443 2465 2631 2521 hisce.

566 2559 685 2624 Ego
717 2562 769 2609 te
810 2561 1031 2622 autem,
1073 2571 1211 2609 cum
1241 2555 1472 2610 videam
1497 2554 1826 2609 istiusmodi
1852 2551 2141 2608 narratio-

491 2660 599 2699 nes
629 2644 689 2698 in
731 2659 935 2698 amore
990 2644 1115 2708 tibi,
1151 2642 1397 2712 deliciis,
1442 2650 1620 2714 atque
1653 2643 1767 2698 sub
1800 2641 1986 2697 oculis
2016 2656 2143 2695 esse

492 2731 741 2805 positas,
771 2731 849 2786 ad
888 2731 1127 2786 alterius
1167 2732 1271 2796 rei,
1301 2747 1421 2786 non
1448 2732 1674 2796 alienis,
1719 2730 2144 2786 consideratio-

492 2838 629 2879 nem
645 2837 763 2876 non
783 2819 1077 2890 gravabor
1089 2820 1381 2875 deducere
1400 2836 1413 2876 ξ
1432 2826 1733 2891 utcunque
1752 2820 1912 2889 leges
1930 2820 2143 2890 episto-

492 2908 639 2966 licas
680 2909 918 2965 videam
953 2927 1047 2964 me
1072 2909 1427 2965 invitissime
1451 2926 1520 2965 eo
1553 2910 1744 2981 sequi.
1774 2910 1829 2964 Is
1861 2909 1964 2981 qui
1996 2924 2147 2964 mar-

495 3000 716 3069 garitas
734 3015 912 3069 puras
926 2998 1312 3055 etdefaacatas
1324 2998 1397 3053 de
1416 3000 1625 3053 virtute
1642 2974 2144 3062 ratiocinationes,
2179 2974 2220 3030 C

495 3094 703 3145 sancta
731 3094 947 3154 autem,
980 3089 1216 3160 piarum
1267 3092 1322 3143 et
1351 3087 1816 3143 orthodoxarum
1850 3087 2149 3141 rationum

494 3177 908 3235 honorabilem
937 3184 992 3233 et
1022 3177 1434 3233 venerandum
1454 3184 1794 3249 respectum
1827 3182 1883 3233 et
1920 3177 2151 3233 noverit

496 3274 552 3323 et
598 3267 912 3330 vocaverit,
955 3267 1430 3338 haudquaquam
1459 3267 1760 3322 aberrabit
1790 3283 1826 3322 a
1866 3268 2144 3331 veritate;

496 3372 673 3410 canes
718 3356 1004 3426 alioquin,
1047 3354 1263 3425 impias
1294 3360 1347 3410 et
1372 3355 1683 3410 hmreticas
1716 3355 2143 3423 cogitationes:

494 3460 731 3516 porcos,
766 3443 1168 3515 voluptatibus
1219 3443 1472 3507 deditos,
1521 3444 1676 3499 male
1708 3443 1933 3498 olentes
1966 3449 2020 3499 et
2061 3443 2149 3499 af-

494 3531 679 3587 fectus
694 3547 908 3602 pravos
940 3532 1316 3601 reputaverit.
1344 3532 1631 3596 Quocirca
1658 3531 1989 3586 istiusmodi
2017 3547 2148 3603 por-

495 3620 579 3674 cis
604 3624 662 3674 et
691 3619 940 3673 canibus
959 3634 1079 3674 non
1114 3625 1345 3689 oportet
1376 3620 1728 3689 margaritas
1751 3626 1805 3675 et
1830 3626 2034 3676 sancta
2055 3621 2148 3677 vel

494 3708 782 3781 projicere
813 3708 905 3762 vel
935 3724 1284 3779 proponere,
1321 3708 1399 3763 ad
1432 3711 1839 3765 contentiones
1858 3710 2147 3765 fovendae

495 3804 551 3853 et
588 3795 966 3865 litigandum.
996 3796 1153 3851 Multi
1185 3796 1344 3851 enim
1375 3797 1500 3852 haec
1527 3798 1658 3869 ipsa
1687 3797 1799 3853 illis
1838 3798 1980 3853 dum
2016 3815 2149 3871 pro-

496 3891 746 3957 ponunt,
775 3890 827 3940 et
849 3885 993 3939 dum
1030 3886 1088 3939 in
1118 3886 1393 3941 rationali
1428 3902 1551 3941 sum
1574 3887 1790 3943 animm
1812 3894 1973 3959 parte
2005 3904 2145 3944 con-

494 3975 815 4031 tentionem
844 3974 1120 4042 excitant,
1159 3981 1223 4030 ut
1253 3975 1310 4029 in
1346 3991 1526 4031 scena
1556 3976 1979 4044 introductam,
2012 3994 2149 4049 qui-

493 4064 607 4119 bus
632 4080 769 4118 cum
803 4069 1044 4134 propter
1073 4064 1514 4120 inclinationem
1540 4082 1842 4121 summam
1867 4067 1943 4121 ad
1965 4067 2150 4122 animi

493 4153 828 4225 passiones,
843 4152 1135 4221 judicium
1151 4154 1447 4208 sincerum
1468 4169 1848 4225 nequaquam
1864 4155 2145 4223 habeant,

494 4242 818 4313 improviso
852 4244 1205 4314 semetipsos
1236 4244 1621 4308 subruerunt,
1646 4249 1702 4299 et
1735 4243 1913 4315 lapsu
1944 4246 2151 4301 formi-

493 4330 702 4386 doloso
742 4331 1097 4401 prmcipitati
1151 4337 1290 4387 sunt
1323 4349 1335 4384 :
1393 4331 1635 4386 devictis
1665 4348 1801 4403 quae
1834 4333 2145 4389 meliorum

494 4424 663 4475 erant
692 4420 966 4491 partium,
992 4436 1027 4475 a
1056 4419 1360 4491 pejoribus
1395 4438 1408 4487 ;
1438 4420 1519 4475 ita
1546 4425 1607 4475 ut
1628 4422 2034 4492 spectaculum
2062 4440 2149 4479 se-

496 4513 614 4563 met
655 4507 855 4579 potius
896 4509 1212 4577 tragicum,
1274 4525 1459 4580 quam
1514 4514 1877 4579 spectatores
1910 4512 2148 4567 tandem

494 4597 1066 4668 repraesentaverint.
1098 4596 1264 4663 Quod
1288 4598 1333 4651 si
1364 4598 1442 4653 ab
1473 4599 1720 4653 invicem
1743 4601 2153 4671 pugnantibus

496 4685 973 4755 cogitationibus,
1031 4692 1085 4740 et
1134 4686 1320 4741 animi
1375 4686 1761 4757 opinionibus
1794 4690 2153 4759 processeris

497 4774 574 4830 ad
634 4774 897 4829 actiones
937 4778 1146 4829 mutuo
1186 4775 1514 4838 allidentes,
1581 4783 1635 4830 et
1674 4777 1942 4847 ipsosum
1994 4779 2155 4836 circa

498 4863 757 4919 actiones
775 4862 902 4917 illas
919 4862 1352 4934 dispositiones,
1370 4880 1759 4936 progressum
1775 4867 1985 4922 eodem
2000 4868 2155 4924 ince—

498 4953 736 5006 dentem
783 4952 1243 5010 animadvertes.
1278 4954 1410 5009 Vita
1467 4954 1737 5018 honesta,
1773 4961 1827 5010 et
1872 4972 2009 5012 cum
2036 4958 2154 5015 ﬁde

500 5040 826 5095 orthodoxa
844 5041 1181 5112 conjuncta,
1207 5044 1266 5097 in
1285 5059 1420 5115 quae
1433 5058 1552 5098 non
1569 5060 1740 5098 secus
1759 5060 1942 5116 quam
1967 5047 2158 5104 solent

501 5129 841 5196 margarita)
865 5134 921 5183 et
950 5146 1042 5185 res
1072 5137 1290 5186 sancta:
1323 5131 1524 5187 radios
1566 5134 1786 5195 emittit,
1832 5150 1951 5190 non
1981 5136 2154 5193 debet

501 5216 795 5286 haeretica,
812 5216 1034 5282 foetida,
1067 5220 1311 5275 sordida
1333 5222 1777 5278 conversatione
1807 5226 2029 5280 versari
2056 5233 2157 5283 aut

577 5345 767 5401 u‘Luc.
808 5361 887 5410 ix,
920 5349 1007 5401 58.
1040 5348 1086 5382 ‘9
1114 5349 1137 5402 Ι
1165 5348 1309 5404 Tim.
1345 5366 1400 5404 v.
1462 5353 1550 5407 22.

2181 4379 2227 4435 D

2327 2554 2456 2625 Ἐγὼ
2506 2551 2565 2606 δέ
2607 2574 2691 2606 σοι
2733 2559 2821 2607 xui
2866 2557 2994 2629 πρός
3026 2555 3196 2628 ἑτέραν
3244 2558 3478 2630 θεωρίαν,
3520 2555 3574 2608 ἐκ
3612 2561 3873 2627 γειτόνων

2255 2651 2362 2703 τοίς
2417 2644 2699 2716 εἰρημένοις
2738 2644 2898 2695 οὖσαν
2931 2643 3062 2711 (ἐπεί
3096 2664 3180 2697 σοι
3216 2648 3283 2697 τὰ
3326 2654 3543 2697 τοιαῦτα
3586 2648 3715 2719 ἔρως
3753 2645 3875 2698 ἐστὶ

2255 2736 2344 2782 xui
2382 2737 2547 2804 τρυφὴ
2604 2738 2694 2785 xui
2740 2733 3007 2804 θεάματα),
3064 2732 3158 2785 ούκ
3206 2735 3489 2805 ὀκνήσαιμι
3542 2736 3876 2805 καθηγησα-

2259 2822 2402 2871 σθαι’
2458 2821 2499 2873 εἰ
2539 2827 2626 2873 xui
2678 2830 2772 2883 τῆς
2816 2821 3094 2882 ἐπιστολῆς
3141 2822 3309 2896 ἡρέμα
3362 2843 3465 2883 πως
3509 2827 3633 2884 τοὺς
3678 2830 3875 2895 νόμους

2259 2910 2359 2982 ὁρῶ
2406 2906 2866 2982 διευλαϐουμένους
2909 2931 2997 2984 μοι
3044 2912 3281 2963 ἔπεσθαι·
3334 2910 3461 2963 ἀλλὰ
3513 2915 3613 2983 γαρ
3658 2933 3876 2985 μαργα-

2257 3003 2398 3071 ρίτας
2444 3002 2556 3071 μὲν,
2605 3005 2694 3051 καὶ
2724 3005 2843 3061 τοὺς
2873 3005 2991 3072 περὶ
3024 2999 3213 3069 ἀρετῆς
3258 3002 3520 3074 καθαρούς
3548 3001 3868 3073 λογισμούς

2258 3087 2385 3157 άγια
2447 3084 2523 3155 δὲ,
2586 3097 2685 3140 τῶν
2731 3087 2953 3141 εὐσεϐῶν
3005 3093 3094 3141 xui
3146 3086 3439 3162 όρθοδόξων
3482 3089 3756 3163 λογισμῶν
3811 3096 3869 3143 τό

2258 3182 2427 3247 τίμιον
2484 3182 2572 3229 καὶ
2614 3181 2819 3243 σεπτὸν,
2866 3177 2958 3230 οὐκ
3006 3179 3067 3230 οἷν
3110 3198 3186 3241 τις
3224 3176 3545 3250 ἀποσφαλείη
3602 3188 3695 3240 τῆς
3743 3179 3869 3237 ἀλη-

2260 3268 2394 3326 θείας
2440 3272 2529 3319 καὶ
2572 3264 2727 3329 εἰδὼς
2773 3272 2863 3319 καὶ
2907 3267 3094 3319 καλῶν
3148 3270 3321 3340 ὥσπερ
3357 3271 3510 3329 κύνας
3558 3274 3679 3330 τοὺς
3726 3265 3870 3321 δυσο

2260 3353 2425 3417 σεϐεἰς
2504 3360 2592 3407 xui
2658 3356 3009 3428 αἱρετίζοντας
3088 3355 3391 3428 λογισμούς,
3474 3362 3563 3408 xui
3637 3362 3871 3431 χοίρους

2256 3443 2407 3495 πάλιν
2456 3448 2574 3506 τοὺς
2630 3442 2941 3517 φιληδόνους
2996 3450 3084 3497 καὶ
3145 3442 3408 3508 δυσώδεις
3448 3451 3534 3498 xui
3588 3446 3864 3519 ἐμπαθεῖς.

2258 3532 2334 3586 Oti
2386 3529 2467 3584 δεῖ
2509 3541 2779 3607 τοιγαροῦν
2828 3537 3033 3595 τούτοις
3066 3542 3174 3596 τοῖς
3207 3540 3414 3608 χοίροις
3438 3532 3562 3589 οὐδὲ
3602 3545 3712 3597 τοὶς
3736 3543 3867 3589 κυσὶ

2256 3626 2376 3682 τούς
2427 3628 2752 3695 μαργαρίτας
2788 3630 2877 3675 xui
2908 3628 2970 3675 τὰ
3018 3623 3165 3696 άγια,
3219 3624 3288 3686 εἰς
3332 3627 3436 3697 ἔριν
3489 3631 3579 3677 xui
3623 3626 3867 3697 ζυγομα-

2257 3716 2404 3781 χίαν,
2436 3712 2634 3786 ῥίπτειν
2673 3717 2761 3763 καὶ
2808 3712 3211 3787 προϐάλλεσθαι.
3268 3713 3454 3766 Πολλοὶ
3500 3720 3603 3788 γὰρ
3651 3716 3865 3777 ἐκείνοις

2254 3808 2421 3851 ταῦτα
2485 3803 2771 3873 προθέντες,
2824 3807 2913 3853 καὶ
2958 3806 3052 3860 τὴν
3104 3805 3295 3855 τούτων
3336 3801 3384 3854 ἐν
3454 3810 3526 3873 τῷ
3575 3804 3865 3874 λογιστικῷ

2258 3897 2352 3950 τῆς
2405 3889 2590 3961 ψυχῆς
2636 3889 2874 3961 ἅμιλλαν,
2938 3893 3001 3951 ὡς
3056 3896 3307 3950 σκηνικην
3360 3893 3475 3944 θέαν
3536 3896 3861 3965 ποιούμενοι,

2257 3984 2346 4031 xui
2402 3975 2469 4037 δὴ
2511 3983 2599 4030 καὶ
2627 3980 2725 4030 ὑπὸ
2764 3986 2856 4040 τῆς
2914 3985 3029 4053 περὶ
3076 3982 3143 4031 τὰ
3177 3982 3316 4038 πάθη
3368 3983 3730 4052 προσπαθείας
3770 3988 3868 4041 τὴν

2258 4073 2432 4143 κρίσιν
2484 4065 2773 4120 ἀδέκαστον
2822 4069 2915 4120 ούκ
2958 4071 3186 4141 ἔχοντες,
3241 4069 3419 4123 ἔλαθον
3468 4070 3684 4131 ἑαυτούς
3735 4071 3868 4123 ἀνα-

2260 4158 2531 4230 τρέψαντες
2587 4163 2676 4210 καὶ
2732 4164 2968 4218 πεσόντες
3024 4168 3214 4211 πτῶαα
3269 4159 3515 4229 ἐξαίσιον,
3574 4160 3871 4219 ἐκνικηθέν·

2260 4268 2357 4299 των
2423 4247 2596 4307 αὐτοῖς
2652 4256 2750 4298 τῶν
2804 4251 3106 4319 κρειττόνων
3154 4256 3265 4310 τοῖς
3308 4255 3542 4320 χείροσι,
3600 4255 3693 4302 καὶ
3746 4252 3870 4303 θέαν

2259 4336 2447 4407 μᾶλλον
2490 4341 2744 4409 τραγικὴν
2799 4336 3013 4397 ἑαυτούς
3067 4341 3097 4395 ἤ
3151 4339 3329 4399 θεατὰς
3373 4337 3749 4401 ἐπιδείξαντες.
3806 4342 3872 4393 Εἰ

2262 4422 2319 4477 δὲ
2363 4431 2450 4477 καὶ
2500 4423 2600 4477 ἀπὸ
2648 4434 2747 4477 τῶν
2800 4430 3110 4497 μαχομένων
3161 4426 3361 4478 ἐννοιῶν
3392 4432 3479 4479 xui
3508 4426 3866 4500 ἐνθυμήσεων,

2260 4513 2336 4566 ἐπ’
2393 4515 2556 4575 αύτας
2606 4515 2911 4588 προσέλθοις
2960 4517 3051 4575 τὰς
3100 4514 3452 4587 ἀντικειμένας
3494 4518 3728 4591 πράξεις,
3774 4525 3871 4571 καὶ

2261 4608 2377 4664 τοὺς
2455 4612 2590 4655 κατα
2655 4606 2745 4665 τὰς
2798 4604 3006 4676 πράξεις
3067 4604 3225 4665 αύτὰς
3282 4601 3653 4677 διακειμένους,
3712 4605 3871 4661 ούδεν

2261 4695 2414 4751 ἧττον
2472 4694 2709 4766 εὑρήσεις
2761 4698 2853 4750 τὴν
2920 4695 3132 4765 θεωρίαν
3185 4693 3592 4767 προϐαίνουσα-δ,
3642 4695 3704 4748 Ὁ
3764 4700 3869 4768 γὰρ

2264 4780 2550 4842 σπουδαῖος
2626 4781 2739 4853 βίος
2806 4786 2891 4834 xui
2978 4778 3278 4857 ὀρθόδοξος,
3361 4793 3701 4859 μαργαριτῶν
3774 4793 3872 4838 καὶ

2263 4872 2420 4945 ἁγίων
2462 4869 2617 4929 δίκην
2658 4869 2999 4935 ἀποστίλϐων,
3042 4872 3135 4923 οὐκ
3176 4871 3361 4943 ὀφείλει
3414 4881 3529 4934 ταῖς
3579 4876 3875 4946 αἱρετικῶς

2262 4968 2351 5015 xui
2400 4958 2673 5014 δυσώδεσι
2725 4965 2812 5013 xui
2840 4961 3108 5033 ῥυπῶσαις
3136 4960 3421 5024 πολιτείαις
3453 4959 3876 5016 συνδιαιτᾶσθαι

2264 5058 2352 5103 xui
2407 5052 2877 5122 συναναφύρεσθαι.
2935 5070 2963 5101 ι(
3033 5050 3282 5112 Ἐξελθετε
3358 5056 3480 5125 γὰρ,
3559 5058 3743 5124 φησιν,
3819 5054 3878 5105 ἐκ

2264 5144 2424 5211 μέσον
2496 5140 2660 5191 αὐτῶν
2745 5144 2833 5191 καὶ
2913 5138 3251 5215 ἀφορίσθητε,
3332 5164 3357 5190 ››
3441 5141 3579 5212 λέγει
3659 5146 3880 5215 Κύριος,

2268 5247 2295 5280 ε
2344 5229 2489 5299 κάγὼ
2542 5225 2846 5300 εἰσδέξομαι
2898 5229 3049 5299 ὑμᾶς.
3126 5250 3153 5277 ››
3228 5235 3347 5295 Καὶ,
3405 5249 3433 5280 ‹‹
3492 5235 3582 5292 Τίς
3630 5239 3884 5285 κοινωνία

1857 5465 2085 5520 VARI/E
2115 5466 2512 5524 LECTIONES.

578 5564 603 5594 ι
631 5553 749 5611 αίτη
761 5555 996 5628 σάμενον.
