4026 6196
187 238 302 294 945

1170 236 1270 292 AD
1308 233 1871 294 AMPHILOCHIUM
1911 232 2243 303 QUIESTIO
2275 232 2602 290 CCI-CCIII.

3426 239 3566 296 946

189 368 330 436 φωτὶ
375 365 507 438 πρὸς
564 364 749 424 σκότος
773 379 791 434 ;
826 382 852 415 ε
894 365 1004 428 καὶ,
1046 385 1072 411 ‹‹
1102 361 1346 438 Ἐξάρατε
1379 367 1468 415 τὸν
1493 367 1718 436 πονηρὸν
1745 361 1798 414 ix
1831 398 1838 415 λ

1910 360 2304 416 commisceri.
2341 380 2372 412 ‹‹
2401 357 2763 431 Egredimini
2815 356 3022 429 (enim)
3077 357 3150 414 de
3180 359 3379 417 medio
3408 363 3564 435 ipso-

190 457 359 526 μέσου
399 454 562 524 ὑμῶν⁹
595 472 624 504 »
664 456 776 516 καὶ,
819 471 848 503 (ι
894 458 977 523 Τῷ
1002 455 1223 524 τοιούτῳ
1252 449 1390 524 μηδὲ
1419 453 1722 505 συνεσθίειν’
1769 471 1798 502 ››

187 546 284 594 καὶ
325 542 447 594 ἄλλο
485 541 682 602 πλῆθος
727 543 958 610 ἄπειρον.
997 540 1155 596 Ἀλλὰ
1182 549 1347 594 ταῦτα
1387 544 1477 613 μεν
1510 545 1606 600 σὴν
1645 560 1800 612 πεφι-

188 631 500 705 λοτιμῆσθω
551 632 734 704 χάριν·
797 627 912 684 οἶδε
964 627 1023 683 δε
1078 635 1169 683 καὶ
1215 635 1273 683 τὸ
1328 639 1418 691 τῆς
1475 629 1801 702 ἀναγωγικῆς

192 722 420 793 θεωρίας
444 725 665 794 χωρίον,
697 729 770 792 τῷ
799 719 981 773 πλάτει
1006 724 1096 772 καὶ
1145 727 1206 793 τῇ
1249 721 1444 795 εὑρέσει
1469 728 1569 771 τῶν
1603 721 1798 791 θεωρη-

187 812 372 882 μάτων
412 809 916 882 ἐγκαλλωπίζεσθαι.

1907 466 2064 519 rum,
2125 453 2182 504 et
2225 448 2586 520 separemini
2636 449 2713 498 ⁸ο»
2768 447 2871 517 (ait
2909 447 3266 520 Dominus);
3321 455 3398 514 et,
3453 468 3565 524 ego

1908 537 2228 609 suscipiam
2250 554 2355 594 vos
2369 539 2411 573 ⁵1
2434 542 2537 604 ;et,
2563 556 2591 589 ‹‹
2616 539 2758 602 Quaa
2780 536 3127 591 communio
3149 537 3405 594 tenebris
3426 556 3568 598 cum

1906 627 2038 684 luce
2055 629 2101 663 ⁵³
2123 628 2150 683 ?
2173 648 2196 678 ιο
2225 630 2310 691 Et,
2334 626 2536 682 Tollite
2562 627 2815 698 impium
2837 625 2912 680 de
2935 625 3136 681 medio
3157 632 3424 684 vestrum
3443 631 3513 683 ⁸³.
3536 652 3563 681 ι)

1907 717 1994 780 Et,
2022 736 2052 768 «
2078 715 2264 771 Nolite
2287 731 2424 771 cum
2456 713 2797 771 istiusmodi
2821 730 3041 786 panem
3067 716 3383 772 comedere
3415 719 3462 753 ⁵⁸
3491 740 3504 774 :
3533 740 3563 773 »

1906 811 1964 862 et
1994 804 2276 860 similium
2328 803 2542 874 ingens
2573 803 2907 859 multitudo.
2963 802 3080 858 Sed
3110 804 3237 859 haec
3268 804 3566 864 sufficiant

183 917 328 972 quae
349 905 514 955 tuam
540 900 794 969 gratiam
816 898 1254 955 demereantur.
1275 896 1438 954 Certe
1467 896 1758 953 familiare
1788 899 1953 951 estut
1981 893 2342 964 anagogices
2371 892 2892 965 contemplationis
2916 908 3183 964 campus,
3217 893 3438 950 dilatus
3475 897 3557 952 ab

181 988 532 1044 istiusmodi
564 987 1008 1044 inventionibus
1034 992 1091 1043 et
1121 986 1629 1060 speculationibus
1659 984 2010 1042 efﬂorescat.

762 1098 1078 1146 ΕΡΩΤΗΣΙΣ
1118 1091 1229 1149 ΣΑ’.

185 1204 309 1261 Πῶς
386 1195 474 1252 δεῖ
542 1203 733 1274 κρίνειν
829 1202 895 1252 τὰ
984 1201 1118 1251 κατὰ
1204 1202 1290 1251 τὸν
1367 1197 1488 1272 βίον
1577 1196 1799 1270 συμϐαί-

896 1290 1048 1323 νοντα
1080 1287 1094 1337 ;

1981 1072 2302 1155 QUAESTIO
2344 1091 2451 1146 CCI
2496 1087 2695 1160 [CoisL
2739 1088 2976 1154 ccxxx,
3016 1089 3198 1146 Taur.
3241 1089 3486 1164 CCXXI].

1911 1196 2206 1265 Quomodo
2261 1195 2656 1266 judicandum
2687 1195 2778 1321 ge
2982 1211 3114 1266 quae
3168 1196 3231 1251 in
3293 1197 3402 1254 hac
3445 1197 3564 1253 vita

2566 1281 2693 1321 accz
2741 1282 2820 1320 un

2566 1281 2820 1323 acczaun

538 1386 697 1438 Edita
718 1401 752 1437 a
779 1387 1105 1438 Montacutio
1133 1387 1236 1449 (ep.
1269 1387 1327 1433 58
1362 1385 1429 1434 ad
1463 1385 1604 1435 Leon
1636 1399 1687 1448 p.
1719 1385 1962 1438 112-113).
1997 1411 2049 1419 -
2080 1383 2154 1432 De
2177 1382 2527 1433 retributione
2558 1381 2822 1431 bonorum
2854 1384 2907 1430 et
2935 1381 3219 1432 malorum.

262 1511 554 1584 ’Υπέχουσί
605 1531 738 1572 τινες
785 1520 886 1564 τῶν
939 1508 1281 1584 ἀδικημάτων
1325 1507 1479 1572 δίκας
1524 1509 1571 1561 ἐν
1613 1517 1681 1580 τῷ
1712 1516 1799 1561 νῦν

369 1604 512 1673 ἔχεις
554 1599 932 1676 ἐναργεστάτην
987 1598 1254 1663 ἀπόδειξιν
1298 1601 1377 1652 ὅτι
1425 1601 1532 1651 ἔστι
1579 1603 1802 1671 Πρόνοια

1983 1509 2286 1579 lnjustitiaa
2317 1523 2526 1580 paenas
2556 1507 2804 1579 quidam
2838 1509 2898 1562 in
2943 1508 3058 1564 hac
3105 1509 3224 1564 vita
3255 1509 3410 1566 dant.
3461 1513 3570 1566 Ha-

1909 1597 2016 1653 bes
2030 1596 2496 1652 etﬁcacissimam
2513 1596 3066 1652 demonstrationem
3080 1597 3237 1653 hanc
3252 1615 3356 1670 pro
3366 1599 3566 1655 viden-

189 1689 470 1763 ἐφεστῶσαι
528 1694 617 1742 καὶ
672 1690 1024 1761 λογοθετοῦσα
1093 1694 1182 1741 καὶ
1232 1692 1552 1762 περιέπουσα
1607 1689 1670 1738 τὰ
1723 1687 1802 1736 ἑν-

1912 1687 2053 1742 tiam
2079 1685 2498 1757 praesidentem
2521 1685 2713 1751 rebus,
2733 1686 3331 1754 rationesineuntem,
3357 1687 3565 1744 sedulo

187 1781 384 1835 ταῦθα.
441 1778 551 1831 Ούκ
589 1775 789 1831 ἔδωκαν
844 1778 1021 1831 πολλοὶ
1103 1775 1252 1839 δίκας
1310 1786 1409 1830 τῶν
1486 1773 1800 1848 ἀδικώτερον

191 1868 665 1940 πολιτευσαμένων·
721 1875 874 1920 τοῦτο
927 1868 1118 1941 μείζων
1185 1864 1469 1930 ἀπόδειξις,
1546 1867 1624 1918 ὃτι
1676 1868 1800 1936 πρὸς

186 1958 373 2031 ἑτέραν
437 1960 554 2010 τινὰ
611 1962 918 2032 πικροτέραν
966 1963 1054 2010 καὶ
1100 1956 1466 2030 χαλεπωτέραν
1522 1959 1802 2029 συνετηρή-

188 2051 365 2106 θησαν
417 2052 613 2120 κρίσιν.
678 2043 1009 2120 Εύδαιμόνως
1066 2045 1288 2098 ἐϐίωσαν
1343 2045 1520 2098 πολλοὶ
1576 2052 1674 2097 τῶν
1721 2040 1798 2095 δι·

183 2141 354 2190 καίων
382 2158 394 2169 ·
450 2133 616 2208 δέχου
662 2135 813 2188 πάλιν
857 2140 1107 2207 προοίμια
1137 2141 1226 2188 καὶ
1259 2134 1494 2207 σύμϐολα
1521 2142 1608 2194 τῆς
1639 2132 1801 2184 ἐκεῖσε

181 2222 640 2299 μισθαποδοσίας.
701 2224 861 2278 Ἀλλὰ
902 2231 991 2277 καὶ
1038 2224 1216 2277 πολλοὶ
1259 2224 1472 2286 πολλαῖς
1512 2222 1799 2280 ἐνήθλησαν

183 2317 592 2389 ταλαιπωρίαις
653 2321 807 2366 τοῦτο
858 2319 946 2366 καὶ
995 2317 1116 2374 τούς
1162 2313 1274 2366 λίαν
1329 2312 1659 2384 ἐπιστομίζει
1711 2330 1798 2382 φι-

182 2405 475 2472 λονείιιους,
527 2405 608 2456 ὃτι
661 2407 864 2464 πάντως
915 2402 1061 2464 ἄλλος
1108 2404 1244 2475 ἡμᾶς
1295 2402 1530 2474 ἀναμένει
1563 2399 1681 2472 βίος
1711 2405 1799 2452 καὶ

184 2500 466 2569 κριτήριον
509 2492 650 2557 ἄλλο,
692 2490 740 2543 έν
789 2493 828 2563 ᾧ
876 2500 976 2544 τῶν
1026 2493 1136 2544 κατ’
1183 2491 1331 2555 ἀξίαν
1377 2490 1589 2551 ἕκαστος
1615 2488 1801 2562 βεϐιω-

185 2588 357 2656 μένων
389 2581 714 2652 ἀπολήψεται
751 2585 845 2640 τὴν
876 2579 1226 2654 ἀντιμισθίαν.

763 2785 1075 2833 ΕΡΩΤΗΣΙΣ
1116 2778 1224 2833 ΣΒ’.

181 2876 306 2930 Πῶς
363 2870 414 2920 οἱ
481 2866 765 2921 ἀπόστολοι
836 2864 1047 2944 ἰδιῶται
1107 2871 1248 2928 ὄντες
1301 2868 1534 2944 ῥητόρων
1590 2867 1794 2918 πάντων

771 2942 1167 3013 κατεκράτησαν
1197 2963 1217 3010 ;

1910 1785 2217 1831 curantem
2249 1791 2384 1846 quin
2407 1773 2502 1830 hic
2543 1779 2822 1845 aguntur.
2857 1780 2957 1830 Ast
2986 1775 3154 1831 multi
3206 1792 3415 1848 poenas
3445 1793 3566 1832 non

1909 1863 2143 1930 dedere,
2176 1864 2276 1936 qui
2305 1864 2492 1933 magis
2521 1863 2805 1934 injuriose
2832 1866 3165 1920 conversati
3198 1871 3354 1920 sunt.
3381 1866 3567 1922 Etiam

1909 1953 2023 2008 hoc
2073 1953 2265 2022 major
2295 1959 2382 2007 est
2409 1952 2863 2017 demonstratio,
2927 1970 3141 2025 nempe
3201 1955 3408 2026 reponi
3439 1955 3570 2011 illos

1909 2042 2304 2097 reservandos
2331 2042 2559 2112 judicio
2611 2043 2898 2098 acerbiori
2929 2042 3173 2098 cuidam
3206 2048 3263 2097 et
3293 2045 3568 2114 graviori.

1911 2133 2195 2204 Prospere
2249 2133 2522 2186 vixerunt
2569 2131 2896 2202 proborum
2949 2132 3138 2186 multi.
3197 2134 3344 2187 Hinc
3375 2132 3570 2204 arripe

1908 2221 2123 2276 iterum
2148 2220 2394 2292 praemia
2416 2225 2471 2276 et
2493 2224 2744 2276 tesseras
2761 2219 3168 2276 retributionis
3195 2220 3310 2276 illic
3335 2221 3566 2277 futurae.

1909 2309 2066 2365 Multi
2120 2325 2258 2364 cum
2292 2307 2491 2363 multis
2541 2308 2792 2363 miseriis
2820 2308 3117 2364 colluctati
3154 2315 3313 2364 sunt.
3357 2313 3423 2365 Et
3456 2310 3571 2366 hoc

1909 2399 1998 2454 vel
2033 2397 2480 2454 obluctantibus
2528 2399 2822 2470 imprimis
2875 2415 2942 2454 os
2967 2399 3226 2465 obturat,
3271 2405 3327 2455 et
3357 2399 3572 2454 conﬁr-

1909 2496 2051 2558 mat,
2085 2488 2264 2544 aliam
2297 2504 2406 2543 nos
2437 2492 2798 2559 exspectare,
2826 2488 3033 2554 vitam,
3084 2487 3343 2544 tribunal
3386 2488 3568 2559 aliud,

1907 2577 1986 2634 ad
2013 2577 2178 2650 quod
2209 2577 2463 2649 quisque
2504 2581 2846 2648 recepturus
2898 2580 2989 2631 est
3045 2577 3381 2633 mercedem
3411 2578 3572 2633 retri-

1906 2668 2112 2723 butam
2133 2667 2306 2738 juxta
2333 2682 2469 2738 quaa
2496 2665 2555 2721 in
2582 2667 2696 2722 hac
2727 2666 2844 2722 vita
2876 2665 3077 2736 gessit.

1907 2773 2226 2841 QU/ESTIO
2281 2775 2412 2831 CCII
2474 2773 2673 2847 [CoisL
2717 2774 2991 2837 CCXXXI,
3055 2774 3235 2830 Taur.
3299 2772 3566 2847 CCXXII].

1978 2863 2276 2931 Quomodo
2307 2863 2581 2932 apostoli,
2609 2879 2738 2918 cum
2763 2863 2961 2918 idiotas
2991 2869 3199 2931 essent,
3232 2862 3497 2918 rhetores

2401 2950 2598 2990 omnes
2638 2941 3000 3004 superarunt
3045 2937 3070 2988 .9

1093 3047 1247 3097 Edita
1273 3062 1306 3096 a
1331 3045 1655 3097 Montacutio
1685 3045 1790 3108 (ep.
1819 3043 1897 3102 61,
1929 3041 1996 3091 ad
2029 3040 2215 3105 Georg.
2254 3041 2412 3099 diac.,
2444 3057 2496 3105 p.
2529 3043 2659 3105 114).

254 3155 316 3208 Εἰ
345 3161 462 3214 νοῦς
490 3156 580 3226 μεν
618 3155 960 3226 γραμμάτων,
993 3161 1082 3206 νοῦ
1115 3151 1173 3207 δε
1212 3156 1241 3212 ἠ
1289 3157 1401 3207 θεία
1431 3157 1587 3227 χάρις
1629 3155 1796 3223 ἀσυγ-

175 3248 348 3319 κρίτῳ
413 3247 584 3315 μέτρῳ
635 3242 943 3309 πλεονεκτεῖ,
1019 3240 1184 3316 μηδὲν
1270 3243 1562 3316 θαυμάζης,
1635 3242 1679 3295 εἰ
1748 3244 1797 3294 οἱ

180 3331 494 3397 ἀπόστολοι,
552 3336 611 3385 τό
667 3331 818 3385 πλέον
889 3337 978 3385 καὶ
1057 3337 1300 3405 μέγιστον
1381 3331 1640 3394 λαϐόντες,
1696 3341 1794 3384 τῶν

180 3423 274 3476 ἐπὶ
302 3430 379 3492 τῷ
431 3421 694 3493 ἰλαχίστῳ
747 3425 884 3493 μέγα
934 3424 1319 3495 φρονησάντων,
1358 3423 1613 3497 ῥητόρων,
1640 3420 1791 3492 λέγω,

180 3516 276 3563 καὶ
317 3509 632 3583 φιλοσόφων,
663 3513 802 3563 κατὰ
830 3512 1019 3585 κράτος
1058 3515 1424 3584 περιεγένοντο.

763 3695 1077 3744 ΕΡΩΤΙΙΣΙΣ
1111 3688 1200 3751 II"
1214 3733 1227 3746 .

184 3784 284 3835 Διά
328 3783 383 3832 τί
423 3779 624 3841 Παῦλος
652 3781 946 3840 Ἀθηναίοις
972 3776 1345 3849 διαλεγόμενος,
1379 3779 1478 3832 ἀπὸ
1510 3788 1609 3832 τῶν
1643 3777 1790 3833 ἰδίων

538 3830 865 3924 ante...
1087 3830 1387 3923 ίδιάάέγεέξκι
1417 3830 1432 3918 ';

1979 3146 2043 3208 Si
2072 3163 2240 3202 mens
2258 3147 2412 3203 ultra
2439 3147 2680 3214 litteras,
2706 3147 2860 3204 ultra
2892 3150 3150 3203 mentem
3197 3160 3340 3202 vero
3365 3147 3566 3204 divina

1905 3237 2098 3308 gratia
2127 3253 2264 3292 cum
2296 3251 2580 3292 mensura
2607 3235 3057 3308 incomparabili
3105 3235 3374 3292 abundet
3406 3237 3568 3301 ;noli

1905 3325 2130 3394 mirari,
2177 3325 2223 3379 si
2257 3325 2504 3397 quidem
2553 3324 2830 3396 apostoli,
2894 3325 2995 3396 qui
3050 3324 3461 3394 plenissimam
3516 3331 3570 3382 et

1904 3416 2225 3472 maximam
2252 3429 2603 3477 mensuram
2634 3418 3015 3485 acceperunt,
3046 3413 3178 3469 illos
3215 3413 3564 3484 longissime

1905 3502 2336 3575 superaverint,
2357 3502 2457 3568 qui
2489 3503 2560 3557 de
2588 3502 2838 3558 minimo
2869 3517 3122 3572 magnos
3144 3507 3383 3559 sumunt
3411 3503 3573 3574 spiri-

1903 3597 1997 3647 tus
2018 3593 2286 3647 rhetoras
2309 3607 2420 3661 ego
2451 3590 2714 3661 intelligo
2750 3596 2804 3647 et
2835 3592 3250 3664 philosophos.

1903 3697 2225 3764 QUIESTIO
2252 3699 2408 3756 CCIII
2434 3698 2639 3772 [Οοιει.
2673 3699 2955 3764 CCXXXII,
3005 3700 3190 3756 Taur.
3256 3697 3568 3772 CCXXIII].

1904 3790 2028 3844 Cur
2057 3789 2282 3844 Paulus
2311 3789 2388 3842 ad
2417 3788 2797 3844 Athenienses
2814 3789 2986 3845 verba
3005 3790 3221 3851 faciens
3249 3803 3285 3844 a
3303 3788 3568 3857 propriis

2007 3875 2208 3915 eorum
2248 3861 2734 3928 inscriptionibus
2763 3867 3120 3931 argumenta
3151 3859 3400 3916 desumit
3427 3859 3458 3912 ‘2

1099 3966 1250 4016 Edita
1274 3980 1306 4016 a
1329 3967 1653 4018 Montacutio
1683 3976 1791 4035 (ep.
1819 3974 1880 4022 62
1904 3974 1972 4024 ad
1992 3975 2146 4025 Joan.
2181 3974 2374 4024 Philos.
2413 3989 2470 4038 p.
2510 3975 2643 4033 114).

251 4096 387 4153 Τούς
429 4091 518 4165 μέν
563 4091 742 4153 ἄλλους
789 4095 926 4155 εἰκός
977 4093 1118 4146 ἐστιν
1174 4092 1403 4165 ἀπορεῖν,
1474 4099 1527 4147 τί
1594 4092 1794 4154 δήποτε
1834 4110 1838 4153 l

1980 4100 2305 4156 Verisimile
2324 4105 2408 4156 est
2437 4100 2586 4156 alios
2617 4100 2990 4166 addubitare,
3015 4117 3199 4173 quam
3221 4102 3300 4156 ob
3323 4117 3565 4157 causam

175 4187 204 4236 ό
266 4185 548 4244 θεσπέσιος
603 4183 820 4243 Παῦλος,

178 4274 485 4346 συγκρίνειν
517 4267 808 4324 διδάσκων·
861 4273 886 4323 ὁ
930 4280 1019 4324 καὶ
1074 4271 1233 4330 αὐτὴν
1274 4276 1367 4330 τὴν
1393 4279 1682 4332 Μωσαῐκὴν
1714 4296 1793 4348 quo

909 4184 936 4234 6
1021 4190 1390 4255 πνευματικοῖς
1471 4189 1796 4257 πνευματικὰ

173 4361 454 4432 λοσοφίαν,
497 4363 622 4431 πρὸς
668 4366 762 4418 τὴν
801 4362 1164 4433 ὑπερέχουσαν
1209 4368 1300 4413 τοῦ
1344 4369 1578 4434 Χριστοῦ
1611 4368 1794 4436 σοφίαν

179 4448 430 4503 σκύϐαλα
464 4451 760 4521 ἡγούμενος,
805 4455 856 4502 τί
904 4446 1090 4508 δήποτ’
1135 4446 1222 4502 οὖν
1262 4451 1288 4502 ὁ
1339 4459 1557 4504 τοιαῦτα
1593 4458 1682 4505 καὶ
1721 4454 1796 4506 λέ-

176 4560 292 4611 γων
361 4543 452 4589 καὶ
501 4534 791 4603 διδάσκων,
867 4537 968 4591 ἀπὸ
1043 4547 1142 4590 τῶν
1209 4537 1612 4613 έπιγραμμάτων
1691 4551 1795 4605 τοῖς

181 4629 511 4690 ’Δθηναίοις,
568 4625 603 4677 οἷ
649 4635 719 4698 τῷ
769 4627 896 4700 παρ’
959 4628 1136 4690 αὐτοῖς
1198 4627 1546 4703 ἐπεγέγραπτο
1605 4629 1791 4704 βωμῷ,

183 4712 224 4767 δ
230 4714 472 4785 ιελέγετοο
505 4713 709 4777 ἀνάξιον
746 4718 848 4790 γὰρ
884 4725 978 4778 τῆς
1030 4717 1078 4768 έν
1122 4717 1306 4788 Παύλῳ
1336 4719 1475 4780 θείας
1505 4718 1789 4788 ἐπιπνοίας,

183 4802 244 4856 in:
301 4805 482 4876 μύθων
531 4812 832 4876 συγκροτεῖν
873 4809 966 4863 τὴν
1028 4803 1290 4864 ἀλήθειαν.
1340 4806 1494 4860 Ἀλλὰ
1544 4814 1660 4870 τούς
1701 4815 1791 4883 μεν

179 4891 378 4953 ἄλλους
429 4899 581 4945 τοῦτο
621 4889 1001 4966 διαποροῦντας
1036 4894 1094 4946 ού
1141 4894 1254 4947 λίαν
1301 4899 1428 4956 ἴσως
1469 4896 1529 4949 οἷν
1578 4906 1792 4972 μεμφοί-

179 5001 312 5054 μην.
356 4983 412 5033 σε
441 4976 501 5034 δε
543 4981 600 5033 ἐκ
641 4987 840 5058 μυρίων
869 4992 1080 5057 γραφῶν
1130 5003 1184 5036 τε
1221 4989 1311 5036 καὶ
1355 4991 1616 5058 λογισμῶν
1655 4990 1790 5059 ἔχων

178 5071 433 5136 εὐθύνειν,
481 5073 568 5123 τόν
602 5067 860 5145 διάπυρον
903 5082 994 5134 τῆς
1039 5069 1370 5136 διαλεκτικῆς
1402 5072 1644 5147 ἐραστὴν,
1695 5080 1793 5149 μά-

173 5161 344 5212 λιστα
383 5160 446 5211 ἄν
479 5159 532 5223 ἐξ
571 5159 678 5222 ἑνός
717 5169 815 5214 τῶν
865 5171 968 5214 σῶν
1009 5159 1321 5215 δικαιότατα
1363 5162 1423 5214 ἂν
1465 5163 1790 5237 μεμψοίμην,

176 5252 249 5309 ὡς
301 5247 508 5302 κάκεῖνο
575 5248 972 5324 έπιλελησμένον
1035 5247 1296 5310 δήπουθεν
1367 5255 1426 5304 τὸ
1495 5260 1792 5326 σοφώτατον

177 5338 354 5400 αὐτῆς
381 5342 471 5391 καὶ
519 5345 934 5415 χρησιμώτατον
972 5343 1321 5414 νομοθέτημα⁶
1375 5345 1433 5394 τό
1482 5349 1628 5396 ποῖον
1663 5360 1676 5412 ;
1718 5344 1791 5419 ἐφ’

177 5426 250 5478 ὧν
306 5429 337 5486 ἠ
389 5435 489 5479 τῶν
545 5429 814 5503 ἀκροατῶν
868 5431 1136 5494 αἴσθησις,
1191 5429 1244 5493 ἐξ
1282 5430 1483 5483 οἰκείων
1525 5437 1612 5484 καὶ
1667 5432 1796 5493 ἀλη-

183 5518 287 5568 θῶν
351 5513 778 5591 ἐπιδεικνυμένην
827 5518 887 5571 ad
945 5515 1302 5594 προσδέχεται
1380 5524 1474 5578 τὴν
1528 5519 1790 5590 ἀλήθειαν,

181 5604 279 5659 ἀλλ
347 5604 736 5682 ἀποτυφλὼττει
780 5612 908 5687 πρός
958 5613 1052 5670 τὴν
1108 5607 1292 5682 αἴγλην
1347 5608 1529 5677 αὐτῆς,
1589 5615 1678 5665 καὶ
1735 5615 1793 5665 τό

1905 4189 2139 4245 divinus
2171 4190 2387 4244 Paulus
2425 4189 2530 4262 qui
2559 4190 2902 4258 spiritualia
2947 4191 3362 4255 spiritualibus
3409 4189 3566 4260 judi-

1904 4295 2038 4334 care
2057 4281 2354 4350 prmcepit,
2373 4279 2468 4350 qui
2487 4284 2544 4334 et
2565 4278 2891 4334 Mosaicam
2915 4277 3073 4332 illam
3098 4277 3561 4348 philosophiam,

1905 4373 2174 4440 respectu
2189 4368 2523 4423 excellentis
2550 4367 2758 4424 Christi
2787 4367 3114 4439 sapientiaa,
3141 4368 3568 4438 rejeclamenta

1902 4455 2278 4528 opinabatur,
2302 4472 2593 4528 quorsum
2618 4456 2917 4528 (inquam)
2949 4456 3015 4521 is,
3049 4455 3150 4527 qui
3183 4455 3298 4508 ista
3341 4458 3397 4507 et
3422 4452 3570 4508 dixit

1901 4551 1958 4601 et
2005 4545 2228 4612 docuit,
2271 4561 2410 4600 cum
2441 4544 2605 4617 apud
2658 4544 3046 4600 Athenienses
3103 4544 3431 4605 dissereret,
3493 4543 3566 4597 ab

1901 4632 2302 4704 inscriptione,
2336 4649 2470 4704 quin
2538 4631 2709 4688 altari
2764 4632 2928 4704 apud
2979 4632 3142 4704 ipsos
3186 4629 3564 4700 afﬂgebatur,

1900 4727 2324 4792 argumentum
2354 4721 2696 4794 sumpserit.
2730 4721 3045 4789 Indignum
3079 4721 3236 4775 enim
3265 4717 3456 4774 videri
3483 4719 3569 4774 di-

1899 4811 2042 4866 vina
2098 4810 2197 4867 illa
2226 4811 2284 4865 in
2321 4810 2500 4866 Paulo
2553 4808 2940 4881 aspiratione,
3001 4825 3036 4864 a
3091 4807 3307 4864 fabulis
3345 4807 3566 4862 veritati

1899 4915 2209 4955 assensum
2245 4915 2522 4972 quaerere.
2554 4901 2973 4955 Verumtamen
3012 4897 3180 4960 alios.
3213 4897 3315 4969 qui
3339 4895 3413 4952 de
3451 4895 3567 4952 hoc

1899 4989 2280 5054 addubitant,
2308 5005 2427 5044 non
2449 5003 2560 5057 ego
2589 4987 2842 5043 multum
2865 4986 3238 5042 incusavero.
3268 4989 3342 5042 Te
3364 4991 3568 5042 autem

1900 5076 2210 5132 ardentem
2259 5076 2598 5133 dialectices
2655 5081 3007 5140 amatorem,
3043 5091 3180 5130 cum
3230 5091 3262 5131 e
3294 5074 3568 5146 plurimis

1901 5166 2134 5237 scriptis
2169 5172 2224 5220 et
2249 5166 2539 5221 rationum
2573 5165 2890 5221 momentis
2920 5163 3433 5237 dirigerepossim,
3458 5164 3574 5221 im-

1902 5255 2107 5327 primis
2147 5259 2348 5311 tamen
2381 5255 2457 5311 ab
2519 5271 2638 5310 uno
2673 5271 2744 5310 ex
2799 5255 2870 5309 iis
2897 5271 3032 5327 quae
3061 5261 3223 5310 tenes
3268 5255 3415 5327 ipse,
3458 5270 3569 5310 nec

1903 5360 2048 5400 sane
2079 5343 2287 5400 inﬁmo
2345 5343 2795 5416 reprehendam,
2830 5346 2932 5418 qui
2957 5344 3177 5400 oblitus
3207 5345 3338 5416 ejus
3361 5343 3563 5410 fueris,

1903 5450 2041 5490 cum
2060 5438 2116 5489 et
2131 5432 2638 5506 sapientissimum
2657 5433 2870 5490 scitum
2892 5433 3138 5490 fueritet
3162 5432 3564 5489 utilissimum.

1905 5522 2222 5589 Quodnam
2251 5521 2391 5578 illud
2427 5528 2625 5578 autem
2659 5521 2688 5577 ?
2707 5523 2994 5580 Nimirum
3020 5539 3159 5578 cum
3188 5521 3562 5578 audientium

1905 5627 2137 5680 sensus,
2160 5611 2467 5669 veritatem
2485 5627 2608 5670 non
2625 5613 2885 5672 admittit
2901 5613 3364 5670 demonstratam
3386 5625 3417 5666 θ
3437 5611 3561 5668 suis
