4076 6202
531 231 641 286 947

1745 228 1983 286 PHOTII
2019 226 2176 284 PATI

2284 225 2500 285 BCHE
2537 227 2644 286 (ΖΡ.
3771 234 3850 289 948

531 354 812 429 propriis,
845 370 977 428 quae
1007 358 1167 424 sunt,
1194 357 1252 412 et
1275 355 1608 427 conjunctis
1638 371 1775 412 cum
1806 371 1867 411 re
1897 356 2046 428 ipsa,
2083 355 2176 410 sed

2298 356 2527 426 καθαρὸν
2575 360 2666 406 τοῦ
2718 358 2991 425 νοήματος,
3026 352 3110 405 ἐπὶ
3152 355 3337 406 τούτων
3389 353 3443 418 ἂξ
3500 355 3565 407 ὧν
3620 358 3852 429 πεφύκασιν

533 446 612 502 ad
638 446 765 515 ejus
797 444 1173 516 splendorem
1205 450 1260 500 et
1294 446 1599 517 puritatem
1652 443 1980 501 intellectus
2006 460 2190 501 occa:-

534 540 723 600 catur,
757 534 934 589 etiam
968 533 1027 588 in
1057 534 1127 588 iis
1160 534 1237 590 ad
1267 550 1401 607 quae
1428 549 1547 589 non
1580 540 1717 590 sunt
1746 533 2189 606 impossibiliter

531 639 568 680 a
596 629 806 679 natura
837 623 1181 679 constituti:
1241 639 1309 678 ex
1363 623 1431 678 iis
1482 640 1618 695 quae
1670 623 1877 679 haberi
1910 627 2183 695 possunt,

532 714 809 769 convenit
838 728 1015 767 manu
1041 712 1417 784 apprehensa
1446 713 1678 781 ducere,
1710 721 1768 767 et
1805 728 1909 784 per
1947 728 2019 767 ea
2050 728 2188 767 con—

531 802 770 859 stituere
789 802 1111 866 veritatem,
1129 808 1182 857 et
1222 803 1590 873 peripsorum
1619 801 2024 874 cogitationes,
2040 800 2187 857 veri-

530 891 665 948 tatis
692 889 1017 947 claritatem
1041 890 1470 946 subillustrare.

608 996 932 1063 QU/ESTIO
1018 998 1169 1052 ccnv
1254 997 1448 1069 [CoisL

1207 1086 1505 1160 ccxxw].

533 1178 645 1235 Cur
657 1175 974 1249 prophetia
991 1176 1253 1233 obscuris
1283 1176 1638 1247 imaginibus
1667 1177 2011 1233 obumbrata
2020 1175 2182 1246 fuit?

1537 996 1848 1063 CCXXXIII,
1932 998 2111 1053 Taur.

2299 444 2393 496 οῦκ
2458 440 2737 496 ἀδύνατον
2802 446 2856 495 ἐκ
2910 446 3104 495 τούτων
3152 445 3255 496 ὅσα
3308 441 3601 516 ἐνδέχεται,
3664 458 3849 520 προσῆκε

2298 539 2641 607 χειραγωγεῖν
2688 536 2777 583 καὶ
2828 534 3239 595 κατασκευάζειν
3284 533 3463 594 αὐτοῖς
3514 538 3607 591 τὴν
3637 532 3851 598 ἀλήθειαν,

2298 627 2385 673 καὶ
2414 628 2523 681 ταῖς
2555 620 2719 673 αὐτῶν
2766 616 3018 681 διανοίαις
3048 621 3374 692 ὑπαυγάζειν
3421 621 3587 683 αὐτῆς
3622 628 3708 682 τὴν
3747 624 3854 696 λαμ-

2297 715 2552 783 πρότητα.

2868 1001 3178 1049 ΕΡΩΤΗΣΙΣ
3218 996 3327 1053 ΣΔ’.

2297 1107 2391 1157 Διά
2458 1108 2511 1156 τί
2574 1105 2605 1162 ἡ
2681 1106 2970 1178 προφητεία
3037 1110 3144 1163 τοῖς
3209 1111 3300 1164 τῆς
3379 1101 3630 1170 ἀσαφείας
3686 1108 3855 1179 τρόποις

2889 1179 3263 1227 συνεσκίασται
3292 1192 3306 1243 ;

1000 1311 1152 1361 Edita
1185 1324 1217 1360 a
1246 1310 1574 1361 Montacutio
1599 1312 1703 1375 (ep.
1731 1314 1791 1360 63
1816 1312 1882 1361 ad
1912 1312 2067 1362 Joan.
2104 1312 2302 1362 Philos.
2333 1327 2383 1376 p.
2417 1312 2545 1373 115).
2580 1335 2640 1349 -—
2669 1310 2742 1359 De
2768 1310 3092 1359 obscuritate
3118 1310 3435 1375 prOphetiaa.

600 1439 689 1495 Ad
721 1438 1237 1506 interrogationem
1281 1437 1445 1493 illam
1491 1443 1677 1502 tuam,
1719 1454 2009 1509 quorsum
2042 1455 2176 1510 pro-

2368 1439 2645 1508 Πυθομένῳ
2705 1456 2809 1502 σοι,
2866 1440 2917 1488 τί
2975 1432 3173 1494 δήποτε
3224 1438 3254 1493 ἡ
3322 1441 3614 1512 προφητεία
3648 1444 3744 1497 τοῖς
3785 1445 3853 1496 τῆς

526 1526 1308 1601 phetiaobscuritatistropis
1325 1526 1631 1582 obvelatur
1653 1527 1680 1581 ?
1702 1527 1910 1598 paucis
1940 1544 2184 1599 respon-

528 1616 930 1689 deo:eoquod
948 1616 1324 1670 historianon
1368 1616 1807 1687 estprophetia.
1866 1617 2180 1671 Historiam

528 1713 702 1772 certe,
756 1705 804 1759 si
860 1720 996 1777 quae
1049 1704 1164 1759 alia
1202 1704 1405 1768 virtus,
1442 1704 1846 1769 commendat,
1877 1706 2181 1777 perspicue

527 1795 733 1851 omnia
758 1793 1085 1862 enuntiare,
1118 1809 1224 1847 nec
1245 1793 1574 1865 quidquam
1619 1793 1823 1848 afforis
1854 1794 2180 1863 cogitatum

526 1882 921 1940 introducere.
958 1885 1136 1937 Docet
1161 1883 1319 1936 enim
1346 1898 1481 1954 quae
1514 1882 1573 1937 in
1608 1883 1805 1937 medio
1828 1882 2029 1955 populi
2055 1900 2179 1939 ver-

525 1978 752 2038 santur,
777 1988 1028 2044 quaeque
1059 1988 1266 2027 omnes
1283 1988 1355 2027 ex
1381 1988 1575 2044 aequo,
1600 1972 1799 2042 ignavi
1827 1978 1883 2028 et
1912 1974 2175 2045 impigri,

525 2061 629 2134 qui
660 2060 719 2116 in
755 2077 950 2116 rerum
983 2066 1191 2116 natura
1214 2066 1542 2128 versantur,
1577 2061 1930 2131 intelligunt,
1962 2078 2072 2117 nec
2099 2063 2177 2118 ab

525 2166 732 2206 eorum
773 2150 1068 2205 intellectu
1124 2166 1285 2205 nunc
1327 2149 1510 2222 aliqui
1544 2150 1990 2205 submoventur.
2046 2152 2177 2208 Ριεοα

522 2241 723 2312 phetia
746 2245 964 2303 autem,
990 2245 1099 2303 est,
1148 2241 1319 2309 cujus
1353 2257 1506 2312 opus
1538 2257 1721 2312 quam
1745 2242 2177 2296 convenientis-

524 2329 676 2384 sime
728 2329 1048 2402 peragitur,
1081 2328 1344 2399 indignis
1373 2330 1695 2385 revelando
1734 2347 1869 2401 quae
1904 2338 2042 2386 sunt
2073 2331 2176 2386 ob-

525 2434 722 2484 scura,
754 2418 1020 2489 profanis
1050 2424 1247 2473 autem
1308 2418 1598 2489 impervia
1632 2425 1909 2491 praestare
1940 2420 2174 2488 eadem,

521 2507 809 2579 quocirca
838 2506 1225 2560 adumbratas
1251 2522 1364 2569 res,
1394 2512 1448 2561 et
1476 2508 1849 2577 aanigmatice
1872 2524 1977 2579 per
2007 2509 2177 2563 invo-

522 2593 691 2649 lucra
720 2594 1018 2664 proponit.
1056 2592 1196 2648 Hinc
1224 2593 1367 2647 mihi
1392 2594 1623 2650 videtur
1647 2602 1758 2650 tuae
1785 2595 1985 2651 dubiae
2015 2613 2176 2668 quee-

524 2682 700 2737 stioni
758 2679 1145 2745 satisfactum,
1175 2682 1479 2748 nimirum,
1513 2684 1568 2738 Si
1622 2683 2004 2756 intelligenda
2054 2702 2173 2741 non

524 2774 713 2839 erant,
744 2770 911 2825 haud
943 2768 1175 2826 fuerant
1206 2788 1474 2827 sermone
1505 2773 1869 2827 enuntianda
1897 2790 1909 2828 :
1940 2774 2030 2828 sin
2067 2774 2175 2829 ad-

520 2859 799 2915 discenda
816 2864 1004 2925 erant,
1027 2876 1147 2915 non
1164 2861 1423 2932 oportuit
1450 2862 1827 2933 prophetiam
1859 2864 2171 2918 obscuram

521 2964 670 3011 esse,
692 2954 979 3020 autmque
1011 2965 1140 3004 esse
1168 2966 1237 3005 ac
1260 2950 1309 3004 si
1338 2949 1497 3005 edita
1519 2966 1638 3005 non
1667 2950 1898 3008 fuisset.
1942 2954 2085 3007 Nam
2104 2969 2174 3007 ex

521 3043 657 3094 ante
700 3037 872 3092 dictis
934 3043 1224 3093 statutum
1288 3047 1394 3102 est,
1459 3041 1818 3095 conveniens
1884 3040 2061 3096 fuisse
2114 3048 2177 3097 ut

519 3127 863 3191 disceretur,
886 3133 941 3184 et
962 3128 1360 3183 necessarium
1386 3133 1447 3184 ut
1466 3129 1721 3201 profano
1745 3135 1847 3186 aut
1876 3131 2173 3186 communi

2296 1526 2543 1599 ἀσαφείας
2601 1530 2807 1598 τρόποις
2854 1530 3251 1589 συνεσκίασται,
3303 1523 3398 1578 διὰ
3454 1525 3691 1599 βραχέων
3736 1524 3850 1598 ἀμείη

2295 1616 2468 1688 ϐομαιο
2513 1620 2655 1668 Διὸτι
2711 1615 2804 1666 οὐκ
2862 1617 3002 1666 ἔστιν
3060 1616 3266 1689 ἱστορία
3304 1617 3334 1673 ἡ
3371 1621 3673 1688 προφητεία.
3726 1615 3850 1667 Ἰστοσ

2292 1712 2409 1779 ρίας
2461 1708 2548 1777 μὲν
2592 1706 2711 1778 γὰρ,
2772 1706 2910 1778 εἴπερ
2972 1724 3022 1756 τι
3074 1703 3215 1772 ἄλλο,
3261 1702 3440 1777 ἀρετὴ,
3497 1713 3666 1777 σαφῶς
3711 1724 3755 1756 τε
3800 1704 3849 1756 εἰς

2290 1804 2422 1861 πεῖν,
2473 1799 2562 1846 καὶ
2615 1790 2781 1865 μηδὲν
2831 1796 3246 1865 περινενοημένον
3334 1792 3727 1865 ἐξεργάσασθαι.
3785 1792 3847 1846 Τὰ

2288 1887 2388 1959 γὰρ
2436 1882 2483 1935 ἐν
2531 1891 2603 1953 τῷ
2655 1886 2795 1954 μέσῳ
2826 1886 3139 1953 γεγενημένα
3184 1878 3457 1949 διδάσκει,
3492 1886 3579 1933 καὶ
3624 1881 3845 1942 ἆπαντεςδ

2288 1976 2476 2045 ὁμοίως
2506 1977 2594 2024 καὶ
2627 1967 2909 2023 σπουδαῖοι
2952 1974 3037 2021 καὶ
3068 1969 3252 2041 φαῦλοι
3282 1972 3399 2023 κατ’
3432 1971 3589 2023 ἐκεῖνο
3616 1975 3801 2043 καιροὺς
3823 1972 3845 2013 b

2287 2064 2590 2127 ἠπίσταντο,
2635 2066 2725 2112 καὶ
2771 2068 2858 2112 νῦν
2912 2056 3105 2112 εἰδέναι
3147 2060 3241 2111 οῦκ
3290 2059 3644 2132 ἀπείργονται·
3686 2079 3843 2131 προςη-

2287 2156 2397 2204 τεία
2450 2149 2527 2217 δὲ,
2572 2152 2631 2211 ἧς
2678 2153 2821 2221 ἔργον
2870 2157 2980 2211 τοῖς
3010 2148 3176 2212 ἀξίοις
3225 2148 3607 2203 ἀποκαλύπτειν
3637 2153 3696 2201 τὰ
3738 2147 3843 2205 ἅδεα

2285 2241 2368 2305 λα,
2403 2247 2510 2302 τοῖς
2578 2236 2635 2291 δὲ
2686 2237 2927 2311 βεϐήλοις
2971 2238 3142 2291 ἄϐατα
3185 2246 3368 2301 ποιεῖν,
3416 2242 3473 2290 τὸ
3516 2242 3843 2309 συνεσκιασμέ-

2286 2350 2366 2382 νον
2410 2334 2499 2380 καὶ
2545 2323 2949 2399 αἰνιγματῶδες,
3009 2332 3098 2379 καὶ
3147 2331 3204 2379 τὸ
3260 2325 3352 2379 διὰ
3401 2329 3840 2401 παραπετασμάτων

2288 2414 2739 2493 πρεπωδέστατον·
2784 2416 2836 2480 ἒξ
2887 2417 2973 2481 ὧν,
3022 2413 3188 2487 οἶμαι,
3242 2416 3491 2469 λελῦσθαί
3549 2436 3638 2468 σου
3689 2419 3839 2467 καὶτὸ

2286 2510 2499 2581 ἄπορον,
2550 2510 2618 2567 ὡς
2662 2506 2721 2558 Εἰ
2771 2510 2843 2578 μή
2890 2502 2997 2558 ἔδει
3029 2507 3231 2577 μαθεῖν,
3286 2502 3403 2557 οὐδ’
3452 2506 3577 2568 ὅλως
3616 2504 3759 2579 ἐχρῆν
3791 2504 3840 2556 εἰ·

2288 2604 2413 2649 πεῖν·
2467 2596 2511 2648 εἰ
2560 2592 2607 2647 δ’
2660 2594 2836 2667 ἐκρίθη
2896 2596 3096 2667 μαθεῖν,
3148 2594 3238 2646 οὐκ
3294 2593 3513 2667 ἀσαφῶς
3579 2598 3705 2665 ἔχειν
3768 2598 3838 2649 τὴν

2283 2689 2621 2759 προφητείαν,
2668 2689 2757 2735 καὶ
2787 2682 2969 2744 ἐνίσως
3004 2694 3030 2727 ο
3062 2680 3281 2755 σχεδὸν,
3314 2692 3406 2735 τοῦ
3435 2681 3573 2756 μηδὲ
3618 2684 3836 2747 εὶρσῆθαι,

2284 2774 2469 2847 ἐρχῆν.
2520 2776 2742 2845 Διῃτήθη
2788 2775 2887 2845 γὰρ
2937 2771 2989 2823 ἐκ
3027 2780 3124 2824 τῶν
3172 2772 3474 2845 εἰρημένων,
3525 2775 3601 2824 ὅτι
3644 2777 3722 2823 καὶ
3764 2790 3838 2842 μαο

2215 2848 2253 2901 C
2286 2865 2387 2915 θεῖν
2453 2871 2717 2937 προσῆκον
2773 2862 2855 2926 ἧν,
2906 2867 2996 2913 καὶ
3049 2860 3327 2932 ἀναγκαῖον
3374 2867 3452 2933 μὴ
3511 2859 3722 2934 βεϐήλως
3770 2864 3836 2910 καὶ

2284 2960 2466 3013 κοινῶς
2513 2950 2689 3002 εἰπεῖν’
2740 2948 2869 3001 ἀλλά
2919 2957 3027 3010 τοῖς
3080 2954 3169 3021 μὲν
3216 2953 3449 3021 μύσταις
3502 2951 3724 3023 εἰρῆσθαι
3768 2967 3836 2999 σα-

2286 3048 2373 3112 φῆ,
2436 3037 2611 3092 ἄδυτα
2662 3036 2722 3092 δὲ
2775 3046 2887 3100 τοῖς
2928 3037 3183 3109 ἀμυήτοις
3226 3036 3633 3114 διατηρηθῆναι,
3669 3043 3745 3089 καὶ
3766 3036 3835 3089 οὐκ

2286 3129 2485 3202 ἐφικτά.

520 3232 684 3272 more
711 3231 830 3272 non
864 3218 1270 3273 enuntiaretur
1298 3234 1311 3272 :
1345 3218 1448 3273 sed
1478 3220 1685 3290 mystis
1705 3220 1861 3275 clare
1891 3224 1955 3275 ut
1986 3219 2213 3286 edatur,
2253 3219 2487 3275 occulta
2519 3221 2719 3274 autem
2750 3221 2807 3273 et
2838 3217 3082 3273 minime
3108 3218 3311 3290 pervia
3341 3218 3613 3274 nondum
3641 3212 3837 3273 initiatis

520 3310 920 3360 conservetur.

522 3393 839 3458 QUIES'I‘IO
887 3395 1016 3449 ccv
1049 3393 1253 3467 [CoisL
1303 3397 1613 3461 ccxxxrv,
1663 3398 1846 3454 Taur.
1902 3398 2167 3471 CCXXV].

520 3482 608 3537 De
619 3481 1101 3552 efﬁgurationeel
1116 3484 1797 3555 charactereimaginum
1812 3493 2166 3543 sanctarum.

2849 3401 3164 3449 ΕΡΩΤΗΣΙΣ
3201 3395 3312 3449 ΣΕ’.

2281 3492 2405 3562 Περὶ
2485 3484 2894 3559 διαμορφώσεως
2968 3489 3071 3569 καὶ,
3131 3493 3478 3561 χαρακτῆρος
3549 3493 3641 3538 τῶν
3710 3482 3833 3555 ἁγίων

2972 3576 3195 3610 ιικονων.

645 3684 798 3735 Edita
822 3697 855 3735 a
888 3685 1214 3736 Montacutio
1250 3689 1351 3751 (ep.
1382 3688 1443 3737 64
1472 3688 1540 3737 ad
1570 3688 1773 3743 Theod.
1812 3690 2026 3754 hegum.
2066 3706 2116 3755 p.
2150 3692 2278 3753 115).
2312 3719 2365 3728 -
2398 3691 2470 3741 De
2501 3690 2673 3741 forma
2704 3695 2755 3740 et
2779 3690 3082 3741 charactere
3114 3695 3420 3741 sanctarum
3444 3692 3736 3755 imaginum.

595 3800 977 3858 Sciscitantur
1003 3803 1247 3875 (inquis)
1268 3805 1371 3877 qui
1414 3810 1564 3861 inter
1610 3805 2043 3863 Iconomachos
2070 3824 2167 3863 au-

520 3890 794 3946 daciores
824 3895 963 3947 sunt
991 3898 1049 3947 et
1080 3893 1451 3963 maleferiati,
1494 3895 1717 3967 quique
1771 3896 2174 3952 curiositatem

521 3980 877 4050 sapientiam
908 3980 1268 4038 arbitrantur
1297 3999 1448 4049 esse,
1469 4000 1751 4056 quaenam
1785 3985 1861 4040 sit
1892 4002 2177 4051 germana

522 4068 735 4126 Christi
760 4067 1005 4139 efﬁgies,
1026 4076 1223 4126 utrum
1248 4071 1349 4127 illa
1371 4089 1553 4144 quam
1580 4073 1880 4129 delineant
1903 4076 2171 4139 Romani,

521 4173 600 4214 an
630 4173 814 4231 quam
845 4158 990 4225 Indi,
1025 4176 1100 4215 an
1128 4176 1314 4232 quam
1366 4161 1568 4225 Graeci,
1599 4178 1672 4216 an
1715 4179 1899 4233 quam
1926 4164 2174 4235 ngyptii

518 4252 960 4318 repraesentant,
995 4264 1132 4303 cum
1164 4251 1316 4305 inter
1344 4267 1404 4305 se
1450 4251 1838 4307 similitudine
1882 4268 2003 4307 non
2034 4268 2176 4308 con-

519 4335 791 4392 sentiant.
815 4338 1250 4410 Quamcunque
1272 4340 1521 4394 istarum
1540 4341 1865 4408 genuinam
1889 4358 2019 4396 esse
2037 4342 2175 4414 quis

520 4424 753 4489 dixerit.
779 4428 1027 4481 omnino
1056 4426 1149 4482 ille
1190 4428 1469 4499 reprobat
1498 4445 1706 4484 omnes
1747 4430 2028 4502 reliquas.
2061 4432 2173 4487 Sed

518 4515 676 4570 hanc
704 4514 971 4587 ipsorum
998 4516 1417 4587 objectionem,
1451 4524 1549 4573 aut
1588 4518 1950 4575 malitiosam
1978 4520 2175 4591 potius

520 4604 1023 4661 machinationem
1043 4606 1100 4677 (ο
1125 4612 1178 4661 tu
1210 4607 1496 4677 prmclara
1513 4607 2097 4678 orthodoximimago
2120 4615 2177 4665 et

518 4694 984 4765 repraesentatio)
1016 4695 1212 4750 multis
1240 4696 1433 4750 modis
1459 4696 1711 4767 colapho
1742 4696 1960 4752 inﬂicto
1990 4698 2173 4768 repel-

518 4782 636 4838 lere
666 4798 1011 4854 possumus,
1045 4784 1422 4857 etmultiplici
1454 4784 1727 4841 refertam
1760 4802 1899 4841 cum
1932 4786 2176 4843 stultitia

521 4876 647 4925 tum
670 4871 971 4943 impietate
993 4873 1366 4928 convincere.
1395 4874 1765 4944 Etimprimis
1788 4876 1865 4929 ad
1906 4891 2010 4930 eos
2059 4875 2174 4931 hoc

522 4958 846 5014 dicendum
889 4967 1010 5019 est:
1050 4964 1129 5017 Ex
1159 4962 1258 5017 illo
1288 4964 1423 5034 ipso
1455 4964 1609 5018 unde
1659 4964 1882 5019 bellum
1914 4964 2173 5020 indicere

523 5048 859 5118 imaginum
910 5050 1264 5106 confectioni
1324 5052 1739 5124 proposuistis,
1796 5052 1963 5109 inviti
2015 5053 2170 5119 licet,

522 5142 717 5193 tamen
747 5137 1011 5194 fatemini
1031 5156 1136 5210 per
1155 5140 1501 5196 universum
1522 5146 1749 5208 orbem,
1779 5142 1874 5197 ubi
1896 5142 2172 5199 Christia-

521 5225 755 5282 nismus
786 5227 1030 5291 exsistit,
1057 5228 1392 5297 imaginum
1426 5229 1828 5287 exsistentiam
1862 5237 1918 5286 et
1946 5229 2171 5287 cultum

2359 3812 2743 3882 Προτείνουσιν,
2788 3809 2931 3880 ἔφης,
2972 3816 3071 3860 τῶν
3112 3807 3485 3879 Εἰκονομάχων
3528 3809 3637 3861 ὅσοι
3676 3804 3832 3877 θρασύ-

2284 3916 2422 3972 τεροι
2464 3901 2551 3948 καὶ
2597 3895 2941 3967 κακόσχολοι,
2984 3901 3073 3949 καὶ
3108 3900 3264 3969 σοφὸν
3314 3899 3565 3967 ἡγοῦνται
3597 3900 3647 3947 τὸ
3671 3898 3831 3965 περίερ-

2282 4007 2396 4058 γον,
2441 3990 2566 4038 ποία
2616 3994 2713 4037 τῶν
2769 3986 2971 4037 εἰκόνων
3018 3992 3248 4058 Χριστοῦ
3298 3984 3519 4054 ἀληθὴς,
3580 3990 3762 4055 πότερον
3807 3980 3829 4033 ἠ

2284 4078 2425 4150 παρά
2479 4074 2767 4145 Ῥωμαίοις,
2826 4074 2856 4132 ἢ
2925 4074 3082 4147 ἢνπερ
3158 4071 3317 4127 Ἰνδοὶ
3394 4077 3692 4147 γράφουσιν,
3738 4069 3827 4127 ὃή

2282 4164 2403 4237 παρ’
2451 4162 2719 4227 Ἕλλησιν,
2755 4163 2783 4221 ἦ
2818 4164 2847 4220 ἠ
2891 4163 3013 4235 παρ’
3064 4162 3386 4233 Αἰγυπτίοις,
3436 4162 3541 4234 οὐχ
3590 4163 3744 4232 ὅμοιαι
3769 4155 3832 4206 ἀλ·

2280 4252 2459 4314 λήλαις
2486 4252 2662 4317 αὐταὶ,
2716 4256 2802 4303 καὶ
2833 4253 3010 4303 ὁποίαν
3054 4252 3115 4303 ἄν
3154 4270 3229 4311 τις
3273 4252 3442 4304 αὐτῶν
3486 4251 3641 4309 ἀληθῆ
3669 4252 3829 4321 φήσειε,

2284 4338 2524 4399 δηλονότι
2598 4343 2994 4414 παραγράφεται
3043 4339 3137 4402 τὰς
3211 4340 3413 4401 λοιπάς·
3496 4340 3617 4392 ἀλλὰ
3677 4339 3831 4389 ταύτην

2283 4432 2448 4483 αὐτῶν
2529 4435 2621 4489 τὴν
2674 4435 2915 4502 ἀπορίαν,
2966 4429 3154 4502 μᾶλλον
3206 4425 3263 4482 δε
3333 4435 3426 4488 τὴν
3480 4429 3831 4501 κακομηχανίαν

2284 4522 2345 4593 (ὦ
2391 4520 2546 4571 καλὸν
2621 4515 2926 4594 ὀρθοδοξίας
2988 4518 3199 4590 ἄγαλμα
3262 4520 3354 4589 σὺ)
3413 4519 3679 4589 πολλαχῶς
3721 4518 3832 4567 ἔστιν

2282 4608 2646 4683 ἐπιρραπίσαι,
2701 4612 2791 4659 καὶ
2856 4606 3049 4668 πολλῆς
3101 4612 3364 4679 γέμουσαν
3438 4611 3709 4681 παρανοίας
3762 4604 3831 4651 καὶ

2284 4694 2598 4759 δυσσεϐείας
2647 4696 2941 4768 ἀπελίγξαι·
3001 4701 3099 4749 Καὶ
3137 4706 3336 4769 πρῶτον
3383 4700 3526 4749 ἔστιν
3563 4696 3705 4748 εἰπεῖν
3730 4692 3830 4763 πρὸς

2282 4788 2489 4850 αὐτοὺς,
2543 4789 2623 4838 ὅτι
2668 4790 2821 4851 Τέως,
2879 4784 2931 4847 ἐξ
2957 4786 3024 4835 ὧν
3068 4787 3251 4855 ἔγνωτε
3294 4794 3355 4858 τῇ
3414 4787 3719 4858 εἰκονουργίᾳ
3757 4780 3832 4851 μά·

2282 4878 2498 4949 χεσθαι,
2530 4880 2618 4926 καὶ
2647 4876 2851 4934 ἄκοντες
2882 4875 3041 4935 αὐτῆς
3086 4882 3362 4946 πανταχοῦ
3413 4884 3503 4937 τῆς
3549 4873 3828 4942 οἰκουμένης,

2282 4965 2401 5016 ἔνθα
2450 4968 2506 5017 τὸ
2556 4972 2883 5038 Χριστιανῶν
2941 4968 3081 5035 γένος
3131 4969 3222 5022 τὴν
3283 4964 3504 5039 ὕπαρξιν
3557 4968 3641 5015 καὶ
3689 4974 3829 5032 προσ-

2280 5056 2497 5111 κύνησιν
2578 5052 2994 5127 ἐμαρτυρήσατεσ
3068 5054 3201 5105 ὥστε
3261 5054 3287 5104 ὃ
3348 5055 3606 5127 καθαιρεῖν
3666 5048 3827 5118 ἐπιχει·

2279 5149 2453 5214 ροῦσι,
2512 5142 2701 5213 μᾶλλον
2751 5149 3059 5207 συνεστῶσι,
3117 5145 3201 5193 καὶ
3278 5149 3387 5203 τοῖς
3438 5142 3639 5200 οἰκείοις
3690 5136 3831 5205 λογοις

2281 5230 2609 5286 ἁλίσκονται.
2677 5232 2913 5305 Δεύτερον
2961 5230 3039 5282 ὅτι
3087 5229 3363 5289 λελήθασιν
3403 5230 3625 5297 ἑαυτοὺς,
3671 5222 3734 5279 δι’
3778 5221 3829 5270 ὧν

1861 5367 2092 5422 VARI/E
2132 5366 2535 5423 LECTIONES.

595 5508 622 5539 ι
676 5497 711 5549 ἃ
736 5498 917 5561 πάντες
949 5495 1173 5553 Ηοεεοὶι.
1250 5495 1280 5539 δ
1325 5505 1416 5551 τοῦ
1436 5505 1621 5576 καιροῦ
1648 5498 1878 5555 ΗωδοΙι.
1956 5511 1982 5540 ο
2035 5500 2092 5552 ῖσ
2115 5498 2164 5553 ἓν
2194 5501 2325 5561 ἴσως
2350 5497 2581 5554 Ηωεοὶῖι.
