4076 6202
197 291 306 348 949

1165 287 1261 342 AD
1296 278 1852 342 AMPHILOCHIUM
1892 278 2218 346 QUIESTIO
2258 281 2602 340 CCIV-CCV.

3468 284 3578 342 950

197 425 367 472 ταῦτα
401 415 665 486 λέγουσιν,
708 412 780 476 εἰς
823 417 919 473 τὴν
967 421 1066 466 τῶν
1115 412 1364 472 Ἑλλήνων
1403 412 1549 475 τάξιν
1596 411 1805 468 ἑαυτοὺς

1918 405 2146 464 haberi.
2170 409 2257 466 Ita
2279 410 2343 465 in
2369 425 2439 466 eo
2459 407 2624 482 quod
2646 407 2846 465 tollere
2865 406 3198 477 voluerunt,
3228 410 3416 482 magis
3438 426 3579 466 con-

199 507 556 566 ἐντάττοντες·
591 503 668 556 ἐπ’
710 506 835 566 ἴσης
876 505 978 577 γάρ
1012 502 1125 556 ἔστι
1175 504 1241 555 τὰ
1283 503 1525 576 εἰρημένα
1553 504 1671 573 περὶ
1705 506 1806 551 τῶν

202 604 402 650 σεπτῶν
446 593 652 647 εἰκόνων
685 592 842 646 εἰπεῖν
871 597 961 644 καὶ
1007 597 1125 667 περὶ
1163 600 1263 645 τῶν
1311 592 1472 644 ἄλλων
1502 591 1806 663 μυστηρίων

200 687 370 758 ἡμῶν.
428 687 616 743 Ποίους
652 684 755 756 γὰρ
809 682 995 753 λόγους
1052 681 1364 754 Εύαγγελίου
1415 682 1806 745 θεοπνεύστους,

201 778 388 828 εἴποιεν
445 771 528 830 ἂν.
580 772 610 831 ᾖ
697 770 824 834 ὅλως
896 771 1207 842 Εύαγγελιον
1277 777 1422 824 ποῖον
1491 769 1806 842 ὁνομάζετες

201 863 376 926 ἄλλοις
411 865 513 935 γὰρ
558 865 811 934 σχήμασι
859 867 948 914 καὶ
996 862 1176 922 τύποις
1224 861 1543 935 γραμμάτων
1589 862 1648 910 τὸ
1685 857 1808 911 Ῥω-

203 955 412 1027 μαῖκὸν,
463 950 636 1013 ἄλλοις
686 947 746 1003 δε
795 953 856 1002 τὸ
892 946 1088 1016 Ἰνδῶν,
1140 954 1229 1002 καὶ
1270 949 1456 1022 ἑτέροις
1502 951 1560 1002 τό
1605 946 1806 1022 Ἐϐραῖ-

201 1045 310 1106 κόν,
352 1045 455 1094 -καὶ
501 1039 670 1101 ἄλλοις
722 1041 782 1091 τὸ
831 1039 1092 1092 Αἰθιόπων
1146 1039 1542 1112 ἁπαρτίξονται.
1597 1041 1698 1090 Καὶ
1748 1039 1808 1088 ού

206 1134 360 1203 μόνον
423 1132 601 1190 τύποις
655 1131 996 1202 γραμμάτων,
1053 1133 1144 1180 καὶ
1213 1131 1490 1200 σχήμασιν
1547 1125 1810 1198 ἀνομοίοις

207 1221 514 1295 γράφονται,
566 1217 694 1270 ἁλλά
741 1222 832 1270 καὶ
889 1216 1167 1290 ἀπηχήσει
1218 1222 1309 1270 καὶ
1359 1220 1602 1288 σημασίᾳ
1640 1223 1808 1287 φωνῆς

206 1303 484 1380 ἱτεροειδεῖ
541 1325 596 1359 τε
672 1311 763 1359 καὶ
835 1305 1217 1379 ἁλλοτριωτάτη
1284 1309 1622 1379 προφέρονται
1647 1324 1659 1337 ·
1715 1302 1810 1354 ούκ

205 1393 292 1449 οὖν
341 1402 484 1468 φαῖεν
532 1394 612 1460 ἂν,
659 1394 864 1449 Μᾶλλον
915 1391 974 1448 δὲ
1026 1391 1121 1448 διὰ
1153 1400 1205 1448 τί
1255 1399 1326 1467 μὴ
1376 1394 1569 1465 λέγοιτε
1612 1396 1680 1455 ὡς
1725 1391 1810 1444 ού-

204 1481 315 1538 δενὶ
357 1489 614 1559 προσήκει
656 1486 932 1537 πείθεσθαι
978 1484 1008 1543 ἣ
1050 1486 1443 1558 προσέρχεσθαι
1491 1482 1806 1554 Εύαγγελίῳ,

202 1577 285 1628 ὁτι
330 1573 595 1646 ἀνομοίοις
643 1579 735 1626 καὶ
781 1576 1074 1646 σχημάτων
1119 1576 1304 1634 τύποις
1357 1577 1447 1624 καὶ
1495 1580 1670 1644 φωνῶν
1715 1569 1810 1623 ἁπ-

201 1668 444 1736 ηχήσεσί
489 1683 546 1716 τε
593 1668 684 1716 καὶ
733 1668 1020 1735 σημασίαις
1050 1661 1498 1734 ἀπαγγέλλοντας
1531 1668 1642 1714 Τῶν
1690 1662 1810 1732 ὑμε-

1914 493 2159 553 ﬁrmant
2185 498 2499 570 imagines,
2531 503 2588 554 et
2613 497 2866 569 propriis
2889 496 3091 552 irretiti
3117 502 3390 554 tenentur
3405 499 3582 556 ratio.

1917 586 2104 642 ciniis.
2163 589 2456 656 Secundo,
2504 589 2826 644 dicendum
2871 586 3037 659 quod
3095 587 3241 642 dum
3285 589 3400 646 ista
3446 605 3580 662 pro-

1915 673 2133 743 ferunt,
2163 678 2326 734 inviti
2360 679 2496 734 sein
2523 677 2792 733 ordinem
2812 692 3191 748 paganorum
3227 677 3576 735 inscribunt.

1919 767 1997 821 Ex
2027 781 2204 838 aequo
2261 767 2422 823 enim
2474 767 2608 823 licet
2655 782 2720 822 ea
2773 781 2910 838 quae
2961 771 3169 821 contra
3205 768 3580 824 venerandas

1919 853 2212 925 imagines
2241 855 2590 923 afferuntur,
2621 860 2678 912 et
2707 859 2918 912 contra
2953 854 3187 928 reliqua
3223 861 3428 912 nostra
3451 873 3580 930 my-

1918 944 2095 1000 steria
2121 961 2351 1016 urgere.
2382 948 2553 1010 Nam,
2587 961 2814 1018 quaeso,
2847 959 3001 1015 quas
3040 944 3125 1000 illi
3160 949 3358 1016 partes
3388 948 3578 1002 Evan-

1918 1032 2054 1102 gelii
2091 1034 2376 1090 divinitus
2406 1035 2724 1106 inspiratas
2758 1033 2966 1089 dicturi
2997 1039 3134 1089 sunt
3177 1035 3206 1091 ?
3236 1039 3340 1090 aut
3375 1035 3576 1106 potius

1918 1122 2233 1194 quodnam
2273 1123 2656 1194 Evangelium
2709 1124 2953 1179 nomine
2983 1122 3310 1194 suscipient
3343 1123 3370 1178 Ἰ
3411 1126 3576 1180 Certe

1917 1212 2168 1269 diversis
2189 1214 2395 1270 formis
2417 1213 2686 1283 etﬁguris
2711 1212 3060 1273 litterarum.
3097 1212 3366 1268 Latinum
3392 1216 3580 1269 Evan-

1919 1303 2161 1372 gelium,
2191 1303 2320 1359 aliis
2352 1303 2659 1366 Indorum,
2693 1301 3171 1374 discrepantibus
3197 1301 3574 1368 Hebraicum,

1919 1397 1975 1450 et
2005 1394 2203 1450 adhuc
2223 1393 2353 1448 aliis
2373 1392 2766 1463 Ethiopicum
2791 1397 3087 1446 exaratur.
3121 1393 3320 1462 Neque
3345 1395 3572 1448 tantum

1917 1486 2243 1541 litterarum
2285 1481 2702 1537 diversimodis
2741 1479 2947 1550 ﬁguris
2980 1483 3040 1534 et
3067 1479 3574 1536 delineationibus

1919 1573 2339 1630 describuntur
2363 1571 2496 1636 ista,
2522 1570 2623 1624 sed
2647 1569 2892 1640 insuper
2923 1569 3086 1624 sonis
3116 1574 3171 1624 et
3195 1569 3574 1638 signiﬁcatio-

1920 1663 2100 1719 nibus
2115 1661 2273 1716 vocis
2289 1658 2462 1714 valde
2484 1658 2982 1728 discrepantibus,
3009 1664 3064 1713 et
3094 1675 3128 1713 a
3143 1674 3204 1713 se
3232 1659 3576 1716 dissentiens

198 1757 360 1828 τέρων
415 1755 517 1826 γὰρ
595 1750 968 1824 ἐνθυμημάτων
1026 1757 1116 1804 καὶ
1186 1759 1336 1804 τοῦτο
1403 1754 1461 1803 τό
1534 1750 1768 1822 τόλμημα
1793 1770 1805 1782 ·

1922 1752 2078 1808 tibus
2117 1749 2520 1806 enuntiantur.
2549 1745 2836 1814 Quocirca
2866 1761 2985 1801 non
3017 1745 3277 1802 absurde
3315 1747 3524 1803 dixero
3559 1763 3572 1802 :

201 1839 328 1896 οὐδε
355 1844 458 1917 γὰρ
508 1838 623 1894 οὐδ’
651 1840 834 1900 Ἕλλην
879 1861 954 1903 τις
997 1843 1122 1914 ἡμῖν
1151 1842 1277 1916 ῥᾷον
1310 1845 1376 1894 τὰ
1426 1848 1644 1894 τοιαῦτα
1685 1859 1812 1914 προ-

198 1935 424 1986 τείνειεν.
477 1930 647 1984 Πολλὰ
692 1934 794 2004 γὰρ
841 1935 928 1983 καί
975 1931 1098 2002 παρ’
1148 1931 1326 1992 αύτοίς
1367 1937 1466 1982 τῶν
1513 1928 1810 2001 σεϐασμίων

211 2021 579 2096 παραπλήσια.
639 2025 740 2074 Καὶ
791 2022 963 2095 ὥσπερ
1023 2019 1162 2072 ἔστὶν
1226 2019 1399 2080 αὐτοῖς
1454 2021 1610 2091 φύσις
1663 2022 1808 2075 κοινὴ

208 2114 338 2185 πρὸς
397 2112 553 2182 ἡμᾶς,
605 2114 692 2162 καί
749 2116 883 2174 νοῦς,
941 2114 1030 2162 καὶ
1085 2108 1252 2180 λόγος,
1307 2113 1397 2161 καὶ
1447 2107 1630 2179 ψυχῆς
1681 2111 1814 2180 πρὸς

211 2206 369 2272 σῶμα
412 2202 706 2272 σύγκρασις
749 2199 1089 2272 ὁμοιότροπος
1134 2203 1225 2250 καὶ
1266 2202 1433 2272 μυρία
1480 2196 1646 2248 ἄλλαο
1680 2196 1812 2248 οὕτω

206 2293 302 2340 καὶ
344 2293 461 2363 περὶ
502 2293 597 2346 τὴν
643 2295 735 2340 τοῦ
769 2292 922 2341 Θείου
953 2289 1216 2352 ὑπόνοιαν,
1249 2286 1344 2339 κᾶν
1393 2293 1496 2347 τοῖς
1547 2285 1810 2348 πλείστοις

205 2383 298 2429 καί
345 2379 681 2451 κυριωτάτοις
731 2373 1030 2429 διίστανται
1055 2398 1067 2410 ο
1104 2375 1208 2428 ἀλλ’
1241 2373 1328 2428 οὖν
1376 2379 1518 2428 ἔστιν
1557 2377 1694 2447 ὅμως
1734 2375 1810 2437 οἷς

207 2463 308 2520 διὰ
362 2471 456 2524 τὴν
509 2464 774 2537 ἐνάργειαν
831 2472 932 2517 τῶν
988 2474 1171 2518 κοινῶν
1220 2464 1442 2531 ἐννοιῶν,
1496 2461 1612 2516 οὐδ’
1661 2464 1810 2516 αὐτοὶ

204 2554 440 2626 τολμῶσι
504 2550 892 2626 διαμάχεσθαι.
961 2554 1162 2606 Οὐκοῦν
1231 2550 1344 2606 οὐδ’
1397 2553 1580 2611 Ἕλλην
1638 2551 1804 2625 ἀμφιο

207 2643 520 2702 σϐητήσιιεν
572 2645 696 2714 ἡμῖν
753 2647 871 2713 περὶ
925 2645 1132 2712 ⁴ιούτου,
1185 2641 1312 2695 ἀλλά
1367 2661 1444 2702 τις
1479 2641 1627 2702 ἄλλος
1683 2641 1811 2704 ὅλως

205 2735 358 2793 ἄθεος
411 2736 502 2784 καὶ
572 2731 946 2806 ἁθρὴσκευτος,
1006 2737 1137 2804 μήτε
1206 2734 1343 2784 θείου
1409 2733 1621 2796 ἔννοιαν,
1679 2737 1810 2804 μήτε

202 2822 448 2896 λατρείαν
498 2820 620 2881 ὁλως
687 2817 1130 2893 παραδεξάμενος.
1183 2825 1368 2895 Τρίτον
1441 2817 1518 2884 δὲ,
1579 2824 1666 2871 καὶ
1719 2826 1808 2870 τοῦ

207 2906 458 2983 δευτέρου
536 2911 848 2980 σύστοιχον,
901 2916 1048 2960 ποῖον
1123 2911 1348 2983 σταυρόν
1418 2909 1810 2981 προσερήσεσθε

204 3001 417 3060 πάντως
457 3005 549 3050 τοῦ
595 3000 933 3072 πρωτοτύπου
990 3004 1262 3069 νομιοῦμεν
1316 2999 1509 3069 ὅμοιον,
1565 2997 1622 3058 ὃς
1681 2998 1810 3068 μετά

1919 1843 2032 1898 Cur
2059 1854 2179 1895 non
2209 1837 2541 1907 affirmatis,
2574 1835 2741 1908 quod
2767 1835 3002 1890 nullum
3033 1835 3342 1890 admittere
3384 1838 3576 1891 Evan-

1921 1930 2164 2001 gelium,
2183 1932 2285 1983 aut
2298 1927 2377 1982 illi
2394 1926 2809 1996 obtemperare
2821 1927 3110 1996 oporteat,
3131 1940 3202 1980 eo
3219 1925 3384 1996 quod
3406 1925 3577 1980 dissi-

1919 2019 2174 2075 millimis
2214 2017 2532 2085 ﬁgurarum
2562 2013 2790 2079 formis,
2861 2029 3148 2069 sonorum
3206 2013 3454 2069 vocibus
3516 2019 3572 2069 et

1919 2105 2454 2178 signiﬁcationibus
2483 2102 2868 2176 publicentur
2905 2104 2933 2159 ?
2970 2104 3128 2158 Certe
3157 2103 3370 2157 vestris
3399 2103 3575 2158 ratio-

1920 2195 2307 2254 cinationibus
2345 2192 2619 2263 congruit
2665 2192 2779 2247 boc
2807 2191 3060 2247 facinus.
3093 2191 3350 2247 Omnino
3403 2191 3574 2246 nobis

1921 2302 2191 2360 paganus
2219 2282 2512 2356 quispiam
2545 2281 2713 2337 facile
2737 2279 2874 2336 talia
2900 2280 3201 2350 objiceret.
3238 2282 3384 2336 Sunt
3413 2280 3573 2336 enim

1918 2376 2080 2448 apud
2115 2390 2219 2428 eos
2261 2372 2455 2428 multa:
2486 2368 2833 2441 huiusmodi
2883 2367 3278 2424 venerationis
3326 2368 3571 2440 species.

1920 2468 1984 2521 Et
2026 2463 2541 2537 quemadmodum
2591 2458 2672 2513 illi
2725 2463 3004 2514 naturam
3053 2456 3357 2513 nobiscum
3414 2473 3577 2512 com-

1921 2568 2163 2608 munem
2176 2549 2415 2614 habent,
2431 2553 2712 2611 mentem,
2729 2545 3016 2602 rationem
3030 2545 3331 2610 eamdem,
3356 2545 3575 2600 animm

1917 2642 1996 2698 ad
2025 2656 2244 2712 corpus
2294 2637 2608 2710 syncrasin
2647 2635 2963 2707 aequalem,
2997 2640 3054 2689 et
3109 2639 3389 2690 sexcenta
3412 2633 3527 2689 alia
3559 2649 3572 2687 :

1917 2730 1998 2787 ita
2027 2733 2318 2802 quantum
2333 2725 2629 2782 attinetad
2649 2724 2908 2780 rationes
2931 2723 3004 2778 de
3037 2722 3176 2787 Deo,
3202 2721 3265 2776 in
3303 2721 3577 2794 plurimis

1917 2825 1972 2876 et
2023 2816 2334 2891 prmeipuis
2381 2814 2730 2870 dissentiunt
2778 2830 2791 2868 :
2827 2816 3142 2867 esttamen
3173 2811 3291 2876 ubi,
3335 2815 3578 2882 propter

1917 2907 2321 2965 communium
2334 2903 2758 2977 principiorum
2768 2901 3126 2956 manifestam
3143 2899 3574 2972 operationem,

1918 3014 2036 3054 non
2065 2996 2288 3052 audent
2314 3010 2350 3049 a
2372 2992 2544 3048 nobis
2574 2990 2903 3046 dissentire.
2938 2988 3227 3054 Quocirca
3262 3003 3371 3042 nec
3395 3003 3571 3059 paga-

204 3094 305 3140 τοῦ
352 3087 524 3139 τίτλου
577 3087 987 3160 σχηματίζεται,
1027 3087 1058 3145 ἡ
1115 3087 1169 3148 ὃς
1221 3088 1338 3138 ἄνευ
1387 3084 1578 3138 ἐκείνου
1629 3081 1810 3137 διατυ-

1918 3103 2031 3142 nus
2062 3084 2363 3142 nobiscum
2406 3083 2480 3137 de
2509 3080 2633 3136 istis
2663 3083 3111 3145 contestaretur,
3145 3077 3248 3131 sed
3302 3075 3396 3131 ille
3450 3081 3576 3130 tan-

203 3184 404 3230 ποῦται
449 3180 539 3228 καὶ
593 3171 983 3248 διαγράφεται;
1042 3174 1137 3226 Ὠν
1197 3178 1298 3249 γὰρ
1351 3173 1411 3226 ἃν
1483 3177 1512 3233 ἠ
1569 3175 1810 3246 ὁμοιότης

204 3267 338 3337 ἡμῖν
406 3264 772 3338 ὁμολογηθείη,
826 3263 881 3317 ἐκ
949 3267 1134 3317 τούτου
1189 3264 1348 3336 (κατὰ
1414 3267 1502 3316 τόν
1568 3264 1811 3336 ὑμέτερον

206 3357 370 3428 σοφὸν
417 3353 790 3426 συλλογισμόν)
817 3355 849 3413 ἡ
900 3362 1001 3406 τῶν
1037 3354 1226 3406 λοιπῶν
1264 3357 1480 3415 ποιήσις
1517 3357 1607 3404 καὶ
1650 3371 1812 3427 προσ-

202 3446 431 3506 κύνησις
467 3443 596 3515 (ἀλλ’
637 3445 757 3516 ύμῖν
803 3463 864 3515 γε
905 3451 1015 3506 τοῖς
1056 3451 1275 3497 τοιαῦτα
1318 3448 1435 3516 περὶ
1494 3443 1809 3500 τηλικούτων

204 3533 494 3606 τολμῶσιν)
558 3534 986 3600 ἀπαρνηθήσεται
1018 3552 1030 3565 ·
1086 3533 1116 3592 ἦ
1191 3537 1282 3584 καὶ
1348 3529 1458 3591 ἤδη
1512 3531 1809 3605 ἑξηρνηται.

201 3627 486 3696 Τέταρτον,
521 3627 613 3681 τὴν
663 3619 916 3694 διαφορὰν
946 3624 1070 3694 ἡμῖν
1109 3628 1195 3675 καὶ
1242 3620 1591 3695 ἀνομοιότητα
1629 3627 1723 3681 τὴν
1763 3621 1810 3674 ἒν

203 3721 322 3774 ταῖς
375 3719 660 3784 μυστικαῖς
712 3713 940 3775 θυσίαις,
965 3715 1055 3763 καὶ
1102 3718 1215 3772 ταῖς
1260 3711 1439 3772 ἄλλαις
1471 3714 1807 3786 ἱερουργίαις,

205 3802 284 3864 εἰς
363 3799 612 3860 διαϐολὴν
696 3800 910 3863 ἁπάσης
974 3805 1064 3852 καὶ
1134 3799 1427 3874 ἀνατροπὴν
1494 3809 1590 3863 τῆς
1666 3803 1811 3872 ἡμῶν

205 3890 477 3964 ἆχράντου
535 3888 742 3952 τελετῆς
795 3894 885 3942 καὶ
931 3889 1170 3962 λατρείας
1212 3892 1582 3964 προκομιεῖσθε
1615 3911 1628 3924 ο
1663 3889 1716 3954 εξ
1743 3891 1811 3942 ὧν

201 3983 310 4054 γὰρ
341 3981 477 4032 κατὰ
513 3986 604 4040 τῆς
651 3986 887 4052 Χριστοῦ
935 3978 1129 4039 εἰκόνος
1173 3981 1402 4052 πονηρὰν
1449 3979 1657 4050 μελέτην
1702 3987 1814 4041 ταῖς

205 4072 353 4142 ὑμῶν
396 4065 650 4129 διανοίαις
693 4067 1046 4140 ἕμελετήσατε,
1080 4073 1253 4121 πᾶσαν
1305 4073 1399 4125 τὴν
1428 4075 1528 4120 τῶν
1559 4075 1814 4140 Χριστια-

204 4167 306 4211 νῶν
348 4160 486 4231 ίερὰν
531 4158 758 4222 τελετὴν,
791 4162 882 4209 καὶ
922 4159 990 4210 τὰ
1042 4159 1155 4210 θεῖα
1200 4161 1473 4229 μυστήρια
1502 4156 1558 4208 ἐκ
1602 4155 1812 4230 βάθρων

205 4247 378 4301 αὐτῶν
436 4247 732 4318 ἠλέγχθητε
798 4251 1172 4307 κατασείοντες.
1237 4250 1472 4318 Πέμπτον
1548 4247 1730 4321 ῥητέον
1786 4247 1812 4298 ὃ

204 4342 300 4390 καὶ
343 4335 456 4388 λίαν
501 4336 670 4388 αὐτῶν
717 4334 1006 4394 στηλιτεύει
1050 4339 1107 4388 τό
1152 4332 1408 4398 δυσσεϐὲς
1438 4341 1527 4389 καὶ
1556 4341 1818 4410 μισόχριε

207 4445 335 4480 στον
355 4446 366 4460 ·
401 4431 464 4478 Τί
492 4427 594 4500 γὰρ
629 4425 713 4477 ἐπὶ
742 4433 832 4485 τῆς
863 4425 1051 4486 εἰκόνος
1081 4426 1320 4494 ῖστασθε,
1352 4429 1442 4478 καί
1485 4429 1606 4487 τοὺς
1645 4429 1814 4479 τοιού-
1846 4465 1894 4522 D

203 4535 332 4578 τους
403 4514 696 4588 φληνάφους
765 4512 1076 4579 ἀνελίσσετε,
1135 4511 1250 4567 δέον
1322 4519 1454 4588 πρὸς
1519 4514 1672 4568 αὐτόν
1725 4519 1812 4568 τόν

205 4604 602 4674 εἰκονιζόμενον,
644 4602 670 4656 ὁ
717 4605 1012 4678 κρύπτουσι
1054 4607 1197 4666 τέως,
1250 4600 1627 4657 ἀποδύσασθαι
1659 4621 1672 4671 ;
1703 4611 1813 4658 Ἵνα

204 4699 260 4747 τί
298 4695 399 4766 γὰρ
431 4692 457 4744 ὁ
500 4700 619 4755 ταῖς
661 4688 919 4755 διανοίαις
963 4693 1104 4760 ὑμῶν
1144 4689 1371 4753 ὠδίνετε.
1413 4695 1499 4745 τόν
1545 4691 1810 4747 ἄσπονδον

204 4786 343 4836 κατὰ
388 4789 624 4855 Χριστοῦ
667 4780 908 4854 πόλεμον,
958 4789 1138 4834 τοῦτον
1185 4786 1257 4853 μὴ
1303 4787 1393 4834 καὶ
1445 4789 1555 4844 τοῖς
1604 4782 1810 4854 χείλεσι

204 4875 292 4926 καὶ
357 4878 535 4944 γυμνῷ
586 4877 659 4942 τῷ
712 4875 997 4943 προσώπῳ,
1053 4869 1159 4922 ἀλλ’
1219 4872 1318 4924 ὑπὸ
1379 4877 1690 4945 προσωπείῳ
1741 4880 1804 4946 τῇ

204 4961 386 5027 εἰκόνι,
469 4956 874 5027 ἕπιδείκνυσθε;
938 4963 1243 5032 Λεγέτωσαν
1307 4962 1430 5034 γὰρ,
1485 4962 1553 5023 ὡς
1624 4957 1803 5020 ἐπειδὴ

201 5048 442 5110 Ἕλληνες
489 5050 580 5120 μεν
626 5047 798 5108 αὐτοῖς
827 5049 1004 5120 ὅμοιον
1034 5047 1116 5102 ἐπὶ
1153 5057 1254 5120 γῆς
1297 5057 1517 5121 φανῆναι
1563 5053 1650 5102 τὸν
1679 5058 1806 5125 Χρι-

207 5141 329 5190 στὸν
358 5137 635 5210 νομίζουσι
668 5159 680 5171 ⁸
707 5136 954 5209 Ῥωμαῖοι
983 5134 1042 5191 δε
1083 5137 1272 5209 μᾶλλον
1315 5137 1514 5200 ἑαυτοῖς
1552 5143 1755 5192 ἐοικότα
1788 5161 1800 5173 ·

205 5221 368 5280 Ἰνδοὶ
422 5223 481 5280 δε
524 5225 677 5280 πάλιν
726 5235 896 5302 μορφῇ
941 5235 1001 5300 τῇ
1054 5229 1238 5297 αὐτῶν,
1283 5233 1373 5280 καὶ
1417 5228 1659 5291 Αἰθίοπες
1699 5226 1803 5290 δῆ-

205 5315 293 5369 λον
346 5317 412 5377 ὡς
482 5314 681 5377 ἑαυτοῖς
712 5337 726 5350 ο
787 5314 894 5369 ἐπεὶ
945 5323 1132 5381 ταῦτα,
1191 5321 1267 5378 τίς
1326 5315 1466 5370 ἔστιν
1523 5319 1548 5370 ὁ
1605 5317 1805 5382 ἀληθὴς

207 5407 461 5478 Χριστὸς,
493 5405 521 5456 ὁ
561 5407 706 5479 παρά
739 5408 848 5458 τίσι
893 5405 1246 5479 νομιζόμενος,
1281 5405 1375 5459 ούκ
1402 5407 1506 5481 ἄρα
1554 5403 1638 5461 δεῖ
1684 5409 1805 5479 ὁμο·

207 5492 376 5566 λογεῖν
427 5490 551 5549 οὐδε
600 5497 862 5549 πιστεύειν
931 5499 1088 5568 σαρκὶ
1145 5492 1479 5570 ἐπιδημῆσαι
1533 5499 1620 5551 τόν
1673 5504 1802 5572 Χρι-

213 5588 377 5653 στόνς
410 5587 566 5646 ὅντως
601 5587 703 5660 γὰρ
755 5583 933 5648 αὐτοῖς
983 5593 1090 5646 τοῖς
1136 5583 1329 5647 ἀθλίοις
1377 5583 1492 5639 οὐδ’
1541 5583 1806 5660 ἐπεδημη-

1920 3181 2047 3230 tum
2078 3173 2180 3247 qui
2215 3173 2390 3245 plane
2438 3171 2667 3233 atbeus,
2726 3168 2854 3224 sine
2887 3167 3004 3222 ullo
3036 3165 3334 3234 religionis
3365 3164 3528 3220 cultu
3559 3181 3573 3220 :

1918 3265 2022 3338 qui
2044 3279 2236 3336 neque
2267 3260 2537 3318 Numinis
2567 3257 3035 3322 venerationem,
3055 3271 3129 3310 ne
3151 3254 3396 3326 quidem
3419 3253 3578 3324 cogi-

1919 3355 2202 3411 tationem
2251 3351 2440 3408 ullam
2477 3349 2760 3406 admittet.
2792 3346 2980 3402 Tertia
3009 3344 3265 3415 objectio
3297 3343 3577 3399 secunda:

1919 3444 2128 3500 similis
2157 3448 2244 3500 est
2300 3460 2314 3495 :
2347 3439 2667 3513 Ecqualem
2698 3451 2936 3492 crucem
2963 3433 3233 3490 statuetis
3258 3435 3577 3505 prototypo

1919 3533 2168 3590 omnino
2185 3530 2460 3596 similem,
2485 3544 2563 3584 an
2581 3527 2746 3583 illam
2770 3541 2906 3597 qua;
2921 3540 3060 3580 cum
3076 3522 3239 3578 titulo
3257 3520 3574 3593 etﬁgiatur,

1919 3627 2022 3678 aut
2044 3620 2242 3692 potius
2271 3634 2406 3691 quae
2435 3616 2562 3671 sine
2579 3614 2698 3670 ullo
2723 3612 3055 3669 delineatur
3093 3616 3149 3666 et
3175 3609 3526 3665 eﬂ'ormatur
3549 3609 3578 3665 ?

1920 3711 2098 3781 Cujus
2123 3707 2283 3765 enim
2315 3721 2548 3778 cunque
2589 3701 3030 3759 similitudinem
3053 3697 3431 3764 confitemini,
3473 3712 3580 3770 per

1920 3799 2081 3855 illam
2129 3797 2253 3869 (qui
2284 3801 2479 3851 vester
2537 3798 2624 3849 est
2649 3791 2931 3864 praeclare
2977 3794 3285 3845 contextus
3338 3786 3581 3859 syllogi-

1921 3887 2369 3958 smus)aliarum
2396 3882 2737 3940 fabrefactio
2751 3886 2806 3936 et
2831 3879 3156 3946 veneratio,
3176 3894 3282 3949 per
3295 3892 3422 3942 vos,
3471 3875 3577 3949 qui

1921 3979 2050 4034 haec
2081 3977 2220 4033 talia
2237 3973 2464 4030 audetis
2482 3971 2805 4036 afﬁrmare,
2846 3969 3095 4025 omnino
3123 3965 3454 4036 negabitur,
3475 3969 3578 4020 aut

1920 4067 2120 4139 potius
2141 4066 2267 4136 jam
2300 4069 2570 4132 negatur.
2604 4062 2826 4126 Quarto
2847 4059 2980 4114 loco
2997 4053 3391 4110 differentiam
3415 4053 3574 4108 illam

1922 4163 1978 4211 et
2002 4153 2550 4210 dissimilitudinem
2564 4165 2720 4222 quas
2740 4147 2801 4203 in
2824 4145 3090 4218 mysticis
3111 4144 3374 4199 videmus
3399 4141 3578 4197 sacri-

1921 4245 2074 4299 ficiis
2095 4249 2150 4299 et
2176 4243 2305 4299 aliis
2337 4239 2705 4313 quibuslibet
2748 4235 2972 4292 sanctis
3004 4233 3235 4296 ofﬁciis,
3277 4233 3337 4286 in
3377 4246 3576 4301 repre-

1921 4334 2278 4390 hensionem
2335 4336 2391 4385 et
2457 4325 2908 4383 subversionem
2963 4322 3139 4379 totius
3180 4318 3572 4377 immaculata

1923 4421 2240 4480 oblationis
2262 4425 2479 4477 nostra;
2511 4423 2568 4473 et
2590 4415 2777 4472 latriee
2806 4412 3186 4486 praetendetis
3216 4429 3228 4466 :
3253 4426 3394 4466 nam
3413 4408 3572 4464 unde

1922 4513 2209 4570 adversus
2249 4508 2459 4566 Christi
2516 4507 2864 4575 imaginem,
2919 4501 3167 4573 impiam
3214 4498 3574 4555 inanimum

1922 4607 2186 4658 vestrum
2257 4597 2675 4669 cogitationem
2747 4590 3154 4655 subintulistis,
3228 4587 3574 4644 universam

1921 4693 2384 4749 Christianorum
2417 4691 2475 4743 et
2503 4689 2796 4742 sacratam
2830 4682 3145 4750 liturgiam,
3171 4677 3274 4735 sed
3292 4681 3350 4734 et
3373 4675 3572 4733 divina

1919 4796 2295 4855 quaecunque
2324 4773 3037 4850 mysteria,fundamento
3063 4774 3238 4824 tenus
3255 4769 3572 4823 concutere

1919 4853 2373 4928 convincemini.
2453 4865 2735 4932 Quintam
2802 4860 3171 4929 adjiciemus,
3213 4872 3350 4928 quae
3397 4853 3572 4909 valde

1917 4961 2182 5033 ipsorum
2197 4958 2588 5030 impietatem,
2603 4953 2730 5008 etin
2742 4951 3033 5006 Christum
3052 4946 3250 5002 odium
3271 4942 3568 5033 propalat,

1916 5055 2062 5107 Nam
2090 5063 2380 5121 quorsum
2400 5043 2716 5101 consistitis
2738 5042 2797 5095 in
2823 5037 3106 5106 imagine,
3140 5039 3198 5091 et
3233 5032 3571 5090 istiusmodi

1913 5120 2128 5209 nugas,
2144 5135 2526 5194 deblateratis
2553 5134 2581 5188 ‘l
2607 5134 2834 5203 oportet
2863 5131 2925 5183 ut
2948 5127 3006 5182 in
3025 5126 3212 5181 aciem
3238 5120 3571 5195 procedatis

1914 5234 2121 5285 contra
2150 5242 2290 5282 eum
2319 5225 2423 5297 qui
2454 5222 2717 5291 imagine
2734 5219 3206 5290 repraesentatur,
3236 5211 3342 5284 qui
3363 5218 3569 5267 tamen

1913 5317 2111 5374 adhuc
2129 5315 2338 5371 latetis.
2368 5307 2864 5382 Quorsum,quod
2897 5305 3078 5362 tacitis
3103 5300 3568 5373 cogitationibus

1912 5407 2072 5463 bella
2099 5411 2302 5461 contra
2332 5403 2627 5459 Christum
2648 5395 3035 5460 meditamini,
3056 5393 3204 5450 illud
3224 5407 3347 5449 non
3367 5388 3564 5454 labiis,

1913 5501 1970 5552 et
1996 5494 2227 5551 nudata
2259 5492 2424 5558 facie,
2467 5489 2570 5546 sed
2598 5493 2830 5546 tantum
2858 5472 3172 5559 personati,
3202 5496 3309 5553 per
3358 5476 3568 5546 imagi-

1914 5600 2054 5642 nem
2082 5582 2344 5641 indicitis
2365 5582 2392 5638 ‘l
2415 5580 2622 5638 Dicant
2641 5578 2822 5647 enim,
2854 5570 3353 5649 quandoquidem
3381 5567 3565 5624 Graeci
