4076 6202
480 277 588 332 951

1727 274 1964 331 PHOTII
1994 272 2470 329 PATRIAHCHAE
2501 274 2613 331 ΟΡ.

3755 274 3855 328 952

470 403 831 466 asseverant,
866 399 1163 456 Christum
1192 399 1253 454 in
1294 400 1459 456 terris
1500 399 1612 457 sibi
1666 400 1918 456 similem
1971 416 2130 456 com-

2241 418 2343 453 σεν.
2382 399 2447 452 Ὃ
2500 403 2600 475 γὰρ
2649 402 2785 455 κατὰ
2828 407 2920 460 τῆς
2967 398 3162 460 εἰκόνος
3208 398 3654 472 ἐπονηρεύσαντο,
3705 408 3859 453 τοῦτο

471 490 768 564 paruisse,
784 488 1036 547 Romani
1058 494 1249 543 autem
1266 489 1375 543 sibi
1396 489 1611 560 potius,
1634 490 1758 544 lndi
1775 489 1969 559 ﬁgura
1995 505 2126 557 sua,

473 581 772 652 Authiopes
803 595 913 635 sua
942 595 953 632 :
988 594 1126 633 cum
1155 579 1275 634 haec
1301 579 1382 634 ita
1421 580 1712 650 dicantur,
1748 596 1870 635 non
1900 584 2131 636 constat

472 670 607 742 quis
640 684 747 739 pro
778 683 920 723 vero
952 667 1201 732 Christo,
1236 683 1271 722 a
1291 668 1507 738 quibus
1536 668 1831 724 habeatur
1858 688 1871 734 ς
1910 668 2130 723 idcirco

473 774 592 815 non
624 762 857 830 oportet
881 756 1168 821 conﬁteri,
1202 772 1322 811 non
1362 757 1621 822 credere,
1657 758 1823 829 quod
1871 757 2130 813 Christus

475 849 537 904 in
569 863 746 904 carne
760 850 1027 901 versatus
1055 844 1125 901 sit
1144 845 1171 899 εἰ
1186 848 1347 901 Certe
1360 846 1522 917 apud
1539 846 1822 901 infaustos
1848 846 1993 901 istos
2008 862 2129 901 non

477 942 569 992 est
598 936 845 991 omnino
870 938 1160 989 versatus.
1197 938 1257 989 In
1292 950 1415 1006 quo
1445 935 1601 989 enim
1643 936 1901 1006 improbi
1925 940 2129 991 contra

477 1026 801 1094 imaginem
815 1023 1181 1088 exstiterunt,
1216 1024 1276 1077 in
1305 1023 1560 1095 hocipso
1573 1025 1737 1095 prius
1767 1025 2130 1080 contraima-

476 1115 746 1185 ginatum
774 1112 1123 1168 insolentius
1149 1112 1377 1182 opinati
1411 1113 1960 1184 deprehenduntur.
1980 1117 2127 1169 Nam

477 1220 513 1260 a
556 1203 961 1275 discrepantia
996 1201 1349 1273 opinionum
1380 1202 1765 1272 concludunt,
1799 1202 2130 1258 tollendum

476 1308 722 1365 prorsus
752 1307 891 1347 eum
917 1291 1019 1361 qui
1060 1290 1446 1361 opinionibus
1478 1291 1767 1363 subjacet.
1799 1292 1972 1346 Vides
1998 1292 2131 1362 quis

474 1380 712 1436 illorum
743 1396 959 1450 scopus
992 1380 1183 1444 fuerit,
1223 1385 1276 1435 et
1308 1396 1598 1452 quorsum
1624 1381 2131 1452 spectetipsorum

475 1474 678 1525 contra
713 1469 1744 1539 imaginemmachinamentum.Sed
1779 1470 2021 1524 ulterius
2054 1469 2132 1524 ad

476 1574 546 1613 ea
567 1574 703 1630 quas
732 1558 892 1612 dicta
920 1563 1074 1626 sunt,
1110 1558 1512 1628 adjiciendum
1542 1558 1682 1612 illud
1708 1558 1977 1630 quidem,
2011 1574 2131 1613 non

474 1647 591 1703 illis
622 1648 783 1717 (sunt
812 1646 971 1701 enim
1016 1646 1289 1715 indigni),
1315 1647 1418 1701 sed
1448 1646 1724 1701 ﬁdelibus
1753 1653 1809 1701 et
1840 1647 2129 1702 Christum

479 1734 841 1791 amantibus.
877 1734 1300 1789 Dissimilitudo
1330 1750 1465 1806 quin
1510 1736 1770 1789 cernitur
1809 1735 1956 1789 inter
1989 1735 2134 1789 ima-

480 1824 663 1893 gines,
698 1838 817 1877 non
846 1827 1100 1877 evacuat
1130 1838 1371 1893 prorsus
1410 1822 1693 1892 imaginis
1726 1828 2002 1878 naturam
2030 1828 2135 1877 aut
2166 1830 2204 1883 Β

483 1911 808 1966 veritatem.
838 1910 965 1966 Non
998 1911 1156 1966 enim
1190 1916 1419 1966 tantum
1454 1928 1558 1983 per
1587 1912 1851 1983 corporis
1876 1911 2133 1979 ﬁguram

483 2004 541 2055 et
568 1999 836 2055 habitum
869 2000 1169 2055 coloribus
1194 2001 1541 2071 exprimitur
1567 2000 1988 2068 imaginatum,
2031 2000 2135 2054 sed

480 2089 747 2161 quadam
776 2090 865 2143 sui
896 2089 1305 2161 dispositione,
1342 2090 1683 2158 congruenti
1718 2089 1920 2160 aliqua
1951 2088 2139 2144 actio-

480 2194 577 2247 ne,
609 2178 962 2250 passionum
986 2179 1273 2248 emphasi,
1308 2184 1363 2233 et
1394 2179 1448 2233 in
1483 2178 1623 2233 locis
1657 2178 1877 2233 sanctis
1909 2177 2138 2233 dedica-

479 2268 659 2336 tione,
676 2268 1128 2340 inscriptionum
1145 2267 1532 2337 expositione,
1551 2273 1606 2322 et
1626 2268 1756 2322 aliis
1776 2267 2134 2338 quibusdam

475 2357 895 2427 insignioribus
928 2356 1234 2428 symbolis,
1268 2373 1404 2429 quas
1441 2356 1529 2412 vel
1584 2372 1700 2411 non
1734 2355 2002 2423 omnino,
2037 2361 2139 2413 aut

2237 489 2365 540 πολὺ
2423 494 2668 562 πρότερον
2723 492 2859 541 κατὰ
2921 497 3012 540 τοῦ
3085 487 3462 558 εἰκονιζομὲθου
3516 494 3861 559 πεφώραντειι

2238 578 2604 651 φρυαξοὲμενοι,
2660 577 2761 631 ἀπὸ
2840 587 2934 639 τῆς
2987 586 3086 629 τῶν
3165 579 3489 646 νομισάντων
3567 574 3861 651 διαφορᾶς,

2239 665 2501 739 ἀναίρεσιν
2576 666 2796 738 παντελῆ
2876 672 2968 717 τοῦ
3047 666 3378 737 νομισθέντος
3458 665 3860 738 ψηφισάμενοι.

2235 753 2393 827 Ὀρᾴς
2440 757 2546 817 οἷος
2594 756 2760 807 αὐτῶν
2817 757 2841 805 ό
2890 758 3105 819 σκοπὸς,
3155 758 3245 805 καὶ
3292 754 3359 814 εἰς
3410 756 3517 806 οἷον
3562 756 3756 818 αὐτοῖς
3808 762 3862 809 τό

2237 847 2373 896 κατὰ
2444 853 2539 906 τῆς
2616 845 2812 905 εἰκόνος
2888 842 3137 895 ἀπέϐλεπε
3208 846 3504 915 τέχνασμα.
3568 843 3719 897 Ἀλλ’
3784 844 3867 897 ἐπὶ

2238 940 2342 993 τοῖς
2398 933 2700 1006 εἰρημένοις,
2764 932 2922 985 ἐκεῖνο
2984 933 3187 1006 ῥητέον,
3246 932 3341 984 οὐκ
3418 931 3634 993 ἐκείνοις

2239 1023 2339 1085 ξιοι
2380 1025 2529 1097 γὰρ),
2589 1022 2715 1074 ἀλλά
2764 1041 2825 1094 γε
2876 1029 2980 1081 τοῖς
3036 1028 3245 1082 πιστοῖς
3303 1025 3392 1073 καὶ
3456 1022 3866 1095 φιλοχρίστοις,

2238 1113 2413 1185 ὅτιπερ
2478 1112 2536 1163 οὐ
2584 1114 2787 1173 πάντως
2837 1110 3142 1183 λυμαίνεται
3198 1119 3297 1162 τῶν
3359 1110 3755 1182 εἰκονισμάτων
3813 1116 3869 1163 τό

2240 1199 2477 1272 ἀνόμοιον
2530 1204 2624 1257 τὴν
2680 1207 2773 1261 τῆς
2829 1199 3019 1260 εἰκόνος
3091 1201 3244 1270 φύσιν
3299 1203 3388 1250 xui
3439 1204 3528 1256 τῆν
3582 1198 3870 1256 ἀλήθειαν.

2239 1289 2313 1341 Οὐ
2344 1292 2444 1361 ’γὰρ
2486 1292 2624 1359 μόνῳ
2675 1293 2919 1360 σχήματι
2968 1292 3205 1359 σώματος
3262 1292 3352 1339 καὶ
3404 1296 3615 1360 μορφῆς
3672 1288 3871 1340 εἰκονί-

2241 1379 2385 1439 ζεται
2415 1397 2665 1451 χρωματι
2712 1382 2770 1429 το
2815 1377 3209 1449 εἰκονιζόμενον,
3243 1376 3372 1429 ἀλλὰ
3415 1382 3504 1429 καὶ
3557 1384 3698 1447 ποιᾷ
3756 1375 3872 1429 diu-

2242 1470 2399 1531 θέσει,
2449 1472 2538 1519 καὶ
2591 1471 2915 1541 παριπομένη
2979 1466 3181 1537 πράξει,
3232 1471 3321 1518 καὶ
3374 1469 3550 1519 παθῶν
3611 1466 3872 1538 ἐμφάσειν

2240 1562 2331 1608 καὶ
2390 1562 2559 1608 τόπων
2629 1560 2773 1630 ἱερῶν
2832 1556 3091 1621 ἀναθέσει,
3148 1562 3238 1608 καὶ
3294 1556 3720 1630 ἐπιγραμμάτων
3798 1559 3875 1628 ἑρ-

2250 1650 2452 1718 μηνείᾳ,
2505 1652 2593 1699 καὶ
2648 1645 2925 1718 συμϐόλοις
2983 1645 3255 1718 ἐξαιρέτοις
3312 1646 3505 1709 ἄλλοις,
3559 1646 3631 1695 ὧν
3696 1643 3874 1717 μηδεν

2242 1744 2501 1809 παρεῖναι,
2561 1737 2589 1794 ἢ
2651 1741 2721 1807 μὴ
2781 1740 2846 1787 τὰ
2890 1736 3097 1788 πλείονα
3148 1744 3259 1795 ταῖς
3317 1738 3460 1808 παρὰ
3510 1742 3615 1786 τῶν
3658 1745 3875 1788 πιστῶν

2245 1825 2438 1877 εἰκόσιν
2491 1824 2749 1887 παντελῶς
2806 1822 3082 1877 ἀδύνατον.
3141 1824 3213 1877 Δι’
3272 1825 3360 1888 ὧν,
3418 1820 3571 1876 οὐδὲν
3628 1824 3875 1889 ἔλαττον,

2250 1915 2279 1972 ἢ
2329 1919 2417 1965 καὶ
2458 1916 2629 1965 πάντα
2676 1922 2897 1985 προσῆν,
2955 1914 3021 1974 εἰς
3064 1916 3255 1965 ἔννοιαν
3305 1919 3393 1965 καὶ
3436 1918 3598 1985 τιμὴν
3651 1922 3755 1965 τοῦ
3807 1914 3877 1966 εἰ-

2247 2005 2585 2066 κονισθέντος,
2646 2004 2765 2074 ὅπερ
2843 2002 2956 2055 ἐστὶ
3032 2011 3127 2062 τῆς
3202 2004 3557 2075 εἰκονουργίας
3641 2008 3876 2065 σκοπός,

2248 2090 2560 2162 ἁναγόμεθα.
2620 2090 2775 2143 Ἀλλὰ
2845 2099 3013 2142 ταῦτα
3084 2094 3172 2163 μὲν
3226 2091 3342 2143 κατ’
3397 2088 3726 2165 ἐπιδρομὴν⁷
3788 2100 3879 2145 καὶ

2248 2183 2311 2239 ὡς
2360 2178 2407 2229 ἐν
2472 2177 2750 2240 ἐπιστολῆς
2802 2182 2965 2249 τύπῳ.
3016 2179 3074 2231 Ἡ
3143 2176 3201 2232 δὲ
3248 2188 3339 2240 τῆς
3406 2179 3667 2252 ἐργασίας
3731 2180 3881 2252 ἀκρίο

2249 2268 2379 2331 ϐεια,
2440 2275 2573 2320 Θεοῦ
2622 2264 2916 2333 διδοῦντος,
2966 2267 3036 2328 εἰς
3090 2273 3182 2325 τῆν
3233 2269 3424 2320 οἰκείαν
3474 2270 3739 2321 ὑπόθεσιν
3796 2272 3881 2320 αν-

2250 2360 2393 2429 αχθή
2406 2376 2569 2411 σεται.

478 2445 689 2501 saltem
719 2461 834 2499 non
861 2461 892 2500 e
927 2444 1141 2515 majori
1175 2452 1356 2516 parte,
1383 2462 1418 2501 a
1448 2445 1712 2499 ﬁdelium
1742 2444 2108 2513 imaginibus
2136 2444 2353 2501 abesse
2375 2444 2597 2500 debent
2629 2461 2640 2500 :
2670 2461 2940 2516 parquae,
2966 2461 3094 2501 non
3118 2445 3316 2500 minus
3346 2462 3532 2518 quam
3570 2446 3621 2501 si
3654 2448 3880 2503 omnia

474 2533 774 2595 adessent,
804 2532 863 2587 in
898 2534 1249 2588 memoriam
1274 2532 1966 2601 ethonoremimaginali
1998 2532 2269 2605 (quiﬁnis
2302 2538 2392 2589 est
2417 2533 2711 2602 imagines
2743 2533 3187 2605 fabrefaciendi)
3226 2533 3628 2591 deducemur.
3663 2538 3875 2608 Atque

472 2621 599 2676 haec
620 2620 932 2686 succincte,
976 2627 1032 2676 et
1084 2623 1144 2676 in
1208 2621 1507 2691 epistolari
1555 2620 1767 2676 forma.
1806 2622 2074 2676 Exactior
2124 2629 2324 2679 autem
2374 2625 2656 2687 operatio,
2692 2638 2830 2678 cum
2870 2623 3032 2678 bouo
3066 2622 3206 2687 Deo,
3268 2623 3329 2678 in
3381 2624 3689 2695 proprium
3721 2627 3872 2680 sub-

470 2708 696 2779 jectum
758 2708 1095 2764 deducetur.

478 2807 801 2872 QUIESTIO
827 2806 982 2863 ccvn
1020 2807 1223 2879 [Coisl.
1253 2808 1538 2872 ccxxxv,
1588 2808 1767 2863 Taur.
1835 2806 2131 2879 ccxxv”.

481 2913 598 2969 Cur
636 2912 846 2970 umbra
877 2914 1246 2970 etsomm’um
1270 2920 1323 2969 et
1335 2916 1518 2983 fumus
1532 2920 1585 2969 et
1619 2912 1847 2970 vanitas
1868 2916 2133 2983 appella-

981 2992 1082 3041 tur
1104 2994 1230 3041 vita
1258 2986 1514 3042 humana
1536 2987 1563 3043 Τ

2800 2815 3114 2863 ΕΡΩΤΗΣΙΣ
3156 2808 3286 2892 Σς’.

2245 2919 2337 2967 Διά
2385 2920 2435 2967 τί
2487 2918 2630 2981 σκιὰ,
2664 2920 2754 2967 xui
2802 2919 2922 2989 ὄναρ
2973 2921 3062 2967 καὶ
3104 2920 3306 2987 χαπνὸς
3352 2922 3441 2968 καὶ
3495 2922 3809 2988 ματαιότης
3848 2920 3874 2969 ό

2596 2989 2621 3038 ό
2656 2986 2969 3061 ἀνθρώπινος
3002 2986 3114 3059 βίος
3136 2986 3451 3060 ὀνομάζεται
3481 3004 3496 3053 ;

599 3118 750 3168 Edita
778 3132 809 3168 a
838 3118 1163 3169 Montacutio
1194 3122 1295 3183 (ep.
1325 3122 1384 3169 72
1414 3120 1479 3168 ad
1518 3122 1669 3183 Serg.
1706 3122 1809 3176 121,
1850 3121 1978 3180 122).
2016 3147 2076 3155 -
2105 3120 2173 3169 De
2207 3121 2323 3168 vita:
2350 3120 2599 3169 humanae
2637 3122 2794 3169 variis
2822 3121 2875 3169 in
2925 3122 3089 3170 sacris
3139 3121 3352 3170 Litteris
3382 3123 3736 3171 nominibus.

550 3261 680 3316 Non
715 3262 1019 3318 rhetorum
1082 3279 1245 3317 more
1267 3269 1471 3319 contra
1515 3263 2130 3334 contemptibilitatem

2313 3263 2388 3316 Οὐ
2462 3267 2957 3338 καταρητορεύουσα
3024 3273 3115 3326 τῆς
3197 3266 3449 3338 ἡμετέρας
3509 3265 3779 3327 εὐτελείας
3839 3271 3907 3325 ἡκ

476 3355 743 3404 nostram
762 3350 1095 3405 declamant
1122 3368 1301 3408 sacrae
1336 3354 1571 3418 Litterae,
1596 3368 1731 3424 quas
1759 3354 2047 3417 umbram,
2076 3359 2132 3407 et

477 3452 783 3506 somnum,
816 3444 871 3492 et
910 3439 1159 3505 fumum,
1193 3447 1246 3495 et
1270 3442 1613 3505 vanitatem,
1647 3446 1704 3495 et
1735 3441 2026 3496 similibus
2071 3442 2132 3496 ti-

478 3524 614 3581 tulis
643 3525 819 3581 vitam
844 3526 1177 3582 humanam
1198 3529 1644 3598 insigniverunt.
1671 3532 1796 3595 Quo
1816 3530 1973 3584 enim
2000 3529 2132 3585 loco

475 3613 788 3670 habiturus
818 3631 880 3669 es
910 3616 1194 3687 puerilem
1228 3618 1520 3672 aetatulam
1548 3618 1575 3671 ?
1600 3618 1823 3690 Ecquid
1853 3634 1924 3673 ea
1946 3618 2131 3685 magis

475 3719 719 3768 vanum,
754 3705 955 3769 inane,
989 3710 1043 3760 et
1073 3705 1438 3761 insensatum
1466 3707 1493 3760 ‘I
1523 3706 1647 3761 imo
1674 3714 1729 3761 et
1761 3708 2129 3778 juventutem

474 3792 693 3863 ipsam,
721 3809 847 3865 quae
899 3792 1011 3847 ﬂos
1039 3794 1283 3865 quidam
1314 3798 1537 3850 natura;
1564 3795 1797 3851 videtur
1841 3813 1991 3862 esse,
2027 3798 2131 3853 sed

477 3880 669 3935 multis
698 3881 969 3937 abundat
987 3884 1463 3953 tempestatibus;
1496 3884 1601 3939 sed
1624 3885 1892 3941 levitates
1916 3886 2127 3950 multas,

476 3969 767 4025 vanitates
795 3976 850 4026 et
878 3971 1275 4027 inconstantia
1302 3973 1359 4027 in
1383 3974 1594 4028 eadem
1624 3980 1760 4029 sunt
1788 3990 1799 4028 :
1835 3974 1938 4029 sed
1966 3977 2129 4029 ocius

471 4059 990 4131 quovisinsomnio
1006 4061 1364 4131 praeterﬂuit,
1383 4062 1525 4116 nihil
1545 4066 1825 4133 praeterea
1840 4064 2002 4118 aliud
2019 4064 2131 4118 lar-

470 4149 590 4220 gita
603 4149 690 4204 vel
708 4149 1359 4223 subministrans,quam
1375 4152 1537 4223 quod
1556 4152 1830 4208 tumultus
1846 4154 2127 4208 ﬂuctuum

472 4242 529 4293 et
555 4236 1010 4294 aexestuationes
1041 4241 1383 4310 passionum
1417 4245 1625 4296 contra
1656 4243 1905 4296 animum
1938 4244 2129 4297 conci.

471 4326 677 4391 tando,
704 4329 1286 4400 primumincmptum
1304 4330 1379 4384 ad
1396 4330 1624 4385 virtutis
1639 4347 1881 4386 cursum
1902 4331 2129 4386 institu-

472 4420 587 4471 tum
602 4414 876 4471 ﬂuctibus
890 4418 1371 4473 submerserit.De
1388 4418 1573 4473 medio
1588 4420 1766 4474 aetatis
1782 4426 1975 4475 tenore
1994 4421 2128 4491 quid

471 4504 633 4559 aliud
666 4504 1011 4571 dicendum,
1043 4522 1229 4578 quam
1260 4507 1415 4578 quod
1440 4524 1474 4561 a
1506 4506 1650 4561 fumi
1680 4508 1880 4563 volatu
1911 4525 2125 4580 parum

2244 3353 2354 3404 θεία
2396 3358 2589 3427 Γραφὴ,
2628 3356 2800 3419 σκιὰν,
2852 3358 2940 3405 καὶ
2997 3358 3141 3427 ὄναρ,
3198 3360 3285 3406 xui
3333 3358 3548 3421 καπνόν,
3618 3362 3712 3407 καὶ
3772 3378 3874 3428 μα-

2240 3462 2512 3507 ταιοτητα,
2575 3448 2661 3494 καὶ
2739 3451 2956 3494 τοιαῦτα
3026 3443 3155 3495 ἄλλα
3224 3446 3309 3495 τὸν
3363 3442 3690 3515 ἀνθρώπινον
3746 3445 3871 3517 βίον

2241 3532 2477 3603 ὠνόμασε
2532 3532 2607 3603 (τί
2658 3534 2759 3605 γὰρ
2816 3532 2875 3583 ἂν
2929 3535 3092 3595 εἴποις
3138 3538 3233 3590 τὴν
3272 3533 3320 3584 ἒν
3364 3538 3547 3585 παισὶν
3602 3534 3866 3601 illam;

2240 3627 2330 3672 xui
2370 3626 2421 3673 τί
2468 3624 2655 3673 τούτου
2700 3627 3039 3694 ματαιότερον
3083 3623 3113 3680 ἦ
3172 3621 3697 3694 ἀναισθητότερονς),
3736 3624 3869 3676 ἀλλὰ

2240 3715 2332 3769 τὴν
2362 3715 2607 3765 νεότητα·
2639 3710 2665 3762 ὃ
2699 3716 2786 3763 καὶ
2817 3712 2969 3773 ἄνθος
2998 3708 3196 3773 δόξειεν
3231 3711 3290 3762 ἂν
3325 3709 3453 3764 εἶναι
3493 3721 3591 3773 τῆς
3631 3717 3866 3783 φύσεως,

2241 3800 2367 3851 ἀλλὰ
2418 3804 2561 3872 ’γέμει
2621 3800 2817 3861 ζάλης·
2871 3800 2999 3851 ἀλλὰ
3050 3804 3181 3852 πολὺ
3244 3804 3301 3853 τὸ
3356 3808 3544 3873 κοῦφον
3595 3801 3647 3852 ἄν
3722 3807 3863 3875 ad???

2240 3896 2328 3941 xui
2380 3891 2621 3941 ὑπόκενον
2677 3895 2765 3942 καὶ
2824 3889 3123 3964 εὑρίπιστον
3159 3909 3169 3919 ·
3227 3890 3355 3942 ἀλλὰ
3406 3896 3601 3953 παντὸς
3658 3891 3867 3963 ὀνείρου

2242 3981 2425 4031 θᾶττον
2474 3982 2818 4052 παρέρχεται,
2854 3975 3006 4030 οὐδὲν
3040 3978 3161 4030 ἄλλο
3210 3984 3546 4053 χαρισαμένη
3594 3987 3689 4033 καὶ
3734 4002 3867 4053 προ⁴

2241 4068 2522 4131 ξενήσασα,
2551 4067 2683 4125 πλὴν
2732 4069 2812 4119 ὅτι
2842 4066 3000 4119 πολὺν
3049 4067 3203 4120 σάλον
3248 4074 3337 4121 καὶ
3381 4066 3627 4121 κλύδωνα
3678 4073 3869 4123 παθῶν

2238 4164 2299 4225 τῇ
2359 4155 2513 4228 ψυχῇ
2574 4159 2959 4227 ἐπικυμήνασα,
3021 4156 3183 4215 αὐτὴν
3254 4162 3347 4215 τὴν
3409 4163 3620 4231 πρώτην
3690 4162 3869 4232 ὁρμὴν

2238 4253 2329 4305 τῆς
2386 4245 2463 4296 ἐπ’
2519 4245 2700 4316 ἀρετὴν
2758 4251 3029 4311 κινήσεως,
3095 4249 3236 4298 ἔστιν
3301 4247 3378 4308 οἷς
3434 4248 3677 4305 ἐποίησεν
3736 4252 3868 4302 ὑπο-

2239 4333 2478 4406 ϐρύχιον.
2535 4339 2597 4386 Τί
2661 4331 2718 4386 δὲ
2766 4338 2824 4385 τὸ
2877 4342 2974 4395 τῆς
3019 4334 3227 4396 ἡλικίας
3284 4338 3560 4407 μεθόριον;
3596 4335 3732 4388 ἀλλὰ
3774 4346 3871 4392 καὶ

2238 4431 2389 4475 τοῦτο
2441 4432 2638 4475 καπνοῦ
2693 4429 2849 4495 φορᾶς
2907 4420 3058 4476 οὐδὲν
3114 4420 3437 4496 διενήνοχεν.
3487 4422 3590 4477 ὧδε
3642 4438 3873 4482 κακεῖσε

2242 4510 2474 4575 διάττον,
2520 4519 2609 4564 xui
2657 4513 2903 4584 καθαρῶς
2951 4509 3188 4585 οὐδαμοῦ
3228 4516 3631 4586 καθιστάμενον.
3668 4524 3786 4580 Τῆς
3818 4540 3873 4571 τε

470 4593 719 4649 dissidet
747 4593 774 4647 ?
798 4594 915 4649 huc
946 4595 1105 4649 enim
1137 4595 1274 4650 illuc
1300 4596 1628 4652 exsiliendo
1651 4598 1918 4666 cursitat,
1952 4598 2127 4669 plane

2241 4604 2335 4675 γὰρ
2384 4604 2518 4652 κατὰ
2566 4606 2658 4658 τὴν
2707 4605 2925 4658 νεότητα
2972 4604 3171 4673 κούφης
3222 4608 3310 4653 καὶ
3360 4602 3581 4654 ἀτάκτου
3642 4612 3873 4678 μετέχει

472 4687 674 4737 autem
690 4700 988 4754 nusquam
1018 4685 1303 4739 consistit.
1327 4684 1626 4756 Particeps
1654 4687 1809 4741 enim
1834 4688 2129 4758 quodam-

474 4771 654 4826 modo
686 4777 772 4826 est
825 4771 1140 4828 levissimae
1171 4778 1227 4826 et
1256 4773 1606 4828 inordinatus
1636 4773 1793 4829 illius
1826 4776 2121 4845 motionis,

472 4875 605 4933 qua
632 4860 877 4931 juvenili
900 4861 1054 4916 mtati
1076 4863 1370 4928 convenit,
1414 4879 1521 4917 nec
1562 4864 1719 4917 enim
1752 4865 2007 4935 perfecte
2033 4881 2128 4920 ex-

469 4950 691 5019 pedivit
722 4950 1027 5005 hominem
1079 4951 1295 5007 abillis
1352 4952 1607 5007 tenebris
1640 4960 1693 5009 et
1755 4954 2124 5012 tumultibus.

472 5040 619 5094 Cum
644 5055 781 5093 vero
804 5041 1086 5096 senectuti
1130 5040 1322 5097 vicina
1352 5042 1538 5106 fuerit,
1583 5043 1883 5098 cineribus
1913 5045 2128 5101 exinde

470 5127 695 5199 ejectis,
721 5129 944 5183 occulte
973 5135 1027 5184 et
1058 5132 1276 5186 sensim
1318 5131 1441 5186 sine
1484 5147 1660 5186 sensu
1692 5133 2085 5204 subimpletur
2113 5156 2126 5202 ;

472 5215 631 5271 unde
657 5216 1081 5273 deﬂorescendi
1115 5219 1533 5292 deﬂuendique
1564 5222 1918 5293 principium
1958 5224 2129 5279 sorti-

468 5311 605 5361 tur:
640 5304 861 5360 videtur
891 5306 1138 5377 quidem
1166 5311 1447 5365 remotior
1478 5326 1610 5365 esse
1637 5327 1673 5366 a
1728 5312 1884 5367 malo
1937 5317 1994 5367 et
2032 5313 2121 5369 de-

472 5396 767 5460 trimento,
803 5394 970 5467 quod
1001 5394 1079 5451 ab
1116 5398 1399 5454 extremis
1440 5398 1721 5471 utrinque
1761 5400 2040 5457 infertur:
2074 5408 2131 5458 et

2237 4710 2346 4751 πως
2403 4693 2478 4741 ἔτι
2524 4695 2796 4753 κινήσεως,
2831 4693 2974 4741 οὔπω
3027 4690 3222 4751 τελείως
3272 4700 3369 4753 τῆς
3421 4692 3607 4743 ἐκεῖθεν
3651 4692 3873 4764 ἀχλύος

2238 4784 2325 4831 καὶ
2405 4787 2644 4852 ταραχῆς
2724 4777 3020 4841 ἁπαλλάξαν
3095 4784 3181 4831 τὸν
3255 4781 3523 4856 ἄνθρωπον
3559 4801 3571 4813 ο
3632 4788 3725 4834 καὶ
3795 4793 3871 4854 τῷ

2238 4872 2361 4941 πρὸς
2414 4872 2471 4919 τό
2528 4876 2693 4943 γῆρας
2753 4873 3085 4940 γειτονὴματι
3140 4877 3235 4931 τῆς
3289 4868 3342 4932 ἐξ
3398 4870 3560 4922 αὑτοῦ
3608 4871 3866 4937 uitii)“,

2239 4958 2407 5031 ἠρέμα
2460 4977 2569 5016 πως
2617 4961 2704 5007 καὶ
2762 4956 3151 5017 ἁνεπαισθήτως
3223 4958 3706 5030 ὑποπιμπλάμενον,
3770 4983 3873 5013 χαι

2238 5045 2443 5121 ταῤῥεῖν
2522 5044 2696 5120 ἀρχὴν
2768 5049 2991 5119 παρέχει
3050 5051 3138 5097 xui
3209 5048 3707 5122 ὑπομαραίνεσθαιο
3776 5058 3876 5103 καὶ

2241 5132 2386 5187 δοκεῖ
2441 5138 2531 5207 μὲν
2591 5142 2685 5196 τῆς
2739 5132 2824 5207 ἀφ’
2878 5133 3119 5208 ἐκατέρου
3174 5145 3273 5187 τῶν
3325 5138 3494 5209 οἶκρων
3546 5136 3760 5209 βλάϐης
3818 5160 3875 5193 τε

2240 5229 2328 5276 καὶ
2374 5229 2562 5285 κακίας
2606 5222 2891 5295 ἀφεστάναι
2925 5242 2937 5255 ·
2974 5220 3124 5276 οὐδὲν
3157 5221 3215 5276 δὲ
3246 5226 3401 5282 ἧττον
3450 5236 3542 5287 τῆς
3575 5226 3624 5278 ἐν
3664 5226 3873 5301 ἀμφοῖν

2244 5316 2593 5387 θεωρουμένης
2662 5314 2964 5387 μοχθηρίας
3037 5318 3279 5385 μετέχον,
3352 5314 3425 5375 εἰς
3499 5321 3721 5379 καπνόν,
3800 5323 3879 5381 ὡς

2241 5402 2458 5469 ἀληθῶς,
2492 5402 2581 5455 καὶ
2612 5401 2679 5462 εἰς
2725 5405 2846 5475 ὄναρ
2882 5400 2909 5442 ά
2940 5398 3212 5455 διαλύεται
3245 5420 3257 5433 ·
3294 5403 3421 5456 αὖτό
3476 5399 3535 5457 δε
3579 5408 3641 5456 τό
3691 5415 3763 5477 γῆ
3774 5426 3882 5482 ρας

1794 5524 2024 5581 VARle
2069 5527 2481 5584 LECTIONES.

591 5629 649 5679 τὸ
691 5633 885 5701 γῆρας.
