4026 6196
191 282 306 339 953

1149 283 1240 339 AD
1285 283 1821 343 AMPHILOCHIUM
1859 285 2186 354 QUESTIO
2223 289 2398 356 CCVI,
2433 289 2642 348 CCVII.

3455 301 3564 357 954

190 413 250 460 τί
285 425 301 474 ;
340 405 436 458 κᾶν
485 401 636 458 οὐδὲν
688 407 835 478 ἡμεῖς
885 405 1115 480 ἐροῦμεν,
1169 408 1296 460 αύτό
1347 417 1506 462 πᾶσιν
1546 412 1706 462 αὑτοῦ
1739 414 1802 463 τὰ

1914 417 2113 469 tamen
2139 415 2393 472 miserias
2423 433 2606 488 quam
2630 416 2909 490 utrinque
2934 416 3072 474 licet
3097 419 3565 493 deprehendere,

193 500 366 561 πάθη,
398 501 489 548 καὶ
520 499 580 548 τὸ
613 494 793 568 βάρος,
829 501 920 548 καὶ
950 501 1042 554 τὴν
1086 497 1427 568 χαλεπότητα
1467 496 1798 574 διακέκραγε.

193 591 291 638 καὶ
344 589 424 638 ὃτι
479 589 570 638 καὶ
613 593 884 660 κονιορτοῦ
948 590 1036 638 καί
1094 595 1293 639 καπνοῦ
1349 592 1440 640 καὶ
1509 595 1662 651 σκιᾶς
1714 594 1803 641 καὶ

194 675 419 747 ὀνείρου,
466 678 555 725 καὶ
606 675 811 725 πάντων
864 673 1004 726 ἐστὶν
1061 675 1408 750 εὐτελέστερον
1453 696 1506 729 τε
1550 683 1638 730 καὶ
1669 676 1807 749 ἀμυ-

197 760 468 836 δρότερον.
517 769 632 824 Πῶς
685 758 772 814 οὖν
816 765 928 815 ἔστι
963 770 1140 835 φυγεῖν
1172 767 1238 816 τὰ
1269 766 1407 817 κακά
1449 783 1462 831 ;
1502 769 1648 818 Κατὰ
1675 774 1803 818 παῖ-

196 849 275 906 δα
329 856 440 917 μὲν,
507 849 720 922 ἀγωγῆς
788 858 1022 924 τυχόντα
1073 862 1318 926 χρηστῆς
1383 859 1473 906 καὶ
1533 860 1803 928 σωφρόνων

191 938 575 1011 παιδαγωγῶν·
633 941 757 1014 ὅπερ
807 937 924 992 οὐδ’
970 939 1018 992 ἐν
1067 943 1192 1014 ἡμῖν
1241 941 1403 1007 ἐστιν,
1437 941 1544 994 ἀλλ’
1594 944 1644 994 ἐν
1691 951 1804 1006 ταῖς

191 1039 296 1082 τῶν
354 1034 600 1082 τεκόντων
669 1030 698 1087 ἡ
749 1037 850 1082 τῶν
894 1029 1185 1105 ἐπιτρόπων
1249 1037 1529 1104 φροντίσιν·
1585 1031 1634 1083 ἐν
1696 1037 1803 1084 νεό-

191 1138 317 1176 τητι
358 1115 439 1186 δε,
474 1120 588 1171 καθ’
636 1119 698 1178 ἣν
746 1118 970 1190 ἄρχεται
999 1125 1089 1171 καὶ
1120 1123 1177 1172 τό
1218 1122 1485 1194 ἡμέτερον,
1542 1117 1636 1172 διὰ
1683 1141 1806 1192 σφο-

191 1205 458 1282 δροτάτου
517 1207 734 1279 χαλινοῦ
795 1213 885 1260 καὶ
933 1207 1320 1283 ἀκριϐεστάτης
1380 1206 1704 1270 παιδεύσεως
1751 1230 1806 1262 τε

190 1302 284 1350 καὶ
311 1301 608 1369 γυμνασίας
656 1302 746 1348 καὶ
795 1303 1186 1360 συνασκήσεως·
1247 1301 1382 1350 κατὰ
1427 1295 1486 1350 δε
1516 1303 1608 1356 τὴν
1639 1302 1804 1370 μέσην

190 1386 426 1451 ηλικιάν,
464 1382 560 1438 διὰ
605 1405 658 1438 τε
706 1394 798 1438 τοῦ
837 1389 1378 1460 προκαταρτισθεντος
1424 1392 1514 1440 καὶ
1553 1407 1804 1460 προεντυ-

189 1477 457 1535 πωθέντος
511 1484 573 1547 τῇ
618 1474 772 1546 ψυχῇ
825 1477 988 1536 ἔθους·
1033 1478 1058 1527 ὅ
1103 1482 1192 1528 καὶ
1233 1481 1488 1548 μεγίστην
1536 1479 1649 1548 ἔχει
1677 1481 1807 1549 πρὸς

189 1569 259 1616 τα
291 1565 408 1627 ἑξῆς
446 1567 828 1638 κατορθώματα
872 1570 965 1622 τὴν
1014 1566 1192 1636 ἰσχύν,
1233 1570 1322 1616 καὶ
1354 1562 1448 1617 διὰ
1475 1574 1571 1627 τῆς
1619 1568 1806 1636 ὁμοίας

193 1651 444 1716 σπουδῆς
486 1659 577 1706 καὶ
623 1652 914 1725 ἐπιμελείας
960 1662 1050 1714 τῆς
1089 1654 1203 1706 κατ’
1251 1653 1438 1727 ἀρετὴν
1482 1654 1802 1716 τελειώσεως.

189 1745 277 1812 Τῷ
333 1739 388 1794 δ’
447 1743 582 1794 οὕτω
640 1742 816 1794 λοιπόν
869 1743 1274 1815 οἰκονομήσαντι
1320 1749 1411 1795 καὶ
1461 1740 1807 1814 διακυϐερνή-

191 1851 348 1884 σαντι
381 1835 466 1883 τόν
508 1829 644 1904 βίον,
695 1832 852 1902 λιμὴν
884 1831 1170 1890 ἀπαντήσει
1202 1836 1257 1884 τὸ
1289 1840 1480 1904 γῆρας,
1513 1837 1600 1884 καὶ
1639 1838 1805 1884 πόνων

189 1920 516 1985 ἀνάπαυσις,
546 1929 640 1980 τῆς
671 1924 806 1972 κατὰ
848 1920 1035 1992 ψυχὴν
1063 1918 1225 1979 ηδονῆ
1239 1940 1276 1981 ς,
1328 1927 1417 1972 καὶ
1463 1923 1598 1982 θείας
1628 1921 1806 1995 εὖφρο-

194 2013 358 2068 σύνης
405 2011 500 2070 τὰς
547 2007 647 2061 ἀπὸ
701 2017 791 2061 τοῦ
843 2015 1084 2081 σώματος
1112 2009 1279 2069 λύπας
1308 2012 1710 2081 παρώθουμένης
1753 2029 1806 2062 τε

190 2104 286 2150 καὶ
333 2098 797 2170 ἀποκρυπτούσης,
850 2103 939 2150 καὶ
987 2101 1264 2170 μακάριον,
1310 2101 1380 2160 ὡς
1411 2097 1634 2161 ἀληθῶς,
1669 2097 1802 2150 ἀπο-

195 2190 491 2259 φαινούσης
520 2191 605 2238 τόν
625 2188 912 2259 ἄνθρωπον.
944 2192 1009 2239 Σύ
1045 2184 1105 2240 δέ
1134 2207 1242 2259 μοι,
1272 2190 1464 2251 τέκνον,
1497 2192 1568 2259 μὴ
1599 2191 1750 2260 μόνον
1772 2187 1807 2238 οἶ

191 2281 384 2351 γράφω
414 2279 689 2352 προθύμως
720 2275 1059 2347 ἀναγίνωσκε,
1107 2276 1234 2328 ἀλλὰ
1280 2282 1368 2330 καὶ
1401 2273 1436 2330 δ
1441 2280 1495 2329 ιὰ
1515 2285 1613 2328 τῶν
1645 2281 1804 2350 ἔργων

192 2367 590 2440 προθυμόθερον
621 2365 950 2437 ἰπιγίνωσκε.

1915 504 2203 575 particeps
2235 504 2318 571 ﬁt,
2358 505 2545 562 donec
2577 505 2635 561 in
2686 511 3069 577 senectutem,
3128 509 3360 567 fumum
3395 519 3453 568 et
3481 515 3569 570 in-

1914 593 2214 648 somnium
2259 611 2489 650 merum
2530 595 2914 651 dissolvatur.
2957 600 3099 652 Nam
3133 600 3280 670 quid
3317 603 3568 674 (quaso)

1913 679 2048 750 ipsa
2078 689 2348 738 senectus
2379 686 2683 740 censenda
2712 685 2740 739 7
2773 687 3080 758 Utcunque
3111 703 3220 742 nos
3247 687 3344 744 hic
3381 696 3567 748 tacue-

1912 770 2124 838 rimus,
2156 771 2287 842 ipsa
2328 789 2430 844 per
2460 791 2521 829 se
2553 774 2802 844 singulis
2842 791 2982 831 suas
3021 777 3349 846 passiones,
3389 795 3568 850 grave

1913 873 2090 929 onus,
2119 859 2494 918 difficultates
2536 863 2938 935 proclamabit
2969 881 2982 930 ;
3011 880 3139 920 esse
3171 866 3364 937 ipsam
3398 871 3571 928 nimi-

1914 962 2046 1002 rum
2063 951 2316 1018 pulvere,
2342 951 2528 1021 fumo,
2559 951 2791 1018 umbra,
2822 969 3057 1016 somno,
3087 956 3370 1012 omnibus
3386 958 3568 1015 rebus

1916 1037 2098 1105 magis
2155 1038 2582 1110 despicabilem
2649 1047 2707 1096 et
2762 1042 3194 1098 obscuriorem.
3257 1047 3571 1111 Quomodo

1915 1125 2212 1196 possimus
2253 1127 2431 1197 igitur
2461 1130 2621 1185 mala
2668 1129 2933 1186 devitarc
2965 1136 2988 1182 7
3019 1133 3297 1200 Omnino,
3349 1137 3400 1191 si
3456 1153 3561 1208 per

1915 1219 2151 1270 aetatem
2177 1217 2468 1288 puerilem
2515 1223 2678 1273 recta
2719 1224 2956 1275 utamur
2995 1221 3388 1288 institutione,
3427 1241 3570 1297 pru-

1914 1304 2122 1360 dentes
2153 1306 2310 1361 nacti
2352 1306 2785 1363 informatores.
2820 1311 2946 1364 Non
2982 1314 3072 1364 est
3107 1310 3223 1368 hoc
3262 1313 3321 1366 in
3363 1319 3572 1370 nostra

1917 1392 2097 1448 situm
2113 1400 2420 1465 potestate,
2437 1396 2540 1450 sed
2565 1401 2792 1468 spectat
2815 1398 2891 1453 ad
2916 1406 3189 1469 parentes
3223 1401 3311 1456 vel
3350 1407 3570 1458 tutores

1916 1480 1976 1535 id
2006 1497 2234 1538 curare.
2269 1483 2378 1538 Per
2411 1484 2878 1542 adolescentiam
2938 1503 3100 1553 vero,
3156 1505 3296 1545 cum
3348 1496 3568 1547 nostra)

1917 1575 2114 1640 partes
2151 1572 2245 1640 agi
2289 1573 2598 1644 coeperint,
2659 1590 2764 1645 per
2830 1575 3178 1633 adductiora
3236 1579 3420 1647 frena,
3471 1597 3570 1636 ex-

1915 1659 2283 1716 actissimam
2308 1662 2760 1726 institutionem,
2787 1664 3137 1722 exercitium
3164 1669 3461 1724 etascesin
3476 1685 3572 1725 co-

1845 1782 1884 1834 Β
1916 1755 2152 1804 euntem
2190 1767 2203 1805 :
2264 1751 2378 1806 sub
2417 1756 2592 1808 {etate
2633 1757 2889 1818 matura,
2947 1769 3052 1825 per
3098 1757 3464 1828 compositos
3515 1767 3572 1814 et

1915 1845 2294 1912 comparatos
2321 1843 2502 1913 prius,
2535 1848 2589 1897 et
2621 1844 2799 1898 menti
2833 1845 3293 1917 praainsculplos
3324 1863 3520 1904 mores
3551 1864 3568 1902 :

1919 1929 2070 1983 unde
2093 1945 2338 1986 summa
2359 1938 2413 1985 et
2431 1931 2726 2001 praecipua
2744 1937 3004 2002 potestas
3023 1936 3303 1990 accrescit
3321 1937 3397 1992 ad
3415 1943 3571 1993 recte

1915 2019 2341 2089 consequentia
2367 2020 2819 2085 conformanda,
2859 2026 2917 2076 ut
2941 2022 3223 2078 nimirum
3245 2040 3348 2096 per
3376 2027 3572 2082 consi-

1917 2106 2052 2161 mile
2084 2107 2346 2162 studium
2379 2108 2826 2178 etdiligentiam
2856 2110 3211 2175 adhibitam,
3246 2113 3428 2168 virtus
3451 2119 3574 2170 tan-

1914 2195 2053 2250 dem
2079 2201 2555 2252 consummatur.
2586 2199 2647 2252 Ei
2675 2200 2991 2270 porro,qui
3023 2200 3101 2254 ad
3133 2200 3291 2256 hunc
3317 2201 3569 2258 modum

1916 2275 2097 2330 vitam
2166 2293 2337 2330 suam
2405 2279 2809 2349 composuerit
2871 2285 2924 2333 et
2955 2278 3253 2345 direxerit,
3295 2281 3573 2338 offeretur

1917 2364 2160 2420 tandem
2183 2380 2291 2434 pro
2324 2371 2496 2436 portu
2517 2370 2809 2432 senectus,
2838 2365 3109 2423 laborum
3139 2370 3394 2442 requies,
3429 2387 3574 2441 gau-

188 2454 275 2510 dii
306 2454 495 2526 (quod
523 2455 854 2511 secundum
876 2457 1060 2510 Deum
1087 2454 1196 2525 est)
1220 2455 1651 2526 repositorium,
1681 2470 1804 2527 quo
1827 2470 1862 2510 a
1881 2469 2126 2524 corpore
2153 2453 2386 2510 dolores
2416 2455 2840 2521 amandantur,
2864 2457 3254 2528 occultantur,
3291 2465 3350 2515 et
3382 2460 3566 2532 plane

191 2543 413 2600 beatus
452 2544 631 2599 homo
673 2543 916 2600 tandem
956 2545 1344 2600 renuntiatur.
1387 2547 1467 2599 Tu
1498 2549 1720 2608 autem,
1759 2542 1861 2607 ﬁli,

1917 2544 2030 2608 iac,
2065 2557 2186 2597 non
2225 2547 2457 2599 tantum
2495 2550 2556 2599 ut
2583 2543 2887 2601 lubentius
2925 2546 3194 2618 perlegas
3229 2563 3366 2620 quas
3399 2565 3431 2604 a
3473 2565 3567 2605 me

193 2633 543 2689 scribuntur
573 2649 586 2699 ;
616 2633 722 2688 sed
759 2632 944 2688 multo
977 2632 1304 2688 studiosius
1334 2633 1548 2689 eadem
1581 2648 1687 2705 per
1715 2631 2100 2704 operationes
2131 2631 2294 2703 ipsas
2325 2648 2711 2702 recognosce.

778 2754 1090 2802 ΕΡΩΤΗΣΙΣ
1131 2750 1237 2803 ΣΖ¹.

195 2916 326 2984 Περὶ
358 2917 468 2963 τοῦ·
525 2929 554 2961 ι(
631 2913 730 2972 Θές
787 2915 878 2969 τὴν
923 2912 1083 2986 χεῖρά
1159 2930 1254 2963 σου
1329 2913 1428 2964 ύπό
1503 2914 1589 2964 τὸν
1637 2914 1802 2985 μηρόν

911 3001 1034 3054 μου.
1064 3003 1085 3031 ι

2059 2747 2392 2814 ΟΗΕΞΤΙΟ
2425 2747 3206 2894 ορνξξὲχίέιίξῖἵροχχχνι,
3239 2753 3420 2810 Taur.

1914 2907 1998 2964 De
2023 2910 2150 2964 loco
2192 2908 2374 2977 illo,«
2422 2909 2582 2965 Pone
2637 2925 2879 2966 manum
2923 2915 3083 2966 tuam
3142 2927 3326 2981 super
3369 2913 3564 2982 femur

2609 2995 2820 3036 meum.
2855 3003 2876 3030 ι

528 3133 679 3183 Edita
707 3148 739 3182 a
764 3133 1090 3183 Montacutio
1119 3135 1133 3194 (
1161 3147 1243 3198 ep,
1277 3135 1334 3183 74
1365 3134 1432 3183 ad
1465 3133 1707 3197 Eulamp.
1737 3148 1789 3197 p.
1819 3132 2021 3181 122.123
2045 3136 2081 3191 ).
2109 3157 2171 3168 —
2197 3130 2512 3194 Explanatio
2540 3131 2826 3180 verborum
2861 3131 2986 3182 Gen.
3022 3145 3164 3190 xxxv,
3194 3134 3241 3183 2.

270 3288 297 3319 «
341 3271 437 3328 Θὶς
464 3271 557 3326 τὴν
583 3269 740 3342 χεῖρά
776 3286 867 3320 σου
897 3269 998 3320 ύπό
1029 3271 1115 3320 τὸν
1141 3272 1307 3343 μηρόν
1346 3288 1467 3340 μου,
1514 3290 1540 3317 ››
1575 3272 1732 3340 φησὶν
1772 3269 1797 3319 ό
1832 3249 1872 3304 C

193 3359 536 3432 πατριάρχης
575 3357 833 3431 Ἀϐραὰμ·
869 3353 966 3409 δύο
995 3365 1163 3409 ταῦτα
1190 3353 1508 3432 παραδηλῶν
1540 3366 1610 3428 τῷ
1638 3377 1800 3430 νυμφ-

194 3467 394 3518 αγωγῳ
443 3449 756 3519 προστάττει
809 3448 1101 3519 θεράποντι·
1167 3448 1215 3498 ἓν
1276 3451 1366 3519 μὲν
1420 3451 1510 3499 καὶ
1573 3450 1796 3519 πρόχει-

194 3555 309 3608 ρον,
369 3538 458 3585 τόν
499 3536 647 3608 ὅρκον
691 3534 756 3596 εἰς
800 3539 857 3587 τὸ
911 3543 1001 3596 τῆς
1049 3544 1334 3609 περιτομῆς
1367 3534 1649 3608 σεϐάσμιον
1691 3533 1800 3586 εἰσ-

196 3628 569 3698 πραττόμενος·
624 3620 861 3697 δεύτερον
919 3620 978 3676 δὲ
1021 3629 1111 3676 καὶ
1153 3627 1440 3698 νοούμενον,
1491 3625 1563 3686 εἰς
1608 3627 1694 3676 τὸν
1748 3622 1800 3686 ἐξ

196 3713 366 3765 αὑτοῦ
431 3714 815 3786 τεχθησόμενον
875 3717 1105 3786 Χριστόν
1151 3719 1241 3766 καὶ
1297 3718 1424 3767 Θεὸν
1492 3715 1656 3785 ἡμῶν·
1718 3709 1794 3764 δε-

197 3804 406 3874 σμεύων
461 3802 633 3867 αὐτόν,
689 3808 778 3855 καὶ
809 3803 1032 3878 εὐορκεῖν
1078 3806 1160 3855 ἐπὶ
1190 3803 1337 3856 πλέον
1371 3802 1794 3874 ἀσφαλιζόμενος,

191 3891 307 3964 ἅμα
366 3887 425 3943 δε
481 3896 571 3943 καὶ
617 3893 1000 3964 προθυμότερον
1078 3891 1232 3944 αὐτὸν
1290 3891 1651 3965 ἐργαζόμενος,
1712 3889 1799 3942 άτε

197 3979 267 4039 δὴ
329 3984 506 4054 ἔφορον
549 3985 637 4032 καὶ
681 3983 924 4053 μάρτυρα
955 3991 1052 4033 τῶν
1089 3979 1172 4033 ἐπὶ
1215 3985 1562 4054 νυμφαγωγία
1613 3981 1796 4053 ὅρκων,

188 4071 286 4123 οὐκ
344 4068 494 4121 ἄλλον
543 4069 682 4140 αύτῷ
736 4068 1086 4142 ἐφιστάμενος,
1155 4069 1263 4121 ἀλλ’
1315 4069 1523 4134 ἐκεῖνον,
1581 4071 1631 4129 ὃς
1709 4071 1798 4119 καὶ

186 4163 585 4233 προϋπέσχετο,
663 4161 731 4220 ὡς
801 4162 866 4210 τὰ
941 4157 1114 4232 ἄστρα
1168 4167 1258 4212 τοῦ
1321 4159 1561 4234 ούρανοῦ,
1633 4161 1690 4209 τὸ
1750 4155 1797 4208 ἐν

187 4249 381 4316 Ἰσαὰκ
430 4247 590 4300 αὐτοῦ
645 4252 853 4322 σπέρμα
893 4247 1371 4308 πληθυνθήσεσθαι·
1427 4252 1517 4299 καὶ
1577 4243 1798 4306 δυνατός

187 4337 306 4390 ἔστι
358 4341 515 4410 πέρας
558 4335 807 4389 ἐπιθεῖναι
859 4344 970 4398 ταῖς
1018 4339 1367 4410 ὑποσχέσεσι,
1414 4341 1502 4388 καὶ
1543 4334 1797 4407 ἀμεταμε-

183 4427 385 4488 λητους
430 4423 540 4478 οἶδε
570 4429 656 4486 τὰς
706 4423 902 4498 δωρεὰς
946 4431 1034 4479 καὶ
1076 4430 1165 4489 τὰς
1209 4429 1458 4500 χάριτας·
1513 4428 1795 4497 μονονουχὶ

185 4523 281 4570 καὶ
334 4517 653 4588 ἐννοούμενος
695 4522 784 4569 καὶ
825 4516 1004 4588 λέγων,
1052 4516 1122 4569 Ὦ
1149 4525 1247 4569 παῖ
1288 4524 1379 4568 τοῦ
1424 4515 1546 4588 ἐμοῦ
1576 4520 1794 4586 γνησίου

185 4609 511 4679 νυμφαγωγὲ
578 4601 793 4670 παιδὸς,
873 4608 1276 4678 προθυμηθῆναι
1345 4603 1452 4657 δέοι
1512 4609 1666 4676 μόνον
1730 4611 1789 4676 τῇ
1827 4602 1872 4657 D

187 4698 485 4768 ὑπηρεσίᾳ,
540 4699 840 4767 προαίρεσιν
896 4691 1191 4747 σπουδαίαν
1245 4695 1566 4765 εἰσενεγκεῖν,
1625 4696 1689 4745 τὰ
1742 4689 1791 4744 δ’

186 4785 328 4837 ἄλλα
376 4783 570 4856 ῥᾷστον
612 4783 789 4835 ἀνύσει
836 4785 861 4834 ὁ
913 4789 1001 4836 καὶ
1047 4793 1137 4846 τῆς
1182 4786 1516 4856 ὁρκωμοσίας
1567 4781 1792 4843 ἐπόπτης

185 4881 281 4927 καὶ
311 4876 530 4947 μάρτυς,
573 4878 661 4925 καὶ
699 4876 791 4934 τὰς
829 4881 922 4934 τῆς
952 4870 1306 4934 πολυπαιδίας
1349 4875 1664 4944 ὑποσχέσεις
1695 4869 1794 4924 δω-

185 4966 510 5038 ρησάμενος.
562 4967 660 5015 Καὶ
722 4964 817 5035 ὅρα
868 4965 935 5023 ὡς
983 4961 1227 5034 φιλοθέως
1281 4961 1391 5014 λίαν
1449 4967 1536 5014 καὶ⁵
1589 4961 1794 5021 εὶκοτως

183 5058 278 5106 τόν
333 5051 415 5105 ἐπὶ
455 5047 768 5123 παιδογονίᾳ
815 5059 906 5103 τοῦ
958 5054 1080 5105 Υὶοῦ
1132 5057 1343 5124 μεσίτην
1392 5050 1649 5123 ἐσόμενον,
1700 5058 1795 5110 τῆς

187 5139 489 5219 σιφραγῖδος
547 5141 849 5214 ἁπτόμενον,
906 5144 966 5200 ἣν
1020 5149 1114 5203 τῆς
1160 5140 1207 5192 ἓν
1264 5145 1438 5193 πίστει
1485 5140 1793 5211 πολυγονίας

186 5240 410 5305 σημεῖον
460 5229 654 5297 ἶλαϐεν,
715 5231 916 5304 ὀμνύειν
967 5235 1334 5304 προσέταττεν·
1392 5232 1473 5281 ἱνα
1525 5232 1689 5302 εἴπης,
1735 5228 1792 5281 '0

183 5309 336 5383 δοῦς’
365 5340 456 5393 μοι
493 5326 587 5378 τὴν
639 5325 938 5396 περιτομὴν,
989 5319 1145 5380 αύτός
1183 5317 1346 5373 ἔδωκε
1383 5323 1440 5371 τὸ
1490 5323 1578 5392 μεν
1624 5325 1793 5372 Χανα-

181 5418 331 5463 ναῖον
377 5413 538 5482 γένος,
588 5409 704 5482 μεθ’
744 5409 810 5460 ὧν
857 5407 956 5480 ἐγὼ
993 5417 1247 5482 παροικῷ,
1295 5407 1569 5482 ἐπάρατον,
1609 5410 1659 5460 ἓν
1709 5407 1794 5460 εύ-

179 5499 388 5572 λογίαις
433 5495 492 5552 δε
517 5501 572 5551 τό
604 5500 869 5572 ἡμέτερον.
898 5494 1040 5550 Ἰδοὺ
1071 5503 1241 5550 τοίνυν
1270 5506 1365 5560 τῆς
1397 5500 1536 5559 θείας
1575 5496 1793 5570 ἐφαπτό-

184 5608 338 5662 μενον
389 5585 697 5662 σφραγῖδος,
759 5591 845 5639 τόν
900 5589 1180 5660 νομοθέτην
1211 5589 1405 5649 ταύτης
1450 5586 1665 5660 ὀμνύναι
1706 5605 1794 5638 κε-

180 5679 340 5746 λεύω,
385 5682 456 5752 μὴ
508 5679 569 5730 οἶν
617 5676 780 5738 ἄλλως
810 5683 992 5742 ποιεῖν,
1027 5678 1056 5736 ἣ
1106 5679 1176 5739 ὡς
1209 5675 1384 5750 ἆκείνῳ
1413 5684 1485 5748 τῷ
1514 5683 1608 5738 τῆς
1638 5675 1790 5728 πολυ-

1985 3286 2012 3317 (ι
2036 3265 2200 3323 Pone
2239 3281 2488 3321 manum
2523 3273 2688 3322 tuam
2729 3266 2841 3322 sub
2872 3266 3095 3323 femore
3128 3283 3282 3331 meo,
3314 3289 3338 3319 υ
3367 3268 3562 3341 inquit

1907 3354 2283 3410 Abrahamus
2317 3355 2654 3427 patriarcha
2687 3375 2699 3411 :
2734 3356 2856 3413 duo
2888 3357 3004 3412 ista
3036 3357 3426 3413 subindicans
3456 3358 3564 3414 mi-

1905 3444 2096 3500 nistro
2119 3446 2570 3518 nymphagogo,
2601 3445 2662 3501 in
2677 3446 2979 3502 mandatis
3005 3446 3108 3503 dat
3141 3464 3153 3503 :
3183 3448 3349 3519 prius
3377 3452 3485 3514 est,
3506 3453 3565 3504 et

1907 3533 1965 3588 in
1999 3540 2297 3607 promptu,
2326 3535 2490 3606 quod
2515 3535 2947 3606 jusjurandum
2971 3537 3029 3591 in
3048 3536 3275 3592 honore
3306 3537 3560 3594 circum-

1907 3622 2144 3678 cisionis
2176 3623 2400 3679 inducit
2430 3641 2448 3690 ;
2477 3624 2809 3680 secundum
2849 3630 2941 3681 est
2979 3630 3036 3680 et
3058 3624 3559 3693 subintellectum,

1907 3712 1966 3767 id
1991 3713 2154 3784 quod
2187 3713 2264 3768 ad
2295 3728 2432 3768 eum
2459 3713 2706 3769 refertur
2736 3715 2838 3786 qui
2861 3731 2928 3769 ex
2957 3730 3019 3770 se
3044 3715 3384 3772 nasciturus
3414 3721 3560 3782 erat,

1908 3801 2200 3858 Christum
2238 3803 2421 3860 Deum
2470 3808 2742 3859 nostrum
2775 3821 2788 3872 ;
2822 3804 3075 3860 vinculis
3105 3820 3242 3860 eum
3275 3806 3566 3861 constrin-

1907 3906 2068 3960 gens,
2099 3897 2153 3948 et
2176 3894 2607 3964 rectejurando
2633 3894 2999 3949 confirmans
3039 3893 3229 3962 illum,
3267 3910 3335 3950 ac
3361 3894 3560 3966 ipsum

1906 3981 2162 4036 reddens
2190 3982 2618 4053 promptiorem
2631 3982 2707 4036 ad
2722 3982 3110 4054 exsequenda
3128 3982 3440 4046 mandata,
3473 3983 3560 4039 in-

1909 4075 2240 4139 spectorem
2273 4076 2328 4125 et
2359 4075 2587 4136 testem,
2623 4069 3013 4124 conciliandae
3057 4070 3252 4124 uxoris
3281 4070 3342 4124 in
3373 4085 3557 4139 nego-

1906 4158 2006 4222 tio,
2026 4158 2413 4230 iurisjurandi
2429 4176 2585 4223 eum,
2607 4159 2877 4230 inquam,
2904 4158 3334 4230 praeponenda,
3354 4163 3554 4215 etnon

1906 4245 2114 4310 alium,
2143 4246 2245 4317 qui
2285 4247 2451 4319 prius
2510 4247 2861 4318 promiserat
2917 4245 3205 4312 futurum,
3251 4252 3312 4302 ut
3350 4261 3558 4304 semen

1905 4336 2089 4406 ipsius
2115 4335 2188 4391 de
2229 4336 2436 4391 Isaaco
2485 4335 2979 4406 multiplicaretur
3034 4335 3556 4407 quemadmodum

1905 4423 2035 4479 coeli
2076 4423 2272 4480 sidera
2314 4441 2328 4478 :
2377 4423 2598 4495 quibus
2641 4423 2940 4494 promissis
2973 4424 3555 4480 consummationem

1904 4513 2184 4567 inducere
2228 4516 2464 4584 poterat
2492 4512 2593 4584 qui
2625 4512 2782 4568 dona
2822 4528 2932 4568 sua
2962 4517 3141 4584 atque
3173 4511 3396 4582 gratias
3426 4511 3552 4569 sine

1904 4601 2248 4674 paenitentia
2279 4601 2580 4671 elargitur,
2594 4606 2827 4657 tantum
2853 4617 2976 4657 non
3007 4601 3368 4672 cogitatione
3393 4616 3556 4657 com-

1901 4691 2111 4763 plexus
2135 4695 2190 4746 et
2219 4689 2429 4745 effatus
2473 4689 2588 4746 ista
2629 4706 2642 4744 :
2687 4691 2730 4746 Ο
2755 4689 2978 4746 famule
3000 4689 3427 4762 nymphagoge
3459 4704 3559 4762 ge-

1904 4778 2070 4834 nuini
2105 4779 2217 4835 mei
2248 4778 2368 4843 ﬁlii,
2397 4794 2551 4850 opus
2582 4784 2812 4835 tantum
2837 4778 2939 4834 tibi
2965 4783 3053 4834 est
3083 4784 3146 4834 ut
3175 4783 3452 4850 prompto
3471 4778 3555 4834 sis

1905 4869 2106 4924 animo
2127 4874 2182 4924 et
2204 4868 2573 4941 propositum
2605 4867 2874 4924 sedulum
2911 4868 2969 4922 in
3001 4867 3386 4939 exsequendo
3407 4883 3556 4940 prae-

1904 4965 2020 5013 stes
2043 4957 2394 5026 ministerio,
2437 4962 2647 5013 caetera
2678 4956 2786 5012 levi
2811 4956 3058 5012 brachio
3090 4954 3422 5028 perﬁcietis,
3451 4957 3556 5030 qui

1899 5046 2237 5117 jusjurandi
2265 5051 2504 5102 curator
2543 5046 2768 5101 ettestis
2784 5044 3125 5109 adhibetur,
3154 5045 3259 5116 qui
3289 5044 3364 5101 de
3398 5045 3554 5101 mul-

1903 5135 2228 5206 tiplicanda
2245 5134 2408 5206 prole
2447 5134 2761 5206 stipulatus
2781 5139 2886 5189 est.
2909 5133 3140 5190 Videsis
3164 5138 3364 5190 autem
3407 5133 3557 5190 mihi

1902 5230 2130 5296 quanto
2161 5240 2299 5280 cum
2326 5239 2529 5279 amore
2554 5223 2678 5292 Dei,
2698 5227 2756 5279 et
2775 5238 2959 5296 quam
2977 5224 3135 5294 juste
3161 5223 3554 5280 mediatorem

1903 5314 2170 5370 futurum
2223 5311 2681 5384 multiplicandaa
2720 5312 2779 5367 in
2826 5311 2946 5368 ﬁlio
2987 5312 3170 5384 prolis
3209 5329 3318 5386 per
3356 5317 3558 5369 conta-

1903 5409 2063 5461 ctum
2096 5403 2288 5475 sigilli,
2312 5402 2478 5476 quod
2499 5401 3118 5460 indiciuméﬁdelitatis
3149 5404 3210 5459 in
3241 5403 3558 5475 ﬁde-poly-

1902 5494 2098 5566 goniaa
2128 5498 2458 5565 acceperat,
2483 5493 2684 5564 jurare
2718 5492 2918 5564 jussit,
2951 5493 3128 5564 quasi
3157 5493 3378 5549 diceret
3405 5509 3419 5548 :
3444 5490 3554 5557 Qui

1900 5584 2064 5640 dedit
2085 5583 2229 5640 mihi
2257 5581 2794 5650 circumcisionem,
2812 5583 3288 5640 Chananaaorum
3314 5585 3551 5652 gentem

1901 5673 2221 5748 interquos
2277 5673 2604 5748 inquilinus
2659 5689 2887 5739 versor,
2930 5679 3300 5730 exsecratum
3342 5669 3552 5737 habet,
