4076 6202
492 273 599 331 955

1712 277 1952 335 ΡΗΟΤῙῙ
1990 275 2474 334 ΡΑΤΒΙΑΒΟΗΑΞ
2512 279 2619 335 CP.

3764 283 3868 337 956

482 403 753 456 nostram
775 413 913 455 vero
936 397 1335 456 benedictam.
1360 401 1715 472 Videigitur,
1763 408 1829 459 ut
1869 409 1923 460 te
1957 403 2121 459 divin

2249 408 2447 464 τεκνίας
2499 400 2707 477 δοτῆρι,
2758 406 3110 477 χαριούμεθα,
3150 402 3204 467 ἕξ
3250 404 3535 476 ὁμογενοῦς
3588 425 3874 477 νυμφαγω-

485 488 659 558 sigilli
715 493 990 543 contactu
1024 488 1423 559 legislatorem
1457 492 1583 562 ejus
1615 493 1892 562 adjurare
1931 492 2136 563 jubeo,

483 582 539 633 te
569 593 688 633 non
721 577 890 632 aliter
928 576 1222 633 facturum
1254 594 1437 650 quam
1474 585 1537 635 ut
1575 581 1690 652 ipsi
1732 581 1914 652 prolis
1944 581 2136 636 multi-

482 666 715 739 plicatae
746 666 1005 737 largitori
1044 673 1279 737 gratum
1317 673 1373 724 et
1431 676 1743 741 acceptum
1778 671 1966 735 fuerit,
2022 670 2136 725 hoc

485 761 590 821 est,
616 760 683 811 ut
711 756 785 811 de
816 757 1171 826 cognatione
1199 758 1460 828 puellam
1494 776 1628 815 meo
1657 759 1780 815 ﬁlio
1810 766 2134 832 nupturam

482 845 780 901 concilies.
812 848 873 900 ln
910 846 1022 901 hoc
1049 851 1246 901 autem
1306 849 1437 918 ipso
1460 848 1517 902 id
1570 854 1847 920 prmstare
1901 848 2135 903 videtur

481 934 650 997 mihi,
680 935 846 1006 quod
868 934 938 1000 is,
968 935 1071 1005 qui
1095 935 1306 990 eodem
1340 938 1523 992 modo
1553 938 1832 1008 pietatem
1861 938 1916 991 in
1949 940 2129 992 Deum

481 1023 637 1086 colit,
671 1024 783 1079 sub
814 1025 1003 1095 gratia
1038 1024 1261 1093 vivens,
1295 1032 1530 1081 curaret
1558 1026 1891 1095 diligenter,
1922 1042 2134 1096 nempe

481 1112 544 1167 in
572 1114 830 1168 medium
861 1113 1200 1185 producens
1234 1114 1419 1169 divini
1446 1122 1503 1171 et
1532 1116 1806 1171 salutaris
1851 1114 2135 1187 baptismi

482 1200 761 1271 insignia,
790 1209 845 1257 et
865 1202 1165 1273 symbola,
1186 1202 1299 1258 hoc
1312 1210 1421 1267 est,
1439 1204 1649 1260 stolam
1675 1204 1899 1269 albam,
1927 1212 1982 1259 et
2000 1220 2135 1275 quae

481 1298 694 1347 cetera
723 1297 996 1363 spectant
1034 1293 1109 1346 ad
1139 1293 1283 1347 illud
1323 1293 1573 1358 donum,
1616 1310 1686 1349 ac
1726 1293 2014 1364 deinceps
2043 1293 2135 1347 bis

479 1380 773 1435 contactis
800 1380 1036 1451 juberet
1057 1397 1193 1436 eum
1216 1383 1318 1453 qui
1344 1382 1719 1452 proﬁteretur
1745 1400 1807 1437 se
1838 1383 2133 1438 facturum

478 1469 645 1541 quod
687 1469 1057 1525 mandaverit
1094 1472 1395 1541 conceptis
1441 1472 1632 1525 verbis
1656 1472 1879 1541 jurare.
1941 1470 2134 1526 Habes

478 1558 581 1628 ita,
604 1560 838 1630 opinor,
869 1575 973 1629 per
998 1559 1312 1630 epistolam
1373 1561 1781 1631 praescriptam
1832 1576 2017 1631 quam
2046 1576 2130 1615 se-

2246 500 2416 563 γῆσαι
2443 498 2601 568 κόρην
2632 502 2705 563 τῷ
2752 491 2930 546 παιδί.
2975 497 3221 546 Τοιοῦτόν
3270 498 3323 545 τί
3357 512 3449 565 μοι
3478 498 3747 568 πράττειν
3788 492 3875 547 δο-

2246 588 2368 643 κῶν,
2416 583 2591 635 ὁποῖόν
2641 601 2694 635 τι
2739 592 2841 635 τῶν
2883 585 3089 654 ὁμοίων,
3145 582 3366 644 εὐσεϐὴς
3412 582 3570 655 ἀνὴρ,
3631 588 3734 635 καὶ
3776 593 3876 635 τῶν

2247 667 2295 719 ἐν
2324 678 2385 741 τῇ
2428 672 2633 744 χάριτι,
2686 668 3089 745 διαπραχθῆναι
3134 674 3441 743 ποιούμενος
3503 668 3876 743 σπούδασμι,

2247 757 2381 809 αύτοὶ
2436 778 2536 812 πον
2590 762 2903 834 προθέμενος
2960 763 3027 813 τὰ
3077 767 3169 812 τοῦ
3239 762 3375 812 θείου
3442 766 3535 813 καὶ
3597 768 3877 834 σωτηρίου

2249 845 2619 919 βαπτίσματος
2675 850 2930 921 σύμϐολα,
2987 855 3081 907 τήν
3123 868 3180 902 τε
3215 849 3401 907 λευκήν
3457 870 3599 922 φημι
3648 851 3877 915 στολὴν,

2245 941 2333 988 καὶ
2380 940 2445 988 τά
2491 936 2647 990 λοιπά
2705 946 2798 991 τοῦ
2857 935 3029 1012 δώρου
3102 941 3415 1013 παράσημα,
3496 940 3619 992 εἶτα
3670 943 3879 991 τούτων

2246 1025 2547 1097 ἀπτόμενον,
2599 1027 2666 1087 εἰς
2717 1028 2851 1079 αύτά
2884 1031 2971 1080 τόν
3019 1030 3169 1099 ὁρκον
3222 1030 3439 1100 ὑπέχειν
3480 1027 3753 1085 ἀπαιτοίη
3790 1034 3879 1081 τὸν

2246 1115 2609 1185 ὑπεσχημένον
2666 1118 3105 1191 ὑπηρετήσασθαι
3166 1125 3238 1186 τῷ
3292 1115 3622 1189 βουλήματι.
3680 1117 3881 1188 Ἔχεις

2246 1211 2542 1277 τοιγαροῦν,
2592 1205 2705 1257 κατ’
2756 1205 3053 1271 ἐπιστολήν,
3101 1204 3159 1256 ἐκ
3194 1214 3293 1257 τῶν
3343 1205 3654 1277 εἰρημένω,
3694 1204 3881 1278 οἶμαί,

2245 1297 2303 1345 τό
2355 1312 2409 1345 τε
2474 1294 2677 1365 εὔλογον
2724 1315 2813 1347 και
2858 1294 3140 1347 ἀκόλουθον
3186 1300 3277 1346 καὶ
3331 1294 3561 1366 θεοφιλὴς
3621 1305 3737 1357 τῆς
3786 1304 3882 1349 τοῦ

2247 1390 2435 1434 πιστοῦ
2479 1382 2717 1458 Ἀϐραὰμ
2761 1381 2999 1445 διανοίας
3038 1389 3129 1435 καὶ
3166 1383 3418 1456 πράξεως·
3468 1380 3541 1436 δι’
3587 1381 3661 1435 ὧν
3723 1385 3876 1456 λογι-

2248 1475 2375 1541 σμὸς
2417 1471 2556 1533 ἅπας
2602 1470 2835 1544 χυδαίος
2891 1479 2980 1526 καὶ
3022 1478 3381 1545 πεπατημένος
3426 1478 3518 1525 καὶ
3565 1472 3881 1546 ὁορτικείμεο

2244 1578 2329 1621 νος
2359 1558 2714 1617 ἀπελαύνεται.

475 1647 740 1702 cundum
773 1652 996 1702 rectam
1025 1648 1335 1712 rationem,
1379 1665 1557 1719 quam
1584 1650 1809 1719 justam
1848 1648 2339 1720 consequentiam
2370 1656 2424 1705 et
2454 1651 2734 1722 pietatem
2775 1650 2836 1706 in
2869 1653 3054 1706 Deum
3106 1650 3302 1706 ﬁdelis
3332 1650 3667 1720 Abraham,
3734 1650 3876 1706 hac

477 1736 793 1790 meditatus
849 1741 905 1791 et
954 1742 1229 1807 operatus
1290 1736 1517 1792 fuerat:
1557 1753 1698 1807 ergo
1754 1737 2031 1807 cogitatio
2105 1737 2302 1793 omnis
2360 1738 2509 1804 vilis,
2567 1740 2852 1812 projecta,
2913 1744 2971 1795 et
3037 1738 3294 1795 adversa
3350 1738 3589 1795 veritati
3656 1738 3879 1795 exclu-

476 1822 674 1879 datur.

584 1922 897 1986 QUESTIO
940 1922 1407 2051 Οϐνῐιὲἑξὲρῧῇἰ
1437 1922 1794 2068 JCCXXXVII,
1833 1925 2011 1980 Taur.

976 2118 1128 2168 Edita
1162 2132 1192 2169 a
1221 2119 1549 2169 Montacutio
1578 2121 1685 2183 (ep.
1721 2120 1781 2169 75
1806 2120 1871 2169 ad
1902 2118 2122 2169 Euschei

2234 2137 2261 2169 ι.
2297 2121 2385 2171 124
2414 2125 2447 2184 ).
2479 2150 2541 2158 —
2574 2122 2633 2172 In
2662 2122 2819 2173 Marc.
2847 2126 2960 2176 vrii.
3003 2123 3080 2179 15,
3109 2122 3187 2179 17,
3251 2122 3329 2172 18.

2800 1931 3114 1979 ΕΡΩΤΗΣΙΣ
3138 1924 3256 1980 ΣῐΓ.

2307 2252 2371 2299 Τί
2417 2248 2698 2320 θαυμάζεις
2734 2247 2847 2299 λίαν
2885 2252 2979 2306 τὴν
3029 2248 3112 2300 ἐπὶ
3159 2253 3265 2308 τοῖς
3306 2248 3484 2321 ἄρτοις
3521 2254 3627 2299 τῶν
3678 2246 3868 2320 μᾶθη-

2240 2344 2336 2387 τῶν
2366 2342 2630 2410 πώρωσιν,
2663 2341 2749 2388 καὶ
2797 2336 2980 2407 λέγεις,
3025 2335 3164 2407 Ἀρα
3198 2338 3299 2411 γὰρ
3346 2336 3440 2388 οῦκ
3486 2336 3663 2407 ἑώρων
3702 2353 3719 2402 ;
3758 2332 3866 2411 ἆρα

2235 2428 2333 2497 γὰρ
2376 2434 2483 2488 τοῖς
2527 2425 2733 2485 οἰκείοις
2776 2426 3057 2497 ὀφθαλμοῖς
3105 2430 3194 2477 καὶ
3241 2432 3359 2487 ταῖς
3407 2430 3601 2496 χερσὶν
3654 2427 3866 2501 ὑπηρε-

2234 2519 2502 2586 τουμέναις
2550 2515 2807 2572 ἠπίστουν
2854 2522 2925 2584 τῷ
2974 2516 3203 2586 θαύματι
3234 2530 3248 2581 ;
3277 2522 3387 2575 πῶς
3432 2514 3493 2565 ού
3526 2522 3807 2585 συνῄεσαν
3843 2532 3858 2580 ;

542 2243 692 2309 Quid
709 2247 799 2299 est
815 2243 983 2316 quod
1004 2249 1313 2316 tantopere
1339 2246 1567 2301 miraris
1589 2246 2022 2317 discipulorum
2053 2246 2125 2302 de
2160 2248 2199 2301 Β

468 2333 727 2404 panibus
744 2334 1201 2389 obdurationem
1212 2341 1295 2399 ,ut
1306 2335 1584 2396 dicas,An
1601 2351 1721 2390 non
1734 2335 2035 2390 viderant?
2048 2350 2125 2389 an

470 2437 591 2477 non
610 2423 879 2494 ipsosum
894 2422 1050 2479 oculi
1068 2429 1125 2479 et
1141 2440 1354 2480 manus
1372 2426 1793 2480 ministrabant
1809 2423 2125 2481 miraculo?

469 2525 757 2580 quorsum
784 2511 895 2565 illis
925 2528 1044 2565 non
1060 2512 1359 2568 credunt?
1376 2514 1679 2585 quomodo
1701 2530 1823 2569 non
1844 2513 2125 2585 intellige-

472 2598 659 2652 bant?
676 2600 986 2669 quomodo
1008 2600 1173 2654 obliti
1212 2600 1396 2656 sunt?
1414 2605 1576 2657 Certe
1609 2607 1821 2672 potest,
1847 2602 1980 2656 licet
2007 2619 2120 2657 non

470 2688 1279 2759 tantopere,addubitari,sed
1292 2690 1485 2759 potius
1502 2694 1604 2745 rite
1618 2691 1754 2745 huic
1768 2690 2123 2745 dubitationi

468 2776 927 2831 occurrendum.
972 2778 1113 2842 Quas
1158 2778 1520 2847 gerebantur
1552 2778 1837 2834 videbant
1866 2779 2121 2851 propriis

468 2863 655 2919 oculis
666 2868 721 2918 et
736 2864 1013 2919 manibus
1026 2866 1608 2931 contrectabant,nec
1628 2865 2120 2935 difﬁdebant,nec

467 2959 677 3008 contra
689 2952 1050 3025 pugnabant;
1066 2970 1188 3010 rem
1205 2960 1435 3025 gestam
1454 2954 1920 3023 intuebantur,et
1938 2957 2119 3011 visam

467 3042 893 3114 obstupebant,
916 3060 1057 3098 nam
1081 3060 1200 3099 non
1215 3044 1525 3116 quomodo
1554 3044 1923 3115 insipientes,
1952 3043 2119 3101 oblu-

2234 2610 2338 2662 πῶς
2395 2602 2696 2655 ἐπελάθοντο
2730 2619 2745 2670 ;
2774 2602 2927 2655 Ἔστι
2956 2606 3045 2674 μεν
3092 2604 3218 2676 γὰρ,
3250 2602 3294 2654 εἰ
3331 2608 3419 2655 καὶ
3467 2607 3538 2674 μὴ
3589 2606 3676 2654 ἐπὶ
3720 2623 3857 2656 τοσ-

2234 2698 2403 2755 οῦτον,
2454 2690 2681 2763 ἀπορεῖν·
2730 2690 2835 2742 ἀλλ’
2877 2692 2991 2743 ἔστι
3038 2690 3188 2743 πλέον
3243 2690 3409 2761 ὀρθῶς
3461 2696 3551 2743 καὶ
3598 2690 3857 2749 ἐννοῆσαι

2232 2785 2321 2831 καὶ
2378 2778 2746 2845 ἐπιλύσασθαι,
2811 2781 2891 2832 ὅτι
2943 2785 3030 2832 καὶ
3083 2782 3150 2831 τά
3216 2784 3545 2852 πραττόμενα
3609 2778 3852 2845 ἔϐλεπον,

2231 2874 2319 2919 καὶ
2350 2872 2467 2921 οὔτε
2496 2877 2604 2930 τοῖς
2637 2873 2885 2941 ὄμμασιν,
2920 2873 3037 2921 οὔτε
3075 2876 3191 2931 ταῖς
3221 2868 3437 2929 οἰκείαις
3475 2874 3641 2942 χερσὶ
3682 2866 3855 2941 διημ-

2232 2955 2517 3026 φισϐήτουν
2583 2963 2671 3009 καὶ
2728 2956 3082 3028 ἀπεμάχοντοο
3153 2957 3281 3008 ἀλλά
3355 2965 3524 3010 ταῦτα
3599 2961 3694 3028 μεν
3760 2965 3853 3010 καὶ

2230 3044 2417 3118 ἑώρων,
2462 3050 2552 3097 καὶ
2601 3042 2841 3118 ᾔδεισαν,
2895 3052 2984 3098 καὶ
3016 3044 3328 3118 ἐθαύμαζον.
3382 3050 3516 3098 Οῦτε
3543 3048 3650 3121 γὰρ
3685 3046 3854 3105 ἀνοη-

466 3135 715 3199 ctantes,
756 3133 1134 3204 impudentes
1160 3134 1219 3187 in
1242 3133 1525 3189 omnibus
1555 3133 1742 3189 Judaei
1770 3138 1825 3189 et
1846 3134 1961 3206 ipsi
1992 3134 2114 3190 ani-

465 3221 609 3276 mati
638 3227 828 3288 erant,
854 3237 1052 3277 verum
1092 3238 1209 3277 non
1244 3224 1319 3279 ad
1346 3223 1729 3295 perfectionis
1771 3223 2031 3293 gradum
2056 3241 2116 3281 a-

465 3310 840 3375 scenderant,
872 3311 976 3365 sed
998 3311 1165 3365 illum
1188 3311 1497 3383 quomodo
1514 3328 1545 3367 e
1567 3312 1783 3367 sanctis
1808 3312 1951 3368 olim
1983 3329 2115 3384 pro-

462 3398 658 3470 phetis
676 3398 919 3469 quidam
946 3398 1047 3453 ubi
1069 3407 1126 3455 et
1151 3400 1399 3471 quando
1423 3400 1626 3455 divina
1647 3402 1841 3469 gratia
1869 3400 2115 3457 afﬂave-

462 3487 554 3551 rit,
583 3501 703 3541 non
738 3492 1021 3558 tanquam
1052 3488 1236 3541 Deum
1269 3488 1718 3544 arbitrabantur
1755 3489 2112 3559 magistrum

2227 3142 2351 3200 τοῖς,
2385 3138 2501 3187 οὔτε
2526 3135 2757 3207 τυφλοῖς,
2801 3138 2918 3187 οὔτε
2956 3142 3061 3195 τοῖς
3110 3139 3236 3207 πρὸς
3275 3135 3482 3187 ἅπαντα
3510 3142 3851 3208 μαχομένοις

2227 3229 2315 3276 καὶ
2345 3222 2789 3296 ἀναισχυντοῦσιν
2838 3220 3114 3285 Ἰουδαίοις
3144 3223 3525 3291 παραπλησίως
3556 3220 3593 3276 δ
3600 3229 3847 3281 ιέκειντο.

2230 3312 2362 3366 Ἀλλ’
2405 3316 2547 3365 οὔπω
2599 3316 2729 3388 πρὸς
2779 3316 2836 3365 τὸ
2886 3312 3071 3366 τελειον
3125 3311 3517 3377 ἀναϐεϐηκότες,
3570 3314 3696 3365 καθ’
3758 3316 3850 3366 ἕνα

2224 3404 2341 3454 τινὰ
2388 3411 2487 3453 τῶν
2520 3402 2680 3455 πάλαι
2722 3402 2880 3473 ἁγίων
2910 3408 2998 3454 καὶ
3031 3410 3329 3476 προφητῶν,
3358 3406 3445 3453 καὶ
3495 3402 3645 3454 ὁπότ’
3697 3404 3766 3454 ἄν
3812 3405 3842 3461 ἡ

2224 3492 2414 3543 οἰνωθεν
2462 3492 2627 3566 χάρις
2678 3490 2943 3564 ἐπινεύσῃ,
2998 3490 3103 3542 ἀλλ’
3136 3491 3241 3562 οὐχ
3285 3492 3351 3551 ὡς
3391 3495 3535 3557 Θεὸν,
3575 3497 3672 3543 καὶ
3700 3496 3845 3544 κατά

465 3590 641 3629 suum
671 3590 808 3629 cum
830 3574 995 3630 omni
1019 3580 1312 3645 potestate
1338 3576 1678 3633 etdominio
1703 3577 1911 3634 divina
1935 3578 2111 3648 signa

2234 3587 2394 3632 πᾶσαν
2435 3580 2674 3642 ἐξουσίαν
2718 3586 2807 3632 καὶ
2846 3585 3153 3651 κυριότητα,
3185 3583 3273 3631 τὸν
3302 3576 3634 3633 διδάσκαλον
3666 3581 3843 3633 αὐτῶν

462 3668 743 3735 patrare:
785 3662 1084 3734 quocirca,
1126 3680 1264 3719 cum
1318 3665 1558 3720 unicum
1620 3670 1852 3722 tantum
1905 3682 2108 3724 secum

462 3768 682 3824 panem
714 3752 1052 3821 attulerant,
1086 3752 1188 3807 ubi
1238 3768 1373 3808 eum
1418 3755 1723 3811 audissent
1767 3754 2104 3811 dicentem:

466 3863 488 3891 ε
526 3844 809 3897 Caverent
834 3857 871 3897 a
899 3841 1189 3897 fermento
1213 3843 1665 3908 Pharisaeorum,
1693 3866 1719 3897 »
1750 3861 1885 3900 cum
1910 3846 2110 3915 nequi-

458 3934 614 3995 rent,
636 3931 801 4003 quod
818 3931 1102 3997 diximus,
1119 3947 1355 4003 capere,
1380 3934 1545 4005 quod
1568 3950 1637 3989 ex
1656 3934 1853 4004 seipso
1871 3950 2110 4005 semper

458 4035 566 4092 pro
598 4036 837 4077 summa
868 4026 1148 4093 potestate
1207 4027 1431 4093 poterat
1483 4024 1876 4095 omniaquae
1925 4023 2110 4079 voluit

458 4109 669 4175 facere,
696 4126 753 4165 in
781 4110 1255 4182 disquisitionem
1286 4112 1448 4167 illam
1476 4112 1769 4168 devenere
1809 4113 1969 4168 unde
1994 4114 2110 4169 ale-

456 4202 678 4253 rentur.
696 4199 815 4253 Hoc
841 4198 1111 4255 incusato
1128 4200 1415 4255 Dominus
1459 4216 1579 4256 non
1598 4200 1817 4271 injuria
1833 4200 2106 4258 duritiem

456 4286 571 4343 illis
597 4288 869 4360 imputat,
910 4288 1076 4360 quod
1117 4288 1389 4344 nondum
1428 4288 1641 4344 divinae
1692 4296 1919 4346 natura:
1972 4308 2110 4347 con-

458 4392 672 4449 gruam
703 4384 759 4433 et
794 4378 1131 4433 humanum
1182 4378 1498 4434 modulum
1544 4383 1981 4449 transgressam
2034 4382 2107 4437 de

457 4464 589 4538 ipso
619 4466 965 4539 opinionem
1000 4472 1324 4522 tuerentur.

602 4556 920 4621 QUIESTIO
949 4554 1108 4613 CCIX
1128 4555 1149 4629 [
1173 4556 1341 4612 Coisl.
1376 4557 1741 4628 CCXXXVIII,
1782 4560 1963 4617 Taur.

1145 4645 1430 4719 CCXXIX]-

512 4733 720 4791 Eidom
749 4733 1069 4800 dubitanti,
1104 4754 1126 4785 ι
1158 4736 1237 4790 At
1264 4735 1375 4805 ipsi
1398 4750 1518 4791 non
1547 4736 2040 4794 intellexerunt.»

2223 3668 2464 3721 ἐπιτελεῖν
2512 3673 2602 3731 τὰς
2658 3672 2983 3742 θεοσημείας,
3033 3668 3287 3741 ἐνόμιζον·
3346 3666 3418 3721 δι’
3473 3671 3500 3721 ὃ
3552 3675 3647 3721 καὶ
3702 3670 3843 3728 πλήν

2222 3758 2330 3819 ἐνὸς
2386 3764 2455 3820 μη
2541 3762 2962 3831 συνεπιφέροντες
3049 3758 3252 3820 ἑαυτοῖς
3326 3759 3537 3832 ἄρτους,
3624 3757 3841 3831 ἐπείπερ

2223 3848 2453 3906 ἡκουσαν
2500 3848 2621 3921 παρ’
2672 3847 2850 3913 αὐτοῦ,
2908 3852 3191 3921 προσέχειν
3242 3845 3341 3898 ἀπὸ
3398 3854 3489 3907 τῆς
3530 3849 3708 3919 ζύμης
3737 3855 3844 3898 τῶν

2222 3941 2537 4009 Φαρισαίων,
2594 3936 2688 3987 οὐκ
2743 3938 2975 4007 ἔχοντες,
3039 3938 3159 4008 ὅπερ
3224 3938 3433 4008 ἔφημεν,
3492 3937 3558 3996 ὡς
3612 3934 3668 3998 ἐξ
3745 3936 3847 3988 αύ-

2220 4033 2333 4090 τοῦ,
2378 4030 2468 4077 καὶ
2518 4024 2617 4088 ἀεὶ,
2669 4030 2759 4077 καὶ
2812 4024 3083 4087 αύθεντίας
3129 4026 3309 4097 κράτει
3340 4021 3565 4086 δυνατός
3618 4023 3768 4077 ἐστιν
3815 4024 3849 4075 ἆ

2222 4113 2466 4186 βούλεται
2514 4115 2775 4189 πράττειν,
2820 4114 2889 4173 εἰς
2923 4109 3301 4186 διαλογισμούς
3341 4121 3433 4165 τοῦ
3463 4122 3568 4173 πῶς
3616 4112 3681 4164 ἆν
3715 4111 3851 4166 δια-

2218 4210 2450 4278 τραφεῖεν
2507 4201 2908 4274 ἀπηνέχθησαν·
2979 4207 3068 4254 καὶ
3144 4210 3295 4254 τοῦτο
3372 4202 3756 4275 αἰτιασάμενος
3821 4206 3849 4255 ό

2221 4297 2503 4359 Δεσπότης,
2546 4294 2625 4345 ὃτι
2674 4296 2744 4364 μή
2796 4311 2876 4343 πω
2919 4293 3171 4365 θεοπρεπῆ
3211 4296 3299 4344 καὶ
3341 4300 3442 4342 τῶν
3496 4289 3847 4364 ἀνθρωπίνων

2219 4384 2643 4455 ύπερανέχουσαν
2664 4384 2885 4453 μέτρων,
2911 4384 3004 4437 τὴν
3026 4385 3143 4451 περὶ
3165 4379 3322 4431 αὐτοῦ
3341 4375 3499 4442 δόξαν
3518 4378 3845 4447 ἐκτήσαντο,

2221 4471 2427 4532 εἰκότως
2458 4470 2633 4531 αὐτοῖς
2668 4474 2760 4528 τὴν
2792 4474 3036 4543 πώρωσιν
3063 4467 3384 4523 ἐπεκάλεσεν.

2786 4562 3100 4611 ΕΡΩΤΗΣΙΣ
3141 4556 3257 4612 ΣΘ’.

2314 4737 2398 4807 Τῷ
2426 4735 2565 4807 αύτῷ
2592 4734 2890 4809 ἀποροῦντι·
2925 4753 2955 4788 ς
2990 4739 3091 4788 Καὶ
3123 4734 3272 4788 αὐτοὶ
3298 4734 3358 4787 ού
3388 4738 3658 4792 συνίεσοω,
3694 4756 3723 4787 n

1078 4884 1231 4935 Edita
1258 4899 1289 4935 a
1308 4886 1636 4936 Montacutio
1662 4888 1678 4949 (
1701 4902 1781 4951 ep.
1805 4889 1865 4936 76
1894 4889 1961 4938 ad
1992 4888 2272 4939 Euschem.
2306 4903 2358 4952 p.
2391 4888 2481 4935 125
2510 4893 2525 4949 )
2555 4912 2613 4924 -
2642 4886 2697 4935 In
2729 4885 2855 4936 Luc.
2883 4885 3028 4942 xviii,
3060 4886 3140 4935 34.

526 5011 743 5067 lterum
772 5011 1031 5079 dubitas,
1058 5017 1114 5068 et
1138 5012 1491 5083 interrogas,
1517 5013 1686 5069 Unde
1712 5014 1915 5083 ﬁebat,
1946 5015 2107 5087 quod
2140 5017 2185 5071 D

458 5116 599 5157 cum
629 5100 913 5156 Dominus
950 5102 1124 5173 plane
1162 5107 1220 5160 et
1248 5104 1561 5175 perspicue
1600 5103 1903 5175 discipulis
1940 5120 2109 5160 enar-

454 5192 545 5247 ret
573 5188 957 5245 contumelias
986 5207 1129 5263 quas
1158 5192 1235 5248 ab
1262 5192 1601 5249 hominibus
1631 5208 1918 5263 passurus
1958 5196 2106 5257 erat,

457 5278 693 5350 plagas,
718 5294 977 5345 crucem,
1002 5286 1271 5349 mortem,
1300 5282 1411 5353 ipsi
1438 5286 1639 5338 tamen
1669 5297 1790 5337 non
1812 5281 2109 5337 intellexe-

456 5373 595 5424 runt
622 5365 650 5421 ?
692 5370 773 5424 lta
799 5367 957 5423 enim
983 5368 1177 5441 inquit
1207 5386 1219 5426 :
1250 5389 1279 5421 «
1310 5373 1379 5427 At
1399 5372 1511 5443 ipsi
1532 5387 1653 5427 non
1675 5370 2107 5444 intelligebant,

456 5460 514 5513 et
535 5460 661 5512 erat
683 5456 801 5512 hoc
828 5456 1082 5513 verbum
1114 5457 1192 5514 ab
1221 5458 1365 5531 ipsis
1404 5460 1785 5527 occultatum,
1835 5476 1943 5516 nec
1971 5476 2108 5533 quas

456 5544 805 5604 dicebantur
828 5546 1257 5619 percipiebant.
1294 5569 1321 5598 ››
1348 5549 1432 5605 Tu
1458 5554 1657 5606 autem
1676 5548 1825 5606 illud
1845 5549 1991 5605 mihi
2012 5564 2109 5606 co-

456 5634 664 5710 gitato,
693 5635 861 5709 quod
900 5636 1175 5694 Servator
1204 5641 1270 5695 ut
1296 5637 1571 5695 redderet
1598 5638 1892 5696 acutiores
1929 5638 2106 5695 disci-

2287 5014 2521 5088 Ἀπορεῑς
2569 5013 2722 5066 πάλιν
2772 5017 2861 5065 καὶ
2916 5010 3190 5083 διερωτᾷς,
3260 5019 3371 5074 πῶς
3418 5019 3510 5064 τοῦ
3566 5018 3842 5068 Δεσπότου

2216 5112 2407 5176 τρανῶς
2467 5108 2558 5155 καὶ
2636 5110 2809 5174 σαφῶς
2888 5108 2997 5163 τοῖς
3050 5103 3309 5173 μαθηταῖς
3359 5102 3840 5176 προαγγέλλοντος,

2218 5196 2307 5254 τὰς
2362 5191 2414 5254 ἐξ
2462 5191 2741 5266 ἀνθρώπων
2796 5190 2993 5265 ὕϐρεις,
3042 5197 3135 5243 καὶ
3183 5193 3274 5252 τὰς
3317 5190 3547 5262 πληγὰς,
3602 5198 3697 5245 καὶ
3748 5199 3841 5246 τόν

2221 5284 2466 5356 σταυρὸν,
2511 5286 2601 5333 καὶ⁵
2657 5284 2743 5331 τὸν
2796 5282 3033 5346 θάνατον,
3094 5279 3243 5331 αύτοὶ
3290 5278 3349 5331 ού
3406 5285 3690 5352 συνῄεσαν
3744 5290 3843 5335 καὶ

2216 5374 2317 5444 γάρ
2388 5389 2537 5443 φησι,
2625 5390 2652 5419 ‹‹
2705 5367 2809 5423 Καὶ
2866 5368 3016 5421 αὐτοὶ
3080 5368 3141 5421 ού
3197 5375 3447 5427 συνῆκαν·
3503 5374 3595 5421 καὶ
3654 5366 3717 5429 ἦν
3777 5375 3842 5424 τὸ

2216 5462 2363 5536 ῥῆμα
2414 5466 2562 5511 τοῦτο
2614 5462 2962 5531 κεκρυμμένον
3021 5456 3107 5510 ἀπ’
3165 5456 3355 5523 αὐτῶν,
3411 5462 3502 5509 καὶ
3558 5457 3656 5510 οὐκ
3718 5457 3847 5531 ἐγί-

2217 5568 2414 5603 νωσκον
2466 5549 2532 5600 τὰ
2584 5546 2850 5619 λεγόμενα.
2894 5569 2923 5596 ››
2976 5544 3108 5599 Ἀλλ’
3155 5544 3314 5599 ἐκεῖνό
3362 5565 3455 5619 μοι
3496 5544 3690 5619 ⁴ἐννόει,
3753 5552 3842 5604 ὅτι

2217 5642 2308 5691 καὶ
2354 5641 2470 5698 τοὺς
2524 5637 2763 5710 μαθητὰς
2809 5638 2836 5689 ό
2886 5640 3063 5710 Σωτὴρ
3109 5635 3385 5713 ὀξυτέρους
3425 5644 3606 5703 ποιῶν,
3640 5636 3844 5694 πολλά-
