4026 6196
134 287 247 345 957

133 434 222 475 κις
288 413 470 474 αὐτοῖς
517 411 566 464 ἕν
624 412 947 485 παραϐολαῖς
997 412 1181 468 ἐλάλει.
1240 419 1338 468 Καὶ
1393 417 1475 467 ὃτι
1539 420 1628 468 καὶ
1683 417 1742 468 τὸ
1775 414 1820 467 Α

136 509 364 576 πρᾶγμα
410 499 472 560 ἧν
524 500 689 564 ἄλλως
740 499 1057 577 παράδοξον,
1101 507 1310 577 νεκροὺς
1365 506 1600 578 ἐγείρειν,
1653 509 1744 557 καὶ

139 592 421 664 βασιλείαν
497 588 668 644 ἀίδιον
742 590 1085 663 ἐπαγγέλλειν,
1165 598 1254 645 καὶ
1330 595 1545 645 θάνατον
1605 589 1744 644 ἴδιον

135 679 527 754 προαγγέλλειν.
561 680 636 732 Ού
667 684 818 752 μόνον
869 677 947 745 δε,
978 679 1192 732 ἀλλ’ὅτι
1242 685 1332 732 καὶ
1385 684 1443 733 τό
1491 684 1619 752 πρὸς
1659 683 1744 732 τὸν

137 766 472 822 διδάσκαλον
525 777 632 830 τοῖς
683 771 941 842 μαθηταῖς
995 770 1220 844 φίλτρον,
1271 779 1342 841 τῷ
1399 774 1574 842 χρόνῳ
1635 767 1742 828 ἤδη

135 857 422 933 ἐρῥώννυτο
461 862 552 910 καὶ
594 857 853 931 ἕνὴκμαζι
888 863 977 910 καὶ
1034 855 1198 911 δεινὸν
1244 861 1422 912 παθεῖν
1466 856 1617 912 οὐδὲν
1651 860 1744 911 αύ-

134 950 228 999 τόν
258 947 460 1006 ἤθελον.
492 947 558 1000 Ὀ
608 943 666 1000 δὲ
701 968 780 1008 τις
831 947 890 999 ού
940 946 1202 1020 βούλεται,
1257 948 1406 1021 μόλις
1453 954 1544 1001 καὶ
1581 953 1745 1023 παρὸν

136 1035 482 1108 ἐφεστηκέναι
533 1039 848 1090 συντίθεται.
909 1039 1004 1089 Διὰ
1053 1045 1219 1090 ταῦτα
1272 1041 1460 1103 πάντα,
1517 1036 1746 1109 παραϐο-

1165 598 1254 645 καὶ
1330 595 1545 645 θάνατον

133 1125 234 1182 λην
278 1145 413 1192 τινα,
448 1131 537 1179 καὶ
590 1126 648 1178 οὗ
695 1135 794 1178 τῶν
845 1122 1124 1200 δυσχερῶν
1178 1127 1378 1180 ἐκείνων
1430 1131 1746 1201 προαγόρευ-

139 1235 245 1281 σιν,
279 1217 347 1266 τὰ
399 1221 518 1288 περὶ
570 1223 660 1267 τοῦ
702 1217 902 1276 πάθους
951 1215 1183 1288 ἐνόμιζον
1227 1220 1275 1268 οἱ
1320 1217 1618 1278 ἀπόστολοι,
1656 1221 1746 1268 καὶ

137 1302 234 1358 διὰ
275 1312 432 1358 τοῦτο
482 1310 728 1371 συνιέναι,
761 1304 856 1356 κᾶν
899 1305 1062 1367 ἄλλως
1114 1314 1250 1378 σαφῆ
1292 1311 1378 1359 καὶ
1439 1308 1630 1380 φανερὰ
1660 1303 1740 1370 ἦν,

135 1395 231 1447 οὐκ
263 1391 550 1458 ἠδύναντο,
585 1395 772 1467 μᾶλλον
805 1390 864 1447 δε
911 1395 1004 1446 οὐκ
1051 1393 1334 1465 ἐϐούλοντο,
1364 1397 1430 1448 τὰ
1475 1395 1740 1467 λεγόμενα.

137 1485 197 1538 Εἰ
232 1481 294 1537 δὲ
322 1489 414 1536 καὶ
463 1487 520 1536 τό
573 1492 664 1544 τῆς
714 1483 963 1558 ἱγίρσεως
1017 1484 1195 1545 αὐτοῖς
1241 1493 1595 1560 προσεπινοεῖν
1643 1484 1744 1538 ἑθε-

133 1574 340 1638 λήσεις,
391 1580 614 1648 πρᾶγμα
659 1575 836 1648 μεῖζον
889 1577 978 1647 μεν
1026 1579 1272 1640 πίστεως,
1325 1580 1414 1627 καὶ
1443 1575 1560 1628 καθ’
1593 1574 1744 1627 ἑαυτό

136 1661 614 1735 διασκοπούμενον,
665 1664 868 1738 ἑγερσις
924 1664 1344 1736 αὐτουργουμένη
1402 1672 1473 1733 τῷ
1513 1663 1746 1722 τελευτή-

137 1771 292 1806 σαντι
323 1773 336 1784 ·
371 1753 603 1825 μάλιστα
642 1749 701 1805 δε
751 1755 879 1825 μετὰ
924 1762 1022 1805 τῶν
1073 1753 1235 1805 ἄλλων
1282 1755 1603 1825 σκυθρωπῶν
1655 1757 1745 1805 καὶ

133 1843 194 1894 ἐκ
277 1838 560 1917 διαμέτρου
645 1846 954 1914 μαχομένων

132 1931 631 2003 προαγγελλόμενον,
686 1930 859 1984 οὐκέτι
937 1928 1080 1984 διότι
1144 1936 1216 2004 μή
1278 1937 1553 2004 συνῄεσαν,
1623 1931 1745 1992 ὅλως

1061 1862 1272 1918 συμπαρ
1281 1844 1572 1914 ατιθέμενον
1656 1847 1745 1895 καὶ

1779 1888 1819 1941 Β

134 2026 444 2094 ἀπορήσεις.

718 2233 1029 2280 ΕΡΩΤΗΣΙΣ
1070 2228 1165 2281 ΣΓ.

386 2377 540 2428 Edita
565 2377 942 2429 aMontacutio
978 2379 1081 2442 (ep.
1110 2378 1188 2434 77,
1219 2376 1285 2427 ad
1318 2377 1606 2442 Ignatium,
1637 2393 1687 2442 p.
1723 2379 1831 2434 125,

206 2523 300 2583 Τὸ,
365 2540 389 2569 α
425 2522 642 2572 Δύναται
681 2521 706 2571 6
751 2523 880 2582 Θεὸς
932 2525 1022 2572 καὶ
1071 2519 1126 2572 ἐκ
1181 2528 1278 2572 τῶν
1329 2519 1483 2572 λίθων
1549 2523 1743 2572 τούτων

132 2607 338 2684 ἐγεῖραι
381 2614 534 2662 τέκνα
570 2616 642 2679 τῷ
699 2608 960 2681 Ἀϐραὰμ,
1011 2631 1038 2657 ››
1072 2611 1121 2662 οἱ
1168 2612 1257 2681 μὲν
1296 2613 1396 2682 πρὸ
1451 2611 1594 2681 ἡμῶν
1624 2613 1744 2670 τοὺς

134 2699 188 2760 ἐξ
240 2697 398 2750 ἐθνῶν
457 2704 867 2760 πεπιστευκότας
937 2697 1284 2770 ἐξειληφασιν,
1340 2697 1388 2751 οἳ
1443 2704 1555 2763 καὶ,
1608 2701 1743 2751 κατὰ

131 2786 317 2849 λίθους
386 2792 474 2838 καὶ
547 2792 752 2863 πέτρας,
827 2794 1206 2862 πεπωρωμένην
1285 2793 1373 2840 καὶ
1427 2786 1740 2846 ἀναίσθητον

132 2881 232 2934 τὴν
279 2871 510 2948 καρδίαν
568 2879 774 2949 ἔχοντες
822 2877 892 2948 (τί
934 2877 1034 2949 γὰρ
1075 2883 1187 2939 τοῦ,
1231 2877 1392 2937 λίθοις
1443 2882 1531 2929 καὶ
1569 2877 1742 2940 ξύλοις

133 2973 470 3038 προσκυνεῖν,
519 2965 592 3028 εἰς
642 2973 886 3041 πώρωσιν
937 2971 1026 3018 καὶ
1078 2963 1426 3025 ἀναισθησίαν
1480 2965 1741 3019 ἀτοπωτέ-

132 3073 224 3127 ρον
278 3054 341 3126 ;),
392 3057 552 3127 ὅμως,
605 3055 795 3108 ἐκεῖθεν
841 3051 1222 3130 διαῤῥαγέντες,
1275 3056 1347 3117 εἰς
1406 3060 1610 3129 σπέρμα
1665 3064 1738 3126 τῷ

133 3142 381 3216 Ἀϐραὰμ
441 3141 536 3196 διὰ
585 3153 681 3208 τῆς
731 3149 956 3207 πίστεως
1005 3144 1383 3208 ἐξανίστανται.
1435 3145 1496 3198 Εἰ
1544 3141 1603 3198 δὲ
1649 3151 1739 3198 καὶ
1777 3163 1817 3216 C

133 3241 232 3294 τῆς
281 3232 465 3295 λέξεως
514 3232 670 3286 εἰπεῖν
722 3238 812 3286 καὶ
883 3242 980 3296 τῆς
1039 3236 1268 3310 ἱστορίας
1320 3233 1588 3310 ἐγγύτερον
1646 3235 1739 3286 οὐκ

135 3318 419 3394 ἀδόκιμον,
453 3319 566 3375 οὐδ’
611 3321 769 3376 έκεῖνο
811 3327 1120 3398 παροπτέον,
1177 3325 1256 3376 ὃτι
1285 3327 1342 3376 τὸ
1395 3323 1619 3399 ἄρῥητον
1650 3329 1739 3377 καὶ

135 3412 393 3484 ὑπερφυὲς
466 3417 556 3465 καὶ
633 3417 954 3488 παντουργὸν
1027 3419 1116 3465 καὶ
1189 3409 1583 3487 παντοδύναμον
1650 3423 1740 3476 τῆς

139 3501 280 3562 θείας
351 3499 672 3574 βουλήσεως,
747 3504 773 3554 6
832 3507 1128 3566 Βαπτιστης
1197 3511 1538 3576 παραστῆσαι
1609 3502 1741 3577 βου-

133 3589 366 3661 λὸμξνος,
436 3599 602 3644 ταῦτα
676 3591 951 3664 ἐφθέγξατο

135 3680 310 3755 ὥσπερ
369 3683 664 3753 καταρχὰς,
719 3680 995 3753 βουληθεὶς
1053 3683 1079 3732 6
1128 3685 1275 3746 Θεὸς,
1326 3679 1381 3733 ἐκ
1433 3679 1600 3738 πηλοῦ
1653 3683 1739 3732 τὸν

1011 3610 1023 3622 ·
1080 3591 1237 3644 ἐκεῖνο
1292 3588 1590 3661 ύποδηλῶν,
1661 3594 1740 3645 ὅτι

131 3771 406 3843 ἄνθρωπον
457 3766 801 3838 διεπλάσατο,
831 3770 966 3822 οὕτω
995 3775 1084 3823 καὶ
1134 3778 1220 3822 νῦν
1263 3770 1317 3822 ἐκ
1348 3778 1446 3822 τῶν
1481 3775 1740 3840 συγγενῶν

131 3856 289 3909 λίθων
341 3863 433 3910 καὶ
472 3860 805 3930 ὁμοστοίχων
858 3868 929 3930 τῷ
978 3859 1147 3930 πηλῷ,
1191 3860 1335 3934 ῥᾷον,
1397 3859 1439 3911 εἰ
1493 3856 1740 3931 βούλοιτο

131 3946 490 4018 μεταπλάσας,
534 3948 604 4009 είς
662 3953 870 4021 σπέρμα
918 3954 1006 4000 καὶ
1036 3952 1190 4000 τέκνα
1231 3957 1302 4020 τῷ
1333 3947 1590 4022 Ἀϐραὰμ,
1622 3946 1742 3999 ἀνα·

135 4043 372 4094 στήσειε.
423 4041 490 4089 Σὺ
551 4033 610 4089 δέ
654 4057 746 4110 μοι
794 4043 883 4090 καὶ
935 4042 1105 4111 τρίτον
1163 4035 1332 4102 ἐννόει,
1393 4046 1493 4089 τῶν
1540 4037 1742 4109 εἰρημέ-

130 4147 251 4192 νων,
307 4127 392 4178 ἱνα
429 4131 500 4198 μὴ
554 4126 685 4198 λέγω
739 4125 1029 4200 ἐγγύτερον,
1083 4123 1198 4179 οὐδ’
1258 4127 1427 4201 ἑτέρου
1480 4130 1601 4186 τέως
1642 4145 1740 4197 μα.

131 4221 378 4288 πρότερον
412 4234 424 4248 ·
461 4217 526 4276 ὡς
582 4215 636 4278 ἐξ
679 4215 880 4268 ἐκείνων
937 4224 1035 4268 τῶν
1081 4215 1255 4281 λίθων,
1309 4215 1393 4276 οὓς
1437 4217 1462 4267 6
1509 4211 1741 4290 Πρόδρό-

131 4324 232 4376 μος
284 4300 596 4366 ὑποδεικνὺς
643 4307 800 4376 ἔλεγε,
860 4325 888 4357 «
930 4307 1151 4358 Δύναται
1200 4305 1224 4356 ὁ
1275 4308 1400 4365 Θεὸς
1448 4303 1502 4355 ἐκ
1548 4307 1739 4356 τούτων

133 4394 334 4467 ἐγεῖραι
385 4398 540 4446 τέκνα
587 4403 658 4464 τῷ
711 4393 970 4469 Ἀϐραὰμ,
1007 4417 1033 4445 n
1067 4394 1144 4446 ἐπ’
1201 4393 1374 4454 αὐτοῖς
1421 4397 1590 4468 ἔργοις
1627 4397 1740 4445 ἔστι

135 4484 456 4548 θεάσασθαι,
509 4488 600 4535 καὶ
647 4487 800 4536 τέκνα
846 4492 917 4554 τῷ
965 4482 1201 4556 Ἀϐραὰμ
1254 4482 1589 4556 ἀνιστάμενα,
1651 4488 1740 4534 καὶ

131 4576 523 4646 περατουμένην
588 4576 682 4630 τὴν
738 4571 1046 4648 πρόρρησιν.
1106 4571 1229 4624 "Or:
1284 4575 1384 4645 γὰρ
1430 4577 1487 4624 τό
1528 4579 1618 4623 τοῦ
1648 4576 1739 4624 κό-

133 4681 274 4735 σμου
309 4665 572 4736 σωτήριον
628 4659 841 4714 ἐτελεῖτο
893 4665 1078 4728 πάθος,
1130 4667 1243 4714 τότε
1292 4670 1394 4714 τῶν
1431 4661 1584 4713 λίθων
1611 4660 1740 4713 ἐκεί-

128 4773 230 4805 νων
259 4754 353 4802 καὶ
409 4758 627 4824 πετρῶν,
660 4753 792 4824 μετὰ
836 4760 934 4803 τῶν
987 4751 1174 4818 ἀλλων,
1230 4751 1580 4824 σχιζομένων,
1622 4751 1742 4803 πολ-

127 4840 211 4893 λοὶ
252 4843 347 4891 καὶ
394 4847 494 4891 τῶν
526 4838 737 4891 ἐθνικῶν
780 4845 870 4893 καὶ
921 4849 1021 4892 τῶν
1050 4836 1340 4906 Ἰουδαίων,
1372 4844 1537 4914 μέσας
1581 4839 1743 4900 αὐτάς

129 4950 234 4984 που
316 4931 408 4991 τὰς
490 4935 867 5005 πεπωρωμένας
946 4927 1173 5004 καρδίας
1239 4927 1603 5005 διαρῥαγέντες
1669 4938 1742 5001 τῷ

132 5023 385 5094 θαύματι,
419 5018 492 5080 εἰς
549 5024 610 5078 τὴ
672 5027 763 5072 τοῦ
815 5027 1050 5094 Χριστοῦ
1086 5024 1263 5072 πίστιν
1312 5019 1740 5108 ἐθεμιλιῶθησαν,

125 5115 223 5163 καὶ
273 5117 375 5161 τῶν
425 5112 612 5160 τέκνων
674 5117 765 5161 τοῦ
826 5108 1083 5182 Ἀϐραὰμ,
1139 5117 1211 5180 τῷ
1244 5127 1295 5161 τε
1326 5112 1458 5180 γένει
1501 5113 1591 5160 καὶ
1633 5119 1743 5177 τοῖς

125 5200 343 5270 κλιὲροις
415 5197 867 5270 ἑναπεγράφησαν.
955 5203 1220 5272 Προῆκταί
1284 5217 1368 5250 σοι
1425 5203 1616 5265 τοίνυν,
1677 5203 1741 5262 ὡς

127 5283 277 5352 ὁρᾷς,
329 5280 464 5330 κατά
494 5297 550 5330 τε
597 5280 811 5351 θεωρίαν
859 5282 948 5330 καὶ
994 5280 1249 5352 ἱστορίαν,
1283 5280 1311 5336 ἡ
1342 5278 1584 5352 ἑρμηνεία
1617 5297 1628 5308 ·
1661 5277 1740 5332 δι-

125 5369 262 5428 πλῆν
323 5362 382 5420 δέ
437 5371 534 5426 τήν
584 5369 838 5442 ἱστορίαν,
871 5371 964 5425 τὴν
1007 5369 1098 5438 μὲν
1157 5372 1599 5440 προγεγενημένην
1644 5374 1738 5428 τὴν

1065 287 1160 342 AD
1199 283 2107 354 AMPHILOCHIUMQUIESTIO
2148 282 2546 343 CCVIII-CCX.

3405 286 3510 344 958

1853 411 2048 484 pulos,
2076 411 2445 484 frequentius
2468 410 2633 482 ipsos
2657 409 2718 464 in
2745 408 3048 480 parabolis
3075 408 3506 482 alloquebatur,

1854 507 1983 557 tum
2007 501 2168 573 quod
2187 500 2567 572 paradoxum
2592 504 2734 565 erat,
2765 504 3032 554 mortuos
3056 500 3426 567 resuscitare,
3453 505 3510 557 et

1853 605 2106 659 regnum
2120 589 2409 646 caelorum
2433 588 2722 660 polliceri,
2743 594 2799 644 et
2821 589 3126 660 propriam
3146 589 3333 660 ipsius
3359 605 3511 645 mor-

1855 683 1976 734 tem
2034 678 2370 749 praedicare.
2414 679 2528 733 Nec
2569 679 2684 732 ista
2715 681 2971 744 tantum,
3004 676 3110 732 sed
3166 693 3301 732 cum
3333 679 3511 734 etiam

1855 767 2018 838 apud
2050 766 2372 839 discipulos
2405 782 2579 822 amor
2609 782 2752 836 erga
2780 766 3138 836 magistrum
3167 783 3347 821 suum
3381 782 3514 837 pro-

1856 871 2056 926 gressu
2097 857 2385 927 temporis
2432 855 2836 920 roboraretur,
2877 862 2932 911 et
2978 856 3233 922 ﬂoreret,
3264 860 3328 910 ut
3365 854 3514 910 nihil

1856 944 2025 1000 illum
2045 961 2227 1016 grave
2255 945 2487 1016 perpeti
2511 944 2749 1002 vellent.
2791 945 2965 1009 Quod
2997 961 3130 1000 vero
3169 945 3306 1016 quis
3345 944 3509 1012 nolit,

1855 1035 1955 1090 vix
1995 1035 2176 1090 etiam
2204 1051 2340 1090 cum
2370 1035 2666 1090 incumbit
2711 1036 3001 1089 instanter
3031 1033 3379 1090 adfuturum
3409 1050 3514 1106 ap-

1856 1123 2222 1196 prehendere
2255 1128 2470 1194 potest.
2518 1123 2656 1178 ldeo
2689 1123 3042 1194 parabolam
3077 1123 3425 1195 quamdam,
3455 1127 3512 1178 et

1855 1228 1975 1268 non
1999 1211 2634 1283 prasdenuntiationem
2671 1211 2965 1267 malorum
2995 1212 3400 1284 quorumdam
3427 1212 3506 1266 in-

1856 1301 2323 1365 tolerandorum,
2372 1318 2507 1373 quae
2553 1303 2892 1372 passionem
2933 1302 3119 1373 ipsius
3160 1300 3506 1371 tangebanl,

1853 1391 2138 1446 rebantur
2165 1389 2441 1461 apostoli.
2465 1390 2752 1455 Quocirca
2774 1389 2872 1446 illa
2895 1389 3215 1459 intelligere
3245 1405 3367 1444 non
3405 1405 3509 1461 po-

1853 1483 2065 1545 terant,
2108 1477 2390 1533 licetaliis
2433 1486 2641 1550 aperta
2688 1484 2883 1534 essent
2923 1483 2982 1533 et
3018 1478 3349 1549 perspicua,
3405 1482 3509 1534 aut

1854 1577 2044 1650 potius
2073 1577 2173 1632 illa
2204 1577 2528 1648 intelligere
2555 1577 2854 1633 nolebant.
2896 1577 3066 1642 Quod
3093 1577 3140 1631 si
3162 1576 3254 1632 his
3294 1577 3510 1648 adjun-

1855 1680 1992 1736 gere
2021 1666 2274 1721 volueris
2335 1666 2807 1722 resuscitationis
2856 1667 3182 1737 negotium,
3231 1683 3356 1722 rem
3388 1666 3507 1722 ﬁde

1855 1756 2160 1826 majorem,
2206 1771 2312 1826 per
2341 1756 2599 1828 seipsam
2633 1755 3090 1820 consideratam,
3130 1756 3510 1813 resurrectio-

1855 1859 1994 1900 nem
2029 1845 2102 1900 ab
2132 1845 2386 1916 ipsomet
2423 1844 2702 1900 defuncto
2733 1851 3137 1916 procuratam,
3165 1860 3458 1915 agnosces
3483 1861 3497 1912 ;

1854 1934 2048 2002 magis
2075 1937 2274 1988 autem
2306 1933 2354 1988 si
2379 1940 2799 2005 comparatum
2819 1949 2956 1988 cum
2976 1933 3106 1989 aliis
3136 1933 3505 2005 quibusdam

1854 2021 2141 2087 tristibus,
2173 2027 2230 2078 et
2253 2039 2284 2078 e
2314 2021 2608 2078 diametro
2626 2021 3036 2095 pugnantibus
3067 2024 3509 2093 prmannuntie-

1854 2113 1970 2174 tur,
1997 2126 2385 2182 nequaquam
2407 2110 2754 2167 difﬁteberis
2782 2127 2886 2167 eos
2913 2111 3242 2181 ignorasse.

1883 2226 2212 2292 QUIESTIO
2238 2225 2404 2300 CCX[
2427 2227 2599 2284 Coisl.
2626 2230 2904 2293 CCXXXX,
2941 2229 3122 2284 Taur.
3157 2225 3467 2303 CCXXIX].

1864 2378 1994 2432 126).
2019 2405 2080 2415 -
2104 2378 2162 2426 In
2194 2378 2354 2428 verba
2385 2379 2567 2429 Matth.
2597 2392 2676 2437 In,
2705 2381 2733 2428 9
2761 2394 2773 2438 ;
2808 2379 2932 2431 Luc.
2968 2394 3042 2438 nl,
3073 2379 3101 2428 8
3127 2381 3264 2449 (82.).

1927 2519 2095 2586 Illud,
2141 2541 2165 2571 α
2197 2524 2388 2577 Potest
2423 2523 2572 2577 Deus
2604 2522 2689 2578 vel
2729 2539 2760 2579 e
2789 2522 3089 2596 lapidibus
3131 2528 3256 2584 istis
3285 2528 3506 2585 liberos

1853 2609 2199 2666 Abrahamo
2229 2612 2540 2680 suscitare,
2583 2632 2608 2662 ι
2644 2620 2785 2668 sunt
2813 2629 2887 2668 ex
2915 2617 3176 2689 antiquis
3207 2617 3383 2690 aliqui
3410 2618 3509 2690 qui

1851 2698 2178 2754 retulerunt
2204 2699 2282 2754 ad
2305 2699 2613 2756 credentes
2634 2716 2664 2756 e
2691 2701 2991 2771 gentibus,
3016 2706 3118 2776 qui
3150 2723 3433 2763 saxorum
3453 2712 3510 2763 et

1850 2793 2154 2860 petrarum
2207 2804 2372 2845 more
2424 2790 2605 2846 corda
2655 2791 2964 2847 habebant
3010 2794 3326 2852 obdurata.
3357 2797 3508 2861 Quid

1850 2876 2010 2931 enim
2041 2876 2236 2946 magis
2261 2877 2816 2950 absurdum,quam
2837 2880 3148 2939 obﬁrmate
3171 2890 3224 2940 et
3249 2885 3375 2940 sine
3400 2901 3509 2956 pu-

1849 2965 2014 3032 dore,
2046 2965 2279 3037 lapides
2315 2971 2373 3022 et
2421 2967 2579 3036 ligna
2617 2968 2914 3024 adorare?
2953 2973 3018 3026 Et
3050 2979 3249 3028 tamen
3285 2973 3364 3029 ab
3391 2974 3507 3030 hac

1848 3053 2279 3109 consuetudine
2298 3054 2585 3110 abstracti
2609 3071 2714 3127 per
2727 3055 2934 3122 ﬁdem,
2958 3058 3016 3113 in
3041 3060 3506 3118 semenAbrahaa

1849 3148 2218 3212 consurgunt
2240 3143 2516 3199 homines
2543 3160 2556 3199 :
2584 3144 2670 3199 sin
2689 3151 2892 3201 autem
2917 3162 3039 3202 non
3059 3148 3510 3221 estimproban—

1847 3229 1994 3286 dum
2019 3231 2220 3297 alliud,
2255 3233 2419 3304 quod
2446 3249 2586 3288 cum
2616 3233 2813 3289 verbis
2848 3239 2905 3290 et
2935 3235 3219 3295 historica
3263 3239 3508 3296 veritate

1847 3319 2096 3392 propius
2113 3326 2203 3376 est
2219 3321 2626 3392 conjunctum,
2642 3322 2888 3390 edicere,
2904 3339 3025 3381 non
3046 3331 3134 3382 est
3155 3326 3395 3400 insuper
3405 3329 3510 3386 ha-

1847 3408 2110 3465 bendum
2128 3411 2289 3483 quod
2303 3411 2583 3476 divinam,
2603 3412 3509 3488 inenarrabilem,supernatura-

1849 3499 1990 3564 lem,
2013 3500 2222 3555 omnia
2251 3507 2622 3572 operantem,
2656 3507 2709 3558 et
2739 3504 2945 3560 omnia
2974 3510 3276 3575 potentem
3302 3508 3510 3565 volun-

1849 3593 2055 3654 tatem,
2082 3590 2345 3662 Baptista
2365 3606 2503 3646 cum
2520 3590 3025 3660 velletinsinuare,
3054 3596 3137 3651 ita
3161 3595 3507 3667 prolocutus

1849 3683 1960 3734 est.
1997 3678 2142 3734 Illud
2173 3680 2457 3735 nimirum
2489 3681 2900 3751 subindicans,
2932 3684 3092 3756 quod
3118 3688 3508 3757 quemadmo-

1850 3766 1997 3822 dum
2037 3771 2113 3823 ah
2139 3767 2306 3824 initio
2327 3768 2456 3825 sola
2481 3786 2591 3826 sua
2612 3770 2937 3838 voluntate,
2970 3788 3000 3828 e
3030 3773 3154 3830 luto
3195 3774 3506 3833 hominem

1850 3855 2206 3922 efformavit,
2238 3857 2321 3912 ita
2351 3863 2406 3914 et
2430 3873 2591 3914 nunc
2618 3861 2798 3916 etiam
2829 3877 2859 3916 e
2889 3863 3326 3932 congeneribus
3346 3865 3506 3921 saxis

1850 3947 2010 4002 ethis
2026 3947 2612 4018 coaequandisfacile,
2633 3951 2817 4005 modo
2838 3951 3109 4017 voluerit,
3141 3952 3197 4007 in
3219 3969 3427 4009 semen
3448 3957 3504 4010 et

1848 4035 2070 4091 liberos
2113 4034 2461 4090 Abrahamo
2499 4037 2829 4094 suscitabit.
2863 4042 2938 4095 Tu
2973 4046 3169 4096 autem
3230 4041 3509 4097 conside-

1851 4124 2011 4179 rabis
2034 4130 2090 4178 et
2113 4123 2330 4178 tertiam
2360 4124 2789 4194 expositionem
2817 4143 2890 4182 ne
2911 4127 3106 4184 dicam
3132 4129 3505 4200 propriorem

1849 4213 1919 4268 iis
1945 4228 2080 4284 quas
2107 4215 2240 4266 ante
2275 4211 2444 4267 dictm
2470 4220 2629 4279 sunt,
2659 4221 2812 4270 certe
2861 4219 3065 4272 tamen
3105 4217 3275 4273 nulla
3314 4217 3504 4276 altera

1849 4300 2232 4357 remotiorem
2260 4317 2277 4366 ;
2305 4301 2470 4371 quod
2488 4318 2516 4355 e
2533 4301 2834 4374 lapidibus
2860 4304 2973 4360 illis
2989 4321 3137 4377 quos
3170 4307 3506 4364 Prascursor

1850 4391 2035 4460 digito
2090 4389 2462 4446 monstrabat
2489 4389 2710 4460 dicens,
2745 4412 2774 4444 «
2804 4393 2960 4450 Potis
2999 4400 3088 4450 est
3128 4398 3281 4451 Deus
3313 4396 3402 4452 vel
3431 4413 3503 4454 ex

1851 4480 1976 4535 istis
1996 4478 2296 4551 lapidibus
2337 4480 2622 4536 suscitare
2641 4480 3280 4554 liberosAbrahamo,»
3325 4501 3505 4558 opere

1851 4567 2198 4624 viderelicet
2219 4567 2634 4641 adimpletum,
2654 4568 2876 4627 liberos
2899 4572 3237 4630 Abrahamo
3257 4574 3506 4633 suscita-

1852 4663 1941 4713 tos
1973 4663 2028 4712 et
2076 4656 2523 4728 praedictionem
2556 4659 2674 4714 ﬁne
2705 4659 3113 4733 adimpletam.
3146 4664 3293 4719 Cum
3341 4665 3500 4722 enim

1850 4746 2054 4818 passio
2071 4745 2170 4802 illa
2189 4747 2417 4804 mundo
2435 4746 2734 4804 salutifera
2757 4751 3169 4822 compleretur,
3192 4756 3318 4808 tum
3338 4756 3504 4812 saxis

1850 4835 1962 4890 illis
1991 4838 2051 4891 et
2079 4835 2283 4907 petris,
2325 4852 2446 4892 una
2497 4853 2637 4893 cum
2679 4837 2810 4893 aliis
2849 4838 3122 4912 diruptis,
3179 4842 3347 4899 multi
3390 4847 3502 4900 ete

1851 4924 2130 4995 gentibus
2157 4925 2470 4990 etJudaais,
2499 4925 2782 4983 habentes
2811 4929 2996 4985 corda
3020 4945 3134 4986 sua
3185 4932 3352 5003 prius
3403 4933 3505 4989 ob-

1851 5013 2082 5081 durata,
2110 5029 2217 5086 per
2242 5014 2508 5070 medium
2531 5014 2765 5072 divulsa
2782 5015 2882 5073 illo
2906 5017 3218 5085 miraculo,
3243 5020 3308 5077 in
3338 5019 3500 5079 Chri-

1852 5103 1921 5158 sti
1944 5102 2127 5159 ﬂdem
2146 5107 2310 5176 quasi
2327 5105 2387 5160 in
2411 5105 2869 5162 fundamentum
2887 5106 3259 5176 locabantur,
3284 5116 3340 5168 et
3363 5111 3500 5169 ﬁliis

1847 5191 2124 5261 Abrahae,
2155 5209 2292 5248 cum
2335 5209 2549 5264 genere
2581 5199 2705 5250 tum
2733 5199 2888 5252 sorte
2921 5200 3499 5261 annumerabantur.

1849 5281 1935 5337 Ita
1966 5281 2125 5336 vides
2157 5297 2465 5353 quousque
2491 5282 2597 5338 tibi
2627 5284 3047 5356 producta‘est
3071 5289 3495 5362 interpretatio,

1848 5375 1908 5426 et
1952 5371 2156 5443 quoad
2195 5372 2783 5445 contemplationem,
2815 5379 2875 5432 et
2907 5379 3112 5450 quoad
3139 5378 3450 5438 historiam
3475 5400 3494 5455 ,'

1707 5523 1934 5580 NOTIE.

202 5651 319 5724 (82)
359 5653 646 5727 Ejusdem
683 5651 1025 5727 argumenti
1063 5652 1458 5726 quasstionem
1477 5669 1660 5727 supra
1689 5670 1750 5710 n.
1784 5655 1946 5714 XXXI
1966 5655 2130 5714 dedit
2158 5655 2432 5716 Photius.
