4076 6202
520 315 630 371 959

1741 307 1984 365 PHOTII
2027 302 2514 363 PATRIARCHE
2554 305 2666 367 CP.

3798 309 3907 366 960

513 439 829 497 historiam
845 450 1019 509 porro
1034 434 1813 505 geminam,antecedentem
1830 450 2024 504 unam,
2036 432 2162 487 sub-

2284 428 2344 484 δὲ
2392 431 2765 506 ἐπιγεγονυῖαν,
2812 437 2897 485 καὶ
2943 429 3016 485 δι’
3047 432 3312 506 ἑκατέρας,
3349 435 3408 483 τὸ
3441 428 3785 505 δημιουργόν
3824 441 3913 487 καὶ

514 533 866 601 sequentem
883 524 1151 589 alteram,
1173 530 1229 579 et
1249 524 1310 578 in
1334 530 1578 596 utraque
1601 524 1820 579 divinas
1854 523 2172 579 voluntatis

514 617 908 673 conditoriam
941 617 1295 685 potestatem
1314 618 1369 667 et
1392 614 1710 684 potentiam
1735 614 2087 669 illimitatam
2110 612 2170 666 in

518 705 747 772 oculos,
769 705 1194 759 incurrentem.

576 828 894 896 QU/ESTIO
928 825 1083 884 CCXI
1119 827 1336 897 [CoisL
1369 824 1560 890 CCXL,
1594 828 1774 881 Taur.
1809 824 2113 895 CCXXXI].

516 937 609 992 Ad
620 934 1402 1005 interrogantmnguomodo
1421 948 1536 988 non
1554 933 1834 989 mentitus
1847 931 2168 1000 deprehen-

552 1009 719 1063 ditur
738 1004 973 1061 divinus
994 1004 1435 1076 Apostolus,qui
1448 1020 1504 1058 se
1521 1020 1650 1059 cum
1668 1006 2094 1070 Juclceum,tum
2112 1008 2166 1076 et

553 1082 882 1136 Romanum
913 1077 1146 1131 dicebat
1173 1094 1184 1141 ;
1218 1082 1270 1131 et
1301 1074 1624 1146 aliquando
1650 1077 1869 1131 dixerit
1901 1089 1960 1130 se
1996 1074 2168 1129 Tarsi

550 1156 777 1214 natum,
814 1149 1143 1220 aliquando
1174 1148 1367 1202 autem
1409 1149 1597 1202 Roma
1638 1147 1771 1219 (83).

2283 518 2698 596 ἀπειροδύναμον
2784 530 2880 584 τῆς
2973 523 3107 582 θείας
3196 519 3513 593 βουλήσεως,

2278 629 2383 665 νον.

3615 524 3915 595 θεωρούμεο

2814 812 3126 860 ΕΡΩΤΙΙΣΙΣ
3166 806 3310 861 ΣΙΑ’.

2281 934 2411 1006 Πρός
2460 936 2546 1006 τόν
2602 930 3023 1006 ἐπερωτήσαντα,
3089 938 3214 1006 πῶς-
3278 926 3507 1006 δυνατόν
3566 933 3641 1000 μὴ
3705 928 3909 981 ἁλῶναι

2347 1000 2533 1073 ψεύδει
2610 998 2697 1054 τόν
2770 1006 2897 1056 θεῖον
2972 1001 3286 1055 Ἀπόστολον
3367 998 3629 1053 Ἰουδαῖον
3716 1004 3910 1053 tau-:67

2347 1078 2436 1125 καὶ
2532 1074 2780 1147 Ῥωμαῖον
2874 1074 3260 1147 ἀποφηνάμενον
3312 1093 3325 1105 ο
3371 1077 3462 1147 καὶ
3557 1076 3695 1126 ποτέ
3729 1142 3742 1147 _
3816 1077 3913 1143 μὶν

2345 1150 2583 1219 Ταρσοὺς
2629 1140 2772 1217 ἔχειν
2843 1140 3123 1219 πατρίδα(
3158 1147 3281 1197 ποτε
3358 1140 3417 1197 δὲ
3490 1146 3540 1196 ἐν
3595 1151 3659 1214 τῇ
3729 1140 3912 1215 Ῥώμη

2343 1219 2652 1287 γεννηθῆναι
2679 1235 2695 1285 ;

1573 1323 1724 1372 Edita
1752 1336 1783 1373 a
1808 1323 2132 1373 Montacutio
2161 1322 2269 1385 (ep.
2302 1324 2409 1379 102,
2440 1338 2491 1386 ρ.
2529 1324 2819 1384 143-148).

584 1417 858 1473 Veritatis
888 1414 981 1470 ille
1012 1413 1336 1485 discipulus
1356 1412 1570 1467 Paulus
1598 1414 1879 1467 mentitus
1908 1428 2022 1467 non
2054 1416 2157 1476 est,

511 1522 623 1562 nec
653 1523 789 1561 cum
819 1520 880 1559 se
909 1502 1184 1557 Judaeum
1211 1502 1455 1566 diceret,
1482 1517 1589 1555 nec
1618 1517 1753 1555 cum
1778 1502 2117 1556 Romanum
2146 1516 2157 1553 :

512 1593 879 1667 impossibile
910 1592 1071 1646 enim
1115 1591 1244 1655 fuit,
1288 1590 1491 1660 ipsum
1532 1606 1670 1644 cum
1711 1595 1863 1643 esset
1907 1589 2163 1643 veritatis

512 1699 731 1755 praeco,
758 1678 1277 1742 mendacioinniti,
1308 1679 1607 1748 imprimis
1640 1683 1763 1732 tum
1804 1694 1939 1731 cum
1987 1677 2164 1731 tribu-

515 1772 633 1826 nali
658 1772 979 1831 sisteretur,
996 1775 1050 1822 et
1068 1768 1427 1839 perJudaeos
1442 1767 1501 1821 in
1519 1766 1812 1837 judicium
1832 1772 2161 1835 vocaretur,

514 1874 726 1932 pcenas
749 1858 1056 1915 soluturus
1079 1856 1303 1910 fraudis
1330 1862 1385 1910 et
1403 1855 1704 1926 nequitiae,
1729 1870 1883 1926 quas
1912 1854 2005 1910 ille
2041 1870 2164 1909 om-

512 1946 1133 2004 nimododeturbabat
1164 1946 1489 2010 Quomodo.
1523 1944 1618 1998 ille
1644 1945 1891 1999 auderet
1922 1944 2166 1998 menda-

510 2038 662 2094 cium
683 2036 1093 2099 adhibere,aut
1110 2033 1567 2105 sycophantiam
1582 2032 2165 2088 conﬁrmareJudaao-

509 2143 636 2182 rum
666 2141 850 2197 quam
892 2124 951 2178 in
982 2124 1172 2194 ipsum
1200 2123 1705 2177 concinnaverant
1732 2122 1759 2175 ‘I
1785 2127 1996 2177 Annon
2027 2137 2166 2177 con-

509 2217 676 2289 tinuo
729 2214 1155 2289 convictionem
1220 2211 1649 2275 reformidaret,
1683 2216 1787 2266 aut
1826 2215 2163 2266 secuturam

510 2305 794 2374 deinceps
824 2303 852 2358 ‘I
874 2318 994 2357 non
1019 2301 1382 2372 praevideret,
1404 2302 1551 2355 'cum
1577 2300 1835 2355 revelata
1864 2305 2014 2355 esset
2034 2316 2164 2372 per-

513 2409 679 2458 sona,
712 2392 941 2448 nullam
973 2390 1087 2445 sibi
1140 2390 1472 2461 acquireret
1531 2389 1864 2453 utilitatem,
1898 2390 1995 2445 sed
2030 2406 2166 2445 reus

513 2481 830 2537 haberetur
858 2478 1083 2549 duplici
1106 2477 1399 2549 supplicio
1424 2477 1643 2546 dignus
1670 2478 1698 2532 ‘I
1720 2493 1957 2549 nempe,
1990 2477 2068 2533 ob
2095 2494 2165 2532 ea

515 2585 653 2640 quae
680 2568 865 2623 Judaei
891 2566 1386 2631 criminabantur,
1415 2571 1470 2620 et
1495 2582 1713 2637 eaquae
1738 2565 2014 2621 mentitus
2040 2566 2167 2621 fue-

516 2662 627 2712 rat.
658 2656 974 2721 Quomodo
992 2661 1047 2709 et
1063 2656 1262 2727 Lysias
1287 2653 1391 2725 qui
1414 2670 1547 2709 cum
1565 2655 1623 2708 in
1643 2654 1994 2723 magistratu
2021 2661 2162 2719 erat,

519 2750 577 2803 et
607 2746 774 2802 facile
817 2750 1039 2817 poterat
1090 2744 1399 2799 veritatem
1458 2743 1773 2814 expiscari,
1822 2750 2163 2800 cessasseta

513 2834 887 2900 verberibus,
921 2833 963 2888 si
996 2848 1115 2888 non
1157 2829 1479 2888 afﬁrmanti
1538 2830 1934 2887 credidisset?
1964 2833 2017 2885 In
2047 2848 2167 2888 cre-

510 2923 821 2981 dulitatem
852 2922 1156 2994 quomodo
1184 2937 1284 2993 per
1313 2920 1611 2992 captivum
1643 2924 1696 2975 et
1724 2935 2048 2991 pauperem
2076 2922 2164 2977 in-

507 3012 847 3081 duceretur,
874 3012 920 3066 si
940 3026 1059 3067 non
1078 3012 1213 3082 ipsa
1229 3025 1363 3065 eum
1385 3009 1734 3079 adigereteo
1747 3008 1987 3064 veritas?
2016 3012 2165 3076 Quo-

510 3102 691 3158 modo
724 3108 778 3157 et
811 3100 982 3157 Felici
1032 3100 1319 3165 scribens,
1354 3098 1595 3153 Paulum
1636 3099 1922 3155 Romanis
1963 3115 2165 3154 accen-

510 3192 764 3247 sendum
793 3187 1251 3262 pronuntiaret?
1285 3209 1312 3240 «
1373 3187 1667 3244 lntellecto
1708 3188 1889 3254 enim,
1951 3188 2162 3260 inquit,

510 3281 674 3354 quod
694 3280 839 3336 Rom
851 3296 1001 3335 anus
1014 3285 1153 3341 erat,
1173 3277 1336 3333 adfui
1364 3294 1501 3333 cum
1525 3277 1825 3343 militibus,
1847 3283 1902 3333 et
1922 3277 2165 3334 liberavi

511 3386 649 3424 eum
682 3370 725 3403 ⁸⁸
755 3385 769 3433 ;
794 3391 814 3417 ι
847 3368 952 3422 sed
982 3367 1145 3421 fraus
1168 3372 1291 3421 erat
1320 3365 1470 3420 facta
1499 3366 1742 3437 decepto
1776 3367 1984 3439 Lysiae,
2023 3383 2164 3439 qua,

512 3460 713 3528 quaeso
745 3455 1221 3527 arte7quomodo
1241 3454 1605 3509 subinducta
1624 3455 1651 3508 ?
1680 3455 1837 3511 Felix
1851 3461 2049 3511 autem
2066 3473 2168 3511 cur

513 3550 634 3600 non
666 3544 1051 3615 imposturam
1092 3544 1393 3612 detexerit,
1429 3543 1763 3613 praesertim
1796 3560 1933 3599 cum
1960 3551 2167 3600 contra

510 3632 670 3702 leges
693 3632 915 3688 Iudaeis
955 3631 1402 3703 gratificabatur
1429 3629 1455 3683 ?
1484 3637 1572 3687 An
1637 3633 1694 3687 in
1723 3632 1943 3704 quibus
1972 3635 2163 3703 gratia

510 3722 691 3777 fiebat
718 3727 924 3777 contra
949 3721 1129 3789 leges,
1163 3727 1272 3776 eta
1302 3720 1529 3775 ratione
1561 3720 1775 3787 aliena,
1812 3722 2053 3777 sedulus
2083 3722 2166 3776 in-

511 3810 715 3867 cubuit
766 3826 953 3881 ;cum
1012 3826 1151 3865 vero
1205 3809 1519 3879 gratificari
1574 3809 1784 3865 iisdem
1838 3811 2162 3866 secundum

507 3906 730 3956 rectam
762 3898 1054 3955 rationem
1088 3903 1336 3971 poterat,
1386 3899 1631 3968 ignavus
1663 3908 1715 3955 et
1746 3901 2049 3955 remissior
2081 3900 2163 3954 vi-

507 3988 778 4053 debatur,
796 3989 873 4043 ita
885 3987 1047 4060 quod
1064 4002 1313 4058 operam
1327 3986 1578 4052 dederit,
1603 3993 1789 4044 utnec
1804 3989 2163 4060 principium

504 4079 735 4150 gratimj
748 4084 945 4133 ustum
959 4085 1014 4133 et
1028 4082 1252 4133 rectum
1269 4077 1831 4151 volueritauspicari
1851 4083 1876 4133 ?
1902 4082 2160 4150 Ecquam

503 4167 631 4223 haec
652 4167 876 4223 habent
894 4166 1338 4237 persuasionem
1371 4173 1472 4223 aut
1495 4168 1990 4240 consequentiam
2007 4170 2034 4225 ?
2052 4170 2160 4225 Sed

507 4260 564 4312 et
583 4256 685 4328 qui
706 4262 829 4311 tum
846 4256 1315 4312 aderantcontra
1332 4272 1470 4311 eum
1503 4258 1730 4311 caedem
1756 4258 2075 4327 spirantes,
2108 4265 2159 4315 et

505 4345 742 4401 Judaaos
769 4345 931 4400 omni
966 4345 1145 4400 modo
1173 4345 1557 4409 concitantes,
1592 4346 1705 4401 hoc
1747 4350 1831 4401 est
1857 4346 2067 4413 Judaei,
2112 4348 2158 4403 si

508 4451 614 4507 per
642 4433 1028 4490 mendacium
1068 4437 1316 4489 conatus
1358 4433 1561 4489 fuisset
1602 4434 1820 4489 Paulus
1864 4440 2161 4492 tormenta

511 4528 789 4587 avertere,
805 4522 1103 4593 quomodo
1119 4538 1237 4577 non
1255 4537 1457 4577 vocem
1473 4522 1875 4589 sustulissent,
1902 4524 2160 4580 clamore

510 4613 812 4669 theatrum
843 4612 1230 4686 replevissent
1260 4627 1271 4666 :
1308 4611 1624 4667 Intuemini
1656 4628 1759 4667 vos
1790 4619 2160 4687 quantopere

511 4702 834 4757 mentiatur
862 4717 875 4766 ;
910 4701 1201 4771 impostor
1226 4704 1333 4763 est,
1361 4699 1641 4771 deceptor
1658 4706 1762 4765 est,
1780 4717 1901 4756 non
1929 4707 2016 4757 est
2041 4704 2159 4761 Ro-

512 4805 744 4853 manus,
769 4790 1058 4845 rationem
1088 4787 1317 4844 invenit
1335 4803 1456 4859 qua
1479 4804 1588 4843 vos
1618 4788 1935 4861 deciperet,
1965 4791 2160 4863 etpla-

2344 1416 2477 1466 Οῦτε
2520 1409 2800 1477 Ἰουδαῖον,
2832 1414 2950 1464 οὔτε
2990 1410 3238 1482 Ῥωμαῖον
3291 1410 3473 1462 ἑαυτὸν
3523 1409 3717 1473 εἰπὼν,
3754 1411 3786 1461 ό
3818 1418 3916 1470 τῆς

2272 1504 2516 1563 ἀληθείας
2572 1504 2811 1573 μαθητὴς
2863 1499 3065 1560 Παῦλος
3123 1498 3402 1569 ἐψεύσατο.
3444 1496 3589 1550 Οὐδὲ
3633 1502 3753 1571 γὰρ
3805 1501 3916 1550 οἶόν

2270 1612 2324 1645 τε
2354 1590 2436 1655 ἦν,
2471 1590 2622 1642 αὐτόν
2672 1589 2916 1651 ἀληθείας
2969 1594 3093 1641 ὄντα
3147 1592 3375 1661 κήρυκα,
3425 1587 3808 1661 ἐπερείδεσθαι
3842 1597 3917 1657 τῷ

2270 1677 2457 1753 ψεύδει
2490 1696 2503 1709 ⁸
2538 1680 2772 1751 μάλιστά
2819 1698 2879 1750 γε
2930 1683 3185 1753 κριτηρίῳ
3229 1680 3642 1751 παριστάμενον,
3680 1682 3785 1729 καὶ
3816 1674 3914 1729 δί-

2270 1791 2365 1831 κας
2439 1767 2639 1828 ἀπάτης
2716 1773 2807 1821 καὶ
2878 1772 3220 1840 κακουργίας,
3280 1767 3347 1817 ὧν
3426 1762 3488 1824 ἦν
3543 1769 3913 1840 καθαιρέτης,

2272 1860 2372 1911 ὑπὸ
2444 1855 2714 1911 Ἰουδαίων
2784 1857 3233 1928 εἰσπραττόμενον.
3296 1862 3414 1917 Πῶς
3488 1858 3592 1929 γὰρ
3676 1854 3748 1906 ἂν
3820 1862 3915 1907 καὶ

2273 1947 2527 2022 ἐθάρρησε
2563 1944 2750 2018 ψεύδει
2780 1947 3117 2018 χρήσασθαι,
3165 1949 3254 1996 καὶ
3282 1948 3377 2002 τὴν
3432 1944 3547 1996 κατ’
3602 1944 3787 1997 αὐτοῦ
3820 1964 3915 1997 av-

2272 2042 2571 2110 κοφαντίαν,
2648 2037 2721 2096 οἷς
2797 2034 3049 2099 ἐξηπάτα,
3137 2035 3557 2099 πιστώσασθαι;
3612 2028 3729 2108 ἆρα
3804 2039 3911 2107 γὰρ

2274 2127 2403 2197 οὐχὶ
2442 2129 2528 2177 τὸν
2577 2130 2879 2199 παραυτίκα
2926 2120 3181 2176 ἐδεδοίκει
3236 2122 3447 2193 ἔλεγχον
3482 2122 3587 2188 ;οὗ
3620 2126 3717 2174 τόν
3779 2126 3917 2195 μετά

2275 2223 2438 2267 ταῦτα
2471 2232 2484 2282 ;
2519 2214 2593 2266 Οὐ
2631 2232 2862 2286 συνεωρα
2892 2209 2972 2276 δε,
3003 2214 3083 2265 ὅτι
3139 2212 3584 2283 ἑκκαλυπτομένου
3631 2220 3737 2263 τοῦ
3784 2209 3919 2286 δρά-

2276 2324 2457 2377 ματος,
2491 2307 2623 2375 πρός
2660 2312 2729 2374 τῷ
2782 2298 2950 2374 μηδὲν
2988 2298 3359 2373 ἀποκερδᾶναι,
3408 2306 3499 2352 καὶ
3532 2297 3748 2361 διπλῆς
3801 2303 3921 2354 iam-

2276 2398 2361 2445 τόν
2416 2397 2675 2466 τιμωρίας
2729 2394 2912 2463 ἔνοχον
2970 2395 3370 2463 παραστήσειεν,
3430 2390 3499 2441 ὧν
3550 2409 3609 2441 τε
3658 2394 3728 2442 τὸ
3782 2391 3921 2444 Ἰου-

2278 2480 2427 2535 δαῖον
2459 2484 2603 2543 ἔθνος
2652 2480 2903 2546 ἐπεκάλει,
2958 2486 3048 2532 καὶ
3097 2480 3164 2530 ὧν
3219 2478 3375 2539 αὐτὸς
3429 2478 3616 2530 ἑαυτοῦ
3648 2480 3919 2550 κατεψεύ-

2279 2568 2397 2624 δετο
2430 2588 2444 2638 ;
2479 2578 2596 2632 Πῶς
2643 2567 2702 2624 δὲ
2758 2574 2845 2621 καὶ
2908 2570 2933 2620 ό
2989 2571 3212 2633 Λυσίας,
3260 2565 3432 2642 ἀρχῆς
3490 2565 3751 2639 ἐφεστὼς,
3826 2576 3917 2621 καὶ

2276 2660 2491 2720 τάληθὲς
2542 2659 2758 2732 ἐξευρεῖν
2811 2655 2997 2732 ῥᾴδιον
3046 2660 3203 2729 ἔχων,
3261 2654 3460 2714 ἀπέστη
3512 2664 3609 2708 τοῦ
3664 2660 3913 2721 τύπτειν,

2277 2750 2320 2801 εἰ
2366 2754 2437 2821 μὴ
2474 2748 2743 2801 ἐπέπειστο
2779 2764 2791 2813 ;
2826 2756 2937 2807 πῶς
2992 2743 3041 2799 δ’
3093 2746 3152 2797 ἆν
3202 2744 3470 2798 ἐπέπειστο
3524 2747 3629 2798 ὑπὸ
3670 2744 3913 2819 δεσμίου

2275 2844 2364 2890 καὶ
2404 2843 2639 2903 πένητος,
2675 2837 2717 2889 εἰ
2749 2842 2819 2909 μὴ
2878 2839 2938 2888 τά
2990 2843 3085 2895 τῆς
3120 2834 3360 2896 ἀληθείας
3409 2835 3565 2886 αὐτόν
3604 2833 3859 2894 ἐϐιάζετο
3895 2853 3910 2899 ;

2275 2936 2379 2987 πῶς
2430 2923 2487 2979 δὲ
2540 2932 2629 2979 καὶ
2661 2925 2848 2984 Φήλικι
2876 2927 3087 2998 γράφων
3139 2924 3209 2986 εἰς
3259 2924 3543 2994 Ῥωμαίους
3594 2923 3767 2975 τελεῖν
3819 2928 3909 2975 τόν

2276 3015 2477 3067 Παῦλον
2526 3014 2917 3089 ἀπισχυρίζετο
2968 3032 2980 3080 ;
3033 3036 3054 3062 ι
3118 3015 3308 3065 Μαθὼν
3363 3014 3489 3087 γὰρ,
3556 3017 3753 3083 φησιν,
3825 3015 3903 3064 ὅτι

2272 3104 2522 3176 Ῥωμαῖός
2570 3102 2727 3167 ἐστιν,
2779 3102 2997 3163 ἐπιστὰς
3043 3106 3135 3153 σὺν
3179 3109 3251 3171 τῷ
3297 3104 3657 3174 στρατεύματι
3707 3100 3905 3163 ἑξειὶόο

2274 3214 2375 3266 μην
2434 3194 2606 3245 αὐτόν.
2641 3214 2665 3243 ν
2712 3192 2847 3245 Ἀλλ’
2896 3191 3089 3249 ἐκλάπη
3141 3196 3229 3243 καὶ
3287 3193 3559 3263 παρεσύρη
3632 3197 3853 3252 Λυσίας
3889 3209 3902 3219 ⁵

2276 3288 2375 3335 τίνι
2406 3288 2563 3355 τέχνη
2603 3300 2615 3349 ;
2649 3286 2739 3332 καὶ
2794 3289 2899 3342 πῶς
2950 3282 3205 3353 ὑπαχθείς
3240 3296 3252 3346 ;
3285 3281 3309 3331 ὁ
3341 3279 3501 3341 Φῆλιξ
3531 3276 3594 3331 δὲ
3639 3289 3757 3341 πῶς
3808 3281 3905 3332 οὐκ

2277 3371 2511 3446 ἐφώρασε
2567 3375 2622 3423 τό
2681 3372 3046 3442 κακούργημα,
3106 3374 3276 3421 καίτοι
3347 3375 3435 3421 καὶ
3492 3370 3733 3441 χάριτας
3792 3378 3907 3431 τοῖς

2278 3458 2540 3520 Ιουδαίοις
2594 3459 2879 3531 ἐκθέσμους
2932 3460 3235 3520 κατατιθείς
3290 3475 3303 3525 ;
3357 3457 3497 3509 Ἀλλ’
3554 3456 3606 3508 ἓν
3668 3459 3756 3519 οἷς

2276 3551 2523 3621 ἄνομοςὴ
2559 3551 2739 3621 χάρις,
2792 3554 2879 3600 καὶ
2929 3548 3080 3620 λόγον
3140 3547 3233 3600 οῦκ
3286 3550 3509 3618 ἔχουσα,
3558 3548 3755 3619 θερμὸς
3804 3550 3904 3598 ὑπο

2277 3643 2466 3711 ηρέτης
2497 3657 2507 3667 ·
2539 3640 2586 3690 ἐν
2618 3638 2691 3697 οἷς
2741 3633 2798 3689 δὲ
2842 3639 2972 3708 μετὰ
3018 3644 3111 3688 τοῦ
3157 3635 3314 3710 ὀρθοῦ
3359 3635 3514 3707 λόγου
3546 3638 3905 3710 χαρίσασθαι

2275 3726 2355 3791 ἦν,
2413 3730 2613 3786 τούτοις
2670 3722 2728 3778 δὲ
2766 3727 2869 3798 ἄρα
2921 3726 3155 3799 ῥᾴθυμος
3208 3730 3299 3777 καὶ
3355 3724 3764 3787 ἀναπεπωκὼς,
3812 3732 3901 3776 καὶ

2276 3813 2390 3868 οὐδ’
2445 3816 2515 3877 εἰς
2557 3815 2727 3889 ἀρχὴν
2778 3823 2869 3867 τοῦ
2922 3813 3248 3887 βουληθῆναι
3303 3810 3515 3866 δικαίαν
3563 3816 3900 3866 καταθέσθαι

2274 3907 2434 3977 χάριν
2489 3900 2880 3976 διανιστάμενος
2912 3921 2923 3932 ·
2953 3908 3038 3954 καὶ
3100 3908 3215 3954 τίνα
3260 3902 3320 3954 ἀν
3363 3904 3481 3973 ἔχοι
3527 3910 3698 3953 ταῦτα
3730 3905 3895 3954 πειθὼ

2272 4000 2360 4046 καὶ
2416 3992 2721 4045 ἀκολουθίαν
2756 4012 2768 4061 ;
2804 3990 2930 4045 Εἶτα
2973 3992 3118 4043 αὐτοὶ
3181 3988 3239 4043 δε
3292 3997 3541 4065 παρόντες
3585 3994 3638 4043 οἱ
3698 4000 3897 4063 φονῶν-

2273 4103 2348 4144 τες
2401 4084 2516 4135 κατ’
2562 4082 2719 4133 αὐτοῦ
2766 4086 2855 4133 καὶ
2898 4084 3067 4133 πάντα
3108 4080 3249 4132 λίθον
3293 4088 3571 4143 κινοῦντες,
3604 4084 3729 4141 τοὺς
3757 4082 3900 4134 Ἰου-

2274 4168 2457 4233 δαίους
2482 4171 2633 4243 λέγω,
2686 4171 2728 4222 εἰ
2778 4166 2871 4222 διὰ
2920 4166 3152 4241 ψεύδους
3183 4171 3208 4221 ὁ
3251 4168 3448 4231 Παῦλος
3492 4172 3581 4229 τὰς
3615 4166 3901 4241 βασάνους

2272 4258 2576 4333 ἐτεχνάζετο
2635 4256 3082 4332 διακρούσασθαι,
3144 4266 3253 4317 πῶς
3306 4258 3400 4309 οὐκ
3448 4256 3669 4331 ἓρῥηξαν
3716 4264 3899 4329 φωνὴν

2270 4349 2571 4424 πληροῦσαν
2624 4352 2682 4400 τὸ
2743 4350 2972 4419 θέατρον,
3024 4346 3225 4421 Ὁρᾶτε,
3286 4343 3494 4420 ἄνδρες,
3558 4346 3743 4404 ἡλίκον
3789 4350 3901 4399 οἷον

2271 4436 2527 4508 ἐψεύσατο
2562 4456 2573 4466 ·
2604 4435 2888 4489 ἀπαιταιών
2945 4434 3058 4487 ἐστι
3101 4440 3191 4487 καὶ
3241 4440 3371 4505 γόης
3400 4446 3443 4499 θ,
3477 4434 3572 4486 οὐκ
3622 4436 3742 4487 ἔστι
3773 4436 3901 4489 Ῥω-

2269 4535 2442 4599 μαῖος,
2498 4528 2636 4601 εὗρεν
2689 4528 2826 4587 ὅπως
2878 4529 2967 4576 καὶ
3025 4526 3156 4597 ὑμᾶς
3203 4524 3577 4584 ἀποπλανησας
3630 4530 3730 4582 τὴν
3796 4536 3900 4578 τῶν

2270 4621 2540 4689 μαστίγων
2612 4623 2793 4689 πεῖραν
2862 4610 3197 4688 διαδράσειεν
3252 4630 3265 4643 ’
3316 4612 3424 4665 ἀλλ’
3489 4616 3637 4685 ὑμεῖς
3707 4614 3770 4676 ἐξ
3828 4614 3899 4667 ὧν

2270 4706 2518 4778 ἐτόλμησε
2571 4710 2655 4757 καὶ
2716 4706 2840 4779 πρὸς
2899 4706 3036 4776 ἡμᾶς
3091 4703 3114 4744 ί
3170 4705 3607 4775 τερατεύσασθαι,
3664 4709 3761 4755 καὶ
3826 4706 3897 4757 ὧν

2270 4797 2417 4867 ἡμεῖς
2487 4801 2894 4867 κατηγοροῦμεν,
2970 4791 3209 4854 λαϐόντες
3278 4795 3367 4853 τὰς
3422 4797 3648 4854 πίστεις,
3703 4804 3895 4847 κοινοῦ

510 4892 617 4947 gas
640 4876 960 4932 declinaret
980 4894 993 4942 ;
1013 4881 1074 4931 at
1099 4891 1225 4942 vos,
1246 4880 1563 4947 propterea
1580 4876 1742 4947 quod
1774 4894 1955 4932 ausus
1988 4879 2161 4935 fuerit

2279 4887 2518 4955 λυμεῶνος
2569 4887 2662 4941 τὴν
2715 4886 2888 4941 κοινὴν
2945 4891 3045 4933 τῶν
3092 4880 3371 4956 ἀνθρώπων
3406 4880 3667 4933 πολιτείαν
3717 4880 3893 4935 διπαλ-

506 4966 587 5021 ita
614 4964 947 5036 prodigiose
979 4965 1286 5021 vobiscum
1306 4970 1742 5034 agere,nostras
1776 4966 2159 5037 probationes

503 5054 795 5109 admittite
815 5070 1021 5110 eorum
1041 5055 1113 5109 de
1132 5054 1352 5126 quibus
1372 5070 1746 5123 accusamus,
1770 5072 2156 5114 communem

503 5142 821 5199 hominum
833 5145 1197 5209 societatem,
1214 5144 1567 5200 acommuni
1588 5145 2154 5216 pesteistaliberate.

580 5267 645 5324 ⁴⁸.
680 5267 792 5324 Act
814 5283 974 5332 nui,
1008 5271 1098 5323 27.

2267 4972 2487 5041 λάξατε;
2534 4971 2668 5025 Ἀλλ’
2719 4968 2868 5023 οὐδὲν
2918 4972 3135 5035 τούτων,
3187 4970 3246 5021 οὐ
3299 4973 3389 5041 μὲν
3443 4966 3530 5021 οὖν
3577 4969 3674 5021 οὐκ
3724 4971 3893 5024 εἰπεῖν

2269 5058 2434 5133 εἶχον,
2484 5064 2598 5113 οὔτε
2651 5059 2941 5132 ἐτόλμησαν
2988 5077 3001 5091 ο
3054 5059 3112 5111 οὐ
3167 5063 3301 5123 τότε,
3358 5057 3418 5110 οὔ
3473 5060 3605 5130 μετὰ
3667 5067 3845 5112 ταῦτα
3877 5081 3892 5093 ο

2267 5145 2435 5201 καίτοι
2492 5154 2579 5201 καὶ
2638 5145 2985 5223 δικαστηρίου
3064 5147 3216 5199 πάλιν
3283 5146 3461 5209 αὐτοῖς
3521 5149 3894 5222 κροτηθέντος,

1868 5378 2098 5435 VARI/E
2124 5381 2522 5438 LECTIONES.

582 5496 610 5528 ο
637 5504 726 5559 γρ.
757 5482 993 5537 ἀπατεὼν
1023 5482 1174 5546 οὗτός
1201 5481 1333 5551 ἐστι,
1361 5486 1489 5556 γόης
1517 5482 1651 5541 ἔστί.
1727 5484 1750 5527 ἵ
1772 5488 1924 5559 ὑμᾶς.

593 5691 705 5765 (83)
730 5690 817 5749 Cf.
840 5705 978 5745 cum
1010 5688 1127 5744 hac
1147 5689 1473 5761 quaestione
1491 5705 1531 5761 q
1551 5692 1723 5747 CXVI.

2063 5577 2288 5653 Nom.
