4026 6196
150 297 252 351 οθι
865 375 870 378 _
1234 290 1329 352 AD
1368 287 1919 352 AMPHILOCHIUM
1960 293 2288 364 QUESTIO
2329 296 2510 360 ccxx.
3415 315 3522 374 962

147 426 244 474 καὶ
297 428 390 474 τοῦ
447 420 597 495 φίλου
655 421 873 483 Φήλικος
930 419 1004 484 εἰς
1046 425 1221 497 κρίσιν
1265 423 1714 497 προκαθεζομένου

1934 433 1940 479 ‘:
1960 424 2104 481 nihil
2129 428 2425 499 ejusmodi
2452 427 2536 484 vel
2557 426 2755 484 dicere
2776 433 3070 502 poterant,
3090 439 3195 491 aut
3215 437 3524 499 audebant

151 509 266 562 ἀλλ’
316 511 485 572 οὕτως
537 507 600 570 ἦν
661 509 877 584 ἐναργὴς
942 516 1031 564 καὶ
1086 520 1202 573 ταῖς
1272 512 1509 564 ἁπάντων
1581 509 1736 574 δόξαι

1931 529 2169 582 :cusare,
2197 517 2393 573 nonin
2424 518 2717 590 praesenti,
2752 533 2873 574 non
2913 520 3214 594 deinceps,
3253 542 3362 582 nec
3397 534 3521 586 tum

150 608 429 674 κρατοῦσα
476 602 507 658 ἠ
560 600 766 652 Παύλου
806 599 1040 667 ἀλήθεια,
1075 604 1144 663 ὡς
1189 606 1279 652 καὶ
1323 609 1422 653 τῶν
1472 600 1740 672 ἁναισχύν

1931 619 2007 658 im
2028 604 2348 663 tribunalia
2370 612 2640 679 paterent
2661 608 2729 662 iis
2743 609 3016 680 demum,
3035 616 3091 667 et
3109 612 3270 670 Felix
3293 618 3521 674 amicus

150 709 257 741 των
317 686 613 760 Ἰουδαίων,
657 695 747 742 καὶ
797 693 965 742 πάντα
1019 690 1180 762 λέγειν
1224 690 1295 750 εἰς
1343 694 1401 742 τὸ
1441 702 1471 743 8
1522 693 1740 762 πράττει

1933 709 1979 750 Ὀ
2017 694 2295 750 tribunali
2328 696 2577 762 sederet,
2606 705 2728 752 tam
2763 703 2964 769 aperte
2989 701 3368 760 manifestum
3398 712 3523 765 erat

153 776 588 850 ἀποτολμώντων,
653 779 911 852 ἐμφράξαι
979 782 1042 831 τὰ
1118 784 1357 852 στόματα
1388 800 1400 811 ’
1458 781 1592 831 οὕτω
1669 781 1743 852 μετ

1931 781 2114 838 mlum
2148 785 2463 855 protulisse
2493 787 2822 852 veritatem,
2853 791 2910 842 et
2940 790 3104 861 apud
3125 807 3335 848 omnes
3369 796 3521 852 adeo

151 864 246 919 οὖν
303 867 626 940 πολλαχόθεν
681 865 1035 940 ψευδολογίας
1089 870 1268 932 πάσης
1324 867 1590 941 ἀνώτερος,
1643 867 1741 920 Ῥωι

1934 888 1970 927 a
1989 871 2524 946 obtinebatOpinio,
2536 878 2942 933 utJudaeorum
2955 895 3060 936 ora
3076 881 3520 958 obturarentur,

149 963 310 1028 μαῖον
344 958 525 1010 ἑαυτὸν
555 957 706 1010 εἰπὼν
741 959 767 1009 6
813 959 1088 1020 θεσπέσιος
1132 955 1507 1011 ἀποδείκνυται
1540 957 1735 1018 Παῦλος

1930 967 2001 1016 :et
2027 967 2228 1018 essent
2253 964 2653 1036 impudentes,
2685 971 2742 1022 et
2773 968 2848 1022 ad
2879 969 3129 1038 quodvis
3173 955 3520 1033 audendum

151 1045 290 1098 Ἀλλ’
342 1046 387 1098 εἰ
431 1046 683 1119 Ῥωμαῖος
721 1044 804 1115 ἧν,
845 1053 994 1120 φησὶ,
1044 1056 1150 1107 πῶς
1202 1048 1354 1108 αύτός
1402 1046 1449 1098 ἐν
1497 1047 1665 1107 ἄλλοις
1704 1066 1741 1098 τι

1932 1051 2115 1122 ’0180ιί
2144 1058 2356 1125 :atque
2382 1055 2462 1110 ita
2493 1055 2715 1110 Paulus
2736 1055 2832 1111 ille
2857 1057 3109 1127 divinus,
3133 1060 3278 1118 dum
3303 1081 3362 1117 se
3391 1081 3522 1136 pro-

145 1139 242 1187 καὶ
299 1133 350 1186 ἓν
401 1143 463 1208 τῇ
525 1135 655 1208 αὐτῇ
709 1131 1035 1207 δημηγορίᾳ,
1088 1133 1342 1196 Ἰουδαῖός
1392 1155 1445 1188 τε
1487 1133 1636 1199 εἶναι,
1669 1156 1735 1186 κα

1930 1146 2064 1196 .etur
2095 1145 2453 1211 Romanum,
2473 1142 2819 1212 longissime
2845 1161 2882 1200 a
2908 1147 3222 1205 mendacio
3255 1131 3520 1211 abfuisse

143 1225 394 1296 Τάρσους
449 1227 589 1296 ἔχειν
641 1221 892 1297 πατρίδα,
951 1222 1336 1299 διισχυρίσατο
1387 1225 1567 1296 λέγων,
1628 1225 1733 1295 Ἐγι

1933 1234 2252 1286 onstratur.
2284 1232 2355 1287 At
2372 1232 2738 1288 siRomanus
2762 1239 2906 1299 erat,
2926 1235 3174 1303 dicetur,
3204 1241 3519 1304 Quomodo

145 1317 240 1383 μέν
311 1313 418 1385 εἰμι
486 1310 759 1378 Ἰουδαῖος,
813 1317 1044 1387 Ταρσεύς
1094 1313 1122 1354 h
1177 1323 1272 1376 τῆς
1335 1313 1592 1378 Κιλικίας,
1663 1316 1735 1364 ού.

1928 1334 2006 1373 Im
2028 1318 2187 1384 alibi,
2223 1319 2419 1375 tumin
2452 1321 2584 1392 ipsa
2608 1321 2832 1378 illamet
2861 1325 3433 1386 concioneJudaaum
3456 1349 3518 1389 se

145 1400 364 1472 ἀσήμου
423 1402 632 1470 πόλεως,
690 1401 944 1470 πολίτης;
999 1409 1116 1464 nec;
1166 1398 1254 1454 οὖν
1301 1405 1440 1454 ἔστιν
1495 1401 1735 1475 ἀμφότερι

1927 1408 2231 1476 εοῑιυηιίδι,
2256 1415 2312 1463 et
2339 1411 2599 1480 patriam
2632 1411 2748 1466 sibi
2779 1414 3026 1469 Tarsum
3056 1415 3360 1486 profitetur
3387 1421 3410 1474 Ἰ
3439 1422 3517 1478 ait

148 1487 495 1563 συνδραμεῖν,
552 1496 642 1544 καὶ
704 1492 954 1564 Ῥωμαῖον
1005 1497 1095 1543 καὶ
1143 1488 1400 1544 Ἰουδαῖον
1458 1494 1546 1542 τόν
1603 1490 1738 1542 αύτὸτ

1928 1496 2027 1552 iim
2057 1512 2068 1550 :
2105 1499 2226 1566 Ego
2257 1497 2504 1569 quidem
2535 1515 2668 1554 sum
2699 1501 2960 1568 Judaeus,
3000 1505 3181 1565 Tarsi.
3209 1521 3344 1578 quae
3373 1510 3518 1565 urbs

145 1583 530 1651 χρηματίσαι;
564 1584 702 1654 Πρὸς
747 1582 773 1632 ὃ
817 1599 998 1652 φαμεν,
1039 1582 1119 1632 ὅτι
1162 1582 1352 1632 ἄτοπον
1395 1576 1545 1631 ούδέν
1580 1599 1592 1611 ·
1626 1585 1735 1650 γένε

1926 1590 1959 1640 ιι
1980 1600 2088 1640 nec
2116 1586 2418 1654 ignobilis,
2453 1587 2663 1643 Ciliciae
2696 1589 2855 1644 civis.
2882 1592 3005 1656 Qua
3025 1576 3251 1649 ratione
3269 1611 3516 1654 concur-

144 1672 240 1738 μεν
269 1672 396 1740 γὰρ,
439 1674 528 1720 καὶ
569 1677 632 1735 τῇ
666 1669 780 1722 κατ’
825 1670 979 1721 αὐτὸν
1025 1673 1306 1722 Μωσαῖκὸν
1352 1673 1505 1741 νόμον
1554 1667 1730 1741 ἀγωγῇ

1926 1691 1991 1729 τε
2021 1675 2150 1730 haec
2192 1680 2444 1747 utraque
2474 1682 2746 1747 possunt,
2781 1683 2844 1734 ut
2873 1696 3009 1734 cum
3039 1684 3342 1740 Romanus
3387 1691 3516 1745 tum

147 1753 411 1818 Ἰουδαῖος
465 1757 811 1832 ἐχρημάτιζε,
864 1755 1098 1830 πατρίδα
1135 1760 1370 1832 Τάρσους
1418 1761 1572 1829 ἔχων,
1627 1757 1674 1810 ἐν

1922 1763 2407 1820 idaeushabeatur
2425 1764 2452 1819 ‘?
2469 1765 2730 1821 Dicimus
2754 1767 2849 1822 hic
2867 1768 2948 1823 nil
2965 1770 3214 1827 subesse
3235 1774 3512 1843 absurdi;

145 1850 242 1908 τὰς
279 1850 542 1920 μητρικὰς
597 1848 751 1910 αὐτὸς
789 1847 965 1900 ἔλυσεν
1011 1844 1204 1909 ὠδῖνας
1239 1865 1250 1876 ·
1284 1856 1354 1916 τῷ
1405 1844 1463 1900 δι
1489 1847 1500 1888 ί
1529 1851 1614 1900 τὸν
1667 1853 1731 1900 αύ

1928 1860 1996 1909 ἰη
2016 1854 2259 1926 quidem
2288 1855 2540 1924 generis,
2556 1861 2608 1911 et
2627 1855 2772 1925 legis
2794 1859 3063 1915 Mosaicae
3087 1865 3417 1921 secundum
3433 1866 3518 1922 in-

138 1936 234 1987 τοῦ
309 1940 513 2024 πατέρα
561 1936 820 2009 Ῥωμαῖκῇ
904 1937 1188 2009 φιλοτιμίᾳ,
1243 1937 1271 1995 ἦ
1327 1941 1416 1989 καὶ
1481 1943 1753 2009 χρήμασι,
1867 1943 2934 2011 εῑὶίιιῐὶοηθωμϊιιάωυςίιιῖι;Τειιέυω
2964 1948 3513 2024 habebatpatriam,

134 2023 392 2097 Ῥωμαῖον
442 2023 786 2098 ἐγγραφῆναι,
818 2025 1069 2099 Ῥωμαῖος
1110 2031 1197 2079 καὶ
1239 2025 1391 2087 αύτός
1435 2025 1660 2079 ἐκαλεῖτό
1703 2047 1724 2079 τ

1921 2031 1967 2087 3i
1999 2036 2191 2087 mater
2230 2037 2432 2103 partus
2463 2033 2772 2089 doloribus
2802 2035 3056 2093 relevata
3089 2023 3511 2113 eumipeperit;

131 2119 224 2165 καὶ
255 2113 563 2186 ἐτύγχανεν.

1922 2125 2096 2176 itrem
2108 2120 2335 2176 civibus
2348 2121 2635 2177 Romanis
2648 2123 2800 2178 ascri
2809 2127 3099 2194 ptum,ve1
3114 2129 3512 2187 Romanorum

1860 2208 2237 2278 indulgentia
2277 2209 2372 2264 vel
2418 2212 2650 2265 nummi
2682 2214 2983 2269 numerati
3019 2214 3264 2273 edidere
3294 2237 3312 2289 ;
3367 2220 3510 2276 hinc

1861 2301 2164 2354 Romanus
2185 2299 2315 2369 ipse
2341 2298 2668 2364 dicebatur,
2701 2306 2757 2356 et
2775 2307 2919 2358 erat.

211 2384 293 2436 Δι’
325 2383 350 2435 ὃ
377 2382 420 2446 j,
449 2389 538 2436 καὶ
572 2391 664 2436 τοῦ
709 2388 910 2437 Λυσίου
955 2386 1087 2458 πρὸς
1130 2384 1284 2437 αύτὸν
1335 2385 1583 2450 εἰπόντος,
1619 2387 1748 2456 Ἐγὼ

1929 2387 2218 2452 Quocirca
2235 2403 2373 2442 cum
2395 2387 2623 2444 adeum
2641 2389 2852 2461 Lysias
2874 2390 3114 2457 diceret,
3161 2396 3374 2465 Magna
3397 2414 3509 2469 ego

138 2470 201 2526 δέ
248 2473 446 2525 πολλοῦ
498 2473 775 2546 κεφαλαίου
819 2481 913 2532 τὴν
968 2473 1227 2526 πολιτείαν
1283 2477 1475 2533 ταύτην
1527 2475 1728 2534 ἐκτησά

1916 2477 2116 2533 acunia
2127 2476 2463 2532 civilitatem
2482 2477 2635 2533 hanc
2650 2480 2786 2543 emi,
2803 2482 3114 2552 respondit
3138 2503 3149 2541 :
3169 2485 3288 2554 Ego
3305 2491 3506 2543 autem

137 2582 266 2636 μην,
329 2563 486 2624 αὐτὸς
532 2562 810 2634 ἐπήγαγεν,
846 2563 976 2634 Ἐγώ
1026 2559 1085 2616 δὲ
1131 2569 1220 2616 καὶ
1271 2569 1579 2636 γεγέννημαι
1612 2583 1624 2594 ·
1655 2565 1727 2618 ούε

1913 2572 2106 2622 natus
2145 2583 2279 2622 sum
2309 2583 2323 2632 ;
2357 2582 2472 2622 non
2511 2572 2714 2624 autem
2757 2572 2956 2626 Romae
2999 2588 3061 2626 se
3092 2579 3302 2630 natum
3336 2576 3458 2632 vult
3489 2593 3503 2645 ;

138 2651 189 2703 ἐν
241 2659 309 2723 τῇ
370 2650 537 2724 Ῥώμῃ
600 2647 877 2709 δηλονότι·
913 2649 1037 2704 οὐδὲ
1083 2654 1182 2727 γὰρ
1231 2649 1343 2705 οὐδ’
1391 2655 1416 2705 6
1458 2658 1657 2715 Λυσίας
1699 2653 1728 2706 ἐ

1919 2671 1981 2711 >n
2011 2656 2161 2711 enim
2185 2671 2247 2711 se
2272 2656 2477 2728 Lysias
2502 2656 2726 2714 ibidem
2745 2663 2956 2715 natum
2983 2660 3369 2731 gloriabatur,
3406 2670 3509 2722 aut

139 2743 312 2812 ταύτῃ
371 2742 679 2812 γεννηθῆναι
733 2741 1104 2813 ἐμεγαληγόρει
1150 2745 1238 2793 καὶ
1288 2738 1582 2810 διετείνετο,
1639 2742 1729 2796 ἀλλ

1915 2745 2275 2812 intendebat,
2321 2745 2428 2800 sed
2479 2745 2541 2801 in
2599 2746 2713 2802 hac
2768 2750 3038 2805 Romana
3088 2752 3505 2823 appellatione,

137 2828 188 2881 ἓν
240 2832 409 2902 ταύτῃ
461 2838 523 2902 τῇ
575 2829 836 2902 Ῥωμαϊκῇ
887 2829 1071 2888 κλήσει
1127 2835 1217 2882 καὶ
1266 2839 1326 2903 τῇ
1384 2831 1636 2904 πολιτείᾳ,
1697 2832 1727 2884 ἐι

1937 2834 2093 2890 civili
2141 2835 2270 2904 ejus
2310 2839 2493 2900 statu,
2525 2836 2586 2890 in
2639 2852 2760 2906 qua
2808 2843 2864 2892 et
2915 2840 3040 2908 ipse
3073 2855 3136 2894 se
3187 2842 3506 2900 consistere

134 2917 168 2988 ᾖ
215 2916 454 2979 κάκεῖνος
499 2917 655 2970 τελεῖν
706 2917 1096 2989 ἀπεσεμνύνετο.
1130 2923 1265 2992 Πρὸς
1309 2921 1361 2971 ὁν
1405 2925 1495 2972 καὶ
1535 2923 1560 2972 6
1616 2923 1724 2974 θείο

1916 2939 1976 2978 ’ω
1997 2939 2059 2978 se
2091 2922 2332 2980 ferebat.
2375 2924 2478 2979 Cui
2507 2924 2748 2980 divinus
2779 2926 2989 2980 Paulus
3027 2927 3251 2984 directo
3283 2946 3506 2988 sermo-

134 3005 341 3067 Παῦλος
395 3005 784 3080 ἀποτεινόμενος
841 3008 978 3078 ἔλεγε
1037 3013 1320 3080 μονονουχὶ
1372 3012 1603 3080 φάσκων,
1655 3031 1720 3061 κα

1914 3010 2049 3077 :ait,
2084 3016 2320 3067 tantum
2351 3028 2474 3067 non
2517 3012 2645 3083 ejus
2687 3014 2931 3084 spiritus
2989 3015 3334 3086 deprimens
3367 3037 3380 3074 :
3419 3023 3504 3076 Tu

131 3097 404 3158 καθαιρῶν
456 3095 615 3149 αὐτοῦ
659 3101 717 3149 τὸ
766 3102 1024 3171 φρόνημα,
1071 3100 1148 3150 ὅτι
1196 3102 1262 3150 Σύ
1311 3102 1400 3170 μὲν
1442 3103 1721 3172 πρόσφατο·

1912 3099 2097 3155 iidem
2158 3100 2302 3156 mihi
2365 3101 2649 3157 novitiam
2704 3118 2911 3157 narras
2951 3103 3340 3170 nobilitatem,
3382 3113 3437 3164 et
3466 3125 3502 3165 a

129 3189 224 3236 καὶ
278 3183 382 3236 ἀπό
439 3192 533 3237 σοῦ
582 3190 817 3259 προίέναι
869 3183 1204 3256 ἀπαγγέλλεις
1257 3190 1313 3238 τὸ
1362 3185 1585 3260 ἀξίωμα,
1627 3191 1715 3260 ὲμο

1901 3190 2170 3261 :metipso
2184 3194 2470 3257 exortam,
2489 3194 2550 3245 at
2572 3190 2714 3244 mihi
2732 3189 2887 3246 cedit
2905 3191 3033 3246 haec
3070 3195 3491 3264 praerogativa,

131 3270 195 3326 δὲ
251 3275 447 3326 ἄνωθεν
503 3273 838 3349 ἐρῥιζωμὲνον
889 3280 980 3326 καὶ
1036 3277 1091 3326 ἐκ
1142 3279 1337 3348 πατρὸς
1391 3282 1721 3349 καταγόμενα

1909 3277 2240 3350 majoribus
2267 3277 2537 3343 fundata,
2564 3283 2620 3333 et
2647 3294 2751 3349 per
2769 3283 3084 3350 paternam
3114 3280 3368 3351 gloriam
3390 3300 3495 3340 no-

132 3371 225 3424 τῆς
257 3359 422 3426 δόξης
468 3366 663 3424 ταύτης
706 3368 793 3415 καὶ
831 3372 927 3425 τῆς
971 3369 1330 3438 προσηγορίας
1372 3364 1636 3438 ἐκληρώθη
1682 3387 1722 3419 τι

1915 3370 2077 3424 inata
2099 3368 2176 3423 ad
2208 3383 2303 3422 me
2332 3367 2618 3423 derivata.
2654 3370 2773 3424 Hoc
2799 3367 2895 3422 ille
2927 3369 3154 3436 audito,
3181 3376 3236 3426 et
3256 3387 3501 3444 persua-

129 3455 438 3524 προνόμιον.
473 3454 565 3505 Διά
596 3472 678 3505 τοι
704 3461 854 3506 τοῦτο
883 3451 1116 3514 κάκεῖνος
1147 3451 1378 3515 ἀκούσας
1403 3460 1492 3507 καὶ
1522 3453 1718 3527 βεϐαιω

1907 3476 1956 3514 ιε
1987 3457 2149 3529 quod
2180 3459 2483 3512 Romanus
2514 3461 2662 3522 erat,
2694 3462 3012 3529 propterea
3041 3460 3210 3530 quod
3241 3461 3497 3518 verberi-

136 3542 266 3603 θεὶς,
347 3541 428 3592 ὃτι
499 3540 751 3613 Ῥωμαῖον
833 3545 955 3594 ὄντα
1035 3544 1243 3594 τύπτειν
1315 3541 1592 3618 ἐπεχείρει,
1675 3545 1726 3597 ei:

1906 3564 1964 3603 us
2017 3545 2343 3612 cecidisset,
2401 3546 2460 3600 in
2521 3547 2798 3602 timorem
2832 3553 2888 3602 et
2935 3547 3496 3618 pusillanimitatem

137 3626 340 3681 δειλίαν
368 3633 454 3681 καὶ
499 3629 649 3702 φόϐον
689 3634 746 3683 τὸ
793 3631 986 3703 θράσος
1032 3636 1121 3683 καὶ
1163 3635 1254 3689 τὴν
1287 3631 1446 3706 ὀργὴν
1491 3630 1727 3702 διαλύων1

1911 3652 2140 3692 inversa
2180 3635 2507 3702 iracundia,
2558 3634 2976 3692 coarctabatur
3009 3653 3024 3704 ;
3064 3654 3206 3694 nam
3261 3655 3365 3709 per
3404 3641 3501 3698 illa

136 3718 521 3774 συνεστέλλετο.
575 3727 744 3792 Τιμῆς
790 3722 891 3794 γὰρ
941 3719 1205 3779 ἀπῆλαυον
1257 3721 1367 3773 κατ’
1417 3721 1573 3774 ἐκεῖνο
1629 3743 1726 3775 και-

1911 3742 2115 3797 mpora
2152 3724 2530 3780 deferebatur
2585 3725 2774 3780 honor
2812 3740 2935 3781 non
2983 3727 3178 3783 solum
3219 3730 3501 3786 Romanis

133 3816 251 3882 ροῦ,
283 3808 391 3880 οὐχ
435 3810 549 3861 ὅσοι
590 3813 743 3881 μόνον
776 3809 1024 3881 ἰθαγενεῖς
1073 3817 1168 3871 τῆς
1194 3809 1390 3882 Ῥώμης
1430 3809 1717 3884 ἐτύγχανον

1911 3815 2166 3885 digenis,
2210 3814 2313 3870 sed
2372 3818 2429 3869 et
2477 3813 2547 3869 iis
2606 3813 2822 3886 quibus
2878 3813 2978 3871 illa
3032 3816 3356 3888 appellatio
3408 3817 3501 3874 vel

136 3897 270 3950 ἀλλὰ
313 3903 404 3951 καὶ
443 3900 585 3961 ὅσοις
624 3899 753 3957 αὐτὴ
803 3900 833 3957 ἡ
867 3898 1054 3959 κλῆσις
1094 3919 1232 3972 νομῳ
1275 3906 1511 3972 χαρίτων
1540 3903 1570 3960 ῆ
1604 3923 1726 3976 χρη⁴

1911 3922 1954 3960 er
1980 3903 2255 3974 gratiam,
2285 3903 2373 3958 vel
2395 3918 2500 3974 per
2530 3902 2844 3974 pecuniam
2875 3920 2906 3959 e
2937 3905 3066 3974 lege
3098 3907 3329 3962 cederet
3360 3925 3373 3973 ;
3416 3908 3501 3962 ni-

131 3990 338 4058 μάτων,
394 3986 703 4040 ἐπολιτεύετο
731 4003 746 4017 ⁸
802 3984 951 4040 ούδεν
1009 3985 1096 4039 οὖν
1165 3985 1418 4041 δύσκολον
1490 3995 1580 4043 καὶ
1653 3995 1721 4043 τότ

1911 3993 2110 4062 lergo
2159 3992 2378 4058 obstat,
2433 3991 2705 4046 divinum
2760 3991 3028 4060 Paulum,
3089 4009 3228 4048 cum
3258 3996 3499 4050 Judaeus

134 4079 272 4128 θεῖον
329 4075 527 4128 Παῦλον
579 4073 837 4129 Ἰουδαῖον
887 4081 1027 4143 ὄντα,
1082 4081 1171 4128 καὶ
1221 4076 1468 4150 Ῥωμαῖον
1525 4099 1724 4154 χρημα-

1913 4087 2019 4146 set,
2059 4084 2386 4137 Romanum
2417 4079 2718 4135 nominari
2750 4095 2763 4131 :
2797 4095 2941 4135 nam
2973 4086 3026 4136 et
3046 4082 3262 4137 viritim
3306 4083 3500 4158 multi,

131 4171 305 4220 τίσαι.
343 4169 446 4218 Καὶ
481 4167 583 4239 γὰρ
611 4169 700 4218 καὶ
738 4166 853 4218 κατ’
901 4162 1090 4240 ἄνδρα,
1122 4166 1294 4240 ὧσπερ
1327 4168 1352 4218 6
1395 4173 1617 4233 Λυσίας,
1649 4189 1718 4221 κα

1911 4216 1912 4219 η
1974 4170 2199 4242 Lysias,
2233 4173 2289 4224 et
2355 4169 2598 4238 integra:
2667 4168 2975 4224 confertim
3054 4169 3315 4226 civitates
3361 4188 3501 4227 cum

128 4254 312 4316 πόλεις
365 4254 656 4327 ὁλόκληροι,
712 4259 807 4314 τὴν
861 4254 1126 4327 Ῥωμαίων
1198 4255 1404 4321 κλῆσιν,
1461 4255 1718 4328 ἀλλογενεί

1913 4265 2141 4316 :tranete
2159 4261 2379 4322 essent,
2401 4257 2640 4312 titulum
2661 4257 3069 4313 Romanorum
3097 4257 3316 4313 civium
3348 4258 3409 4313 in
3441 4274 3503 4314 se

129 4339 318 4409 οὖσαι,
351 4343 423 4405 είς
470 4344 653 4406 ἑαυτὰς
695 4343 1076 4417 ἐφειλκύσαντο.
1114 4348 1212 4397 Καὶ
1257 4345 1340 4396 ἵνα
1366 4353 1452 4396 νῦν
1500 4349 1564 4398 τὰ
1607 4347 1719 4400 οἰλλι

1912 4349 2207 4404 :rivarunt.
2238 4349 2306 4402 Ut
2335 4352 2543 4402 caetera
2570 4345 3036 4417 praetermittam,
3093 4347 3236 4402 audi
3288 4347 3502 4418 Philip-

129 4440 308 4506 παρῶ,
349 4433 575 4485 ἄκουσον
605 4432 989 4494 Φιλιππησίους
1032 4435 1169 4493 ὅπως
1215 4433 1424 4494 ἑαυτούς
1452 4434 1719 4509 Ῥωμαίουκ

1911 4453 2084 4504 enses,
2119 4441 2258 4492 utse
2274 4435 2431 4490 cives
2449 4433 3091 4503 Romanosgloriantur
3123 4457 3136 4490 :
3171 4450 3300 4489 cum
3340 4436 3501 4492 enim

130 4520 604 4594 ἁποσεμνύνουσιν.
679 4522 861 4576 Ἢνίκα
929 4525 1028 4596 γὰρ
1102 4522 1304 4586 Παῦλος
1371 4528 1429 4576 τὸ
1497 4528 1720 4579 Πυθῶνος

1914 4525 2064 4582 iuius
2101 4527 2149 4560 ³⁸
2177 4524 2447 4595 spiritum
2476 4523 2862 4595 Pythonicum
2895 4538 2926 4578 e
2956 4521 3148 4594 puella
3177 4522 3504 4594 expulisset

128 4618 346 4683 πνεῦμα
391 4620 485 4673 τῆς
551 4609 847 4673 παιδίσκης
903 4611 1157 4683 ἀπήλασε,
1227 4617 1313 4665 καὶ
1391 4617 1515 4688 πρὸς
1579 4615 1718 4690 ὀργῆ⁴

1911 4615 2124 4687 iusque
2140 4612 2538 4684 dominusqui
2560 4612 2781 4681 gratias
2800 4611 3080 4676 debebat,
3115 4610 3194 4666 ob
3216 4627 3352 4667 eam
3374 4626 3501 4667 rem

130 4701 308 4763 αὐτῆς
345 4703 394 4753 οἱ
435 4704 627 4774 κύριοι,
661 4697 776 4754 δέον
820 4701 1174 4777 εὐχαριστεῖν,
1209 4700 1621 4774 ἀνεφλέχθησαν,
1651 4725 1719 4756 κα

1911 4720 1936 4760 ai
1961 4703 2367 4758 inﬂammatus
2391 4701 2801 4757 benefactores
2826 4699 2886 4755 in
2921 4700 3112 4755 forum
3145 4700 3224 4756 ad
3282 4699 3501 4769 magis-

127 4794 263 4851 τοὺς
322 4790 588 4863 εὐεργέτας
639 4791 712 4852 εἰς
761 4796 856 4850 τὴν
917 4790 1111 4864 ἀγορὰν
1168 4789 1250 4843 ἐπὶ
1307 4795 1424 4852 τούς
1475 4794 1712 4867 ἄρχοντα

1911 4798 2071 4850 atum
2097 4791 2404 4855 adductos,
2464 4789 2743 4845 tribunali
2797 4789 3064 4845 sisteret:
3108 4788 3226 4854 Isti,
3287 4788 3501 4860 inquit,

130 4879 364 4943 εἴλκυον,
413 4881 548 4933 ούτω
604 4885 779 4952 φασίνο
839 4877 1000 4933 Οὗτοι
1054 4882 1103 4932 οἱ
1170 4881 1432 4953 ἅνθρωποι
1489 4880 1719 4954 ἔκταροίσ

1915 4883 2146 4947 ιωὶιιθε,
2185 4895 2323 4936 cum
2359 4879 2475 4935 sint
2502 4878 2712 4944 Judaei,
2750 4877 3051 4934 civitatem
3090 4882 3359 4933 nostram
3386 4881 3505 4933 tur-

130 4988 328 5022 σουσιν
373 4971 520 5040 ἡμῶν
567 4974 660 5029 τὴν
705 4969 873 5036 πόλιν,
923 4966 1175 5022 Ἰουδαῖοι
1218 4971 1560 5044 ὑπάρχοντες.
1617 4971 1720 5026 Εἶτα

1913 4976 1994 5027 int
2027 4987 2041 5036 ;
2073 4970 2432 5026 annuntiant
2459 4968 2618 5024 enim
2657 4983 2814 5023 nova
2854 4966 3030 5022 nobis
3071 4965 3336 5022 instituta
3367 4982 3503 5039 quae

123 5064 223 5112 καὶ
279 5059 722 5131 καταγγέλλουσιν
775 5061 864 5117 ἔθη
933 5057 968 5111 ἃ
1013 5060 1106 5111 ούκ
1164 5059 1354 5121 ἔξεστιν
1401 5063 1525 5132 ἡμῖν
1574 5081 1713 5136 παρα

1907 5060 2162 5116 lmittere
2213 5073 2335 5114 non
2381 5058 2536 5122 licet,
2586 5072 2724 5111 cum
2775 5055 3020 5112 Romani
3049 5057 3258 5111 simus.
3292 5055 3497 5125 Audis,

125 5146 396 5220 δέχεσθαι
452 5147 577 5202 οὐδὲ
627 5157 812 5215 ποιεῖν,
855 5147 1125 5221 Ῥωμαίοις
1175 5145 1341 5204 οὖσιν.
1390 5149 1546 5225 Ὀρᾴς
1600 5153 1715 5204 ὃπωη

1971 5149 2376 5221 Philippenses
2436 5146 2687 5202 Romani
2742 5145 3113 5212 dicebantur,
3167 5150 3221 5201 et
3268 5144 3385 5217 ipsi
3443 5162 3505 5203 se

119 5241 175 5292 οἱ
236 5237 582 5298 Φιλιππήσιοι
635 5238 880 5312 Ῥωμαῖοί
930 5258 984 5292 τε
1005 5237 1411 5312 ξέχρημοίτιζον,
1467 5244 1556 5292 καὶ
1610 5239 1709 5293 Ῥω·

1917 5254 2149 5296 imanos
2169 5238 2526 5304 nominant;
2590 5234 2999 5308 Philippenses
3034 5250 3072 5291 a
3119 5235 3310 5307 patria
3348 5235 3507 5292 dice-

199 5427 249 5465 “
274 5429 403 5494 Act,
435 5441 602 5494 mu,
641 5429 731 5482 27.

1486 5556 1723 5614 ’VARIzE
1774 5555 2072 5614 LECTION
2083 5554 2184 5611 ES.

201 5688 231 5734 8
259 5682 374 5733 καὶ.
451 5678 484 5723 h
513 5679 747 5753 Ταρσόν.
827 5677 843 5722 1
883 5681 974 5730 τὸν
1005 5673 1085 5734 δὲ.
1161 5679 1178 5733 1
1223 5680 1356 5733 ὅθεν.

893 5777 1097 5834 Paron.
1140 5777 1250 5836 GR.
1299 5777 1386 5839 CI.
3264 5776 3328 5848 ΞΜ
