  <div class='ocr_page' id='page_1' title='image "/cluster/home/n/w/nwhite01/storage/ocr_20150623/101/hvd.32044054112305/501.png"; bbox 0 0 4026 6196; ppageno 0'>
   <div class='ocr_carea' id='block_1_1' title="bbox 597 256 702 314">
    <p class='ocr_par' dir='ltr' id='par_1_1' title="bbox 597 256 702 314">
     <span class='ocr_line' id='line_1_1' title="bbox 597 256 702 314; baseline -0.019 0"><span class='ocrx_word' id='word_1_1' title='bbox 597 256 702 314; x_wconf 85' lang='grc'>963</span> 
     </span>
    </p>
   </div>
   <div class='ocr_carea' id='block_1_2' title="bbox 598 376 2241 450">
    <p class='ocr_par' dir='ltr' id='par_1_2' title="bbox 598 376 2241 450">
     <span class='ocr_line' id='line_1_2' title="bbox 598 376 2241 450; baseline -0.002 -14"><span class='ocrx_word' id='word_1_2' title='bbox 598 378 1090 445; x_wconf 84' lang='lat' dir='ltr'>bantur,Romani</span> <span class='ocrx_word' id='word_1_3' title='bbox 1104 393 1209 450; x_wconf 89' lang='lat' dir='ltr'>per</span> <span class='ocrx_word' id='word_1_4' title='bbox 1220 376 1699 443; x_wconf 88' lang='lat' dir='ltr'>decretum.Quid</span> <span class='ocrx_word' id='word_1_5' title='bbox 1713 378 1955 450; x_wconf 84' lang='lat' dir='ltr'>impedit</span> <span class='ocrx_word' id='word_1_6' title='bbox 1970 393 2241 449; x_wconf 89' lang='lat' dir='ltr'>ergo,po-</span> 
     </span>
    </p>
   </div>
   <div class='ocr_carea' id='block_1_3' title="bbox 594 466 2242 540">
    <p class='ocr_par' dir='ltr' id='par_1_3' title="bbox 594 466 2242 540">
     <span class='ocr_line' id='line_1_3' title="bbox 594 466 2242 540; baseline -0.001 -15"><span class='ocrx_word' id='word_1_7' title='bbox 594 470 714 525; x_wconf 86' lang='lat' dir='ltr'>tius</span> <span class='ocrx_word' id='word_1_8' title='bbox 747 470 907 525; x_wconf 90' lang='lat' dir='ltr'>unde</span> <span class='ocrx_word' id='word_1_9' title='bbox 934 484 1052 524; x_wconf 92' lang='lat' dir='ltr'>non</span> <span class='ocrx_word' id='word_1_10' title='bbox 1069 466 1224 523; x_wconf 92' lang='lat' dir='ltr'>clare</span> <span class='ocrx_word' id='word_1_11' title='bbox 1238 472 1488 531; x_wconf 84' lang='lat' dir='ltr'>constat,</span> <span class='ocrx_word' id='word_1_12' title='bbox 1508 467 1749 523; x_wconf 89' lang='lat' dir='ltr'>beatum</span> <span class='ocrx_word' id='word_1_13' title='bbox 1765 468 2010 524; x_wconf 89' lang='lat' dir='ltr'>Paulum</span> <span class='ocrx_word' id='word_1_14' title='bbox 2028 467 2125 540; x_wconf 85' lang='lat' dir='ltr'>qui</span> <span class='ocrx_word' id='word_1_15' title='bbox 2139 467 2242 523; x_wconf 86' lang='lat' dir='ltr'>Ju-</span> 
     </span>
    </p>
   </div>
   <div class='ocr_carea' id='block_1_4' title="bbox 593 555 2241 629">
    <p class='ocr_par' dir='ltr' id='par_1_4' title="bbox 593 555 2241 629">
     <span class='ocr_line' id='line_1_4' title="bbox 593 555 2241 629; baseline -0.002 -15"><span class='ocrx_word' id='word_1_16' title='bbox 593 560 754 615; x_wconf 65' lang='lat' dir='ltr'>daeus</span> <span class='ocrx_word' id='word_1_17' title='bbox 768 563 975 626; x_wconf 88' lang='lat' dir='ltr'>erat,et</span> <span class='ocrx_word' id='word_1_18' title='bbox 988 561 1325 613; x_wconf 81' lang='lat' dir='ltr'>Romanum</span> <span class='ocrx_word' id='word_1_19' title='bbox 1342 557 1524 611; x_wconf 87' lang='lat' dir='ltr'>fuisse</span> <span class='ocrx_word' id='word_1_20' title='bbox 1537 555 1565 610; x_wconf 83' lang='lat'><strong>?</strong></span> <span class='ocrx_word' id='word_1_21' title='bbox 1585 558 1954 629; x_wconf 79' lang='lat' dir='ltr'>Liquetenim</span> <span class='ocrx_word' id='word_1_22' title='bbox 1969 574 2091 612; x_wconf 92' lang='lat' dir='ltr'>non</span> <span class='ocrx_word' id='word_1_23' title='bbox 2104 556 2241 611; x_wconf 87' lang='lat' dir='ltr'>fuis-</span> 
     </span>
    </p>
   </div>
   <div class='ocr_carea' id='block_1_5' title="bbox 591 646 2237 720">
    <p class='ocr_par' dir='ltr' id='par_1_5' title="bbox 591 646 2237 720">
     <span class='ocr_line' id='line_1_5' title="bbox 591 646 2237 720; baseline -0.002 -17"><span class='ocrx_word' id='word_1_24' title='bbox 591 648 1041 720; x_wconf 86' lang='lat' dir='ltr'>seimposturam</span> <span class='ocrx_word' id='word_1_25' title='bbox 1062 646 1460 703; x_wconf 88' lang='lat' dir='ltr'>autmendacii</span> <span class='ocrx_word' id='word_1_26' title='bbox 1476 646 2001 719; x_wconf 66' lang='lat' dir='ltr'>praetextum,quod</span> <span class='ocrx_word' id='word_1_27' title='bbox 2020 646 2237 701; x_wconf 83' lang='lat' dir='ltr'>Paulus</span> 
     </span>
    </p>
   </div>
   <div class='ocr_carea' id='block_1_6' title="bbox 591 734 2238 793">
    <p class='ocr_par' dir='ltr' id='par_1_6' title="bbox 591 734 2238 793">
     <span class='ocr_line' id='line_1_6' title="bbox 591 734 2238 793; baseline -0.002 -1"><span class='ocrx_word' id='word_1_28' title='bbox 591 736 842 793; x_wconf 83' lang='lat' dir='ltr'>Romani</span> <span class='ocrx_word' id='word_1_29' title='bbox 876 736 1105 792; x_wconf 80' lang='lat' dir='ltr'>titulum</span> <span class='ocrx_word' id='word_1_30' title='bbox 1134 734 1248 790; x_wconf 88' lang='lat' dir='ltr'>sibi</span> <span class='ocrx_word' id='word_1_31' title='bbox 1277 734 1601 791; x_wconf 90' lang='lat' dir='ltr'>vindicarit.</span> <span class='ocrx_word' id='word_1_32' title='bbox 1627 736 1685 790; x_wconf 88' lang='lat' dir='ltr'>Si</span> <span class='ocrx_word' id='word_1_33' title='bbox 1716 735 2019 791; x_wconf 83' lang='lat' dir='ltr'>nonnullis</span> <span class='ocrx_word' id='word_1_34' title='bbox 2051 750 2115 789; x_wconf 91' lang='lat' dir='ltr'>se</span> <span class='ocrx_word' id='word_1_35' title='bbox 2143 735 2238 789; x_wconf 86' lang='lat' dir='ltr'>Ju-</span> 
     </span>
    </p>
   </div>
   <div class='ocr_carea' id='block_1_7' title="bbox 588 823 2231 897">
    <p class='ocr_par' dir='ltr' id='par_1_7' title="bbox 588 823 2231 897">
     <span class='ocr_line' id='line_1_7' title="bbox 588 823 2231 897; baseline -0.002 -16"><span class='ocrx_word' id='word_1_36' title='bbox 588 826 783 881; x_wconf 66' lang='lat' dir='ltr'>daaum</span> <span class='ocrx_word' id='word_1_37' title='bbox 826 826 1217 897; x_wconf 85' lang='lat' dir='ltr'>proﬁteretur,</span> <span class='ocrx_word' id='word_1_38' title='bbox 1286 823 1415 880; x_wconf 92' lang='lat' dir='ltr'>aliis</span> <span class='ocrx_word' id='word_1_39' title='bbox 1457 840 1519 878; x_wconf 90' lang='lat' dir='ltr'>se</span> <span class='ocrx_word' id='word_1_40' title='bbox 1580 830 1819 880; x_wconf 90' lang='lat' dir='ltr'>vocaret</span> <span class='ocrx_word' id='word_1_41' title='bbox 1875 827 2231 887; x_wconf 84' lang='lat' dir='ltr'>Romanum,</span> 
     </span>
    </p>
   </div>
   <div class='ocr_carea' id='block_1_8' title="bbox 585 912 2234 985">
    <p class='ocr_par' dir='ltr' id='par_1_8' title="bbox 585 912 2234 985">
     <span class='ocr_line' id='line_1_8' title="bbox 585 912 2234 985; baseline -0.001 -15"><span class='ocrx_word' id='word_1_42' title='bbox 585 914 747 970; x_wconf 94' lang='lat' dir='ltr'>ﬁctio</span> <span class='ocrx_word' id='word_1_43' title='bbox 773 914 873 970; x_wconf 91' lang='lat' dir='ltr'>illa</span> <span class='ocrx_word' id='word_1_44' title='bbox 894 915 967 970; x_wconf 90' lang='lat' dir='ltr'>de</span> <span class='ocrx_word' id='word_1_45' title='bbox 1003 914 1349 985; x_wconf 78' lang='lat' dir='ltr'>deceptione</span> <span class='ocrx_word' id='word_1_46' title='bbox 1408 912 1673 984; x_wconf 86' lang='lat' dir='ltr'>aliquam</span> <span class='ocrx_word' id='word_1_47' title='bbox 1724 914 1977 983; x_wconf 90' lang='lat' dir='ltr'>speciem</span> <span class='ocrx_word' id='word_1_48' title='bbox 2018 928 2133 985; x_wconf 67' lang='lat' dir='ltr'>pra:</span> <span class='ocrx_word' id='word_1_49' title='bbox 2172 928 2234 968; x_wconf 87' lang='lat' dir='ltr'>se</span> 
     </span>
    </p>
   </div>
   <div class='ocr_carea' id='block_1_9' title="bbox 585 1003 2232 1076">
    <p class='ocr_par' dir='ltr' id='par_1_9' title="bbox 585 1003 2232 1076">
     <span class='ocr_line' id='line_1_9' title="bbox 585 1003 2232 1076; baseline -0.003 -14"><span class='ocrx_word' id='word_1_50' title='bbox 585 1006 799 1062; x_wconf 89' lang='lat' dir='ltr'>ferret:</span> <span class='ocrx_word' id='word_1_51' title='bbox 833 1005 999 1075; x_wconf 89' lang='lat' dir='ltr'>quod</span> <span class='ocrx_word' id='word_1_52' title='bbox 1045 1006 1091 1059; x_wconf 90' lang='lat' dir='ltr'>si</span> <span class='ocrx_word' id='word_1_53' title='bbox 1140 1003 1299 1076; x_wconf 90' lang='lat' dir='ltr'>apud</span> <span class='ocrx_word' id='word_1_54' title='bbox 1344 1003 1587 1059; x_wconf 91' lang='lat' dir='ltr'>eosdem</span> <span class='ocrx_word' id='word_1_55' title='bbox 1638 1009 1953 1075; x_wconf 90' lang='lat' dir='ltr'>utrumque</span> <span class='ocrx_word' id='word_1_56' title='bbox 1974 1019 2034 1058; x_wconf 88' lang='lat' dir='ltr'>se</span> <span class='ocrx_word' id='word_1_57' title='bbox 2100 1018 2232 1057; x_wconf 89' lang='lat' dir='ltr'>esse</span> 
     </span>
    </p>
   </div>
   <div class='ocr_carea' id='block_1_10' title="bbox 584 1092 2229 1164">
    <p class='ocr_par' dir='ltr' id='par_1_10' title="bbox 584 1092 2229 1164">
     <span class='ocr_line' id='line_1_10' title="bbox 584 1092 2229 1164; baseline -0.001 -16"><span class='ocrx_word' id='word_1_58' title='bbox 584 1094 924 1164; x_wconf 83' lang='lat' dir='ltr'>contendat,</span> <span class='ocrx_word' id='word_1_59' title='bbox 959 1100 1114 1149; x_wconf 91' lang='lat' dir='ltr'>certe</span> <span class='ocrx_word' id='word_1_60' title='bbox 1172 1092 1340 1149; x_wconf 86' lang='lat' dir='ltr'>valde</span> <span class='ocrx_word' id='word_1_61' title='bbox 1397 1093 1641 1149; x_wconf 89' lang='lat' dir='ltr'>stultum</span> <span class='ocrx_word' id='word_1_62' title='bbox 1690 1092 1839 1148; x_wconf 88' lang='lat' dir='ltr'>foret</span> <span class='ocrx_word' id='word_1_63' title='bbox 1877 1092 2229 1159; x_wconf 89' lang='lat' dir='ltr'>existimare,</span> 
     </span>
    </p>
   </div>
   <div class='ocr_carea' id='block_1_11' title="bbox 582 1181 2231 1255">
    <p class='ocr_par' dir='ltr' id='par_1_11' title="bbox 582 1181 2231 1255">
     <span class='ocr_line' id='line_1_11' title="bbox 582 1181 2231 1255; baseline -0.001 -18"><span class='ocrx_word' id='word_1_64' title='bbox 582 1182 740 1255; x_wconf 90' lang='lat' dir='ltr'>quod</span> <span class='ocrx_word' id='word_1_65' title='bbox 768 1183 1150 1239; x_wconf 89' lang='lat' dir='ltr'>mendacium</span> <span class='ocrx_word' id='word_1_66' title='bbox 1191 1183 1529 1247; x_wconf 91' lang='lat' dir='ltr'>meditatus,</span> <span class='ocrx_word' id='word_1_67' title='bbox 1576 1182 1720 1237; x_wconf 91' lang='lat' dir='ltr'>illud</span> <span class='ocrx_word' id='word_1_68' title='bbox 1767 1181 2063 1253; x_wconf 86' lang='lat' dir='ltr'>imprimis</span> <span class='ocrx_word' id='word_1_69' title='bbox 2104 1196 2231 1251; x_wconf 90' lang='lat' dir='ltr'>pro-</span> 
     </span>
    </p>
   </div>
   <div class='ocr_carea' id='block_1_12' title="bbox 578 1270 2231 1345">
    <p class='ocr_par' dir='ltr' id='par_1_12' title="bbox 578 1270 2231 1345">
     <span class='ocr_line' id='line_1_12' title="bbox 578 1270 2231 1345; baseline -0.002 -17"><span class='ocrx_word' id='word_1_70' title='bbox 578 1279 848 1345; x_wconf 84' lang='lat' dir='ltr'>poneret,</span> <span class='ocrx_word' id='word_1_71' title='bbox 881 1278 935 1327; x_wconf 93' lang='lat' dir='ltr'>et</span> <span class='ocrx_word' id='word_1_72' title='bbox 960 1281 1093 1329; x_wconf 88' lang='lat' dir='ltr'>ante</span> <span class='ocrx_word' id='word_1_73' title='bbox 1117 1273 1235 1328; x_wconf 89' lang='lat' dir='ltr'>alia</span> <span class='ocrx_word' id='word_1_74' title='bbox 1267 1272 1561 1336; x_wconf 81' lang='lat' dir='ltr'>fateretur,</span> <span class='ocrx_word' id='word_1_75' title='bbox 1597 1272 1751 1327; x_wconf 88' lang='lat' dir='ltr'>unde</span> <span class='ocrx_word' id='word_1_76' title='bbox 1781 1287 1967 1343; x_wconf 89' lang='lat' dir='ltr'>quam</span> <span class='ocrx_word' id='word_1_77' title='bbox 1994 1270 2231 1341; x_wconf 81' lang='lat' dir='ltr'>expedi-</span> 
     </span>
    </p>
   </div>
   <div class='ocr_carea' id='block_1_13' title="bbox 580 1358 2227 1429">
    <p class='ocr_par' dir='ltr' id='par_1_13' title="bbox 580 1358 2227 1429">
     <span class='ocr_line' id='line_1_13' title="bbox 580 1358 2227 1429; baseline -0.003 -11"><span class='ocrx_word' id='word_1_78' title='bbox 580 1362 803 1418; x_wconf 87' lang='lat' dir='ltr'>tissime</span> <span class='ocrx_word' id='word_1_79' title='bbox 838 1362 973 1417; x_wconf 87' lang='lat' dir='ltr'>ﬁcta</span> <span class='ocrx_word' id='word_1_80' title='bbox 1021 1362 1275 1426; x_wconf 86' lang='lat' dir='ltr'>proferre</span> <span class='ocrx_word' id='word_1_81' title='bbox 1317 1363 1783 1418; x_wconf 84' lang='lat' dir='ltr'>convinceretur.</span> <span class='ocrx_word' id='word_1_82' title='bbox 1831 1360 2012 1429; x_wconf 82' lang='lat' dir='ltr'>Magis</span> <span class='ocrx_word' id='word_1_83' title='bbox 2062 1358 2227 1429; x_wconf 89' lang='lat' dir='ltr'>perti-</span> 
     </span>
    </p>
   </div>
   <div class='ocr_carea' id='block_1_14' title="bbox 576 1448 2225 1521">
    <p class='ocr_par' dir='ltr' id='par_1_14' title="bbox 576 1448 2225 1521">
     <span class='ocr_line' id='line_1_14' title="bbox 576 1448 2225 1521; baseline -0.002 -15"><span class='ocrx_word' id='word_1_84' title='bbox 576 1453 773 1518; x_wconf 87' lang='lat' dir='ltr'>nebat,</span> <span class='ocrx_word' id='word_1_85' title='bbox 803 1453 880 1508; x_wconf 90' lang='lat' dir='ltr'>ad</span> <span class='ocrx_word' id='word_1_86' title='bbox 920 1453 1226 1508; x_wconf 87' lang='lat' dir='ltr'>hominem</span> <span class='ocrx_word' id='word_1_87' title='bbox 1254 1452 1383 1521; x_wconf 87' lang='lat' dir='ltr'>jure</span> <span class='ocrx_word' id='word_1_88' title='bbox 1432 1450 1833 1505; x_wconf 86' lang='lat' dir='ltr'>conﬁdentem</span> <span class='ocrx_word' id='word_1_89' title='bbox 1892 1448 2225 1504; x_wconf 87' lang='lat' dir='ltr'>secundum</span> 
     </span>
    </p>
   </div>
   <div class='ocr_carea' id='block_1_15' title="bbox 574 1538 2227 1611">
    <p class='ocr_par' dir='ltr' id='par_1_15' title="bbox 574 1538 2227 1611">
     <span class='ocr_line' id='line_1_15' title="bbox 574 1538 2227 1611; baseline -0.004 -14"><span class='ocrx_word' id='word_1_90' title='bbox 574 1542 657 1597; x_wconf 83' lang='lat' dir='ltr'>rei</span> <span class='ocrx_word' id='word_1_91' title='bbox 687 1547 985 1605; x_wconf 88' lang='lat' dir='ltr'>naturam,</span> <span class='ocrx_word' id='word_1_92' title='bbox 1008 1548 1063 1597; x_wconf 91' lang='lat' dir='ltr'>et</span> <span class='ocrx_word' id='word_1_93' title='bbox 1079 1543 1383 1595; x_wconf 85' lang='lat' dir='ltr'>veritatem</span> <span class='ocrx_word' id='word_1_94' title='bbox 1406 1539 1620 1604; x_wconf 86' lang='lat' dir='ltr'>dicere,</span> <span class='ocrx_word' id='word_1_95' title='bbox 1640 1555 1774 1611; x_wconf 59' lang='lat' dir='ltr'>quae</span> <span class='ocrx_word' id='word_1_96' title='bbox 1796 1538 1959 1593; x_wconf 86' lang='lat' dir='ltr'>omni</span> <span class='ocrx_word' id='word_1_97' title='bbox 2002 1538 2227 1592; x_wconf 89' lang='lat' dir='ltr'>calum-</span> 
     </span>
    </p>
   </div>
   <div class='ocr_carea' id='block_1_16' title="bbox 575 1626 2220 1703">
    <p class='ocr_par' dir='ltr' id='par_1_16' title="bbox 575 1626 2220 1703">
     <span class='ocr_line' id='line_1_16' title="bbox 575 1626 2220 1703; baseline -0.004 -16"><span class='ocrx_word' id='word_1_98' title='bbox 575 1632 692 1699; x_wconf 89' lang='lat' dir='ltr'>nia,</span> <span class='ocrx_word' id='word_1_99' title='bbox 728 1631 1083 1703; x_wconf 88' lang='lat' dir='ltr'>suspicione,</span> <span class='ocrx_word' id='word_1_100' title='bbox 1117 1630 1372 1684; x_wconf 83' lang='lat' dir='ltr'>falsitate</span> <span class='ocrx_word' id='word_1_101' title='bbox 1398 1627 1696 1684; x_wconf 78' lang='lat' dir='ltr'>etﬁcacior</span> <span class='ocrx_word' id='word_1_102' title='bbox 1722 1633 1809 1683; x_wconf 89' lang='lat' dir='ltr'>est</span> <span class='ocrx_word' id='word_1_103' title='bbox 1834 1633 1890 1682; x_wconf 91' lang='lat' dir='ltr'>et</span> <span class='ocrx_word' id='word_1_104' title='bbox 1914 1626 2220 1691; x_wconf 81' lang='lat' dir='ltr'>illustrior,</span> 
     </span>
    </p>
   </div>
   <div class='ocr_carea' id='block_1_17' title="bbox 574 1717 2217 1792">
    <p class='ocr_par' dir='ltr' id='par_1_17' title="bbox 574 1717 2217 1792">
     <span class='ocr_line' id='line_1_17' title="bbox 574 1717 2217 1792; baseline -0.004 -16"><span class='ocrx_word' id='word_1_105' title='bbox 574 1720 736 1792; x_wconf 92' lang='lat' dir='ltr'>apud</span> <span class='ocrx_word' id='word_1_106' title='bbox 764 1722 925 1790; x_wconf 91' lang='lat' dir='ltr'>ipsos</span> <span class='ocrx_word' id='word_1_107' title='bbox 948 1718 1276 1790; x_wconf 68' lang='lat' dir='ltr'>prmsertim</span> <span class='ocrx_word' id='word_1_108' title='bbox 1316 1718 1374 1773; x_wconf 91' lang='lat' dir='ltr'>in</span> <span class='ocrx_word' id='word_1_109' title='bbox 1408 1717 1585 1789; x_wconf 90' lang='lat' dir='ltr'>pleno</span> <span class='ocrx_word' id='word_1_110' title='bbox 1637 1732 1929 1772; x_wconf 89' lang='lat' dir='ltr'>consessu</span> <span class='ocrx_word' id='word_1_111' title='bbox 1959 1717 2217 1784; x_wconf 69' lang='lat' dir='ltr'>Judaeos,</span> 
     </span>
    </p>
   </div>
   <div class='ocr_carea' id='block_1_18' title="bbox 573 1806 2219 1878">
    <p class='ocr_par' dir='ltr' id='par_1_18' title="bbox 573 1806 2219 1878">
     <span class='ocr_line' id='line_1_18' title="bbox 573 1806 2219 1878; baseline -0.004 -13"><span class='ocrx_word' id='word_1_112' title='bbox 573 1826 635 1865; x_wconf 86' lang='lat' dir='ltr'>se</span> <span class='ocrx_word' id='word_1_113' title='bbox 661 1810 937 1864; x_wconf 73' lang='lat' dir='ltr'>Judaeum</span> <span class='ocrx_word' id='word_1_114' title='bbox 968 1808 1289 1872; x_wconf 86' lang='lat' dir='ltr'>declarare,</span> <span class='ocrx_word' id='word_1_115' title='bbox 1319 1813 1375 1861; x_wconf 90' lang='lat' dir='ltr'>et</span> <span class='ocrx_word' id='word_1_116' title='bbox 1396 1807 1559 1878; x_wconf 91' lang='lat' dir='ltr'>quod</span> <span class='ocrx_word' id='word_1_117' title='bbox 1580 1806 1885 1861; x_wconf 89' lang='lat' dir='ltr'>Tarsensis</span> <span class='ocrx_word' id='word_1_118' title='bbox 1915 1806 2128 1877; x_wconf 88' lang='lat' dir='ltr'>patria,</span> <span class='ocrx_word' id='word_1_119' title='bbox 2163 1810 2219 1859; x_wconf 93' lang='lat' dir='ltr'>et</span> 
     </span>
    </p>
   </div>
   <div class='ocr_carea' id='block_1_19' title="bbox 568 1894 2218 1970">
    <p class='ocr_par' dir='ltr' id='par_1_19' title="bbox 568 1894 2218 1970">
     <span class='ocr_line' id='line_1_19' title="bbox 568 1894 2218 1970; baseline -0.004 -15"><span class='ocrx_word' id='word_1_120' title='bbox 568 1900 651 1955; x_wconf 91' lang='lat' dir='ltr'>ita</span> <span class='ocrx_word' id='word_1_121' title='bbox 679 1899 924 1955; x_wconf 91' lang='lat' dir='ltr'>demum</span> <span class='ocrx_word' id='word_1_122' title='bbox 955 1897 1120 1970; x_wconf 92' lang='lat' dir='ltr'>quod</span> <span class='ocrx_word' id='word_1_123' title='bbox 1178 1900 1484 1953; x_wconf 80' lang='lat' dir='ltr'>Romanus</span> <span class='ocrx_word' id='word_1_124' title='bbox 1542 1901 1712 1951; x_wconf 90' lang='lat' dir='ltr'>erat:</span> <span class='ocrx_word' id='word_1_125' title='bbox 1779 1910 1970 1968; x_wconf 91' lang='lat' dir='ltr'>eoque</span> <span class='ocrx_word' id='word_1_126' title='bbox 2027 1894 2218 1966; x_wconf 91' lang='lat' dir='ltr'>potius</span> 
     </span>
    </p>
   </div>
   <div class='ocr_carea' id='block_1_20' title="bbox 568 1983 2218 2059">
    <p class='ocr_par' dir='ltr' id='par_1_20' title="bbox 568 1983 2218 2059">
     <span class='ocr_line' id='line_1_20' title="bbox 568 1983 2218 2059; baseline -0.004 -15"><span class='ocrx_word' id='word_1_127' title='bbox 568 1988 729 2059; x_wconf 87' lang='lat' dir='ltr'>quod</span> <span class='ocrx_word' id='word_1_128' title='bbox 773 2004 893 2043; x_wconf 93' lang='lat' dir='ltr'>non</span> <span class='ocrx_word' id='word_1_129' title='bbox 926 1987 1130 2054; x_wconf 92' lang='lat' dir='ltr'>semel,</span> <span class='ocrx_word' id='word_1_130' title='bbox 1152 2003 1261 2042; x_wconf 91' lang='lat' dir='ltr'>nec</span> <span class='ocrx_word' id='word_1_131' title='bbox 1299 1985 1521 2043; x_wconf 88' lang='lat' dir='ltr'>occulte</span> <span class='ocrx_word' id='word_1_132' title='bbox 1563 2000 1627 2041; x_wconf 90' lang='lat' dir='ltr'>se</span> <span class='ocrx_word' id='word_1_133' title='bbox 1660 1988 1997 2040; x_wconf 81' lang='lat' dir='ltr'>Romanum</span> <span class='ocrx_word' id='word_1_134' title='bbox 2039 1983 2218 2055; x_wconf 87' lang='lat' dir='ltr'>proﬁ-</span> 
     </span>
    </p>
   </div>
   <div class='ocr_carea' id='block_1_21' title="bbox 567 2073 2217 2144">
    <p class='ocr_par' dir='ltr' id='par_1_21' title="bbox 567 2073 2217 2144">
     <span class='ocr_line' id='line_1_21' title="bbox 567 2073 2217 2144; baseline -0.004 -10"><span class='ocrx_word' id='word_1_135' title='bbox 567 2083 801 2142; x_wconf 84' lang='lat' dir='ltr'>teretur,</span> <span class='ocrx_word' id='word_1_136' title='bbox 827 2079 930 2134; x_wconf 92' lang='lat' dir='ltr'>sed</span> <span class='ocrx_word' id='word_1_137' title='bbox 960 2077 1053 2133; x_wconf 90' lang='lat' dir='ltr'>bis</span> <span class='ocrx_word' id='word_1_138' title='bbox 1108 2082 1269 2132; x_wconf 88' lang='lat' dir='ltr'>terve</span> <span class='ocrx_word' id='word_1_139' title='bbox 1309 2076 1620 2131; x_wconf 89' lang='lat' dir='ltr'>tribunum</span> <span class='ocrx_word' id='word_1_140' title='bbox 1669 2073 2071 2139; x_wconf 84' lang='lat' dir='ltr'>terrefaciens,</span> <span class='ocrx_word' id='word_1_141' title='bbox 2114 2073 2217 2144; x_wconf 91' lang='lat' dir='ltr'>qui</span> 
     </span>
    </p>
   </div>
   <div class='ocr_carea' id='block_1_22' title="bbox 564 2162 2214 2230">
    <p class='ocr_par' dir='ltr' id='par_1_22' title="bbox 564 2162 2214 2230">
     <span class='ocr_line' id='line_1_22' title="bbox 564 2162 2214 2230; baseline -0.005 -5"><span class='ocrx_word' id='word_1_142' title='bbox 564 2168 809 2225; x_wconf 91' lang='lat' dir='ltr'>omnino</span> <span class='ocrx_word' id='word_1_143' title='bbox 835 2168 893 2223; x_wconf 94' lang='lat' dir='ltr'>in</span> <span class='ocrx_word' id='word_1_144' title='bbox 920 2168 1183 2223; x_wconf 90' lang='lat' dir='ltr'>furorem</span> <span class='ocrx_word' id='word_1_145' title='bbox 1215 2181 1543 2221; x_wconf 88' lang='lat' dir='ltr'>conversus</span> <span class='ocrx_word' id='word_1_146' title='bbox 1569 2162 1797 2230; x_wconf 86' lang='lat' dir='ltr'>fuisset,</span> <span class='ocrx_word' id='word_1_147' title='bbox 1828 2163 1875 2218; x_wconf 90' lang='lat' dir='ltr'>si</span> <span class='ocrx_word' id='word_1_148' title='bbox 1900 2162 2214 2219; x_wconf 88' lang='lat' dir='ltr'>falsitatem</span> 
     </span>
    </p>
   </div>
   <div class='ocr_carea' id='block_1_23' title="bbox 562 2252 2218 2331">
    <p class='ocr_par' dir='ltr' id='par_1_23' title="bbox 562 2252 2218 2331">
     <span class='ocr_line' id='line_1_23' title="bbox 562 2252 2218 2331; baseline -0.005 -17"><span class='ocrx_word' id='word_1_149' title='bbox 562 2264 701 2331; x_wconf 89' lang='lat' dir='ltr'>post</span> <span class='ocrx_word' id='word_1_150' title='bbox 729 2262 1060 2313; x_wconf 87' lang='lat' dir='ltr'>accuratam</span> <span class='ocrx_word' id='word_1_151' title='bbox 1084 2256 1498 2329; x_wconf 73' lang='lat' dir='ltr'>quaestionem,</span> <span class='ocrx_word' id='word_1_152' title='bbox 1525 2254 1600 2310; x_wconf 92' lang='lat' dir='ltr'>ad</span> <span class='ocrx_word' id='word_1_153' title='bbox 1632 2269 1819 2325; x_wconf 90' lang='lat' dir='ltr'>quam</span> <span class='ocrx_word' id='word_1_154' title='bbox 1858 2252 2218 2307; x_wconf 89' lang='lat' dir='ltr'>incitabatur</span> 
     </span>
    </p>
   </div>
   <div class='ocr_carea' id='block_1_24' title="bbox 561 2342 2215 2419">
    <p class='ocr_par' dir='ltr' id='par_1_24' title="bbox 561 2342 2215 2419">
     <span class='ocr_line' id='line_1_24' title="bbox 561 2342 2215 2419; baseline -0.003 -16"><span class='ocrx_word' id='word_1_155' title='bbox 561 2364 667 2419; x_wconf 91' lang='lat' dir='ltr'>per</span> <span class='ocrx_word' id='word_1_156' title='bbox 707 2348 864 2403; x_wconf 86' lang='lat' dir='ltr'>illam</span> <span class='ocrx_word' id='word_1_157' title='bbox 887 2348 1365 2415; x_wconf 83' lang='lat' dir='ltr'>afﬁrmationem,</span> <span class='ocrx_word' id='word_1_158' title='bbox 1400 2344 1732 2416; x_wconf 87' lang='lat' dir='ltr'>reperisset.</span> <span class='ocrx_word' id='word_1_159' title='bbox 1776 2343 1965 2399; x_wconf 89' lang='lat' dir='ltr'>Facile</span> <span class='ocrx_word' id='word_1_160' title='bbox 1995 2342 2215 2398; x_wconf 90' lang='lat' dir='ltr'>idcirco</span> 
     </span>
    </p>
   </div>
   <div class='ocr_carea' id='block_1_25' title="bbox 559 2432 2211 2508">
    <p class='ocr_par' dir='ltr' id='par_1_25' title="bbox 559 2432 2211 2508">
     <span class='ocr_line' id='line_1_25' title="bbox 559 2432 2211 2508; baseline -0.003 -17"><span class='ocrx_word' id='word_1_161' title='bbox 559 2437 819 2491; x_wconf 90' lang='lat' dir='ltr'>ediscere</span> <span class='ocrx_word' id='word_1_162' title='bbox 850 2437 1174 2508; x_wconf 86' lang='lat' dir='ltr'>poterimus</span> <span class='ocrx_word' id='word_1_163' title='bbox 1206 2450 1235 2489; x_wconf 94' lang='lat' dir='ltr'>e</span> <span class='ocrx_word' id='word_1_164' title='bbox 1276 2434 1477 2489; x_wconf 88' lang='lat' dir='ltr'>multis</span> <span class='ocrx_word' id='word_1_165' title='bbox 1508 2433 1908 2505; x_wconf 67' lang='lat' dir='ltr'>praaostensis,</span> <span class='ocrx_word' id='word_1_166' title='bbox 1970 2432 2211 2487; x_wconf 89' lang='lat' dir='ltr'>beatum</span> 
     </span>
    </p>
   </div>
   <div class='ocr_carea' id='block_1_26' title="bbox 558 2520 2214 2592">
    <p class='ocr_par' dir='ltr' id='par_1_26' title="bbox 558 2520 2214 2592">
     <span class='ocr_line' id='line_1_26' title="bbox 558 2520 2214 2592; baseline -0.003 -13"><span class='ocrx_word' id='word_1_167' title='bbox 558 2524 807 2579; x_wconf 87' lang='lat' dir='ltr'>Paulum</span> <span class='ocrx_word' id='word_1_168' title='bbox 862 2528 1197 2579; x_wconf 81' lang='lat' dir='ltr'>Romanum</span> <span class='ocrx_word' id='word_1_169' title='bbox 1239 2524 1523 2578; x_wconf 85' lang='lat' dir='ltr'>exstitisse</span> <span class='ocrx_word' id='word_1_170' title='bbox 1559 2538 1572 2586; x_wconf 90' lang='lat'><strong>;</strong></span> <span class='ocrx_word' id='word_1_171' title='bbox 1606 2520 1903 2592; x_wconf 88' lang='lat' dir='ltr'>imprimis</span> <span class='ocrx_word' id='word_1_172' title='bbox 1953 2520 2031 2575; x_wconf 89' lang='lat' dir='ltr'>ab</span> <span class='ocrx_word' id='word_1_173' title='bbox 2068 2520 2214 2575; x_wconf 91' lang='lat' dir='ltr'>insi-</span> 
     </span>
    </p>
   </div>
   <div class='ocr_carea' id='block_1_27' title="bbox 556 2609 2208 2684">
    <p class='ocr_par' dir='ltr' id='par_1_27' title="bbox 556 2609 2208 2684">
     <span class='ocr_line' id='line_1_27' title="bbox 556 2609 2208 2684; baseline -0.004 -16"><span class='ocrx_word' id='word_1_174' title='bbox 556 2612 856 2684; x_wconf 89' lang='lat' dir='ltr'>denteipsi</span> <span class='ocrx_word' id='word_1_175' title='bbox 884 2611 1142 2675; x_wconf 84' lang='lat' dir='ltr'>veritate,</span> <span class='ocrx_word' id='word_1_176' title='bbox 1186 2610 1356 2680; x_wconf 88' lang='lat' dir='ltr'>cujus</span> <span class='ocrx_word' id='word_1_177' title='bbox 1379 2625 1573 2681; x_wconf 78' lang='lat' dir='ltr'>praeco</span> <span class='ocrx_word' id='word_1_178' title='bbox 1600 2609 2057 2678; x_wconf 86' lang='lat' dir='ltr'>agnoscebatur,</span> <span class='ocrx_word' id='word_1_179' title='bbox 2084 2614 2208 2663; x_wconf 89' lang='lat' dir='ltr'>tum</span> 
     </span>
    </p>
   </div>
   <div class='ocr_carea' id='block_1_28' title="bbox 554 2698 2207 2775">
    <p class='ocr_par' dir='ltr' id='par_1_28' title="bbox 554 2698 2207 2775">
     <span class='ocr_line' id='line_1_28' title="bbox 554 2698 2207 2775; baseline -0.003 -17"><span class='ocrx_word' id='word_1_180' title='bbox 554 2702 713 2775; x_wconf 90' lang='lat' dir='ltr'>quod</span> <span class='ocrx_word' id='word_1_181' title='bbox 753 2719 889 2757; x_wconf 92' lang='lat' dir='ltr'>cum</span> <span class='ocrx_word' id='word_1_182' title='bbox 932 2700 1152 2756; x_wconf 90' lang='lat' dir='ltr'>sistitur</span> <span class='ocrx_word' id='word_1_183' title='bbox 1199 2698 1501 2764; x_wconf 88' lang='lat' dir='ltr'>tribunali,</span> <span class='ocrx_word' id='word_1_184' title='bbox 1543 2698 1803 2769; x_wconf 89' lang='lat' dir='ltr'>seipsum</span> <span class='ocrx_word' id='word_1_185' title='bbox 1872 2701 2207 2753; x_wconf 83' lang='lat' dir='ltr'>Romanum</span> 
     </span>
    </p>
   </div>
   <div class='ocr_carea' id='block_1_29' title="bbox 554 2786 2209 2865">
    <p class='ocr_par' dir='ltr' id='par_1_29' title="bbox 554 2786 2209 2865">
     <span class='ocr_line' id='line_1_29' title="bbox 554 2786 2209 2865; baseline -0.004 -18"><span class='ocrx_word' id='word_1_186' title='bbox 554 2792 905 2865; x_wconf 89' lang='lat' dir='ltr'>proclamat.</span> <span class='ocrx_word' id='word_1_187' title='bbox 936 2790 1127 2846; x_wconf 89' lang='lat' dir='ltr'>Tertio</span> <span class='ocrx_word' id='word_1_188' title='bbox 1166 2789 1324 2861; x_wconf 91' lang='lat' dir='ltr'>quod</span> <span class='ocrx_word' id='word_1_189' title='bbox 1364 2804 1501 2843; x_wconf 91' lang='lat' dir='ltr'>cum</span> <span class='ocrx_word' id='word_1_190' title='bbox 1526 2788 1599 2842; x_wconf 90' lang='lat' dir='ltr'>de</span> <span class='ocrx_word' id='word_1_191' title='bbox 1643 2787 1976 2858; x_wconf 89' lang='lat' dir='ltr'>impostura</span> <span class='ocrx_word' id='word_1_192' title='bbox 2015 2794 2069 2841; x_wconf 89' lang='lat' dir='ltr'>et</span> <span class='ocrx_word' id='word_1_193' title='bbox 2098 2786 2209 2842; x_wconf 89' lang='lat' dir='ltr'>fal-</span> 
     </span>
    </p>
   </div>
   <div class='ocr_carea' id='block_1_30' title="bbox 550 2875 2208 2954">
    <p class='ocr_par' dir='ltr' id='par_1_30' title="bbox 550 2875 2208 2954">
     <span class='ocr_line' id='line_1_30' title="bbox 550 2875 2208 2954; baseline -0.005 -15"><span class='ocrx_word' id='word_1_194' title='bbox 550 2882 715 2939; x_wconf 89' lang='lat' dir='ltr'>laciis</span> <span class='ocrx_word' id='word_1_195' title='bbox 755 2880 1170 2954; x_wconf 90' lang='lat' dir='ltr'>postularetur,</span> <span class='ocrx_word' id='word_1_196' title='bbox 1199 2894 1318 2933; x_wconf 88' lang='lat' dir='ltr'>non</span> <span class='ocrx_word' id='word_1_197' title='bbox 1346 2877 1459 2933; x_wconf 87' lang='lat' dir='ltr'>nisi</span> <span class='ocrx_word' id='word_1_198' title='bbox 1488 2875 1729 2932; x_wconf 89' lang='lat' dir='ltr'>ridicule</span> <span class='ocrx_word' id='word_1_199' title='bbox 1750 2881 1807 2930; x_wconf 89' lang='lat' dir='ltr'>et</span> <span class='ocrx_word' id='word_1_200' title='bbox 1826 2876 2208 2948; x_wconf 88' lang='lat' dir='ltr'>impudenter</span> 
     </span>
    </p>
   </div>
   <div class='ocr_carea' id='block_1_31' title="bbox 552 2965 2201 3043">
    <p class='ocr_par' dir='ltr' id='par_1_31' title="bbox 552 2965 2201 3043">
     <span class='ocr_line' id='line_1_31' title="bbox 552 2965 2201 3043; baseline -0.004 -15"><span class='ocrx_word' id='word_1_201' title='bbox 552 2972 785 3028; x_wconf 88' lang='lat' dir='ltr'>mentiri</span> <span class='ocrx_word' id='word_1_202' title='bbox 819 2975 1047 3043; x_wconf 89' lang='lat' dir='ltr'>poterat</span> <span class='ocrx_word' id='word_1_203' title='bbox 1078 2986 1089 3023; x_wconf 92' lang='lat'>:</span> <span class='ocrx_word' id='word_1_204' title='bbox 1120 2974 1176 3025; x_wconf 90' lang='lat' dir='ltr'>et</span> <span class='ocrx_word' id='word_1_205' title='bbox 1201 2967 1364 3040; x_wconf 90' lang='lat' dir='ltr'>quod</span> <span class='ocrx_word' id='word_1_206' title='bbox 1402 2983 1545 3030; x_wconf 90' lang='lat' dir='ltr'>non,</span> <span class='ocrx_word' id='word_1_207' title='bbox 1574 2971 1637 3021; x_wconf 91' lang='lat' dir='ltr'>ut</span> <span class='ocrx_word' id='word_1_208' title='bbox 1664 2967 1747 3029; x_wconf 89' lang='lat' dir='ltr'>tit,</span> <span class='ocrx_word' id='word_1_209' title='bbox 1779 2965 2014 3021; x_wconf 89' lang='lat' dir='ltr'>fortuito</span> <span class='ocrx_word' id='word_1_210' title='bbox 2038 2965 2201 3021; x_wconf 89' lang='lat' dir='ltr'>illam</span> 
     </span>
    </p>
   </div>
   <div class='ocr_carea' id='block_1_32' title="bbox 549 3055 2202 3128">
    <p class='ocr_par' dir='ltr' id='par_1_32' title="bbox 549 3055 2202 3128">
     <span class='ocr_line' id='line_1_32' title="bbox 549 3055 2202 3128; baseline -0.004 -10"><span class='ocrx_word' id='word_1_211' title='bbox 549 3078 759 3119; x_wconf 89' lang='lat' dir='ltr'>vocem</span> <span class='ocrx_word' id='word_1_212' title='bbox 793 3059 1227 3125; x_wconf 89' lang='lat' dir='ltr'>emittebat,aut</span> <span class='ocrx_word' id='word_1_213' title='bbox 1248 3057 1497 3128; x_wconf 85' lang='lat' dir='ltr'>joculari</span> <span class='ocrx_word' id='word_1_214' title='bbox 1531 3055 1796 3127; x_wconf 87' lang='lat' dir='ltr'>quadam</span> <span class='ocrx_word' id='word_1_215' title='bbox 1822 3055 2202 3111; x_wconf 88' lang='lat' dir='ltr'>simulatione</span> 
     </span>
    </p>
   </div>
   <div class='ocr_carea' id='block_1_33' title="bbox 549 3144 2203 3223">
    <p class='ocr_par' dir='ltr' id='par_1_33' title="bbox 549 3144 2203 3223">
     <span class='ocr_line' id='line_1_33' title="bbox 549 3144 2203 3223; baseline -0.004 -17"><span class='ocrx_word' id='word_1_216' title='bbox 549 3168 713 3215; x_wconf 89' lang='lat' dir='ltr'>usus,</span> <span class='ocrx_word' id='word_1_217' title='bbox 746 3150 909 3223; x_wconf 86' lang='lat' dir='ltr'>quod</span> <span class='ocrx_word' id='word_1_218' title='bbox 945 3150 1079 3222; x_wconf 88' lang='lat' dir='ltr'>quis</span> <span class='ocrx_word' id='word_1_219' title='bbox 1118 3147 1405 3220; x_wconf 85' lang='lat' dir='ltr'>suspicari</span> <span class='ocrx_word' id='word_1_220' title='bbox 1440 3148 1644 3219; x_wconf 89' lang='lat' dir='ltr'>possit,</span> <span class='ocrx_word' id='word_1_221' title='bbox 1669 3144 1773 3199; x_wconf 86' lang='lat' dir='ltr'>sed</span> <span class='ocrx_word' id='word_1_222' title='bbox 1804 3151 1868 3200; x_wconf 93' lang='lat' dir='ltr'>ut</span> <span class='ocrx_word' id='word_1_223' title='bbox 1898 3162 1957 3199; x_wconf 90' lang='lat' dir='ltr'>se</span> <span class='ocrx_word' id='word_1_224' title='bbox 1986 3144 2203 3200; x_wconf 82' lang='lat' dir='ltr'>exime-</span> 
     </span>
    </p>
   </div>
   <div class='ocr_carea' id='block_1_34' title="bbox 545 3234 2199 3308">
    <p class='ocr_par' dir='ltr' id='par_1_34' title="bbox 545 3234 2199 3308">
     <span class='ocr_line' id='line_1_34' title="bbox 545 3234 2199 3308; baseline -0.004 -11"><span class='ocrx_word' id='word_1_225' title='bbox 545 3241 1027 3305; x_wconf 82' lang='lat' dir='ltr'>retatorinentis,</span> <span class='ocrx_word' id='word_1_226' title='bbox 1070 3242 1125 3293; x_wconf 88' lang='lat' dir='ltr'>et</span> <span class='ocrx_word' id='word_1_227' title='bbox 1184 3238 1527 3308; x_wconf 73' lang='lat' dir='ltr'>praefectum</span> <span class='ocrx_word' id='word_1_228' title='bbox 1572 3234 1964 3291; x_wconf 87' lang='lat' dir='ltr'>terrefaceret.</span> <span class='ocrx_word' id='word_1_229' title='bbox 2018 3236 2199 3290; x_wconf 86' lang='lat' dir='ltr'>Porro</span> 
     </span>
    </p>
   </div>
   <div class='ocr_carea' id='block_1_35' title="bbox 544 3325 2196 3401">
    <p class='ocr_par' dir='ltr' id='par_1_35' title="bbox 544 3325 2196 3401">
     <span class='ocr_line' id='line_1_35' title="bbox 544 3325 2196 3401; baseline -0.004 -16"><span class='ocrx_word' id='word_1_230' title='bbox 544 3331 705 3401; x_wconf 90' lang='lat' dir='ltr'>quod</span> <span class='ocrx_word' id='word_1_231' title='bbox 733 3333 969 3400; x_wconf 89' lang='lat' dir='ltr'>Lysiam</span> <span class='ocrx_word' id='word_1_232' title='bbox 998 3327 1057 3381; x_wconf 90' lang='lat' dir='ltr'>in</span> <span class='ocrx_word' id='word_1_233' title='bbox 1088 3344 1227 3381; x_wconf 88' lang='lat' dir='ltr'>suas</span> <span class='ocrx_word' id='word_1_234' title='bbox 1274 3331 1470 3397; x_wconf 87' lang='lat' dir='ltr'>partes</span> <span class='ocrx_word' id='word_1_235' title='bbox 1489 3325 1793 3396; x_wconf 86' lang='lat' dir='ltr'>pertraxit,</span> <span class='ocrx_word' id='word_1_236' title='bbox 1828 3330 1889 3380; x_wconf 87' lang='lat' dir='ltr'>ut</span> <span class='ocrx_word' id='word_1_237' title='bbox 1918 3340 1954 3379; x_wconf 93' lang='lat' dir='ltr'>a</span> <span class='ocrx_word' id='word_1_238' title='bbox 1992 3328 2196 3379; x_wconf 89' lang='lat' dir='ltr'>contu-</span> 
     </span>
    </p>
   </div>
   <div class='ocr_carea' id='block_1_36' title="bbox 546 3413 2196 3486">
    <p class='ocr_par' dir='ltr' id='par_1_36' title="bbox 546 3413 2196 3486">
     <span class='ocr_line' id='line_1_36' title="bbox 546 3413 2196 3486; baseline -0.004 -13"><span class='ocrx_word' id='word_1_239' title='bbox 546 3418 722 3473; x_wconf 89' lang='lat' dir='ltr'>melia</span> <span class='ocrx_word' id='word_1_240' title='bbox 752 3416 1061 3472; x_wconf 89' lang='lat' dir='ltr'>inferenda</span> <span class='ocrx_word' id='word_1_241' title='bbox 1095 3415 1420 3470; x_wconf 86' lang='lat' dir='ltr'>abstineret</span> <span class='ocrx_word' id='word_1_242' title='bbox 1444 3431 1457 3479; x_wconf 91' lang='lat'>;</span> <span class='ocrx_word' id='word_1_243' title='bbox 1486 3418 1543 3468; x_wconf 91' lang='lat' dir='ltr'>et</span> <span class='ocrx_word' id='word_1_244' title='bbox 1568 3413 1723 3486; x_wconf 91' lang='lat' dir='ltr'>quod</span> <span class='ocrx_word' id='word_1_245' title='bbox 1762 3414 1961 3485; x_wconf 85' lang='lat' dir='ltr'>Lysias</span> <span class='ocrx_word' id='word_1_246' title='bbox 1987 3413 2064 3468; x_wconf 92' lang='lat' dir='ltr'>ad</span> <span class='ocrx_word' id='word_1_247' title='bbox 2091 3414 2196 3467; x_wconf 87' lang='lat' dir='ltr'>Fe-</span> 
     </span>
    </p>
   </div>
   <div class='ocr_carea' id='block_1_37' title="bbox 543 3502 2196 3578">
    <p class='ocr_par' dir='ltr' id='par_1_37' title="bbox 543 3502 2196 3578">
     <span class='ocr_line' id='line_1_37' title="bbox 543 3502 2196 3578; baseline -0.004 -15"><span class='ocrx_word' id='word_1_248' title='bbox 543 3508 713 3563; x_wconf 90' lang='lat' dir='ltr'>licem</span> <span class='ocrx_word' id='word_1_249' title='bbox 742 3506 992 3578; x_wconf 78' lang='lat' dir='ltr'>scripsit,</span> <span class='ocrx_word' id='word_1_250' title='bbox 1029 3521 1091 3559; x_wconf 90' lang='lat' dir='ltr'>se</span> <span class='ocrx_word' id='word_1_251' title='bbox 1125 3504 1371 3559; x_wconf 91' lang='lat' dir='ltr'>Paulum</span> <span class='ocrx_word' id='word_1_252' title='bbox 1402 3504 1740 3558; x_wconf 84' lang='lat' dir='ltr'>Romanum</span> <span class='ocrx_word' id='word_1_253' title='bbox 1800 3503 1979 3557; x_wconf 88' lang='lat' dir='ltr'>civem</span> <span class='ocrx_word' id='word_1_254' title='bbox 2034 3520 2068 3557; x_wconf 91' lang='lat' dir='ltr'>a</span> <span class='ocrx_word' id='word_1_255' title='bbox 2092 3502 2196 3556; x_wconf 89' lang='lat' dir='ltr'>Ju-</span> 
     </span>
    </p>
   </div>
   <div class='ocr_carea' id='block_1_38' title="bbox 541 3591 2191 3663">
    <p class='ocr_par' dir='ltr' id='par_1_38' title="bbox 541 3591 2191 3663">
     <span class='ocr_line' id='line_1_38' title="bbox 541 3591 2191 3663; baseline -0.004 -11"><span class='ocrx_word' id='word_1_256' title='bbox 541 3596 811 3652; x_wconf 73' lang='lat' dir='ltr'>daeorum</span> <span class='ocrx_word' id='word_1_257' title='bbox 837 3593 1166 3663; x_wconf 84' lang='lat' dir='ltr'>sanguineo</span> <span class='ocrx_word' id='word_1_258' title='bbox 1192 3593 1388 3648; x_wconf 87' lang='lat' dir='ltr'>furore</span> <span class='ocrx_word' id='word_1_259' title='bbox 1419 3592 1725 3647; x_wconf 87' lang='lat' dir='ltr'>exemisse.</span> <span class='ocrx_word' id='word_1_260' title='bbox 1760 3595 1822 3646; x_wconf 82' lang='lat' dir='ltr'>Et</span> <span class='ocrx_word' id='word_1_261' title='bbox 1851 3596 2003 3647; x_wconf 89' lang='lat' dir='ltr'>certe</span> <span class='ocrx_word' id='word_1_262' title='bbox 2037 3591 2191 3647; x_wconf 83' lang='lat' dir='ltr'>Felix</span> 
     </span>
    </p>
   </div>
   <div class='ocr_carea' id='block_1_39' title="bbox 542 3680 2191 3751">
    <p class='ocr_par' dir='ltr' id='par_1_39' title="bbox 542 3680 2191 3751">
     <span class='ocr_line' id='line_1_39' title="bbox 542 3680 2191 3751; baseline -0.003 -11"><span class='ocrx_word' id='word_1_263' title='bbox 542 3686 674 3741; x_wconf 89' lang='lat' dir='ltr'>licet</span> <span class='ocrx_word' id='word_1_264' title='bbox 702 3684 948 3739; x_wconf 88' lang='lat' dir='ltr'>voluerit</span> <span class='ocrx_word' id='word_1_265' title='bbox 974 3682 1195 3737; x_wconf 72' lang='lat' dir='ltr'>Judaeis</span> <span class='ocrx_word' id='word_1_266' title='bbox 1223 3681 1557 3751; x_wconf 82' lang='lat' dir='ltr'>gratiﬁcari,</span> <span class='ocrx_word' id='word_1_267' title='bbox 1623 3681 1696 3736; x_wconf 92' lang='lat' dir='ltr'>de</span> <span class='ocrx_word' id='word_1_268' title='bbox 1730 3681 1830 3736; x_wconf 91' lang='lat' dir='ltr'>tali</span> <span class='ocrx_word' id='word_1_269' title='bbox 1862 3680 2191 3751; x_wconf 88' lang='lat' dir='ltr'>suspicione</span> 
     </span>
    </p>
   </div>
   <div class='ocr_carea' id='block_1_40' title="bbox 539 3770 2193 3844">
    <p class='ocr_par' dir='ltr' id='par_1_40' title="bbox 539 3770 2193 3844">
     <span class='ocr_line' id='line_1_40' title="bbox 539 3770 2193 3844; baseline -0.003 -14"><span class='ocrx_word' id='word_1_270' title='bbox 539 3789 614 3830; x_wconf 88' lang='lat' dir='ltr'>ne</span> <span class='ocrx_word' id='word_1_271' title='bbox 641 3773 942 3843; x_wconf 84' lang='lat' dir='ltr'>cogitabat</span> <span class='ocrx_word' id='word_1_272' title='bbox 970 3772 1214 3844; x_wconf 89' lang='lat' dir='ltr'>quidem</span> <span class='ocrx_word' id='word_1_273' title='bbox 1249 3786 1261 3825; x_wconf 76' lang='grc' dir='ltr'>ε</span> <span class='ocrx_word' id='word_1_274' title='bbox 1303 3771 1595 3841; x_wconf 84' lang='lat' dir='ltr'>imprimis</span> <span class='ocrx_word' id='word_1_275' title='bbox 1634 3770 1818 3825; x_wconf 90' lang='lat' dir='ltr'>refelli</span> <span class='ocrx_word' id='word_1_276' title='bbox 1856 3786 1971 3825; x_wconf 92' lang='lat' dir='ltr'>non</span> <span class='ocrx_word' id='word_1_277' title='bbox 2000 3774 2193 3841; x_wconf 89' lang='lat' dir='ltr'>potest</span> 
     </span>
    </p>
   </div>
   <div class='ocr_carea' id='block_1_41' title="bbox 538 3861 2189 3936">
    <p class='ocr_par' dir='ltr' id='par_1_41' title="bbox 538 3861 2189 3936">
     <span class='ocr_line' id='line_1_41' title="bbox 538 3861 2189 3936; baseline -0.002 -19"><span class='ocrx_word' id='word_1_278' title='bbox 538 3862 682 3929; x_wconf 90' lang='lat' dir='ltr'>ilud,</span> <span class='ocrx_word' id='word_1_279' title='bbox 707 3862 869 3936; x_wconf 92' lang='lat' dir='ltr'>quod</span> <span class='ocrx_word' id='word_1_280' title='bbox 898 3878 1043 3933; x_wconf 85' lang='lat' dir='ltr'>gens</span> <span class='ocrx_word' id='word_1_281' title='bbox 1064 3861 1405 3915; x_wconf 73' lang='lat' dir='ltr'>Judaeorum</span> <span class='ocrx_word' id='word_1_282' title='bbox 1434 3865 1558 3915; x_wconf 91' lang='lat' dir='ltr'>tum</span> <span class='ocrx_word' id='word_1_283' title='bbox 1584 3875 1865 3930; x_wconf 68' lang='lat' dir='ltr'>praesens,</span> <span class='ocrx_word' id='word_1_284' title='bbox 1908 3866 1963 3914; x_wconf 91' lang='lat' dir='ltr'>et</span> <span class='ocrx_word' id='word_1_285' title='bbox 1984 3864 2189 3914; x_wconf 88' lang='lat' dir='ltr'>contra</span> 
     </span>
    </p>
   </div>
   <div class='ocr_carea' id='block_1_42' title="bbox 536 3948 2189 4023">
    <p class='ocr_par' dir='ltr' id='par_1_42' title="bbox 536 3948 2189 4023">
     <span class='ocr_line' id='line_1_42' title="bbox 536 3948 2189 4023; baseline -0.004 -15"><span class='ocrx_word' id='word_1_286' title='bbox 536 3969 675 4008; x_wconf 90' lang='lat' dir='ltr'>eum</span> <span class='ocrx_word' id='word_1_287' title='bbox 707 3952 933 4007; x_wconf 56' lang='lat' dir='ltr'>caedem</span> <span class='ocrx_word' id='word_1_288' title='bbox 965 3951 1217 4023; x_wconf 90' lang='lat' dir='ltr'>spirans,</span> <span class='ocrx_word' id='word_1_289' title='bbox 1248 3955 1304 4005; x_wconf 90' lang='lat' dir='ltr'>et</span> <span class='ocrx_word' id='word_1_290' title='bbox 1325 3948 1407 4003; x_wconf 91' lang='lat' dir='ltr'>nil</span> <span class='ocrx_word' id='word_1_291' title='bbox 1438 3964 1559 4004; x_wconf 90' lang='lat' dir='ltr'>non</span> <span class='ocrx_word' id='word_1_292' title='bbox 1590 3964 1832 4015; x_wconf 82' lang='lat' dir='ltr'>ausura,</span> <span class='ocrx_word' id='word_1_293' title='bbox 1858 3964 1980 4003; x_wconf 91' lang='lat' dir='ltr'>non</span> <span class='ocrx_word' id='word_1_294' title='bbox 2009 3948 2189 4004; x_wconf 85' lang='lat' dir='ltr'>aude-</span> 
     </span>
    </p>
   </div>
   <div class='ocr_carea' id='block_1_43' title="bbox 536 4036 2182 4098">
    <p class='ocr_par' dir='ltr' id='par_1_43' title="bbox 536 4036 2182 4098">
     <span class='ocr_line' id='line_1_43' title="bbox 536 4036 2182 4098; baseline -0.005 0"><span class='ocrx_word' id='word_1_295' title='bbox 536 4042 684 4098; x_wconf 91' lang='lat' dir='ltr'>bant</span> <span class='ocrx_word' id='word_1_296' title='bbox 744 4040 823 4096; x_wconf 90' lang='lat' dir='ltr'>illi</span> <span class='ocrx_word' id='word_1_297' title='bbox 868 4040 1063 4095; x_wconf 86' lang='lat' dir='ltr'>dicam</span> <span class='ocrx_word' id='word_1_298' title='bbox 1126 4037 1459 4093; x_wconf 89' lang='lat' dir='ltr'>istiusmodi</span> <span class='ocrx_word' id='word_1_299' title='bbox 1500 4036 1797 4092; x_wconf 88' lang='lat' dir='ltr'>mendacii</span> <span class='ocrx_word' id='word_1_300' title='bbox 1839 4037 2182 4092; x_wconf 91' lang='lat' dir='ltr'>inscribere.</span> 
     </span>
    </p>
   </div>
   <div class='ocr_carea' id='block_1_44' title="bbox 536 4126 2184 4202">
    <p class='ocr_par' dir='ltr' id='par_1_44' title="bbox 536 4126 2184 4202">
     <span class='ocr_line' id='line_1_44' title="bbox 536 4126 2184 4202; baseline -0.004 -15"><span class='ocrx_word' id='word_1_301' title='bbox 536 4130 773 4187; x_wconf 87' lang='lat' dir='ltr'>Accedit</span> <span class='ocrx_word' id='word_1_302' title='bbox 822 4130 987 4202; x_wconf 91' lang='lat' dir='ltr'>quod</span> <span class='ocrx_word' id='word_1_303' title='bbox 1026 4128 1188 4200; x_wconf 91' lang='lat' dir='ltr'>apud</span> <span class='ocrx_word' id='word_1_304' title='bbox 1252 4127 1497 4183; x_wconf 90' lang='lat' dir='ltr'>eosdem</span> <span class='ocrx_word' id='word_1_305' title='bbox 1534 4132 1851 4198; x_wconf 89' lang='lat' dir='ltr'>utrumque</span> <span class='ocrx_word' id='word_1_306' title='bbox 1883 4126 2184 4196; x_wconf 89' lang='lat' dir='ltr'>professus</span> 
     </span>
    </p>
   </div>
   <div class='ocr_carea' id='block_1_45' title="bbox 536 4216 2179 4291">
    <p class='ocr_par' dir='ltr' id='par_1_45' title="bbox 536 4216 2179 4291">
     <span class='ocr_line' id='line_1_45' title="bbox 536 4216 2179 4291; baseline -0.004 -14"><span class='ocrx_word' id='word_1_307' title='bbox 536 4220 730 4287; x_wconf 90' lang='lat' dir='ltr'>fuerit,</span> <span class='ocrx_word' id='word_1_308' title='bbox 755 4236 967 4291; x_wconf 88' lang='lat' dir='ltr'>nempe</span> <span class='ocrx_word' id='word_1_309' title='bbox 994 4218 1155 4291; x_wconf 91' lang='lat' dir='ltr'>quod</span> <span class='ocrx_word' id='word_1_310' title='bbox 1175 4217 1420 4276; x_wconf 65' lang='lat' dir='ltr'>Judzeus</span> <span class='ocrx_word' id='word_1_311' title='bbox 1447 4222 1500 4271; x_wconf 92' lang='lat' dir='ltr'>et</span> <span class='ocrx_word' id='word_1_312' title='bbox 1524 4216 1677 4287; x_wconf 90' lang='lat' dir='ltr'>quod</span> <span class='ocrx_word' id='word_1_313' title='bbox 1703 4218 2005 4270; x_wconf 84' lang='lat' dir='ltr'>Romanus</span> <span class='ocrx_word' id='word_1_314' title='bbox 2028 4222 2179 4283; x_wconf 89' lang='lat' dir='ltr'>erat;</span> 
     </span>
    </p>
   </div>
   <div class='ocr_carea' id='block_1_46' title="bbox 530 4304 2180 4383">
    <p class='ocr_par' dir='ltr' id='par_1_46' title="bbox 530 4304 2180 4383">
     <span class='ocr_line' id='line_1_46' title="bbox 530 4304 2180 4383; baseline -0.005 -17"><span class='ocrx_word' id='word_1_315' title='bbox 530 4311 693 4383; x_wconf 91' lang='lat' dir='ltr'>quod</span> <span class='ocrx_word' id='word_1_316' title='bbox 735 4309 1108 4365; x_wconf 88' lang='lat' dir='ltr'>nemolibere</span> <span class='ocrx_word' id='word_1_317' title='bbox 1137 4306 1396 4379; x_wconf 82' lang='lat' dir='ltr'>profiteri</span> <span class='ocrx_word' id='word_1_318' title='bbox 1426 4305 1614 4375; x_wconf 90' lang='lat' dir='ltr'>vellet,</span> <span class='ocrx_word' id='word_1_319' title='bbox 1655 4304 1765 4358; x_wconf 84' lang='lat' dir='ltr'>nisi</span> <span class='ocrx_word' id='word_1_320' title='bbox 1797 4304 1901 4375; x_wconf 89' lang='lat' dir='ltr'>qui</span> <span class='ocrx_word' id='word_1_321' title='bbox 1951 4304 2180 4360; x_wconf 88' lang='lat' dir='ltr'>veritati</span> 
     </span>
    </p>
   </div>
   <div class='ocr_carea' id='block_1_47' title="bbox 1845 248 2737 317">
    <p class='ocr_par' dir='ltr' id='par_1_47' title="bbox 1845 248 2737 317">
     <span class='ocr_line' id='line_1_47' title="bbox 1845 248 2737 317; baseline 0.01 -10"><span class='ocrx_word' id='word_1_322' title='bbox 1845 248 2072 309; x_wconf 79' lang='lat' dir='ltr'>PHOTlI</span> <span class='ocrx_word' id='word_1_323' title='bbox 2112 248 2585 312; x_wconf 66' lang='lat' dir='ltr'>PATRIARCHE</span> <span class='ocrx_word' id='word_1_324' title='bbox 2623 253 2737 317; x_wconf 85' lang='lat' dir='ltr'>CP.</span> 
     </span>
    </p>
   </div>
   <div class='ocr_carea' id='block_1_48' title="bbox 3727 270 3792 330">
    <p class='ocr_par' dir='ltr' id='par_1_48' title="bbox 3727 270 3792 330">
     <span class='ocr_line' id='line_1_48' title="bbox 3727 270 3792 330; baseline 0 0"><span class='ocrx_word' id='word_1_325' title='bbox 3727 270 3792 330; x_wconf 67' lang='grc'>964</span> 
     </span>
    </p>
   </div>
   <div class='ocr_carea' id='block_1_49' title="bbox 2270 376 3792 460">
    <p class='ocr_par' dir='ltr' id='par_1_49' title="bbox 2270 376 3792 460">
     <span class='ocr_line' id='line_1_49' title="bbox 2270 376 3792 460; baseline 0.009 -28"><span class='ocrx_word' id='word_1_326' title='bbox 2270 376 2314 431; x_wconf 83' lang='grc' dir='ltr'><strong>Α</strong></span> <span class='ocrx_word' id='word_1_327' title='bbox 2350 385 2539 451; x_wconf 84' lang='grc' dir='ltr'>μαίους</span> <span class='ocrx_word' id='word_1_328' title='bbox 2590 383 2801 445; x_wconf 81' lang='grc' dir='ltr'>ἑαυτοὺς</span> <span class='ocrx_word' id='word_1_329' title='bbox 2832 384 3204 459; x_wconf 80' lang='grc' dir='ltr'>ἐξονομάζουσι</span> <span class='ocrx_word' id='word_1_330' title='bbox 3227 405 3241 418; x_wconf 90' lang='grc'><strong>·</strong></span> <span class='ocrx_word' id='word_1_331' title='bbox 3274 389 3333 438; x_wconf 87' lang='grc' dir='ltr'>τὸ</span> <span class='ocrx_word' id='word_1_332' title='bbox 3368 407 3454 459; x_wconf 85' lang='grc' dir='ltr'>μεν</span> <span class='ocrx_word' id='word_1_333' title='bbox 3495 391 3649 460; x_wconf 75' lang='grc' dir='ltr'>ἔχοντες</span> <span class='ocrx_word' id='word_1_334' title='bbox 3682 394 3716 445; x_wconf 70' lang='grc' dir='ltr'>ἐκ</span> <span class='ocrx_word' id='word_1_335' title='bbox 3736 417 3792 450; x_wconf 69' lang='grc' dir='ltr'>πε.</span> 
     </span>
    </p>
   </div>
   <div class='ocr_carea' id='block_1_50' title="bbox 2350 468 3796 553">
    <p class='ocr_par' dir='ltr' id='par_1_50' title="bbox 2350 468 3796 553">
     <span class='ocr_line' id='line_1_50' title="bbox 2350 468 3796 553; baseline 0.01 -31"><span class='ocrx_word' id='word_1_336' title='bbox 2350 468 2549 543; x_wconf 84' lang='grc' dir='ltr'>τρίδος,</span> <span class='ocrx_word' id='word_1_337' title='bbox 2611 478 2667 525; x_wconf 86' lang='grc' dir='ltr'>τὸ</span> <span class='ocrx_word' id='word_1_338' title='bbox 2719 472 2796 540; x_wconf 73' lang='grc' dir='ltr'>δὲ,</span> <span class='ocrx_word' id='word_1_339' title='bbox 2854 476 2954 528; x_wconf 79' lang='grc' dir='ltr'>ἀπὸ</span> <span class='ocrx_word' id='word_1_340' title='bbox 2997 475 3369 547; x_wconf 67' lang='grc' dir='ltr'>ψηφισμάτων.</span> <span class='ocrx_word' id='word_1_341' title='bbox 3419 482 3473 529; x_wconf 92' lang='grc' dir='ltr'>Τί</span> <span class='ocrx_word' id='word_1_342' title='bbox 3518 476 3585 529; x_wconf 75' lang='grc' dir='ltr'>οὖν</span> <span class='ocrx_word' id='word_1_343' title='bbox 3622 480 3796 553; x_wconf 54' lang='lat' dir='ltr'>iunia)»;</span> 
     </span>
    </p>
   </div>
   <div class='ocr_carea' id='block_1_51' title="bbox 2348 559 3798 642">
    <p class='ocr_par' dir='ltr' id='par_1_51' title="bbox 2348 559 3798 642">
     <span class='ocr_line' id='line_1_51' title="bbox 2348 559 3798 642; baseline 0.01 -34"><span class='ocrx_word' id='word_1_344' title='bbox 2348 559 2537 629; x_wconf 78' lang='grc' dir='ltr'>μᾶλλον</span> <span class='ocrx_word' id='word_1_345' title='bbox 2587 559 2664 625; x_wconf 82' lang='grc' dir='ltr'>δὲ,</span> <span class='ocrx_word' id='word_1_346' title='bbox 2709 572 2816 623; x_wconf 76' lang='grc' dir='ltr'>πῶς</span> <span class='ocrx_word' id='word_1_347' title='bbox 2865 564 2922 615; x_wconf 75' lang='grc' dir='ltr'>οὐ</span> <span class='ocrx_word' id='word_1_348' title='bbox 2969 570 3246 635; x_wconf 85' lang='grc' dir='ltr'>γεγένηται</span> <span class='ocrx_word' id='word_1_349' title='bbox 3300 570 3512 639; x_wconf 80' lang='grc' dir='ltr'>φανερὸν,</span> <span class='ocrx_word' id='word_1_350' title='bbox 3548 574 3614 619; x_wconf 83' lang='grc' dir='ltr'>καὶ</span> <span class='ocrx_word' id='word_1_351' title='bbox 3651 576 3709 622; x_wconf 79' lang='grc' dir='ltr'>τὸν</span> <span class='ocrx_word' id='word_1_352' title='bbox 3737 594 3798 642; x_wconf 66' lang='grc' dir='ltr'>ρα-</span> 
     </span>
    </p>
   </div>
   <div class='ocr_carea' id='block_1_52' title="bbox 2346 650 3800 727">
    <p class='ocr_par' dir='ltr' id='par_1_52' title="bbox 2346 650 3800 727">
     <span class='ocr_line' id='line_1_52' title="bbox 2346 650 3800 727; baseline 0.01 -29"><span class='ocrx_word' id='word_1_353' title='bbox 2346 650 2526 720; x_wconf 85' lang='grc' dir='ltr'>κάριον</span> <span class='ocrx_word' id='word_1_354' title='bbox 2585 651 2781 703; x_wconf 71' lang='grc' dir='ltr'>Παῦλον</span> <span class='ocrx_word' id='word_1_355' title='bbox 2840 650 3095 705; x_wconf 73' lang='grc' dir='ltr'>Ἰουδαῖον</span> <span class='ocrx_word' id='word_1_356' title='bbox 3152 658 3288 717; x_wconf 81' lang='grc' dir='ltr'>ὄντα,</span> <span class='ocrx_word' id='word_1_357' title='bbox 3334 660 3421 705; x_wconf 87' lang='grc' dir='ltr'>καὶ</span> <span class='ocrx_word' id='word_1_358' title='bbox 3466 655 3659 727; x_wconf 75' lang='grc' dir='ltr'>Ῥωμαῖον</span> <span class='ocrx_word' id='word_1_359' title='bbox 3694 659 3800 723; x_wconf 63' lang='lat' dir='ltr'>dum;</span> 
     </span>
    </p>
   </div>
   <div class='ocr_carea' id='block_1_53' title="bbox 2348 737 3801 817">
    <p class='ocr_par' dir='ltr' id='par_1_53' title="bbox 2348 737 3801 817">
     <span class='ocr_line' id='line_1_53' title="bbox 2348 737 3801 817; baseline 0.01 -29"><span class='ocrx_word' id='word_1_360' title='bbox 2348 738 2506 795; x_wconf 89' lang='grc' dir='ltr'>Δῆλον</span> <span class='ocrx_word' id='word_1_361' title='bbox 2562 737 2619 791; x_wconf 74' lang='grc' dir='ltr'>δὲ</span> <span class='ocrx_word' id='word_1_362' title='bbox 2671 740 2963 809; x_wconf 81' lang='grc' dir='ltr'>κάντεῦθεν,</span> <span class='ocrx_word' id='word_1_363' title='bbox 3011 746 3073 803; x_wconf 71' lang='grc' dir='ltr'>ὡς</span> <span class='ocrx_word' id='word_1_364' title='bbox 3114 743 3208 794; x_wconf 78' lang='grc' dir='ltr'>οὐκ</span> <span class='ocrx_word' id='word_1_365' title='bbox 3254 742 3455 805; x_wconf 78' lang='grc' dir='ltr'>ἀπάτης</span> <span class='ocrx_word' id='word_1_366' title='bbox 3500 741 3547 801; x_wconf 74' lang='grc' dir='ltr'>ἦν</span> <span class='ocrx_word' id='word_1_367' title='bbox 3592 748 3613 803; x_wconf 72' lang='grc' dir='ltr'><strong>ἣ</strong></span> <span class='ocrx_word' id='word_1_368' title='bbox 3655 747 3801 817; x_wconf 65' lang='grc' dir='ltr'>ψεύδους</span> 
     </span>
    </p>
   </div>
   <div class='ocr_carea' id='block_1_54' title="bbox 2344 831 3801 904">
    <p class='ocr_par' dir='ltr' id='par_1_54' title="bbox 2344 831 3801 904">
     <span class='ocr_line' id='line_1_54' title="bbox 2344 831 3801 904; baseline 0.007 -26"><span class='ocrx_word' id='word_1_369' title='bbox 2344 831 2642 901; x_wconf 77' lang='grc' dir='ltr'>πρόσχημα</span> <span class='ocrx_word' id='word_1_370' title='bbox 2692 839 2763 899; x_wconf 81' lang='grc' dir='ltr'>τῷ</span> <span class='ocrx_word' id='word_1_371' title='bbox 2836 833 3044 903; x_wconf 77' lang='grc' dir='ltr'>Παύλῳ,</span> <span class='ocrx_word' id='word_1_372' title='bbox 3095 840 3189 893; x_wconf 80' lang='grc' dir='ltr'>τῆς</span> <span class='ocrx_word' id='word_1_373' title='bbox 3257 831 3525 904; x_wconf 79' lang='grc' dir='ltr'>Ῥωμαῖκῆς</span> <span class='ocrx_word' id='word_1_374' title='bbox 3577 834 3741 898; x_wconf 66' lang='grc' dir='ltr'>κλήσεως</span> <span class='ocrx_word' id='word_1_375' title='bbox 3784 843 3801 897; x_wconf 61' lang='grc' dir='ltr'><strong>ᾖ</strong></span> 
     </span>
    </p>
   </div>
   <div class='ocr_carea' id='block_1_55' title="bbox 2345 916 3805 996">
    <p class='ocr_par' dir='ltr' id='par_1_55' title="bbox 2345 916 3805 996">
     <span class='ocr_line' id='line_1_55' title="bbox 2345 916 3805 996; baseline 0.005 -28"><span class='ocrx_word' id='word_1_376' title='bbox 2345 916 2621 980; x_wconf 82' lang='grc' dir='ltr'>οἰκείωσις.</span> <span class='ocrx_word' id='word_1_377' title='bbox 2660 920 2715 972; x_wconf 84' lang='grc' dir='ltr'>Εἰ</span> <span class='ocrx_word' id='word_1_378' title='bbox 2762 923 2862 992; x_wconf 84' lang='grc' dir='ltr'>γὰρ</span> <span class='ocrx_word' id='word_1_379' title='bbox 2913 924 3042 996; x_wconf 84' lang='grc' dir='ltr'>πρὸς</span> <span class='ocrx_word' id='word_1_380' title='bbox 3091 920 3275 983; x_wconf 79' lang='grc' dir='ltr'>ἄλλους</span> <span class='ocrx_word' id='word_1_381' title='bbox 3325 926 3413 994; x_wconf 73' lang='grc' dir='ltr'>μὲν</span> <span class='ocrx_word' id='word_1_382' title='bbox 3462 919 3665 975; x_wconf 80' lang='grc' dir='ltr'>Ἰουδαῖον</span> <span class='ocrx_word' id='word_1_383' title='bbox 3693 927 3805 977; x_wconf 67' lang='grc' dir='ltr'>ἑαυτου</span> 
     </span>
    </p>
   </div>
   <div class='ocr_carea' id='block_1_56' title="bbox 2343 1005 3807 1085">
    <p class='ocr_par' dir='ltr' id='par_1_56' title="bbox 2343 1005 3807 1085">
     <span class='ocr_line' id='line_1_56' title="bbox 2343 1005 3807 1085; baseline 0.005 -28"><span class='ocrx_word' id='word_1_384' title='bbox 2343 1005 2529 1071; x_wconf 78' lang='grc' dir='ltr'>ἐκάλει,</span> <span class='ocrx_word' id='word_1_385' title='bbox 2596 1008 2843 1080; x_wconf 81' lang='grc' dir='ltr'>Ῥωμαῖον</span> <span class='ocrx_word' id='word_1_386' title='bbox 2898 1007 2957 1062; x_wconf 74' lang='grc' dir='ltr'>δὲ</span> <span class='ocrx_word' id='word_1_387' title='bbox 3008 1015 3137 1085; x_wconf 86' lang='grc' dir='ltr'>πρὸς</span> <span class='ocrx_word' id='word_1_388' title='bbox 3197 1011 3417 1085; x_wconf 84' lang='grc' dir='ltr'>ἐτέρους,</span> <span class='ocrx_word' id='word_1_389' title='bbox 3459 1009 3573 1083; x_wconf 86' lang='grc' dir='ltr'>εἶχεν</span> <span class='ocrx_word' id='word_1_390' title='bbox 3610 1012 3655 1063; x_wconf 77' lang='grc' dir='ltr'>ἂν</span> <span class='ocrx_word' id='word_1_391' title='bbox 3692 1017 3711 1070; x_wconf 70' lang='grc' dir='ltr'><strong>ἡ</strong></span> <span class='ocrx_word' id='word_1_392' title='bbox 3750 1024 3807 1075; x_wconf 74' lang='grc' dir='ltr'>τῆς</span> 
     </span>
    </p>
   </div>
   <div class='ocr_carea' id='block_1_57' title="bbox 2342 1094 3808 1174">
    <p class='ocr_par' dir='ltr' id='par_1_57' title="bbox 2342 1094 3808 1174">
     <span class='ocr_line' id='line_1_57' title="bbox 2342 1094 3808 1174; baseline 0.006 -28"><span class='ocrx_word' id='word_1_393' title='bbox 2342 1094 2543 1156; x_wconf 80' lang='grc' dir='ltr'>ἀπάτης</span> <span class='ocrx_word' id='word_1_394' title='bbox 2592 1104 2754 1156; x_wconf 84' lang='grc' dir='ltr'>σκηνή</span> <span class='ocrx_word' id='word_1_395' title='bbox 2814 1119 2931 1151; x_wconf 84' lang='grc' dir='ltr'>τινα</span> <span class='ocrx_word' id='word_1_396' title='bbox 2980 1099 3145 1171; x_wconf 84' lang='grc' dir='ltr'>λόγον.</span> <span class='ocrx_word' id='word_1_397' title='bbox 3201 1100 3259 1152; x_wconf 84' lang='grc' dir='ltr'>Εἰ</span> <span class='ocrx_word' id='word_1_398' title='bbox 3305 1097 3363 1152; x_wconf 76' lang='grc' dir='ltr'>δὲ</span> <span class='ocrx_word' id='word_1_399' title='bbox 3402 1104 3514 1174; x_wconf 84' lang='grc' dir='ltr'>πρὸς</span> <span class='ocrx_word' id='word_1_400' title='bbox 3557 1106 3651 1162; x_wconf 76' lang='grc' dir='ltr'>τοὺς</span> <span class='ocrx_word' id='word_1_401' title='bbox 3689 1103 3808 1164; x_wconf 68' lang='grc' dir='ltr'>αὐτοὺς</span> 
     </span>
    </p>
   </div>
   <div class='ocr_carea' id='block_1_58' title="bbox 2342 1183 3806 1259">
    <p class='ocr_par' dir='ltr' id='par_1_58' title="bbox 2342 1183 3806 1259">
     <span class='ocr_line' id='line_1_58' title="bbox 2342 1183 3806 1259; baseline 0.004 -24"><span class='ocrx_word' id='word_1_402' title='bbox 2342 1183 2606 1259; x_wconf 81' lang='grc' dir='ltr'>ἀμφότερα</span> <span class='ocrx_word' id='word_1_403' title='bbox 2660 1185 2953 1252; x_wconf 77' lang='grc' dir='ltr'>διετείνετο,</span> <span class='ocrx_word' id='word_1_404' title='bbox 3006 1198 3115 1249; x_wconf 82' lang='grc' dir='ltr'>πῶς</span> <span class='ocrx_word' id='word_1_405' title='bbox 3172 1188 3230 1240; x_wconf 73' lang='grc' dir='ltr'>οὐ</span> <span class='ocrx_word' id='word_1_406' title='bbox 3278 1188 3391 1240; x_wconf 87' lang='grc' dir='ltr'>λίαν</span> <span class='ocrx_word' id='word_1_407' title='bbox 3443 1192 3587 1250; x_wconf 70' lang='grc' dir='ltr'>εὔηθες</span> <span class='ocrx_word' id='word_1_408' title='bbox 3638 1192 3806 1253; x_wconf 69' lang='grc' dir='ltr'>ὑπονοεῖν,</span> 
     </span>
    </p>
   </div>
   <div class='ocr_carea' id='block_1_59' title="bbox 2340 1273 3812 1352">
    <p class='ocr_par' dir='ltr' id='par_1_59' title="bbox 2340 1273 3812 1352">
     <span class='ocr_line' id='line_1_59' title="bbox 2340 1273 3812 1352; baseline 0.003 -27"><span class='ocrx_word' id='word_1_409' title='bbox 2340 1276 2419 1326; x_wconf 84' lang='grc' dir='ltr'>ὅτι</span> <span class='ocrx_word' id='word_1_410' title='bbox 2476 1273 2672 1346; x_wconf 73' lang='grc' dir='ltr'>ψεῦδος</span> <span class='ocrx_word' id='word_1_411' title='bbox 2725 1278 2881 1329; x_wconf 86' lang='grc' dir='ltr'>εἰπεῖν</span> <span class='ocrx_word' id='word_1_412' title='bbox 2938 1277 3241 1349; x_wconf 72' lang='grc' dir='ltr'>μελετήσας,</span> <span class='ocrx_word' id='word_1_413' title='bbox 3303 1278 3458 1330; x_wconf 79' lang='grc' dir='ltr'>ἐκεῖνο</span> <span class='ocrx_word' id='word_1_414' title='bbox 3519 1282 3721 1352; x_wconf 69' lang='grc' dir='ltr'>προῦθηκε</span> <span class='ocrx_word' id='word_1_415' title='bbox 3756 1283 3812 1330; x_wconf 69' lang='grc' dir='ltr'>καὶ</span> 
     </span>
    </p>
   </div>
   <div class='ocr_carea' id='block_1_60' title="bbox 2337 1360 3811 1439">
    <p class='ocr_par' dir='ltr' id='par_1_60' title="bbox 2337 1360 3811 1439">
     <span class='ocr_line' id='line_1_60' title="bbox 2337 1360 3811 1439; baseline 0.002 -25"><span class='ocrx_word' id='word_1_416' title='bbox 2337 1360 2897 1437; x_wconf 86' lang='grc' dir='ltr'>προδιωμολογὴσατο,</span> <span class='ocrx_word' id='word_1_417' title='bbox 2933 1363 3006 1417; x_wconf 89' lang='grc' dir='ltr'>δι’</span> <span class='ocrx_word' id='word_1_418' title='bbox 3053 1367 3112 1418; x_wconf 75' lang='grc' dir='ltr'>οὗ</span> <span class='ocrx_word' id='word_1_419' title='bbox 3156 1367 3344 1437; x_wconf 79' lang='grc' dir='ltr'>μᾶλλον</span> <span class='ocrx_word' id='word_1_420' title='bbox 3386 1369 3444 1419; x_wconf 86' lang='grc' dir='ltr'>οἷν</span> <span class='ocrx_word' id='word_1_421' title='bbox 3483 1387 3547 1428; x_wconf 86' lang='grc' dir='ltr'>τις</span> <span class='ocrx_word' id='word_1_422' title='bbox 3578 1369 3811 1439; x_wconf 66' lang='grc' dir='ltr'>πεπλασμένα</span> 
     </span>
    </p>
   </div>
   <div class='ocr_carea' id='block_1_61' title="bbox 2336 1451 3815 1529">
    <p class='ocr_par' dir='ltr' id='par_1_61' title="bbox 2336 1451 3815 1529">
     <span class='ocr_line' id='line_1_61' title="bbox 2336 1451 3815 1529; baseline 0.001 -26"><span class='ocrx_word' id='word_1_423' title='bbox 2336 1451 2492 1523; x_wconf 85' lang='grc' dir='ltr'>λέγων</span> <span class='ocrx_word' id='word_1_424' title='bbox 2556 1453 2924 1525; x_wconf 75' lang='grc' dir='ltr'>ἐξελέγχοιτος</span> <span class='ocrx_word' id='word_1_425' title='bbox 2984 1454 3297 1529; x_wconf 78' lang='grc' dir='ltr'>Θαρῥοῦντος</span> <span class='ocrx_word' id='word_1_426' title='bbox 3351 1459 3451 1528; x_wconf 77' lang='grc' dir='ltr'>γὰρ</span> <span class='ocrx_word' id='word_1_427' title='bbox 3501 1456 3655 1529; x_wconf 75' lang='grc' dir='ltr'>μᾶλλον</span> <span class='ocrx_word' id='word_1_428' title='bbox 3696 1453 3739 1513; x_wconf 72' lang='grc' dir='ltr'>ἦν</span> <span class='ocrx_word' id='word_1_429' title='bbox 3776 1458 3815 1513; x_wconf 70' lang='grc' dir='ltr'>ὼς</span> 
     </span>
    </p>
   </div>
   <div class='ocr_carea' id='block_1_62' title="bbox 2337 1540 3815 1616">
    <p class='ocr_par' dir='ltr' id='par_1_62' title="bbox 2337 1540 3815 1616">
     <span class='ocr_line' id='line_1_62' title="bbox 2337 1540 3815 1616; baseline 0.001 -24"><span class='ocrx_word' id='word_1_430' title='bbox 2337 1540 2539 1604; x_wconf 81' lang='grc' dir='ltr'>ἀληθῶς</span> <span class='ocrx_word' id='word_1_431' title='bbox 2584 1552 2644 1615; x_wconf 78' lang='grc' dir='ltr'>τῇ</span> <span class='ocrx_word' id='word_1_432' title='bbox 2699 1551 2797 1595; x_wconf 86' lang='grc' dir='ltr'>τῶν</span> <span class='ocrx_word' id='word_1_433' title='bbox 2854 1547 3174 1615; x_wconf 78' lang='grc' dir='ltr'>πραγμάτων</span> <span class='ocrx_word' id='word_1_434' title='bbox 3220 1548 3393 1616; x_wconf 75' lang='grc' dir='ltr'>φύσει,</span> <span class='ocrx_word' id='word_1_435' title='bbox 3426 1552 3507 1598; x_wconf 78' lang='grc' dir='ltr'>καὶ</span> <span class='ocrx_word' id='word_1_436' title='bbox 3544 1550 3616 1603; x_wconf 73' lang='grc' dir='ltr'>τὴν</span> <span class='ocrx_word' id='word_1_437' title='bbox 3651 1544 3815 1601; x_wconf 70' lang='grc' dir='ltr'>ἀλήθειαν</span> 
     </span>
    </p>
   </div>
   <div class='ocr_carea' id='block_1_63' title="bbox 2335 1629 3819 1704">
    <p class='ocr_par' dir='ltr' id='par_1_63' title="bbox 2335 1629 3819 1704">
     <span class='ocr_line' id='line_1_63' title="bbox 2335 1629 3819 1704; baseline 0.001 -22"><span class='ocrx_word' id='word_1_438' title='bbox 2335 1634 2565 1703; x_wconf 80' lang='grc' dir='ltr'>ἔχοντος,</span> <span class='ocrx_word' id='word_1_439' title='bbox 2600 1629 2847 1693; x_wconf 81' lang='grc' dir='ltr'>διαϐολῆς</span> <span class='ocrx_word' id='word_1_440' title='bbox 2890 1634 3097 1693; x_wconf 81' lang='grc' dir='ltr'>ἁπάσης</span> <span class='ocrx_word' id='word_1_441' title='bbox 3148 1640 3237 1685; x_wconf 86' lang='grc' dir='ltr'>καὶ</span> <span class='ocrx_word' id='word_1_442' title='bbox 3285 1636 3519 1695; x_wconf 72' lang='grc' dir='ltr'>ὑπονοίας</span> <span class='ocrx_word' id='word_1_443' title='bbox 3555 1639 3630 1686; x_wconf 81' lang='lat' dir='ltr'>xui</span> <span class='ocrx_word' id='word_1_444' title='bbox 3665 1630 3819 1704; x_wconf 63' lang='grc' dir='ltr'>ψώδονς</span> 
     </span>
    </p>
   </div>
   <div class='ocr_carea' id='block_1_64' title="bbox 2248 1718 3819 1799">
    <p class='ocr_par' dir='ltr' id='par_1_64' title="bbox 2248 1718 3819 1799">
     <span class='ocr_line' id='line_1_64' title="bbox 2248 1718 3819 1799; baseline 0.002 -30"><span class='ocrx_word' id='word_1_445' title='bbox 2248 1731 2295 1789; x_wconf 81' lang='grc' dir='ltr'>Β</span> <span class='ocrx_word' id='word_1_446' title='bbox 2333 1718 2701 1795; x_wconf 72' lang='grc' dir='ltr'>ἐναργεστέραν</span> <span class='ocrx_word' id='word_1_447' title='bbox 2755 1741 2808 1774; x_wconf 90' lang='grc' dir='ltr'>τε</span> <span class='ocrx_word' id='word_1_448' title='bbox 2864 1728 2950 1774; x_wconf 78' lang='grc' dir='ltr'>καὶ</span> <span class='ocrx_word' id='word_1_449' title='bbox 3027 1722 3402 1799; x_wconf 76' lang='grc' dir='ltr'>λαμπροτέραν,</span> <span class='ocrx_word' id='word_1_450' title='bbox 3469 1727 3518 1775; x_wconf 87' lang='grc' dir='ltr'>τὸ</span> <span class='ocrx_word' id='word_1_451' title='bbox 3583 1728 3685 1794; x_wconf 79' lang='grc' dir='ltr'>πρὸς</span> <span class='ocrx_word' id='word_1_452' title='bbox 3742 1727 3819 1780; x_wconf 67' lang='grc' dir='ltr'>τοὺς</span> 
     </span>
    </p>
   </div>
   <div class='ocr_carea' id='block_1_65' title="bbox 2331 1808 3819 1886">
    <p class='ocr_par' dir='ltr' id='par_1_65' title="bbox 2331 1808 3819 1886">
     <span class='ocr_line' id='line_1_65' title="bbox 2331 1808 3819 1886; baseline 0 -26"><span class='ocrx_word' id='word_1_453' title='bbox 2331 1808 2534 1873; x_wconf 67' lang='grc' dir='ltr'>αὐτοὺς,</span> <span class='ocrx_word' id='word_1_454' title='bbox 2590 1816 2679 1863; x_wconf 84' lang='grc' dir='ltr'>καὶ</span> <span class='ocrx_word' id='word_1_455' title='bbox 2734 1810 2782 1862; x_wconf 74' lang='grc' dir='ltr'>ἓν</span> <span class='ocrx_word' id='word_1_456' title='bbox 2846 1811 3105 1886; x_wconf 76' lang='grc' dir='ltr'>ὁλοκλήρῳ</span> <span class='ocrx_word' id='word_1_457' title='bbox 3179 1810 3355 1884; x_wconf 77' lang='grc' dir='ltr'>δήμῳ,</span> <span class='ocrx_word' id='word_1_458' title='bbox 3420 1809 3639 1866; x_wconf 77' lang='grc' dir='ltr'>Ἰουδαῖον</span> <span class='ocrx_word' id='word_1_459' title='bbox 3697 1811 3819 1863; x_wconf 59' lang='grc' dir='ltr'>ἑαυτὸν</span> 
     </span>
    </p>
   </div>
   <div class='ocr_carea' id='block_1_66' title="bbox 2329 1896 3823 1975">
    <p class='ocr_par' dir='ltr' id='par_1_66' title="bbox 2329 1896 3823 1975">
     <span class='ocr_line' id='line_1_66' title="bbox 2329 1896 3823 1975; baseline 0 -26"><span class='ocrx_word' id='word_1_460' title='bbox 2329 1896 2619 1965; x_wconf 82' lang='grc' dir='ltr'>ἁνειπόντα,</span> <span class='ocrx_word' id='word_1_461' title='bbox 2677 1905 2765 1952; x_wconf 84' lang='grc' dir='ltr'>καὶ</span> <span class='ocrx_word' id='word_1_462' title='bbox 2818 1906 2911 1959; x_wconf 81' lang='grc' dir='ltr'>τὴν</span> <span class='ocrx_word' id='word_1_463' title='bbox 2967 1898 3201 1975; x_wconf 87' lang='grc' dir='ltr'>πατρίδα</span> <span class='ocrx_word' id='word_1_464' title='bbox 3272 1903 3354 1954; x_wconf 83' lang='grc' dir='ltr'>ὅτι</span> <span class='ocrx_word' id='word_1_465' title='bbox 3382 1906 3607 1975; x_wconf 82' lang='grc' dir='ltr'>Ταρσεὺς,</span> <span class='ocrx_word' id='word_1_466' title='bbox 3648 1901 3823 1970; x_wconf 68' lang='grc' dir='ltr'>Ῥωμαῖον</span> 
     </span>
    </p>
   </div>
   <div class='ocr_carea' id='block_1_67' title="bbox 2328 1987 3824 2063">
    <p class='ocr_par' dir='ltr' id='par_1_67' title="bbox 2328 1987 3824 2063">
     <span class='ocr_line' id='line_1_67' title="bbox 2328 1987 3824 2063; baseline -0.001 -24"><span class='ocrx_word' id='word_1_467' title='bbox 2328 1988 2507 2059; x_wconf 79' lang='grc' dir='ltr'>ἐφεξῆς</span> <span class='ocrx_word' id='word_1_468' title='bbox 2549 1988 2909 2061; x_wconf 60' lang='grc' dir='ltr'>ἀποφήνασθαι</span> <span class='ocrx_word' id='word_1_469' title='bbox 2936 2008 2947 2019; x_wconf 91' lang='grc'><strong>·</strong></span> <span class='ocrx_word' id='word_1_470' title='bbox 2979 1997 3063 2042; x_wconf 88' lang='lat' dir='ltr'>xui</span> <span class='ocrx_word' id='word_1_471' title='bbox 3106 1991 3337 2063; x_wconf 82' lang='grc' dir='ltr'>μάλιστά</span> <span class='ocrx_word' id='word_1_472' title='bbox 3380 2011 3456 2062; x_wconf 83' lang='grc' dir='ltr'>γε,</span> <span class='ocrx_word' id='word_1_473' title='bbox 3498 1994 3568 2043; x_wconf 85' lang='grc' dir='ltr'>ὅτι</span> <span class='ocrx_word' id='word_1_474' title='bbox 3613 1989 3696 2061; x_wconf 64' lang='grc' dir='ltr'>οὐχ</span> <span class='ocrx_word' id='word_1_475' title='bbox 3730 1987 3824 2047; x_wconf 70' lang='grc' dir='ltr'>ἅπαξ</span> 
     </span>
    </p>
   </div>
   <div class='ocr_carea' id='block_1_68' title="bbox 2327 2074 3827 2151">
    <p class='ocr_par' dir='ltr' id='par_1_68' title="bbox 2327 2074 3827 2151">
     <span class='ocr_line' id='line_1_68' title="bbox 2327 2074 3827 2151; baseline -0.002 -23"><span class='ocrx_word' id='word_1_476' title='bbox 2327 2074 2450 2130; x_wconf 73' lang='grc' dir='ltr'>οὐδὲ</span> <span class='ocrx_word' id='word_1_477' title='bbox 2489 2080 2661 2150; x_wconf 78' lang='grc' dir='ltr'>ὥσπερ</span> <span class='ocrx_word' id='word_1_478' title='bbox 2701 2079 2982 2143; x_wconf 78' lang='grc' dir='ltr'>λανθάνων,</span> <span class='ocrx_word' id='word_1_479' title='bbox 3025 2083 3102 2145; x_wconf 83' lang='grc' dir='ltr'>τὸ,</span> <span class='ocrx_word' id='word_1_480' title='bbox 3134 2079 3400 2151; x_wconf 80' lang='grc' dir='ltr'>Ῥωμαῖος,</span> <span class='ocrx_word' id='word_1_481' title='bbox 3451 2080 3682 2149; x_wconf 76' lang='grc' dir='ltr'>ἐπήνεγκεν</span> <span class='ocrx_word' id='word_1_482' title='bbox 3707 2096 3717 2106; x_wconf 81' lang='lat'>&#39;</span> <span class='ocrx_word' id='word_1_483' title='bbox 3742 2076 3827 2127; x_wconf 69' lang='grc' dir='ltr'>ἀλλὰ</span> 
     </span>
    </p>
   </div>
   <div class='ocr_carea' id='block_1_69' title="bbox 2326 2163 3823 2244">
    <p class='ocr_par' dir='ltr' id='par_1_69' title="bbox 2326 2163 3823 2244">
     <span class='ocr_line' id='line_1_69' title="bbox 2326 2163 3823 2244; baseline -0.001 -28"><span class='ocrx_word' id='word_1_484' title='bbox 2326 2170 2415 2217; x_wconf 83' lang='grc' dir='ltr'>καὶ</span> <span class='ocrx_word' id='word_1_485' title='bbox 2446 2163 2552 2231; x_wconf 83' lang='grc' dir='ltr'>δὶς,</span> <span class='ocrx_word' id='word_1_486' title='bbox 2586 2188 2676 2219; x_wconf 87' lang='grc' dir='ltr'>και</span> <span class='ocrx_word' id='word_1_487' title='bbox 2718 2169 2790 2229; x_wconf 84' lang='grc' dir='ltr'>εἰς</span> <span class='ocrx_word' id='word_1_488' title='bbox 2832 2174 3026 2243; x_wconf 88' lang='grc' dir='ltr'>τρίτον,</span> <span class='ocrx_word' id='word_1_489' title='bbox 3059 2173 3147 2220; x_wconf 83' lang='grc' dir='ltr'>καὶ</span> <span class='ocrx_word' id='word_1_490' title='bbox 3191 2172 3276 2220; x_wconf 83' lang='grc' dir='ltr'>τὸν</span> <span class='ocrx_word' id='word_1_491' title='bbox 3307 2170 3577 2244; x_wconf 84' lang='grc' dir='ltr'>χιλίαρχον</span> <span class='ocrx_word' id='word_1_492' title='bbox 3604 2163 3823 2235; x_wconf 72' lang='grc' dir='ltr'>δεδιττόμε-</span> 
     </span>
    </p>
   </div>
   <div class='ocr_carea' id='block_1_70' title="bbox 2324 2254 3827 2332">
    <p class='ocr_par' dir='ltr' id='par_1_70' title="bbox 2324 2254 3827 2332">
     <span class='ocr_line' id='line_1_70' title="bbox 2324 2254 3827 2332; baseline 0 -27"><span class='ocrx_word' id='word_1_493' title='bbox 2324 2274 2404 2313; x_wconf 90' lang='grc' dir='ltr'>νος</span> <span class='ocrx_word' id='word_1_494' title='bbox 2430 2272 2440 2283; x_wconf 91' lang='grc'>·</span> <span class='ocrx_word' id='word_1_495' title='bbox 2472 2255 2496 2306; x_wconf 86' lang='grc' dir='ltr'><strong>ὃ</strong></span> <span class='ocrx_word' id='word_1_496' title='bbox 2539 2256 2768 2327; x_wconf 86' lang='grc' dir='ltr'>μάλιστα</span> <span class='ocrx_word' id='word_1_497' title='bbox 2806 2263 2894 2309; x_wconf 88' lang='grc' dir='ltr'>καὶ</span> <span class='ocrx_word' id='word_1_498' title='bbox 2937 2258 3007 2319; x_wconf 82' lang='grc' dir='ltr'>εἰς</span> <span class='ocrx_word' id='word_1_499' title='bbox 3049 2257 3209 2332; x_wconf 71' lang='grc' dir='ltr'>ὀργὴν</span> <span class='ocrx_word' id='word_1_500' title='bbox 3252 2257 3446 2310; x_wconf 75' lang='grc' dir='ltr'>ἐκκαίει</span> <span class='ocrx_word' id='word_1_501' title='bbox 3481 2264 3560 2311; x_wconf 88' lang='lat' dir='ltr'>xui</span> <span class='ocrx_word' id='word_1_502' title='bbox 3596 2260 3699 2329; x_wconf 81' lang='grc' dir='ltr'>πρὸς</span> <span class='ocrx_word' id='word_1_503' title='bbox 3730 2254 3827 2327; x_wconf 35' lang='grc' dir='ltr'>ἁκιοι.</span> 
     </span>
    </p>
   </div>
   <div class='ocr_carea' id='block_1_71' title="bbox 2327 2342 3826 2419">
    <p class='ocr_par' dir='ltr' id='par_1_71' title="bbox 2327 2342 3826 2419">
     <span class='ocr_line' id='line_1_71' title="bbox 2327 2342 3826 2419; baseline -0.003 -25"><span class='ocrx_word' id='word_1_504' title='bbox 2327 2342 2588 2416; x_wconf 80' lang='grc' dir='ltr'>ϐεστέραν,</span> <span class='ocrx_word' id='word_1_505' title='bbox 2622 2351 2710 2397; x_wconf 80' lang='grc' dir='ltr'>καὶ</span> <span class='ocrx_word' id='word_1_506' title='bbox 2757 2350 2874 2406; x_wconf 88' lang='grc' dir='ltr'>τούς</span> <span class='ocrx_word' id='word_1_507' title='bbox 2925 2365 2983 2417; x_wconf 86' lang='grc' dir='ltr'>γε</span> <span class='ocrx_word' id='word_1_508' title='bbox 3029 2351 3100 2417; x_wconf 84' lang='grc' dir='ltr'>μὴ</span> <span class='ocrx_word' id='word_1_509' title='bbox 3167 2345 3522 2419; x_wconf 78' lang='grc' dir='ltr'>βουλομένους,</span> <span class='ocrx_word' id='word_1_510' title='bbox 3552 2346 3737 2397; x_wconf 81' lang='grc' dir='ltr'>ἀνακινεῖ</span> <span class='ocrx_word' id='word_1_511' title='bbox 3768 2346 3826 2392; x_wconf 72' lang='grc' dir='ltr'>καὶ</span> 
     </span>
    </p>
   </div>
   <div class='ocr_carea' id='block_1_72' title="bbox 2327 2428 3831 2507">
    <p class='ocr_par' dir='ltr' id='par_1_72' title="bbox 2327 2428 3831 2507">
     <span class='ocr_line' id='line_1_72' title="bbox 2327 2428 3831 2507; baseline -0.001 -25"><span class='ocrx_word' id='word_1_512' title='bbox 2327 2428 2663 2491; x_wconf 76' lang='grc' dir='ltr'>διανίστησιν</span> <span class='ocrx_word' id='word_1_513' title='bbox 2695 2438 2917 2507; x_wconf 83' lang='grc' dir='ltr'>ἔρευναν.</span> <span class='ocrx_word' id='word_1_514' title='bbox 2950 2441 3101 2488; x_wconf 83' lang='grc' dir='ltr'>Ἐστι</span> <span class='ocrx_word' id='word_1_515' title='bbox 3140 2440 3311 2488; x_wconf 82' lang='grc' dir='ltr'>τοίνυν</span> <span class='ocrx_word' id='word_1_516' title='bbox 3353 2442 3439 2488; x_wconf 82' lang='grc' dir='ltr'>τὸν</span> <span class='ocrx_word' id='word_1_517' title='bbox 3470 2438 3702 2489; x_wconf 77' lang='grc' dir='ltr'>θεσπέσιον</span> <span class='ocrx_word' id='word_1_518' title='bbox 3736 2438 3831 2483; x_wconf 66' lang='grc' dir='ltr'>Παῦ-</span> 
     </span>
    </p>
   </div>
   <div class='ocr_carea' id='block_1_73' title="bbox 2322 2518 3829 2596">
    <p class='ocr_par' dir='ltr' id='par_1_73' title="bbox 2322 2518 3829 2596">
     <span class='ocr_line' id='line_1_73' title="bbox 2322 2518 3829 2596; baseline -0.002 -24"><span class='ocrx_word' id='word_1_519' title='bbox 2322 2520 2425 2586; x_wconf 88' lang='grc' dir='ltr'>λον,</span> <span class='ocrx_word' id='word_1_520' title='bbox 2461 2518 2495 2574; x_wconf 84' lang='grc' dir='ltr'>δ</span> <span class='ocrx_word' id='word_1_521' title='bbox 2501 2526 2552 2574; x_wconf 83' lang='grc' dir='ltr'>ιὰ</span> <span class='ocrx_word' id='word_1_522' title='bbox 2578 2522 2817 2575; x_wconf 83' lang='grc' dir='ltr'>πλειόνων</span> <span class='ocrx_word' id='word_1_523' title='bbox 2861 2526 2931 2585; x_wconf 76' lang='grc' dir='ltr'>ὡς</span> <span class='ocrx_word' id='word_1_524' title='bbox 2958 2521 3203 2595; x_wconf 74' lang='grc' dir='ltr'>ἐδείχθη,</span> <span class='ocrx_word' id='word_1_525' title='bbox 3241 2525 3489 2596; x_wconf 80' lang='grc' dir='ltr'>Ῥωμαίον</span> <span class='ocrx_word' id='word_1_526' title='bbox 3526 2520 3634 2577; x_wconf 81' lang='grc' dir='ltr'>εἶναι</span> <span class='ocrx_word' id='word_1_527' title='bbox 3660 2539 3829 2589; x_wconf 67' lang='grc' dir='ltr'>καταμα-</span> 
     </span>
    </p>
   </div>
   <div class='ocr_carea' id='block_1_74' title="bbox 2325 2610 3827 2686">
    <p class='ocr_par' dir='ltr' id='par_1_74' title="bbox 2325 2610 3827 2686">
     <span class='ocr_line' id='line_1_74' title="bbox 2325 2610 3827 2686; baseline -0.002 -26"><span class='ocrx_word' id='word_1_528' title='bbox 2325 2612 2445 2661; x_wconf 83' lang='grc' dir='ltr'>θεῖν·</span> <span class='ocrx_word' id='word_1_529' title='bbox 2480 2621 2680 2686; x_wconf 81' lang='grc' dir='ltr'>πρώτον</span> <span class='ocrx_word' id='word_1_530' title='bbox 2731 2616 2820 2683; x_wconf 73' lang='grc' dir='ltr'>μὲν</span> <span class='ocrx_word' id='word_1_531' title='bbox 2866 2611 2965 2664; x_wconf 76' lang='grc' dir='ltr'>ἀπὸ</span> <span class='ocrx_word' id='word_1_532' title='bbox 3005 2621 3099 2675; x_wconf 85' lang='grc' dir='ltr'>τῆς</span> <span class='ocrx_word' id='word_1_533' title='bbox 3149 2618 3451 2685; x_wconf 80' lang='grc' dir='ltr'>προσούσης</span> <span class='ocrx_word' id='word_1_534' title='bbox 3488 2613 3613 2683; x_wconf 66' lang='grc' dir='ltr'>αὐτῷ</span> <span class='ocrx_word' id='word_1_535' title='bbox 3639 2610 3827 2668; x_wconf 64' lang='grc' dir='ltr'>ἀλαθείας</span> 
     </span>
    </p>
   </div>
   <div class='ocr_carea' id='block_1_75' title="bbox 2320 2700 3830 2777">
    <p class='ocr_par' dir='ltr' id='par_1_75' title="bbox 2320 2700 3830 2777">
     <span class='ocr_line' id='line_1_75' title="bbox 2320 2700 3830 2777; baseline -0.004 -26"><span class='ocrx_word' id='word_1_536' title='bbox 2320 2705 2408 2751; x_wconf 91' lang='lat' dir='ltr'>xui</span> <span class='ocrx_word' id='word_1_537' title='bbox 2456 2702 2534 2752; x_wconf 85' lang='grc' dir='ltr'>ὅτι</span> <span class='ocrx_word' id='word_1_538' title='bbox 2584 2702 2752 2773; x_wconf 76' lang='grc' dir='ltr'>κήρυξ</span> <span class='ocrx_word' id='word_1_539' title='bbox 2807 2702 2970 2764; x_wconf 68' lang='grc' dir='ltr'>αὐτῆς</span> <span class='ocrx_word' id='word_1_540' title='bbox 3018 2705 3340 2777; x_wconf 79' lang='grc' dir='ltr'>ἐγνωρίζετο.</span> <span class='ocrx_word' id='word_1_541' title='bbox 3397 2706 3632 2775; x_wconf 71' lang='grc' dir='ltr'>Δεύτερον,</span> <span class='ocrx_word' id='word_1_542' title='bbox 3674 2702 3735 2752; x_wconf 77' lang='grc' dir='ltr'>ὁτι</span> <span class='ocrx_word' id='word_1_543' title='bbox 3771 2700 3830 2747; x_wconf 74' lang='grc' dir='ltr'>καὶ</span> 
     </span>
    </p>
   </div>
   <div class='ocr_carea' id='block_1_76' title="bbox 2318 2790 3830 2865">
    <p class='ocr_par' dir='ltr' id='par_1_76' title="bbox 2318 2790 3830 2865">
     <span class='ocr_line' id='line_1_76' title="bbox 2318 2790 3830 2865; baseline -0.006 -19"><span class='ocrx_word' id='word_1_544' title='bbox 2318 2794 2571 2863; x_wconf 77' lang='grc' dir='ltr'>κριτηρίῳ</span> <span class='ocrx_word' id='word_1_545' title='bbox 2642 2797 2980 2864; x_wconf 83' lang='grc' dir='ltr'>παρεστηκὼς</span> <span class='ocrx_word' id='word_1_546' title='bbox 3047 2792 3226 2843; x_wconf 77' lang='grc' dir='ltr'>ἑαυτὸν</span> <span class='ocrx_word' id='word_1_547' title='bbox 3281 2792 3526 2865; x_wconf 83' lang='grc' dir='ltr'>Ῥωμαῖον</span> <span class='ocrx_word' id='word_1_548' title='bbox 3577 2790 3830 2861; x_wconf 68' lang='grc' dir='ltr'>ἀνεκήρυττε.</span> 
     </span>
    </p>
   </div>
   <div class='ocr_carea' id='block_1_77' title="bbox 2320 2876 3833 2955">
    <p class='ocr_par' dir='ltr' id='par_1_77' title="bbox 2320 2876 3833 2955">
     <span class='ocr_line' id='line_1_77' title="bbox 2320 2876 3833 2955; baseline -0.001 -25"><span class='ocrx_word' id='word_1_549' title='bbox 2320 2884 2419 2930; x_wconf 81' lang='grc' dir='ltr'>Καὶ</span> <span class='ocrx_word' id='word_1_550' title='bbox 2448 2884 2640 2951; x_wconf 77' lang='grc' dir='ltr'>τρίτον,</span> <span class='ocrx_word' id='word_1_551' title='bbox 2671 2882 2751 2931; x_wconf 85' lang='grc' dir='ltr'>ὅτι</span> <span class='ocrx_word' id='word_1_552' title='bbox 2778 2880 2847 2942; x_wconf 79' lang='grc' dir='ltr'>εἰς</span> <span class='ocrx_word' id='word_1_553' title='bbox 2880 2879 3084 2938; x_wconf 79' lang='grc' dir='ltr'>ἀπάτην</span> <span class='ocrx_word' id='word_1_554' title='bbox 3108 2886 3198 2933; x_wconf 84' lang='grc' dir='ltr'>καὶ</span> <span class='ocrx_word' id='word_1_555' title='bbox 3225 2887 3542 2955; x_wconf 78' lang='grc' dir='ltr'>κακουργίαν</span> <span class='ocrx_word' id='word_1_556' title='bbox 3567 2876 3833 2949; x_wconf 67' lang='grc' dir='ltr'>συκοφαντούο</span> 
     </span>
    </p>
   </div>
   <div class='ocr_carea' id='block_1_78' title="bbox 2314 2963 3835 3038">
    <p class='ocr_par' dir='ltr' id='par_1_78' title="bbox 2314 2963 3835 3038">
     <span class='ocr_line' id='line_1_78' title="bbox 2314 2963 3835 3038; baseline -0.003 -19"><span class='ocrx_word' id='word_1_557' title='bbox 2314 2987 2477 3038; x_wconf 83' lang='grc' dir='ltr'>μενος,</span> <span class='ocrx_word' id='word_1_558' title='bbox 2503 2967 2551 3019; x_wconf 79' lang='grc' dir='ltr'>ὲν</span> <span class='ocrx_word' id='word_1_559' title='bbox 2640 2966 2762 3021; x_wconf 69' lang='grc' dir='ltr'>οὐδὲ</span> <span class='ocrx_word' id='word_1_560' title='bbox 2791 2974 2875 3021; x_wconf 87' lang='grc' dir='ltr'>τὸν</span> <span class='ocrx_word' id='word_1_561' title='bbox 2906 2970 3019 3022; x_wconf 88' lang='grc' dir='ltr'>λίαν</span> <span class='ocrx_word' id='word_1_562' title='bbox 3042 2971 3201 3029; x_wconf 71' lang='grc' dir='ltr'>εὐήθη</span> <span class='ocrx_word' id='word_1_563' title='bbox 3230 2977 3319 3023; x_wconf 84' lang='grc' dir='ltr'>καὶ</span> <span class='ocrx_word' id='word_1_564' title='bbox 3348 2968 3531 3028; x_wconf 75' lang='grc' dir='ltr'>ἀναιδῆ</span> <span class='ocrx_word' id='word_1_565' title='bbox 3557 2970 3653 3027; x_wconf 64' lang='grc' dir='ltr'>ἐνῆν</span> <span class='ocrx_word' id='word_1_566' title='bbox 3674 2963 3835 3035; x_wconf 35' lang='lat' dir='ltr'>diutis}-</span> 
     </span>
    </p>
   </div>
   <div class='ocr_carea' id='block_1_79' title="bbox 2238 3058 3837 3141">
    <p class='ocr_par' dir='ltr' id='par_1_79' title="bbox 2238 3058 3837 3141">
     <span class='ocr_line' id='line_1_79' title="bbox 2238 3058 3837 3141; baseline 0.003 -34"><span class='ocrx_word' id='word_1_567' title='bbox 2238 3082 2280 3141; x_wconf 64' lang='grc' dir='ltr'>α</span> <span class='ocrx_word' id='word_1_568' title='bbox 2318 3058 2532 3110; x_wconf 89' lang='grc' dir='ltr'>σασθαι.</span> <span class='ocrx_word' id='word_1_569' title='bbox 2566 3064 2664 3109; x_wconf 76' lang='grc' dir='ltr'>Καὶ</span> <span class='ocrx_word' id='word_1_570' title='bbox 2682 3061 2757 3109; x_wconf 80' lang='grc' dir='ltr'>ὅτι</span> <span class='ocrx_word' id='word_1_571' title='bbox 2788 3058 2891 3130; x_wconf 79' lang='grc' dir='ltr'>οὐχ</span> <span class='ocrx_word' id='word_1_572' title='bbox 2914 3059 3085 3120; x_wconf 80' lang='grc' dir='ltr'>ἁπλῶς</span> <span class='ocrx_word' id='word_1_573' title='bbox 3110 3058 3276 3131; x_wconf 71' lang='grc' dir='ltr'>ἀφῆκε</span> <span class='ocrx_word' id='word_1_574' title='bbox 3302 3064 3497 3117; x_wconf 79' lang='grc' dir='ltr'>ταύτην</span> <span class='ocrx_word' id='word_1_575' title='bbox 3520 3064 3604 3116; x_wconf 70' lang='grc' dir='ltr'>τὴν</span> <span class='ocrx_word' id='word_1_576' title='bbox 3625 3060 3759 3127; x_wconf 68' lang='grc' dir='ltr'>φωνὴν</span> <span class='ocrx_word' id='word_1_577' title='bbox 3776 3058 3837 3102; x_wconf 68' lang='grc' dir='ltr'>καὶ</span> 
     </span>
    </p>
   </div>
   <div class='ocr_carea' id='block_1_80' title="bbox 2316 3140 3835 3219">
    <p class='ocr_par' dir='ltr' id='par_1_80' title="bbox 2316 3140 3835 3219">
     <span class='ocr_line' id='line_1_80' title="bbox 2316 3140 3835 3219; baseline -0.029 14"><span class='ocrx_word' id='word_1_578' title='bbox 2316 3145 2681 3217; x_wconf 61' lang='grc' dir='ltr'>θρυπτόμεν⁰ς’</span> <span class='ocrx_word' id='word_1_579' title='bbox 2714 3148 2834 3218; x_wconf 69' lang='grc' dir='ltr'>ὅπερ</span> <span class='ocrx_word' id='word_1_580' title='bbox 2877 3148 2937 3197; x_wconf 68' lang='grc' dir='ltr'><strong><em>ἄν</em></strong></span> <span class='ocrx_word' id='word_1_581' title='bbox 2981 3166 3057 3209; x_wconf 75' lang='grc' dir='ltr'>τις</span> <span class='ocrx_word' id='word_1_582' title='bbox 3101 3150 3233 3209; x_wconf 74' lang='grc' dir='ltr'>ἴσως</span> <span class='ocrx_word' id='word_1_583' title='bbox 3279 3155 3372 3201; x_wconf 77' lang='grc' dir='ltr'>καὶ</span> <span class='ocrx_word' id='word_1_584' title='bbox 3417 3146 3712 3219; x_wconf 62' lang='grc' dir='ltr'>ὑπεροφοιτο,</span> <span class='ocrx_word' id='word_1_585' title='bbox 3745 3140 3835 3191; x_wconf 63' lang='grc' dir='ltr'>ἀλλὰ</span> 
     </span>
    </p>
   </div>
   <div class='ocr_carea' id='block_1_81' title="bbox 2312 3226 3839 3309">
    <p class='ocr_par' dir='ltr' id='par_1_81' title="bbox 2312 3226 3839 3309">
     <span class='ocr_line' id='line_1_81' title="bbox 2312 3226 3839 3309; baseline -0.004 -25"><span class='ocrx_word' id='word_1_586' title='bbox 2312 3232 2557 3304; x_wconf 82' lang='grc' dir='ltr'>βασάνων</span> <span class='ocrx_word' id='word_1_587' title='bbox 2598 3236 2779 3287; x_wconf 80' lang='grc' dir='ltr'>ἑαυτὸν</span> <span class='ocrx_word' id='word_1_588' title='bbox 2824 3235 3179 3308; x_wconf 76' lang='grc' dir='ltr'>ἐξαιρούμενος</span> <span class='ocrx_word' id='word_1_589' title='bbox 3221 3243 3309 3289; x_wconf 89' lang='grc' dir='ltr'>καὶ</span> <span class='ocrx_word' id='word_1_590' title='bbox 3356 3242 3443 3290; x_wconf 87' lang='grc' dir='ltr'>τὸν</span> <span class='ocrx_word' id='word_1_591' title='bbox 3474 3240 3686 3309; x_wconf 72' lang='grc' dir='ltr'>ἄρχοντα</span> <span class='ocrx_word' id='word_1_592' title='bbox 3710 3226 3839 3283; x_wconf 72' lang='grc' dir='ltr'>δεδιτ-</span> 
     </span>
    </p>
   </div>
   <div class='ocr_carea' id='block_1_82' title="bbox 2307 3321 3836 3394">
    <p class='ocr_par' dir='ltr' id='par_1_82' title="bbox 2307 3321 3836 3394">
     <span class='ocr_line' id='line_1_82' title="bbox 2307 3321 3836 3394; baseline -0.008 -16"><span class='ocrx_word' id='word_1_593' title='bbox 2307 3330 2530 3394; x_wconf 80' lang='grc' dir='ltr'>τόμενος.</span> <span class='ocrx_word' id='word_1_594' title='bbox 2581 3324 2693 3376; x_wconf 77' lang='grc' dir='ltr'>Ἔτι</span> <span class='ocrx_word' id='word_1_595' title='bbox 2734 3321 2791 3376; x_wconf 75' lang='grc' dir='ltr'>δὲ</span> <span class='ocrx_word' id='word_1_596' title='bbox 2834 3330 2923 3377; x_wconf 85' lang='grc' dir='ltr'>καὶ</span> <span class='ocrx_word' id='word_1_597' title='bbox 2974 3324 3026 3387; x_wconf 76' lang='grc' dir='ltr'><strong>ἐξ</strong></span> <span class='ocrx_word' id='word_1_598' title='bbox 3074 3325 3232 3377; x_wconf 69' lang='grc' dir='ltr'>αὑτοῦ</span> <span class='ocrx_word' id='word_1_599' title='bbox 3263 3334 3358 3378; x_wconf 76' lang='grc' dir='ltr'>τοῦ</span> <span class='ocrx_word' id='word_1_600' title='bbox 3403 3327 3660 3379; x_wconf 82' lang='grc' dir='ltr'>πεπεῖσθαι</span> <span class='ocrx_word' id='word_1_601' title='bbox 3688 3324 3836 3374; x_wconf 65' lang='grc' dir='ltr'>Λυσίαν</span> 
     </span>
    </p>
   </div>
   <div class='ocr_carea' id='block_1_83' title="bbox 2307 3408 3843 3487">
    <p class='ocr_par' dir='ltr' id='par_1_83' title="bbox 2307 3408 3843 3487">
     <span class='ocr_line' id='line_1_83' title="bbox 2307 3408 3843 3487; baseline 0.001 -25"><span class='ocrx_word' id='word_1_602' title='bbox 2307 3417 2394 3463; x_wconf 84' lang='lat' dir='ltr'>xui</span> <span class='ocrx_word' id='word_1_603' title='bbox 2439 3411 2775 3485; x_wconf 76' lang='grc' dir='ltr'>ἀποσχέσθαι</span> <span class='ocrx_word' id='word_1_604' title='bbox 2818 3423 2909 3473; x_wconf 76' lang='grc' dir='ltr'>τῆς</span> <span class='ocrx_word' id='word_1_605' title='bbox 2956 3413 3167 3486; x_wconf 73' lang='grc' dir='ltr'>ὕϐρεως,</span> <span class='ocrx_word' id='word_1_606' title='bbox 3203 3421 3291 3467; x_wconf 90' lang='lat' dir='ltr'>xui</span> <span class='ocrx_word' id='word_1_607' title='bbox 3337 3415 3395 3467; x_wconf 82' lang='grc' dir='ltr'>ἐκ</span> <span class='ocrx_word' id='word_1_608' title='bbox 3434 3424 3523 3467; x_wconf 74' lang='grc' dir='ltr'><em>τοὺ</em></span> <span class='ocrx_word' id='word_1_609' title='bbox 3556 3416 3669 3487; x_wconf 80' lang='grc' dir='ltr'>πρὸς</span> <span class='ocrx_word' id='word_1_610' title='bbox 3693 3408 3843 3465; x_wconf 65' lang='grc' dir='ltr'>Φήλικι</span> 
     </span>
    </p>
   </div>
   <div class='ocr_carea' id='block_1_84' title="bbox 2306 3498 3837 3576">
    <p class='ocr_par' dir='ltr' id='par_1_84' title="bbox 2306 3498 3837 3576">
     <span class='ocr_line' id='line_1_84' title="bbox 2306 3498 3837 3576; baseline 0.001 -25"><span class='ocrx_word' id='word_1_611' title='bbox 2306 3498 2365 3552; x_wconf 70' lang='grc' dir='ltr'>δὲ</span> <span class='ocrx_word' id='word_1_612' title='bbox 2411 3498 2793 3569; x_wconf 84' lang='grc' dir='ltr'>διατείνασθαι,</span> <span class='ocrx_word' id='word_1_613' title='bbox 2828 3505 2908 3555; x_wconf 83' lang='grc' dir='ltr'>ὅτι</span> <span class='ocrx_word' id='word_1_614' title='bbox 2956 3504 3205 3576; x_wconf 84' lang='grc' dir='ltr'>Ῥωμαῖον</span> <span class='ocrx_word' id='word_1_615' title='bbox 3249 3509 3376 3557; x_wconf 78' lang='grc' dir='ltr'>ὄντα</span> <span class='ocrx_word' id='word_1_616' title='bbox 3423 3509 3509 3557; x_wconf 85' lang='grc' dir='ltr'>τὸν</span> <span class='ocrx_word' id='word_1_617' title='bbox 3554 3500 3741 3563; x_wconf 78' lang='grc' dir='ltr'>Παυλον,</span> <span class='ocrx_word' id='word_1_618' title='bbox 3772 3503 3837 3553; x_wconf 68' lang='grc' dir='ltr'>τῆς</span> 
     </span>
    </p>
   </div>
   <div class='ocr_carea' id='block_1_85' title="bbox 2303 3584 3840 3667">
    <p class='ocr_par' dir='ltr' id='par_1_85' title="bbox 2303 3584 3840 3667">
     <span class='ocr_line' id='line_1_85' title="bbox 2303 3584 3840 3667; baseline 0.001 -24"><span class='ocrx_word' id='word_1_619' title='bbox 2303 3588 2603 3653; x_wconf 76' lang='grc' dir='ltr'>Ἰουδαϊκῆς</span> <span class='ocrx_word' id='word_1_620' title='bbox 2653 3597 2950 3664; x_wconf 80' lang='grc' dir='ltr'>μιαιφονίας</span> <span class='ocrx_word' id='word_1_621' title='bbox 2989 3592 3233 3655; x_wconf 80' lang='grc' dir='ltr'>ἐξείλατο.</span> <span class='ocrx_word' id='word_1_622' title='bbox 3271 3596 3350 3646; x_wconf 76' lang='grc' dir='ltr'>Οὐ</span> <span class='ocrx_word' id='word_1_623' title='bbox 3400 3600 3503 3667; x_wconf 76' lang='grc' dir='ltr'>μὴν</span> <span class='ocrx_word' id='word_1_624' title='bbox 3549 3592 3664 3645; x_wconf 73' lang='grc' dir='ltr'>αλλὰ</span> <span class='ocrx_word' id='word_1_625' title='bbox 3700 3593 3771 3641; x_wconf 72' lang='grc' dir='ltr'>καὶ</span> <span class='ocrx_word' id='word_1_626' title='bbox 3805 3584 3840 3645; x_wconf 70' lang='grc' dir='ltr'>ἒξ</span> 
     </span>
    </p>
   </div>
   <div class='ocr_carea' id='block_1_86' title="bbox 2302 3680 3840 3754">
    <p class='ocr_par' dir='ltr' id='par_1_86' title="bbox 2302 3680 3840 3754">
     <span class='ocr_line' id='line_1_86' title="bbox 2302 3680 3840 3754; baseline 0.002 -25"><span class='ocrx_word' id='word_1_627' title='bbox 2302 3680 2369 3731; x_wconf 84' lang='grc' dir='ltr'>ὧν</span> <span class='ocrx_word' id='word_1_628' title='bbox 2412 3682 2597 3739; x_wconf 79' lang='grc' dir='ltr'>Φήλικι</span> <span class='ocrx_word' id='word_1_629' title='bbox 2642 3680 2771 3754; x_wconf 86' lang='grc' dir='ltr'>μηδ’</span> <span class='ocrx_word' id='word_1_630' title='bbox 2805 3683 2878 3744; x_wconf 84' lang='grc' dir='ltr'>εἰς</span> <span class='ocrx_word' id='word_1_631' title='bbox 2907 3682 3137 3745; x_wconf 82' lang='grc' dir='ltr'>ἐξέτασιν</span> <span class='ocrx_word' id='word_1_632' title='bbox 3180 3682 3341 3737; x_wconf 83' lang='grc' dir='ltr'>ἐλθεῖν</span> <span class='ocrx_word' id='word_1_633' title='bbox 3389 3688 3625 3742; x_wconf 72' lang='grc' dir='ltr'>τοιαύτης</span> <span class='ocrx_word' id='word_1_634' title='bbox 3652 3681 3840 3732; x_wconf 74' lang='grc' dir='ltr'>ὑπονοίας</span> 
     </span>
    </p>
   </div>
   <div class='ocr_carea' id='block_1_87' title="bbox 2302 3768 3841 3844">
    <p class='ocr_par' dir='ltr' id='par_1_87' title="bbox 2302 3768 3841 3844">
     <span class='ocr_line' id='line_1_87' title="bbox 2302 3768 3841 3844; baseline -0.001 -22"><span class='ocrx_word' id='word_1_635' title='bbox 2302 3768 2567 3840; x_wconf 79' lang='grc' dir='ltr'>ἐξεγένετο,</span> <span class='ocrx_word' id='word_1_636' title='bbox 2652 3776 2819 3824; x_wconf 88' lang='grc' dir='ltr'>καίτοι</span> <span class='ocrx_word' id='word_1_637' title='bbox 2890 3774 3215 3844; x_wconf 78' lang='grc' dir='ltr'>χαρίζεσθαι</span> <span class='ocrx_word' id='word_1_638' title='bbox 3279 3771 3562 3832; x_wconf 84' lang='grc' dir='ltr'>Ἰουδαίοις</span> <span class='ocrx_word' id='word_1_639' title='bbox 3618 3785 3841 3843; x_wconf 66' lang='grc' dir='ltr'>προαιρου-</span> 
     </span>
    </p>
   </div>
   <div class='ocr_carea' id='block_1_88' title="bbox 2299 3858 3839 3935">
    <p class='ocr_par' dir='ltr' id='par_1_88' title="bbox 2299 3858 3839 3935">
     <span class='ocr_line' id='line_1_88' title="bbox 2299 3858 3839 3935; baseline 0.001 -26"><span class='ocrx_word' id='word_1_640' title='bbox 2299 3862 2431 3930; x_wconf 78' lang='grc' dir='ltr'>μένῳ</span> <span class='ocrx_word' id='word_1_641' title='bbox 2488 3865 2576 3911; x_wconf 88' lang='lat' dir='ltr'>xui</span> <span class='ocrx_word' id='word_1_642' title='bbox 2632 3858 2947 3913; x_wconf 62' lang='grc' dir='ltr'>σπεύδοντν</span> <span class='ocrx_word' id='word_1_643' title='bbox 2990 3867 3079 3913; x_wconf 79' lang='grc' dir='ltr'>καὶ</span> <span class='ocrx_word' id='word_1_644' title='bbox 3135 3866 3193 3913; x_wconf 88' lang='grc' dir='ltr'>τὸ</span> <span class='ocrx_word' id='word_1_645' title='bbox 3254 3861 3469 3935; x_wconf 80' lang='grc' dir='ltr'>σφόδρα</span> <span class='ocrx_word' id='word_1_646' title='bbox 3516 3858 3839 3933; x_wconf 71' lang='grc' dir='ltr'>ἀναντίρρητον,</span> 
     </span>
    </p>
   </div>
   <div class='ocr_carea' id='block_1_89' title="bbox 2298 3940 3838 4027">
    <p class='ocr_par' dir='ltr' id='par_1_89' title="bbox 2298 3940 3838 4027">
     <span class='ocr_line' id='line_1_89' title="bbox 2298 3940 3838 4027; baseline 0.002 -27"><span class='ocrx_word' id='word_1_647' title='bbox 2298 3950 2377 4000; x_wconf 82' lang='grc' dir='ltr'>ὅτι</span> <span class='ocrx_word' id='word_1_648' title='bbox 2407 3946 2530 4001; x_wconf 71' lang='grc' dir='ltr'>οὐδὲ</span> <span class='ocrx_word' id='word_1_649' title='bbox 2558 3958 2653 4001; x_wconf 80' lang='grc' dir='ltr'>τῶν</span> <span class='ocrx_word' id='word_1_650' title='bbox 2696 3946 2966 4002; x_wconf 81' lang='grc' dir='ltr'>Ἰουδαίων</span> <span class='ocrx_word' id='word_1_651' title='bbox 2998 3952 3024 4002; x_wconf 86' lang='grc' dir='ltr'><strong><em>ὁ</em></strong></span> <span class='ocrx_word' id='word_1_652' title='bbox 3073 3948 3243 4022; x_wconf 83' lang='grc' dir='ltr'>δῆμος</span> <span class='ocrx_word' id='word_1_653' title='bbox 3285 3958 3469 4027; x_wconf 84' lang='grc' dir='ltr'>παρὼν</span> <span class='ocrx_word' id='word_1_654' title='bbox 3513 3956 3596 4002; x_wconf 80' lang='grc' dir='ltr'>καὶ</span> <span class='ocrx_word' id='word_1_655' title='bbox 3641 3953 3782 4019; x_wconf 56' lang='grc' dir='ltr'>φωνῶν</span> <span class='ocrx_word' id='word_1_656' title='bbox 3802 3940 3838 4003; x_wconf 53' lang='lat' dir='ltr'>k1</span> 
     </span>
    </p>
   </div>
   <div class='ocr_carea' id='block_1_90' title="bbox 2296 4035 3841 4113">
    <p class='ocr_par' dir='ltr' id='par_1_90' title="bbox 2296 4035 3841 4113">
     <span class='ocr_line' id='line_1_90' title="bbox 2296 4035 3841 4113; baseline -0.005 -24"><span class='ocrx_word' id='word_1_657' title='bbox 2296 4043 2384 4089; x_wconf 88' lang='lat' dir='ltr'>xui</span> <span class='ocrx_word' id='word_1_658' title='bbox 2429 4040 2597 4090; x_wconf 77' lang='grc' dir='ltr'>πάντα</span> <span class='ocrx_word' id='word_1_659' title='bbox 2638 4039 2856 4111; x_wconf 80' lang='grc' dir='ltr'>τολμῶν,</span> <span class='ocrx_word' id='word_1_660' title='bbox 2891 4035 3005 4091; x_wconf 77' lang='grc' dir='ltr'>οὐδ’</span> <span class='ocrx_word' id='word_1_661' title='bbox 3052 4038 3241 4101; x_wconf 81' lang='grc' dir='ltr'>ἐκεῖνος</span> <span class='ocrx_word' id='word_1_662' title='bbox 3282 4042 3568 4113; x_wconf 79' lang='grc' dir='ltr'>ἐτόλμησεν</span> <span class='ocrx_word' id='word_1_663' title='bbox 3610 4038 3685 4089; x_wconf 74' lang='grc' dir='ltr'>ἐπὶ</span> <span class='ocrx_word' id='word_1_664' title='bbox 3718 4036 3841 4098; x_wconf 69' lang='grc' dir='ltr'>τούτῳ</span> 
     </span>
    </p>
   </div>
   <div class='ocr_carea' id='block_1_91' title="bbox 2294 4124 3841 4204">
    <p class='ocr_par' dir='ltr' id='par_1_91' title="bbox 2294 4124 3841 4204">
     <span class='ocr_line' id='line_1_91' title="bbox 2294 4124 3841 4204; baseline -0.003 -25"><span class='ocrx_word' id='word_1_665' title='bbox 2294 4124 2644 4199; x_wconf 69' lang='grc' dir='ltr'>ψευδολογίας</span> <span class='ocrx_word' id='word_1_666' title='bbox 2700 4128 2850 4180; x_wconf 71' lang='grc' dir='ltr'>αὐτὸν</span> <span class='ocrx_word' id='word_1_667' title='bbox 2906 4128 3236 4203; x_wconf 71' lang='grc' dir='ltr'>γράψασθαι.</span> <span class='ocrx_word' id='word_1_668' title='bbox 3300 4135 3440 4204; x_wconf 82' lang='grc' dir='ltr'>Πρὸς</span> <span class='ocrx_word' id='word_1_669' title='bbox 3492 4126 3549 4182; x_wconf 84' lang='grc' dir='ltr'>δέ</span> <span class='ocrx_word' id='word_1_670' title='bbox 3592 4146 3647 4198; x_wconf 82' lang='grc' dir='ltr'>γε</span> <span class='ocrx_word' id='word_1_671' title='bbox 3690 4124 3841 4176; x_wconf 73' lang='grc' dir='ltr'>τούτοις</span> 
     </span>
    </p>
   </div>
   <div class='ocr_carea' id='block_1_92' title="bbox 2295 4211 3843 4291">
    <p class='ocr_par' dir='ltr' id='par_1_92' title="bbox 2295 4211 3843 4291">
     <span class='ocr_line' id='line_1_92' title="bbox 2295 4211 3843 4291; baseline -0.003 -24"><span class='ocrx_word' id='word_1_672' title='bbox 2295 4218 2373 4267; x_wconf 87' lang='grc' dir='ltr'>ὅτι</span> <span class='ocrx_word' id='word_1_673' title='bbox 2409 4222 2497 4269; x_wconf 87' lang='lat' dir='ltr'>xui</span> <span class='ocrx_word' id='word_1_674' title='bbox 2552 4221 2677 4291; x_wconf 85' lang='grc' dir='ltr'>πρὸς</span> <span class='ocrx_word' id='word_1_675' title='bbox 2726 4217 2915 4275; x_wconf 77' lang='grc' dir='ltr'>αὐτοὺς</span> <span class='ocrx_word' id='word_1_676' title='bbox 2954 4220 3107 4289; x_wconf 74' lang='grc' dir='ltr'>ἄμφω</span> <span class='ocrx_word' id='word_1_677' title='bbox 3144 4221 3257 4290; x_wconf 76' lang='grc' dir='ltr'>ἔφη,</span> <span class='ocrx_word' id='word_1_678' title='bbox 3292 4221 3359 4279; x_wconf 84' lang='grc' dir='ltr'>ὡς</span> <span class='ocrx_word' id='word_1_679' title='bbox 3412 4215 3661 4275; x_wconf 80' lang='grc' dir='ltr'>Ἰουδαῖος</span> <span class='ocrx_word' id='word_1_680' title='bbox 3700 4231 3741 4263; x_wconf 76' lang='grc' dir='ltr'>π</span> <span class='ocrx_word' id='word_1_681' title='bbox 3780 4211 3843 4259; x_wconf 69' lang='grc' dir='ltr'>καὶ</span> 
     </span>
    </p>
   </div>
   <div class='ocr_carea' id='block_1_93' title="bbox 2291 4303 3838 4379">
    <p class='ocr_par' dir='ltr' id='par_1_93' title="bbox 2291 4303 3838 4379">
     <span class='ocr_line' id='line_1_93' title="bbox 2291 4303 3838 4379; baseline -0.004 -22"><span class='ocrx_word' id='word_1_682' title='bbox 2291 4304 2539 4377; x_wconf 79' lang='grc' dir='ltr'>Ῥωμαῖος</span> <span class='ocrx_word' id='word_1_683' title='bbox 2590 4310 2666 4364; x_wconf 85' lang='grc' dir='ltr'>εἴη</span> <span class='ocrx_word' id='word_1_684' title='bbox 2696 4323 2707 4335; x_wconf 92' lang='grc'><strong>·</strong></span> <span class='ocrx_word' id='word_1_685' title='bbox 2742 4308 2863 4378; x_wconf 81' lang='grc' dir='ltr'>ὅπερ</span> <span class='ocrx_word' id='word_1_686' title='bbox 2904 4306 2999 4357; x_wconf 71' lang='grc' dir='ltr'>οὐκ</span> <span class='ocrx_word' id='word_1_687' title='bbox 3047 4308 3109 4357; x_wconf 85' lang='grc' dir='ltr'>οἷν</span> <span class='ocrx_word' id='word_1_688' title='bbox 3152 4327 3233 4368; x_wconf 87' lang='grc' dir='ltr'>τις</span> <span class='ocrx_word' id='word_1_689' title='bbox 3269 4313 3345 4379; x_wconf 80' lang='grc' dir='ltr'>μὴ</span> <span class='ocrx_word' id='word_1_690' title='bbox 3395 4308 3512 4360; x_wconf 82' lang='grc' dir='ltr'>λίαν</span> <span class='ocrx_word' id='word_1_691' title='bbox 3550 4303 3838 4365; x_wconf 64' lang='grc' dir='ltr'>πεποιθὼςτξ</span> 
     </span>
    </p>
   </div>
   <div class='ocr_carea' id='block_1_94' title="bbox 529 4391 2205 4489">
    <p class='ocr_par' dir='ltr' id='par_1_94' title="bbox 529 4394 2180 4471">
     <span class='ocr_line' id='line_1_94' title="bbox 529 4394 2180 4471; baseline -0.004 -16"><span class='ocrx_word' id='word_1_692' title='bbox 529 4414 912 4471; x_wconf 88' lang='lat' dir='ltr'>summopere</span> <span class='ocrx_word' id='word_1_693' title='bbox 926 4397 1281 4460; x_wconf 84' lang='lat' dir='ltr'>conﬁderet;</span> <span class='ocrx_word' id='word_1_694' title='bbox 1308 4411 1413 4449; x_wconf 83' lang='lat' dir='ltr'>nec</span> <span class='ocrx_word' id='word_1_695' title='bbox 1431 4394 1772 4465; x_wconf 89' lang='lat' dir='ltr'>simpliciter</span> <span class='ocrx_word' id='word_1_696' title='bbox 1795 4398 2047 4459; x_wconf 88' lang='lat' dir='ltr'>tantum,</span> <span class='ocrx_word' id='word_1_697' title='bbox 2074 4394 2180 4449; x_wconf 89' lang='lat' dir='ltr'>sed</span> 
     </span>
    </p>
   </div>
   <div class='ocr_carea' id='block_1_95' title="bbox 2293 4391 3844 4489">
    <p class='ocr_par' dir='ltr' id='par_1_95' title="bbox 2294 4391 3844 4489">
     <span class='ocr_line' id='line_1_95' title="bbox 2294 4391 3844 4469; baseline 0.004 -25"><span class='ocrx_word' id='word_1_698' title='bbox 2294 4393 2527 4466; x_wconf 79' lang='grc' dir='ltr'>ἀληθείᾳ,</span> <span class='ocrx_word' id='word_1_699' title='bbox 2585 4394 3000 4469; x_wconf 54' lang='grc' dir='ltr'>παιὸρησιάσοιτο</span> <span class='ocrx_word' id='word_1_700' title='bbox 3029 4416 3041 4428; x_wconf 91' lang='grc'><strong>·</strong></span> <span class='ocrx_word' id='word_1_701' title='bbox 3094 4402 3185 4448; x_wconf 88' lang='lat' dir='ltr'>xui</span> <span class='ocrx_word' id='word_1_702' title='bbox 3239 4398 3320 4449; x_wconf 87' lang='grc' dir='ltr'>ὅτι</span> <span class='ocrx_word' id='word_1_703' title='bbox 3384 4395 3741 4465; x_wconf 72' lang='grc' dir='ltr'>διατεινόμενος</span> <span class='ocrx_word' id='word_1_704' title='bbox 3778 4391 3844 4437; x_wconf 64' lang='grc' dir='ltr'>καί</span> 
     </span>
     <span class='ocr_line' id='line_1_96' title="bbox 2299 4472 3808 4489; baseline 0 0"><span class='ocrx_word' id='word_1_705' title='bbox 2299 4481 2309 4489; x_wconf 86' lang='grc'>.</span> <span class='ocrx_word' id='word_1_706' title='bbox 2436 4488 2439 4489; x_wconf 65' lang='lat'>,</span> <span class='ocrx_word' id='word_1_707' title='bbox 2612 4488 2615 4489; x_wconf 65' lang='lat'>,</span> <span class='ocrx_word' id='word_1_708' title='bbox 3216 4485 3266 4489; x_wconf 76' lang='lat'>__</span> <span class='ocrx_word' id='word_1_709' title='bbox 3307 4485 3350 4489; x_wconf 73' lang='lat'><strong><em>__</em></strong></span> <span class='ocrx_word' id='word_1_710' title='bbox 3559 4484 3569 4489; x_wconf 87' lang='lat'><strong><em>_</em></strong></span> <span class='ocrx_word' id='word_1_711' title='bbox 3611 4482 3630 4489; x_wconf 81' lang='lat'>-</span> <span class='ocrx_word' id='word_1_712' title='bbox 3676 4480 3705 4489; x_wconf 79' lang='grc'>..</span> <span class='ocrx_word' id='word_1_713' title='bbox 3794 4472 3808 4489; x_wconf 67' lang='lat'>.</span> 
     </span>
    </p>
   </div>
   <div class='ocr_carea' id='block_1_96' title="bbox 528 4482 2176 4563">
    <p class='ocr_par' dir='ltr' id='par_1_96' title="bbox 528 4482 2176 4563">
     <span class='ocr_line' id='line_1_97' title="bbox 528 4482 2176 4563; baseline -0.004 -18"><span class='ocrx_word' id='word_1_714' title='bbox 528 4490 693 4563; x_wconf 91' lang='lat' dir='ltr'>quod</span> <span class='ocrx_word' id='word_1_715' title='bbox 724 4505 859 4544; x_wconf 90' lang='lat' dir='ltr'>cum</span> <span class='ocrx_word' id='word_1_716' title='bbox 878 4486 1306 4542; x_wconf 84' lang='lat' dir='ltr'>asseveratione</span> <span class='ocrx_word' id='word_1_717' title='bbox 1331 4482 1722 4538; x_wconf 88' lang='lat' dir='ltr'>immanendo</span> <span class='ocrx_word' id='word_1_718' title='bbox 1752 4482 1916 4537; x_wconf 91' lang='lat' dir='ltr'>illum</span> <span class='ocrx_word' id='word_1_719' title='bbox 1943 4484 2176 4538; x_wconf 90' lang='lat' dir='ltr'>titulum</span> 
     </span>
    </p>
   </div>
   <div class='ocr_carea' id='block_1_97' title="bbox 526 4572 2180 4650">
    <p class='ocr_par' dir='ltr' id='par_1_97' title="bbox 526 4572 2180 4650">
     <span class='ocr_line' id='line_1_98' title="bbox 526 4572 2180 4650; baseline -0.004 -16"><span class='ocrx_word' id='word_1_720' title='bbox 526 4595 644 4650; x_wconf 68' lang='lat' dir='ltr'>pra:</span> <span class='ocrx_word' id='word_1_721' title='bbox 668 4594 727 4633; x_wconf 91' lang='lat' dir='ltr'>se</span> <span class='ocrx_word' id='word_1_722' title='bbox 755 4578 944 4633; x_wconf 88' lang='lat' dir='ltr'>ferret.</span> <span class='ocrx_word' id='word_1_723' title='bbox 982 4575 1036 4631; x_wconf 90' lang='lat' dir='ltr'>Si</span> <span class='ocrx_word' id='word_1_724' title='bbox 1078 4575 1275 4630; x_wconf 89' lang='lat' dir='ltr'>adhuc</span> <span class='ocrx_word' id='word_1_725' title='bbox 1314 4572 1521 4644; x_wconf 87' lang='lat' dir='ltr'>placet,</span> <span class='ocrx_word' id='word_1_726' title='bbox 1554 4577 1608 4626; x_wconf 91' lang='lat' dir='ltr'>et</span> <span class='ocrx_word' id='word_1_727' title='bbox 1640 4572 1809 4639; x_wconf 86' lang='lat' dir='ltr'>illud,</span> <span class='ocrx_word' id='word_1_728' title='bbox 1842 4573 2007 4643; x_wconf 90' lang='lat' dir='ltr'>quod</span> <span class='ocrx_word' id='word_1_729' title='bbox 2048 4573 2180 4627; x_wconf 89' lang='lat' dir='ltr'>viri-</span> 
     </span>
    </p>
   </div>
   <div class='ocr_carea' id='block_1_98' title="bbox 528 4660 2175 4732">
    <p class='ocr_par' dir='ltr' id='par_1_98' title="bbox 528 4660 2175 4732">
     <span class='ocr_line' id='line_1_99' title="bbox 528 4660 2175 4732; baseline -0.003 -10"><span class='ocrx_word' id='word_1_730' title='bbox 528 4667 630 4722; x_wconf 92' lang='lat' dir='ltr'>tim</span> <span class='ocrx_word' id='word_1_731' title='bbox 663 4676 717 4722; x_wconf 89' lang='lat' dir='ltr'>et</span> <span class='ocrx_word' id='word_1_732' title='bbox 767 4665 1041 4730; x_wconf 88' lang='lat' dir='ltr'>urbatim,</span> <span class='ocrx_word' id='word_1_733' title='bbox 1085 4666 1421 4719; x_wconf 83' lang='lat' dir='ltr'>Romanum</span> <span class='ocrx_word' id='word_1_734' title='bbox 1457 4660 1706 4729; x_wconf 90' lang='lat' dir='ltr'>titulum,</span> <span class='ocrx_word' id='word_1_735' title='bbox 1738 4661 1840 4732; x_wconf 87' lang='lat' dir='ltr'>qui</span> <span class='ocrx_word' id='word_1_736' title='bbox 1875 4676 1987 4715; x_wconf 87' lang='lat' dir='ltr'>non</span> <span class='ocrx_word' id='word_1_737' title='bbox 2018 4677 2175 4717; x_wconf 86' lang='lat' dir='ltr'>eam-</span> 
     </span>
    </p>
   </div>
   <div class='ocr_carea' id='block_1_99' title="bbox 525 4750 2179 4829">
    <p class='ocr_par' dir='ltr' id='par_1_99' title="bbox 525 4750 2179 4829">
     <span class='ocr_line' id='line_1_100' title="bbox 525 4750 2179 4829; baseline -0.004 -18"><span class='ocrx_word' id='word_1_738' title='bbox 525 4759 661 4813; x_wconf 87' lang='lat' dir='ltr'>dem</span> <span class='ocrx_word' id='word_1_739' title='bbox 686 4758 939 4829; x_wconf 87' lang='lat' dir='ltr'>patriam</span> <span class='ocrx_word' id='word_1_740' title='bbox 973 4753 1369 4809; x_wconf 87' lang='lat' dir='ltr'>sortiebantur</span> <span class='ocrx_word' id='word_1_741' title='bbox 1400 4767 1503 4822; x_wconf 93' lang='lat' dir='ltr'>per</span> <span class='ocrx_word' id='word_1_742' title='bbox 1535 4750 1948 4822; x_wconf 86' lang='lat' dir='ltr'>psephismata</span> <span class='ocrx_word' id='word_1_743' title='bbox 1977 4766 2179 4805; x_wconf 90' lang='lat' dir='ltr'>conse-</span> 
     </span>
    </p>
   </div>
   <div class='ocr_carea' id='block_1_100' title="bbox 526 4839 2176 4917">
    <p class='ocr_par' dir='ltr' id='par_1_100' title="bbox 526 4839 2176 4917">
     <span class='ocr_line' id='line_1_101' title="bbox 526 4839 2176 4917; baseline -0.002 -18"><span class='ocrx_word' id='word_1_744' title='bbox 526 4847 883 4917; x_wconf 88' lang='lat' dir='ltr'>quebantur.</span> <span class='ocrx_word' id='word_1_745' title='bbox 921 4848 1106 4915; x_wconf 86' lang='lat' dir='ltr'>Atque</span> <span class='ocrx_word' id='word_1_746' title='bbox 1156 4844 1238 4898; x_wconf 89' lang='lat' dir='ltr'>ita</span> <span class='ocrx_word' id='word_1_747' title='bbox 1280 4840 1689 4904; x_wconf 87' lang='lat' dir='ltr'>manifestum,</span> <span class='ocrx_word' id='word_1_748' title='bbox 1724 4844 1780 4894; x_wconf 90' lang='lat' dir='ltr'>et</span> <span class='ocrx_word' id='word_1_749' title='bbox 1825 4840 1949 4893; x_wconf 89' lang='lat' dir='ltr'>sine</span> <span class='ocrx_word' id='word_1_750' title='bbox 1989 4839 2176 4895; x_wconf 90' lang='lat' dir='ltr'>dubio</span> 
     </span>
    </p>
   </div>
   <div class='ocr_carea' id='block_1_101' title="bbox 525 4928 2174 5004">
    <p class='ocr_par' dir='ltr' id='par_1_101' title="bbox 525 4928 2174 5004">
     <span class='ocr_line' id='line_1_102' title="bbox 525 4928 2174 5004; baseline -0.002 -16"><span class='ocrx_word' id='word_1_751' title='bbox 525 4941 799 4989; x_wconf 87' lang='lat' dir='ltr'>constare</span> <span class='ocrx_word' id='word_1_752' title='bbox 830 4934 1100 4999; x_wconf 87' lang='lat' dir='ltr'>arbitror,</span> <span class='ocrx_word' id='word_1_753' title='bbox 1146 4933 1297 5004; x_wconf 82' lang='lat' dir='ltr'>quod</span> <span class='ocrx_word' id='word_1_754' title='bbox 1326 4929 1556 4995; x_wconf 89' lang='lat' dir='ltr'>Paulus,</span> <span class='ocrx_word' id='word_1_755' title='bbox 1596 4930 1641 4983; x_wconf 93' lang='lat' dir='ltr'>si</span> <span class='ocrx_word' id='word_1_756' title='bbox 1669 4930 1801 5000; x_wconf 92' lang='lat' dir='ltr'>quis</span> <span class='ocrx_word' id='word_1_757' title='bbox 1832 4928 1985 4983; x_wconf 90' lang='lat' dir='ltr'>alius</span> <span class='ocrx_word' id='word_1_758' title='bbox 2028 4929 2084 4982; x_wconf 90' lang='lat' dir='ltr'>in</span> <span class='ocrx_word' id='word_1_759' title='bbox 2113 4945 2174 4984; x_wconf 90' lang='lat' dir='ltr'>re</span> 
     </span>
    </p>
   </div>
   <div class='ocr_carea' id='block_1_102' title="bbox 523 5018 2172 5093">
    <p class='ocr_par' dir='ltr' id='par_1_102' title="bbox 523 5018 2172 5093">
     <span class='ocr_line' id='line_1_103' title="bbox 523 5018 2172 5093; baseline -0.003 -15"><span class='ocrx_word' id='word_1_760' title='bbox 523 5022 743 5093; x_wconf 90' lang='lat' dir='ltr'>aliqua,</span> <span class='ocrx_word' id='word_1_761' title='bbox 775 5024 835 5077; x_wconf 93' lang='lat' dir='ltr'>in</span> <span class='ocrx_word' id='word_1_762' title='bbox 872 5030 1117 5093; x_wconf 86' lang='lat' dir='ltr'>utroque</span> <span class='ocrx_word' id='word_1_763' title='bbox 1166 5036 1374 5076; x_wconf 89' lang='lat' dir='ltr'>verum</span> <span class='ocrx_word' id='word_1_764' title='bbox 1424 5019 1587 5084; x_wconf 79' lang='lat' dir='ltr'>dixit,</span> <span class='ocrx_word' id='word_1_765' title='bbox 1644 5018 1747 5090; x_wconf 89' lang='lat' dir='ltr'>qui</span> <span class='ocrx_word' id='word_1_766' title='bbox 1784 5034 1845 5072; x_wconf 91' lang='lat' dir='ltr'>se</span> <span class='ocrx_word' id='word_1_767' title='bbox 1903 5034 2039 5073; x_wconf 91' lang='lat' dir='ltr'>cum</span> <span class='ocrx_word' id='word_1_768' title='bbox 2070 5020 2172 5073; x_wconf 88' lang='lat' dir='ltr'>Ju-</span> 
     </span>
    </p>
   </div>
   <div class='ocr_carea' id='block_1_103' title="bbox 522 5106 2171 5182">
    <p class='ocr_par' dir='ltr' id='par_1_103' title="bbox 522 5106 2171 5182">
     <span class='ocr_line' id='line_1_104' title="bbox 522 5106 2171 5182; baseline -0.002 -17"><span class='ocrx_word' id='word_1_769' title='bbox 522 5111 722 5166; x_wconf 68' lang='lat' dir='ltr'>dzeum</span> <span class='ocrx_word' id='word_1_770' title='bbox 754 5112 1013 5182; x_wconf 88' lang='lat' dir='ltr'>prodidit</span> <span class='ocrx_word' id='word_1_771' title='bbox 1042 5117 1165 5165; x_wconf 92' lang='lat' dir='ltr'>tum</span> <span class='ocrx_word' id='word_1_772' title='bbox 1197 5114 1551 5165; x_wconf 75' lang='lat' dir='ltr'>Romanum.</span> <span class='ocrx_word' id='word_1_773' title='bbox 1587 5112 1655 5162; x_wconf 86' lang='lat' dir='ltr'>At</span> <span class='ocrx_word' id='word_1_774' title='bbox 1686 5107 1851 5178; x_wconf 89' lang='lat' dir='ltr'>quid,</span> <span class='ocrx_word' id='word_1_775' title='bbox 1881 5106 2171 5179; x_wconf 90' lang='lat' dir='ltr'>inquient,</span> 
     </span>
    </p>
   </div>
   <div class='ocr_carea' id='block_1_104' title="bbox 521 5195 2165 5265">
    <p class='ocr_par' dir='ltr' id='par_1_104' title="bbox 521 5195 2165 5265">
     <span class='ocr_line' id='line_1_105' title="bbox 521 5195 2165 5265; baseline -0.003 -8"><span class='ocrx_word' id='word_1_776' title='bbox 521 5216 721 5257; x_wconf 89' lang='lat' dir='ltr'>nonne</span> <span class='ocrx_word' id='word_1_777' title='bbox 752 5199 1111 5255; x_wconf 86' lang='lat' dir='ltr'>Christianus</span> <span class='ocrx_word' id='word_1_778' title='bbox 1149 5200 1259 5255; x_wconf 87' lang='lat' dir='ltr'>fuit</span> <span class='ocrx_word' id='word_1_779' title='bbox 1287 5199 1314 5254; x_wconf 69' lang='grc' dir='ltr'><strong><em>Ῥ</em></strong></span> <span class='ocrx_word' id='word_1_780' title='bbox 1342 5196 1599 5253; x_wconf 91' lang='lat' dir='ltr'>Omnino</span> <span class='ocrx_word' id='word_1_781' title='bbox 1629 5195 1755 5252; x_wconf 89' lang='lat' dir='ltr'>fuit.</span> <span class='ocrx_word' id='word_1_782' title='bbox 1790 5196 1940 5261; x_wconf 88' lang='lat' dir='ltr'>Quid</span> <span class='ocrx_word' id='word_1_783' title='bbox 1972 5196 2165 5265; x_wconf 83' lang='lat' dir='ltr'>igitur,</span> 
     </span>
    </p>
   </div>
   <div class='ocr_carea' id='block_1_105' title="bbox 520 5285 2171 5364">
    <p class='ocr_par' dir='ltr' id='par_1_105' title="bbox 520 5285 2171 5364">
     <span class='ocr_line' id='line_1_106' title="bbox 520 5285 2171 5364; baseline -0.004 -15"><span class='ocrx_word' id='word_1_784' title='bbox 520 5307 643 5350; x_wconf 93' lang='lat' dir='ltr'>non</span> <span class='ocrx_word' id='word_1_785' title='bbox 667 5306 771 5364; x_wconf 90' lang='lat' dir='ltr'>per</span> <span class='ocrx_word' id='word_1_786' title='bbox 790 5289 904 5346; x_wconf 89' lang='lat' dir='ltr'>hoc</span> <span class='ocrx_word' id='word_1_787' title='bbox 927 5304 1147 5345; x_wconf 91' lang='lat' dir='ltr'>nomen</span> <span class='ocrx_word' id='word_1_788' title='bbox 1180 5306 1241 5345; x_wconf 89' lang='lat' dir='ltr'>se</span> <span class='ocrx_word' id='word_1_789' title='bbox 1269 5286 1650 5345; x_wconf 84' lang='lat' dir='ltr'>nominavit?</span> <span class='ocrx_word' id='word_1_790' title='bbox 1668 5286 1914 5351; x_wconf 88' lang='lat' dir='ltr'>Scilicet,</span> <span class='ocrx_word' id='word_1_791' title='bbox 1937 5285 1998 5341; x_wconf 92' lang='lat' dir='ltr'>in</span> <span class='ocrx_word' id='word_1_792' title='bbox 2025 5301 2171 5358; x_wconf 81' lang='lat' dir='ltr'>prae-</span> 
     </span>
    </p>
   </div>
   <div class='ocr_carea' id='block_1_106' title="bbox 2291 4472 3839 4557">
    <p class='ocr_par' dir='ltr' id='par_1_106' title="bbox 2291 4472 3839 4557">
     <span class='ocr_line' id='line_1_107' title="bbox 2291 4472 3839 4557; baseline -0.004 -23"><span class='ocrx_word' id='word_1_793' title='bbox 2291 4481 2536 4555; x_wconf 79' lang='grc' dir='ltr'>ἐπιμένων</span> <span class='ocrx_word' id='word_1_794' title='bbox 2567 4488 2658 4541; x_wconf 82' lang='grc' dir='ltr'>τὴν</span> <span class='ocrx_word' id='word_1_795' title='bbox 2690 4489 3049 4557; x_wconf 81' lang='grc' dir='ltr'>προσηγορίαν</span> <span class='ocrx_word' id='word_1_796' title='bbox 3100 4485 3457 4557; x_wconf 70' lang='grc' dir='ltr'>προύϐάλλετο</span> <span class='ocrx_word' id='word_1_797' title='bbox 3482 4504 3496 4514; x_wconf 78' lang='grc'><strong>’</strong></span> <span class='ocrx_word' id='word_1_798' title='bbox 3529 4484 3574 4536; x_wconf 85' lang='grc' dir='ltr'>εἰ</span> <span class='ocrx_word' id='word_1_799' title='bbox 3600 4480 3753 4554; x_wconf 66' lang='grc' dir='ltr'>βούλει</span> <span class='ocrx_word' id='word_1_800' title='bbox 3783 4472 3839 4528; x_wconf 75' lang='grc' dir='ltr'>ὅε.</span> 
     </span>
    </p>
   </div>
   <div class='ocr_carea' id='block_1_107' title="bbox 2289 4569 3845 4645">
    <p class='ocr_par' dir='ltr' id='par_1_107' title="bbox 2289 4569 3845 4645">
     <span class='ocr_line' id='line_1_108' title="bbox 2289 4569 3845 4645; baseline -0.001 -22"><span class='ocrx_word' id='word_1_801' title='bbox 2289 4574 2365 4624; x_wconf 87' lang='grc' dir='ltr'>ὁτι</span> <span class='ocrx_word' id='word_1_802' title='bbox 2408 4578 2497 4624; x_wconf 89' lang='lat' dir='ltr'>xui</span> <span class='ocrx_word' id='word_1_803' title='bbox 2542 4573 2655 4624; x_wconf 84' lang='grc' dir='ltr'>κατ’</span> <span class='ocrx_word' id='word_1_804' title='bbox 2706 4569 2875 4645; x_wconf 79' lang='grc' dir='ltr'>ἄνδρα</span> <span class='ocrx_word' id='word_1_805' title='bbox 2926 4579 3014 4625; x_wconf 83' lang='grc' dir='ltr'>καὶ</span> <span class='ocrx_word' id='word_1_806' title='bbox 3063 4578 3199 4627; x_wconf 81' lang='grc' dir='ltr'>κατα</span> <span class='ocrx_word' id='word_1_807' title='bbox 3253 4575 3435 4636; x_wconf 83' lang='grc' dir='ltr'>πόλεις</span> <span class='ocrx_word' id='word_1_808' title='bbox 3488 4579 3583 4631; x_wconf 72' lang='grc' dir='ltr'>τὴν</span> <span class='ocrx_word' id='word_1_809' title='bbox 3634 4570 3845 4639; x_wconf 62' lang='grc' dir='ltr'>Ῥωμαίων</span> 
     </span>
    </p>
   </div>
   <div class='ocr_carea' id='block_1_108' title="bbox 2287 4656 3843 4739">
    <p class='ocr_par' dir='ltr' id='par_1_108' title="bbox 2287 4656 3843 4739">
     <span class='ocr_line' id='line_1_109' title="bbox 2287 4656 3843 4739; baseline -0.006 -27"><span class='ocrx_word' id='word_1_810' title='bbox 2287 4660 2493 4727; x_wconf 81' lang='grc' dir='ltr'>κλῆσιν,</span> <span class='ocrx_word' id='word_1_811' title='bbox 2542 4660 2599 4712; x_wconf 75' lang='grc' dir='ltr'>οὐ</span> <span class='ocrx_word' id='word_1_812' title='bbox 2649 4664 2842 4719; x_wconf 82' lang='grc' dir='ltr'>ταύτην</span> <span class='ocrx_word' id='word_1_813' title='bbox 2888 4662 3139 4734; x_wconf 79' lang='grc' dir='ltr'>λαχόντες</span> <span class='ocrx_word' id='word_1_814' title='bbox 3194 4662 3457 4739; x_wconf 82' lang='grc' dir='ltr'>πατρίδα,</span> <span class='ocrx_word' id='word_1_815' title='bbox 3506 4661 3674 4715; x_wconf 80' lang='grc' dir='ltr'>πολλοὶ</span> <span class='ocrx_word' id='word_1_816' title='bbox 3712 4656 3843 4724; x_wconf 44' lang='lat'>402.5(-</span> 
     </span>
    </p>
   </div>
   <div class='ocr_carea' id='block_1_109' title="bbox 2288 4744 3844 4825">
    <p class='ocr_par' dir='ltr' id='par_1_109' title="bbox 2288 4744 3844 4825">
     <span class='ocr_line' id='line_1_110' title="bbox 2288 4744 3844 4825; baseline 0.001 -23"><span class='ocrx_word' id='word_1_817' title='bbox 2288 4769 2484 4821; x_wconf 83' lang='grc' dir='ltr'>σμασιν</span> <span class='ocrx_word' id='word_1_818' title='bbox 2560 4749 2939 4823; x_wconf 79' lang='grc' dir='ltr'>ἐκληρώσαντο.</span> <span class='ocrx_word' id='word_1_819' title='bbox 2998 4752 3083 4815; x_wconf 81' lang='grc' dir='ltr'>Ἐξ</span> <span class='ocrx_word' id='word_1_820' title='bbox 3148 4752 3215 4803; x_wconf 82' lang='grc' dir='ltr'>ὧν</span> <span class='ocrx_word' id='word_1_821' title='bbox 3291 4752 3448 4825; x_wconf 83' lang='grc' dir='ltr'>οἶμαι</span> <span class='ocrx_word' id='word_1_822' title='bbox 3534 4750 3725 4824; x_wconf 65' lang='grc' dir='ltr'>φανερὸν</span> <span class='ocrx_word' id='word_1_823' title='bbox 3778 4744 3844 4793; x_wconf 59' lang='grc' dir='ltr'>καί</span> 
     </span>
    </p>
   </div>
   <div class='ocr_carea' id='block_1_110' title="bbox 2286 4832 3841 4914">
    <p class='ocr_par' dir='ltr' id='par_1_110' title="bbox 2286 4832 3841 4914">
     <span class='ocr_line' id='line_1_111' title="bbox 2286 4832 3841 4914; baseline 0 -23"><span class='ocrx_word' id='word_1_824' title='bbox 2286 4839 2746 4911; x_wconf 74' lang='grc' dir='ltr'>ἀναμφισϐήτητον</span> <span class='ocrx_word' id='word_1_825' title='bbox 2789 4842 3122 4907; x_wconf 80' lang='grc' dir='ltr'>καθεστάναι,</span> <span class='ocrx_word' id='word_1_826' title='bbox 3157 4844 3227 4903; x_wconf 84' lang='grc' dir='ltr'>ὡς</span> <span class='ocrx_word' id='word_1_827' title='bbox 3270 4841 3317 4894; x_wconf 79' lang='grc' dir='ltr'>ἑν</span> <span class='ocrx_word' id='word_1_828' title='bbox 3365 4841 3562 4914; x_wconf 71' lang='grc' dir='ltr'>ἀμφοῖν</span> <span class='ocrx_word' id='word_1_829' title='bbox 3606 4840 3630 4890; x_wconf 88' lang='grc' dir='ltr'><strong><em>ὁ</em></strong></span> <span class='ocrx_word' id='word_1_830' title='bbox 3668 4832 3841 4890; x_wconf 58' lang='grc' dir='ltr'>Παῦλος,</span> 
     </span>
    </p>
   </div>
   <div class='ocr_carea' id='block_1_111' title="bbox 2286 4921 3842 5003">
    <p class='ocr_par' dir='ltr' id='par_1_111' title="bbox 2286 4921 3842 5003">
     <span class='ocr_line' id='line_1_112' title="bbox 2286 4921 3842 5003; baseline -0.005 -22"><span class='ocrx_word' id='word_1_831' title='bbox 2286 4933 2421 5002; x_wconf 78' lang='grc' dir='ltr'>εἴπερ</span> <span class='ocrx_word' id='word_1_832' title='bbox 2468 4948 2548 4989; x_wconf 89' lang='grc' dir='ltr'>τις</span> <span class='ocrx_word' id='word_1_833' title='bbox 2594 4928 2766 4994; x_wconf 79' lang='grc' dir='ltr'>ἀλλος,</span> <span class='ocrx_word' id='word_1_834' title='bbox 2819 4929 3055 4996; x_wconf 78' lang='grc' dir='ltr'>ἠλήθευε,</span> <span class='ocrx_word' id='word_1_835' title='bbox 3099 4928 3349 5003; x_wconf 83' lang='grc' dir='ltr'>Ῥωμαῖον</span> <span class='ocrx_word' id='word_1_836' title='bbox 3403 4931 3587 4984; x_wconf 84' lang='grc' dir='ltr'>ἑαυτὸν</span> <span class='ocrx_word' id='word_1_837' title='bbox 3626 4929 3708 4980; x_wconf 78' lang='grc' dir='ltr'>καὶ</span> <span class='ocrx_word' id='word_1_838' title='bbox 3742 4921 3842 4975; x_wconf 74' lang='grc' dir='ltr'>’ὶενο</span> 
     </span>
    </p>
   </div>
   <div class='ocr_carea' id='block_1_112' title="bbox 2285 5014 3843 5091">
    <p class='ocr_par' dir='ltr' id='par_1_112' title="bbox 2285 5014 3843 5091">
     <span class='ocr_line' id='line_1_113' title="bbox 2285 5014 3843 5091; baseline 0 -22"><span class='ocrx_word' id='word_1_839' title='bbox 2285 5014 2432 5069; x_wconf 87' lang='grc' dir='ltr'>δαῖον</span> <span class='ocrx_word' id='word_1_840' title='bbox 2470 5017 2887 5089; x_wconf 73' lang='grc' dir='ltr'>ἀποφαινόμενος.</span> <span class='ocrx_word' id='word_1_841' title='bbox 2921 5023 2983 5071; x_wconf 89' lang='grc' dir='ltr'>Τί</span> <span class='ocrx_word' id='word_1_842' title='bbox 3026 5014 3132 5081; x_wconf 75' lang='grc' dir='ltr'>οὖν,</span> <span class='ocrx_word' id='word_1_843' title='bbox 3181 5026 3363 5091; x_wconf 76' lang='grc' dir='ltr'>φησὶν,</span> <span class='ocrx_word' id='word_1_844' title='bbox 3398 5020 3498 5072; x_wconf 74' lang='grc' dir='ltr'>οὐκ</span> <span class='ocrx_word' id='word_1_845' title='bbox 3541 5016 3600 5076; x_wconf 72' lang='grc' dir='ltr'>ἦν</span> <span class='ocrx_word' id='word_1_846' title='bbox 3630 5024 3843 5085; x_wconf 72' lang='grc' dir='ltr'>Χριστιίί⁶</span> 
     </span>
    </p>
   </div>
   <div class='ocr_carea' id='block_1_113' title="bbox 2281 5100 3840 5179">
    <p class='ocr_par' dir='ltr' id='par_1_113' title="bbox 2281 5100 3840 5179">
     <span class='ocr_line' id='line_1_114' title="bbox 2281 5100 3840 5179; baseline -0.003 -21"><span class='ocrx_word' id='word_1_847' title='bbox 2281 5112 2401 5173; x_wconf 69' lang='lat' dir='ltr'>voc;</span> <span class='ocrx_word' id='word_1_848' title='bbox 2438 5112 2535 5159; x_wconf 78' lang='grc' dir='ltr'>Καὶ</span> <span class='ocrx_word' id='word_1_849' title='bbox 2582 5106 2813 5178; x_wconf 88' lang='grc' dir='ltr'>μάλιστά</span> <span class='ocrx_word' id='word_1_850' title='bbox 2841 5126 2919 5179; x_wconf 88' lang='grc' dir='ltr'>γε.</span> <span class='ocrx_word' id='word_1_851' title='bbox 2954 5114 3071 5169; x_wconf 86' lang='grc' dir='ltr'>Πῶς</span> <span class='ocrx_word' id='word_1_852' title='bbox 3113 5105 3200 5161; x_wconf 80' lang='grc' dir='ltr'>οὖν</span> <span class='ocrx_word' id='word_1_853' title='bbox 3245 5110 3339 5162; x_wconf 77' lang='grc' dir='ltr'>οὐκ</span> <span class='ocrx_word' id='word_1_854' title='bbox 3371 5109 3550 5163; x_wconf 71' lang='grc' dir='ltr'>ἐκάλει</span> <span class='ocrx_word' id='word_1_855' title='bbox 3587 5105 3747 5159; x_wconf 76' lang='grc' dir='ltr'>ἑαυτὸν</span> <span class='ocrx_word' id='word_1_856' title='bbox 3775 5100 3840 5148; x_wconf 61' lang='grc' dir='ltr'>ιεὶ</span> 
     </span>
    </p>
   </div>
   <div class='ocr_carea' id='block_1_114' title="bbox 2281 5189 3841 5275">
    <p class='ocr_par' dir='ltr' id='par_1_114' title="bbox 2281 5189 3841 5275">
     <span class='ocr_line' id='line_1_115' title="bbox 2281 5189 3841 5275; baseline -0.003 -26"><span class='ocrx_word' id='word_1_857' title='bbox 2281 5201 2447 5267; x_wconf 80' lang='grc' dir='ltr'>τούτῳ</span> <span class='ocrx_word' id='word_1_858' title='bbox 2488 5202 2561 5265; x_wconf 79' lang='grc' dir='ltr'>τῷ</span> <span class='ocrx_word' id='word_1_859' title='bbox 2613 5194 2826 5269; x_wconf 85' lang='grc' dir='ltr'>ὀνόματι</span> <span class='ocrx_word' id='word_1_860' title='bbox 2845 5215 2862 5268; x_wconf 62' lang='grc' dir='ltr'>ς</span> <span class='ocrx_word' id='word_1_861' title='bbox 2893 5197 3146 5250; x_wconf 84' lang='grc' dir='ltr'>Ἐνταῦθα</span> <span class='ocrx_word' id='word_1_862' title='bbox 3187 5202 3434 5275; x_wconf 83' lang='grc' dir='ltr'>περιττὸν</span> <span class='ocrx_word' id='word_1_863' title='bbox 3486 5195 3548 5257; x_wconf 71' lang='grc' dir='ltr'>ἦν</span> <span class='ocrx_word' id='word_1_864' title='bbox 3580 5213 3593 5225; x_wconf 88' lang='grc'><strong>·</strong></span> <span class='ocrx_word' id='word_1_865' title='bbox 3621 5197 3732 5265; x_wconf 66' lang='grc' dir='ltr'>ὑπὲρ</span> <span class='ocrx_word' id='word_1_866' title='bbox 3766 5189 3841 5258; x_wconf 68' lang='grc' dir='ltr'>γὰρ</span> 
     </span>
    </p>
   </div>
   <div class='ocr_carea' id='block_1_115' title="bbox 2282 5276 3840 5358">
    <p class='ocr_par' dir='ltr' id='par_1_115' title="bbox 2282 5276 3840 5358">
     <span class='ocr_line' id='line_1_116' title="bbox 2282 5276 3840 5358; baseline -0.008 -14"><span class='ocrx_word' id='word_1_867' title='bbox 2282 5289 2477 5345; x_wconf 75' lang='grc' dir='ltr'>ταύτης</span> <span class='ocrx_word' id='word_1_868' title='bbox 2525 5292 2619 5347; x_wconf 81' lang='grc' dir='ltr'>τῆς</span> <span class='ocrx_word' id='word_1_869' title='bbox 2674 5288 2956 5358; x_wconf 75' lang='grc' dir='ltr'>θρησκείας</span> <span class='ocrx_word' id='word_1_870' title='bbox 3000 5290 3089 5339; x_wconf 85' lang='lat' dir='ltr'>xui</span> <span class='ocrx_word' id='word_1_871' title='bbox 3148 5295 3241 5350; x_wconf 83' lang='grc' dir='ltr'>τῆς</span> <span class='ocrx_word' id='word_1_872' title='bbox 3290 5287 3535 5348; x_wconf 81' lang='grc' dir='ltr'>κλήσεως</span> <span class='ocrx_word' id='word_1_873' title='bbox 3578 5286 3729 5338; x_wconf 76' lang='grc' dir='ltr'>πάντα</span> <span class='ocrx_word' id='word_1_874' title='bbox 3768 5276 3840 5325; x_wconf 56' lang='grc' dir='ltr'>κί’</span> 
     </span>
    </p>
   </div>
   <div class='ocr_carea' id='block_1_116' title="bbox 1876 5475 2545 5534">
    <p class='ocr_par' dir='ltr' id='par_1_116' title="bbox 1876 5475 2545 5534">
     <span class='ocr_line' id='line_1_117' title="bbox 1876 5475 2545 5534; baseline 0.004 -3"><span class='ocrx_word' id='word_1_875' title='bbox 1876 5475 2104 5531; x_wconf 71' lang='lat' dir='ltr'>VARIzE</span> <span class='ocrx_word' id='word_1_876' title='bbox 2140 5476 2545 5534; x_wconf 85' lang='lat' dir='ltr'>LECTlONES.</span> 
     </span>
    </p>
   </div>
   <div class='ocr_carea' id='block_1_117' title="bbox 609 5658 993 5735">
    <p class='ocr_par' dir='ltr' id='par_1_117' title="bbox 609 5658 993 5735">
     <span class='ocr_line' id='line_1_118' title="bbox 609 5658 993 5735; baseline -0.01 -20"><span class='ocrx_word' id='word_1_877' title='bbox 609 5658 637 5703; x_wconf 67' lang='grc' dir='ltr'>ί(</span> <span class='ocrx_word' id='word_1_878' title='bbox 665 5662 776 5735; x_wconf 79' lang='lat' dir='ltr'>leg.</span> <span class='ocrx_word' id='word_1_879' title='bbox 811 5665 993 5735; x_wconf 74' lang='grc' dir='ltr'>φονῶν,</span> 
     </span>
    </p>
   </div>
  </div>
