4026 6196
149 293 256 354 965

1175 293 1268 352 AD
1310 289 1869 353 AMPHILOCHIUM
1919 293 2243 364 QU/ESTIO
2299 298 2492 359 CCXII

3406 299 3509 362 966

149 441 299 495 σχων
350 424 441 474 xui
499 419 740 488 ίναθλῶν,
797 419 1112 497 διεκαρτέρει
1158 428 1248 476 καὶ
1305 425 1514 497 ἔχαιρεν
1549 438 1562 452 ·
1604 423 1755 480 αὐτὸς

1872 423 2015 478 senti
2041 439 2162 482 non
2193 432 2318 484 erat
2347 443 2538 502 opus;
2571 442 2712 484 nam
2738 429 2980 500 propter
3008 426 3172 484 istud
3197 443 3438 495 nomen,
3465 431 3522 486 et

147 532 203 564 τε
229 509 291 569 ἦν
323 513 347 563 ό
379 506 780 578 διδασκαλίαις,
813 516 904 563 καὶ
940 515 1137 577 πόνοις,
1170 517 1257 565 xui
1301 509 1514 586 ἱδρῶσι,
1545 517 1755 585 πρώτην

147 602 367 654 ἁπασῶν
408 599 601 653 πόλεων
648 604 742 658 τὴν
791 600 1132 673 Ἀντιόχειαν,
1167 610 1229 674 τῇ
1285 610 1384 654 τῶν
1428 607 1756 674 Χριστιανῶν

144 691 332 748 κλήσει
384 693 799 763 παρασκευάσας
845 689 1346 761 ἐγκαλλωπίζεσθαι.
1381 691 1440 744 Εἰ
1484 687 1544 743 δὲ
1587 687 1670 742 δεῖ
1706 709 1758 741 τι

145 784 239 832 καὶ
309 782 544 852 ἱστορίας
614 778 924 846 ἐπακούσαι,
987 779 1190 851 λέγεταί
1268 799 1344 841 τις
1425 780 1495 841 εἰς
1567 778 1758 836 πολλὴν

148 869 487 940 ἀρχαιότητα
534 866 854 941 ἁνηγμένος·
904 872 972 930 ὡς
1016 871 1047 928 ἡ
1089 877 1181 922 τοῦ
1242 875 1478 942 Βενιαμὶν
1521 868 1649 941 φυλὴ
1710 867 1757 918 ἐν

147 958 479 1031 Παλαιστίνῃ
532 959 836 1033 ῥιζωθείσα,
900 964 1062 1032 μέχρι
1113 968 1214 1012 τῶν
1269 968 1361 1021 τῆς
1399 959 1624 1020 Ἰταλίας
1673 977 1758 1030 με·

145 1057 250 1123 ρῶν
299 1053 391 1110 τὰς
444 1047 677 1120 βλάστας
732 1049 1057 1115 ύπεξέτεινεν,
1112 1049 1251 1120 αύτῷ
1308 1053 1442 1121 γένει
1496 1048 1757 1120 Ῥωμαίων

146 1144 239 1190 καὶ
293 1137 428 1208 αὐτῇ
485 1136 653 1209 Ῥώμῃ
712 1143 1045 1212 χαρισαμένη
1105 1142 1302 1210 γένεσίν
1353 1158 1406 1190 τε
1445 1143 1534 1190 καὶ
1577 1142 1756 1209 ονομα.

145 1227 236 1290 Ἐξ
291 1228 360 1278 ὧν
419 1229 444 1279 ό
503 1229 635 1289 θεῖος
687 1228 889 1288 Παῦλος
941 1229 1014 1290 εἰς
1067 1231 1123 1281 1'6
1180 1237 1272 1280 τοῦ
1330 1233 1564 1300 Βενιαμὶν
1629 1229 1759 1298 αἷμα

147 1315 482 1389 ἀναγόμενος,

145 1404 382 1475 ἐγένοντο
434 1408 536 1477 γὰρ
592 1404 840 1476 ἀπόγονοι
891 1414 964 1477 τῷ
1021 1411 1277 1479 Βενιαμὶν,
1335 1406 1478 1458 ἄλλοι
1549 1425 1601 1458 τε
1666 1404 1760 1456 ούκ

563 1315 813 1388 Ῥωμαῖος
898 1315 958 1368 ἆν
1044 1317 1250 1379 εἰκότως
1332 1321 1709 1389 χρηματίσειεν
1740 1333 1752 1345 °

145 1494 337 1565 ὀλίγοι,
387 1493 442 1556 ἐξ
479 1494 547 1545 ὧν
577 1491 812 1567 ”Αραδός
857 1514 912 1547 τε
961 1500 1050 1547 καὶ
1088 1496 1258 1557 πόλεις
1290 1495 1441 1547 ἄλλαι
1469 1499 1558 1547 xui
1583 1503 1760 1567 χῶραι

145 1586 240 1643 τὰς
294 1582 591 1655 ἐπωνυμίας
648 1582 1007 1658 ἐκληρώσαντο
1047 1602 1058 1614 '
1093 1590 1183 1636 xui
1228 1581 1296 1643 δὴ
1351 1589 1440 1636 καὶ
1495 1583 1622 1657 ἀνήρ
1681 1601 1759 1645 τις

147 1671 489 1745 ὅνομαῬῶς,
541 1673 595 1734 ὃς
657 1673 740 1725 ἐπὶ
790 1675 854 1724 τὰ
895 1682 992 1735 τῆς
1039 1673 1263 1736 Ἰταλίας
1311 1678 1440 1749 μέρη
1482 1678 1755 1746 χωρήσας,

1863 510 2018 569 hanc
2043 516 2472 586 professionem
2499 517 2707 573 omnia
2723 517 2864 588 pati,
2895 533 3030 572 cum
3065 518 3348 574 omnibus
3378 534 3520 575 con-

1865 600 2074 660 ﬂictari
2124 606 2348 663 fortiter
2402 607 2790 678 persistebat;
2834 607 3136 677 gaudebat
3193 612 3395 664 autem
3450 624 3519 665 eo

1867 691 2052 759 titulo,
2083 710 2265 766 quem
2296 697 2575 768 princeps
2603 695 3093 752 Antiochensium
3119 696 3322 753 civitas
3357 713 3524 752 usur-

1867 785 2056 851 parat,
2100 788 2157 838 et
2181 784 2474 852 doctrina,
2505 784 2834 851 laboribus,
2875 785 3198 841 sudoribus
3242 801 3528 856 procura-

1864 867 1984 924 bat.
2020 872 2191 935 Quod
2231 873 2280 927 si
2310 873 2586 930 historias
2627 875 2830 929 audire
2861 873 3022 938 libet,
3058 879 3331 931 narratur
3363 891 3524 946 quas-

1867 957 2010 1014 dam
2032 959 2202 1016 valde
2231 962 2482 1034 antiqua
2510 979 2524 1030 ;
2552 965 2712 1035 quod
2743 963 2931 1018 tribus
2969 964 3296 1034 Benjamini
3333 964 3389 1020 in
3421 966 3523 1020 Pa-

1865 1046 2096 1104 laestina
2113 1049 2398 1121 radicata,
2415 1067 2601 1123 usque
2616 1052 2694 1107 ad
2713 1056 2908 1122 partes
2929 1052 3105 1107 italiae
3127 1052 3524 1121 germinando

1869 1151 1930 1191 se
1961 1136 2284 1209 diffuderit,
2323 1142 2469 1196 dum
2495 1146 2550 1197 et
2581 1143 2737 1210 genti
2793 1144 3198 1197 Romanorum
3231 1143 3524 1214 originem

1867 1230 1922 1280 et
1952 1229 2151 1283 Romus
2191 1244 2415 1285 nomen
2454 1235 2509 1286 et
2535 1229 2997 1301 appellationem
3042 1231 3322 1302 impertit.
3360 1231 3524 1286 Unde

1867 1313 2102 1371 divinus
2133 1317 2346 1374 Paulus
2372 1318 2473 1391 qui
2509 1319 2583 1374 de
2622 1318 2722 1374 illa
2753 1318 2907 1374 tribu
2933 1320 3262 1390 Benjamini
3295 1319 3523 1375 deriva-

1866 1403 1971 1460 bat
1996 1407 2373 1477 sanguinem,
2428 1410 2734 1464 Romanus
2775 1425 2882 1464 nec
2914 1409 3134 1479 injuria
3163 1409 3476 1464 dicebatur
3508 1425 3521 1463 :

1867 1492 1942 1548 de
1975 1495 2302 1566 Benjamini
2345 1498 2628 1568 progenie
2661 1497 3182 1564 disseminabatur,
3204 1497 3320 1554 alia
3347 1503 3523 1569 atque

1868 1581 2067 1647 altera,
2098 1601 2130 1638 a
2158 1585 2370 1656 quibus
2397 1587 2644 1653 Aradus,
2673 1586 2920 1656 aliaeque
2947 1587 3124 1642 urbes
3157 1592 3212 1642 et
3265 1587 3396 1642 loca
3423 1602 3526 1642 no-

1871 1673 2271 1730 menclaturas
2312 1675 2749 1742 sortiebantur;
2796 1680 2851 1730 et
2878 1676 3027 1732 inter
3067 1676 3235 1744 alios,
3275 1675 3367 1732 vir
3405 1676 3526 1748 qui-

149 1768 249 1815 xui
302 1761 522 1824 πολλοὺς
582 1761 748 1814 ἐκεῖσε
811 1770 902 1815 τοῦ
958 1768 1249 1836 σπέρματος
1297 1766 1482 1835 φύσας,
1533 1767 1623 1815 καὶ
1675 1761 1759 1814 ἐπὶ

1872 1761 2012 1816 dam
2032 1765 2144 1818 Bos
2170 1763 2385 1830 dictus,
2407 1765 2510 1838 qui
2540 1766 2599 1820 in
2622 1770 2818 1837 partes
2845 1766 3020 1822 italiae
3043 1763 3359 1837 profectus,
3387 1779 3524 1820 cum

143 1856 288 1924 μέγα
345 1848 506 1913 δόξης
551 1856 642 1903 xui
698 1852 884 1923 ἰσχύος
939 1851 1156 1905 ἀνελθὼν
1207 1852 1404 1924 Ῥώμην
1454 1871 1505 1905 τε
1547 1856 1639 1910 τὴν
1675 1851 1760 1903 ἐπ-

146 1946 383 2012 ωνυμίαν
433 1941 589 1993 ἕλκειν
647 1939 700 2003 ἐξ
750 1941 954 2008 ἑαυτοῦ,
1005 1947 1090 1994 καὶ
1163 1946 1222 1994 1'6
1289 1942 1538 2014 Ῥωμαῖον
1595 1946 1756 2012 γένος,

146 2027 318 2082 ἔδωκε
347 2046 360 2059 ⁶
393 2032 486 2090 τὰς
534 2031 637 2103 γὰρ
684 2029 932 2088 Ἑλλήνων
984 2032 1062 2082 ἐπ’
1122 2031 1250 2103 αὐτῇ
1299 2032 1486 2094 αἰτίας,
1541 2031 1703 2093 πολάς
1746 2019 1760 2062 Ῑ

142 2139 204 2171 τε
249 2123 344 2171 καὶ
397 2115 521 2171 οὐδὲ
573 2123 699 2191 πρὸς
755 2118 976 2180 ἀλλήλας
1031 2124 1430 2192 συμφωνούσας,
1490 2123 1537 2173 οἱ
1593 2129 1762 2174 ταῦτα

142 2207 383 2279 λέγοντες
455 2204 568 2260 οὐδ’
644 2206 945 2261 ἀκούουσιν.
986 2208 1044 2261 Ὀ
1096 2215 1266 2262 τοίνυν
1330 2210 1450 2272 Ῥῶς
1505 2210 1760 2282 ἀπόγονος

142 2301 240 2369 μὲν
301 2299 562 2370 ὑπάρχων
630 2305 720 2351 τοῦ
792 2303 1047 2370 Βενιαμὶν,
1097 2307 1344 2372 πρόγονος
1413 2297 1472 2352 δὲ
1529 2301 1756 2367 Παύλου,

145 2387 364 2446 εἰκότως
436 2389 523 2438 τόν
602 2383 771 2461 ἄνδρα
827 2387 1076 2460 Ῥωμαῖον
1140 2388 1411 2461 ἀπέφηνεν,
1472 2388 1523 2452 ἐξ
1600 2389 1760 2442 αὐτοῦ

144 2479 262 2549 μὲν,
317 2480 407 2534 τὴν
460 2483 551 2528 τοῦ
599 2475 926 2551 ποῤῥωτὲρου
979 2481 1156 2548 γένους
1202 2477 1390 2548 αἰτίαν,
1446 2477 1500 2530 ἐκ
1560 2475 1618 2532 δὲ
1671 2487 1761 2531 τοῦ

145 2566 456 2637 Ῥωμαίκοῦ
508 2571 849 2637 συστήματος
898 2570 992 2624 τὴν
1039 2569 1294 2639 ἐγγυτέρω
1332 2571 1570 2641 φέροντα.
1627 2568 1759 2621 Ἀλλ’

145 2655 286 2712 αὕτη
341 2657 431 2726 μὲν
479 2656 510 2712 ἠ
565 2657 785 2728 ἱστορία,
836 2651 969 2715 ἡδὺς
1024 2658 1114 2727 μεν
1154 2655 1376 2707 ἀκοῦσαι
1405 2661 1495 2707 καὶ
1539 2656 1759 2729 ἐπαφρό-

148 2741 319 2809 διτος,
353 2743 412 2795 ού
445 2749 547 2816 μην
577 2762 634 2815 γε
685 2747 814 2816 μετὰ
864 2751 956 2796 τοῦ
985 2749 1279 2818 χαρίεντος,
1335 2749 1424 2796 καὶ
1470 2749 1562 2803 τὴν
1601 2748 1762 2798 πειθώ

146 2832 477 2905 ἐπιφέρουσα
511 2849 524 2862 ·
560 2831 750 2884 πολλοῦ
798 2835 899 2907 γὰρ
947 2831 1006 2884 ἂν
1059 2835 1218 2904 ἔγωγε
1236 2842 1330 2893 τῆς
1375 2831 1622 2906 ἁπαρχῆς
1662 2833 1761 2887 ἀπο

147 2918 443 2993 δεδομένης
490 2941 580 2993 μοι
636 2921 810 2982 αἰτίας
856 2924 1047 2980 ταύτην
1094 2922 1366 2997 προέταξα,
1420 2922 1462 2974 εἰ
1519 2927 1588 2994 μὴ
1648 2923 1762 2975 λίαν

148 3010 364 3083 ἀρχαία
411 3029 465 3062 τε
518 3007 578 3068 ἦν
626 3015 714 3062 καὶ
760 3010 1048 3084 πολιωτέρα
1090 3011 1120 3070 ἣ
1170 3014 1526 3075 πιστεύεσθαι,
1556 3012 1614 3064 ού
1654 3020 1764 3073 τοῖς

145 3108 242 3151 νῦν
295 3104 473 3172 μόνον,
526 3099 653 3152 ἀλλὰ
707 3105 796 3152 xui
837 3107 946 3162 τοῖς
994 3105 1108 3153 τότε
1147 3099 1456 3175 ἀνθρώποις,
1493 3108 1582 3154 καὶ
1613 3099 1762 3154 οὐδὲν
1800 3129 1842 3188 C

148 3188 415 3260 ἐχέγγυον
457 3192 660 3261 ἔχουσα
705 3193 834 3262 πρός
888 3194 947 3241 τό
1006 3189 1268 3252 ἐξελέσθαι
1311 3190 1511 3244 Παῦλον
1541 3199 1632 3244 τοῦ
1675 3195 1762 3244 τύ-

145 3280 403 3330 πτεσθαι.
457 3280 666 3338 Τούτοις
715 3275 802 3329 οὖν
853 3274 1113 3341 διαλύσας
1169 3298 1262 3331 σου
1314 3283 1403 3340 τὰς
1437 3280 1594 3341 καλὰς
1633 3279 1761 3333 ἀπο-

148 3371 270 3439 ρίας
302 3365 486 3436 (καλαὶ
515 3369 637 3439 γὰρ,
684 3368 764 3418 ὃτι
795 3366 895 3419 ἀπό
942 3368 1106 3430 καλῆς
1135 3374 1224 3420 καὶ
1255 3369 1528 3441 φιλοπόνου
1558 3375 1766 3442 γνώμης

146 3461 241 3508 καὶ
283 3454 526 3527 φιλοθέου
581 3455 984 3528 βλαστάνουσι),
1017 3463 1108 3510 καὶ
1139 3462 1181 3510 εἴ
1207 3478 1258 3511 τι
1287 3459 1409 3511 ἄλλο
1461 3479 1544 3512 σοι
1591 3479 1762 3534 παρα-

149 3553 278 3616 στῇ,
340 3544 544 3619 θαῤῥῶν
601 3546 705 3618 ούχ
757 3548 882 3618 ἡμίν
936 3546 1065 3599 ἀλλά
1121 3548 1306 3620 Παύλῳ
1359 3555 1448 3602 καὶ
1500 3557 1571 3620 τῷ
1611 3559 1764 3622 κοινῷ

148 3631 476 3706 διδασκάλῳ
529 3635 733 3687 Παύλου
791 3642 880 3688 καὶ
940 3638 1085 3708 ἡμῶν
1143 3645 1358 3712 Χριστῷ
1415 3647 1487 3711 τῷ
1538 3637 1762 3710 ἀληθινῷ

148 3732 269 3796 Θεῷ
301 3725 454 3795 ἡμῶν
486 3723 732 3799 ἐπερώτα,
756 3731 845 3778 καὶ
876 3725 1093 3801 ἔῤῥωσο.

723 3926 1037 3975 ΕΡΩΤΗΣΙΣ
1078 3921 1209 3978 ΣΙΒ’.

328 4016 426 4062 Δια
454 4013 505 4062 τί
534 4012 590 4061 τὸ
617 4014 995 4083 καταπέτασμα
1023 4019 1116 4063 τοῦ
1145 4019 1269 4062 ναοῦ
1301 4009 1528 4083 ἐσχίσθη
1566 4029 1578 4080 ;

626 4126 778 4176 Edita
807 4140 839 4176 a
868 4127 1196 4177 Montacutio
1227 4129 1330 4191 (ep.
1363 4129 1466 4188 125,
1495 4128 1560 4178 ad
1593 4129 1768 4193 lgnat.
1795 4145 1847 4194 p.

217 4215 504 4287 Ῥήγνυται
560 4219 615 4267 τό
682 4221 1062 4290 καταπέτασμα
1129 4225 1220 4269 τού
1278 4225 1422 4284 ναοῦ,
1483 4217 1613 4289 ξύλῳ
1668 4227 1759 4270 τοῦ

139 4310 420 4358 Δεσπότου
469 4309 808 4378 κρεμαμένου,
864 4301 958 4358 διὰ
998 4305 1205 4374 πολλὰς,
1251 4303 1415 4377 οἶμαι,
1450 4309 1540 4365 τὰς
1569 4306 1758 4368 αἰτίας.

138 4401 219 4449 T6
259 4398 358 4467 μὲν
393 4396 502 4467 ⁴γαρ
553 4398 645 4452 τὴν
692 4403 813 4466 γῆν,
842 4396 956 4446 κατ’
1002 4394 1160 4448 ἐκεῖνο
1191 4399 1249 4448 τό
1298 4400 1546 4465 σωτήριον
1576 4398 1760 4466 πάθος,

136 4485 318 4555 κλόνῳ
363 4487 456 4535 καὶ
505 4487 697 4555 τρόμῳ,
755 4492 946 4558 μικροῦ
987 4481 1094 4537 δεῖν
1137 4487 1642 4557 συγκατενεχθῆναι,
1669 4482 1760 4538 δυ-

137 4577 305 4625 νατόν
340 4570 456 4624 ἐστι
509 4578 616 4632 τοῖς
668 4571 1027 4645 ἁγνωμονοῦσι
1073 4579 1162 4626 καὶ
1217 4575 1288 4635 εἰς
1339 4577 1402 4625 1'6.
1431 4576 1566 4626 κατὰ
1610 4577 1764 4646 φύσιν

1871 1851 2092 1906 multos
2116 1852 2190 1908 de
2215 1855 2439 1910 semine
2470 1872 2579 1910 suo
2608 1860 2999 1927 procreasset,
3025 1861 3080 1910 et
3108 1871 3393 1925 magnam
3415 1854 3530 1910 exi-

1872 1941 2274 1998 stimationem
2315 1944 2764 2016 potentiamque
2795 1949 3150 2000 consecutus
3207 1949 3378 2008 esset,
3413 1947 3529 1999 Ro-

1872 2045 2035 2084 mam
2057 2030 2221 2086 abeo
2237 2033 2688 2089 denominatam
2707 2033 2890 2100 dedit,
2923 2037 2979 2088 et
3016 2036 3354 2089 Romanum
3375 2047 3530 2104 quo-

1871 2134 1989 2190 que
2016 2135 2206 2188 genus
2237 2127 2610 2191 procreatum
2664 2139 2676 2177 :
2712 2123 3052 2178 Graecorum
3080 2122 3239 2177 enim
3294 2125 3529 2177 senten-

1870 2207 2000 2272 tias,
2042 2223 2173 2279 quae
2213 2210 2488 2280 plurimae
2519 2218 2650 2267 sunt
2681 2217 2736 2268 et
2791 2211 3231 2278 diversissimae,
3290 2211 3370 2266 illi
3423 2210 3527 2284 qui

1868 2295 2028 2351 hanc
2052 2297 2364 2354 historiam
2404 2305 2666 2366 narrant,
2699 2317 2818 2356 non
2854 2301 3188 2357 admittunt.
3240 2301 3528 2366 Quocirca

1871 2387 1985 2440 Bos
2034 2386 2366 2457 Benjamini
2429 2389 2764 2459 progenies,
2825 2389 2976 2445 inter
3043 2390 3303 2460 majores
3338 2388 3524 2454 Pauli,

1869 2480 2026 2530 recte
2049 2475 2213 2530 illum
2249 2478 2586 2533 Romanum
2620 2494 2746 2534 esse
2767 2479 2960 2544 docet,
3009 2484 3064 2535 et
3094 2479 3386 2549 originem
3427 2493 3528 2534 an-

1871 2563 2094 2635 tiquam
2120 2565 2434 2636 imprimis,
2463 2566 2747 2640 deinceps
2763 2568 3062 2624 civitatem
3094 2568 3299 2624 datam
3331 2567 3530 2638 largiri

1872 2653 2130 2708 titulum.
2162 2657 2373 2710 Verum
2407 2656 2684 2727 jucunda
2711 2663 2953 2713 narratu
2980 2661 3064 2712 est
3093 2657 3223 2712 haec
3262 2655 3524 2722 historia,

1872 2742 1977 2797 sed
2007 2759 2128 2798 non
2185 2744 2431 2814 perinde
2472 2747 2812 2817 persuadet,
2843 2751 3020 2818 atque
3044 2745 3298 2801 delectat
3321 2763 3338 2815 ;
3373 2749 3528 2800 certe

1872 2846 1984 2900 ego
2005 2832 2296 2903 imprimis
2318 2834 2472 2889 hanc
2499 2850 2747 2890 causam
2771 2850 3267 2890 annumerassem
3301 2833 3370 2888 iis
3391 2849 3527 2905 quas

1874 2922 2160 2992 praemisi,
2193 2923 2240 2977 si
2271 2939 2390 2978 non
2425 2925 2575 2979 adeo
2624 2925 2887 2996 antiqua,
2919 2929 2973 2979 et
3027 2923 3242 2979 canitie
3282 2938 3529 2994 aspersa

1875 3011 2020 3065 foret
2047 3010 2312 3079 historia,
2338 3016 2402 3068 ut
2426 3011 2606 3067 ﬁdem
2639 3017 2872 3083 superet
2901 3028 2913 3078 ;
2943 3027 3050 3066 nec
3076 3011 3238 3082 apud
3263 3027 3373 3066 nos
3400 3017 3528 3066 tan-

1873 3103 2000 3154 tum
2027 3098 2131 3172 qui
2165 3116 2323 3155 nunc
2354 3101 2629 3165 vivimus,
2666 3103 2769 3156 sed
2792 3107 2846 3156 et
2877 3101 3040 3173 apud
3069 3100 3202 3156 illos
3235 3100 3528 3172 antiquio-

1873 3204 1984 3258 res,
2029 3204 2222 3260 neque
2250 3205 2607 3262 sponsorem
2640 3190 2884 3257 invenit,
2917 3190 3021 3262 qui
3060 3189 3134 3245 de
3167 3190 3407 3246 veritate
3430 3189 3529 3244 sti-

1873 3279 2198 3350 pularetur,
2240 3279 2491 3335 Paulum
2549 3279 2681 3334 inde
2715 3295 2749 3335 a
2781 3279 2972 3351 plagis
3023 3283 3368 3351 exemptum
3431 3278 3530 3334 iri-

1871 3371 2060 3439 Atque
2085 3368 2166 3424 ita
2185 3384 2324 3423 cum
2355 3368 2765 3439 responderim
2794 3367 3092 3440 praeclaris
3112 3367 3226 3422 tuis
3248 3366 3504 3437 objectio

1873 3457 2048 3512 nibus
2078 3458 2254 3529 (certe
2295 3456 2612 3528 praeclarae,
2655 3457 2814 3530 quod
2844 3456 3121 3528 profectas
3148 3456 3225 3512 ab
3257 3460 3524 3522 honesto,

1872 3546 2157 3616 diligenti,
2177 3550 2235 3602 et
2259 3546 2440 3602 Deum
2468 3551 2706 3603 amante
2731 3547 2976 3618 animo),
3002 3546 3050 3600 si
3070 3545 3169 3600 tibi
3202 3545 3348 3618 quid
3364 3544 3528 3602 aliud

1871 3636 2481 3700 occurral,confidens
2523 3652 2642 3692 non
2677 3635 2842 3703 mihi,
2875 3635 2981 3691 sed
3021 3635 3222 3706 Paulo,
3269 3641 3322 3690 et
3368 3649 3529 3691 com-

1870 3725 2040 3782 muni
2079 3726 2426 3797 praeceptori
2457 3743 2593 3781 cum
2634 3730 2859 3792 nostro,
2907 3730 3030 3781 tum
3060 3723 3241 3794 Pauli,
3277 3723 3524 3791 Christo,

1872 3833 2010 3872 vero
2050 3817 2189 3882 Deo,
2218 3817 2542 3885 interroga,
2576 3822 2630 3872 et
2653 3816 2806 3872 vale.

1873 3925 2189 3990 QU/ESTIO
2223 3924 2399 3979 CCXII
2444 3922 2648 3995 [CoisL
2703 3923 2918 3978 CCXLI.
2976 3924 3156 3978 Taur.
3215 3923 3526 3996 CCXXXII].

2194 4015 2318 4070 Cur
2342 4013 2534 4069 velum
2567 4012 2761 4082 templi
2789 4012 3024 4068 scissum
3066 4011 3194 4068 est?

1882 4131 2010 4190 164).
2035 4154 2097 4165 ——
2125 4126 2307 4177 Matth.
2341 4141 2500 4183 xxvu,
2529 4129 2583 4175 51
2615 4127 2778 4184 ;Luc.
2810 4139 2954 4183 xxm,
2987 4128 3064 4174 45.

1944 4217 2311 4289 Dirumpitur
2365 4215 2560 4271 velum
2606 4216 2828 4288 templi,
2870 4215 3158 4272 Dominus
3198 4215 3257 4270 in
3297 4213 3529 4285 lignum

1874 4325 2012 4364 cum
2041 4305 2432 4370 attolleretur;
2458 4306 2633 4377 idque
2662 4306 2863 4378 plures
2883 4322 3016 4362 reor
3033 4311 3273 4378 propter
3290 4320 3529 4362 causas.

1873 4399 2068 4464 Terra,
2093 4413 2230 4451 cum
2259 4401 2556 4467 pateretur
2596 4395 2886 4462 Salvator,
2937 4395 3316 4450 succussione
3347 4399 3403 4450 et
3424 4398 3532 4449 tre-

1875 4503 2042 4543 more
2072 4487 2147 4541 de
2173 4485 2299 4540 loco
2332 4484 2555 4540 moveri
2587 4484 2849 4556 potuisse
2880 4483 3211 4539 concedant
3239 4483 3416 4538 etiam
3445 4483 3533 4539 in-

1874 4574 2210 4646 ﬁdeles,qui
2225 4573 2282 4627 in
2302 4579 2580 4628 naturam
2593 4573 2884 4629 reducunt
2898 4571 3528 4628 elementorumlabes:

136 4667 301 4735 ἄγειν
355 4669 454 4713 τῶν
515 4666 790 4733 στοιχείων
844 4665 988 4721 πάθη
1022 4681 1032 4693 ·
1069 4667 1126 4715 τό
1181 4661 1238 4716 δὲ
1271 4663 1495 4738 ῥαγῆναι
1540 4667 1760 4716 καταπέ-

1873 4673 1932 4722 at
1950 4664 2147 4720 velum
2176 4667 2235 4718 ut
2257 4661 2711 4728 discinderetur,
2739 4678 2878 4718 cum
2901 4678 2936 4718 a
2962 4661 3201 4717 nulloin
3227 4661 3532 4717 diversum

135 4771 362 4824 τασμα,
412 4746 637 4822 μηδενός
707 4750 938 4822 μάλιστα
996 4749 1347 4820 διασπῶντος,
1409 4751 1507 4805 ἀπὸ
1574 4754 1764 4806 ἄνωθεν

135 4844 251 4901 ἕως
308 4842 474 4904 κάτω,
537 4845 668 4910 μήτε
726 4845 866 4914 πρὶν,
916 4845 1048 4914 μήτε
1094 4845 1225 4914 μετὰ
1251 4849 1417 4893 ταῦτα
1447 4845 1600 4914 φύσιν
1642 4845 1764 4913 ἔχον

137 4929 574 4996 ἐπιτελεσθῆναι,
635 4925 882 5001 οὐδεμίαν
930 4929 1271 5004 ἀναχώρησιν
1334 4927 1580 4994 δίδωσιν,
1643 4928 1765 4983 οὐδὲ

135 5028 268 5084 τοῖς
325 5020 441 5072 λίαν
495 5028 876 5094 κακουργοῦσι,
933 5024 989 5072 τό
1041 5025 1112 5094 μὴ
1161 5021 1287 5093 οὐχὶ
1334 5023 1606 5093 θεομηνίαν
1639 5019 1766 5073 εἶναι

133 5117 212 5165 τὸ
246 5115 414 5183 τέρας,
472 5114 562 5160 καὶ
620 5118 716 5171 τῆς
768 5105 1064 5170 Ἰουδαῑκῆς
1114 5116 1414 5182 μιαιφονίας
1463 5110 1767 5186 ἀπαράγρα-

130 5219 284 5253 πτον
333 5199 551 5270 ἔλεγχον
597 5202 655 5250 τό
711 5203 1061 5271 γεγενημένον.
1095 5205 1339 5274 Δευτέραν
1384 5197 1434 5251 δ’
1484 5201 1545 5250 οἶν
1583 5220 1659 5260 τις
1690 5199 1767 5251 αἰ-

132 5293 272 5341 τίαν
325 5284 582 5354 ἀποδοίη,
650 5287 904 5360 σύμϐολον
960 5288 1086 5340 αύτό
1133 5294 1223 5341 καὶ
1271 5293 1589 5364 προμὴνυμα
1636 5293 1768 5360 γενέ-

137 5379 286 5432 σθαι
341 5377 524 5450 λέγων,
579 5385 670 5439 τῆς
698 5377 811 5451 μεθ’
868 5379 968 5432 ὅσα
1020 5381 1107 5437 ἔτη
1168 5386 1539 5454 καταστροφῆς
1577 5398 1633 5430 τε
1679 5383 1769 5431 xui

1873 4753 2376 4816 distraheretur,a
2402 4768 2640 4808 summo
2670 4767 2856 4824 usque
2888 4751 2964 4807 ad
2986 4750 3196 4818 imum,
3229 4751 3392 4822 quod
3424 4765 3535 4805 nec

1874 4844 2036 4916 prius
2059 4857 2166 4897 nec
2184 4841 2465 4912 deinceps
2492 4840 2717 4896 factum
2741 4841 2865 4906 fuit,
2897 4857 3001 4895 nec
3021 4841 3098 4895 ad
3129 4840 3189 4894 id
3222 4856 3320 4911 per
3350 4839 3532 4895 ullam

1876 4930 2204 4988 naturalem
2236 4929 2698 5002 propensionem
2727 4929 2991 4997 inclinat,
3037 4945 3109 4983 ne
3148 4928 3394 5000 quidem
3429 4928 3538 4984 im-

1875 5019 2251 5093 probissimis
2273 5018 2568 5090 refugium
2591 5018 2882 5088 concedit,
2914 5024 2976 5074 ut
3019 5018 3382 5081 cavillentur,
3414 5034 3538 5074 non

1877 5110 2063 5165 fmsse
2095 5110 2206 5164 hoc
2239 5109 2577 5179 prodigium
2610 5126 2645 5162 a
2670 5107 2871 5162 divino
2902 5107 3096 5163 furore
3128 5123 3270 5179 erga
3299 5107 3540 5162 Judaeos

1878 5198 2232 5271 profectum,
2268 5202 2330 5252 ut
2357 5203 2510 5252 esset
2540 5196 2596 5250 id
2625 5200 2830 5251 contra
2861 5195 3130 5268 ipsorum
3152 5197 3539 5252 homicidium

1879 5285 2214 5343 indelebilis
2230 5284 2543 5341 convictio.
2573 5285 2913 5341 Secundam
2947 5286 3261 5355 assignare
3292 5300 3539 5340 causam

1881 5377 2033 5441 licet,
2063 5380 2121 5431 et
2141 5375 2336 5431 dicere
2362 5375 2708 5447 symbolum
2730 5381 2785 5431 et
2813 5374 3416 5447 praedesignationem
3446 5387 3543 5428 ex-

1515 5539 1756 5595 VARl/E
1796 5536 2088 5594 LECTION
2098 5537 2195 5590 ES.

234 5692 248 5735 Ι
283 5691 362 5747 ia.
397 5689 617 5756 πολλάς.
