4026 6196
574 320 677 380 967

1805 307 2047 373 PHOTII
2088 313 2571 374 PATRIARCHIE
2608 320 2713 376 CP.

3767 318 3839 375 968

572 446 785 503 stitisse
837 442 995 499 illius
1041 440 1249 507 ruina,
1293 440 1688 498 subversionis
1717 446 1775 499 et
1810 443 2222 509 desolationis,

2333 443 2692 517 ἐξερημώσεως
2758 451 2848 497 τοῦ
2905 462 2959 497 τε
3013 443 3336 516 περιωνύμου
3384 447 3522 505 ναοῦ,
3566 444 3645 493 καὶ
3697 451 3769 493 τῶν
3808 444 3839 495 ἄν

571 552 706 608 qua:
735 550 854 590 non
897 536 1029 603 post
1055 530 1275 586 multos
1306 546 1497 587 annos
1520 531 2053 588 celebratissimum
2080 531 2226 587 illud

570 623 880 695 templum,
916 626 972 676 et
1002 636 1137 693 qua:
1165 620 1223 675 in
1256 621 1479 692 templo
1501 626 1669 677 erant
1708 638 1881 678 sacra
1910 622 2222 686 solemnia,

570 716 735 783 orgia
786 710 1058 776 Judaica,
1119 709 1517 781 sequebatur;
1548 727 1806 782 quorum
1835 727 2057 781 magna
2084 726 2226 782 pars

568 818 800 857 summo
838 799 1040 855 studio
1068 798 1223 854 intra
1256 799 1454 854 velum
1481 799 1624 854 illud
1666 800 1961 856 celebrata
1991 815 2226 873 perage-

566 892 807 958 bantur,
840 894 903 945 ut
936 888 1156 943 nemini
1180 904 1211 943 e
1232 888 1578 959 promiscua
1609 889 1984 944 multitudine
2027 904 2226 944 cerne-

566 983 805 1047 rentur;
840 984 1018 1050 atque
1068 976 1199 1032 ideo
1261 977 1693 1033 extendebatur
1732 978 1874 1033 illud
1911 977 2126 1041 velum,
2162 982 2227 1032 ut

566 1068 911 1126 veneranda
935 1066 1033 1123 illa
1064 1066 1339 1137 mysteria
1378 1083 1413 1121 a
1446 1066 1602 1136 vulgi
1630 1068 1817 1123 oculis
1846 1072 2074 1122 remota
2128 1083 2226 1121 cu-

567 1159 949 1226 stodirentur,
971 1162 1025 1213 et
1052 1156 1192 1210 solis
1208 1156 1471 1211 videnda
1492 1160 1760 1227 paterent
1781 1155 2188 1212 sacerdotibus
2210 1173 2221 1211 :

564 1247 696 1304 velo
736 1251 933 1302 autem
969 1245 1228 1317 dirupto,
1272 1246 1532 1315 patuisse
1564 1261 1635 1300 ea
1682 1246 1956 1301 omnium
2015 1243 2223 1311 oculis,

565 1336 795 1393 clarum
821 1339 930 1399 est,
960 1339 1015 1389 et
1044 1333 1207 1405 quod
1242 1337 1384 1389 tunc
1414 1334 1762 1389 communia
1792 1333 1947 1389 facta
1988 1333 2221 1397 fuerint,

565 1442 699 1498 quae
732 1440 921 1495 usque
952 1439 1022 1478 eo
1052 1427 1258 1477 sancta
1296 1428 1353 1477 et
1384 1439 1554 1478 sacra
1584 1422 1840 1487 fuerunt,
1862 1422 1921 1477 in
1953 1422 2225 1477 omnium

565 1514 860 1586 producta
916 1517 1302 1583 conspectum
1344 1516 1401 1566 et
1440 1512 2036 1582 profanationem;et
2099 1510 2227 1566 haec

564 1603 737 1675 quasi
768 1601 1056 1673 prowmia
1091 1600 1234 1671 ipsis
1273 1600 1647 1668 contigerunt
1674 1600 2027 1655 universalis
2068 1599 2225 1654 illius

565 1691 935 1753 sublationis,
969 1705 1104 1759 quae
1135 1688 1294 1756 leges
1333 1688 1624 1759 ipsorum,
1647 1693 1704 1743 et
1724 1688 1973 1759 legalem
1996 1688 2223 1743 cultum

564 1794 796 1834 cessare
824 1778 954 1832 fecit
990 1778 1049 1831 in
1081 1782 1389 1831 aeternum.
1437 1778 1549 1832 Sed
1589 1783 1644 1832 et
1694 1777 1926 1833 tertiam
1981 1793 2226 1849 quoque

564 1868 853 1923 rationem
870 1867 1175 1921 advertere
1200 1866 1349 1931 licet,
1383 1882 1518 1938 qum
1549 1882 1688 1921 cum
1716 1867 2015 1921 contraria
2034 1866 2226 1922 videa-

563 1962 655 2012 tur
680 1955 1047 2027 praacedenti,
1074 1956 1151 2011 ab
1178 1955 1275 2010 illa
1314 1961 1514 2010 tamen
1548 1972 1726 2010 suum
1756 1961 1952 2011 ortum
1987 1956 2227 2011 sortitur

565 2050 623 2102 et
645 2045 957 2115 originem.
984 2046 1269 2109 Quaenam
1286 2043 1387 2099 illa
1418 2043 1658 2100 autem?
1681 2044 1970 2099 Nimirum
1987 2044 2227 2099 Judaao-

564 2150 698 2190 rum
718 2136 793 2189 de
822 2134 940 2189 Deo
978 2133 1260 2203 cognitio,
1318 2138 1373 2188 et
1431 2132 1653 2203 cogniti
1700 2133 1960 2188 numinis
2009 2132 2220 2202 cultus,

564 2224 879 2280 conclusus
909 2228 1031 2279 erat
1058 2222 1188 2278 loco
1220 2222 1691 2293 circumscripto,
1730 2223 1845 2278 hoc
1881 2228 1968 2278 est
2008 2223 2226 2278 Iudaeae

563 2313 785 2368 ﬁnibus
807 2316 863 2367 et
883 2311 1324 2381 Hierosolymis,
1348 2328 1481 2384 quae
1498 2318 1697 2367 tamen
1719 2312 1920 2367 omnia
1945 2316 2227 2384 typorum

565 2407 621 2456 et
669 2400 1275 2472 praedesignationum
1338 2400 1539 2467 gratiae
1600 2400 1799 2455 locum
1854 2400 2224 2455 oblinebant.

566 2489 870 2554 Quocirca,
897 2504 1032 2543 cum
1073 2489 1134 2543 in
1165 2493 1489 2557 angustum
1523 2488 1803 2544 conclusa
1842 2488 1937 2543 illa
1967 2490 2227 2558 cognitio

565 2582 623 2632 et
652 2577 748 2631 Dei
771 2576 983 2643 cultus,
1026 2592 1256 2632 cessare
1287 2582 1648 2646 oporterent,
1682 2578 1778 2632 illa
1806 2584 2005 2633 autem
2048 2578 2228 2633 latria

567 2680 703 2738 quae
734 2680 839 2737 per
867 2665 1061 2721 crucis
1109 2664 1454 2736 passionem
1490 2666 1813 2721 Servatoris
1844 2672 1969 2721 erat
2005 2666 2228 2736 patefa-

568 2753 802 2818 cienda,
833 2758 889 2809 et
920 2768 1108 2825 usque
1140 2753 1217 2809 ad
1248 2752 1533 2808 terminos
1550 2753 1713 2809 orbis
1753 2754 2223 2822 disseminanda,

568 2848 626 2898 et
653 2844 713 2898 in
742 2858 950 2899 eorum
967 2844 1155 2898 vicem
1181 2842 1734 2899 subintroducenda
1768 2843 1883 2909 ;ob
1916 2859 2049 2899 eam
2091 2861 2228 2900 cau-

570 2948 701 2988 sam
741 2931 1098 3004 dirumpitur
1132 2931 1268 2997 hoc,
1324 2931 1480 2986 velut
1510 2932 1683 2987 fronti
1712 2933 2222 3002 superinductum,

568 3022 790 3087 velum,
820 3038 924 3094 per
943 3022 1109 3093 quod
1143 3023 1354 3078 Sancta
1377 3020 1474 3076 illa
1500 3026 1861 3091 sanctorum,
1885 3022 1945 3077 in
1967 3022 2228 3078 obscuro

569 3118 625 3168 et
652 3113 870 3167 intacto
899 3111 1031 3167 loco
1062 3110 1576 3166 concludebantur
1604 3127 1616 3165 :
1654 3111 1735 3167 ita
1764 3116 1824 3167 ut
1847 3117 2077 3167 tantum
2110 3127 2226 3166 non

570 3201 729 3257 clara
741 3217 882 3256 voce
902 3201 1306 3271 pronuntietur
1326 3216 1428 3270 per
1444 3199 1577 3272 ipsa
1598 3201 2002 3272 opera,Venite
2018 3216 2227 3256 omnes

568 3305 679 3345 vos
707 3289 784 3344 ad
816 3288 1074 3344 videnda
1098 3288 1440 3353 invisibilia,
1490 3289 1568 3344 ad
1626 3288 1895 3344 divinum
1949 3288 2227 3344 intuitum

571 3382 630 3433 et
659 3378 1077 3447 cognitionem,
1112 3393 1219 3432 nec
1251 3378 1448 3433 adhuc
1482 3384 1543 3432 ut
1572 3378 1709 3433 olim
1756 3385 1919 3450 parte
1960 3379 2227 3451 quadam

570 3466 733 3521 orbis
754 3471 918 3522 terrae
940 3470 996 3520 et
1019 3482 1135 3521 una
1157 3467 1396 3521 natione
1428 3482 1545 3521 non
1562 3467 1641 3521 ita
1666 3484 2007 3537 numerosa,
2037 3468 2228 3523 cultus

571 3554 812 3610 divinus
836 3553 1236 3618 concludetur,
1270 3554 1373 3608 sed
1406 3560 1609 3623 gentes
1639 3556 1952 3619 universae,
1995 3557 2225 3612 termini

572 3649 737 3699 terrae
765 3642 875 3697 illis
906 3643 1169 3697 fruentur
1206 3643 1407 3707 libere,
1468 3660 1603 3715 quae
1663 3644 1829 3699 adiri.
1857 3661 1964 3700 nec
2022 3646 2226 3702 accedi

572 3748 608 3787 a
644 3730 861 3787 Iudaeis
884 3730 1025 3801 ipsis
1056 3736 1347 3801 poterant.
1371 3736 1438 3787 At
1469 3737 1531 3786 tu
1552 3731 1688 3787 hinc
1720 3732 1960 3788 ulterius
1989 3750 2229 3805 progre-

571 3822 732 3887 dere,
755 3826 811 3876 et
834 3820 1071 3876 adverte
1095 3820 1205 3874 ista
1242 3836 1253 3874 :
1285 3836 1445 3887 arca,
1478 3826 1533 3876 et
1583 3838 1717 3894 quae
1776 3823 2228 3878 continebantur

569 3910 631 3965 in
669 3926 810 3966 arca
838 3909 897 3964 in
926 3914 1128 3979 typum
1159 3908 1284 3964 coeli
1309 3910 1622 3977 cedebant,
1647 3917 1703 3967 et
1725 3928 1924 3967 eorum
1952 3928 2085 3984 quas
2114 3912 2226 3967 sub

571 3999 718 4056 coelo
749 4003 885 4054 sunt
918 4016 930 4052 :
966 4022 993 4049 (ι
1036 3998 1197 4063 Vide,
1238 3998 1398 4054 enim
1431 3999 1645 4072 inquit,
1684 4006 1745 4057 ut
1802 4000 1988 4056 facias
2022 4000 2227 4057 omnia

562 4093 737 4161 juxta
757 4088 1014 4158 ﬁguram
1040 4104 1173 4159 quae
1205 4087 1306 4143 tibi
1332 4089 1837 4145 ostendebaturin
1862 4095 2061 4146 monte
2094 4091 2160 4143 ⁵⁷.
2194 4110 2223 4143 ››

569 4180 702 4235 Hmc
736 4178 869 4251 ipsa
896 4183 1022 4233 arta
1054 4192 1172 4232 una
1216 4193 1351 4232 cum
1380 4176 1508 4232 aliis
1556 4178 1879 4243 occultatis,
1915 4179 1975 4234 in
2000 4179 2226 4251 templo

571 4266 1073 4331 abscondebatur,
1106 4265 1232 4320 velo
1266 4265 1599 4321 interducto
1627 4266 2100 4340 exclusa,neque
2132 4284 2227 4324 ac-

570 4373 773 4413 cessus
786 4356 1066 4427 cuiquam
1087 4360 1485 4426 prreterquam
1506 4356 1915 4411 sacerdotibus
1930 4357 2227 4428 permitte-

568 4446 763 4502 batur.
802 4443 1149 4500 Declarabat
1176 4444 1353 4507 istud,
1388 4448 1444 4499 et
1472 4444 2146 4501 delineabatascensum
2165 4446 2226 4501 in

569 4535 752 4591 caelos
768 4533 1115 4590 hominibus
1136 4532 1488 4603 impervium
1511 4533 1873 4589 custoditum
1895 4535 2098 4599 fuisse,
2120 4552 2228 4592 nec

569 4639 940 4697 quemquam
974 4639 1043 4678 ex
1076 4621 1144 4676 iis
1174 4622 1270 4693 qui
1292 4622 1497 4691 legalis
1522 4623 1714 4679 cultus
1757 4629 2074 4680 sectatores
2108 4626 2230 4681 fue-

569 4718 703 4769 rant
724 4713 798 4768 ad
823 4713 977 4767 hanc
995 4710 1343 4781 dignitatem
1365 4710 1534 4766 fuisse
1566 4712 1912 4767 admissum.
1941 4714 2229 4779 Quocirca

568 4802 865 4875 rumpitur
881 4801 995 4857 hoc
1012 4801 1387 4857 obstaculum
1410 4802 1682 4857 crucifixo
1725 4805 1992 4868 Domino,
2012 4808 2069 4857 et
2086 4804 2229 4861 tuba

3607 549 3616 559 ⁸
3654 552 3707 581 ων
3752 552 3844 601 μίγα

2334 642 2386 674 τε
2432 629 2521 675 καὶ
2546 620 2641 675 διὰ
2685 618 2944 687 σπουδῆς,
2977 626 3035 674 τὸ
3084 617 3272 692 μηδενὶ
3317 628 3414 670 τῶν
3445 618 3641 683 πολλῶν,
3668 623 3722 670 τὰ
3743 618 3842 671 ἔνδον

2334 534 2473 604 αύτῷ
2529 530 2834 587 Ἰουδαϊκῶν
2881 532 3088 585 τελετῶν
3144 551 3198 582 τε
3252 536 3343 581 καὶ
3386 530 3564 601 ὀργίων

2335 720 2423 763 τού
2471 714 2958 782 καταπετάσματος,
3019 710 3240 782 ὀφθῆναι
3263 729 3275 739 ·
3312 706 3405 760 διὰ
3443 715 3584 759 τοῦτο
3624 715 3698 759 καὶ
3730 705 3849 761 διετι·

2333 803 2545 853 τοίννυτο
2579 806 2636 853 τὸ
2695 802 2932 873 ὕφασμα,
2986 802 3121 852 ὥστε
3177 797 3371 849 ἀθέατα
3421 801 3508 867 μεν
3552 796 3774 867 φυλάττειν
3806 802 3849 848 τὰ

2339 896 2490 961 τίμια
2543 898 2615 961 τῷ
2653 890 2783 959 λαῷ,
2814 896 2989 962 μόνοις
3040 885 3097 940 δὲ
3136 894 3245 949 τοῖς
3292 889 3508 959 ἱερεῦσιν
3556 884 3668 937 εἶναι
3699 887 3849 957 ὁρατά*

2335 980 2395 1031 ού
2448 976 2515 1037 δὴ
2584 979 3000 1053 περιρραγέντος,
3061 977 3378 1033 ὰνεπετοίσθη
3451 978 3536 1046 μὲν
3599 971 3853 1031 δηλονότιω

2335 1076 2495 1121 πᾶσιν
2553 1070 2582 1126 ἡ
2645 1069 2763 1138 ὄφις
2818 1068 3005 1131 αὐτῶν,
3065 1068 3214 1118 κοινὰ
3266 1064 3323 1117 δὲ
3378 1068 3595 1135 γέγονεν,
3636 1063 3698 1124 εἰς
3730 1068 3855 1120 κοινήν

2337 1156 2685 1228 ἀπενεχθέντα
2738 1159 2853 1209 θέαν
2902 1162 2991 1208 καὶ
3049 1154 3363 1227 βεϐήλωσιν,
3407 1155 3473 1204 τὰ
3521 1157 3633 1213 τέως
3659 1152 3763 1223 ἅγιοι
3798 1156 3859 1201 καὶ

2336 1249 2526 1320 φρικτοί
2566 1266 2579 1278 ·
2630 1243 2704 1297 δι’
2742 1246 2808 1296 ὧν
2853 1246 3209 1319 προοιμιάσθη
3260 1247 3345 1294 καὶ
3406 1250 3504 1293 τῶν
3550 1240 3692 1292 ἄλλων
3732 1240 3861 1300 αὐτοῖς

2336 1335 2571 1387 ἁπάντων
2626 1337 2844 1406 θεσμῶν,
2909 1338 2999 1386 καὶ
3055 1342 3146 1393 τῆς
3206 1338 3424 1403 νομικῆς
3474 1330 3742 1404 λατρείαςὴ
3775 1348 3863 1380 που·

2335 1424 2481 1486 τελὴς
2537 1423 2803 1497 ἀναίρεσις
2850 1428 2939 1475 καὶ
2996 1421 3189 1494 σχολή.
3247 1421 3397 1474 Ἐστι
3430 1417 3488 1472 δὲ
3526 1424 3608 1471 καὶ
3636 1422 3781 1490 τρίτην
3810 1418 3865 1467 αἱ·

2336 1519 2448 1565 τίαν
2481 1510 2733 1580 συνιδεῖν,
2776 1516 3014 1573 ἐναντίως
3069 1516 3159 1583 μὲν
3206 1514 3331 1584 πρὸς
3369 1514 3463 1568 τήν
3504 1508 3743 1583 εἰρημένην
3768 1510 3869 1577 ἔχειν

2338 1600 2617 1665 δοκοῦσαν,
2676 1602 2728 1664 ἐξ
2786 1602 2951 1661 αὐτῆς
3009 1598 3067 1653 δὲ
3122 1599 3310 1671 μᾶλλον
3360 1602 3673 1669 τικτομένην.
3714 1600 3787 1657 Τίς
3808 1592 3868 1645 οὖν

2336 1692 2467 1749 αὕτη
2504 1690 2661 1757 ;“Οτι
2707 1698 2807 1742 τῶν
2866 1686 3133 1743 Ἰουδαίων
3188 1690 3216 1745 ἡ
3269 1693 3386 1760 περὶ
3446 1691 3503 1738 τὸ
3555 1694 3690 1739 Θείον
3732 1693 3874 1755 γνῶσις

2261 1798 2301 1852 Β
2336 1786 2423 1832 καὶ
2474 1780 2705 1854 λατρεία,
2738 1780 3133 1853 εύπεριγροίπτῳ
3183 1781 3271 1849 μὲν
3327 1782 3490 1848 τόπῳ,
3528 1785 3587 1847 τῇ
3618 1794 3665 1826 τε
3690 1770 3873 1840 Ἰουδαίᾳ

2335 1874 2423 1921 καὶ
2466 1877 2574 1930 τοίς
2620 1869 3015 1941 Ἱεροσολύμοις,
3064 1866 3408 1919 ἐναπεκλείετο
3443 1884 3455 1895 ·
3492 1868 3657 1917 τύπων
3698 1860 3745 1915 δὲ
3778 1863 3875 1932 ὅμως

2335 1964 2424 2010 καὶ
2476 1960 2940 2031 προχαραγμοίτων
2987 1957 3132 2018 τάξιν
3192 1954 3480 2027 ἀνεπλήρου
3545 1963 3635 2015 τῆς
3684 1953 3873 2045 χάριτοὶ.

2335 2047 2476 2099 Ἐπεὶ
2504 2044 2590 2099 οὖν
2631 2044 2736 2099 ἔδει
2779 2052 2873 2104 τὴν
2914 2046 2983 2107 εἷς
3018 2049 3190 2097 στενὸν
3217 2041 3415 2115 κομιδῇ
3458 2041 3877 2116 περιγεγραμμὲιιῇ

2336 2138 2570 2210 λατρείαν
2618 2141 2707 2187 καὶ
2759 2145 2971 2206 γνῶσιν,
3008 2133 3260 2205 ἀργῆσαι,
3312 2137 3407 2190 τὴν
3456 2133 3523 2192 εἰς
3564 2134 3621 2183 τὸ
3652 2135 3817 2203 πέρατα
3838 2124 3880 2178 δι

2334 2234 2429 2288 τῆς
2468 2226 2768 2296 οἰκουμένης
2796 2223 2889 2276 διὰ
2918 2232 3009 2276 τοῦ
3051 2226 3313 2296 σωτηρίου
3340 2224 3544 2283 πάθους
3571 2219 3882 2282 ἐξαπλοῦσθαι,

2336 2315 2621 2386 μέλλουσαν
2649 2315 2723 2374 εἰς
2752 2315 2925 2387 ἀρχὴν
2954 2320 3296 2379 καταστῆναι,
3333 2307 3429 2363 διὰ
3457 2318 3609 2362 τοῦτο
3640 2306 3701 2365 δή
3730 2306 3884 2380 [τοῦτο]

2334 2406 2589 2478 ῥήγνυται
2650 2407 2707 2455 τὸ
2764 2398 3182 2475 προμετωπίδιον
3235 2401 3459 2473 ὕφασμα
3508 2398 3675 2461 ἐκεῖνο,
3734 2393 3792 2448 δί
3844 2393 3887 2445 οὗ

2338 2496 2401 2545 τὰ
2430 2503 2527 2544 τῶν
2586 2493 2746 2564 ἁγίων
2798 2492 2977 2563 Ἀγια,
3029 2493 3094 2551 ὡς
3152 2489 3200 2541 ἐν
3247 2488 3527 2564 ἀπορρήτῳ
3571 2492 3655 2539 καὶ
3684 2486 3889 2555 ἀψαύστῳ

2337 2581 2712 2653 περιεστελλετο
2757 2585 2962 2654 χωρίῳ,
3023 2582 3307 2651 μονονουχὶ
3346 2586 3453 2637 τοῖς
3498 2580 3658 2649 ἔργοις
3687 2573 3803 2646 βοῶν
3826 2576 3890 2620 καὶ

2337 2671 2748 2744 προκαλούμενον
2804 2670 3033 2730 ἅπαντας
3095 2669 3162 2728 εἰς
3210 2673 3303 2726 τὴν
3377 2676 3479 2719 τῶν
3529 2665 3741 2719 ἀθεάτων
3790 2660 3892 2734 [καὶ]

2340 2762 2477 2811 θείαν
2531 2772 2558 2800 ιι
2617 2758 2839 2829 ἐποψὶαν
2905 2777 2958 2809 τε
3013 2762 3100 2809 καὶ
3159 2760 3459 2828 ἐπίγνωσιν,
3520 2760 3609 2806 καὶ
3658 2757 3721 2813 ὡς
3764 2752 3893 2801 οὖκὲτι

2336 2852 2479 2922 μέρει
2523 2853 2623 2899 τινὶ
2677 2854 2771 2908 τῆς
2819 2847 3125 2918 οἰκουμένης
3156 2850 3245 2897 καὶ
3275 2845 3614 2916 εύαριθμήτῳ
3643 2844 3758 2895 ἔθνει
3786 2841 3807 2895 ἦ
3838 2836 3897 2888 εὖ·

2339 2936 2513 2989 σέϐεια
2568 2937 3064 3007 συγκλεισθήσεται,
3121 2932 3227 2985 ἀλλ’
3269 2932 3481 2984 ἅπαντα
3511 2934 3579 2984 τὰ
3620 2932 3725 2986 ἔθνη
3755 2934 3825 2978 καί
3850 2932 3897 2976 τὰ

2337 3030 2535 3098 πέρατα
2586 3034 2682 3086 τῆς
2737 3025 3055 3096 οἰκουμένης,
3102 3031 3201 3075 τῶν
3256 3030 3365 3084 τοῖς
3414 3018 3688 3080 Ἰουδαίοις
3728 3018 3897 3088 ἀπροσί-

2336 3135 2434 3166 των
2488 3119 2576 3166 καὶ
2634 3112 2911 3186 ἀνεφίκτων
2971 3112 3018 3164 ἐν
3083 3111 3372 3164 ἀπολαύσει
3429 3116 3720 3182 γενήσεται.
3780 3105 3898 3157 Ἀλλὰ

2341 3207 2403 3255 σύ
2435 3224 2523 3275 μοι
2574 3209 2663 3255 καὶ
2694 3206 2817 3277 πρὸς
2865 3208 2958 3260 τὴν
3006 3204 3257 3273 ἐχομένην
3302 3204 3507 3263 ταύτης
3542 3196 3809 3271 μεταϐαινε,
3833 3196 3899 3243 ut

2341 3298 2522 3345 σκόπει
2549 3289 2651 3345 ὧδε
2686 3314 2697 3325 ⁸
2734 3294 2761 3349 ἡ
2797 3291 3032 3356 κιϐωτὸς,
3085 3296 3175 3343 καὶ
3219 3292 3279 3342 τὰ
3332 3289 3383 3341 ἐν
3442 3299 3508 3362 τῇ
3563 3288 3773 3356 κιϐωτῷ,
3800 3286 3901 3334 κατὰ

2338 3387 2422 3434 τὸν
2472 3386 2631 3434 τύπον
2681 3385 2857 3452 γέγονε
2907 3387 2997 3432 τοῦ
3054 3380 3273 3454 ούρανοῦ
3332 3399 3389 3431 τε
3442 3385 3535 3431 καὶ
3580 3387 3674 3429 τῶν
3713 3377 3796 3427 ὑπο
3835 3375 3900 3422 τόν

2339 3472 2571 3545 οὐρανόν.
2612 3490 2641 3520 ‹‹
2677 3470 2812 3542 Ὀρα
2843 3473 2966 3542 γὰρ,
3022 3474 3173 3541 φησὶ,
3223 3474 3472 3528 ποιήσεις
3501 3470 3672 3519 πάντα
3703 3466 3817 3516 κατὰ
3840 3464 3903 3510 τὸν

2338 3565 2495 3613 τύπον
2530 3557 2810 3631 δειχθέντα
2842 3578 2925 3611 σοι
2970 3558 3019 3610 ἐν
3050 3566 3122 3628 τῷ
3166 3562 3289 3632 ὄρει.
3329 3581 3356 3607 ››
3393 3558 3542 3615 Αὕτη
3580 3553 3664 3608 οὖν
3699 3556 3806 3627 μετὰ
3827 3558 3902 3601 τίον

2338 3651 2499 3702 ἄλλων
2553 3648 2880 3723 ἀπορῥήτων,
2938 3647 2987 3699 ἐν
3035 3656 3106 3718 τῷ
3154 3655 3258 3717 ναῷ
3297 3645 3679 3721 ἀπεκρύπτετο,
3728 3641 3907 3711 διειργοο

2338 3744 2461 3811 μένη
2522 3746 2595 3807 τῷ
2648 3739 3101 3809 καταπετάσματι,
3156 3741 3245 3787 καὶ
3293 3733 3570 3808 πρόσοδον
3627 3736 3770 3791 αὐτῆς
3806 3728 3903 3781 πλὴν

2337 3832 2437 3881 ὅσα
2495 3836 2602 3888 τοῖς
2662 3830 2899 3901 ἱερεῦσιν,
2962 3822 3135 3878 ούδένὶ
3206 3824 3496 3897 ἀνθρώπων
3558 3824 3904 3898 ἐμπαρέχοντα.

2341 3913 2559 3974 Ἐδὴλου
2612 3911 2670 3967 δὲ
2722 3916 2825 3986 ἄρα
2876 3921 3025 3966 τοῦτο
3070 3918 3160 3965 καὶ
3207 3914 3525 3986 ύπέγραφεν,
3574 3917 3663 3969 τὴν
3700 3909 3765 3968 είς
3788 3905 3905 3974 ούρα-

2335 4009 2418 4057 νόν
2470 4001 2698 4073 εἴσοδον,
2750 4003 3041 4078 ἀνθρώποις
3089 4002 3278 4053 ἄϐατον
3338 4002 3761 4076 συντετηρῆσθαι
3794 4000 3905 4054 τὲως,

2335 4101 2423 4146 καὶ
2475 4091 2613 4168 μηδέ
2658 4114 2771 4146 τινα
2827 4089 2966 4165 μηδὲ
3013 4100 3111 4143 τῶν
3166 4099 3257 4151 τῆς
3302 4099 3531 4163 νομικῆς
3560 4091 3783 4161 λατρείας
3819 4084 3905 4153 ἐρα·

2339 4165 2494 4251 στὼν,
2544 4186 2736 4242 ταύτης
2791 4180 3076 4245 ἀξιωθῆναι
3130 4188 3223 4241 τῆς
3268 4178 3493 4242 λήξεως.
3553 4178 3809 4248 Ῥἡγνυται
3841 4165 3904 4222 οὖν

2336 4280 2501 4331 τοῦτο.
2535 4280 2627 4324 τοῦ
2680 4275 2936 4324 Δεσπότου
2987 4272 3393 4342 σταυρουμένου,
3441 4273 3541 4327 τὴν
3600 4268 3671 4327 εἰς
3703 4264 3908 4338 οὐρανοὺς

2339 4358 2542 4414 εἴσοδον
2595 4367 2754 4413 πᾶσιν
2806 4362 2929 4431 ἡμῖν
2997 4358 3355 4418 ύποσαλπίζον
3407 4363 3505 4409 καὶ
3556 4353 3907 4427 εὐαγγελιζόμε-

2336 4471 2437 4504 νον.
2489 4455 2587 4503 Καὶ
2635 4452 2735 4522 γὰρ
2795 4446 2862 4507 δὴ
2925 4444 3019 4499 διὰ
3062 4455 3154 4499 τοῦ
3205 4447 3473 4507 ζωοποιοῦ
3519 4449 3737 4499 θανάτου
3765 4442 3905 4497 αὶτσύ,

2343 4500 2436 4504 ί”⁷’
2491 4500 2526 4503 ⁷-
2576 4500 2585 4502 ἡ
2643 4500 2657 4521 Ι
2707 4500 2725 4522 ‘7
2804 4500 2811 4502 ⁷
2850 4500 2859 4507 ’
3213 4500 3230 4507 ⁷

2259 4500 2302 4554 D
2337 4543 2429 4597 τὴν
2489 4538 2557 4600 εἰς
2616 4539 2859 4610 οὐρανούς
2920 4533 3147 4607 εἴσοδον,
3205 4541 3356 4587 παντὶ
3411 4544 3489 4605 τῷ
3543 4535 3822 4608 ἀνθρωπίνῳ
3846 4528 3908 4595 γέ·

2337 4648 2429 4692 νει,
2490 4626 2791 4679 ἐνεκαίνισεν
2845 4628 2870 4677 ὁ
2916 4622 3009 4678 διὰ
3073 4633 3225 4678 τοῦτο
3305 4628 3577 4691 κενωθεὶς,
3633 4629 3716 4675 καὶ
3778 4622 3910 4686 σάρκα

2339 4723 2430 4775 τὴν
2488 4718 2739 4789 ἡμετέραν
2807 4714 3136 4788 προσλαϐὼν,
3202 4718 3290 4765 καὶ
3352 4716 3536 4767 πάντα
3590 4714 3756 4766 παθὼν
3811 4708 3903 4774 ὑπὲρ

2340 4806 2501 4878 ἡμῶν,
2538 4808 2769 4879 Χριστὸς
2798 4806 2823 4856 ὁ
2855 4808 2985 4866 Θεὸς
3010 4805 3174 4875 ἡμῶν.

574 4891 787 4946 clarius
812 4890 1178 4962 signiﬁcatur
1199 4896 1254 4945 et
1292 4890 1666 4962 praedicatur,
1690 4890 1989 4946 introitum
2031 4893 2090 4947 in
2123 4895 2303 4949 cmlos
2358 4894 2529 4949 nobis
2563 4894 2813 4963 singulis
2845 4899 3065 4965 patere.
3096 4892 3261 4947 Certe
3284 4891 3449 4947 enim
3482 4891 3537 4947 is
3571 4890 3675 4963 qui
3726 4886 3794 4942 ob
3819 4883 3903 4937 hoc

573 4976 771 5048 ipsum
828 4983 1149 5035 evacuatus
1179 4979 1307 5047 fuit,
1345 4984 1399 5034 et
1425 4996 1663 5035 carnem
1726 4986 1991 5036 nostram
2028 4981 2087 5036 in
2132 4999 2192 5038 se
2229 4983 2573 5054 assumpsit,
2608 4989 2663 5038 et
2710 4984 2915 5038 omnia
2961 4998 3175 5054 passus
3200 4985 3288 5037 est
3312 4995 3424 5053 pro
3462 4981 3662 5050 nobis,
3694 4975 3905 5033 Christus

572 5065 668 5121 ille
714 5069 866 5120 Deus
915 5074 1132 5138 noster,
1187 5085 1291 5140 per
1350 5075 1603 5125 mortem
1633 5086 1805 5126 suam
1850 5070 2254 5128 viviﬁcantem
2305 5074 2577 5128 universo
2629 5071 2969 5128 mortalium
3012 5070 3215 5142 generi
3269 5070 3613 5140 ingressum
3660 5070 3719 5124 in
3763 5059 3902 5118 0412103

574 5153 947 5212 instauravit.

646 5307 691 5341 ⁸⁷
738 5309 916 5363 Num.
935 5323 1050 5375 νιιι,
1073 5310 1125 5363 4.

1915 5462 2144 5518 νΑΒΙιΕ
2188 5462 2563 5520 LECTIONES
2578 5506 2590 5519 .

648 5595 695 5629 ω
728 5604 815 5661 γρ,
854 5578 1012 5641 δῆλον
1044 5583 1142 5637 ὃτι.
1177 5594 1205 5622 η
1237 5584 1313 5639 ῖσ.
1351 5583 1515 5635 θείων.
