4026 6196
163 275 277 332 969

729 403 1044 452 ΕΡΩΤΗΣῙΣ
1087 398 1220 455 ΣΙΓ.

1168 273 1264 330 ΑΙ)
1314 269 1874 334 AMPHILOCHIUM
1915 269 2243 339 QUESTIO
2275 265 2526 332 CCXIII.

3421 277 3528 338 970

2029 398 2345 463 QU/ESTIO
2406 400 2608 458 CCXIII
2650 397 2851 472 [CoisL
2903 398 3150 466 CCXLII,
3199 401 3375 458 Taur.

2551 487 2895 560 ccxxxm].

228 587 386 638 Edita
409 599 443 637 a
462 587 790 637 Montacntio
823 586 923 650 (ep.
955 586 1045 636 127
1070 585 1138 637 ad
1163 586 1522 699 Eulamp.
1536 585 2360 714 atii-11609:.harchelflggpgignia
2401 589 2455 637 in
2480 588 2734 651 Spiritum
2761 588 3026 636 sanctum.
3064 586 3226 639 Math.
3254 603 3344 647 xu,
3369 590 3423 639 31
3457 603 3475 652 ;

239 727 461 789 Ἐπειδὴ
508 733 638 806 πρὸς
688 736 804 791 ταῖς
852 729 1159 805 ἑρμηνείαις,
1209 731 1266 791 οἷς
1304 733 1354 782 οἱ
1386 733 1512 784 θεῖοι
1554 738 1774 808 Πατέρες

1956 733 2460 807 Quandoquidem
2483 737 2694 804 praeter
2710 731 3105 803 expositiones
3123 731 3254 787 illas
3272 748 3426 804 quas
3444 733 3534 789 di-

163 823 319 892 ἡμῶν
369 823 505 872 κατὰ
557 820 760 880 πλείους
809 820 838 878 ἣ
886 823 1162 892 τέσσαρας,
1209 817 1374 892 οἶμαι,
1410 817 1647 883 διανοίας
1691 824 1772 875 ἐκ·

167 907 498 973 δεδώκασιν,
541 909 608 969 εἰς
655 912 732 974 τό,
781 928 810 960 ‹‹
862 915 1018 961 Πᾶσα
1061 909 1294 981 ἁμαρτία
1322 915 1411 962 καὶ
1460 908 1774 984 βλασφημία

164 998 488 1072 ἀφεθήσεται
518 1006 623 1059 τοῖς
649 996 960 1071 ἀνθρώποις,
1000 1000 1030 1056 ἠ
1066 994 1125 1051 δὲ
1154 1007 1245 1050 τοῦ
1279 1002 1576 1070 Πνεύματος
1609 999 1774 1072 βλασ-

163 1093 344 1161 φημία
393 1088 488 1141 οὐκ
546 1087 887 1160 ἀφεθήσεται·
932 1107 958 1138 »
1017 1092 1128 1155 καὶ,
1180 1107 1207 1137 ι(
1261 1087 1351 1148 ⁴¹Ος
1395 1089 1455 1140 ἄν
1518 1092 1632 1161 εἴπῃ
1690 1088 1772 1142 λό.

161 1197 256 1249 γον
308 1180 444 1230 κατὰ
487 1184 578 1229 τοῦ
621 1178 743 1229 Tion
791 1183 882 1228 τοῦ
931 1178 1226 1248 ανθρώπου,
1259 1175 1578 1249 ἀφεθήσεται
1609 1178 1767 1248 αὐτῷ·

162 1269 219 1327 ὃς
273 1263 325 1319 δ’
363 1268 426 1318 ἄν
475 1269 591 1338 εἴπῃ
649 1267 782 1317 κατὰ
819 1272 908 1317 τοῦ
951 1267 1248 1337 Πνεύματος
1301 1273 1392 1317 τοῦ
1442 1266 1618 1338 ἁγίου,
1678 1267 1771 1318 οὐκ

162 1355 484 1428 ἀφεθήσεται
533 1355 691 1426 αὐτῷ,
747 1357 865 1406 οὔτε
904 1353 950 1406 ἒν
981 1362 1052 1425 τῷ
1101 1362 1188 1406 νῦν
1235 1355 1404 1420 αἰῶνι,
1446 1359 1562 1408 οὔτε
1603 1355 1651 1408 ἐν
1700 1363 1772 1426 τῷ

159 1445 423 1517 μέλλοντι·
489 1466 510 1493 ι
571 1444 679 1496 ἐπεὶ
736 1440 824 1495 οὖν
876 1449 964 1495 καὶ
1018 1443 1192 1516 ἑτέραν
1236 1447 1364 1517 πρὸς
1411 1452 1525 1505 ταῖς
1572 1445 1773 1515 εἰρημέ-

161 1553 274 1594 ναις
322 1531 553 1600 ἐκείναις,
602 1537 776 1584 καίτοι
816 1535 1100 1593 τοσαύταις
1139 1535 1344 1596 οὔσαις,
1386 1533 1478 1584 οὐκ
1509 1529 1632 1585 οἶδα
1662 1533 1772 1586 ἀνθ’

162 1625 291 1675 ὅτου
343 1621 608 1682 ἐπιζητεῖς
666 1621 866 1692 (ἱκαναὶ
920 1624 1020 1694 γὰρ
1085 1620 1268 1673 ἐκεῖναι
1318 1621 1503 1692 ψυχὴν
1552 1621 1769 1694 φιλομα-

166 1713 293 1773 θοῦς
327 1709 590 1782 ἐμπλῆσαι
620 1718 715 1770 τῆς
761 1709 1085 1782 ἐπιθυμίας)·
1116 1706 1266 1762 οὐδὲν
1317 1718 1495 1784 χεῖρον
1528 1715 1654 1773 ἴσως
1681 1709 1772 1762 κὰ-

163 1809 306 1853 κείνο
358 1796 588 1852 συνιδεῖν
643 1798 891 1857 πλείστην
949 1801 1078 1857 ὅσην
1134 1804 1228 1857 τὴν
1286 1798 1371 1852 ἀπ’
1450 1800 1616 1852 αὐτῶν
1673 1808 1771 1852 τῶν

164 1890 494 1963 πραγμάτων
535 1889 657 1958 ἔχον
716 1892 1035 1959 συμφωνίαν·
1090 1896 1236 1939 ποῖον
1287 1884 1354 1946 δὴ
1401 1897 1597 1954 τοῦτο;
1653 1888 1772 1940 Ὀτι

165 1979 193 2030 ὁ
236 1981 331 2050 μὲν
379 1981 716 2050 προσπταίων
769 1985 841 2046 τῷ
893 1983 1109 2048 Χριστῷ
1159 1982 1248 2028 καὶ
1298 1985 1411 2046 Θεῷ
1463 1979 1628 2047 ἡμῶν,
1673 1977 1772 2029 ἀπὸ

1881 821 2212 880 viniPatres
2239 823 2436 896 plures
2452 837 2635 893 quam
2659 827 2983 893 quaternas
2998 820 3172 876 nobis
3202 837 3535 894 proposue-

1880 913 2184 969 runtillius
2209 913 2368 978 dicti,
2408 912 2638 967 «Omne
2653 914 2960 983 peccatum
2980 916 3035 966 et
3055 910 3424 981 blasphemia
3445 927 3534 968 re-

1881 1001 2142 1058 mittetur
2161 1001 2525 1064 hominibus,
2544 999 2916 1070 blasphemia
2932 1003 3132 1054 autem
3157 999 3220 1054 in
3253 1001 3535 1072 Spiritum

1881 1096 2154 1147 sanctum
2186 1107 2307 1148 non
2346 1090 2674 1146 remittetur
2706 1106 2764 1154 ;››
2799 1093 2874 1154 et,
2896 1111 2916 1137 ι
2945 1089 3052 1154 Qui
3071 1089 3380 1160 protulerit
3405 1106 3537 1146 ver-

1879 1179 2028 1235 bum
2045 1181 2106 1235 in
2131 1180 2415 1252 Spiritum
2431 1184 2728 1243 sanctum,
2745 1193 2866 1232 non
2895 1177 3228 1232 remittetur
3242 1177 3315 1243 ei,
3341 1193 3537 1250 neque

1881 1269 1941 1323 in
1971 1269 2084 1324 hoc
2117 1269 2353 1333 saeculo.
2386 1283 2579 1340 neque
2607 1266 2665 1321 in
2696 1267 2894 1322 futuro
2927 1282 2940 1331 ;
2975 1271 3036 1322 at
3061 1267 3394 1323 remittetur
3432 1268 3538 1338 qui

1884 1357 2130 1414 verbum
2153 1361 2212 1414 in
2237 1358 2449 1414 Filium
2481 1356 2694 1412 dixerit
2721 1373 2736 1421 ;
2780 1376 2808 1405 »
2840 1355 3337 1428 quandoquidem
3368 1361 3433 1412 tu
3458 1356 3537 1412 ab

1880 1447 2004 1502 istis
2041 1447 2212 1502 dictis
2261 1447 2442 1503 aliam
2495 1445 2763 1518 requiris,
2807 1460 2944 1500 cum
2996 1448 3080 1500 tot
3119 1443 3230 1499 illia
3262 1445 3395 1510 sint,
3432 1461 3539 1500 cur

1883 1541 2081 1592 autem
2105 1536 2208 1601 sic,
2231 1535 2430 1592 nescio
2473 1551 2486 1600 ;
2520 1543 2686 1602 (nam
2729 1533 3034 1589 sufﬁciunt
3069 1533 3185 1590 illa)
3225 1533 3415 1590 allatas
3455 1533 3536 1590 ad

1880 1624 2254 1696 implendum
2283 1625 2470 1680 animi
2496 1622 2858 1678 desiderium
2886 1621 3150 1677 discendi
3180 1623 3539 1695 velcupidis-

1881 1715 2048 1783 simi),
2061 1715 2204 1770 nihil
2220 1713 2406 1771 forteo
2420 1711 2659 1775 bstabit,
2687 1716 2743 1766 et
2759 1710 2922 1766 illam
2941 1711 3118 1766 aliam
3133 1712 3536 1783 contemplare

1881 1820 2018 1876 qum.
2048 1819 2185 1859 cum
2208 1803 2388 1858 rebus
2415 1801 2558 1872 ipsis
2590 1815 2895 1855 summam
2925 1799 3180 1854 admittit
3204 1815 3540 1856 consonan-

1882 1893 2025 1948 tiam
2069 1909 2081 1947 :
2117 1896 2177 1948 at
2201 1906 2484 1962 quaenam
2507 1889 2609 1944 illa
2638 1889 2666 1946 ‘i‘
2700 1888 2989 1944 Nimirum
3021 1888 3186 1960 quod
3213 1888 3265 1943 is
3294 1889 3398 1961 qui
3429 1888 3541 1946 im-

1882 1981 2108 2053 pegerit
2127 1981 2186 2035 in
2217 1978 2514 2034 Christum
2538 1980 2723 2032 Deum
2752 1981 3045 2042 nostrum,
3070 1982 3311 2049 propter
3329 1977 3541 2034 huma-

163 2076 270 2118 τῶν
303 2065 635 2139 ἀνθρωπίνων
683 2061 965 2128 ἐνδείξεων·
1015 2067 1120 2116 οἷον
1165 2067 1244 2117 ὅτι
1288 2065 1459 2124 ἣσθιε·
1512 2071 1600 2118 καὶ
1646 2069 1774 2138 μετὰ

1885 2070 2082 2125 uitatis
2129 2068 2702 2124 demonstrationem
2737 2083 2750 2132 ;
2804 2071 2867 2120 ut
2899 2070 3045 2136 puta
3073 2066 3238 2137 quod
3269 2067 3542 2122 comede-

163 2156 398 2208 τελωνῶν
473 2160 562 2207 καὶ
627 2153 964 2229 ἁμαρτωλῶν·
1023 2157 1100 2206 ὅτι
1159 2151 1458 2206 ἐκάθευδεν·
1528 2157 1607 2207 ὃτι
1667 2155 1774 2207 ἑκο-

161 2251 283 2298 πία·
316 2247 418 2311 ὅτι,
444 2265 470 2296 ι(
503 2243 786 2318 Περίλυπός
815 2242 971 2307 ἐστιν,
1005 2263 1034 2295 ››
1066 2243 1250 2315 ἔλεγεν,
1281 2263 1306 2295 ‹‹
1342 2246 1371 2301 ἠ
1405 2244 1557 2315 ψυχή
1587 2262 1706 2316 μου·
1743 2266 1770 2294 ››

161 2340 256 2386 καὶ
314 2338 359 2386 εἶ
425 2353 475 2385 τι
529 2341 782 2385 τοιουτον·
839 2330 906 2384 ὧν
955 2334 1172 2384 ἕκαστον
1229 2333 1300 2394 εἰς
1353 2331 1636 2404 βεϐαίωσιν
1684 2338 1774 2385 καὶ

161 2426 506 2496 παράστασιν
557 2423 746 2496 ἐναργῆ
798 2430 892 2482 τῆς
964 2419 1417 2495 ἐνανθρωπήσεως,
1506 2423 1531 2473 ὁ
1607 2424 1775 2474 πάντα

165 2522 347 2584 σοφῶς
390 2514 738 2584 πρυτανεύων,
793 2507 1128 2583 διεπράττετο
1182 2515 1370 2582 Λόγος.
1428 2513 1492 2563 Οἱ
1538 2519 1663 2582 γοῦν
1719 2511 1774 2562 ἐκ

161 2611 266 2654 τῶν
340 2603 590 2653 τοιούτων
638 2605 1080 2674 προσεπταικότες
1138 2607 1373 2671 Χριστῷ,
1432 2597 1643 2674 ῥᾳδιαν,
1710 2602 1775 2661 ὡς

163 2692 330 2753 εἰκὸς,
365 2687 615 2743 δύνανται
645 2693 739 2746 τὴν
772 2685 1056 2761 διόρθωσιν
1101 2691 1262 2760 ἔχειν.
1292 2694 1491 2763 Τρόπον
1515 2693 1616 2762 γάρ
1661 2709 1777 2742 τινα

166 2781 356 2841 αὐτοῖς
409 2779 463 2841 ἐξ
512 2778 720 2849 ἀγνοίας
765 2773 1088 2840 διεξέπιπτεν
1140 2780 1170 2834 ἠ
1225 2776 1558 2850 βλασφημία,
1591 2779 1648 2830 οὐ
1681 2775 1776 2831 δυ-

166 2873 408 2941 ναμένοις
481 2864 744 2937 διακύψαι
792 2871 922 2940 πρὸς
984 2869 1041 2917 τὸ
1097 2864 1257 2940 βάθος
1320 2875 1410 2928 τῆς
1458 2867 1772 2939 οἰκονομίας,

167 2965 261 3010 καὶ
320 2955 683 3030 την,ἄρρητον
739 2954 1154 3026 συγκατάϐασιν.
1207 2955 1280 3008 Δι’
1326 2957 1351 3008 ὃ
1399 2954 1454 3007 ἐκ
1501 2965 1599 3007 τῶν
1650 2958 1777 3008 θειο-

167 3052 334 3118 τέρων
364 3044 525 3096 αὐτοῦ
555 3047 716 3116 ἔργων
745 3049 834 3096 καὶ
879 3043 1131 3116 πράξεων,
1177 3049 1444 3115 ταχίστην
1481 3049 1574 3104 τὴν
1619 3064 1776 3116 μετα-

170 3135 332 3193 ϐολὴν
386 3130 736 3196 ἐπιδείξουσιν
792 3133 956 3198 οὗτοι,
1012 3138 1102 3184 καὶ
1157 3133 1526 3207 παραπλησίαν
1601 3135 1776 3196 ἕξουσι

169 3230 267 3283 τὴν
325 3223 397 3296 ἐφ’
457 3220 532 3284 οἷς
588 3224 885 3295 ἡμάρτανον
933 3222 1138 3293 ἄφεσιν.
1193 3224 1342 3275 Οὕτω
1402 3223 1603 3285 Παῦλος
1653 3220 1777 3276 διῶ-

166 3335 325 3377 κτης,
378 3317 600 3385 σταυρόν
658 3311 857 3364 ἀκούων
907 3317 995 3364 καὶ
1056 3314 1292 3378 θάνατον,
1353 3318 1443 3364 καὶ
1503 3315 1581 3365 ὅτι
1623 3316 1778 3385 ἔφαγε

166 3409 262 3457 καὶ
315 3405 446 3466 ἔπιε,
501 3407 589 3454 καὶ
642 3403 742 3454 ὅσα
784 3400 912 3453 ἄλλα
954 3409 1060 3463 τοῖς
1101 3398 1378 3463 Ἰουδαίοις
1424 3402 1491 3462 εἰς
1527 3398 1776 3461 διαϐολὴν
1807 3433 1848 3489 C

167 3503 262 3546 τοῦ
320 3498 580 3544 Δεσπότου
644 3494 965 3564 προεφέρετο·
1039 3489 1145 3543 ἐπεὶ
1207 3487 1266 3543 δὲ
1316 3493 1573 3565 θειοτέρας
1622 3493 1778 3562 ἔτυχε

167 3588 359 3656 πείρας
415 3585 504 3631 καὶ
548 3587 637 3640 τῆς
687 3578 874 3631 ἀνωθεν
935 3579 1213 3644 ὀπτασίας,
1269 3580 1461 3632 αὐτίκα
1505 3583 1675 3632 πάντα
1712 3583 1777 3631 τὰ

169 3671 473 3745 βλάσφημα
515 3668 676 3744 ῥίψας
720 3666 903 3733 ἐκεῖνα,
955 3668 1122 3740 κήρυξ
1174 3676 1263 3720 τοῦ
1299 3665 1616 3741 διωκομένου
1645 3674 1778 3741 γίνε-

169 3780 284 3813 ται.
342 3759 496 3811 Οὕτω
547 3756 699 3810 πάλιν
737 3757 1033 3828 τρισχίλιοι
1075 3756 1206 3828 ἅμα,
1238 3763 1325 3810 καὶ
1366 3761 1558 3810 τούτων
1601 3757 1780 3829 ἐφεξῆς

168 3849 402 3909 πλείους,
455 3843 564 3899 εἶτα
605 3851 694 3898 καὶ
739 3846 862 3906 λαός
890 3846 1080 3917 μείζων
1129 3844 1486 3920 ἀριθμεῖσθαι,
1528 3855 1643 3908 ταῖς
1675 3849 1781 3899 θεο-

174 3943 430 4009 σημείαις
478 3937 848 4008 μετατεθέντες,
905 3931 1116 4008 σπουδῇ
1175 3940 1296 4008 πρὶν
1349 3944 1419 4006 τῷ
1467 3936 1555 3988 ὑπ’
1612 3936 1779 3987 αὐτῶν

172 4029 541 4100 πολεμουμένῳ
614 4024 910 4097 προσῆλθον
985 4027 1304 4098 κηρύγματι·
1368 4021 1525 4084 δῆλον
1590 4023 1677 4077 όῦν
1731 4025 1780 4076 ἐν

173 4126 278 4169 τῶν
331 4116 607 4188 εἰρημένων
638 4115 770 4173 ὅπως
817 4120 922 4173 τοῖς
973 4113 1044 4173 εἰς
1087 4117 1169 4164 τόν
1216 4115 1333 4164 Υἰόν
1376 4121 1464 4165 τοῦ
1509 4113 1780 4186 ἀνθρώπου

174 4205 590 4279 βλασφημοῦσιν
615 4205 644 4260 ἡ
680 4204 862 4274 ἄφεσις
904 4199 1138 4265 δίδοται,
1169 4203 1244 4254 ὅτι
1274 4210 1345 4272 τῷ
1372 4199 1543 4277 ῥᾳδίῳ
1569 4211 1662 4262 τῆς
1697 4221 1782 4274 με-

170 4293 406 4354 ταϐολῆς
431 4297 518 4342 καὶ
546 4295 604 4343 τό
634 4296 914 4364 πρόχειρον
949 4299 1037 4352 τῆς
1070 4297 1386 4362 συγγνώμης
1407 4291 1599 4344 ἕπεται.
1627 4289 1784 4343 Ὀσοι

173 4381 236 4436 δε
284 4391 386 4434 τῶν
430 4383 886 4452 θαυμασιωτέρων,
931 4385 1020 4432 καὶ
1077 4382 1112 4431 ἄ
1153 4385 1312 4452 μόνης
1357 4383 1471 4433 ἐστὶ
1514 4390 1603 4441 τῆς
1646 4383 1784 4442 θείας

175 4470 457 4543 δυνάμεως
499 4468 689 4540 ὗποψιν
733 4482 759 4509 η
809 4471 1016 4540 ἔχοντες
1065 4474 1159 4527 την
1199 4468 1468 4542 ἐνέργειαν·
1531 4466 1785 4541 δαίμονας

173 4559 556 4631 διωκομένους,
596 4564 779 4619 νόσους
826 4557 1178 4630 ἐλαυνομέδας,
1233 4557 1445 4630 τυφλοῖς
1497 4559 1590 4619 τὰς
1641 4557 1782 4629 ὄψεις

167 4653 381 4727 ῥήματι
432 4645 935 4720 δημιουργουμένας·
988 4650 1052 4699 τὰ
1096 4649 1328 4720 ὑπερφυῆ
1381 4653 1470 4700 καὶ
1510 4644 1786 4723 παράδοξα

1880 2158 2004 2222 bat,
2032 2157 2212 2230 idque
2243 2173 2381 2212 cum
2420 2155 2758 2227 publicanis
2789 2158 2848 2208 et
2885 2154 3303 2225 peccatoribus
3332 2171 3343 2208 :
3375 2155 3539 2226 quod

1881 2246 2216 2303 dormiebat
2257 2262 2270 2300 :
2304 2244 2468 2317 quod
2498 2242 3184 2299 lassitudinetenebatur
3217 2258 3227 2296 :
3259 2242 3421 2313 quod
3448 2243 3539 2297 di-

1881 2337 2047 2407 xerit,
2070 2333 2315 2391 «Tristis
2346 2338 2432 2389 est
2457 2333 2661 2389 anima
2691 2347 2826 2387 mea
2857 2347 3047 2404 usque
3082 2330 3162 2386 ad
3195 2336 3443 2387 mortem
3469 2353 3481 2386 :
3509 2352 3538 2382 κ

1882 2429 2101 2497 etquae
2133 2429 2274 2478 sunt
2325 2423 2448 2493 ejus
2501 2421 2735 2491 generis
2771 2436 2946 2492 :quaa
2997 2421 3208 2476 omnia
3257 2420 3537 2486 Verbum,

1881 2513 2046 2586 quod
2073 2513 2279 2569 omnia
2308 2511 2606 2582 sapienter
2631 2508 3110 2573 administrabat,
3136 2509 3212 2565 ad
3231 2508 3543 2564 conﬁrma-

1881 2603 2099 2658 tionem
2113 2601 2501 2658 etevidentem
2517 2598 2972 2654 declarationem
3008 2603 3329 2668 assumpta
3343 2597 3541 2653 carnis

1883 2690 2285 2764 perpetrabat.
2317 2689 2592 2758 Quigitur
2621 2692 2863 2759 propter
2889 2686 3002 2742 ista
3030 2685 3449 2758 impingebant
3477 2686 3540 2741 in

1884 2780 2200 2844 Christum,
2230 2777 2569 2833 facillimam
2603 2774 2934 2847 acquirent,
2964 2778 3027 2830 ut
3054 2776 3306 2839 videtur,
3341 2789 3541 2830 emen-

1888 2868 2189 2924 dationem
2208 2884 2218 2922 :
2239 2883 2378 2923 nam
2397 2867 2474 2921 ab
2493 2864 2831 2935 ignorantia
2846 2863 3302 2934 quodammodo
3315 2862 3544 2917 excide-

1885 2962 1978 3012 rat
1997 2955 2392 3027 blasphemia,
2411 2970 2548 3008 cum
2577 2969 2696 3008 non
2712 2957 2953 3023 possent
2967 2951 3024 3005 in
3046 2950 3435 3022 profundum,
3451 2949 3541 3005 vel

1885 3061 1991 3116 per
2019 3044 2320 3110 rimulam,
2351 3039 2814 3112 dispensationis
2843 3045 3171 3110 penetrare,
3195 3039 3285 3094 vel
3312 3039 3542 3094 inenar-

1885 3133 2128 3190 rabilem
2159 3131 2486 3203 perspicere
2517 3128 3089 3184 condescensionem
3131 3145 3143 3183 :
3173 3131 3542 3200 quapropter

1885 3239 1992 3296 per
2027 3221 2229 3278 divina
2258 3221 2448 3292 ipsius
2475 3233 2656 3291 opera
2685 3217 2928 3282 inducti,
2963 3216 3289 3289 proclivem
3320 3216 3400 3271 illi
3434 3216 3545 3271 ad-

1887 3311 2115 3367 mittent
2146 3309 2644 3370 immutationem,
2674 3312 2730 3361 et
2763 3305 3134 3361 consimilem
3161 3305 3235 3360 de
3287 3305 3544 3375 peccatis

1886 3404 2322 3471 consequentur
2335 3396 2588 3453 veniam.
2604 3399 2687 3450 Ita
2699 3394 2916 3450 exstitit
2938 3393 3154 3450 Paulus
3175 3397 3540 3466 persecutor,

1885 3505 2023 3545 cum
2050 3503 2285 3543 crucem
2307 3495 2366 3541 et
2381 3489 2633 3541 mortem
2669 3483 2899 3540 audiret
2920 3502 2936 3554 ;
2966 3487 3023 3539 et
3043 3499 3181 3538 cum
3211 3481 3432 3550 ederet,
3454 3480 3540 3537 bi—

1884 3580 2065 3642 beret,
2089 3581 2146 3633 et
2167 3578 2393 3649 reliqua
2423 3575 2659 3639 faceret,
2678 3574 2887 3646 quaein
2913 3572 3276 3628 calumniam
3305 3569 3542 3627 Domini

1883 3668 2072 3724 Judaei
2096 3666 2494 3739 proferebant.
2517 3668 2664 3720 Cum
2698 3679 2835 3718 vero
2865 3661 3048 3718 semel
3073 3662 3427 3716 diviniorem
3453 3676 3547 3716 ex-

1886 3757 2235 3830 perientiam
2258 3771 2362 3827 per
2391 3754 2694 3810 cmlestem
2725 3752 3019 3807 visionem
3042 3749 3544 3823 consequebatur,

1887 3847 2166 3904 continuo
2204 3845 2433 3915 rejectis
2463 3859 2598 3915 quae
2649 3841 3000 3912 blaspheme
3039 3840 3275 3895 locutus
3316 3844 3443 3894 erat
3491 3843 3549 3894 et

1887 3936 2119 4000 fecerat,
2163 3948 2359 4002 praeco
2400 3932 2617 4004 prodiit
2646 3930 2800 3985 illius
2839 3945 3022 4001 quem
3059 3929 3546 4001 persequebatur.

1889 4023 2258 4079 Adeumdem
2283 4021 2630 4076 modumter
2654 4018 2810 4074 mille
2837 4018 3149 4089 imprimis,
3179 4023 3235 4072 et
3264 4017 3547 4087 deinceps

1892 4112 2052 4167 hisce
2093 4112 2309 4182 plures,
2340 4115 2394 4164 et
2427 4114 2635 4180 postea
2676 4107 3048 4162 numerosior
3079 4105 3416 4168 multitudo,
3445 4118 3550 4175 per

1891 4203 2067 4270 signa
2087 4200 2286 4254 divina
2312 4197 2630 4261 immutati,
2651 4211 2791 4250 cum
2826 4194 3202 4249 festinatione
3237 4192 3314 4248 ad
3337 4191 3544 4264 praedi-

1891 4291 2185 4346 cationem
2217 4288 2344 4358 ejus
2382 4301 2564 4358 quem
2597 4283 3106 4357 persequebantur
3135 4284 3542 4338 accurrerunt.

1890 4381 2052 4435 Patet
2076 4393 2216 4448 ergo
2239 4377 2366 4447 jam
2398 4374 2591 4438 dictis,
2624 4373 2819 4446 qualis
2854 4373 3024 4427 venia
3055 4371 3400 4427 conceditur
3431 4369 3547 4424 illis

1891 4469 2067 4542 quiin
2092 4467 2300 4521 Filium
2327 4463 2590 4520 hominis
2616 4461 3068 4534 blasphemant;
3096 4460 3378 4515 nimirum
3410 4458 3550 4513 faci-

1891 4559 2113 4614 litatem
2144 4554 2485 4610 mutationis
2525 4551 2913 4624 consequitur
2958 4549 3212 4606 facilitas
3241 4547 3553 4616 indulgen-

1892 4649 2010 4705 tiae.
2052 4651 2120 4701 At
2149 4645 2252 4716 qui
2276 4659 2370 4698 res
2397 4641 2585 4712 magis
2611 4639 3010 4704 admirabiles,
3051 4643 3107 4694 et
3145 4655 3281 4710 quas
3315 4637 3421 4692 soli
3465 4637 3552 4692 di-

173 4740 366 4793 ἐκεῖνα·
429 4741 560 4809 πρὸς
603 4733 752 4788 οὐδὲν
811 4739 1003 4788 τούτων
1057 4736 1318 4788 ἐθέλουσιν
1359 4736 1777 4809 ἐπιστρέφεσθαι,

1893 4737 2043 4794 vinas
2091 4733 2370 4808 potentiae
2412 4731 2746 4801 subjacent,
2812 4729 2924 4784 sub
2966 4733 3276 4800 aspectum
3326 4725 3552 4783 habent

175 4833 244 4890 ὡς
286 4828 490 4888 ἑκόντες
536 4829 663 4900 πρὸς
702 4827 768 4876 τὰ
797 4832 888 4876 τοῦ
935 4827 1230 4896 Πνεύματος
1269 4828 1395 4899 ἔργα
1437 4831 1526 4877 καὶ
1569 4829 1626 4877 τό
1679 4835 1782 4898 φῶς

173 4915 678 4980 ἀποτυολώττοντες,
711 4913 854 4966 οὗτοι
885 4914 1120 4985 χαλεπὴν
1154 4914 1182 4973 ἡ
1221 4919 1309 4966 καὶ
1350 4911 1604 4966 ἀδύνατον
1657 4934 1784 4966 παν-

173 5007 333 5064 τελῶς
407 5008 503 5061 τὴν
581 5003 912 5075 μεταμέλειαν
986 5005 1219 5073 ἔχουσιν,
1296 5001 1349 5065 ἐξ
1401 5003 1556 5076 οὗπερ
1614 5002 1786 5063 αὐτοῖς

176 5095 484 5166 ἀφαιρεῖται
536 5097 624 5144 καὶ
681 5093 710 5150 ἡ
755 5093 960 5164 ἄφεσις.
1011 5096 1123 5144 Τίνι
1173 5096 1274 5168 γὰρ
1321 5091 1380 5143 ἂν
1425 5096 1514 5143 καὶ
1545 5111 1786 5163 μεταπει-

180 5187 351 5237 σθεῖεν
397 5181 540 5234 οὗτοι
593 5183 726 5256 πρὸς
770 5183 836 5233 τὰ
878 5181 1013 5233 οὕτω
1054 5185 1207 5234 καινὰ
1243 5186 1334 5234 καὶ
1387 5181 1548 5252 πολλῷ
1579 5189 1668 5242 τῆς
1696 5184 1787 5254 φύ-

177 5292 311 5334 σεως
363 5274 635 5344 κρείττονα
678 5271 1026 5345 πωρωθέντες,
1075 5270 1164 5323 καί
1201 5267 1332 5342 μηδ’
1380 5270 1480 5322 ὑπό
1534 5289 1638 5322 τινι
1691 5269 1784 5321 αὖ·

1895 4825 2312 4883 manifestum:
2343 4821 2648 4876 daemonas
2671 4818 2956 4873 nimirum
2981 4817 3286 4889 expulsos,
3308 4816 3551 4872 morbos

1895 4917 2160 4978 abactos,
2181 4912 2351 4966 czecis
2380 4910 2572 4964 visum
2588 4908 2924 4963 restitutum
2953 4905 3078 4960 solo
3105 4905 3283 4960 verbo
3318 4922 3329 4959 :
3356 4909 3413 4961 et
3436 4920 3552 4960 cae-

1897 5009 2020 5061 tera
2049 5007 2328 5057 naturam
2359 4997 2724 5060 excedentia,
2751 4995 3049 5067 planeque
3079 4993 3369 5066 stupenda
3400 5013 3416 5066 ;
3442 5010 3553 5050 nec

1896 5093 1975 5149 ad
1997 5093 2210 5146 horum
2224 5089 2426 5160 aliqua
2452 5085 2714 5141 converti
2745 5083 2962 5151 volunt,
2990 5083 3094 5139 sed
3117 5084 3445 5140 voluntarie
3471 5083 3550 5140 ad

1898 5180 2148 5252 Spiritus
2178 5192 2363 5249 opera
2401 5181 2457 5231 et
2480 5173 3421 5229 illuminationemobcaecantur:
3457 5172 3551 5229 isti

1895 5267 2232 5331 difﬁculter,
2262 5267 2309 5322 si
2331 5264 2580 5322 omnino
2610 5267 2836 5330 tamen,
2864 5262 3240 5336 resipiscunt,
3272 5267 3451 5335 atque
3471 5261 3553 5319 ita

1505 5369 1736 5423 VARI/E
1816 5366 2215 5425 LECTIONES.

263 5483 292 5512 ιι
316 5468 408 5522 ὑπ’
435 5466 502 5538 ὂψ
512 5487 576 5524 ιν.

1752 5565 1795 5620 Ν
1802 5561 1980 5620 OTIE.

181 5666 300 5742 (84)
324 5664 492 5726 Idem
517 5662 760 5724 Thomas
786 5677 974 5736 supra
999 5679 1061 5737 q.
1095 5662 1276 5719 XLIX.
