4076 6202
459 247 559 301 9Ἱ1
1685 243 1923 299 PHOTII
1964 240 2450 300 PATRIABCHIE
2481 246 2586 302 CP.

3720 257 3834 313 972

460 369 903 439 indulgentiam
940 368 1104 428 haud
1137 368 1469 440 impertitur
1495 369 1565 424 iis
1598 372 1769 426 Deus.
1806 372 1930 435 Quo
1954 366 2113 424 enim

2229 374 2315 417 τῶν
2368 374 2498 442 πρὸς
2554 370 2867 445 ἐπιστροφὴν
2918 371 3046 427 ἰδεῖν
3078 371 3479 439 δυσωπηθέντες
3511 394 3524 445 ;
3561 379 3643 431 Δι’
3675 382 3704 431 ό
3745 378 3841 433 ὄι-

464 460 582 516 alio
612 475 908 531 persuasu
935 458 1304 530 resipiscant,
1326 458 1419 528 qui
1439 459 1513 513 ad
1538 464 1658 514 tam
1688 475 1842 514 nova
1872 463 1925 513 et
1948 461 2114 511 natu-

461 565 593 625 ram
625 549 704 604 ita
734 546 1084 619 excedentia
1113 546 1506 612 obdurantur,
1540 564 1648 603 nec
1679 548 1756 603 ab
1787 548 1988 619 aliquo
2020 546 2113 600 in-

460 637 593 691 duci
634 640 891 707 possunt
933 639 992 689 ut
1018 634 1468 689 conversionem
1502 652 1672 690 suam
1707 635 2061 690 meditentur
2088 633 2115 687 ?

460 728 585 781 Non
620 725 800 794 igitur
827 723 1147 789 immerito,
1176 723 1301 777 sine
1320 723 1615 779 veniahoc
1640 724 1875 779 illorum
1910 738 2116 794 pecca-

458 819 607 879 tum,
635 819 690 869 et
719 812 1544 885 blasphemiaindulgentiam
1560 813 1808 869 excedit.
1830 812 2115 883 Exempla

458 901 1808 975 apponanturAnnas,Caiaphas,etcomplures
1822 919 1850 956 e
1864 902 2112 967 Iudaeis;

460 992 521 1049 hi
552 1008 687 1047 cum
728 992 1030 1047 daemonia
1060 991 1387 1060 ejicientem
1421 996 1744 1054 cernerent,
1770 1007 1906 1045 cum
1934 990 2117 1045 debe-

462 1088 591 1137 rent
620 1080 889 1135 venerari
932 1078 1391 1143 benefactorem,
1426 1080 1553 1134 ausi
1604 1086 1741 1134 sunt
1769 1095 1885 1134 rem
1916 1080 2114 1149 impu-

462 1170 726 1226 dentiam
745 1185 987 1225 omnem
1002 1169 1382 1223 excedentem
1408 1168 1772 1239 proloqui,et
1790 1184 1893 1239 per
1919 1167 2113 1222 convi-

461 1259 544 1315 tia
583 1259 795 1323 dicere,
834 1275 968 1313 eum
1028 1258 1321 1313 daemonia
1363 1257 1571 1327 ejicere
1638 1273 1744 1329 per
1783 1258 2111 1329 principem

462 1349 923 1413 daemoniorum;
953 1364 1087 1402 cum
1102 1363 1291 1402 caecos
1322 1347 1691 1401 intuerentur
1712 1346 1931 1411 videre,
1964 1346 2114 1401 lecto

463 1437 673 1494 afﬁxos
692 1453 795 1508 per
817 1453 1057 1492 cursum
1078 1442 1132 1490 et
1147 1434 1578 1505 bajulationem
1594 1436 1907 1490 sanitatem
1925 1442 2112 1491 ratam

460 1526 762 1589 facientes,
795 1526 1068 1580 dixerunt
1096 1531 1315 1587 tamen,
1350 1526 1527 1577 «Non
1558 1528 1644 1577 est
1669 1539 1704 1578 a
1734 1524 1847 1579 Deo
1880 1524 1985 1579 iste
2015 1525 2116 1579 ho-

462 1632 579 1682 mo;
608 1638 631 1666 »
649 1622 703 1670 et
722 1631 825 1685 per
842 1618 1122 1669 Lazarum
1138 1618 1334 1667 mortu
1350 1628 1450 1666 um
1469 1612 1956 1682 quadriduanum
1980 1615 2115 1669 vitm

2220 462 2376 518 καίως
2430 460 2595 511 αὐτῶν
2649 468 2738 513 καὶ
2778 466 3114 534 σύγγνωστον
3145 476 3171 505 ο
3215 468 3273 516 τό
3325 465 3715 540 πλημμέλημα,
3752 477 3843 523 καὶ

2220 550 2409 616 μείζων
2458 550 2487 605 ἡ
2542 548 2854 622 βλασφημία
2893 560 2983 612 τῆς
3010 551 3253 623 ἀφέσεως.
3288 552 3721 628 Παραδείγματα
3749 568 3843 611 τοῦ

2221 634 2394 704 λόγου.
2430 636 2610 698 ’Ἅννας
2640 644 2728 691 καὶ
2760 644 2993 712 Καὶάφας
3023 648 3110 693 καὶ
3124 643 3301 695 πολλοὶ
3324 652 3421 695 τῶν
3453 644 3772 712 Ἰουδαίων,
3797 652 3847 700 οἱ

2224 720 2473 795 δαίμονας
2534 726 2879 781 ἀπελαύνοντα
2934 727 3153 795 ἰδόντες,
3206 728 3320 783 δέον
3374 744 3698 807 προσκυνεῖν
3758 742 3845 788 τόν

2222 812 2507 887 εὐεργέτην,
2566 815 2613 867 ἐν
2666 825 2735 886 τῷ
2790 817 3010 891 ἄρχοντι
3076 829 3178 871 τῶν
3234 817 3517 892 δαιμονίων
3588 825 3849 897 (πρᾶγμα

2221 904 2398 965 πάσης
2480 904 2855 977 ἀναισχυντίας
2920 908 3201 980 τολμῶντες
3257 910 3511 983 ἐπέκεινα)
3568 912 3846 967 ἐκϐάλλειν

2224 992 2377 1042 αὐτόν
2434 992 2726 1069 ἐλοιδόρουν
2772 999 2835 1047 τὰ
2901 992 3177 1069 δαιμόνια·
3245 999 3469 1071 τυφλοὺς
3539 1000 3851 1073 βλέποντας

2222 1080 2454 1149 ὁρῶντες,
2514 1089 2601 1134 καὶ
2640 1084 2895 1159 κλινήρεις
2952 1083 3131 1158 δρόμῳ
3166 1093 3255 1139 καὶ
3304 1094 3499 1161 φορτίῳ
3549 1096 3648 1148 τὴν
3695 1096 3851 1145 ἴασιν

2224 1166 2581 1240 βεϐαιούντας·
2609 1195 2635 1221 ‹‹
2671 1174 2779 1225 Ούκ
2819 1177 2959 1226 ἔστιν
2997 1177 3021 1227 ό
3053 1177 3323 1248 ἅνθρωπος
3348 1179 3517 1243 οὗτος,
3546 1179 3762 1251 ὒεγον,
3794 1183 3852 1234 ἐκ

2223 1267 2311 1309 τοῦ
2350 1267 2502 1311 Θεοῦ·
2541 1281 2567 1311 ›)
2600 1265 2683 1313 τὸν
2734 1265 2977 1338 Λάζαρον
3025 1264 3360 1337 ἀνιστάμενον
3410 1278 3735 1342 τεταρταῖον
3780 1272 3853 1333 εἰς

2221 1346 2426 1399 πλείονα
2474 1370 2619 1421 φονον
2659 1353 2706 1389 θ’
2736 1351 3089 1423 ἀνεφλέγοντο.
3146 1377 3174 1403 ι(
3207 1356 3457 1416 Ἐζήτουν
3488 1362 3621 1428 γὰρ,
3654 1367 3848 1430 φησιν,

2224 1437 2306 1487 ἵνα
2332 1443 2418 1489 καὶ
2459 1443 2545 1489 τόν
2588 1441 2829 1514 Λάζαρον
2871 1441 3259 1498 ἀποκτείνωσιν.
3296 1465 3323 1495 »
3360 1443 3488 1497 Εἶτα
3534 1447 3855 1501 ἀναστάντα

2223 1528 2597 1596 μεμαθηκότες,
2652 1534 2902 1602 χρήμασι
2945 1538 3035 1584 καὶ
3091 1530 3277 1603 ψεύδει
3326 1539 3727 1607 κατακρύπτειν
3765 1539 3855 1590 ἐπ-

2226 1620 2461 1688 εχείρουν
2510 1621 2601 1673 τὴν
2648 1616 2954 1673 ἀνάστασιν.
3021 1627 3118 1673 Καὶ
3175 1618 3243 1680 δὴ
3288 1628 3379 1674 καὶ
3419 1632 3518 1675 τῶν
3584 1630 3855 1697 μαθητῶν

459 1706 811 1767 restitutum,
833 1704 902 1759 ad
938 1704 1227 1773 majorem
1255 1701 1543 1756 invidiam
1564 1700 2111 1758 inﬂammabantur.

2229 1707 2463 1773 πυρίναις
2517 1704 2780 1773 γλώσσαις
2844 1711 3229 1779 στομωθέντων,
3284 1716 3373 1762 καὶ
3438 1715 3508 1763 τὰ
3586 1716 3856 1786 μεγαλεῖα

465 1816 485 1842 ι
524 1794 880 1858 Quaerebam
919 1793 1099 1855 enim,
1143 1792 1242 1855 ait,
1278 1796 1339 1844 ut
1379 1794 1437 1843 et
1481 1792 1765 1845 Lazarum
1816 1792 2114 1847 interime-

462 1887 608 1938 rent.
640 1904 667 1931 ››
700 1884 760 1936 Et
790 1886 1111 1952 postquam
1144 1878 1487 1934 resciverint
1516 1880 1934 1944 resurrexisse,
1954 1880 2113 1937 illam

462 1972 952 2027 resurrectionem
970 1969 1286 2034 occultare,
1307 1968 1447 2023 data
1464 1968 1733 2038 pecunia,
1750 1975 1805 2025 et
1827 1986 1932 2041 per
1954 1988 2116 2026 men-

463 2060 703 2116 dacium
736 2059 1092 2115 nitebantur.
1124 2059 1189 2113 Et
1212 2074 1349 2112 cum
1381 2058 1654 2128 discipuli
1685 2059 1902 2130 linguis
1929 2060 2115 2129 igneis

463 2154 911 2215 exacuerentur,
953 2153 1007 2202 et
1050 2147 1352 2216 magnalia
1402 2148 1497 2201 Dei
1547 2147 1740 2202 verbis
1786 2151 2115 2219 peregrinis

464 2239 956 2310 deprmdicarent,
990 2241 1045 2292 et
1092 2252 1310 2305 magna
1350 2236 1663 2291 hominum
1697 2238 2009 2293 multitudo
2040 2239 2117 2294 ad

464 2329 747 2401 pietatem
765 2327 1052 2382 miraculo
1082 2328 1521 2391 inducerentur,
1541 2327 1665 2381 sine
1683 2328 1849 2383 omni
1866 2330 2114 2399 pudore,

465 2418 726 2473 miraculi
750 2422 1073 2487 augustum
1093 2416 1576 2471 etvenerandum
1606 2416 1854 2485 factum,
1886 2418 1962 2472 ad
1991 2435 2118 2473 mu—

465 2514 622 2561 stum
675 2506 991 2560 transferre
1044 2509 1101 2559 et
1140 2504 1489 2560 ebrietatem
1542 2506 1892 2574 satagebant
1948 2522 1960 2571 ;
2011 2522 2119 2561 nec

464 2594 824 2650 verebantur
861 2594 1215 2666 nequissimi
1258 2593 1565 2660 alastores,
1599 2610 1673 2648 ne
1705 2594 1782 2649 ab
1832 2595 1967 2663 igne
2018 2594 2119 2651 illo

464 2684 823 2740 miraculoso
872 2684 1351 2739 absumerentur.
1386 2685 1469 2738 lta
1499 2682 1643 2738 nihil
1673 2698 1915 2753 prorsus
1940 2700 2120 2754 quan-

463 2773 684 2829 tumvis
724 2778 1002 2829 naturam
1030 2777 1435 2844 exsuperaret,
1468 2773 1539 2828 ad
1574 2773 1933 2827 mutandum
1959 2772 2116 2845 ipso-

463 2880 599 2919 rum
625 2879 887 2935 nequam
916 2867 971 2918 et
996 2861 1329 2917 absurdam
1369 2862 1709 2934 opinionem
1761 2863 2115 2929 sufﬁciebat,

466 2960 782 3026 postquam
818 2951 1001 3007 semel
1031 2956 1239 3007 contra
1254 2951 1559 3024 praecipua
1576 2952 1825 3024 Spiritus
1850 2953 2041 3007 sancti
2066 2958 2123 3008 et

465 3042 660 3098 divina
686 3058 863 3115 Opera
894 3043 1019 3097 sine
1052 3042 1213 3097 omni
1242 3041 1527 3097 modestia
1558 3048 1614 3098 et
1653 3041 1884 3112 pudore
1906 3058 1967 3097 se
1994 3043 2119 3097 dis-
2160 3072 2200 3127 Ο

462 3137 805 3205 posuerant,
838 3132 917 3188 ad
969 3132 1334 3187 audendum.
1390 3130 1697 3197 Quocirca,
1728 3146 1836 3186 nec
1884 3131 2117 3202 injuria,

464 3222 771 3278 manifeste
804 3221 1225 3293 pronuntiatur
1259 3236 1270 3274 :
1317 3240 1341 3270 α
1395 3220 1501 3285 Qui
1543 3219 1779 3275 verbum
1813 3220 2123 3291 protulerit

465 3317 673 3367 contra
706 3311 914 3365 Filium
947 3309 1226 3374 hominis,
1259 3309 1588 3363 remittetur
1620 3308 1700 3363 illi
1731 3328 1743 3366 :
1774 3315 1829 3363 at
1850 3310 1952 3380 qui
1984 3325 2121 3364 con-

467 3406 556 3454 tra
591 3399 871 3469 Spiritum
897 3402 1173 3453 sanctum
1202 3395 1511 3468 protulerit
1536 3411 1659 3451 non
1686 3396 2015 3452 remittetur
2045 3398 2115 3464 ei,

466 3502 575 3542 nec
604 3486 665 3541 in
718 3486 831 3541 hoc
864 3485 1098 3549 saeculo,
1134 3499 1327 3555 neque
1380 3484 1435 3538 in
1471 3483 1667 3537 futuro
1712 3501 1724 3539 :
1758 3503 1785 3534 »
1820 3499 1957 3537 cum
2016 3485 2119 3556 qui

2225 1798 2314 1841 τοῦ
2361 1799 2491 1843 Θεοῦ
2548 1793 2701 1855 ξένοις
2747 1797 2980 1869 ῥήμασιν
3029 1797 3511 1869 ἀνακηρυττόντων,
3561 1809 3659 1855 καὶ
3718 1805 3856 1862 πλῆο

2228 1880 2309 1938 θος
2359 1882 2567 1952 ἄπειρον
2614 1892 2684 1952 τῷ
2740 1887 2968 1956 θαύματι
3010 1891 3139 1961 πρός
3168 1892 3261 1946 τὴν
3311 1889 3579 1942 εὐσέϐειαν
3634 1891 3857 1963 ἐναγόν-

2225 1987 2343 2031 των,
2397 1970 2467 2031 είς
2522 1970 2734 2041 γλεῦκος
2790 1975 2933 2026 οὗτοι
2981 1981 3069 2027 καὶ
3140 1979 3302 2048 μέθην
3352 1982 3410 2029 τό
3470 1986 3695 2053 φρικτόν
3758 1992 3855 2034 τοῦ

2229 2059 2484 2130 θαύματος
2541 2058 2810 2136 διασύρειν
2858 2064 2951 2115 οὐκ
3010 2066 3327 2136 ᾐσχύνοντο,
3389 2066 3508 2120 οὐδ’
3564 2069 3855 2140 ἐφοϐοῦντο

2226 2152 2297 2217 μὴ
2374 2157 2444 2218 τῷ
2494 2149 2615 2221 ξένῳ
2663 2157 2791 2225 πυρὶ
2850 2150 3361 2213 καταδαπανηθῶσιν
3419 2160 3468 2209 οὶ
3531 2156 3853 2234 ἀλάστορες.

2228 2238 2404 2298 Οὕτως
2446 2236 2595 2290 οὐδὲν
2652 2240 2830 2302 αὐτοῖς
2874 2251 2972 2293 τῶν
3000 2245 3272 2317 ὑπερφυῶν
3303 2246 3370 2305 εἷς
3409 2247 3710 2317 μεταϐολὴν
3758 2260 3858 2313 τῆς

2228 2328 2507 2399 μοχθηρᾶς
2554 2334 2642 2380 καὶ
2682 2328 2876 2381 ἀτόπου
2924 2337 3135 2403 γνώμης
3184 2332 3476 2406 ἐξήρκεσεν,
3528 2337 3678 2400 ἅπαξ
3720 2344 3859 2413 πρὸς

2228 2418 2293 2466 τὰ
2345 2425 2529 2488 πρῶτα
2588 2426 2685 2469 τῶν
2740 2430 3099 2491 πνευματικῶν
3148 2428 3233 2473 καὶ
3296 2426 3443 2475 θείων
3487 2428 3653 2498 ἔργων
3706 2427 3858 2480 ἀναι-

2232 2512 2471 2575 σχυντεῖν
2547 2505 2756 2568 ἑαυτοῦς
2822 2517 3242 2583 παρεσκευακόσι
3317 2518 3407 2565 καὶ
3481 2514 3854 2590 ἀποθρασύνε-

2233 2596 2377 2647 σθαι.
2412 2602 2629 2657 Δικαίως
2678 2599 2781 2670 ἄρα
2809 2597 2921 2649 λίαν
2951 2605 3041 2651 καὶ
3095 2609 3267 2672 σοφῶς
3298 2605 3521 2676 εἴρηται,
3558 2607 3643 2657 ὅτι
3673 2628 3701 2657 (ι
3756 2607 3855 2669 ’ος

2230 2685 2290 2735 ἄν
2341 2685 2455 2757 εῖπη
2507 2684 2657 2755 λόγον
2702 2690 2832 2739 κατά
2880 2696 2971 2740 τοῦ
3016 2691 3139 2741 Υίοῦ
3169 2698 3259 2742 τοῦ
3306 2692 3607 2765 ἀνθρώπου,
3655 2695 3851 2768 ἀφεθή-

2233 2792 2378 2825 σεται
2416 2774 2576 2845 αύτῷ·
2620 2777 2673 2836 ὃς
2722 2772 2774 2828 δ’
2818 2779 2877 2828 οἶν
2927 2780 3041 2851 εῖπη
3085 2783 3219 2831 κατὰ
3264 2789 3354 2832 τοῦ
3389 2786 3719 2855 Πνεύματος,
3758 2788 3852 2838 οὐκ

2232 2861 2546 2935 ἀφεθήσεται
2596 2865 2753 2935 αύτῷ,
2804 2870 2919 2919 οὔτε
2964 2866 3012 2917 ἐν
3064 2876 3135 2937 τῷ
3181 2876 3269 2920 νῦν
3320 2870 3489 2936 αἰῶνι,
3540 2877 3664 2926 οὔτε
3695 2879 3748 2927 ἐν
3782 2886 3853 2946 τῷ

2231 2952 2481 3023 μέλλοντι.
2539 2973 2567 3004 »
2623 2961 2738 3013 Τοῖς
2786 2958 2876 3026 μεν
2915 2958 3016 3029 ’γὰρ
3066 2955 3166 3007 ἀπὸ
3218 2966 3316 3009 τῶν
3365 2959 3855 3037 ἀνθρωπικωτέρων

2231 3045 2321 3092 καὶ
2378 3045 2747 3112 ταπεινοτέρων
2801 3040 3266 3097 σκανδαλισθήσιν
3328 3046 3411 3100 ἐπὶ
3468 3058 3542 3120 τῷ
3605 3059 3849 3112 Δεσπότη

2234 3138 2468 3201 Χριστῷ,
2523 3128 2688 3204 ῥᾳδία
2732 3134 2762 3189 ἡ
2800 3129 2892 3183 διὰ
2937 3142 3034 3184 τῶν
3088 3136 3337 3204 μειζόνων
3378 3143 3468 3189 καὶ
3516 3139 3854 3215 ύρἠλοτέρων

2231 3218 2486 3291 μεταϐολὲ
2542 3226 2630 3271 καὶ
2683 3222 2712 3278 ἡ
2762 3222 2960 3293 ἄφεσις.
3011 3229 3133 3284 Τοῖς
3166 3220 3225 3276 δὲ
3254 3229 3381 3298 πρὸς
3420 3232 3483 3279 τὰ
3518 3235 3855 3303 πνευματικὰ

2232 3313 2321 3359 καὶ
2379 3310 2610 3381 ὑπερφυῆ
2668 3314 2757 3361 καὶ
2817 3312 2927 3362 θεῖα
2980 3309 3335 3379 ἀπονοηθείσι,
3396 3319 3759 3388 παγχάλεπος
3814 3326 3841 3379 ὅ

2232 3401 2321 3448 καὶ
2357 3394 2613 3458 ἀδύνατος
2651 3399 2680 3454 ἡ
2737 3395 3036 3473 διόρθωσις.
3068 3403 3162 3452 Διὰ
3190 3409 3344 3454 τοῦτο
3374 3409 3465 3456 καὶ
3493 3404 3729 3480 οὐδεμία
3756 3419 3855 3461 τῶν

2231 3485 2694 3558 πλημμεληθέντων
2734 3486 2933 3545 ἀπαντὴ
2945 3508 3021 3541 σει
3062 3491 3261 3562 ἄφεσις.

457 3580 701 3649 propter
730 3574 1028 3629 humanas
1060 3580 1114 3627 et
1142 3572 1489 3626 humilitatis
1530 3571 1839 3643 passiones
1867 3573 2424 3631 scandalizabantur
2470 3576 2530 3629 in
2566 3576 2815 3631 Domino
2875 3577 3123 3643 Christo,
3173 3580 3498 3651 proclivem
3567 3583 3853 3644 habeant

466 3682 571 3738 per
593 3669 648 3720 et
676 3668 911 3735 propter
934 3662 1166 3731 majora
1195 3666 1250 3715 et
1277 3660 1630 3715 sublimiora
1664 3661 2051 3717 mutationem
2085 3670 2139 3719 et
2154 3663 2573 3719 remissionem
2610 3681 2621 3719 :
2657 3670 2715 3720 at
2745 3666 2846 3736 qui
2874 3667 2930 3720 in
2959 3667 3138 3723 rebus
3166 3670 3603 3744 spiritualibus,
3638 3691 3852 3748 super-

467 3752 842 3809 naturatibus
878 3756 931 3806 et
957 3751 1176 3806 divinis
1210 3750 1337 3805 sine
1364 3751 1592 3805 ratione
1616 3750 1939 3817 insaniunt,
1974 3752 2051 3807 ad
2093 3753 2339 3808 modum
2369 3752 2705 3819 difficulter,
2736 3759 2836 3809 aut
2867 3770 2989 3811 non
3020 3758 3291 3824 omnino,
3325 3759 3582 3818 redeunt
3616 3766 3696 3819 ad
3727 3782 3858 3820 me-

463 3843 672 3899 liorem
704 3842 954 3910 frugem.
1002 3840 1259 3912 ldeoque
1290 3839 1765 3911 haudquaquam
1799 3846 2177 3911 peccatorum
2211 3842 2478 3911 obtinget
2513 3842 2906 3912 indulgentia.

470 3939 801 4007 ΟυίΕΞΤΙΟ
834 3940 1034 3993 CCXIV
1063 3938 1266 4011 [CoisL
1298 3937 1538 4005 CCXLII,
1574 3940 1750 3993 Taur.
1783 3938 2122 4012 CCXXXIV].

2798 3949 3110 3996 ΕΡΩΤΗΣΙΣ
3151 3945 3280 4001 ΣῐΔ’.

779 4046 931 4097 Edita
952 4061 983 4096 a
1003 4046 1330 4095 Montacutio
1357 4050 1460 4109 (ep.
1495 4048 1602 4101 129,
1632 4046 1697 4095 ad
1743 4046 2044 4110 Cbristoph.
2076 4061 2124 4111 p.
2165 4048 2274 4104 170,
2302 4048 2429 4109 171).
2464 4076 2523 4086 -
2549 4050 2620 4098 De
2652 4054 2919 4115 prtecepto
2946 4052 3152 4113 Christi,
3188 4055 3374 4104 Matth.
3406 4070 3474 4115 vt,
3502 4059 3578 4108 17.

540 4137 686 4194 Cum
713 4144 896 4209 caput
920 4137 1206 4207 inungere
1233 4136 1514 4193 etfaciem
1534 4136 1752 4202 lavare,
1789 4137 1862 4191 de
1894 4142 2123 4193 vetusta

2304 4136 2521 4197 Ἐπειδὴ
2574 4143 2631 4191 τό
2684 4138 2983 4213 ἀλείφεσθαι
3028 4148 3119 4201 τὴν
3166 4145 3405 4216 κεφαλὴν,
3447 4152 3634 4201 καὶτὸ
3687 4158 3861 4224 πρόσ-

466 4228 734 4301 quadam
768 4226 1221 4290 consuetudine,
1241 4226 1317 4281 ab
1348 4227 1417 4280 iis
1449 4225 1553 4297 qui
1586 4225 1806 4295 gaudio
1838 4231 1893 4281 et
1922 4225 2117 4281 laetitia

2234 4248 2368 4280 ωπον
2434 4231 2707 4281 νίπτεσθαι
2761 4238 2869 4291 τοῖς
2927 4231 3341 4306 εύφραινομένοις
3404 4242 3493 4289 καὶ
3560 4246 3860 4314 χαίρουσι,

468 4317 903 4383 afficiebantur,
956 4320 1289 4387 usurpetur,
1353 4331 1486 4387 quae
1518 4314 1718 4384 gaudii
1768 4320 1822 4369 et
1868 4314 2123 4370 oblecta-

470 4406 644 4462 tionis
673 4404 1246 4477 symbolaquaedam
1276 4408 1441 4459 erant
1462 4422 1479 4474 ;
1501 4402 1784 4458 Dominus
1802 4403 2123 4477 dejejunio

466 4496 659 4567 legem
691 4500 1026 4566 rogaturus,
1057 4509 1241 4566 quam
1267 4493 1661 4548 noslubentes
1690 4492 1874 4547 voluit
1894 4498 1948 4549 et
1980 4509 2124 4564 gau-

468 4585 675 4640 dentes
706 4583 1050 4656 adimplere,
1087 4604 1113 4631 «
1160 4585 1349 4653 Caput
1379 4586 1568 4646 tuum,
1601 4582 1697 4650 ait,
1744 4583 2035 4653 inungito,
2069 4587 2124 4639 et

467 4674 669 4729 lavato
692 4673 902 4728 faciem
930 4690 942 4727 :
973 4688 1133 4727 »non
1151 4672 1313 4743 quod
1329 4671 1710 4726 volebatoleo
1735 4672 2123 4741 caputmolle-

468 4763 679 4829 facere,
707 4768 802 4817 aut
832 4761 1045 4817 faciem
1074 4776 1233 4832 aqua
1256 4760 1591 4829 abstergere
1623 4776 1635 4826 ;
1666 4776 1800 4814 cum
1835 4776 1943 4815 nec
1974 4762 2117 4833 ipse,

467 4853 567 4924 qui
586 4850 1285 4924 totosquadragintadies
1305 4848 1641 4920 jejunabat,
1664 4849 1791 4904 istis
1820 4854 2077 4905 uteretur
2105 4867 2116 4905 :

469 4957 575 4995 nec
600 4940 811 4995 intueri
844 4940 977 4994 licet
1006 4938 1482 4994 emolumentum
1515 4938 1758 5010 aliquod
1791 4938 1860 4993 iis
1894 4939 2121 4994 contin-

468 5044 627 5098 gere,
660 5030 759 5099 qui
803 5033 1064 5084 utuntur.
1100 5028 1386 5094 Quocirca
1417 5044 1524 5083 nec
1555 5027 1786 5097 inungi,
1821 5044 1928 5083 nec
1958 5028 2120 5084 ablui

465 5118 589 5173 istis
616 5116 942 5181 mandavit,
976 5118 1081 5172 sed
1112 5134 1216 5189 per
1248 5118 1530 5189 symbola
1561 5116 1763 5186 gaudii
1804 5124 1859 5172 et
1910 5116 2118 5173 laetitiae

466 5207 652 5262 voluit
677 5211 731 5262 et
763 5207 1080 5271 mandavit,
1120 5206 1492 5278 utjejunium
1522 5222 1659 5261 cum
1688 5206 1907 5275 gaudio
1936 5212 1991 5261 et
2022 5223 2119 5263 vo-

464 5297 689 5369 luptate
730 5312 1003 5366 agamus.
1035 5296 1119 5351 Ad
1151 5297 1311 5351 hunc
1359 5296 1603 5351 modum
1636 5296 1683 5350 si
1741 5312 1848 5351 nos
1880 5312 2119 5369 compo-

468 5402 687 5443 namus
704 5392 759 5444 et
772 5401 1156 5455 exornemus,
1179 5401 1317 5441 cum
1340 5384 1489 5441 alios
1513 5384 1693 5441 latere
1716 5385 2117 5457 poterintquaa

466 5475 741 5543 facimus,
777 5481 834 5531 et
858 5475 1067 5546 jejunii
1106 5480 1405 5531 certamen
1432 5474 1595 5529 haud
1640 5475 1929 5545 gravatim
1962 5474 2118 5529 subi-

2232 4319 2366 4368 κατά
2421 4338 2471 4369 τι
2525 4319 2741 4370 παλαιόν
2800 4318 3130 4377 ἐπετηδεύετο
3204 4325 3335 4389 ἔθος,
3431 4332 3521 4379 καὶ
3601 4330 3864 4401 σύμϐολα

2232 4414 2395 4457 ταῦτα
2446 4414 2624 4479 χαρᾶς
2668 4408 2925 4479 ἐνομίζετο
2983 4415 3072 4461 καὶ
3140 4412 3474 4484 εὐφροσύνης
3534 4417 3560 4467 ὁ
3641 4426 3861 4477 Δεσπό-

2231 4515 2321 4555 της
2372 4499 2457 4547 τὸν
2498 4501 2611 4567 περὶ
2661 4502 2900 4558 νηστείας
2950 4503 3101 4571 νόμον
3157 4500 3399 4572 εἰσάγων,
3462 4510 3551 4557 καὶ
3583 4505 3861 4582 βουλόμε-

2230 4604 2313 4646 νος
2342 4587 2474 4657 ἡμᾶς
2514 4588 2641 4656 μετὰ
2683 4593 2857 4660 χαράς
2905 4594 2993 4640 καὶ
3045 4588 3366 4663 εὐφροσύνης
3415 4596 3611 4653 ταύτην
3665 4597 3861 4653 ἐπιτεο

2229 4672 2351 4739 λείν,
2413 4696 2440 4725 (ι
2494 4674 2739 4745 ’Ἀλειψαί
2796 4695 2911 4743 σου,
2969 4682 3118 4748 φησὶ,
3172 4683 3264 4737 τὴν
3320 4681 3567 4753 κεφαλὴν,
3619 4692 3713 4739 καὶ
3777 4695 3861 4741 νίο

2229 4762 2329 4833 ψαι
2373 4766 2427 4815 τό
2471 4769 2766 4837 πρόσωπον·
2806 4786 2830 4812 u
2877 4766 2933 4817 ού
2983 4774 3128 4819 τούτο
3158 4767 3334 4840 λέγων,
3390 4771 3544 4843 ἐλαίῳ
3576 4772 3856 4829 λιπαίνειν

2230 4856 2322 4909 τὴν
2373 4851 2613 4923 κεφαλὴν,
2672 4854 2699 4911 ἦ
2748 4856 2805 4905 τό
2854 4859 3130 4927 πρόσωπον
3180 4855 3440 4911 ἐκπλύνειν
3482 4857 3673 4914 ὓδατι·
3714 4864 3857 4921 οὐδὲ

2228 4943 2329 5012 γὰρ
2366 4940 2515 5001 αὑτός
2562 4944 2853 5005 νηστεύσας
2908 4942 2978 5015 ἐφ’
3026 4944 3141 5006 ὅλας
3196 4948 3389 5019 ἡμέρας
3436 4956 3853 5023 τεσσαράκοντα

2230 5033 2431 5092 τούτοις
2467 5028 2754 5104 ἐχρήσατο·
2804 5028 2929 5084 οὐδέ
2972 5053 3022 5085 τι
3066 5031 3252 5109 κέρδος
3297 5034 3353 5088 ἐκ
3398 5042 3609 5109 τούτων,
3664 5048 3710 5094 εἰ
3762 5065 3853 5109 τις

2230 5119 2407 5181 αὐτοῖς
2449 5128 2645 5192 χρῷτο,
2686 5122 2805 5194 όρᾷν
2857 5124 2968 5173 ἔστι
3011 5130 3382 5197 παρεπόμενον.
3434 5129 3544 5179 Ούκ
3582 5130 3672 5181 οὖν
3705 5130 3853 5185 ἀλεί-

2229 5211 2415 5279 φεσθαι
2462 5215 2551 5261 καὶ
2598 5212 2870 5262 νίπτεσθαι
2927 5213 3064 5282 ἡμᾶς
3097 5209 3189 5264 δια
3236 5217 3431 5267 τούτων
3490 5217 3847 5289 ἐγκελεύεται,

2228 5295 2333 5348 ἀλλ’
2392 5296 2480 5349 ἀπ’
2534 5298 2701 5349 αὐτῶν
2749 5308 2847 5350 τῶν
2901 5300 3169 5372 συμϐόλων
3223 5311 3316 5366 τῆς
3376 5312 3547 5377 χαρᾶς
3597 5314 3691 5361 καὶ
3742 5319 3850 5372 τῆς

2228 5386 2567 5461 εὐφροσύνης,
2640 5393 2847 5463 χαίρειν
2899 5392 3033 5462 ἡμᾶς
3081 5396 3171 5443 καὶ
3228 5393 3590 5467 εὐφραίνεσθαι
3648 5397 3698 5449 ἓν
3762 5410 3844 5471 τῷ

2227 5480 2486 5533 νηστεύειν
2536 5479 2837 5551 νομοθετων,
2888 5486 3054 5533 ταῦτα
3110 5483 3318 5554 ἔφησεν.
3369 5485 3519 5536 Οὕτω
3566 5488 3670 5562 γὰρ
3715 5488 3845 5543 ἑαυ-

1782 5574 2013 5629 νΑΒΙιλΕ
2059 5572 2435 5630 LECTIONES

538 5649 645 5701 θῖσ.
686 5646 1052 5716 ἀσύγγωστον.
1068 5656 1093 5685 ο
1118 5645 1337 5717 ’φθόνον.
