4026 6196
156 278 270 338 973

1035 280 1129 336 AD
1169 278 1726 338 AMPHILOCHIUM
1766 279 2098 348 QUESTIO
2139 283 2374 351 CCXIV,
2415 284 2625 342 CCXV.

3416 289 3522 351 974

156 409 284 469 τοὺς
307 403 510 479 δια[τε]
522 405 686 466 θέντες
709 409 798 457 καὶ
827 401 1302 478 διακοσμήσαντες,
1328 409 1450 468 τούς
1477 425 1531 458 τε
1560 405 1766 474 ἄλλους,

1875 406 2096 464 bimus.
2131 412 2280 466 Nam
2303 410 2400 466 ubi
2429 414 2674 483 paratus
2695 409 2924 467 accedit
2952 411 3087 484 quis
3112 428 3250 470 cum
3279 415 3521 486 gaudio,

157 494 214 547 ἓν
272 497 350 556 οἷς
408 496 717 568 πράττομεν,
776 493 948 546 λαθεῖν
1007 491 1362 568 δυνησόμεθα,
1422 501 1510 548 καὶ
1567 495 1769 557 ἑαυτοῖς

157 583 437 656 ἀνεπαχθῆ
493 588 582 636 τόν
639 591 730 643 τῆς
793 589 1035 647 νηστείας
1102 585 1278 658 ἀγῶνα
1341 585 1762 659 ἀπεργασόμεθα.

154 674 322 727 Ἐνθα
371 677 473 746 γὰρ
523 675 792 744 προθυμία
842 678 932 725 καὶ
979 677 1146 748 χαρὰ,
1187 675 1292 728 ἐκεῖ
1337 683 1526 746 κοῦφον
1573 679 1662 726 καὶ
1709 679 1763 726 τὸ

152 762 399 815 ἐπίπονον
431 779 443 791 ⁸
477 763 650 834 ὥσπερ
701 763 822 814 ἔνθα
863 765 922 814 τὸ
966 765 1199 837 ῥᾴθυμον
1229 768 1319 816 καὶ
1349 767 1406 816 τὸ
1451 760 1629 825 ἀηδὲς,
1663 761 1766 816 ἐκεῖ

149 857 246 904 καὶ
300 856 360 904 τό
419 852 614 926 ῥᾷστον
663 846 1110 924 δυσχερέστατον.
1163 851 1406 924 Ἀλειψαι
1457 857 1627 904 τοίνυν
1673 856 1763 903 καὶ

150 941 316 1003 αὐτὸς
369 946 463 998 τὴν
513 939 758 1011 κεφαλὴν,
811 946 899 993 καὶ
945 945 1003 993 τὸ
1053 946 1330 1017 πρόσωπον
1386 941 1536 1012 νίψαι
1567 959 1578 971 ·
1639 941 1760 1010 ὅπερ

148 1033 338 1103 W1!
411 1029 760 1103 ἐπηρώτησας
793 1049 805 1062 ο
859 1026 1080 1105 φαιδρὸν
1150 1034 1365 1083 σεαυτὸν
1428 1035 1516 1082 καὶ
1590 1029 1760 1102 ἱλαρὸν

150 1119 256 1172 ἀπὸ
299 1127 398 1180 τῆς
440 1117 488 1169 ἐν
537 1126 598 1190 τῇ
650 1114 849 1192 καρδίᾳ
894 1119 1139 1192 εὐθυμίας
1169 1126 1257 1172 καὶ
1306 1119 1677 1192 ἀγαλλιάσεως,
1711 1118 1759 1171 ἐν

147 1217 223 1279 τῷ
275 1210 564 1272 νηστεύειν,
617 1210 1049 1280 παρασκευάζων,
1109 1214 1194 1261 xui
1254 1214 1406 1261 παντὶ
1455 1213 1630 1283 τρόπῳ
1673 1207 1759 1260 λα⁶

148 1300 254 1350 θεῖν
309 1293 631 1354 ἐπιτηδεύων
689 1304 795 1356 τοίς
846 1295 1137 1370 ἀνθρώποις
1183 1301 1242 1349 τό
1289 1300 1626 1372 κατόρθωμα,
1677 1299 1759 1349 ἱνα

142 1383 555 1458 μισθαποδότην
611 1388 739 1457 ἔχῃς
789 1389 875 1437 τὸν
936 1389 1115 1458 ἔφορον
1167 1396 1267 1438 τῶν
1321 1392 1549 1460 κρυφίων
1605 1391 1752 1441 Θεόν.

145 1475 207 1529 Εἰ
240 1471 301 1528 δε
344 1479 436 1526 καὶ
483 1476 764 1542 νηστεύων,
800 1473 950 1546 ἐλαίῳ
999 1475 1232 1537 εὐποιίας
1277 1478 1336 1527 τὸ
1385 1475 1435 1527 ἐν
1482 1483 1542 1547 τῇ
1596 1494 1757 1546 κεφα-

141 1564 206 1636 λῇ
265 1561 507 1634 δαψιλῶς
558 1565 743 1624 πιάνας
811 1565 1135 1635 ἡγεμονικόν,
1205 1566 1392 1617 ἐκεῖθέν
1459 1583 1512 1616 τε
1581 1566 1753 1636 ὥσπερ

1876 501 1958 558 ibi
1987 504 2146 575 quod
2177 503 2547 560 laboriosum
2577 508 2679 569 est,
2714 503 2842 560 leve
2871 505 3008 571 ﬁet;
3041 522 3072 561 e
3099 513 3327 573 contra,
3359 511 3525 582 quod

1874 591 2043 648 facile
2072 592 2159 659 ﬁt,
2206 593 2618 650 difﬁcillimum
2661 594 2925 650 redditur
2969 595 3071 651 ubi
3102 595 3410 654 intervenit
3438 616 3528 655 so-

1873 682 2098 747 cordia,
2125 687 2182 738 et
2219 683 2473 740 adversa
2514 683 2809 739 voluntas.
2835 685 3055 756 lnunge
3077 691 3140 742 tu
3162 701 3303 756 ergo
3321 695 3522 759 caput,

1872 776 1926 826 et
1957 771 2171 828 faciem
2201 771 2336 829 lava
2369 791 2383 839 ;
2433 773 2486 828 id
2529 773 2692 846 quod
2737 775 3025 846 cupiebas
3075 775 3222 848 quid
3257 782 3410 833 esset
3435 777 3524 834 in-

1870 859 2144 932 telligere,
2201 861 2315 917 hoc
2345 866 2471 918 est:
2513 865 2587 919 Te
2641 879 2852 920 sereno
2891 869 2946 919 et
2977 864 3146 921 hilari
3179 865 3344 921 vultu
3381 881 3528 937 prte-

1868 949 2056 1005 ditum
2076 950 2310 1017 exhibe,
2334 957 2576 1024 propter
2594 953 2882 1021 gaudium
2911 954 3094 1009 animi
3133 955 3213 1009 tui
3245 961 3301 1010 et
3337 956 3529 1012 exsul-

1868 1039 2155 1097 tationem
2184 1041 2503 1112 repositam
2533 1042 2593 1097 in
2632 1042 2969 1114 jejunando
3001 1060 3015 1108 ;
3045 1043 3266 1098 enitere
3322 1050 3524 1102 autem

1867 1130 2698 1200 etoperamdaomnimodam
2718 1132 2904 1186 uthoc
2920 1133 3272 1196 praeclarum
3289 1133 3525 1189 facinus

1867 1218 2104 1284 celetur,
2139 1223 2203 1274 ut
2253 1220 2338 1274 sic
2369 1221 2553 1276 Deum
2613 1221 2716 1293 qui
2750 1227 2974 1277 secreta
3010 1222 3212 1276 omnia
3238 1223 3523 1291 intuetur,

1865 1307 2091 1364 habeas
2121 1309 2559 1366 retributorem.
2596 1310 2768 1376 Quod
2795 1313 2842 1365 si
2876 1326 3056 1381 porro
3087 1327 3222 1367 cum
3254 1312 3518 1384 jejunas.

1865 1396 1998 1453 oleo
2016 1397 2422 1454 beneﬁcentiae
2453 1399 2875 1470 caputatfatim
2894 1399 3124 1469 irrigas,
3153 1405 3209 1456 et
3234 1400 3296 1455 in
3328 1401 3522 1472 capite

1864 1492 2092 1559 partem
2123 1487 2526 1559 principatum
2571 1487 2959 1557 obtinentem,
2994 1489 3074 1545 ita
3123 1496 3185 1546 ut
3229 1490 3366 1546 inde
3398 1496 3522 1546 tan-

1863 1591 2049 1650 quam
2076 1576 2151 1632 de
2179 1575 2338 1632 fonte
2391 1576 2788 1642 intellectuali,
2823 1582 2877 1633 te
2922 1582 3130 1644 totum,
3166 1594 3274 1634 nec
3325 1579 3521 1636 solum

142 1653 248 1704 ἀπό
300 1673 439 1714 τινος
487 1660 663 1723 πηγῆς
711 1658 904 1726 νοερᾶς,
959 1653 1071 1705 ὅλον
1123 1657 1335 1705 σεαυτὸν
1383 1658 1472 1704 καὶ
1502 1657 1558 1704 τό
1589 1659 1754 1726 πρόσ-

1864 1665 2076 1721 faciem
2109 1665 2342 1732 abluas,
2364 1665 2688 1721 etmuudes
2704 1667 2873 1736 (nam
2895 1668 3517 1736 emundat,utdicitur,

141 1762 284 1794 ωπον
332 1741 578 1802 ἐκπλύνας
622 1739 842 1814 φαιδρὸν
873 1740 1145 1815 ἀπεργάσῃ
1197 1747 1287 1794 καὶ
1333 1744 1560 1816 καθαρὸν
1591 1741 1756 1812 (ἐλεη-

137 1834 404 1902 μοσύναις
448 1833 572 1904 γὰρ,
621 1835 801 1901 φησιν,
847 1829 1290 1904 ἀποκαθαίρονται
1335 1830 1632 1905 ἁμαρτίαι),
1688 1831 1755 1890 εὶς

137 1923 197 1970 τό
243 1924 662 1992 χρησιμώτατόν
714 1937 796 1971 σοι
837 1915 1025 1982 δείξεις
1082 1929 1180 1972 τῶν
1229 1922 1374 1973 θείων
1409 1925 1609 1991 Λογίων
1661 1923 1756 1977 τὴν

135 2007 433 2072 ἀνάπτυξιν
463 2007 651 2081 προσελ
663 2007 927 2066 ηλυθέναι,

711 2113 1026 2162 ΕΡΩΤΗΣΙΣ
1067 2107 1198 2162 Σῐῐῖ.

1864 1755 2244 1827 eleemosyna
2304 1757 2661 1828 peccatum),
2699 1755 2899 1827 palam
2950 1756 3131 1812 facies
3177 1756 3519 1813 divinorum

1864 1843 2245 1900 oraculorum
2319 1844 2775 1918 explicationem
2861 1846 2960 1902 tibi
3045 1846 3332 1903 exstitisse
3405 1845 3522 1903 fru-

1865 1937 2151 1989 ctuosam.

1869 2113 2194 2178 QUIESTIO
2227 2113 2400 2169 CCXV
2437 2112 2635 2186 [CoisL
2679 2114 2948 2181 CCXXIV,
2985 2116 3167 2172 Taur.
3210 2118 3516 2188 CCXXXV].

476 2223 629 2274 Edita
682 2237 712 2274 a
745 2223 1071 2273 Montacutio
1101 2225 1200 2287 (ep.
1238 2224 1347 2281 132,
1372 2223 1438 2272 ad
1469 2222 1653 2272 Taras.
1685 2235 1744 2284 p.

1866 2219 2017 2270 475).
2077 2244 2136 2255 —
2187 2219 2370 2268 Matth.
2410 2231 2511 2275 x11,
2549 2222 2646 2274 t8;
2679 2219 2837 2269 Marc.
2868 2231 2957 2277 III,
2991 2221 3050 2268 33
3076 2221 3196 2282 (85).

217 2304 388 2376 Ὀπερ
440 2307 623 2378 ἔφησεν
674 2303 721 2356 ἐν
774 2313 884 2366 τοῖς
926 2304 1260 2376 Εὐαγγελίοις
1310 2305 1334 2355 ὁ
1379 2308 1575 2376 Σωτὴρ,
1605 2321 1634 2353 (ι
1664 2305 1754 2362 Τίς

142 2393 289 2446 ἐστιν
349 2397 378 2452 ἡ
441 2400 614 2470 μήτηρ
687 2414 809 2466 μου,
869 2399 959 2446 καὶ
1032 2400 1163 2456 τίνες
1240 2393 1368 2445 εἰσὶν
1437 2395 1484 2444 οἰ
1543 2389 1756 2462 ἀδελφοί

140 2503 246 2553 μου
279 2499 292 2547 ;
325 2483 486 2555 »οὐχ
539 2486 603 2544 ὡς
655 2483 713 2534 ἂν
764 2503 841 2546 τις
891 2482 1120 2556 ἀφρόνως
1158 2483 1380 2551 οἰηθείη,
1433 2481 1753 2552 ἓπαισχυνό-

140 2592 298 2644 μενος
349 2569 537 2633 ὠδῖνας
573 2576 664 2633 τὰς
693 2574 971 2647 μητρικάς,
1021 2573 1049 2632 ἦ
1109 2577 1201 2630 τὴν
1249 2576 1447 2644 μητέρα
1500 2569 1752 2622 ἐκϐάλλων

139 2669 233 2713 τοῦ
295 2668 556 2733 μητρικοῦ
610 2660 786 2722 κλέους
835 2672 863 2714 P
918 2665 1008 2712 xui
1063 2669 1161 2712 τῶν
1221 2664 1529 2734 προνομίων,
1599 2662 1752 2710 τοῦτό

139 2768 298 2820 φησι.
357 2756 475 2811 Πῶς
526 2751 648 2822 γὰρ,
703 2751 728 2801 ὅ
774 2768 833 2821 γε
879 2754 968 2800 καὶ
1015 2752 1115 2822 πρὸ
1164 2755 1350 2822 καιροῦ
1407 2756 1505 2798 τῶν
1552 2748 1748 2818 θαυμά·

1935 2299 2104 2364 Quod
2157 2298 2218 2354 in
2267 2299 2588 2369 Evangelio
2619 2299 2765 2356 dixit
2818 2302 3112 2366 Servator,
3171 2321 3198 2351 ‹‹
3231 2301 3376 2367 Quae
3431 2306 3519 2356 est

1863 2392 2054 2444 mater
2085 2404 2239 2452 mea,
2271 2393 2327 2444 et
2355 2389 2605 2460 quinam
2634 2394 2774 2444 sunt
2801 2389 3012 2445 fratres
3042 2390 3198 2446 mei?
3230 2412 3250 2439 ι
3286 2405 3407 2446 non
3435 2390 3517 2447 ita

1861 2476 2122 2550 protulit,
2153 2482 2216 2532 ut
2272 2477 2618 2549 imprudens
2648 2477 2795 2533 forte
2835 2477 3052 2551 aliquis
3083 2479 3358 2535 arbitrari
3413 2495 3516 2552 po-

1860 2566 2010 2633 terit,
2029 2566 2203 2638 quasi
2224 2567 2468 2622 materni
2497 2571 2702 2638 partus
2724 2566 2960 2623 dolores
2976 2569 3511 2624 verecundaretur:

1861 2659 1966 2710 aut
1993 2670 2063 2711 eo
2111 2655 2230 2711 ﬁne
2260 2659 2324 2710 ut
2353 2661 2604 2711 matrem
2635 2660 2906 2712 materno
2953 2655 3180 2712 honore
3236 2657 3510 2728 privaret.

1860 2744 1970 2810 Qui
2005 2744 2164 2800 enim
2222 2743 2368 2800 illud
2417 2743 2776 2812 admitteret,
2833 2745 2908 2811 is,
2949 2745 3056 2817 qui
3109 2749 3245 2801 ante
3275 2750 3514 2818 tempus

135 2857 260 2901 των,
320 2834 416 2890 διὰ
459 2843 554 2896 τὴν
611 2841 738 2911 πρὸς
787 2838 949 2897 αὐτὴν
1005 2835 1160 2901 αἰδῶ,
1209 2837 1274 2897 εἰς
1311 2834 1442 2888 οἶνον
1478 2855 1751 2909 μεταστοι-

1861 2833 2148 2904 operandi
2174 2832 2484 2896 miracula,
2517 2832 2596 2888 ob
2627 2849 2761 2888 eam
2793 2848 2977 2905 quam
3006 2848 3150 2902 erga
3171 2833 3333 2888 illam
3355 2849 3516 2890 reve-

136 2932 381 2998 χειῶσας
433 2931 489 2978 τό
545 2923 711 3001 ὕδωρ,
770 2932 859 2978 καὶ
913 2927 1026 2978 κατ’
1075 2927 1228 2978 αὑτὸν
1275 2934 1366 2978 τοῦ
1424 2928 1620 2986 πάθους
1662 2929 1748 2977 τὸν

135 3019 347 3088 καιρόν,
400 3017 482 3067 ὅτε
531 3018 816 3088 τραύμασι,
867 3020 956 3067 καὶ
1011 3015 1208 3088 λόγχη,
1258 3020 1348 3067 καὶ
1390 3023 1618 3086 σταυρῷ,
1661 3019 1748 3066 καὶ

139 3105 289 3167 ἣλοις
347 3110 679 3170 κατετείνετο,
741 3104 986 3162 πλείστην
1058 3106 1184 3162 ὅσην
1266 3109 1383 3178 περὶ
1436 3104 1599 3165 αὐτῆς
1654 3109 1746 3162 τὴν

139 3190 400 3269 φροντίδα
457 3190 875 3265 ἐπιδεδειγμένος
925 3213 936 3225 ·
995 3198 1083 3246 καὶ
1141 3199 1240 3267 πρό
1291 3212 1350 3264 γε
1401 3195 1594 3245 τούτων
1653 3193 1744 3244 οὐκ

136 3285 273 3356 αὐτῇ
328 3288 481 3354 μόνον
535 3291 597 3356 τῇ
656 3286 1005 3356 γεννησαμένη
1062 3281 1280 3348 ἀληθῶς,
1342 3281 1466 3333 ἀλλὰ
1523 3288 1609 3335 καὶ
1673 3291 1744 3352 τῷ

133 3374 442 3443 νομισθέντι
510 3372 929 3444 ὑποτασσόμενος
997 3376 1261 3444 πατρίς»
1314 3371 1409 3424 Ἦν
1457 3373 1580 3444 γὰρ.
1647 3391 1746 3443 φιβ’

136 3466 245 3527 σὶν,
297 3462 720 3532 ὑποτασσόμενος
770 3461 976 3528 αὖτοῖςς
1013 3483 1040 3513 ›)
1073 3460 1228 3513 Ἀ)λὰ
1266 3465 1319 3513 τί
1368 3468 1534 3512 ταῦτα
1570 3460 1741 3531 λέγω;

129 3550 194 3602 Ὀ
249 3554 460 3622 μήτραν
513 3550 726 3608 οἰκῆσαι
784 3554 855 3621 μὴ
914 3548 1306 3621 ἐπαισχυνθεὶς,
1353 3554 1441 3602 καὶ
1490 3553 1549 3601 τὸ
1603 3552 1745 3622 ἔργον

133 3639 264 3692 ἑκὼν
322 3638 574 3707 ὑπελθὼν,
624 3647 732 3700 πῶς
786 3637 845 3689 ἂν
913 3641 1030 3710 ἔχοι
1073 3639 1221 3710 λόγον
1271 3643 1364 3696 τὴν
1417 3638 1604 3696 κλῆσιν
1661 3639 1746 3689 αἰ-

135 3730 475 3800 σχύνεσθαι;
510 3732 598 3779 καὶ
647 3729 672 3780 6
702 3733 856 3800 τιμᾲν
895 3735 1079 3798 γονεῖς,
1111 3729 1242 3800 μετά
1284 3747 1342 3799 γε
1390 3731 1446 3779 τὸ
1479 3735 1629 3781 Θείον
1669 3728 1746 3779 εὖ·

134 3820 251 3881 θύς,
287 3819 596 3889 νομοθετῶν,
637 3825 741 3878 πῶς
785 3816 844 3868 ἂν
893 3817 1049 3879 αὐτὸς
1093 3818 1373 3878 ὑπεύθυνος
1421 3817 1597 3889 ὀφθείη
1648 3837 1745 3889 μην

131 3915 326 3982 τρικῆς
382 3911 856 3980 καταφρονήσεως;
892 3905 1001 3958 Οὐκ
1056 3907 1167 3958 ἔστι
1218 3910 1409 3973 τοίνυν,
1460 3906 1554 3958 οὐκ
1607 3909 1746 3958 ἔστιν

132 3997 322 4058 εἰπεῖν,
356 3996 438 4047 ὅτι
481 3999 569 4052 τὴν
600 4001 802 4068 μητέρα
843 3996 890 4047 ἐν
941 3995 1172 4068 αἰσχύνη
1219 3998 1520 4067 ποιούμενος
1566 3997 1591 4047 6
1639 4015 1746 4047 κοι-

128 4091 212 4146 νός
277 4084 526 4146 Πλάστης
583 4085 727 4156 ἡμῶν
786 4085 815 4143 ἢ
865 4085 1146 4158 ὑπερορῶν,
1189 4087 1247 4136 τὸ
1302 4103 1329 4134 (ι
1375 4089 1461 4145 Τίς
1517 4084 1656 4136 ἐστιν
1713 4087 1740 4142 ἡ

1857 2921 2109 2977 rentiam
2139 2921 2422 2987 habebat,
2455 2937 2676 2993 aquam
2708 2922 2769 2976 in
2831 2922 3040 2977 vinum
3071 2922 3462 2978 commutavit
3494 2936 3507 2977 :

1856 3016 1910 3064 et
1936 3011 2037 3081 qui
2071 3009 2333 3081 subipso
2361 3010 2659 3081 passionis
2681 3016 2945 3080 tempore
2975 3026 3113 3066 cum
3141 3009 3506 3076 vulneribus,

1853 3097 2082 3170 lancea,
2118 3115 2309 3163 cruce,
2365 3099 2551 3154 clavis
2579 3099 3029 3165 extendebatur,
3075 3104 3275 3156 tamen
3328 3099 3509 3156 etiam

1854 3191 1981 3242 tum
2041 3203 2347 3244 summam
2377 3204 2440 3244 se
2471 3187 2626 3243 illius
2677 3204 2886 3244 curam
2927 3203 3128 3256 gerere
3184 3187 3458 3259 patefecit
3493 3204 3506 3244 :

1851 3275 2076 3348 quique
2131 3281 2265 3332 ante
2317 3277 2444 3332 11th
2505 3276 2730 3343 omnia,
2789 3277 3238 3348 subjiciebatur,
3273 3293 3394 3333 non
3426 3276 3509 3333 illi

1855 3365 2267 3422 tantummodo
2294 3381 2428 3438 qua
2459 3366 2652 3438 ipsum
2672 3381 2807 3421 vere
2833 3372 3133 3436 genuerat,
3157 3367 3261 3421 sed
3287 3367 3508 3438 etpatri

1853 3472 2095 3529 quoque
2124 3456 2391 3526 putativo
2415 3479 2427 3511 :
2452 3459 2598 3512 Nam
2627 3476 2656 3507 «
2682 3460 2824 3522 erat,
2851 3456 2937 3512 ait
2955 3457 3276 3529 Scriptura,
3306 3456 3506 3512 subdi-

1853 3551 1948 3600 tus
1978 3545 2093 3600 illis
2123 3546 2150 3601 ?
2180 3566 2206 3598 »
2245 3545 2398 3611 Quid
2427 3551 2626 3602 autem
2653 3546 2782 3602 htec
2831 3546 3024 3616 allego
3047 3545 3076 3600 ?
3114 3545 3224 3612 Qui
3271 3551 3506 3602 uterum

1853 3635 2107 3690 incolere
2127 3650 2245 3690 non
2273 3635 2528 3701 erubuit,
2560 3635 2661 3708 qui
2680 3651 2834 3706 opus
2854 3641 2909 3690 et
2931 3651 3052 3690 rem
3070 3635 3266 3707 ipsam
3295 3642 3508 3709 sponte

1855 3724 2090 3794 subivit,
2123 3724 2431 3796 quomodo
2462 3740 2736 3780 sermone
2766 3724 3240 3781 nominationem
3273 3741 3508 3781 aversa-

1853 3817 2013 3869 retur
2041 3812 2069 3866 ?
2101 3814 2202 3884 qui
2228 3817 2505 3884 parentes
2533 3817 2669 3885 post
2691 3815 2875 3868 Deum
2895 3813 3165 3880 sancivit,
3197 3813 3507 3885 quomodo

1852 3918 1991 3958 reus
2049 3903 2144 3957 ille
2191 3901 2364 3959 fuerit
2419 3907 2701 3958 maternae
2759 3903 3009 3974 alicujus
3061 3903 3508 3960 viliﬁcationis?

1855 3994 1983 4047 Non
2034 3995 2126 4047 est
2172 4007 2313 4062 ergo
2364 3991 2708 4056 dicendum,
2742 3992 2989 4047 omnino
3042 4007 3163 4047 non
3203 3998 3310 4055 est,
3341 3992 3507 4064 quod

1855 4085 2106 4136 matrem
2139 4096 2462 4149 agnoscere
2494 4080 2990 4151 erubesceretqui
3022 4081 3364 4136 communis
3395 4095 3504 4136 no-

127 4182 314 4249 μήτηρ
395 4192 541 4247 μους
591 4178 679 4224 καὶ
752 4179 878 4235 τίνες
955 4174 1084 4226 εἰσὶν
1157 4176 1204 4226 οἱ
1279 4171 1490 4246 ἀδελφοί
1545 4193 1743 4245 μου;››

1861 4175 2040 4224 strum
2077 4169 2347 4224 omnium
2377 4169 2676 4233 Conditor,
2702 4174 2802 4224 aut
2829 4169 3194 4240 contemptui
3233 4168 3502 4234 haberet,

129 4269 328 4337 ἔφησεν
358 4284 370 4296 ο
407 4261 535 4314 ἀλλά
584 4259 677 4315 διὰ
726 4271 824 4314 τῶν
880 4263 1126 4337 ῥημάτων
1179 4265 1371 4315 τούτων
1430 4265 1576 4337 ἕτερά
1631 4283 1746 4316 τινα

129 4353 551 4424 διοικονομεῐται
609 4353 866 4424 μείζοναο
920 4357 1004 4404 καὶ
1080 4354 1181 4426 γὰρ
1245 4354 1270 4404 6
1327 4356 1420 4410 τὴν
1481 4359 1743 4426 σωτηρίαν

125 4454 222 4506 τῆς
264 4442 478 4514 ψυχῆς,
512 4449 610 4493 τῶν
653 4441 816 4493 ἀλλων
867 4440 1104 4492 ἁπάντων
1151 4441 1421 4512 πολλαχοῦ
1472 4437 1744 4494 διδάσκων

125 4533 461 4607 προτιθέναι,
517 4534 606 4582 xui
667 4533 798 4602 μήτε
873 4533 1091 4603 πατέρα,
1151 4535 1283 4602 μήτε
1342 4535 1561 4604 μητέρα,
1615 4535 1744 4603 μήτε

125 4625 309 4691 τέκνα,
363 4623 498 4692 μήτε
568 4615 821 4691 ἀδελφοὺς
868 4618 1032 4681 αὐτῆς
1098 4624 1371 4692 προτιμᾷν,
1431 4619 1555 4671 ἀλλὰ
1607 4617 1745 4692 μηδὲ

127 4712 289 4763 αὐτόν
343 4712 625 4780 σύμπαντα
663 4712 749 4760 τὸν
797 4712 1013 4779 κόσμον,
1051 4715 1137 4758 νῦν
1193 4705 1285 4760 διὰ
1317 4718 1415 4759 τῶν
1460 4712 1618 4782 ἔργων
1651 4709 1743 4760 αὖ·

125 4809 229 4852 τῶν
286 4799 418 4850 αὐτὸ
465 4804 618 4848 τοῦτο
675 4805 963 4871 περιφανῶς
1022 4792 1392 4850 ἐπιδείκνυσιν.
1451 4799 1590 4850 Ἰἰπεὶ
1640 4801 1742 4873 γὰρ

127 4887 497 4946 διδάσκοντος
543 4886 701 4938 αὐτοῦ
745 4889 862 4946 τοὺς
911 4884 1122 4956 ὄχλους,
1164 4891 1252 4938 καὶ
1295 4889 1380 4938 τὸν
1429 4895 1518 4947 τῆς
1578 4900 1742 4946 σωτη-

123 4985 248 5052 ρίας
301 4978 456 5048 λόγον
510 4982 624 5036 ταῖς
695 4973 895 5028 ἐκείνων
952 4974 1158 5046 ψυχαῖς
1225 4973 1740 5050 ἐγκατασπείροντος,

125 5068 434 5125 ἐπέστησαν
478 5066 507 5122 ἡ
554 5070 729 5137 μήτηρ
769 5068 857 5114 καὶ
897 5065 944 5114 οἱ
975 5060 1186 5135 ἀδελφοὶ
1235 5069 1359 5136 πρὸς
1405 5065 1610 5127 ἑαυτοὺς
1659 5071 1743 5118 τόν

126 5157 409 5230 εὐεργέτην
477 5158 566 5205 καὶ
643 5156 811 5204 κοινόν
888 5159 1099 5225 Σωτῆρα
1165 5154 1617 5226 μετακαλούμενοι,
1680 5158 1745 5209 εἰ-

1857 4274 1994 4313 cum
2021 4257 2186 4323 dixit,
2229 4276 2256 4308 «
2287 4259 2429 4322 Quas
2494 4261 2581 4312 est
2623 4261 2811 4312 mater
2844 4273 2977 4312 mea
3007 4257 3034 4312 ?
3087 4256 3331 4330 quinam
3365 4265 3506 4312 sunt.

1859 4348 2070 4404 fratres
2087 4347 2276 4402 mei?»
2299 4347 2552 4403 Omnino
2568 4363 2670 4420 per
2687 4353 2815 4403 haec
2839 4347 3017 4402 verba
3035 4347 3195 4402 aliud
3210 4346 3503 4418 quiddam

1856 4437 2110 4492 eximius
2169 4436 2571 4508 dispensatur,
2621 4436 2723 4508 qui
2778 4452 2900 4492 non
2953 4451 3070 4491 una
3125 4435 3250 4490 vice
3281 4435 3498 4501 docuit,

1855 4527 2073 4582 animae
2092 4525 2338 4581 salutem
2354 4526 2532 4581 rebus
2550 4526 2676 4582 aliis
2694 4524 2978 4581 omnibus
2997 4524 3504 4598 anteponendam,

1855 4615 1937 4670 ita
1969 4620 2168 4670 utnec
2223 4621 2475 4686 patrem,
2535 4621 2807 4680 matrem,
2867 4613 3107 4681 liberos,
3140 4615 3369 4680 fratres,
3423 4613 3507 4670 illi

1853 4703 2264 4778 praeferamus,
2296 4704 2419 4759 imo
2449 4719 2524 4758 ne
2550 4704 2843 4759 mundum
2870 4707 3023 4759 certe
3060 4704 3424 4768 universum,
3458 4703 3508 4758 is

1853 4796 1911 4852 in
1943 4795 2214 4868 praesenti
2262 4795 2374 4850 hoc
2405 4793 2561 4849 idem
2595 4809 2769 4865 opere
2799 4793 3138 4849 declaravit.
3187 4795 3333 4847 Nam
3367 4809 3506 4849 cum

1855 4885 2295 4942 multitudinem
2324 4883 2725 4955 promiscuam
2739 4883 2996 4949 doceret,
3013 4881 3283 4937 etsalutis
3302 4897 3508 4938 semen

1855 4975 2136 5032 cordibus
2170 4976 2434 5046 ipsorum
2467 4972 2865 5037 inseminaret,
2922 4972 3168 5026 aderant
3210 4976 3400 5027 mater
3454 4977 3510 5028 et

1855 5065 2065 5120 fratres
2091 5065 2292 5136 ipsius,
2327 5063 2426 5134 qui
2459 5077 2843 5117 communem
2877 5061 3144 5116 omnium
3177 5059 3506 5117 benefacto-

1855 5171 1980 5210 rem
2015 5159 2070 5209 et
2102 5155 2472 5210 Servatorem
2504 5151 2581 5206 ad
2624 5166 2685 5206 se
2738 5150 3027 5207 vocabant
3061 5167 3075 5218 ;
3108 5151 3203 5207 cui
3248 5151 3510 5208 citationi

1497 5309 1728 5364 VARI/E
1759 5307 2157 5365 LECTIONES.

205 5450 233 5492 Ρ
290 5435 509 5508 κλήρου.

1698 5558 1951 5618 NOT/E.

213 5685 337 5762 (35)
379 5681 664 5758 Ejusdem
694 5679 1034 5752 argumenti
1064 5681 1156 5737 est
1181 5697 1237 5754 q.
1270 5681 1426 5737 XLV.
