  <div class='ocr_page' id='page_1' title='image "/cluster/home/n/w/nwhite01/storage/ocr_20150623/101/hvd.32044054112305/507.png"; bbox 0 0 4076 6202; ppageno 0'>
   <div class='ocr_carea' id='block_1_1' title="bbox 496 283 601 343">
    <p class='ocr_par' dir='ltr' id='par_1_1' title="bbox 496 283 601 343">
     <span class='ocr_line' id='line_1_1' title="bbox 496 283 601 343; baseline -0.038 0"><span class='ocrx_word' id='word_1_1' title='bbox 496 283 601 343; x_wconf 84' lang='lat'>975</span> 
     </span>
    </p>
   </div>
   <div class='ocr_carea' id='block_1_2' title="bbox 1735 273 2658 337">
    <p class='ocr_par' dir='ltr' id='par_1_2' title="bbox 1735 273 2658 337">
     <span class='ocr_line' id='line_1_2' title="bbox 1735 273 2658 337; baseline -0.002 0"><span class='ocrx_word' id='word_1_2' title='bbox 1735 279 1976 337; x_wconf 86' lang='lat' dir='ltr'>PHOTII</span> <span class='ocrx_word' id='word_1_3' title='bbox 2012 274 2205 333; x_wconf 76' lang='lat' dir='ltr'>PATB</span> <span class='ocrx_word' id='word_1_4' title='bbox 2220 273 2507 333; x_wconf 70' lang='lat' dir='ltr'><strong>IARCHE</strong></span> <span class='ocrx_word' id='word_1_5' title='bbox 2548 277 2658 335; x_wconf 81' lang='grc' dir='ltr'>ΟΡ.</span> 
     </span>
    </p>
   </div>
   <div class='ocr_carea' id='block_1_3' title="bbox 3777 284 3888 338">
    <p class='ocr_par' dir='ltr' id='par_1_3' title="bbox 3777 284 3888 338">
     <span class='ocr_line' id='line_1_3' title="bbox 3777 284 3888 338; baseline -0.009 0"><span class='ocrx_word' id='word_1_6' title='bbox 3777 284 3888 338; x_wconf 80' lang='lat'>9‘16</span> 
     </span>
    </p>
   </div>
   <div class='ocr_carea' id='block_1_4' title="bbox 496 400 2160 480">
    <p class='ocr_par' dir='ltr' id='par_1_4' title="bbox 496 402 2149 480">
     <span class='ocr_line' id='line_1_4' title="bbox 496 402 2149 480; baseline -0.006 -13"><span class='ocrx_word' id='word_1_7' title='bbox 496 425 621 467; x_wconf 91' lang='lat' dir='ltr'>non</span> <span class='ocrx_word' id='word_1_8' title='bbox 664 406 943 469; x_wconf 87' lang='lat' dir='ltr'>obedivit,</span> <span class='ocrx_word' id='word_1_9' title='bbox 982 419 1091 461; x_wconf 91' lang='lat' dir='ltr'>nec</span> <span class='ocrx_word' id='word_1_10' title='bbox 1139 404 1370 477; x_wconf 84' lang='lat' dir='ltr'>injuria,</span> <span class='ocrx_word' id='word_1_11' title='bbox 1426 421 1620 480; x_wconf 89' lang='lat' dir='ltr'>neque</span> <span class='ocrx_word' id='word_1_12' title='bbox 1672 406 1835 463; x_wconf 85' lang='lat' dir='ltr'>enim</span> <span class='ocrx_word' id='word_1_13' title='bbox 1891 402 2149 460; x_wconf 86' lang='lat' dir='ltr'>docendi</span> 
     </span>
    </p>
   </div>
   <div class='ocr_carea' id='block_1_5' title="bbox 2270 400 3885 480">
    <p class='ocr_par' dir='ltr' id='par_1_5' title="bbox 2270 400 3885 479">
     <span class='ocr_line' id='line_1_5' title="bbox 2270 400 3885 479; baseline 0.004 -26"><span class='ocrx_word' id='word_1_14' title='bbox 2270 404 2426 462; x_wconf 87' lang='grc' dir='ltr'>κότως</span> <span class='ocrx_word' id='word_1_15' title='bbox 2482 402 2577 454; x_wconf 86' lang='grc' dir='ltr'>ούκ</span> <span class='ocrx_word' id='word_1_16' title='bbox 2630 403 2925 479; x_wconf 76' lang='grc' dir='ltr'>ἐπεστράφη</span> <span class='ocrx_word' id='word_1_17' title='bbox 2984 409 3045 474; x_wconf 75' lang='grc' dir='ltr'>τῇ</span> <span class='ocrx_word' id='word_1_18' title='bbox 3109 402 3312 471; x_wconf 81' lang='grc' dir='ltr'>κλήσει,</span> <span class='ocrx_word' id='word_1_19' title='bbox 3369 400 3493 458; x_wconf 68' lang='grc' dir='ltr'>ούδὶ</span> <span class='ocrx_word' id='word_1_20' title='bbox 3550 406 3885 475; x_wconf 76' lang='grc' dir='ltr'>ὑπήκουσεν,</span> 
     </span>
    </p>
   </div>
   <div class='ocr_carea' id='block_1_6' title="bbox 498 491 2157 568">
    <p class='ocr_par' dir='ltr' id='par_1_6' title="bbox 498 491 2157 568">
     <span class='ocr_line' id='line_1_6' title="bbox 498 491 2157 568; baseline -0.007 -11"><span class='ocrx_word' id='word_1_21' title='bbox 498 498 865 557; x_wconf 91' lang='lat' dir='ltr'>functionem</span> <span class='ocrx_word' id='word_1_22' title='bbox 887 494 1165 559; x_wconf 87' lang='lat' dir='ltr'>deseruit,</span> <span class='ocrx_word' id='word_1_23' title='bbox 1198 510 1314 551; x_wconf 93' lang='lat' dir='ltr'>non</span> <span class='ocrx_word' id='word_1_24' title='bbox 1337 496 1893 568; x_wconf 90' lang='lat' dir='ltr'>comperendinavit</span> <span class='ocrx_word' id='word_1_25' title='bbox 1922 491 2157 550; x_wconf 87' lang='lat' dir='ltr'>audito-</span> 
     </span>
    </p>
   </div>
   <div class='ocr_carea' id='block_1_7' title="bbox 498 584 2152 657">
    <p class='ocr_par' dir='ltr' id='par_1_7' title="bbox 498 584 2152 657">
     <span class='ocr_line' id='line_1_7' title="bbox 498 584 2152 657; baseline -0.006 -11"><span class='ocrx_word' id='word_1_26' title='bbox 498 605 634 646; x_wconf 86' lang='lat' dir='ltr'>rum</span> <span class='ocrx_word' id='word_1_27' title='bbox 652 586 929 653; x_wconf 79' lang='lat' dir='ltr'>salutem,</span> <span class='ocrx_word' id='word_1_28' title='bbox 949 590 1051 640; x_wconf 89' lang='lat' dir='ltr'>aut</span> <span class='ocrx_word' id='word_1_29' title='bbox 1070 590 1402 640; x_wconf 82' lang='lat' dir='ltr'>maternam</span> <span class='ocrx_word' id='word_1_30' title='bbox 1422 586 1677 657; x_wconf 63' lang='lat' dir='ltr'>praetulit</span> <span class='ocrx_word' id='word_1_31' title='bbox 1699 584 2152 646; x_wconf 85' lang='lat' dir='ltr'>salutationem;</span> 
     </span>
    </p>
   </div>
   <div class='ocr_carea' id='block_1_8' title="bbox 501 674 2155 749">
    <p class='ocr_par' dir='ltr' id='par_1_8' title="bbox 501 674 2155 749">
     <span class='ocr_line' id='line_1_8' title="bbox 501 674 2155 749; baseline -0.005 -15"><span class='ocrx_word' id='word_1_32' title='bbox 501 680 583 734; x_wconf 90' lang='lat' dir='ltr'>ita</span> <span class='ocrx_word' id='word_1_33' title='bbox 602 678 799 749; x_wconf 89' lang='lat' dir='ltr'>reipsa</span> <span class='ocrx_word' id='word_1_34' title='bbox 820 674 1024 730; x_wconf 83' lang='lat' dir='ltr'>docuit</span> <span class='ocrx_word' id='word_1_35' title='bbox 1042 674 1205 747; x_wconf 90' lang='lat' dir='ltr'>quod</span> <span class='ocrx_word' id='word_1_36' title='bbox 1226 690 1363 729; x_wconf 93' lang='lat' dir='ltr'>cum</span> <span class='ocrx_word' id='word_1_37' title='bbox 1389 676 1524 747; x_wconf 88' lang='lat' dir='ltr'>quis</span> <span class='ocrx_word' id='word_1_38' title='bbox 1539 676 1789 731; x_wconf 81' lang='lat' dir='ltr'>salutem</span> <span class='ocrx_word' id='word_1_39' title='bbox 1815 674 2155 730; x_wconf 90' lang='lat' dir='ltr'>animarum</span> 
     </span>
    </p>
   </div>
   <div class='ocr_carea' id='block_1_9' title="bbox 501 761 2154 837">
    <p class='ocr_par' dir='ltr' id='par_1_9' title="bbox 501 761 2154 837">
     <span class='ocr_line' id='line_1_9' title="bbox 501 761 2154 837; baseline -0.005 -13"><span class='ocrx_word' id='word_1_40' title='bbox 501 769 661 825; x_wconf 86' lang='lat' dir='ltr'>velut</span> <span class='ocrx_word' id='word_1_41' title='bbox 688 781 900 837; x_wconf 81' lang='lat' dir='ltr'>agrum</span> <span class='ocrx_word' id='word_1_42' title='bbox 933 763 1253 819; x_wconf 89' lang='lat' dir='ltr'>colendum</span> <span class='ocrx_word' id='word_1_43' title='bbox 1294 765 1561 836; x_wconf 88' lang='lat' dir='ltr'>suscipit,</span> <span class='ocrx_word' id='word_1_44' title='bbox 1603 764 1661 820; x_wconf 89' lang='lat' dir='ltr'>id</span> <span class='ocrx_word' id='word_1_45' title='bbox 1690 763 2015 834; x_wconf 81' lang='lat' dir='ltr'>agricolam</span> <span class='ocrx_word' id='word_1_46' title='bbox 2042 761 2154 816; x_wconf 86' lang='lat' dir='ltr'>im-</span> 
     </span>
    </p>
   </div>
   <div class='ocr_carea' id='block_1_10' title="bbox 502 851 2155 930">
    <p class='ocr_par' dir='ltr' id='par_1_10' title="bbox 502 851 2155 930">
     <span class='ocr_line' id='line_1_10' title="bbox 502 851 2155 930; baseline -0.005 -17"><span class='ocrx_word' id='word_1_47' title='bbox 502 856 711 930; x_wconf 87' lang='lat' dir='ltr'>primis</span> <span class='ocrx_word' id='word_1_48' title='bbox 730 854 1046 909; x_wconf 90' lang='lat' dir='ltr'>sollicitum</span> <span class='ocrx_word' id='word_1_49' title='bbox 1071 852 1294 909; x_wconf 89' lang='lat' dir='ltr'>habere</span> <span class='ocrx_word' id='word_1_50' title='bbox 1319 854 1552 921; x_wconf 81' lang='lat' dir='ltr'>debeat,</span> <span class='ocrx_word' id='word_1_51' title='bbox 1576 860 1641 909; x_wconf 90' lang='lat' dir='ltr'>ut</span> <span class='ocrx_word' id='word_1_52' title='bbox 1669 869 1777 909; x_wconf 90' lang='lat' dir='ltr'>nec</span> <span class='ocrx_word' id='word_1_53' title='bbox 1801 853 1973 923; x_wconf 81' lang='lat' dir='ltr'>juxta</span> <span class='ocrx_word' id='word_1_54' title='bbox 1995 851 2155 906; x_wconf 89' lang='lat' dir='ltr'>viam</span> 
     </span>
    </p>
   </div>
   <div class='ocr_carea' id='block_1_11' title="bbox 502 942 2155 1015">
    <p class='ocr_par' dir='ltr' id='par_1_11' title="bbox 502 942 2155 1015">
     <span class='ocr_line' id='line_1_11' title="bbox 502 942 2155 1015; baseline -0.006 -13"><span class='ocrx_word' id='word_1_55' title='bbox 502 946 723 1011; x_wconf 82' lang='lat' dir='ltr'>tritam,</span> <span class='ocrx_word' id='word_1_56' title='bbox 752 958 939 1014; x_wconf 89' lang='lat' dir='ltr'>neque</span> <span class='ocrx_word' id='word_1_57' title='bbox 970 942 1122 997; x_wconf 90' lang='lat' dir='ltr'>inter</span> <span class='ocrx_word' id='word_1_58' title='bbox 1151 942 1383 1013; x_wconf 89' lang='lat' dir='ltr'>spinas,</span> <span class='ocrx_word' id='word_1_59' title='bbox 1418 958 1612 1015; x_wconf 90' lang='lat' dir='ltr'>neque</span> <span class='ocrx_word' id='word_1_60' title='bbox 1663 943 1721 997; x_wconf 92' lang='lat' dir='ltr'>in</span> <span class='ocrx_word' id='word_1_61' title='bbox 1756 946 1922 1013; x_wconf 86' lang='lat' dir='ltr'>petra</span> <span class='ocrx_word' id='word_1_62' title='bbox 1953 954 2155 995; x_wconf 87' lang='lat' dir='ltr'>semen</span> 
     </span>
    </p>
   </div>
   <div class='ocr_carea' id='block_1_12' title="bbox 505 1030 2159 1107">
    <p class='ocr_par' dir='ltr' id='par_1_12' title="bbox 505 1030 2159 1107">
     <span class='ocr_line' id='line_1_12' title="bbox 505 1030 2159 1107; baseline -0.005 -17"><span class='ocrx_word' id='word_1_63' title='bbox 505 1038 779 1107; x_wconf 81' lang='lat' dir='ltr'>spargat:</span> <span class='ocrx_word' id='word_1_64' title='bbox 814 1031 1027 1087; x_wconf 91' lang='lat' dir='ltr'>eodem</span> <span class='ocrx_word' id='word_1_65' title='bbox 1054 1031 1235 1086; x_wconf 92' lang='lat' dir='ltr'>modo</span> <span class='ocrx_word' id='word_1_66' title='bbox 1258 1036 1313 1087; x_wconf 92' lang='lat' dir='ltr'>et</span> <span class='ocrx_word' id='word_1_67' title='bbox 1338 1031 1659 1103; x_wconf 88' lang='lat' dir='ltr'>spiritualis</span> <span class='ocrx_word' id='word_1_68' title='bbox 1685 1030 1947 1103; x_wconf 81' lang='lat' dir='ltr'>agricola</span> <span class='ocrx_word' id='word_1_69' title='bbox 1980 1045 2042 1083; x_wconf 90' lang='lat' dir='ltr'>se</span> <span class='ocrx_word' id='word_1_70' title='bbox 2074 1034 2159 1082; x_wconf 87' lang='lat' dir='ltr'>to-</span> 
     </span>
    </p>
   </div>
   <div class='ocr_carea' id='block_1_13' title="bbox 506 1120 2159 1191">
    <p class='ocr_par' dir='ltr' id='par_1_13' title="bbox 506 1120 2159 1191">
     <span class='ocr_line' id='line_1_13' title="bbox 506 1120 2159 1191; baseline -0.006 -10"><span class='ocrx_word' id='word_1_71' title='bbox 506 1129 630 1182; x_wconf 89' lang='lat' dir='ltr'>tum</span> <span class='ocrx_word' id='word_1_72' title='bbox 664 1122 854 1178; x_wconf 89' lang='lat' dir='ltr'>labori</span> <span class='ocrx_word' id='word_1_73' title='bbox 885 1126 942 1177; x_wconf 90' lang='lat' dir='ltr'>et</span> <span class='ocrx_word' id='word_1_74' title='bbox 966 1120 1342 1191; x_wconf 65' lang='lat' dir='ltr'>agriculturae</span> <span class='ocrx_word' id='word_1_75' title='bbox 1375 1121 1715 1191; x_wconf 86' lang='lat' dir='ltr'>impendere</span> <span class='ocrx_word' id='word_1_76' title='bbox 1768 1123 2015 1185; x_wconf 89' lang='lat' dir='ltr'>tenetur,</span> <span class='ocrx_word' id='word_1_77' title='bbox 2050 1132 2159 1172; x_wconf 91' lang='lat' dir='ltr'>nec</span> 
     </span>
    </p>
   </div>
   <div class='ocr_carea' id='block_1_14' title="bbox 506 1206 2161 1279">
    <p class='ocr_par' dir='ltr' id='par_1_14' title="bbox 506 1206 2161 1279">
     <span class='ocr_line' id='line_1_14' title="bbox 506 1206 2161 1279; baseline -0.004 -11"><span class='ocrx_word' id='word_1_78' title='bbox 506 1214 567 1269; x_wconf 94' lang='lat' dir='ltr'>in</span> <span class='ocrx_word' id='word_1_79' title='bbox 594 1212 740 1268; x_wconf 90' lang='lat' dir='ltr'>alias</span> <span class='ocrx_word' id='word_1_80' title='bbox 769 1226 945 1266; x_wconf 89' lang='lat' dir='ltr'>curas</span> <span class='ocrx_word' id='word_1_81' title='bbox 973 1215 1025 1265; x_wconf 92' lang='lat' dir='ltr'>et</span> <span class='ocrx_word' id='word_1_82' title='bbox 1056 1210 1448 1279; x_wconf 81' lang='lat' dir='ltr'>cogitationes</span> <span class='ocrx_word' id='word_1_83' title='bbox 1489 1225 1551 1263; x_wconf 89' lang='lat' dir='ltr'>se</span> <span class='ocrx_word' id='word_1_84' title='bbox 1581 1208 1846 1263; x_wconf 86' lang='lat' dir='ltr'>dividere</span> <span class='ocrx_word' id='word_1_85' title='bbox 1876 1224 1887 1260; x_wconf 88' lang='lat'>:</span> <span class='ocrx_word' id='word_1_86' title='bbox 1923 1223 1994 1261; x_wconf 93' lang='lat' dir='ltr'>ne</span> <span class='ocrx_word' id='word_1_87' title='bbox 2024 1206 2161 1278; x_wconf 92' lang='lat' dir='ltr'>qui-</span> 
     </span>
    </p>
   </div>
   <div class='ocr_carea' id='block_1_15' title="bbox 507 1295 2160 1370">
    <p class='ocr_par' dir='ltr' id='par_1_15' title="bbox 507 1295 2160 1370">
     <span class='ocr_line' id='line_1_15' title="bbox 507 1295 2160 1370; baseline -0.005 -12"><span class='ocrx_word' id='word_1_88' title='bbox 507 1302 645 1358; x_wconf 87' lang='lat' dir='ltr'>dem</span> <span class='ocrx_word' id='word_1_89' title='bbox 679 1302 726 1355; x_wconf 89' lang='lat' dir='ltr'>si</span> <span class='ocrx_word' id='word_1_90' title='bbox 760 1305 947 1355; x_wconf 91' lang='lat' dir='ltr'>mater</span> <span class='ocrx_word' id='word_1_91' title='bbox 971 1303 1074 1354; x_wconf 91' lang='lat' dir='ltr'>aut</span> <span class='ocrx_word' id='word_1_92' title='bbox 1126 1299 1606 1370; x_wconf 90' lang='lat' dir='ltr'>propinquorum</span> <span class='ocrx_word' id='word_1_93' title='bbox 1640 1298 1855 1369; x_wconf 88' lang='lat' dir='ltr'>aliquis</span> <span class='ocrx_word' id='word_1_94' title='bbox 1914 1297 2001 1360; x_wconf 87' lang='lat' dir='ltr'>sit,</span> <span class='ocrx_word' id='word_1_95' title='bbox 2056 1295 2160 1367; x_wconf 87' lang='lat' dir='ltr'>qui</span> 
     </span>
    </p>
   </div>
   <div class='ocr_carea' id='block_1_16' title="bbox 507 1384 2162 1461">
    <p class='ocr_par' dir='ltr' id='par_1_16' title="bbox 507 1384 2162 1461">
     <span class='ocr_line' id='line_1_16' title="bbox 507 1384 2162 1461; baseline -0.005 -15"><span class='ocrx_word' id='word_1_96' title='bbox 507 1390 861 1461; x_wconf 91' lang='lat' dir='ltr'>indeipsum</span> <span class='ocrx_word' id='word_1_97' title='bbox 890 1403 1145 1443; x_wconf 88' lang='lat' dir='ltr'>avocare</span> <span class='ocrx_word' id='word_1_98' title='bbox 1177 1387 1591 1443; x_wconf 89' lang='lat' dir='ltr'>autahducere</span> <span class='ocrx_word' id='word_1_99' title='bbox 1620 1387 1774 1442; x_wconf 88' lang='lat' dir='ltr'>velit.</span> <span class='ocrx_word' id='word_1_100' title='bbox 1802 1389 1915 1441; x_wconf 89' lang='lat' dir='ltr'>Nec</span> <span class='ocrx_word' id='word_1_101' title='bbox 1950 1389 2037 1440; x_wconf 90' lang='lat' dir='ltr'>est</span> <span class='ocrx_word' id='word_1_102' title='bbox 2067 1384 2162 1439; x_wconf 89' lang='lat' dir='ltr'>hic</span> 
     </span>
    </p>
   </div>
   <div class='ocr_carea' id='block_1_17' title="bbox 508 1474 2163 1549">
    <p class='ocr_par' dir='ltr' id='par_1_17' title="bbox 508 1474 2163 1549">
     <span class='ocr_line' id='line_1_17' title="bbox 508 1474 2163 1549; baseline -0.005 -13"><span class='ocrx_word' id='word_1_103' title='bbox 508 1485 809 1537; x_wconf 86' lang='lat' dir='ltr'>maternus</span> <span class='ocrx_word' id='word_1_104' title='bbox 836 1477 1051 1549; x_wconf 88' lang='lat' dir='ltr'>aliquis</span> <span class='ocrx_word' id='word_1_105' title='bbox 1082 1482 1479 1548; x_wconf 89' lang='lat' dir='ltr'>contemptus,</span> <span class='ocrx_word' id='word_1_106' title='bbox 1515 1476 1622 1532; x_wconf 91' lang='lat' dir='ltr'>sed</span> <span class='ocrx_word' id='word_1_107' title='bbox 1651 1490 1889 1530; x_wconf 88' lang='lat' dir='ltr'>summa</span> <span class='ocrx_word' id='word_1_108' title='bbox 1918 1474 2163 1545; x_wconf 86' lang='lat' dir='ltr'>provida</span> 
     </span>
    </p>
   </div>
   <div class='ocr_carea' id='block_1_18' title="bbox 509 1563 2162 1625">
    <p class='ocr_par' dir='ltr' id='par_1_18' title="bbox 509 1563 2162 1625">
     <span class='ocr_line' id='line_1_18' title="bbox 509 1563 2162 1625; baseline -0.005 0"><span class='ocrx_word' id='word_1_109' title='bbox 509 1585 653 1625; x_wconf 90' lang='lat' dir='ltr'>cura</span> <span class='ocrx_word' id='word_1_110' title='bbox 683 1573 738 1623; x_wconf 92' lang='lat' dir='ltr'>et</span> <span class='ocrx_word' id='word_1_111' title='bbox 767 1566 1099 1622; x_wconf 88' lang='lat' dir='ltr'>sollicitudo</span> <span class='ocrx_word' id='word_1_112' title='bbox 1121 1566 1195 1621; x_wconf 92' lang='lat' dir='ltr'>de</span> <span class='ocrx_word' id='word_1_113' title='bbox 1218 1566 1404 1620; x_wconf 88' lang='lat' dir='ltr'>salute</span> <span class='ocrx_word' id='word_1_114' title='bbox 1427 1565 1853 1621; x_wconf 88' lang='lat' dir='ltr'>salvandorum</span> <span class='ocrx_word' id='word_1_115' title='bbox 1884 1583 1895 1621; x_wconf 92' lang='lat'>:</span> <span class='ocrx_word' id='word_1_116' title='bbox 1924 1563 2027 1618; x_wconf 90' lang='lat' dir='ltr'>sed</span> <span class='ocrx_word' id='word_1_117' title='bbox 2054 1577 2162 1617; x_wconf 90' lang='lat' dir='ltr'>nec</span> 
     </span>
    </p>
   </div>
   <div class='ocr_carea' id='block_1_19' title="bbox 508 1651 2163 1729">
    <p class='ocr_par' dir='ltr' id='par_1_19' title="bbox 508 1651 2163 1729">
     <span class='ocr_line' id='line_1_19' title="bbox 508 1651 2163 1729; baseline -0.005 -15"><span class='ocrx_word' id='word_1_118' title='bbox 508 1663 747 1729; x_wconf 87' lang='lat' dir='ltr'>tempus</span> <span class='ocrx_word' id='word_1_119' title='bbox 769 1656 1043 1711; x_wconf 89' lang='lat' dir='ltr'>docendo</span> <span class='ocrx_word' id='word_1_120' title='bbox 1061 1654 1518 1722; x_wconf 88' lang='lat' dir='ltr'>assignatum,in</span> <span class='ocrx_word' id='word_1_121' title='bbox 1547 1654 1902 1726; x_wconf 86' lang='lat' dir='ltr'>obsequium</span> <span class='ocrx_word' id='word_1_122' title='bbox 1923 1651 2163 1724; x_wconf 89' lang='lat' dir='ltr'>propin-</span> 
     </span>
    </p>
   </div>
   <div class='ocr_carea' id='block_1_20' title="bbox 510 1730 2238 1819">
    <p class='ocr_par' dir='ltr' id='par_1_20' title="bbox 510 1730 2238 1819">
     <span class='ocr_line' id='line_1_20' title="bbox 510 1730 2238 1819; baseline -0.003 -19"><span class='ocrx_word' id='word_1_123' title='bbox 510 1762 766 1819; x_wconf 92' lang='lat' dir='ltr'>quorum</span> <span class='ocrx_word' id='word_1_124' title='bbox 788 1744 1053 1815; x_wconf 90' lang='lat' dir='ltr'>impendi</span> <span class='ocrx_word' id='word_1_125' title='bbox 1076 1743 1271 1798; x_wconf 90' lang='lat' dir='ltr'>debet.</span> <span class='ocrx_word' id='word_1_126' title='bbox 1308 1748 1511 1814; x_wconf 92' lang='lat' dir='ltr'>Itaque</span> <span class='ocrx_word' id='word_1_127' title='bbox 1542 1743 1866 1813; x_wconf 88' lang='lat' dir='ltr'>discipulos</span> <span class='ocrx_word' id='word_1_128' title='bbox 1895 1741 2001 1796; x_wconf 92' lang='lat' dir='ltr'>sibi</span> <span class='ocrx_word' id='word_1_129' title='bbox 2037 1756 2164 1795; x_wconf 90' lang='lat' dir='ltr'>ma-</span> <span class='ocrx_word' id='word_1_130' title='bbox 2194 1730 2238 1784; x_wconf 87' lang='grc' dir='ltr'>Β</span> 
     </span>
    </p>
   </div>
   <div class='ocr_carea' id='block_1_21' title="bbox 512 1832 2164 1905">
    <p class='ocr_par' dir='ltr' id='par_1_21' title="bbox 512 1832 2164 1905">
     <span class='ocr_line' id='line_1_21' title="bbox 512 1832 2164 1905; baseline -0.004 -15"><span class='ocrx_word' id='word_1_131' title='bbox 512 1836 602 1905; x_wconf 92' lang='lat' dir='ltr'>gis</span> <span class='ocrx_word' id='word_1_132' title='bbox 624 1838 971 1905; x_wconf 89' lang='lat' dir='ltr'>conjunctos</span> <span class='ocrx_word' id='word_1_133' title='bbox 999 1832 1270 1904; x_wconf 90' lang='lat' dir='ltr'>cupiens,</span> <span class='ocrx_word' id='word_1_134' title='bbox 1300 1832 1568 1888; x_wconf 87' lang='lat' dir='ltr'>Salvator</span> <span class='ocrx_word' id='word_1_135' title='bbox 1593 1833 1692 1895; x_wconf 88' lang='lat' dir='ltr'>ait,</span> <span class='ocrx_word' id='word_1_136' title='bbox 1729 1853 1755 1881; x_wconf 83' lang='grc'><em>‹‹</em></span> <span class='ocrx_word' id='word_1_137' title='bbox 1792 1832 1935 1886; x_wconf 88' lang='lat' dir='ltr'>Ecce</span> <span class='ocrx_word' id='word_1_138' title='bbox 1976 1835 2164 1885; x_wconf 88' lang='lat' dir='ltr'>mater</span> 
     </span>
    </p>
   </div>
   <div class='ocr_carea' id='block_1_22' title="bbox 513 1919 2164 1990">
    <p class='ocr_par' dir='ltr' id='par_1_22' title="bbox 513 1919 2164 1990">
     <span class='ocr_line' id='line_1_22' title="bbox 513 1919 2164 1990; baseline -0.004 -10"><span class='ocrx_word' id='word_1_139' title='bbox 513 1940 668 1990; x_wconf 88' lang='lat' dir='ltr'>mea,</span> <span class='ocrx_word' id='word_1_140' title='bbox 703 1929 757 1979; x_wconf 90' lang='lat' dir='ltr'>et</span> <span class='ocrx_word' id='word_1_141' title='bbox 788 1923 994 1978; x_wconf 86' lang='lat' dir='ltr'>fratres</span> <span class='ocrx_word' id='word_1_142' title='bbox 1026 1922 1164 1989; x_wconf 91' lang='lat' dir='ltr'>mei,</span> <span class='ocrx_word' id='word_1_143' title='bbox 1200 1944 1226 1972; x_wconf 90' lang='grc'><strong>››</strong></span> <span class='ocrx_word' id='word_1_144' title='bbox 1257 1923 1313 1977; x_wconf 94' lang='lat' dir='ltr'>id</span> <span class='ocrx_word' id='word_1_145' title='bbox 1343 1922 1564 1985; x_wconf 85' lang='lat' dir='ltr'>est,isti</span> <span class='ocrx_word' id='word_1_146' title='bbox 1594 1922 1775 1977; x_wconf 90' lang='lat' dir='ltr'>Patris</span> <span class='ocrx_word' id='word_1_147' title='bbox 1809 1921 1923 1974; x_wconf 90' lang='lat' dir='ltr'>mei</span> <span class='ocrx_word' id='word_1_148' title='bbox 1949 1919 2164 1975; x_wconf 92' lang='lat' dir='ltr'>doctri-</span> 
     </span>
    </p>
   </div>
   <div class='ocr_carea' id='block_1_23' title="bbox 510 2009 2160 2080">
    <p class='ocr_par' dir='ltr' id='par_1_23' title="bbox 510 2009 2160 2080">
     <span class='ocr_line' id='line_1_23' title="bbox 510 2009 2160 2080; baseline -0.005 -10"><span class='ocrx_word' id='word_1_149' title='bbox 510 2030 655 2070; x_wconf 92' lang='lat' dir='ltr'>nam</span> <span class='ocrx_word' id='word_1_150' title='bbox 688 2019 750 2069; x_wconf 91' lang='lat' dir='ltr'>ut</span> <span class='ocrx_word' id='word_1_151' title='bbox 776 2028 982 2067; x_wconf 89' lang='lat' dir='ltr'>semen</span> <span class='ocrx_word' id='word_1_152' title='bbox 1014 2012 1073 2066; x_wconf 93' lang='lat' dir='ltr'>in</span> <span class='ocrx_word' id='word_1_153' title='bbox 1128 2012 1327 2067; x_wconf 88' lang='lat' dir='ltr'>sinum</span> <span class='ocrx_word' id='word_1_154' title='bbox 1381 2012 1717 2066; x_wconf 91' lang='lat' dir='ltr'>animarum</span> <span class='ocrx_word' id='word_1_155' title='bbox 1751 2009 2160 2080; x_wconf 88' lang='lat' dir='ltr'>suscipientes,</span> 
     </span>
    </p>
   </div>
   <div class='ocr_carea' id='block_1_24' title="bbox 512 2098 2167 2169">
    <p class='ocr_par' dir='ltr' id='par_1_24' title="bbox 512 2098 2167 2169">
     <span class='ocr_line' id='line_1_24' title="bbox 512 2098 2167 2169; baseline -0.004 -10"><span class='ocrx_word' id='word_1_156' title='bbox 512 2103 642 2159; x_wconf 92' lang='lat' dir='ltr'>loco</span> <span class='ocrx_word' id='word_1_157' title='bbox 696 2102 900 2157; x_wconf 91' lang='lat' dir='ltr'>matris</span> <span class='ocrx_word' id='word_1_158' title='bbox 956 2118 1100 2156; x_wconf 71' lang='lat' dir='ltr'>meae</span> <span class='ocrx_word' id='word_1_159' title='bbox 1132 2109 1186 2155; x_wconf 91' lang='lat' dir='ltr'>et</span> <span class='ocrx_word' id='word_1_160' title='bbox 1215 2100 1464 2156; x_wconf 86' lang='lat' dir='ltr'>fratrum</span> <span class='ocrx_word' id='word_1_161' title='bbox 1496 2115 1767 2155; x_wconf 88' lang='lat' dir='ltr'>meorum</span> <span class='ocrx_word' id='word_1_162' title='bbox 1801 2098 1945 2153; x_wconf 88' lang='lat' dir='ltr'>mihi</span> <span class='ocrx_word' id='word_1_163' title='bbox 1993 2113 2167 2169; x_wconf 81' lang='lat' dir='ltr'>repu-</span> 
     </span>
    </p>
   </div>
   <div class='ocr_carea' id='block_1_25' title="bbox 512 2189 2162 2262">
    <p class='ocr_par' dir='ltr' id='par_1_25' title="bbox 512 2189 2162 2262">
     <span class='ocr_line' id='line_1_25' title="bbox 512 2189 2162 2262; baseline -0.005 -13"><span class='ocrx_word' id='word_1_164' title='bbox 512 2197 731 2249; x_wconf 87' lang='lat' dir='ltr'>tantur.</span> <span class='ocrx_word' id='word_1_165' title='bbox 761 2192 848 2246; x_wconf 89' lang='lat' dir='ltr'>Ita</span> <span class='ocrx_word' id='word_1_166' title='bbox 876 2196 1038 2262; x_wconf 90' lang='lat' dir='ltr'>patet</span> <span class='ocrx_word' id='word_1_167' title='bbox 1069 2206 1456 2262; x_wconf 82' lang='lat' dir='ltr'>nequaquam</span> <span class='ocrx_word' id='word_1_168' title='bbox 1505 2190 1617 2244; x_wconf 91' lang='lat' dir='ltr'>hoc</span> <span class='ocrx_word' id='word_1_169' title='bbox 1669 2189 1912 2252; x_wconf 91' lang='lat' dir='ltr'>dictum,</span> <span class='ocrx_word' id='word_1_170' title='bbox 1946 2191 2009 2242; x_wconf 92' lang='lat' dir='ltr'>ut</span> <span class='ocrx_word' id='word_1_171' title='bbox 2040 2202 2162 2241; x_wconf 89' lang='lat' dir='ltr'>ma-</span> 
     </span>
    </p>
   </div>
   <div class='ocr_carea' id='block_1_26' title="bbox 509 2276 2168 2350">
    <p class='ocr_par' dir='ltr' id='par_1_26' title="bbox 509 2276 2168 2350">
     <span class='ocr_line' id='line_1_26' title="bbox 509 2276 2168 2350; baseline -0.004 -14"><span class='ocrx_word' id='word_1_172' title='bbox 509 2285 661 2336; x_wconf 91' lang='lat' dir='ltr'>trem</span> <span class='ocrx_word' id='word_1_173' title='bbox 685 2280 863 2335; x_wconf 87' lang='lat' dir='ltr'>vilem</span> <span class='ocrx_word' id='word_1_174' title='bbox 890 2280 1168 2344; x_wconf 87' lang='lat' dir='ltr'>haberet;</span> <span class='ocrx_word' id='word_1_175' title='bbox 1192 2295 1385 2350; x_wconf 88' lang='lat' dir='ltr'>neque</span> <span class='ocrx_word' id='word_1_176' title='bbox 1417 2278 1575 2333; x_wconf 92' lang='lat' dir='ltr'>enim</span> <span class='ocrx_word' id='word_1_177' title='bbox 1604 2277 1748 2332; x_wconf 86' lang='lat' dir='ltr'>tales</span> <span class='ocrx_word' id='word_1_178' title='bbox 1770 2276 1973 2349; x_wconf 88' lang='lat' dir='ltr'>quales</span> <span class='ocrx_word' id='word_1_179' title='bbox 2002 2278 2168 2330; x_wconf 85' lang='lat' dir='ltr'>erant</span> 
     </span>
    </p>
   </div>
   <div class='ocr_carea' id='block_1_27' title="bbox 512 2363 2166 2441">
    <p class='ocr_par' dir='ltr' id='par_1_27' title="bbox 512 2363 2166 2441">
     <span class='ocr_line' id='line_1_27' title="bbox 512 2363 2166 2441; baseline -0.005 -16"><span class='ocrx_word' id='word_1_180' title='bbox 512 2370 809 2441; x_wconf 89' lang='lat' dir='ltr'>discipuli,</span> <span class='ocrx_word' id='word_1_181' title='bbox 872 2369 931 2423; x_wconf 91' lang='lat' dir='ltr'>in</span> <span class='ocrx_word' id='word_1_182' title='bbox 987 2380 1203 2423; x_wconf 88' lang='lat' dir='ltr'>sortem</span> <span class='ocrx_word' id='word_1_183' title='bbox 1266 2373 1599 2423; x_wconf 89' lang='lat' dir='ltr'>maternam</span> <span class='ocrx_word' id='word_1_184' title='bbox 1652 2366 2003 2422; x_wconf 83' lang='lat' dir='ltr'>extulisset:</span> <span class='ocrx_word' id='word_1_185' title='bbox 2066 2363 2166 2418; x_wconf 91' lang='lat' dir='ltr'>sed</span> 
     </span>
    </p>
   </div>
   <div class='ocr_carea' id='block_1_28' title="bbox 512 2456 2168 2527">
    <p class='ocr_par' dir='ltr' id='par_1_28' title="bbox 512 2456 2168 2527">
     <span class='ocr_line' id='line_1_28' title="bbox 512 2456 2168 2527; baseline -0.004 -14"><span class='ocrx_word' id='word_1_186' title='bbox 512 2460 703 2513; x_wconf 90' lang='lat' dir='ltr'>multo</span> <span class='ocrx_word' id='word_1_187' title='bbox 740 2457 931 2527; x_wconf 92' lang='lat' dir='ltr'>magis</span> <span class='ocrx_word' id='word_1_188' title='bbox 964 2461 1024 2512; x_wconf 89' lang='lat' dir='ltr'>ut</span> <span class='ocrx_word' id='word_1_189' title='bbox 1046 2473 1174 2511; x_wconf 86' lang='lat' dir='ltr'>eam</span> <span class='ocrx_word' id='word_1_190' title='bbox 1222 2456 1602 2511; x_wconf 86' lang='lat' dir='ltr'>veneratione</span> <span class='ocrx_word' id='word_1_191' title='bbox 1634 2460 1692 2510; x_wconf 90' lang='lat' dir='ltr'>et</span> <span class='ocrx_word' id='word_1_192' title='bbox 1716 2456 1939 2510; x_wconf 89' lang='lat' dir='ltr'>honore</span> <span class='ocrx_word' id='word_1_193' title='bbox 1974 2468 2168 2525; x_wconf 89' lang='lat' dir='ltr'>prose-</span> 
     </span>
    </p>
   </div>
   <div class='ocr_carea' id='block_1_29' title="bbox 512 2542 2168 2616">
    <p class='ocr_par' dir='ltr' id='par_1_29' title="bbox 512 2542 2168 2616">
     <span class='ocr_line' id='line_1_29' title="bbox 512 2542 2168 2616; baseline -0.002 -17"><span class='ocrx_word' id='word_1_194' title='bbox 512 2550 812 2616; x_wconf 90' lang='lat' dir='ltr'>queretur.</span> <span class='ocrx_word' id='word_1_195' title='bbox 837 2544 928 2599; x_wconf 87' lang='lat' dir='ltr'>Ait</span> <span class='ocrx_word' id='word_1_196' title='bbox 953 2546 1136 2613; x_wconf 92' lang='lat' dir='ltr'>enim,</span> <span class='ocrx_word' id='word_1_197' title='bbox 1152 2544 1391 2615; x_wconf 90' lang='lat' dir='ltr'>qualem</span> <span class='ocrx_word' id='word_1_198' title='bbox 1414 2544 1660 2599; x_wconf 92' lang='lat' dir='ltr'>demum</span> <span class='ocrx_word' id='word_1_199' title='bbox 1675 2557 1910 2614; x_wconf 91' lang='lat' dir='ltr'>cunque</span> <span class='ocrx_word' id='word_1_200' title='bbox 1928 2542 2168 2596; x_wconf 87' lang='lat' dir='ltr'>ﬁlialem</span> 
     </span>
    </p>
   </div>
   <div class='ocr_carea' id='block_1_30' title="bbox 515 2631 2171 2702">
    <p class='ocr_par' dir='ltr' id='par_1_30' title="bbox 515 2631 2171 2702">
     <span class='ocr_line' id='line_1_30' title="bbox 515 2631 2171 2702; baseline -0.002 -14"><span class='ocrx_word' id='word_1_201' title='bbox 515 2650 783 2689; x_wconf 91' lang='lat' dir='ltr'>amorem</span> <span class='ocrx_word' id='word_1_202' title='bbox 837 2634 897 2687; x_wconf 92' lang='lat' dir='ltr'>in</span> <span class='ocrx_word' id='word_1_203' title='bbox 936 2638 1188 2688; x_wconf 91' lang='lat' dir='ltr'>matrem</span> <span class='ocrx_word' id='word_1_204' title='bbox 1235 2632 1387 2702; x_wconf 89' lang='lat' dir='ltr'>quis,</span> <span class='ocrx_word' id='word_1_205' title='bbox 1424 2637 1522 2687; x_wconf 89' lang='lat' dir='ltr'>aut</span> <span class='ocrx_word' id='word_1_206' title='bbox 1552 2648 1717 2702; x_wconf 90' lang='lat' dir='ltr'>quem</span> <span class='ocrx_word' id='word_1_207' title='bbox 1750 2632 1809 2686; x_wconf 92' lang='lat' dir='ltr'>in</span> <span class='ocrx_word' id='word_1_208' title='bbox 1850 2631 2057 2686; x_wconf 83' lang='lat' dir='ltr'>fratres</span> <span class='ocrx_word' id='word_1_209' title='bbox 2093 2635 2171 2685; x_wconf 90' lang='lat' dir='ltr'>te-</span> 
     </span>
    </p>
   </div>
   <div class='ocr_carea' id='block_1_31' title="bbox 512 2719 2166 2791">
    <p class='ocr_par' dir='ltr' id='par_1_31' title="bbox 512 2719 2166 2791">
     <span class='ocr_line' id='line_1_31' title="bbox 512 2719 2166 2791; baseline -0.002 -13"><span class='ocrx_word' id='word_1_210' title='bbox 512 2727 685 2778; x_wconf 91' lang='lat' dir='ltr'>netur</span> <span class='ocrx_word' id='word_1_211' title='bbox 710 2722 945 2788; x_wconf 89' lang='lat' dir='ltr'>habere,</span> <span class='ocrx_word' id='word_1_212' title='bbox 1006 2722 1107 2777; x_wconf 91' lang='lat' dir='ltr'>tali</span> <span class='ocrx_word' id='word_1_213' title='bbox 1138 2720 1384 2777; x_wconf 90' lang='lat' dir='ltr'>omnino</span> <span class='ocrx_word' id='word_1_214' title='bbox 1441 2722 1605 2791; x_wconf 84' lang='lat' dir='ltr'>digni</span> <span class='ocrx_word' id='word_1_215' title='bbox 1646 2724 1996 2791; x_wconf 90' lang='lat' dir='ltr'>reputantur</span> <span class='ocrx_word' id='word_1_216' title='bbox 2063 2719 2166 2785; x_wconf 90' lang='lat' dir='ltr'>illi,</span> 
     </span>
    </p>
   </div>
   <div class='ocr_carea' id='block_1_32' title="bbox 513 2810 2172 2885">
    <p class='ocr_par' dir='ltr' id='par_1_32' title="bbox 513 2810 2172 2885">
     <span class='ocr_line' id='line_1_32' title="bbox 513 2810 2172 2885; baseline -0.002 -18"><span class='ocrx_word' id='word_1_217' title='bbox 513 2813 617 2885; x_wconf 94' lang='lat' dir='ltr'>qui</span> <span class='ocrx_word' id='word_1_218' title='bbox 640 2812 970 2867; x_wconf 87' lang='lat' dir='ltr'>doctrinam</span> <span class='ocrx_word' id='word_1_219' title='bbox 999 2810 1380 2866; x_wconf 86' lang='lat' dir='ltr'>observantet</span> <span class='ocrx_word' id='word_1_220' title='bbox 1404 2810 1567 2866; x_wconf 92' lang='lat' dir='ltr'>bona</span> <span class='ocrx_word' id='word_1_221' title='bbox 1586 2810 1724 2865; x_wconf 89' lang='lat' dir='ltr'>inde</span> <span class='ocrx_word' id='word_1_222' title='bbox 1748 2810 2172 2881; x_wconf 88' lang='lat' dir='ltr'>promanantia</span> 
     </span>
    </p>
   </div>
   <div class='ocr_carea' id='block_1_33' title="bbox 513 2898 2167 2973">
    <p class='ocr_par' dir='ltr' id='par_1_33' title="bbox 513 2898 2167 2973">
     <span class='ocr_line' id='line_1_33' title="bbox 513 2898 2167 2973; baseline -0.004 -15"><span class='ocrx_word' id='word_1_223' title='bbox 513 2917 698 2973; x_wconf 88' lang='lat' dir='ltr'>opera</span> <span class='ocrx_word' id='word_1_224' title='bbox 728 2901 1000 2971; x_wconf 86' lang='lat' dir='ltr'>gignunt.</span> <span class='ocrx_word' id='word_1_225' title='bbox 1030 2900 1326 2955; x_wconf 81' lang='lat' dir='ltr'>Attendilo</span> <span class='ocrx_word' id='word_1_226' title='bbox 1344 2904 1542 2955; x_wconf 89' lang='lat' dir='ltr'>autem</span> <span class='ocrx_word' id='word_1_227' title='bbox 1575 2905 1630 2954; x_wconf 89' lang='lat' dir='ltr'>et</span> <span class='ocrx_word' id='word_1_228' title='bbox 1656 2898 1821 2963; x_wconf 91' lang='lat' dir='ltr'>illud,</span> <span class='ocrx_word' id='word_1_229' title='bbox 1855 2914 1991 2953; x_wconf 91' lang='lat' dir='ltr'>cum</span> <span class='ocrx_word' id='word_1_230' title='bbox 2022 2914 2167 2970; x_wconf 71' lang='lat' dir='ltr'>pras-</span> 
     </span>
    </p>
   </div>
   <div class='ocr_carea' id='block_1_34' title="bbox 512 2986 2168 3060">
    <p class='ocr_par' dir='ltr' id='par_1_34' title="bbox 512 2986 2168 3060">
     <span class='ocr_line' id='line_1_34' title="bbox 512 2986 2168 3060; baseline -0.004 -13"><span class='ocrx_word' id='word_1_231' title='bbox 512 2992 776 3055; x_wconf 84' lang='lat' dir='ltr'>miserat,</span> <span class='ocrx_word' id='word_1_232' title='bbox 817 3013 843 3039; x_wconf 92' lang='grc'>‹‹</span> <span class='ocrx_word' id='word_1_233' title='bbox 877 2990 986 3056; x_wconf 89' lang='lat' dir='ltr'>Qui</span> <span class='ocrx_word' id='word_1_234' title='bbox 1044 2988 1234 3059; x_wconf 78' lang='lat' dir='ltr'>diligit</span> <span class='ocrx_word' id='word_1_235' title='bbox 1285 2993 1514 3060; x_wconf 91' lang='lat' dir='ltr'>patrem</span> <span class='ocrx_word' id='word_1_236' title='bbox 1573 2988 1667 3044; x_wconf 90' lang='lat' dir='ltr'>vel</span> <span class='ocrx_word' id='word_1_237' title='bbox 1725 2992 1975 3043; x_wconf 89' lang='lat' dir='ltr'>matrem</span> <span class='ocrx_word' id='word_1_238' title='bbox 2034 2986 2168 3058; x_wconf 92' lang='lat' dir='ltr'>plus</span> 
     </span>
    </p>
   </div>
   <div class='ocr_carea' id='block_1_35' title="bbox 2266 487 3889 561">
    <p class='ocr_par' dir='ltr' id='par_1_35' title="bbox 2266 487 3889 561">
     <span class='ocr_line' id='line_1_35' title="bbox 2266 487 3889 561; baseline 0.004 -19"><span class='ocrx_word' id='word_1_239' title='bbox 2266 487 2390 543; x_wconf 78' lang='grc' dir='ltr'>ούδε</span> <span class='ocrx_word' id='word_1_240' title='bbox 2461 492 2758 545; x_wconf 86' lang='grc' dir='ltr'>καταλιπὼν</span> <span class='ocrx_word' id='word_1_241' title='bbox 2834 497 2927 551; x_wconf 81' lang='grc' dir='ltr'>τὴν</span> <span class='ocrx_word' id='word_1_242' title='bbox 3010 489 3386 561; x_wconf 78' lang='grc' dir='ltr'>διδασκαλίαν,</span> <span class='ocrx_word' id='word_1_243' title='bbox 3438 500 3529 548; x_wconf 73' lang='grc' dir='ltr'>καὶ</span> <span class='ocrx_word' id='word_1_244' title='bbox 3607 502 3711 555; x_wconf 74' lang='grc' dir='ltr'>τήν</span> <span class='ocrx_word' id='word_1_245' title='bbox 3792 508 3889 549; x_wconf 80' lang='grc' dir='ltr'>τῶν</span> 
     </span>
    </p>
   </div>
   <div class='ocr_carea' id='block_1_36' title="bbox 2265 578 3891 659">
    <p class='ocr_par' dir='ltr' id='par_1_36' title="bbox 2265 578 3891 659">
     <span class='ocr_line' id='line_1_36' title="bbox 2265 578 3891 659; baseline 0.004 -27"><span class='ocrx_word' id='word_1_246' title='bbox 2265 579 2531 653; x_wconf 74' lang='grc' dir='ltr'>ἀκροατῶν</span> <span class='ocrx_word' id='word_1_247' title='bbox 2589 578 2849 656; x_wconf 82' lang='grc' dir='ltr'>ὑπεριδὼν</span> <span class='ocrx_word' id='word_1_248' title='bbox 2908 586 3192 654; x_wconf 77' lang='grc' dir='ltr'>σωτηρίαν,</span> <span class='ocrx_word' id='word_1_249' title='bbox 3254 587 3347 641; x_wconf 73' lang='grc' dir='ltr'>τὴν</span> <span class='ocrx_word' id='word_1_250' title='bbox 3404 590 3683 659; x_wconf 81' lang='grc' dir='ltr'>μητρικὴν</span> <span class='ocrx_word' id='word_1_251' title='bbox 3745 585 3891 638; x_wconf 57' lang='grc' dir='ltr'>ἐντέ-</span> 
     </span>
    </p>
   </div>
   <div class='ocr_carea' id='block_1_37' title="bbox 2265 668 3896 745">
    <p class='ocr_par' dir='ltr' id='par_1_37' title="bbox 2265 668 3896 745">
     <span class='ocr_line' id='line_1_37' title="bbox 2265 668 3896 745; baseline 0.004 -24"><span class='ocrx_word' id='word_1_252' title='bbox 2265 675 2392 741; x_wconf 88' lang='grc' dir='ltr'>χίαν</span> <span class='ocrx_word' id='word_1_253' title='bbox 2439 670 2796 745; x_wconf 79' lang='grc' dir='ltr'>προύτίμησεν</span> <span class='ocrx_word' id='word_1_254' title='bbox 2831 692 2843 704; x_wconf 94' lang='grc'><strong>·</strong></span> <span class='ocrx_word' id='word_1_255' title='bbox 2885 674 3020 743; x_wconf 79' lang='grc' dir='ltr'>ἔργῳ</span> <span class='ocrx_word' id='word_1_256' title='bbox 3068 668 3355 739; x_wconf 78' lang='grc' dir='ltr'>παιδεύων,</span> <span class='ocrx_word' id='word_1_257' title='bbox 3388 675 3452 734; x_wconf 86' lang='grc' dir='ltr'>ὡς</span> <span class='ocrx_word' id='word_1_258' title='bbox 3492 671 3667 727; x_wconf 81' lang='grc' dir='ltr'>ίπειδ⁹</span> <span class='ocrx_word' id='word_1_259' title='bbox 3704 678 3771 727; x_wconf 84' lang='grc' dir='ltr'>οἷν</span> <span class='ocrx_word' id='word_1_260' title='bbox 3816 695 3896 739; x_wconf 83' lang='grc' dir='ltr'>τις</span> 
     </span>
    </p>
   </div>
   <div class='ocr_carea' id='block_1_38' title="bbox 2264 760 3893 837">
    <p class='ocr_par' dir='ltr' id='par_1_38' title="bbox 2264 760 3893 837">
     <span class='ocr_line' id='line_1_38' title="bbox 2264 760 3893 837; baseline 0.004 -27"><span class='ocrx_word' id='word_1_261' title='bbox 2264 767 2468 832; x_wconf 76' lang='grc' dir='ltr'>γεωργῇ</span> <span class='ocrx_word' id='word_1_262' title='bbox 2550 760 2787 832; x_wconf 77' lang='grc' dir='ltr'>ψυχικὴν</span> <span class='ocrx_word' id='word_1_263' title='bbox 2873 765 3159 833; x_wconf 79' lang='grc' dir='ltr'>σωτηρίαν,</span> <span class='ocrx_word' id='word_1_264' title='bbox 3237 764 3410 837; x_wconf 81' lang='grc' dir='ltr'>ὥσπερ</span> <span class='ocrx_word' id='word_1_265' title='bbox 3504 765 3531 815; x_wconf 93' lang='lat'>6</span> <span class='ocrx_word' id='word_1_266' title='bbox 3618 770 3893 837; x_wconf 66' lang='grc' dir='ltr'>γεωργού-</span> 
     </span>
    </p>
   </div>
   <div class='ocr_carea' id='block_1_39' title="bbox 2267 848 3893 925">
    <p class='ocr_par' dir='ltr' id='par_1_39' title="bbox 2267 848 3893 925">
     <span class='ocr_line' id='line_1_39' title="bbox 2267 848 3893 925; baseline 0.003 -24"><span class='ocrx_word' id='word_1_267' title='bbox 2267 868 2411 922; x_wconf 80' lang='grc' dir='ltr'>μενος</span> <span class='ocrx_word' id='word_1_268' title='bbox 2477 854 2615 921; x_wconf 82' lang='grc' dir='ltr'>μόνῳ</span> <span class='ocrx_word' id='word_1_269' title='bbox 2671 852 2954 925; x_wconf 79' lang='grc' dir='ltr'>προσέχειν</span> <span class='ocrx_word' id='word_1_270' title='bbox 3026 850 3214 921; x_wconf 85' lang='grc' dir='ltr'>ὀφείλει</span> <span class='ocrx_word' id='word_1_271' title='bbox 3268 848 3339 921; x_wconf 77' lang='grc' dir='ltr'>τῷ</span> <span class='ocrx_word' id='word_1_272' title='bbox 3391 861 3631 925; x_wconf 80' lang='grc' dir='ltr'>γεωργῷ,</span> <span class='ocrx_word' id='word_1_273' title='bbox 3697 854 3762 905; x_wconf 77' lang='grc' dir='ltr'>ἂν</span> <span class='ocrx_word' id='word_1_274' title='bbox 3823 863 3893 924; x_wconf 66' lang='grc' dir='ltr'>μή</span> 
     </span>
    </p>
   </div>
   <div class='ocr_carea' id='block_1_40' title="bbox 2267 935 3896 1015">
    <p class='ocr_par' dir='ltr' id='par_1_40' title="bbox 2267 935 3896 1015">
     <span class='ocr_line' id='line_1_40' title="bbox 2267 935 3896 1015; baseline 0.005 -27"><span class='ocrx_word' id='word_1_275' title='bbox 2267 938 2370 1011; x_wconf 80' lang='grc' dir='ltr'>ἄρα</span> <span class='ocrx_word' id='word_1_276' title='bbox 2434 941 2578 1012; x_wconf 85' lang='grc' dir='ltr'>παρά</span> <span class='ocrx_word' id='word_1_277' title='bbox 2638 943 2732 997; x_wconf 82' lang='grc' dir='ltr'>τὴν</span> <span class='ocrx_word' id='word_1_278' title='bbox 2800 935 2945 1003; x_wconf 87' lang='grc' dir='ltr'>ὁδόν,</span> <span class='ocrx_word' id='word_1_279' title='bbox 2998 940 3028 997; x_wconf 78' lang='grc' dir='ltr'><strong>ἣ</strong></span> <span class='ocrx_word' id='word_1_280' title='bbox 3104 938 3182 991; x_wconf 76' lang='grc' dir='ltr'>ἐπ’</span> <span class='ocrx_word' id='word_1_281' title='bbox 3235 939 3506 1008; x_wconf 76' lang='grc' dir='ltr'>ἀκάνθαις,</span> <span class='ocrx_word' id='word_1_282' title='bbox 3564 944 3594 1001; x_wconf 76' lang='grc' dir='ltr'><strong><em>ἦ</em></strong></span> <span class='ocrx_word' id='word_1_283' title='bbox 3672 946 3896 1015; x_wconf 75' lang='grc' dir='ltr'>πέτραις</span> 
     </span>
    </p>
   </div>
   <div class='ocr_carea' id='block_1_41' title="bbox 2268 1024 3897 1103">
    <p class='ocr_par' dir='ltr' id='par_1_41' title="bbox 2268 1024 3897 1103">
     <span class='ocr_line' id='line_1_41' title="bbox 2268 1024 3897 1103; baseline 0.002 -24"><span class='ocrx_word' id='word_1_284' title='bbox 2268 1024 2632 1099; x_wconf 79' lang='grc' dir='ltr'>ὑποδέχεσθαι</span> <span class='ocrx_word' id='word_1_285' title='bbox 2660 1027 2833 1100; x_wconf 79' lang='grc' dir='ltr'>μέλλοι</span> <span class='ocrx_word' id='word_1_286' title='bbox 2876 1032 2970 1087; x_wconf 85' lang='grc' dir='ltr'>τὴν</span> <span class='ocrx_word' id='word_1_287' title='bbox 3015 1031 3353 1103; x_wconf 87' lang='grc' dir='ltr'>κατασποράν</span> <span class='ocrx_word' id='word_1_288' title='bbox 3386 1051 3399 1063; x_wconf 88' lang='grc'><strong>·</strong></span> <span class='ocrx_word' id='word_1_289' title='bbox 3433 1030 3572 1083; x_wconf 74' lang='grc' dir='ltr'>οὕτω</span> <span class='ocrx_word' id='word_1_290' title='bbox 3619 1028 3723 1097; x_wconf 75' lang='grc' dir='ltr'>δὴ,</span> <span class='ocrx_word' id='word_1_291' title='bbox 3759 1035 3897 1084; x_wconf 71' lang='grc' dir='ltr'>οὕτω</span> 
     </span>
    </p>
   </div>
   <div class='ocr_carea' id='block_1_42' title="bbox 2269 1116 3899 1193">
    <p class='ocr_par' dir='ltr' id='par_1_42' title="bbox 2269 1116 3899 1193">
     <span class='ocr_line' id='line_1_42' title="bbox 2269 1116 3899 1193; baseline 0.004 -26"><span class='ocrx_word' id='word_1_292' title='bbox 2269 1120 2357 1167; x_wconf 86' lang='grc' dir='ltr'>καὶ</span> <span class='ocrx_word' id='word_1_293' title='bbox 2405 1119 2431 1168; x_wconf 97' lang='lat'>6</span> <span class='ocrx_word' id='word_1_294' title='bbox 2480 1116 2850 1189; x_wconf 86' lang='grc' dir='ltr'>[πνευματικὸς</span> <span class='ocrx_word' id='word_1_295' title='bbox 2882 1116 2934 1190; x_wconf 72' lang='grc'>(1]</span> <span class='ocrx_word' id='word_1_296' title='bbox 2988 1120 3233 1193; x_wconf 84' lang='grc' dir='ltr'>γεωργός,</span> <span class='ocrx_word' id='word_1_297' title='bbox 3289 1118 3401 1171; x_wconf 83' lang='grc' dir='ltr'>ὅλον</span> <span class='ocrx_word' id='word_1_298' title='bbox 3455 1120 3639 1172; x_wconf 74' lang='grc' dir='ltr'>ἑαυτὸν</span> <span class='ocrx_word' id='word_1_299' title='bbox 3716 1118 3899 1173; x_wconf 77' lang='grc' dir='ltr'>ἐπιδι-</span> 
     </span>
    </p>
   </div>
   <div class='ocr_carea' id='block_1_43' title="bbox 2272 1202 3895 1281">
    <p class='ocr_par' dir='ltr' id='par_1_43' title="bbox 2272 1202 3895 1281">
     <span class='ocr_line' id='line_1_43' title="bbox 2272 1202 3895 1281; baseline 0.003 -24"><span class='ocrx_word' id='word_1_300' title='bbox 2272 1202 2421 1257; x_wconf 91' lang='grc' dir='ltr'>δόναι</span> <span class='ocrx_word' id='word_1_301' title='bbox 2471 1215 2542 1277; x_wconf 83' lang='grc' dir='ltr'>τῷ</span> <span class='ocrx_word' id='word_1_302' title='bbox 2594 1211 2732 1278; x_wconf 88' lang='grc' dir='ltr'>πόνῳ</span> <span class='ocrx_word' id='word_1_303' title='bbox 2787 1212 2876 1258; x_wconf 83' lang='grc' dir='ltr'>καὶ</span> <span class='ocrx_word' id='word_1_304' title='bbox 2934 1215 2996 1279; x_wconf 76' lang='grc' dir='ltr'>τῇ</span> <span class='ocrx_word' id='word_1_305' title='bbox 3052 1212 3283 1281; x_wconf 81' lang='grc' dir='ltr'>γεωργίᾳ</span> <span class='ocrx_word' id='word_1_306' title='bbox 3329 1216 3614 1280; x_wconf 84' lang='grc' dir='ltr'>χρεωστεὶ,</span> <span class='ocrx_word' id='word_1_307' title='bbox 3667 1216 3767 1261; x_wconf 80' lang='grc' dir='ltr'>καὶ</span> <span class='ocrx_word' id='word_1_308' title='bbox 3821 1218 3895 1278; x_wconf 70' lang='grc' dir='ltr'>μὴ</span> 
     </span>
    </p>
   </div>
   <div class='ocr_carea' id='block_1_44' title="bbox 2270 1295 3899 1370">
    <p class='ocr_par' dir='ltr' id='par_1_44' title="bbox 2270 1295 3899 1370">
     <span class='ocr_line' id='line_1_44' title="bbox 2270 1295 3899 1370; baseline 0.003 -24"><span class='ocrx_word' id='word_1_309' title='bbox 2270 1298 2400 1368; x_wconf 88' lang='grc' dir='ltr'>πρὸς</span> <span class='ocrx_word' id='word_1_310' title='bbox 2451 1300 2641 1370; x_wconf 84' lang='grc' dir='ltr'>πέτρας</span> <span class='ocrx_word' id='word_1_311' title='bbox 2674 1308 2695 1337; x_wconf 81' lang='grc' dir='ltr'>ι·</span> <span class='ocrx_word' id='word_1_312' title='bbox 2737 1296 3179 1369; x_wconf 83' lang='grc' dir='ltr'>καταμερίζεσθαι</span> <span class='ocrx_word' id='word_1_313' title='bbox 3232 1299 3324 1358; x_wconf 85' lang='grc' dir='ltr'>τὰς</span> <span class='ocrx_word' id='word_1_314' title='bbox 3373 1295 3662 1369; x_wconf 75' lang='grc' dir='ltr'>φροντίδας</span> <span class='ocrx_word' id='word_1_315' title='bbox 3702 1320 3716 1331; x_wconf 72' lang='grc' dir='ltr'>ο</span> <span class='ocrx_word' id='word_1_316' title='bbox 3764 1296 3899 1370; x_wconf 71' lang='grc' dir='ltr'>μηδ’</span> 
     </span>
    </p>
   </div>
   <div class='ocr_carea' id='block_1_45' title="bbox 2271 1382 3900 1459">
    <p class='ocr_par' dir='ltr' id='par_1_45' title="bbox 2271 1382 3900 1459">
     <span class='ocr_line' id='line_1_45' title="bbox 2271 1382 3900 1459; baseline 0.004 -25"><span class='ocrx_word' id='word_1_317' title='bbox 2271 1382 2331 1434; x_wconf 79' lang='grc' dir='ltr'>ἂν</span> <span class='ocrx_word' id='word_1_318' title='bbox 2384 1389 2581 1457; x_wconf 77' lang='grc' dir='ltr'>μήτηρ,</span> <span class='ocrx_word' id='word_1_319' title='bbox 2633 1389 2663 1441; x_wconf 78' lang='grc' dir='ltr'>ἤ</span> <span class='ocrx_word' id='word_1_320' title='bbox 2721 1404 2802 1445; x_wconf 91' lang='grc' dir='ltr'>τις</span> <span class='ocrx_word' id='word_1_321' title='bbox 2856 1384 3003 1445; x_wconf 79' lang='grc' dir='ltr'>ἄλλος</span> <span class='ocrx_word' id='word_1_322' title='bbox 3154 1394 3253 1437; x_wconf 89' lang='grc' dir='ltr'>τῶν</span> <span class='ocrx_word' id='word_1_323' title='bbox 3308 1386 3577 1457; x_wconf 81' lang='grc' dir='ltr'>ὶγγυτάτω</span> <span class='ocrx_word' id='word_1_324' title='bbox 3626 1392 3823 1459; x_wconf 78' lang='grc' dir='ltr'>γένους</span> <span class='ocrx_word' id='word_1_325' title='bbox 3877 1392 3900 1440; x_wconf 89' lang='grc' dir='ltr'>ό</span> 
     </span>
    </p>
   </div>
   <div class='ocr_carea' id='block_1_46' title="bbox 2270 1472 3902 1547">
    <p class='ocr_par' dir='ltr' id='par_1_46' title="bbox 2270 1472 3902 1547">
     <span class='ocr_line' id='line_1_46' title="bbox 2270 1472 3902 1547; baseline 0.004 -24"><span class='ocrx_word' id='word_1_326' title='bbox 2270 1474 2395 1546; x_wconf 85' lang='grc' dir='ltr'>πρὸς</span> <span class='ocrx_word' id='word_1_327' title='bbox 2451 1472 2631 1524; x_wconf 84' lang='grc' dir='ltr'>ἑαυτὸν</span> <span class='ocrx_word' id='word_1_328' title='bbox 2690 1472 2879 1526; x_wconf 78' lang='grc' dir='ltr'>ἐκεῖθεν</span> <span class='ocrx_word' id='word_1_329' title='bbox 2944 1474 3387 1547; x_wconf 76' lang='grc' dir='ltr'>μετακαλούμενος</span> <span class='ocrx_word' id='word_1_330' title='bbox 3440 1481 3530 1527; x_wconf 80' lang='grc' dir='ltr'>καὶ</span> <span class='ocrx_word' id='word_1_331' title='bbox 3606 1477 3902 1547; x_wconf 80' lang='grc' dir='ltr'>μεθέλκων.</span> 
     </span>
    </p>
   </div>
   <div class='ocr_carea' id='block_1_47' title="bbox 2270 1559 3899 1637">
    <p class='ocr_par' dir='ltr' id='par_1_47' title="bbox 2270 1559 3899 1637">
     <span class='ocr_line' id='line_1_47' title="bbox 2270 1559 3899 1637; baseline 0.002 -23"><span class='ocrx_word' id='word_1_332' title='bbox 2270 1568 2433 1614; x_wconf 88' lang='grc' dir='ltr'>Τοῦτο</span> <span class='ocrx_word' id='word_1_333' title='bbox 2489 1559 2549 1614; x_wconf 71' lang='grc' dir='ltr'>δὲ</span> <span class='ocrx_word' id='word_1_334' title='bbox 2610 1563 2703 1614; x_wconf 81' lang='grc' dir='ltr'>οὐκ</span> <span class='ocrx_word' id='word_1_335' title='bbox 2760 1566 2874 1615; x_wconf 77' lang='grc' dir='ltr'>ἔστι</span> <span class='ocrx_word' id='word_1_336' title='bbox 2934 1563 3231 1637; x_wconf 80' lang='grc' dir='ltr'>παρόρασις</span> <span class='ocrx_word' id='word_1_337' title='bbox 3289 1568 3504 1637; x_wconf 87' lang='grc' dir='ltr'>μητρός,</span> <span class='ocrx_word' id='word_1_338' title='bbox 3539 1565 3677 1617; x_wconf 78' lang='grc' dir='ltr'>ἀλλὰ</span> <span class='ocrx_word' id='word_1_339' title='bbox 3738 1567 3899 1625; x_wconf 61' lang='grc' dir='ltr'>ποῖιᾶη</span> 
     </span>
    </p>
   </div>
   <div class='ocr_carea' id='block_1_48' title="bbox 2271 1648 3905 1729">
    <p class='ocr_par' dir='ltr' id='par_1_48' title="bbox 2271 1648 3905 1729">
     <span class='ocr_line' id='line_1_48' title="bbox 2271 1648 3905 1729; baseline 0.003 -26"><span class='ocrx_word' id='word_1_340' title='bbox 2271 1655 2488 1723; x_wconf 90' lang='grc' dir='ltr'>πρόνοια</span> <span class='ocrx_word' id='word_1_341' title='bbox 2534 1656 2623 1703; x_wconf 87' lang='grc' dir='ltr'>καὶ</span> <span class='ocrx_word' id='word_1_342' title='bbox 2676 1648 2885 1710; x_wconf 84' lang='grc' dir='ltr'>σπουδὴ</span> <span class='ocrx_word' id='word_1_343' title='bbox 2932 1660 3028 1704; x_wconf 87' lang='grc' dir='ltr'>τῶν</span> <span class='ocrx_word' id='word_1_344' title='bbox 3075 1654 3377 1725; x_wconf 75' lang='grc' dir='ltr'>σωζομένων</span> <span class='ocrx_word' id='word_1_345' title='bbox 3407 1675 3420 1687; x_wconf 78' lang='grc' dir='ltr'>ο</span> <span class='ocrx_word' id='word_1_346' title='bbox 3450 1651 3578 1706; x_wconf 72' lang='grc' dir='ltr'>οῦδὲ</span> <span class='ocrx_word' id='word_1_347' title='bbox 3606 1658 3743 1729; x_wconf 80' lang='grc' dir='ltr'>γὰρ,</span> <span class='ocrx_word' id='word_1_348' title='bbox 3780 1654 3905 1709; x_wconf 68' lang='grc' dir='ltr'>οὐδὲ</span> 
     </span>
    </p>
   </div>
   <div class='ocr_carea' id='block_1_49' title="bbox 2271 1737 3901 1816">
    <p class='ocr_par' dir='ltr' id='par_1_49' title="bbox 2271 1737 3901 1816">
     <span class='ocr_line' id='line_1_49' title="bbox 2271 1737 3901 1816; baseline 0.002 -24"><span class='ocrx_word' id='word_1_349' title='bbox 2271 1744 2355 1792; x_wconf 89' lang='grc' dir='ltr'>τόν</span> <span class='ocrx_word' id='word_1_350' title='bbox 2379 1748 2467 1799; x_wconf 83' lang='grc' dir='ltr'>τῆς</span> <span class='ocrx_word' id='word_1_351' title='bbox 2508 1737 2862 1802; x_wconf 81' lang='grc' dir='ltr'>διδασκαλίας</span> <span class='ocrx_word' id='word_1_352' title='bbox 2891 1744 3093 1815; x_wconf 87' lang='grc' dir='ltr'>καιρόν,</span> <span class='ocrx_word' id='word_1_353' title='bbox 3129 1742 3195 1801; x_wconf 85' lang='grc' dir='ltr'>εἰς</span> <span class='ocrx_word' id='word_1_354' title='bbox 3225 1746 3317 1799; x_wconf 76' lang='grc' dir='ltr'>την</span> <span class='ocrx_word' id='word_1_355' title='bbox 3346 1751 3443 1794; x_wconf 88' lang='grc' dir='ltr'>τῶν</span> <span class='ocrx_word' id='word_1_356' title='bbox 3477 1753 3757 1814; x_wconf 82' lang='grc' dir='ltr'>συγγενῶν</span> <span class='ocrx_word' id='word_1_357' title='bbox 3791 1756 3901 1816; x_wconf 71' lang='grc' dir='ltr'>χρῂ</span> 
     </span>
    </p>
   </div>
   <div class='ocr_carea' id='block_1_50' title="bbox 2272 1828 3903 1903">
    <p class='ocr_par' dir='ltr' id='par_1_50' title="bbox 2272 1828 3903 1903">
     <span class='ocr_line' id='line_1_50' title="bbox 2272 1828 3903 1903; baseline 0.002 -22"><span class='ocrx_word' id='word_1_358' title='bbox 2272 1828 2643 1881; x_wconf 90' lang='grc' dir='ltr'>καταναλίσκεν</span> <span class='ocrx_word' id='word_1_359' title='bbox 2698 1832 2989 1901; x_wconf 86' lang='grc' dir='ltr'>θεραπείαν.</span> <span class='ocrx_word' id='word_1_360' title='bbox 3032 1832 3127 1882; x_wconf 88' lang='grc' dir='ltr'>Διά</span> <span class='ocrx_word' id='word_1_361' title='bbox 3169 1838 3321 1883; x_wconf 89' lang='grc' dir='ltr'>τοῦτο</span> <span class='ocrx_word' id='word_1_362' title='bbox 3360 1835 3481 1893; x_wconf 83' lang='grc' dir='ltr'>τους</span> <span class='ocrx_word' id='word_1_363' title='bbox 3523 1835 3788 1903; x_wconf 77' lang='grc' dir='ltr'>μαθητὰς</span> <span class='ocrx_word' id='word_1_364' title='bbox 3820 1834 3903 1885; x_wconf 77' lang='grc' dir='ltr'>ἐπὶ</span> 
     </span>
    </p>
   </div>
   <div class='ocr_carea' id='block_1_51' title="bbox 2272 1916 3901 1994">
    <p class='ocr_par' dir='ltr' id='par_1_51' title="bbox 2272 1916 3901 1994">
     <span class='ocr_line' id='line_1_51' title="bbox 2272 1916 3901 1994; baseline 0.003 -24"><span class='ocrx_word' id='word_1_365' title='bbox 2272 1918 2420 1970; x_wconf 80' lang='grc' dir='ltr'>πλέον</span> <span class='ocrx_word' id='word_1_366' title='bbox 2468 1918 2809 1990; x_wconf 82' lang='grc' dir='ltr'>οἰκειούμενος</span> <span class='ocrx_word' id='word_1_367' title='bbox 2853 1920 2879 1969; x_wconf 90' lang='lat'>6</span> <span class='ocrx_word' id='word_1_368' title='bbox 2933 1924 3132 1993; x_wconf 77' lang='grc' dir='ltr'>Σωτὴρ.</span> <span class='ocrx_word' id='word_1_369' title='bbox 3186 1940 3213 1971; x_wconf 87' lang='grc'>‹‹</span> <span class='ocrx_word' id='word_1_370' title='bbox 3252 1916 3397 1972; x_wconf 79' lang='grc' dir='ltr'>’ἰδοὺ</span> <span class='ocrx_word' id='word_1_371' title='bbox 3446 1922 3476 1977; x_wconf 79' lang='grc' dir='ltr'>ἡ</span> <span class='ocrx_word' id='word_1_372' title='bbox 3527 1927 3720 1994; x_wconf 74' lang='grc' dir='ltr'>μήτηρ</span> <span class='ocrx_word' id='word_1_373' title='bbox 3777 1943 3901 1994; x_wconf 79' lang='grc' dir='ltr'>μου,</span> 
     </span>
    </p>
   </div>
   <div class='ocr_carea' id='block_1_52' title="bbox 2276 2006 3901 2079">
    <p class='ocr_par' dir='ltr' id='par_1_52' title="bbox 2276 2006 3901 2079">
     <span class='ocr_line' id='line_1_52' title="bbox 2276 2006 3901 2079; baseline 0.003 -20"><span class='ocrx_word' id='word_1_374' title='bbox 2276 2013 2453 2079; x_wconf 80' lang='grc' dir='ltr'>φησὶν,</span> <span class='ocrx_word' id='word_1_375' title='bbox 2504 2011 2592 2059; x_wconf 82' lang='grc' dir='ltr'>καὶ</span> <span class='ocrx_word' id='word_1_376' title='bbox 2641 2009 2689 2059; x_wconf 80' lang='grc' dir='ltr'>οἱ</span> <span class='ocrx_word' id='word_1_377' title='bbox 2739 2006 2953 2079; x_wconf 83' lang='grc' dir='ltr'>ἀδελφοί</span> <span class='ocrx_word' id='word_1_378' title='bbox 2995 2028 3117 2079; x_wconf 89' lang='grc' dir='ltr'>μου.</span> <span class='ocrx_word' id='word_1_379' title='bbox 3154 2032 3180 2056; x_wconf 85' lang='grc'><strong>››</strong></span> <span class='ocrx_word' id='word_1_380' title='bbox 3229 2013 3523 2075; x_wconf 78' lang='grc' dir='ltr'>Τουτέστιν,</span> <span class='ocrx_word' id='word_1_381' title='bbox 3575 2010 3753 2063; x_wconf 77' lang='grc' dir='ltr'>Οὗτοι</span> <span class='ocrx_word' id='word_1_382' title='bbox 3808 2009 3901 2073; x_wconf 69' lang='grc' dir='ltr'>δὲ,</span> 
     </span>
    </p>
   </div>
   <div class='ocr_carea' id='block_1_53' title="bbox 2274 2093 3904 2173">
    <p class='ocr_par' dir='ltr' id='par_1_53' title="bbox 2274 2093 3904 2173">
     <span class='ocr_line' id='line_1_53' title="bbox 2274 2093 3904 2173; baseline 0.001 -24"><span class='ocrx_word' id='word_1_383' title='bbox 2274 2097 2439 2157; x_wconf 79' lang='grc' dir='ltr'>οὗτοι.</span> <span class='ocrx_word' id='word_1_384' title='bbox 2468 2100 2552 2148; x_wconf 77' lang='grc' dir='ltr'>τόν</span> <span class='ocrx_word' id='word_1_385' title='bbox 2600 2100 2852 2169; x_wconf 84' lang='grc' dir='ltr'>πατρικὸν</span> <span class='ocrx_word' id='word_1_386' title='bbox 2898 2105 2993 2157; x_wconf 85' lang='grc' dir='ltr'>τῆς</span> <span class='ocrx_word' id='word_1_387' title='bbox 3024 2093 3375 2158; x_wconf 77' lang='grc' dir='ltr'>διδασκαλίας</span> <span class='ocrx_word' id='word_1_388' title='bbox 3410 2104 3606 2173; x_wconf 84' lang='grc' dir='ltr'>σπόρον</span> <span class='ocrx_word' id='word_1_389' title='bbox 3650 2108 3773 2161; x_wconf 86' lang='grc' dir='ltr'>τοῖς</span> <span class='ocrx_word' id='word_1_390' title='bbox 3803 2102 3904 2171; x_wconf 65' lang='grc' dir='ltr'>ψυ-</span> 
     </span>
    </p>
   </div>
   <div class='ocr_carea' id='block_1_54' title="bbox 2275 2184 3904 2262">
    <p class='ocr_par' dir='ltr' id='par_1_54' title="bbox 2275 2184 3904 2262">
     <span class='ocr_line' id='line_1_54' title="bbox 2275 2184 3904 2262; baseline 0.003 -24"><span class='ocrx_word' id='word_1_391' title='bbox 2275 2195 2450 2259; x_wconf 87' lang='grc' dir='ltr'>χικοῖς</span> <span class='ocrx_word' id='word_1_392' title='bbox 2522 2184 2905 2258; x_wconf 82' lang='grc' dir='ltr'>ὑποδεχόμενοι</span> <span class='ocrx_word' id='word_1_393' title='bbox 2976 2187 3201 2253; x_wconf 85' lang='grc' dir='ltr'>κόλποις,</span> <span class='ocrx_word' id='word_1_394' title='bbox 3266 2192 3351 2239; x_wconf 89' lang='grc' dir='ltr'>τόν</span> <span class='ocrx_word' id='word_1_395' title='bbox 3412 2193 3675 2262; x_wconf 84' lang='grc' dir='ltr'>μητρικόν</span> <span class='ocrx_word' id='word_1_396' title='bbox 3740 2197 3904 2243; x_wconf 83' lang='grc' dir='ltr'>τόπον</span> 
     </span>
    </p>
   </div>
   <div class='ocr_carea' id='block_1_55' title="bbox 2275 2273 3903 2350">
    <p class='ocr_par' dir='ltr' id='par_1_55' title="bbox 2275 2273 3903 2350">
     <span class='ocr_line' id='line_1_55' title="bbox 2275 2273 3903 2350; baseline 0.002 -22"><span class='ocrx_word' id='word_1_397' title='bbox 2275 2281 2366 2328; x_wconf 85' lang='grc' dir='ltr'>καὶ</span> <span class='ocrx_word' id='word_1_398' title='bbox 2426 2273 2700 2349; x_wconf 77' lang='grc' dir='ltr'>ἀδελφικὸν</span> <span class='ocrx_word' id='word_1_399' title='bbox 2755 2274 3143 2349; x_wconf 78' lang='grc' dir='ltr'>ἀναπληροῦσιν</span> <span class='ocrx_word' id='word_1_400' title='bbox 3187 2280 3321 2350; x_wconf 77' lang='grc' dir='ltr'>ἐμοί.</span> <span class='ocrx_word' id='word_1_401' title='bbox 3368 2285 3533 2331; x_wconf 86' lang='grc' dir='ltr'>Τοῦτο</span> <span class='ocrx_word' id='word_1_402' title='bbox 3595 2275 3658 2332; x_wconf 77' lang='grc' dir='ltr'>δε</span> <span class='ocrx_word' id='word_1_403' title='bbox 3711 2278 3903 2344; x_wconf 75' lang='grc' dir='ltr'>δῆλον,</span> 
     </span>
    </p>
   </div>
   <div class='ocr_carea' id='block_1_56' title="bbox 2278 2365 3906 2441">
    <p class='ocr_par' dir='ltr' id='par_1_56' title="bbox 2278 2365 3906 2441">
     <span class='ocr_line' id='line_1_56' title="bbox 2278 2365 3906 2441; baseline 0.002 -23"><span class='ocrx_word' id='word_1_404' title='bbox 2278 2369 2342 2427; x_wconf 86' lang='grc' dir='ltr'>ὡς</span> <span class='ocrx_word' id='word_1_405' title='bbox 2390 2366 2448 2418; x_wconf 85' lang='grc' dir='ltr'>ού</span> <span class='ocrx_word' id='word_1_406' title='bbox 2499 2365 2838 2438; x_wconf 86' lang='grc' dir='ltr'>φαυλίζοντός</span> <span class='ocrx_word' id='word_1_407' title='bbox 2890 2365 3004 2417; x_wconf 79' lang='grc' dir='ltr'>ἐστι</span> <span class='ocrx_word' id='word_1_408' title='bbox 3051 2371 3145 2424; x_wconf 76' lang='grc' dir='ltr'>τὴν</span> <span class='ocrx_word' id='word_1_409' title='bbox 3191 2374 3439 2419; x_wconf 81' lang='grc' dir='ltr'>τεκοῦσαν</span> <span class='ocrx_word' id='word_1_410' title='bbox 3490 2368 3628 2437; x_wconf 88' lang='grc' dir='ltr'>(πῶς</span> <span class='ocrx_word' id='word_1_411' title='bbox 3675 2372 3791 2441; x_wconf 78' lang='grc' dir='ltr'>γὰρ</span> <span class='ocrx_word' id='word_1_412' title='bbox 3846 2370 3906 2421; x_wconf 83' lang='grc' dir='ltr'>ἂν</span> 
     </span>
    </p>
   </div>
   <div class='ocr_carea' id='block_1_57' title="bbox 2277 2454 3906 2531">
    <p class='ocr_par' dir='ltr' id='par_1_57' title="bbox 2277 2454 3906 2531">
     <span class='ocr_line' id='line_1_57' title="bbox 2277 2454 3906 2531; baseline 0.002 -24"><span class='ocrx_word' id='word_1_413' title='bbox 2277 2459 2397 2517; x_wconf 84' lang='grc' dir='ltr'>τοὺς</span> <span class='ocrx_word' id='word_1_414' title='bbox 2446 2457 2732 2522; x_wconf 84' lang='grc' dir='ltr'>τοιούτους,</span> <span class='ocrx_word' id='word_1_415' title='bbox 2783 2458 2852 2515; x_wconf 87' lang='grc' dir='ltr'>ὡς</span> <span class='ocrx_word' id='word_1_416' title='bbox 2902 2454 2974 2515; x_wconf 88' lang='grc' dir='ltr'>εἰς</span> <span class='ocrx_word' id='word_1_417' title='bbox 3016 2460 3152 2527; x_wconf 84' lang='grc' dir='ltr'>μέγα</span> <span class='ocrx_word' id='word_1_418' title='bbox 3198 2455 3363 2523; x_wconf 74' lang='grc' dir='ltr'>κλέος,</span> <span class='ocrx_word' id='word_1_419' title='bbox 3402 2456 3471 2518; x_wconf 89' lang='grc' dir='ltr'>εἰς</span> <span class='ocrx_word' id='word_1_420' title='bbox 3513 2461 3605 2508; x_wconf 89' lang='grc' dir='ltr'>τὸν</span> <span class='ocrx_word' id='word_1_421' title='bbox 3648 2469 3906 2531; x_wconf 74' lang='grc' dir='ltr'>μητρῷον</span> 
     </span>
    </p>
   </div>
   <div class='ocr_carea' id='block_1_58' title="bbox 2280 2542 3908 2619">
    <p class='ocr_par' dir='ltr' id='par_1_58' title="bbox 2280 2542 3908 2619">
     <span class='ocr_line' id='line_1_58' title="bbox 2280 2542 3908 2619; baseline 0.002 -23"><span class='ocrx_word' id='word_1_422' title='bbox 2280 2543 2481 2618; x_wconf 81' lang='grc' dir='ltr'>ἀνέφερε</span> <span class='ocrx_word' id='word_1_423' title='bbox 2552 2544 2737 2618; x_wconf 83' lang='grc' dir='ltr'>κλῆρον</span> <span class='ocrx_word' id='word_1_424' title='bbox 2763 2544 2823 2614; x_wconf 91' lang='grc'>;),</span> <span class='ocrx_word' id='word_1_425' title='bbox 2886 2542 3013 2595; x_wconf 79' lang='grc' dir='ltr'>ἀλλὰ</span> <span class='ocrx_word' id='word_1_426' title='bbox 3077 2544 3265 2616; x_wconf 83' lang='grc' dir='ltr'>μᾶλλον</span> <span class='ocrx_word' id='word_1_427' title='bbox 3337 2544 3489 2608; x_wconf 78' lang='grc' dir='ltr'>ἀξίως</span> <span class='ocrx_word' id='word_1_428' title='bbox 3556 2551 3908 2619; x_wconf 79' lang='grc' dir='ltr'>σεμνύνοντος</span> 
     </span>
    </p>
   </div>
   <div class='ocr_carea' id='block_1_59' title="bbox 2278 2632 3912 2708">
    <p class='ocr_par' dir='ltr' id='par_1_59' title="bbox 2278 2632 3912 2708">
     <span class='ocr_line' id='line_1_59' title="bbox 2278 2632 3912 2708; baseline 0.001 -23"><span class='ocrx_word' id='word_1_429' title='bbox 2278 2639 2367 2685; x_wconf 87' lang='grc' dir='ltr'>καὶ</span> <span class='ocrx_word' id='word_1_430' title='bbox 2410 2642 2660 2705; x_wconf 83' lang='grc' dir='ltr'>τιμῶντος</span> <span class='ocrx_word' id='word_1_431' title='bbox 2732 2633 2913 2691; x_wconf 72' lang='grc' dir='ltr'>αὐτὴν.</span> <span class='ocrx_word' id='word_1_432' title='bbox 2966 2632 3059 2685; x_wconf 84' lang='grc' dir='ltr'>Ἦν</span> <span class='ocrx_word' id='word_1_433' title='bbox 3108 2636 3229 2708; x_wconf 81' lang='grc' dir='ltr'>γὰρ,</span> <span class='ocrx_word' id='word_1_434' title='bbox 3284 2640 3431 2706; x_wconf 86' lang='grc' dir='ltr'>φησὶ,</span> <span class='ocrx_word' id='word_1_435' title='bbox 3493 2640 3630 2708; x_wconf 79' lang='grc' dir='ltr'>πρὸς</span> <span class='ocrx_word' id='word_1_436' title='bbox 3695 2642 3912 2708; x_wconf 74' lang='grc' dir='ltr'>μητέρα</span> 
     </span>
    </p>
   </div>
   <div class='ocr_carea' id='block_1_60' title="bbox 2280 2719 3910 2797">
    <p class='ocr_par' dir='ltr' id='par_1_60' title="bbox 2280 2719 3910 2797">
     <span class='ocr_line' id='line_1_60' title="bbox 2280 2719 3910 2797; baseline 0.002 -23"><span class='ocrx_word' id='word_1_437' title='bbox 2280 2728 2364 2774; x_wconf 82' lang='grc' dir='ltr'>καὶ</span> <span class='ocrx_word' id='word_1_438' title='bbox 2396 2719 2644 2794; x_wconf 84' lang='grc' dir='ltr'>ἀδελφοὺς</span> <span class='ocrx_word' id='word_1_439' title='bbox 2685 2727 2908 2797; x_wconf 76' lang='grc' dir='ltr'>στοργήν</span> <span class='ocrx_word' id='word_1_440' title='bbox 2951 2727 3041 2774; x_wconf 84' lang='grc' dir='ltr'>καὶ</span> <span class='ocrx_word' id='word_1_441' title='bbox 3084 2720 3323 2776; x_wconf 80' lang='grc' dir='ltr'>διάθεσιν</span> <span class='ocrx_word' id='word_1_442' title='bbox 3356 2724 3539 2796; x_wconf 58' lang='grc' dir='ltr'>ὁφεῦιει</span> <span class='ocrx_word' id='word_1_443' title='bbox 3587 2744 3664 2785; x_wconf 90' lang='grc' dir='ltr'>τις</span> <span class='ocrx_word' id='word_1_444' title='bbox 3713 2736 3910 2785; x_wconf 62' lang='lat' dir='ltr'>xari-</span> 
     </span>
    </p>
   </div>
   <div class='ocr_carea' id='block_1_61' title="bbox 2282 2811 3907 2885">
    <p class='ocr_par' dir='ltr' id='par_1_61' title="bbox 2282 2811 3907 2885">
     <span class='ocr_line' id='line_1_61' title="bbox 2282 2811 3907 2885; baseline 0.001 -21"><span class='ocrx_word' id='word_1_445' title='bbox 2282 2814 2425 2878; x_wconf 87' lang='grc' dir='ltr'>σθαι,</span> <span class='ocrx_word' id='word_1_446' title='bbox 2468 2820 2561 2873; x_wconf 81' lang='grc' dir='ltr'>τῆς</span> <span class='ocrx_word' id='word_1_447' title='bbox 2607 2811 2767 2873; x_wconf 72' lang='grc' dir='ltr'>αὐτῆς</span> <span class='ocrx_word' id='word_1_448' title='bbox 2813 2811 3083 2873; x_wconf 81' lang='grc' dir='ltr'>ἀξιοῦνται</span> <span class='ocrx_word' id='word_1_449' title='bbox 3120 2817 3211 2864; x_wconf 85' lang='grc' dir='ltr'>καὶ</span> <span class='ocrx_word' id='word_1_450' title='bbox 3257 2812 3420 2879; x_wconf 81' lang='grc' dir='ltr'>οὗτοι,</span> <span class='ocrx_word' id='word_1_451' title='bbox 3472 2813 3757 2885; x_wconf 81' lang='grc' dir='ltr'>πληρωταὶ</span> <span class='ocrx_word' id='word_1_452' title='bbox 3809 2825 3907 2877; x_wconf 67' lang='grc' dir='ltr'>τῆς</span> 
     </span>
    </p>
   </div>
   <div class='ocr_carea' id='block_1_62' title="bbox 2282 2898 3905 2976">
    <p class='ocr_par' dir='ltr' id='par_1_62' title="bbox 2282 2898 3905 2976">
     <span class='ocr_line' id='line_1_62' title="bbox 2282 2898 3905 2976; baseline 0.002 -23"><span class='ocrx_word' id='word_1_453' title='bbox 2282 2898 2636 2963; x_wconf 82' lang='grc' dir='ltr'>διδασκαλίας</span> <span class='ocrx_word' id='word_1_454' title='bbox 2706 2907 2796 2953; x_wconf 80' lang='grc' dir='ltr'>καὶ</span> <span class='ocrx_word' id='word_1_455' title='bbox 2847 2907 3133 2971; x_wconf 87' lang='grc' dir='ltr'>γεννητικοὶ</span> <span class='ocrx_word' id='word_1_456' title='bbox 3183 2910 3282 2953; x_wconf 82' lang='grc' dir='ltr'>τῶν</span> <span class='ocrx_word' id='word_1_457' title='bbox 3355 2902 3410 2964; x_wconf 78' lang='grc' dir='ltr'>ἐξ</span> <span class='ocrx_word' id='word_1_458' title='bbox 3467 2902 3627 2961; x_wconf 70' lang='grc' dir='ltr'>αὐτῆς</span> <span class='ocrx_word' id='word_1_459' title='bbox 3693 2910 3905 2976; x_wconf 77' lang='grc' dir='ltr'>φυομέ-</span> 
     </span>
    </p>
   </div>
   <div class='ocr_carea' id='block_1_63' title="bbox 2278 2989 3905 3063">
    <p class='ocr_par' dir='ltr' id='par_1_63' title="bbox 2278 2989 3905 3063">
     <span class='ocr_line' id='line_1_63' title="bbox 2278 2989 3905 3063; baseline 0.002 -22"><span class='ocrx_word' id='word_1_460' title='bbox 2278 3012 2374 3042; x_wconf 87' lang='grc' dir='ltr'>νων</span> <span class='ocrx_word' id='word_1_461' title='bbox 2431 2989 2636 3062; x_wconf 80' lang='grc' dir='ltr'>ἀγαθῶν</span> <span class='ocrx_word' id='word_1_462' title='bbox 2739 2992 2899 3063; x_wconf 78' lang='grc' dir='ltr'>ἔργων</span> <span class='ocrx_word' id='word_1_463' title='bbox 2973 2994 3252 3062; x_wconf 85' lang='grc' dir='ltr'>γινόμενοι.</span> <span class='ocrx_word' id='word_1_464' title='bbox 3323 2997 3507 3043; x_wconf 85' lang='grc' dir='ltr'>Σκόπει</span> <span class='ocrx_word' id='word_1_465' title='bbox 3581 2989 3642 3044; x_wconf 82' lang='grc' dir='ltr'>δε</span> <span class='ocrx_word' id='word_1_466' title='bbox 3716 2992 3905 3045; x_wconf 72' lang='grc' dir='ltr'>κακεῖ-</span> 
     </span>
    </p>
   </div>
   <div class='ocr_carea' id='block_1_64' title="bbox 511 3075 2160 3153">
    <p class='ocr_par' dir='ltr' id='par_1_64' title="bbox 511 3076 2160 3153">
     <span class='ocr_line' id='line_1_64' title="bbox 511 3076 2160 3153; baseline -0.003 -17"><span class='ocrx_word' id='word_1_467' title='bbox 511 3096 697 3153; x_wconf 89' lang='lat' dir='ltr'>quam</span> <span class='ocrx_word' id='word_1_468' title='bbox 731 3096 844 3146; x_wconf 91' lang='lat' dir='ltr'>me,</span> <span class='ocrx_word' id='word_1_469' title='bbox 877 3095 998 3135; x_wconf 93' lang='lat' dir='ltr'>non</span> <span class='ocrx_word' id='word_1_470' title='bbox 1020 3084 1110 3134; x_wconf 78' lang='lat' dir='ltr'>est</span> <span class='ocrx_word' id='word_1_471' title='bbox 1130 3095 1224 3134; x_wconf 91' lang='lat' dir='ltr'>me</span> <span class='ocrx_word' id='word_1_472' title='bbox 1250 3078 1469 3147; x_wconf 87' lang='lat' dir='ltr'>dignus</span> <span class='ocrx_word' id='word_1_473' title='bbox 1494 3080 1564 3143; x_wconf 69' lang='grc' dir='ltr'>δ’,</span> <span class='ocrx_word' id='word_1_474' title='bbox 1600 3102 1627 3127; x_wconf 71' lang='grc' dir='ltr'>π</span> <span class='ocrx_word' id='word_1_475' title='bbox 1656 3094 1729 3133; x_wconf 93' lang='lat' dir='ltr'>ne</span> <span class='ocrx_word' id='word_1_476' title='bbox 1752 3077 1990 3147; x_wconf 86' lang='lat' dir='ltr'>gravius</span> <span class='ocrx_word' id='word_1_477' title='bbox 2021 3076 2160 3149; x_wconf 92' lang='lat' dir='ltr'>quid</span> 
     </span>
    </p>
   </div>
   <div class='ocr_carea' id='block_1_65' title="bbox 2270 3075 3899 3153">
    <p class='ocr_par' dir='ltr' id='par_1_65' title="bbox 2276 3075 3899 3153">
     <span class='ocr_line' id='line_1_65' title="bbox 2276 3075 3899 3153; baseline 0 -22"><span class='ocrx_word' id='word_1_478' title='bbox 2276 3099 2348 3149; x_wconf 86' lang='grc' dir='ltr'>νο,</span> <span class='ocrx_word' id='word_1_479' title='bbox 2406 3082 2469 3140; x_wconf 87' lang='grc' dir='ltr'>ὡς</span> <span class='ocrx_word' id='word_1_480' title='bbox 2521 3075 2699 3137; x_wconf 72' lang='grc' dir='ltr'>ἐπειδὴ</span> <span class='ocrx_word' id='word_1_481' title='bbox 2751 3086 3010 3150; x_wconf 85' lang='grc' dir='ltr'>προεῖπεν,</span> <span class='ocrx_word' id='word_1_482' title='bbox 3068 3098 3095 3128; x_wconf 73' lang='grc' dir='ltr'>(ι</span> <span class='ocrx_word' id='word_1_483' title='bbox 3147 3078 3205 3131; x_wconf 85' lang='grc' dir='ltr'><strong>Ὀ</strong></span> <span class='ocrx_word' id='word_1_484' title='bbox 3257 3080 3411 3151; x_wconf 81' lang='grc' dir='ltr'>φιλῶν</span> <span class='ocrx_word' id='word_1_485' title='bbox 3454 3084 3656 3153; x_wconf 87' lang='grc' dir='ltr'>πατέρα</span> <span class='ocrx_word' id='word_1_486' title='bbox 3702 3082 3735 3139; x_wconf 74' lang='grc' dir='ltr'>ἦ</span> <span class='ocrx_word' id='word_1_487' title='bbox 3792 3102 3899 3152; x_wconf 57' lang='grc' dir='ltr'>μη.</span> 
     </span>
    </p>
   </div>
   <div class='ocr_carea' id='block_1_66' title="bbox 513 3165 2164 3236">
    <p class='ocr_par' dir='ltr' id='par_1_66' title="bbox 513 3165 2164 3236">
     <span class='ocr_line' id='line_1_66' title="bbox 513 3165 2164 3236; baseline -0.002 -11"><span class='ocrx_word' id='word_1_488' title='bbox 513 3174 570 3226; x_wconf 89' lang='lat' dir='ltr'>et</span> <span class='ocrx_word' id='word_1_489' title='bbox 600 3169 899 3224; x_wconf 84' lang='lat' dir='ltr'>difﬁcilius</span> <span class='ocrx_word' id='word_1_490' title='bbox 954 3169 1014 3223; x_wconf 92' lang='lat' dir='ltr'>in</span> <span class='ocrx_word' id='word_1_491' title='bbox 1070 3167 1366 3222; x_wconf 89' lang='lat' dir='ltr'>mandatis</span> <span class='ocrx_word' id='word_1_492' title='bbox 1396 3166 1635 3221; x_wconf 92' lang='lat' dir='ltr'>dedisse</span> <span class='ocrx_word' id='word_1_493' title='bbox 1692 3166 2011 3233; x_wconf 89' lang='lat' dir='ltr'>videretur,</span> <span class='ocrx_word' id='word_1_494' title='bbox 2038 3165 2164 3236; x_wconf 88' lang='lat' dir='ltr'>ipse</span> 
     </span>
    </p>
   </div>
   <div class='ocr_carea' id='block_1_67' title="bbox 509 3254 2160 3329">
    <p class='ocr_par' dir='ltr' id='par_1_67' title="bbox 509 3254 2160 3329">
     <span class='ocr_line' id='line_1_67' title="bbox 509 3254 2160 3329; baseline -0.003 -15"><span class='ocrx_word' id='word_1_495' title='bbox 509 3259 655 3314; x_wconf 89' lang='lat' dir='ltr'>illud</span> <span class='ocrx_word' id='word_1_496' title='bbox 699 3258 995 3329; x_wconf 88' lang='lat' dir='ltr'>imprimis</span> <span class='ocrx_word' id='word_1_497' title='bbox 1029 3256 1271 3328; x_wconf 89' lang='lat' dir='ltr'>proprio</span> <span class='ocrx_word' id='word_1_498' title='bbox 1303 3255 1577 3327; x_wconf 87' lang='lat' dir='ltr'>exemplo</span> <span class='ocrx_word' id='word_1_499' title='bbox 1618 3254 2012 3326; x_wconf 89' lang='lat' dir='ltr'>adimpletum</span> <span class='ocrx_word' id='word_1_500' title='bbox 2044 3254 2160 3319; x_wconf 90' lang='lat' dir='ltr'>dat,</span> 
     </span>
    </p>
   </div>
   <div class='ocr_carea' id='block_1_68' title="bbox 511 3343 2165 3415">
    <p class='ocr_par' dir='ltr' id='par_1_68' title="bbox 511 3343 2165 3415">
     <span class='ocr_line' id='line_1_68' title="bbox 511 3343 2165 3415; baseline -0.003 -12"><span class='ocrx_word' id='word_1_501' title='bbox 511 3347 803 3403; x_wconf 89' lang='lat' dir='ltr'>facilitans</span> <span class='ocrx_word' id='word_1_502' title='bbox 833 3347 914 3401; x_wconf 89' lang='lat' dir='ltr'>ita</span> <span class='ocrx_word' id='word_1_503' title='bbox 936 3345 1345 3409; x_wconf 88' lang='lat' dir='ltr'>imitationem,</span> <span class='ocrx_word' id='word_1_504' title='bbox 1382 3351 1650 3400; x_wconf 89' lang='lat' dir='ltr'>materno</span> <span class='ocrx_word' id='word_1_505' title='bbox 1698 3344 1982 3415; x_wconf 86' lang='lat' dir='ltr'>obsequio</span> <span class='ocrx_word' id='word_1_506' title='bbox 2015 3343 2165 3398; x_wconf 88' lang='lat' dir='ltr'>utili-</span> 
     </span>
    </p>
   </div>
   <div class='ocr_carea' id='block_1_69' title="bbox 512 3433 2161 3506">
    <p class='ocr_par' dir='ltr' id='par_1_69' title="bbox 512 3433 2161 3506">
     <span class='ocr_line' id='line_1_69' title="bbox 512 3433 2161 3506; baseline -0.003 -14"><span class='ocrx_word' id='word_1_507' title='bbox 512 3442 688 3492; x_wconf 89' lang='lat' dir='ltr'>tatem</span> <span class='ocrx_word' id='word_1_508' title='bbox 739 3440 794 3490; x_wconf 91' lang='lat' dir='ltr'>et</span> <span class='ocrx_word' id='word_1_509' title='bbox 850 3434 1104 3489; x_wconf 86' lang='lat' dir='ltr'>salutem</span> <span class='ocrx_word' id='word_1_510' title='bbox 1145 3433 1469 3488; x_wconf 91' lang='lat' dir='ltr'>multorum</span> <span class='ocrx_word' id='word_1_511' title='bbox 1517 3450 1915 3506; x_wconf 70' lang='lat' dir='ltr'>praeponens;</span> <span class='ocrx_word' id='word_1_512' title='bbox 1959 3449 2161 3488; x_wconf 90' lang='lat' dir='ltr'>vocem</span> 
     </span>
    </p>
   </div>
   <div class='ocr_carea' id='block_1_70' title="bbox 506 3521 2163 3594">
    <p class='ocr_par' dir='ltr' id='par_1_70' title="bbox 506 3521 2163 3594">
     <span class='ocr_line' id='line_1_70' title="bbox 506 3521 2163 3594; baseline -0.002 -15"><span class='ocrx_word' id='word_1_513' title='bbox 506 3524 663 3579; x_wconf 88' lang='lat' dir='ltr'>hanc</span> <span class='ocrx_word' id='word_1_514' title='bbox 692 3539 871 3594; x_wconf 87' lang='lat' dir='ltr'>opere</span> <span class='ocrx_word' id='word_1_515' title='bbox 903 3523 1034 3593; x_wconf 89' lang='lat' dir='ltr'>ipso</span> <span class='ocrx_word' id='word_1_516' title='bbox 1065 3526 1296 3577; x_wconf 87' lang='lat' dir='ltr'>tantum</span> <span class='ocrx_word' id='word_1_517' title='bbox 1358 3537 1474 3576; x_wconf 92' lang='lat' dir='ltr'>non</span> <span class='ocrx_word' id='word_1_518' title='bbox 1505 3522 1688 3577; x_wconf 90' lang='lat' dir='ltr'>edens</span> <span class='ocrx_word' id='word_1_519' title='bbox 1724 3540 1735 3577; x_wconf 92' lang='lat'>:</span> <span class='ocrx_word' id='word_1_520' title='bbox 1771 3522 1955 3579; x_wconf 89' lang='lat' dir='ltr'>Nolite</span> <span class='ocrx_word' id='word_1_521' title='bbox 2003 3521 2163 3577; x_wconf 87' lang='lat' dir='ltr'>arbi-</span> 
     </span>
    </p>
   </div>
   <div class='ocr_carea' id='block_1_71' title="bbox 509 3610 2160 3684">
    <p class='ocr_par' dir='ltr' id='par_1_71' title="bbox 509 3610 2160 3684">
     <span class='ocr_line' id='line_1_71' title="bbox 509 3610 2160 3684; baseline -0.002 -16"><span class='ocrx_word' id='word_1_522' title='bbox 509 3612 652 3669; x_wconf 90' lang='lat' dir='ltr'>trari</span> <span class='ocrx_word' id='word_1_523' title='bbox 686 3629 878 3667; x_wconf 90' lang='lat' dir='ltr'>meum</span> <span class='ocrx_word' id='word_1_524' title='bbox 902 3610 1246 3667; x_wconf 87' lang='lat' dir='ltr'>mandatum</span> <span class='ocrx_word' id='word_1_525' title='bbox 1277 3625 1455 3680; x_wconf 88' lang='lat' dir='ltr'>grave</span> <span class='ocrx_word' id='word_1_526' title='bbox 1478 3612 1620 3684; x_wconf 90' lang='lat' dir='ltr'>quid</span> <span class='ocrx_word' id='word_1_527' title='bbox 1646 3628 1773 3667; x_wconf 90' lang='lat' dir='ltr'>esse</span> <span class='ocrx_word' id='word_1_528' title='bbox 1793 3612 1882 3667; x_wconf 91' lang='lat' dir='ltr'>vel</span> <span class='ocrx_word' id='word_1_529' title='bbox 1912 3610 2160 3666; x_wconf 86' lang='lat' dir='ltr'>difﬁcul-</span> 
     </span>
    </p>
   </div>
   <div class='ocr_carea' id='block_1_72' title="bbox 508 3701 2156 3773">
    <p class='ocr_par' dir='ltr' id='par_1_72' title="bbox 508 3701 2156 3773">
     <span class='ocr_line' id='line_1_72' title="bbox 508 3701 2156 3773; baseline -0.002 -15"><span class='ocrx_word' id='word_1_530' title='bbox 508 3707 595 3758; x_wconf 88' lang='lat' dir='ltr'>ter</span> <span class='ocrx_word' id='word_1_531' title='bbox 623 3701 972 3757; x_wconf 89' lang='lat' dir='ltr'>obeundum</span> <span class='ocrx_word' id='word_1_532' title='bbox 1003 3721 1014 3765; x_wconf 85' lang='lat'><strong>;</strong></span> <span class='ocrx_word' id='word_1_533' title='bbox 1070 3716 1181 3771; x_wconf 86' lang='lat' dir='ltr'>ego</span> <span class='ocrx_word' id='word_1_534' title='bbox 1213 3701 1369 3755; x_wconf 91' lang='lat' dir='ltr'>enim</span> <span class='ocrx_word' id='word_1_535' title='bbox 1402 3701 1505 3773; x_wconf 91' lang='lat' dir='ltr'>qui</span> <span class='ocrx_word' id='word_1_536' title='bbox 1562 3701 1704 3756; x_wconf 89' lang='lat' dir='ltr'>nulli</span> <span class='ocrx_word' id='word_1_537' title='bbox 1739 3702 1972 3756; x_wconf 91' lang='lat' dir='ltr'>debitor</span> <span class='ocrx_word' id='word_1_538' title='bbox 2002 3717 2156 3768; x_wconf 87' lang='lat' dir='ltr'>sum,</span> 
     </span>
    </p>
   </div>
   <div class='ocr_carea' id='block_1_73' title="bbox 506 3788 2155 3862">
    <p class='ocr_par' dir='ltr' id='par_1_73' title="bbox 506 3788 2155 3862">
     <span class='ocr_line' id='line_1_73' title="bbox 506 3788 2155 3862; baseline -0.001 -17"><span class='ocrx_word' id='word_1_539' title='bbox 506 3806 634 3845; x_wconf 90' lang='lat' dir='ltr'>rem</span> <span class='ocrx_word' id='word_1_540' title='bbox 664 3792 857 3862; x_wconf 90' lang='lat' dir='ltr'>ipsam</span> <span class='ocrx_word' id='word_1_541' title='bbox 887 3788 1164 3862; x_wconf 92' lang='lat' dir='ltr'>princeps</span> <span class='ocrx_word' id='word_1_542' title='bbox 1192 3790 1487 3855; x_wconf 82' lang='lat' dir='ltr'>exordior,</span> <span class='ocrx_word' id='word_1_543' title='bbox 1514 3796 1569 3845; x_wconf 89' lang='lat' dir='ltr'>et</span> <span class='ocrx_word' id='word_1_544' title='bbox 1596 3795 1729 3845; x_wconf 89' lang='lat' dir='ltr'>ante</span> <span class='ocrx_word' id='word_1_545' title='bbox 1762 3790 1953 3845; x_wconf 85' lang='lat' dir='ltr'>Matris</span> <span class='ocrx_word' id='word_1_546' title='bbox 1987 3806 2155 3855; x_wconf 67' lang='lat' dir='ltr'>mem,</span> 
     </span>
    </p>
   </div>
   <div class='ocr_carea' id='block_1_74' title="bbox 508 3880 2158 3953">
    <p class='ocr_par' dir='ltr' id='par_1_74' title="bbox 508 3880 2158 3953">
     <span class='ocr_line' id='line_1_74' title="bbox 508 3880 2158 3953; baseline -0.001 -17"><span class='ocrx_word' id='word_1_547' title='bbox 508 3881 755 3945; x_wconf 90' lang='lat' dir='ltr'>cultum,</span> <span class='ocrx_word' id='word_1_548' title='bbox 780 3886 842 3935; x_wconf 91' lang='lat' dir='ltr'>ut</span> <span class='ocrx_word' id='word_1_549' title='bbox 867 3881 1077 3935; x_wconf 91' lang='lat' dir='ltr'>intueri</span> <span class='ocrx_word' id='word_1_550' title='bbox 1095 3880 1282 3935; x_wconf 84' lang='lat' dir='ltr'>oculis</span> <span class='ocrx_word' id='word_1_551' title='bbox 1304 3881 1569 3953; x_wconf 90' lang='lat' dir='ltr'>potestis,</span> <span class='ocrx_word' id='word_1_552' title='bbox 1608 3886 1860 3935; x_wconf 90' lang='lat' dir='ltr'>vestram</span> <span class='ocrx_word' id='word_1_553' title='bbox 1889 3895 2043 3950; x_wconf 92' lang='lat' dir='ltr'>pono</span> <span class='ocrx_word' id='word_1_554' title='bbox 2067 3896 2158 3935; x_wconf 87' lang='lat' dir='ltr'>sa—</span> 
     </span>
    </p>
   </div>
   <div class='ocr_carea' id='block_1_75' title="bbox 505 3969 2155 4039">
    <p class='ocr_par' dir='ltr' id='par_1_75' title="bbox 505 3969 2155 4039">
     <span class='ocr_line' id='line_1_75' title="bbox 505 3969 2155 4039; baseline -0.001 -14"><span class='ocrx_word' id='word_1_555' title='bbox 505 3970 710 4025; x_wconf 88' lang='lat' dir='ltr'>lutem.</span> <span class='ocrx_word' id='word_1_556' title='bbox 745 3969 847 4025; x_wconf 91' lang='lat' dir='ltr'>Ubi</span> <span class='ocrx_word' id='word_1_557' title='bbox 878 3986 1019 4025; x_wconf 85' lang='lat' dir='ltr'>vero</span> <span class='ocrx_word' id='word_1_558' title='bbox 1044 3970 1310 4024; x_wconf 91' lang='lat' dir='ltr'>omnium</span> <span class='ocrx_word' id='word_1_559' title='bbox 1345 3970 1465 4023; x_wconf 79' lang='lat' dir='ltr'>Rex</span> <span class='ocrx_word' id='word_1_560' title='bbox 1496 3984 1608 4037; x_wconf 88' lang='lat' dir='ltr'>ego</span> <span class='ocrx_word' id='word_1_561' title='bbox 1638 3969 1740 4039; x_wconf 88' lang='lat' dir='ltr'>qui</span> <span class='ocrx_word' id='word_1_562' title='bbox 1791 3984 1925 4023; x_wconf 91' lang='lat' dir='ltr'>sum</span> <span class='ocrx_word' id='word_1_563' title='bbox 1956 3973 2011 4023; x_wconf 90' lang='lat' dir='ltr'>et</span> <span class='ocrx_word' id='word_1_564' title='bbox 2044 3971 2155 4023; x_wconf 89' lang='lat' dir='ltr'>Do-</span> 
     </span>
    </p>
   </div>
   <div class='ocr_carea' id='block_1_76' title="bbox 507 4057 2158 4128">
    <p class='ocr_par' dir='ltr' id='par_1_76' title="bbox 507 4057 2158 4128">
     <span class='ocr_line' id='line_1_76' title="bbox 507 4057 2158 4128; baseline 0.001 -15"><span class='ocrx_word' id='word_1_565' title='bbox 507 4059 709 4113; x_wconf 91' lang='lat' dir='ltr'>minus</span> <span class='ocrx_word' id='word_1_566' title='bbox 736 4064 791 4114; x_wconf 89' lang='lat' dir='ltr'>et</span> <span class='ocrx_word' id='word_1_567' title='bbox 827 4058 1126 4121; x_wconf 89' lang='lat' dir='ltr'>Conditor.</span> <span class='ocrx_word' id='word_1_568' title='bbox 1162 4057 1325 4113; x_wconf 88' lang='lat' dir='ltr'>haud</span> <span class='ocrx_word' id='word_1_569' title='bbox 1358 4074 1495 4112; x_wconf 90' lang='lat' dir='ltr'>sum</span> <span class='ocrx_word' id='word_1_570' title='bbox 1522 4057 1601 4112; x_wconf 91' lang='lat' dir='ltr'>ita</span> <span class='ocrx_word' id='word_1_571' title='bbox 1650 4072 1851 4125; x_wconf 88' lang='lat' dir='ltr'>gerere</span> <span class='ocrx_word' id='word_1_572' title='bbox 1880 4073 1974 4112; x_wconf 92' lang='lat' dir='ltr'>me</span> <span class='ocrx_word' id='word_1_573' title='bbox 2015 4073 2158 4128; x_wconf 90' lang='lat' dir='ltr'>erga</span> 
     </span>
    </p>
   </div>
   <div class='ocr_carea' id='block_1_77' title="bbox 504 4146 2158 4218">
    <p class='ocr_par' dir='ltr' id='par_1_77' title="bbox 504 4146 2158 4218">
     <span class='ocr_line' id='line_1_77' title="bbox 504 4146 2158 4218; baseline -0.001 -15"><span class='ocrx_word' id='word_1_574' title='bbox 504 4164 613 4203; x_wconf 89' lang='lat' dir='ltr'>vos</span> <span class='ocrx_word' id='word_1_575' title='bbox 663 4148 1039 4218; x_wconf 86' lang='lat' dir='ltr'>dedignatus,</span> <span class='ocrx_word' id='word_1_576' title='bbox 1073 4153 1137 4202; x_wconf 90' lang='lat' dir='ltr'>ut</span> <span class='ocrx_word' id='word_1_577' title='bbox 1189 4153 1443 4201; x_wconf 89' lang='lat' dir='ltr'>vestram</span> <span class='ocrx_word' id='word_1_578' title='bbox 1502 4146 1753 4201; x_wconf 91' lang='lat' dir='ltr'>salutem</span> <span class='ocrx_word' id='word_1_579' title='bbox 1814 4146 2049 4202; x_wconf 79' lang='lat' dir='ltr'>affectui</span> <span class='ocrx_word' id='word_1_580' title='bbox 2101 4153 2158 4203; x_wconf 92' lang='lat' dir='ltr'>et</span> 
     </span>
    </p>
   </div>
   <div class='ocr_carea' id='block_1_78' title="bbox 506 4234 2156 4307">
    <p class='ocr_par' dir='ltr' id='par_1_78' title="bbox 506 4234 2156 4307">
     <span class='ocr_line' id='line_1_78' title="bbox 506 4234 2156 4307; baseline -0.001 -14"><span class='ocrx_word' id='word_1_581' title='bbox 506 4238 697 4293; x_wconf 89' lang='lat' dir='ltr'>amori</span> <span class='ocrx_word' id='word_1_582' title='bbox 724 4243 995 4291; x_wconf 88' lang='lat' dir='ltr'>materno</span> <span class='ocrx_word' id='word_1_583' title='bbox 1016 4236 1397 4307; x_wconf 56' lang='lat' dir='ltr'>praetulerim,</span> <span class='ocrx_word' id='word_1_584' title='bbox 1428 4242 1580 4290; x_wconf 84' lang='lat' dir='ltr'>certe</span> <span class='ocrx_word' id='word_1_585' title='bbox 1610 4234 1797 4291; x_wconf 91' lang='lat' dir='ltr'>multo</span> <span class='ocrx_word' id='word_1_586' title='bbox 1828 4252 1931 4291; x_wconf 88' lang='lat' dir='ltr'>vos</span> <span class='ocrx_word' id='word_1_587' title='bbox 1964 4237 2156 4304; x_wconf 88' lang='lat' dir='ltr'>magis</span> 
     </span>
    </p>
   </div>
   <div class='ocr_carea' id='block_1_79' title="bbox 504 4325 2156 4395">
    <p class='ocr_par' dir='ltr' id='par_1_79' title="bbox 504 4325 2156 4395">
     <span class='ocr_line' id='line_1_79' title="bbox 504 4325 2156 4395; baseline -0.001 -13"><span class='ocrx_word' id='word_1_588' title='bbox 504 4326 783 4382; x_wconf 87' lang='lat' dir='ltr'>tenemini</span> <span class='ocrx_word' id='word_1_589' title='bbox 816 4325 1082 4380; x_wconf 92' lang='lat' dir='ltr'>similiter</span> <span class='ocrx_word' id='word_1_590' title='bbox 1112 4340 1524 4395; x_wconf 90' lang='lat' dir='ltr'>compensare,</span> <span class='ocrx_word' id='word_1_591' title='bbox 1553 4330 1608 4379; x_wconf 90' lang='lat' dir='ltr'>et</span> <span class='ocrx_word' id='word_1_592' title='bbox 1628 4340 1749 4391; x_wconf 63' lang='lat' dir='ltr'>pra;</span> <span class='ocrx_word' id='word_1_593' title='bbox 1780 4326 2004 4381; x_wconf 65' lang='lat' dir='ltr'>caeteris</span> <span class='ocrx_word' id='word_1_594' title='bbox 2032 4342 2156 4380; x_wconf 92' lang='lat' dir='ltr'>om-</span> 
     </span>
    </p>
   </div>
   <div class='ocr_carea' id='block_1_80' title="bbox 2274 3167 3894 3243">
    <p class='ocr_par' dir='ltr' id='par_1_80' title="bbox 2274 3167 3894 3243">
     <span class='ocr_line' id='line_1_80' title="bbox 2274 3167 3894 3243; baseline 0.001 -22"><span class='ocrx_word' id='word_1_595' title='bbox 2274 3173 2397 3243; x_wconf 85' lang='grc' dir='ltr'>τέρα</span> <span class='ocrx_word' id='word_1_596' title='bbox 2448 3169 2574 3240; x_wconf 77' lang='grc' dir='ltr'>ύπερ</span> <span class='ocrx_word' id='word_1_597' title='bbox 2625 3168 2732 3239; x_wconf 74' lang='grc' dir='ltr'>ἔμε,</span> <span class='ocrx_word' id='word_1_598' title='bbox 2768 3167 2859 3220; x_wconf 74' lang='grc' dir='ltr'>οὐκ</span> <span class='ocrx_word' id='word_1_599' title='bbox 2908 3170 3022 3219; x_wconf 84' lang='grc' dir='ltr'>ἔστι</span> <span class='ocrx_word' id='word_1_600' title='bbox 3065 3188 3164 3239; x_wconf 88' lang='grc' dir='ltr'>μου</span> <span class='ocrx_word' id='word_1_601' title='bbox 3218 3169 3378 3234; x_wconf 79' lang='grc' dir='ltr'>ἄξιος,</span> <span class='ocrx_word' id='word_1_602' title='bbox 3424 3191 3450 3219; x_wconf 74' lang='lat' dir='ltr'>n</span> <span class='ocrx_word' id='word_1_603' title='bbox 3498 3172 3579 3221; x_wconf 87' lang='grc' dir='ltr'>ἱνα</span> <span class='ocrx_word' id='word_1_604' title='bbox 3624 3175 3698 3241; x_wconf 73' lang='grc' dir='ltr'>μὴ</span> <span class='ocrx_word' id='word_1_605' title='bbox 3756 3167 3894 3243; x_wconf 64' lang='grc' dir='ltr'>δόξῃ</span> 
     </span>
    </p>
   </div>
   <div class='ocr_carea' id='block_1_81' title="bbox 2275 3254 3898 3332">
    <p class='ocr_par' dir='ltr' id='par_1_81' title="bbox 2275 3254 3898 3332">
     <span class='ocr_line' id='line_1_81' title="bbox 2275 3254 3898 3332; baseline 0.001 -23"><span class='ocrx_word' id='word_1_606' title='bbox 2275 3257 2414 3330; x_wconf 85' lang='grc' dir='ltr'>βαρύ</span> <span class='ocrx_word' id='word_1_607' title='bbox 2488 3263 2577 3309; x_wconf 81' lang='grc' dir='ltr'>καὶ</span> <span class='ocrx_word' id='word_1_608' title='bbox 2649 3254 2903 3309; x_wconf 87' lang='grc' dir='ltr'>δύσκολον</span> <span class='ocrx_word' id='word_1_609' title='bbox 2971 3257 3273 3310; x_wconf 78' lang='grc' dir='ltr'>ἐπιτάσσειν</span> <span class='ocrx_word' id='word_1_610' title='bbox 3328 3264 3669 3332; x_wconf 80' lang='grc' dir='ltr'>πρόσταγμα,</span> <span class='ocrx_word' id='word_1_611' title='bbox 3736 3260 3898 3320; x_wconf 69' lang='grc' dir='ltr'>αὐτὸς</span> 
     </span>
    </p>
   </div>
   <div class='ocr_carea' id='block_1_82' title="bbox 2270 3345 3898 3421">
    <p class='ocr_par' dir='ltr' id='par_1_82' title="bbox 2270 3345 3898 3421">
     <span class='ocr_line' id='line_1_82' title="bbox 2270 3345 3898 3421; baseline -0.001 -21"><span class='ocrx_word' id='word_1_612' title='bbox 2270 3356 2419 3400; x_wconf 87' lang='grc' dir='ltr'>τοῦτο</span> <span class='ocrx_word' id='word_1_613' title='bbox 2484 3356 2679 3421; x_wconf 90' lang='grc' dir='ltr'>πρῶτος</span> <span class='ocrx_word' id='word_1_614' title='bbox 2749 3345 2997 3418; x_wconf 80' lang='grc' dir='ltr'>ἐκπληροῖ</span> <span class='ocrx_word' id='word_1_615' title='bbox 3064 3356 3135 3417; x_wconf 83' lang='grc' dir='ltr'>τῷ</span> <span class='ocrx_word' id='word_1_616' title='bbox 3214 3347 3334 3399; x_wconf 86' lang='grc' dir='ltr'>καθ’</span> <span class='ocrx_word' id='word_1_617' title='bbox 3386 3348 3561 3400; x_wconf 78' lang='grc' dir='ltr'>ἑαυτόν</span> <span class='ocrx_word' id='word_1_618' title='bbox 3635 3346 3898 3419; x_wconf 68' lang='grc' dir='ltr'>ὑποδείγ-</span> 
     </span>
    </p>
   </div>
   <div class='ocr_carea' id='block_1_83' title="bbox 2272 3433 3898 3511">
    <p class='ocr_par' dir='ltr' id='par_1_83' title="bbox 2272 3433 3898 3511">
     <span class='ocr_line' id='line_1_83' title="bbox 2272 3433 3898 3511; baseline 0.001 -23"><span class='ocrx_word' id='word_1_619' title='bbox 2272 3456 2399 3510; x_wconf 90' lang='grc' dir='ltr'>ματι</span> <span class='ocrx_word' id='word_1_620' title='bbox 2447 3433 2638 3511; x_wconf 82' lang='grc' dir='ltr'>ῥᾳδίαν</span> <span class='ocrx_word' id='word_1_621' title='bbox 2690 3437 3108 3507; x_wconf 76' lang='grc' dir='ltr'>παρασκευάζων</span> <span class='ocrx_word' id='word_1_622' title='bbox 3178 3441 3271 3494; x_wconf 77' lang='grc' dir='ltr'>τὴν</span> <span class='ocrx_word' id='word_1_623' title='bbox 3341 3442 3591 3509; x_wconf 77' lang='grc' dir='ltr'>μίμησιν,</span> <span class='ocrx_word' id='word_1_624' title='bbox 3653 3443 3749 3489; x_wconf 88' lang='grc' dir='ltr'>καὶ</span> <span class='ocrx_word' id='word_1_625' title='bbox 3798 3447 3898 3498; x_wconf 69' lang='grc' dir='ltr'>τῆς</span> 
     </span>
    </p>
   </div>
   <div class='ocr_carea' id='block_1_84' title="bbox 2270 3527 3309 3599">
    <p class='ocr_par' dir='ltr' id='par_1_84' title="bbox 2270 3527 3309 3599">
     <span class='ocr_line' id='line_1_84' title="bbox 2270 3527 3309 3599; baseline 0 -22"><span class='ocrx_word' id='word_1_626' title='bbox 2270 3534 2532 3599; x_wconf 82' lang='grc' dir='ltr'>μητρικῆς</span> <span class='ocrx_word' id='word_1_627' title='bbox 2643 3527 2911 3599; x_wconf 85' lang='grc' dir='ltr'>θεραπείας</span> <span class='ocrx_word' id='word_1_628' title='bbox 3021 3528 3309 3599; x_wconf 87' lang='grc' dir='ltr'>προτίθησι</span> 
     </span>
    </p>
   </div>
   <div class='ocr_carea' id='block_1_85' title="bbox 2269 3613 3137 3688">
    <p class='ocr_par' dir='ltr' id='par_1_85' title="bbox 2269 3613 3137 3688">
     <span class='ocr_line' id='line_1_85' title="bbox 2269 3613 3137 3688; baseline -0.002 -21"><span class='ocrx_word' id='word_1_629' title='bbox 2269 3621 2358 3667; x_wconf 82' lang='grc' dir='ltr'>καὶ</span> <span class='ocrx_word' id='word_1_630' title='bbox 2418 3619 2681 3688; x_wconf 85' lang='grc' dir='ltr'>σωτηρίαν</span> <span class='ocrx_word' id='word_1_631' title='bbox 2738 3622 2837 3665; x_wconf 88' lang='grc' dir='ltr'>τῶν</span> <span class='ocrx_word' id='word_1_632' title='bbox 2894 3613 3092 3666; x_wconf 85' lang='grc' dir='ltr'>πολλῶν</span> <span class='ocrx_word' id='word_1_633' title='bbox 3124 3636 3137 3647; x_wconf 73' lang='grc' dir='ltr'><strong>ο</strong></span> 
     </span>
    </p>
   </div>
   <div class='ocr_carea' id='block_1_86' title="bbox 3432 3527 3894 3599">
    <p class='ocr_par' dir='ltr' id='par_1_86' title="bbox 3432 3527 3894 3599">
     <span class='ocr_line' id='line_1_86' title="bbox 3432 3527 3894 3599; baseline 0 -21"><span class='ocrx_word' id='word_1_634' title='bbox 3432 3532 3525 3585; x_wconf 77' lang='grc' dir='ltr'>τὴν</span> <span class='ocrx_word' id='word_1_635' title='bbox 3639 3527 3894 3599; x_wconf 79' lang='grc' dir='ltr'>ὠφέλεια-ν</span> 
     </span>
    </p>
   </div>
   <div class='ocr_carea' id='block_1_87' title="bbox 3199 3620 3895 3687">
    <p class='ocr_par' dir='ltr' id='par_1_87' title="bbox 3199 3620 3895 3687">
     <span class='ocr_line' id='line_1_87' title="bbox 3199 3620 3895 3687; baseline 0.003 -21"><span class='ocrx_word' id='word_1_636' title='bbox 3199 3620 3483 3687; x_wconf 83' lang='grc' dir='ltr'>μονονουχὶ</span> <span class='ocrx_word' id='word_1_637' title='bbox 3536 3623 3649 3677; x_wconf 87' lang='grc' dir='ltr'>τοίς</span> <span class='ocrx_word' id='word_1_638' title='bbox 3718 3620 3895 3687; x_wconf 77' lang='grc' dir='ltr'>ἔργοις</span> 
     </span>
    </p>
   </div>
   <div class='ocr_carea' id='block_1_88' title="bbox 2270 3704 3890 3778">
    <p class='ocr_par' dir='ltr' id='par_1_88' title="bbox 2270 3704 3890 3778">
     <span class='ocr_line' id='line_1_88' title="bbox 2270 3704 3890 3778; baseline 0.002 -24"><span class='ocrx_word' id='word_1_639' title='bbox 2270 3709 2437 3776; x_wconf 85' lang='grc' dir='ltr'>φωνὴν</span> <span class='ocrx_word' id='word_1_640' title='bbox 2470 3704 2654 3775; x_wconf 85' lang='grc' dir='ltr'>ἀφιείς.</span> <span class='ocrx_word' id='word_1_641' title='bbox 2687 3707 2771 3761; x_wconf 80' lang='grc' dir='ltr'>Μή</span> <span class='ocrx_word' id='word_1_642' title='bbox 2819 3708 3101 3774; x_wconf 85' lang='grc' dir='ltr'>νομίσηται</span> <span class='ocrx_word' id='word_1_643' title='bbox 3132 3708 3205 3745; x_wconf 73' lang='grc' dir='ltr'>ιοῑ</span> <span class='ocrx_word' id='word_1_644' title='bbox 3232 3709 3323 3763; x_wconf 81' lang='grc' dir='ltr'>τὴν</span> <span class='ocrx_word' id='word_1_645' title='bbox 3365 3706 3493 3777; x_wconf 77' lang='grc' dir='ltr'>ἐμὴν</span> <span class='ocrx_word' id='word_1_646' title='bbox 3539 3704 3751 3764; x_wconf 70' lang='grc' dir='ltr'>ἐντολὴν</span> <span class='ocrx_word' id='word_1_647' title='bbox 3790 3706 3890 3778; x_wconf 66' lang='grc' dir='ltr'>βαι</span> 
     </span>
    </p>
   </div>
   <div class='ocr_carea' id='block_1_89' title="bbox 2266 3789 3889 3869">
    <p class='ocr_par' dir='ltr' id='par_1_89' title="bbox 2266 3789 3889 3869">
     <span class='ocr_line' id='line_1_89' title="bbox 2266 3789 3889 3869; baseline 0.001 -24"><span class='ocrx_word' id='word_1_648' title='bbox 2266 3802 2406 3866; x_wconf 87' lang='grc' dir='ltr'>ρεῖαν</span> <span class='ocrx_word' id='word_1_649' title='bbox 2438 3789 2565 3845; x_wconf 82' lang='grc' dir='ltr'>εἶναι</span> <span class='ocrx_word' id='word_1_650' title='bbox 2604 3797 2693 3844; x_wconf 85' lang='grc' dir='ltr'>καὶ</span> <span class='ocrx_word' id='word_1_651' title='bbox 2744 3789 3128 3855; x_wconf 82' lang='grc' dir='ltr'>δυσεξάνυστον</span> <span class='ocrx_word' id='word_1_652' title='bbox 3165 3813 3176 3825; x_wconf 82' lang='grc'><em>’</em></span> <span class='ocrx_word' id='word_1_653' title='bbox 3208 3796 3340 3866; x_wconf 81' lang='grc' dir='ltr'>ἔργῳ</span> <span class='ocrx_word' id='word_1_654' title='bbox 3387 3797 3488 3869; x_wconf 83' lang='grc' dir='ltr'>γὰρ</span> <span class='ocrx_word' id='word_1_655' title='bbox 3526 3796 3672 3866; x_wconf 73' lang='grc' dir='ltr'>ὑμῖν,</span> <span class='ocrx_word' id='word_1_656' title='bbox 3707 3798 3735 3847; x_wconf 90' lang='lat'>6</span> <span class='ocrx_word' id='word_1_657' title='bbox 3787 3817 3889 3866; x_wconf 74' lang='grc' dir='ltr'>μη-</span> 
     </span>
    </p>
   </div>
   <div class='ocr_carea' id='block_1_90' title="bbox 2269 3880 3890 3958">
    <p class='ocr_par' dir='ltr' id='par_1_90' title="bbox 2269 3880 3890 3958">
     <span class='ocr_line' id='line_1_90' title="bbox 2269 3880 3890 3958; baseline 0.001 -23"><span class='ocrx_word' id='word_1_658' title='bbox 2269 3880 2377 3935; x_wconf 78' lang='grc' dir='ltr'>δενὶ</span> <span class='ocrx_word' id='word_1_659' title='bbox 2434 3885 2713 3954; x_wconf 85' lang='grc' dir='ltr'>τυγχάνων</span> <span class='ocrx_word' id='word_1_660' title='bbox 2772 3883 3067 3953; x_wconf 79' lang='grc' dir='ltr'>ὑπόχρεως,</span> <span class='ocrx_word' id='word_1_661' title='bbox 3118 3892 3323 3955; x_wconf 90' lang='grc' dir='ltr'>πρῶτος</span> <span class='ocrx_word' id='word_1_662' title='bbox 3369 3892 3461 3935; x_wconf 85' lang='grc' dir='ltr'>τοῦ</span> <span class='ocrx_word' id='word_1_663' title='bbox 3510 3887 3668 3957; x_wconf 82' lang='grc' dir='ltr'>ἔργου</span> <span class='ocrx_word' id='word_1_664' title='bbox 3715 3884 3890 3958; x_wconf 77' lang='grc' dir='ltr'>ἀπάρ-</span> 
     </span>
    </p>
   </div>
   <div class='ocr_carea' id='block_1_91' title="bbox 2266 3973 3890 4047">
    <p class='ocr_par' dir='ltr' id='par_1_91' title="bbox 2266 3973 3890 4047">
     <span class='ocr_line' id='line_1_91' title="bbox 2266 3973 3890 4047; baseline 0.001 -24"><span class='ocrx_word' id='word_1_665' title='bbox 2266 3992 2456 4044; x_wconf 87' lang='grc' dir='ltr'>χομαι,</span> <span class='ocrx_word' id='word_1_666' title='bbox 2508 3976 2594 4022; x_wconf 87' lang='grc' dir='ltr'>καὶ</span> <span class='ocrx_word' id='word_1_667' title='bbox 2646 3980 2739 4032; x_wconf 78' lang='grc' dir='ltr'>τῆς</span> <span class='ocrx_word' id='word_1_668' title='bbox 2794 3979 3057 4043; x_wconf 83' lang='grc' dir='ltr'>μητρικῆς</span> <span class='ocrx_word' id='word_1_669' title='bbox 3097 3973 3391 4044; x_wconf 88' lang='grc' dir='ltr'>θεραπείας,</span> <span class='ocrx_word' id='word_1_670' title='bbox 3446 3975 3517 4033; x_wconf 84' lang='grc' dir='ltr'>ὡς</span> <span class='ocrx_word' id='word_1_671' title='bbox 3567 3974 3691 4044; x_wconf 77' lang='grc' dir='ltr'>ὑμῖν</span> <span class='ocrx_word' id='word_1_672' title='bbox 3760 3976 3890 4047; x_wconf 75' lang='grc' dir='ltr'>όρᾲν</span> 
     </span>
    </p>
   </div>
   <div class='ocr_carea' id='block_1_92' title="bbox 2265 4060 3889 4136">
    <p class='ocr_par' dir='ltr' id='par_1_92' title="bbox 2265 4060 3889 4136">
     <span class='ocr_line' id='line_1_92' title="bbox 2265 4060 3889 4136; baseline 0.002 -23"><span class='ocrx_word' id='word_1_673' title='bbox 2265 4063 2506 4133; x_wconf 82' lang='grc' dir='ltr'>πάρεστι,</span> <span class='ocrx_word' id='word_1_674' title='bbox 2572 4064 2665 4117; x_wconf 77' lang='grc' dir='ltr'>τὴν</span> <span class='ocrx_word' id='word_1_675' title='bbox 2742 4061 2883 4112; x_wconf 77' lang='grc' dir='ltr'>ὑμῶν</span> <span class='ocrx_word' id='word_1_676' title='bbox 2945 4065 3208 4133; x_wconf 87' lang='grc' dir='ltr'>προκρίνω</span> <span class='ocrx_word' id='word_1_677' title='bbox 3259 4066 3544 4136; x_wconf 87' lang='grc' dir='ltr'>σωτηρίαν.</span> <span class='ocrx_word' id='word_1_678' title='bbox 3595 4060 3773 4115; x_wconf 83' lang='grc' dir='ltr'>Ὀπου</span> <span class='ocrx_word' id='word_1_679' title='bbox 3828 4060 3889 4116; x_wconf 78' lang='grc' dir='ltr'>δε</span> 
     </span>
    </p>
   </div>
   <div class='ocr_carea' id='block_1_93' title="bbox 2264 4151 3887 4224">
    <p class='ocr_par' dir='ltr' id='par_1_93' title="bbox 2264 4151 3887 4224">
     <span class='ocr_line' id='line_1_93' title="bbox 2264 4151 3887 4224; baseline 0.002 -21"><span class='ocrx_word' id='word_1_680' title='bbox 2264 4154 2467 4203; x_wconf 88' lang='grc' dir='ltr'>πάντων</span> <span class='ocrx_word' id='word_1_681' title='bbox 2522 4154 2783 4210; x_wconf 88' lang='grc' dir='ltr'>Δεσπότης</span> <span class='ocrx_word' id='word_1_682' title='bbox 2838 4151 3095 4222; x_wconf 77' lang='grc' dir='ltr'>ὑπάρχων</span> <span class='ocrx_word' id='word_1_683' title='bbox 3174 4154 3261 4201; x_wconf 81' lang='grc' dir='ltr'>καὶ</span> <span class='ocrx_word' id='word_1_684' title='bbox 3316 4156 3668 4224; x_wconf 84' lang='grc' dir='ltr'>Δημιουργὸς,</span> <span class='ocrx_word' id='word_1_685' title='bbox 3728 4162 3887 4206; x_wconf 83' lang='grc' dir='ltr'>τοῦτο</span> 
     </span>
    </p>
   </div>
   <div class='ocr_carea' id='block_1_94' title="bbox 2264 4236 3892 4313">
    <p class='ocr_par' dir='ltr' id='par_1_94' title="bbox 2264 4236 3892 4313">
     <span class='ocr_line' id='line_1_94' title="bbox 2264 4236 3892 4313; baseline 0.002 -22"><span class='ocrx_word' id='word_1_686' title='bbox 2264 4245 2381 4313; x_wconf 86' lang='grc' dir='ltr'>περὶ</span> <span class='ocrx_word' id='word_1_687' title='bbox 2432 4240 2567 4312; x_wconf 77' lang='grc' dir='ltr'>ὑμᾶς</span> <span class='ocrx_word' id='word_1_688' title='bbox 2624 4238 2806 4298; x_wconf 83' lang='grc' dir='ltr'>αύτούς</span> <span class='ocrx_word' id='word_1_689' title='bbox 2864 4238 2958 4289; x_wconf 84' lang='grc' dir='ltr'>ούκ</span> <span class='ocrx_word' id='word_1_690' title='bbox 3036 4242 3251 4296; x_wconf 83' lang='grc' dir='ltr'>ὤκνησα</span> <span class='ocrx_word' id='word_1_691' title='bbox 3305 4236 3696 4304; x_wconf 73' lang='grc' dir='ltr'>ἐπιδείξασθαι,</span> <span class='ocrx_word' id='word_1_692' title='bbox 3759 4242 3892 4294; x_wconf 75' lang='grc' dir='ltr'>ἀλλὰ</span> 
     </span>
    </p>
   </div>
   <div class='ocr_carea' id='block_1_95' title="bbox 2264 4326 3891 4405">
    <p class='ocr_par' dir='ltr' id='par_1_95' title="bbox 2264 4326 3891 4405">
     <span class='ocr_line' id='line_1_95' title="bbox 2264 4326 3891 4405; baseline 0.002 -25"><span class='ocrx_word' id='word_1_693' title='bbox 2264 4335 2354 4380; x_wconf 83' lang='grc' dir='ltr'>καὶ</span> <span class='ocrx_word' id='word_1_694' title='bbox 2406 4333 2652 4403; x_wconf 79' lang='grc' dir='ltr'>μητρῴας</span> <span class='ocrx_word' id='word_1_695' title='bbox 2702 4336 2926 4401; x_wconf 84' lang='grc' dir='ltr'>στοργῆς</span> <span class='ocrx_word' id='word_1_696' title='bbox 2978 4332 3065 4385; x_wconf 85' lang='grc' dir='ltr'>τὴν</span> <span class='ocrx_word' id='word_1_697' title='bbox 3106 4328 3173 4388; x_wconf 85' lang='grc' dir='ltr'>εἰς</span> <span class='ocrx_word' id='word_1_698' title='bbox 3221 4330 3357 4401; x_wconf 79' lang='grc' dir='ltr'>ὑμᾶς</span> <span class='ocrx_word' id='word_1_699' title='bbox 3400 4326 3649 4387; x_wconf 72' lang='grc' dir='ltr'>σπουδὴν</span> <span class='ocrx_word' id='word_1_700' title='bbox 3702 4339 3891 4405; x_wconf 83' lang='grc' dir='ltr'>προτί-</span> 
     </span>
    </p>
   </div>
   <div class='ocr_carea' id='block_1_96' title="bbox 506 4412 2160 4490">
    <p class='ocr_par' dir='ltr' id='par_1_96' title="bbox 506 4412 2157 4485">
     <span class='ocr_line' id='line_1_96' title="bbox 506 4412 2157 4485; baseline -0.001 -15"><span class='ocrx_word' id='word_1_701' title='bbox 506 4415 681 4470; x_wconf 91' lang='lat' dir='ltr'>nibus</span> <span class='ocrx_word' id='word_1_702' title='bbox 705 4414 853 4485; x_wconf 82' lang='lat' dir='ltr'>ferre</span> <span class='ocrx_word' id='word_1_703' title='bbox 875 4413 1198 4467; x_wconf 87' lang='lat' dir='ltr'>amicitiam</span> <span class='ocrx_word' id='word_1_704' title='bbox 1242 4428 1459 4475; x_wconf 88' lang='lat' dir='ltr'>meam,</span> <span class='ocrx_word' id='word_1_705' title='bbox 1488 4418 1544 4467; x_wconf 92' lang='lat' dir='ltr'>et</span> <span class='ocrx_word' id='word_1_706' title='bbox 1591 4412 1651 4466; x_wconf 92' lang='lat' dir='ltr'>in</span> <span class='ocrx_word' id='word_1_707' title='bbox 1685 4428 1779 4467; x_wconf 88' lang='lat' dir='ltr'>me</span> <span class='ocrx_word' id='word_1_708' title='bbox 1805 4414 2157 4469; x_wconf 89' lang='lat' dir='ltr'>benevolen—</span> 
     </span>
    </p>
   </div>
   <div class='ocr_carea' id='block_1_97' title="bbox 2270 4412 3891 4490">
    <p class='ocr_par' dir='ltr' id='par_1_97' title="bbox 2270 4412 3891 4490">
     <span class='ocr_line' id='line_1_97' title="bbox 2270 4412 3891 4490; baseline 0.001 -20"><span class='ocrx_word' id='word_1_709' title='bbox 2270 4420 2396 4489; x_wconf 90' lang='grc' dir='ltr'>θημι</span> <span class='ocrx_word' id='word_1_710' title='bbox 2434 4421 2519 4468; x_wconf 80' lang='grc' dir='ltr'>καὶ</span> <span class='ocrx_word' id='word_1_711' title='bbox 2574 4412 2812 4468; x_wconf 88' lang='grc' dir='ltr'>διάθεσιν</span> <span class='ocrx_word' id='word_1_712' title='bbox 2846 4432 2859 4444; x_wconf 87' lang='grc'><strong>·</strong></span> <span class='ocrx_word' id='word_1_713' title='bbox 2895 4423 2997 4476; x_wconf 86' lang='grc' dir='ltr'>πῶς</span> <span class='ocrx_word' id='word_1_714' title='bbox 3044 4416 3139 4467; x_wconf 82' lang='grc' dir='ltr'>ούκ</span> <span class='ocrx_word' id='word_1_715' title='bbox 3184 4416 3331 4469; x_wconf 72' lang='grc' dir='ltr'>αὐτοὶ</span> <span class='ocrx_word' id='word_1_716' title='bbox 3380 4417 3568 4489; x_wconf 78' lang='grc' dir='ltr'>μᾶλλον</span> <span class='ocrx_word' id='word_1_717' title='bbox 3620 4418 3891 4490; x_wconf 81' lang='grc' dir='ltr'>ὀφειλέται</span> 
     </span>
    </p>
   </div>
   <div class='ocr_carea' id='block_1_98' title="bbox 504 4500 2153 4572">
    <p class='ocr_par' dir='ltr' id='par_1_98' title="bbox 504 4500 2153 4572">
     <span class='ocr_line' id='line_1_98' title="bbox 504 4500 2153 4572; baseline 0 -14"><span class='ocrx_word' id='word_1_718' title='bbox 504 4504 652 4559; x_wconf 91' lang='lat' dir='ltr'>tiam</span> <span class='ocrx_word' id='word_1_719' title='bbox 685 4520 701 4556; x_wconf 92' lang='lat'>:</span> <span class='ocrx_word' id='word_1_720' title='bbox 736 4518 845 4557; x_wconf 90' lang='lat' dir='ltr'>nec</span> <span class='ocrx_word' id='word_1_721' title='bbox 874 4502 952 4557; x_wconf 93' lang='lat' dir='ltr'>ob</span> <span class='ocrx_word' id='word_1_722' title='bbox 985 4500 1226 4572; x_wconf 88' lang='lat' dir='ltr'>aliquod</span> <span class='ocrx_word' id='word_1_723' title='bbox 1267 4516 1469 4555; x_wconf 87' lang='lat' dir='ltr'>meum</span> <span class='ocrx_word' id='word_1_724' title='bbox 1496 4501 1609 4556; x_wconf 91' lang='lat' dir='ltr'>hoc</span> <span class='ocrx_word' id='word_1_725' title='bbox 1637 4501 2101 4558; x_wconf 91' lang='lat' dir='ltr'>emolumentum</span> <span class='ocrx_word' id='word_1_726' title='bbox 2140 4521 2153 4569; x_wconf 86' lang='lat'><strong>;</strong></span> 
     </span>
    </p>
   </div>
   <div class='ocr_carea' id='block_1_99' title="bbox 506 4590 2159 4661">
    <p class='ocr_par' dir='ltr' id='par_1_99' title="bbox 506 4590 2159 4661">
     <span class='ocr_line' id='line_1_99' title="bbox 506 4590 2159 4661; baseline 0 -14"><span class='ocrx_word' id='word_1_727' title='bbox 506 4607 679 4647; x_wconf 91' lang='lat' dir='ltr'>amor</span> <span class='ocrx_word' id='word_1_728' title='bbox 708 4591 865 4647; x_wconf 88' lang='lat' dir='ltr'>enim</span> <span class='ocrx_word' id='word_1_729' title='bbox 898 4590 1199 4645; x_wconf 87' lang='lat' dir='ltr'>humanus</span> <span class='ocrx_word' id='word_1_730' title='bbox 1228 4594 1283 4645; x_wconf 89' lang='lat' dir='ltr'>et</span> <span class='ocrx_word' id='word_1_731' title='bbox 1305 4590 1691 4653; x_wconf 88' lang='lat' dir='ltr'>desiderium,</span> <span class='ocrx_word' id='word_1_732' title='bbox 1724 4590 1869 4661; x_wconf 88' lang='lat' dir='ltr'>quid</span> <span class='ocrx_word' id='word_1_733' title='bbox 1896 4591 2159 4661; x_wconf 89' lang='lat' dir='ltr'>proderit</span> 
     </span>
    </p>
   </div>
   <div class='ocr_carea' id='block_1_100' title="bbox 504 4678 2157 4752">
    <p class='ocr_par' dir='ltr' id='par_1_100' title="bbox 504 4678 2157 4752">
     <span class='ocr_line' id='line_1_100' title="bbox 504 4678 2157 4752; baseline -0.001 -15"><span class='ocrx_word' id='word_1_734' title='bbox 504 4681 557 4737; x_wconf 91' lang='lat' dir='ltr'>ei</span> <span class='ocrx_word' id='word_1_735' title='bbox 574 4682 677 4752; x_wconf 90' lang='lat' dir='ltr'>qui</span> <span class='ocrx_word' id='word_1_736' title='bbox 703 4686 917 4735; x_wconf 89' lang='lat' dir='ltr'>cuncta</span> <span class='ocrx_word' id='word_1_737' title='bbox 936 4678 1024 4735; x_wconf 91' lang='lat' dir='ltr'>vel</span> <span class='ocrx_word' id='word_1_738' title='bbox 1045 4684 1190 4734; x_wconf 87' lang='lat' dir='ltr'>nutu</span> <span class='ocrx_word' id='word_1_739' title='bbox 1214 4680 1617 4743; x_wconf 86' lang='lat' dir='ltr'>circumrotat,</span> <span class='ocrx_word' id='word_1_740' title='bbox 1641 4680 1814 4749; x_wconf 89' lang='lat' dir='ltr'>cujus</span> <span class='ocrx_word' id='word_1_741' title='bbox 1842 4695 1994 4751; x_wconf 93' lang='lat' dir='ltr'>opus</span> <span class='ocrx_word' id='word_1_742' title='bbox 2010 4681 2157 4750; x_wconf 89' lang='lat' dir='ltr'>digi-</span> 
     </span>
    </p>
   </div>
   <div class='ocr_carea' id='block_1_101' title="bbox 505 4767 2157 4839">
    <p class='ocr_par' dir='ltr' id='par_1_101' title="bbox 505 4767 2157 4839">
     <span class='ocr_line' id='line_1_101' title="bbox 505 4767 2157 4839; baseline -0.001 -12"><span class='ocrx_word' id='word_1_743' title='bbox 505 4776 701 4828; x_wconf 90' lang='lat' dir='ltr'>torum</span> <span class='ocrx_word' id='word_1_744' title='bbox 717 4769 1031 4824; x_wconf 91' lang='lat' dir='ltr'>hominum</span> <span class='ocrx_word' id='word_1_745' title='bbox 1050 4773 1379 4835; x_wconf 90' lang='lat' dir='ltr'>estnatura,</span> <span class='ocrx_word' id='word_1_746' title='bbox 1403 4767 1618 4822; x_wconf 69' lang='lat' dir='ltr'>caelum</span> <span class='ocrx_word' id='word_1_747' title='bbox 1639 4772 1696 4822; x_wconf 93' lang='lat' dir='ltr'>et</span> <span class='ocrx_word' id='word_1_748' title='bbox 1715 4784 1849 4839; x_wconf 63' lang='lat' dir='ltr'>quas</span> <span class='ocrx_word' id='word_1_749' title='bbox 1868 4771 2157 4826; x_wconf 81' lang='lat' dir='ltr'>exsistunt</span> 
     </span>
    </p>
   </div>
   <div class='ocr_carea' id='block_1_102' title="bbox 508 4856 2156 4927">
    <p class='ocr_par' dir='ltr' id='par_1_102' title="bbox 508 4856 2156 4927">
     <span class='ocr_line' id='line_1_102' title="bbox 508 4856 2156 4927; baseline -0.001 -12"><span class='ocrx_word' id='word_1_750' title='bbox 508 4860 803 4915; x_wconf 88' lang='lat' dir='ltr'>universa.</span> <span class='ocrx_word' id='word_1_751' title='bbox 838 4860 965 4913; x_wconf 68' lang='lat' dir='ltr'>Haac</span> <span class='ocrx_word' id='word_1_752' title='bbox 996 4873 1105 4927; x_wconf 89' lang='lat' dir='ltr'>ego</span> <span class='ocrx_word' id='word_1_753' title='bbox 1138 4857 1285 4927; x_wconf 87' lang='lat' dir='ltr'>ipsa,</span> <span class='ocrx_word' id='word_1_754' title='bbox 1324 4861 1386 4911; x_wconf 92' lang='lat' dir='ltr'>ut</span> <span class='ocrx_word' id='word_1_755' title='bbox 1413 4856 1621 4920; x_wconf 90' lang='lat' dir='ltr'>etalia,</span> <span class='ocrx_word' id='word_1_756' title='bbox 1651 4857 1730 4912; x_wconf 91' lang='lat' dir='ltr'>ob</span> <span class='ocrx_word' id='word_1_757' title='bbox 1762 4864 2016 4913; x_wconf 85' lang='lat' dir='ltr'>vestram</span> <span class='ocrx_word' id='word_1_758' title='bbox 2045 4858 2156 4913; x_wconf 90' lang='lat' dir='ltr'>de-</span> 
     </span>
    </p>
   </div>
   <div class='ocr_carea' id='block_1_103' title="bbox 507 4946 2153 5016">
    <p class='ocr_par' dir='ltr' id='par_1_103' title="bbox 507 4946 2153 5016">
     <span class='ocr_line' id='line_1_103' title="bbox 507 4946 2153 5016; baseline 0.002 -15"><span class='ocrx_word' id='word_1_759' title='bbox 507 4948 701 5002; x_wconf 90' lang='lat' dir='ltr'>sidero</span> <span class='ocrx_word' id='word_1_760' title='bbox 751 4946 1024 5003; x_wconf 88' lang='lat' dir='ltr'>salutem.</span> <span class='ocrx_word' id='word_1_761' title='bbox 1082 4946 1196 5001; x_wconf 90' lang='lat' dir='ltr'>Nec</span> <span class='ocrx_word' id='word_1_762' title='bbox 1247 4946 1446 5000; x_wconf 90' lang='lat' dir='ltr'>mirari</span> <span class='ocrx_word' id='word_1_763' title='bbox 1512 4951 1764 5016; x_wconf 92' lang='lat' dir='ltr'>oportet,</span> <span class='ocrx_word' id='word_1_764' title='bbox 1823 4947 1869 5001; x_wconf 92' lang='lat' dir='ltr'>si</span> <span class='ocrx_word' id='word_1_765' title='bbox 1914 4949 2153 5004; x_wconf 85' lang='lat' dir='ltr'>Matrem</span> 
     </span>
    </p>
   </div>
   <div class='ocr_carea' id='block_1_104' title="bbox 507 5035 2155 5109">
    <p class='ocr_par' dir='ltr' id='par_1_104' title="bbox 507 5035 2155 5109">
     <span class='ocr_line' id='line_1_104' title="bbox 507 5035 2155 5109; baseline 0.001 -18"><span class='ocrx_word' id='word_1_766' title='bbox 507 5036 787 5102; x_wconf 87' lang='lat' dir='ltr'>Christus,</span> <span class='ocrx_word' id='word_1_767' title='bbox 814 5041 877 5091; x_wconf 91' lang='lat' dir='ltr'>ut</span> <span class='ocrx_word' id='word_1_768' title='bbox 898 5036 1513 5107; x_wconf 87' lang='lat' dir='ltr'>oportuit,honorans,</span> <span class='ocrx_word' id='word_1_769' title='bbox 1540 5035 1700 5091; x_wconf 91' lang='lat' dir='ltr'>illam</span> <span class='ocrx_word' id='word_1_770' title='bbox 1715 5035 1877 5092; x_wconf 89' lang='lat' dir='ltr'>haud</span> <span class='ocrx_word' id='word_1_771' title='bbox 1896 5039 2155 5109; x_wconf 64' lang='lat' dir='ltr'>praetulit</span> 
     </span>
    </p>
   </div>
   <div class='ocr_carea' id='block_1_105' title="bbox 508 5125 2153 5198">
    <p class='ocr_par' dir='ltr' id='par_1_105' title="bbox 508 5125 2153 5198">
     <span class='ocr_line' id='line_1_105' title="bbox 508 5125 2153 5198; baseline 0.001 -17"><span class='ocrx_word' id='word_1_772' title='bbox 508 5126 685 5181; x_wconf 90' lang='lat' dir='ltr'>saluti</span> <span class='ocrx_word' id='word_1_773' title='bbox 711 5126 1022 5181; x_wconf 91' lang='lat' dir='ltr'>hominum</span> <span class='ocrx_word' id='word_1_774' title='bbox 1053 5139 1065 5178; x_wconf 89' lang='lat'>:</span> <span class='ocrx_word' id='word_1_775' title='bbox 1098 5141 1243 5181; x_wconf 90' lang='lat' dir='ltr'>nam</span> <span class='ocrx_word' id='word_1_776' title='bbox 1282 5130 1535 5181; x_wconf 90' lang='lat' dir='ltr'>matrem</span> <span class='ocrx_word' id='word_1_777' title='bbox 1585 5125 1743 5180; x_wconf 84' lang='lat' dir='ltr'>illam</span> <span class='ocrx_word' id='word_1_778' title='bbox 1776 5131 2017 5198; x_wconf 89' lang='lat' dir='ltr'>propter</span> <span class='ocrx_word' id='word_1_779' title='bbox 2041 5143 2153 5183; x_wconf 88' lang='lat' dir='ltr'>nos</span> 
     </span>
    </p>
   </div>
   <div class='ocr_carea' id='block_1_106' title="bbox 509 5215 2153 5288">
    <p class='ocr_par' dir='ltr' id='par_1_106' title="bbox 509 5215 2153 5288">
     <span class='ocr_line' id='line_1_106' title="bbox 509 5215 2153 5288; baseline 0 -17"><span class='ocrx_word' id='word_1_780' title='bbox 509 5219 567 5272; x_wconf 89' lang='lat' dir='ltr'>et</span> <span class='ocrx_word' id='word_1_781' title='bbox 594 5219 860 5271; x_wconf 89' lang='lat' dir='ltr'>nostram</span> <span class='ocrx_word' id='word_1_782' title='bbox 882 5215 1135 5271; x_wconf 91' lang='lat' dir='ltr'>salutem</span> <span class='ocrx_word' id='word_1_783' title='bbox 1165 5215 1513 5287; x_wconf 91' lang='lat' dir='ltr'>assumpsit,</span> <span class='ocrx_word' id='word_1_784' title='bbox 1544 5220 1604 5271; x_wconf 92' lang='lat' dir='ltr'>ut</span> <span class='ocrx_word' id='word_1_785' title='bbox 1627 5230 2011 5288; x_wconf 87' lang='lat' dir='ltr'>nequaquam</span> <span class='ocrx_word' id='word_1_786' title='bbox 2042 5216 2153 5273; x_wconf 86' lang='lat' dir='ltr'>sibi</span> 
     </span>
    </p>
   </div>
   <div class='ocr_carea' id='block_1_107' title="bbox 581 5357 1143 5422">
    <p class='ocr_par' dir='ltr' id='par_1_107' title="bbox 581 5357 1143 5422">
     <span class='ocr_line' id='line_1_107' title="bbox 581 5357 1143 5422; baseline -0.011 -6"><span class='ocrx_word' id='word_1_787' title='bbox 581 5359 629 5393; x_wconf 73' lang='grc' dir='ltr'>δ’</span> <span class='ocrx_word' id='word_1_788' title='bbox 654 5357 854 5416; x_wconf 86' lang='lat' dir='ltr'>Matth.</span> <span class='ocrx_word' id='word_1_789' title='bbox 888 5373 1022 5422; x_wconf 86' lang='lat' dir='ltr'>xvu,</span> <span class='ocrx_word' id='word_1_790' title='bbox 1059 5357 1143 5413; x_wconf 85' lang='lat'>58.</span> 
     </span>
    </p>
   </div>
   <div class='ocr_carea' id='block_1_108' title="bbox 2266 4504 3891 4577">
    <p class='ocr_par' dir='ltr' id='par_1_108' title="bbox 2266 4504 3891 4577">
     <span class='ocr_line' id='line_1_108' title="bbox 2266 4504 3891 4577; baseline 0.001 -18"><span class='ocrx_word' id='word_1_791' title='bbox 2266 4509 2641 4569; x_wconf 80' lang='grc' dir='ltr'>καθεστήκατε,</span> <span class='ocrx_word' id='word_1_792' title='bbox 2697 4512 2805 4567; x_wconf 89' lang='grc' dir='ltr'>τοίς</span> <span class='ocrx_word' id='word_1_793' title='bbox 2870 4506 3070 4576; x_wconf 85' lang='grc' dir='ltr'>ὁμοίοις</span> <span class='ocrx_word' id='word_1_794' title='bbox 3129 4504 3457 4577; x_wconf 81' lang='grc' dir='ltr'>ἀμείϐεσθαι,</span> <span class='ocrx_word' id='word_1_795' title='bbox 3513 4512 3604 4558; x_wconf 85' lang='grc' dir='ltr'>καὶ</span> <span class='ocrx_word' id='word_1_796' title='bbox 3673 4511 3891 4561; x_wconf 76' lang='grc' dir='ltr'>πάντων</span> 
     </span>
    </p>
   </div>
   <div class='ocr_carea' id='block_1_109' title="bbox 2267 4592 3893 4668">
    <p class='ocr_par' dir='ltr' id='par_1_109' title="bbox 2267 4592 3893 4668">
     <span class='ocr_line' id='line_1_109' title="bbox 2267 4592 3893 4668; baseline 0 -20"><span class='ocrx_word' id='word_1_797' title='bbox 2267 4596 2552 4668; x_wconf 80' lang='grc' dir='ltr'>ἔμπροσθεν</span> <span class='ocrx_word' id='word_1_798' title='bbox 2605 4595 2748 4664; x_wconf 78' lang='grc' dir='ltr'>οἴγειν</span> <span class='ocrx_word' id='word_1_799' title='bbox 2802 4596 2894 4651; x_wconf 77' lang='grc' dir='ltr'>τὴν</span> <span class='ocrx_word' id='word_1_800' title='bbox 2946 4598 3065 4666; x_wconf 87' lang='grc' dir='ltr'>περὶ</span> <span class='ocrx_word' id='word_1_801' title='bbox 3104 4592 3190 4666; x_wconf 71' lang='grc' dir='ltr'>ἐμὲ</span> <span class='ocrx_word' id='word_1_802' title='bbox 3232 4599 3317 4647; x_wconf 89' lang='grc' dir='ltr'>τόν</span> <span class='ocrx_word' id='word_1_803' title='bbox 3375 4595 3647 4667; x_wconf 74' lang='grc' dir='ltr'>εὐεργέτην</span> <span class='ocrx_word' id='word_1_804' title='bbox 3708 4597 3893 4668; x_wconf 75' lang='grc' dir='ltr'>φιλίαν</span> 
     </span>
    </p>
   </div>
   <div class='ocr_carea' id='block_1_110' title="bbox 2265 4680 3891 4759">
    <p class='ocr_par' dir='ltr' id='par_1_110' title="bbox 2265 4680 3891 4759">
     <span class='ocr_line' id='line_1_110' title="bbox 2265 4680 3891 4759; baseline 0.001 -23"><span class='ocrx_word' id='word_1_805' title='bbox 2265 4689 2355 4736; x_wconf 82' lang='grc' dir='ltr'>καὶ</span> <span class='ocrx_word' id='word_1_806' title='bbox 2407 4687 2643 4748; x_wconf 57' lang='lat' dir='ltr'>ductato;</span> <span class='ocrx_word' id='word_1_807' title='bbox 2697 4687 2871 4735; x_wconf 82' lang='grc' dir='ltr'>καίτοι</span> <span class='ocrx_word' id='word_1_808' title='bbox 2924 4680 3047 4735; x_wconf 72' lang='grc' dir='ltr'>οὐδὲ</span> <span class='ocrx_word' id='word_1_809' title='bbox 3115 4691 3282 4736; x_wconf 88' lang='grc' dir='ltr'>ταῦτα</span> <span class='ocrx_word' id='word_1_810' title='bbox 3335 4680 3409 4735; x_wconf 90' lang='grc' dir='ltr'>δι’</span> <span class='ocrx_word' id='word_1_811' title='bbox 3466 4683 3593 4755; x_wconf 77' lang='grc' dir='ltr'>ὶμέ·</span> <span class='ocrx_word' id='word_1_812' title='bbox 3669 4691 3723 4736; x_wconf 89' lang='grc' dir='ltr'>τί</span> <span class='ocrx_word' id='word_1_813' title='bbox 3786 4691 3891 4759; x_wconf 78' lang='grc' dir='ltr'>γαρ</span> 
     </span>
    </p>
   </div>
   <div class='ocr_carea' id='block_1_111' title="bbox 2576 4774 3890 4846">
    <p class='ocr_par' dir='ltr' id='par_1_111' title="bbox 2576 4774 3890 4846">
     <span class='ocr_line' id='line_1_111' title="bbox 2576 4774 3890 4846; baseline 0.002 -22"><span class='ocrx_word' id='word_1_814' title='bbox 2576 4774 2736 4834; x_wconf 90' lang='grc' dir='ltr'>πόθος</span> <span class='ocrx_word' id='word_1_815' title='bbox 2831 4774 3148 4844; x_wconf 78' lang='grc' dir='ltr'>ἀνθρώπινος</span> <span class='ocrx_word' id='word_1_816' title='bbox 3242 4781 3312 4842; x_wconf 82' lang='grc' dir='ltr'>τῷ</span> <span class='ocrx_word' id='word_1_817' title='bbox 3407 4777 3573 4825; x_wconf 85' lang='grc' dir='ltr'>πάντα</span> <span class='ocrx_word' id='word_1_818' title='bbox 3663 4777 3890 4846; x_wconf 74' lang='grc' dir='ltr'>νεύματι</span> 
     </span>
    </p>
   </div>
   <div class='ocr_carea' id='block_1_112' title="bbox 2264 4856 3888 4935">
    <p class='ocr_par' dir='ltr' id='par_1_112' title="bbox 2264 4856 3888 4935">
     <span class='ocr_line' id='line_1_112' title="bbox 2264 4856 3888 4935; baseline -0.001 -20"><span class='ocrx_word' id='word_1_819' title='bbox 2264 4864 2582 4935; x_wconf 88' lang='grc' dir='ltr'>περιάγοντι,</span> <span class='ocrx_word' id='word_1_820' title='bbox 2631 4865 2718 4912; x_wconf 82' lang='grc' dir='ltr'>καὶ</span> <span class='ocrx_word' id='word_1_821' title='bbox 2766 4860 2825 4912; x_wconf 78' lang='grc' dir='ltr'>οὗ</span> <span class='ocrx_word' id='word_1_822' title='bbox 2875 4856 3144 4912; x_wconf 86' lang='grc' dir='ltr'>δακτύλων</span> <span class='ocrx_word' id='word_1_823' title='bbox 3199 4864 3368 4933; x_wconf 84' lang='grc' dir='ltr'>ἔργον,</span> <span class='ocrx_word' id='word_1_824' title='bbox 3402 4861 3532 4918; x_wconf 78' lang='grc' dir='ltr'>αύτὴ</span> <span class='ocrx_word' id='word_1_825' title='bbox 3576 4866 3741 4931; x_wconf 83' lang='grc' dir='ltr'>φύσις</span> <span class='ocrx_word' id='word_1_826' title='bbox 3800 4864 3888 4914; x_wconf 79' lang='grc' dir='ltr'>ἁν-</span> 
     </span>
    </p>
   </div>
   <div class='ocr_carea' id='block_1_113' title="bbox 2268 4949 3891 5025">
    <p class='ocr_par' dir='ltr' id='par_1_113' title="bbox 2268 4949 3891 5025">
     <span class='ocr_line' id='line_1_113' title="bbox 2268 4949 3891 5025; baseline 0 -21"><span class='ocrx_word' id='word_1_827' title='bbox 2268 4954 2502 5025; x_wconf 86' lang='grc' dir='ltr'>θρώπων,</span> <span class='ocrx_word' id='word_1_828' title='bbox 2558 4954 2647 5001; x_wconf 81' lang='grc' dir='ltr'>καὶ</span> <span class='ocrx_word' id='word_1_829' title='bbox 2698 4949 2933 5023; x_wconf 70' lang='grc' dir='ltr'>οὐρανός,</span> <span class='ocrx_word' id='word_1_830' title='bbox 2992 4954 3082 5000; x_wconf 84' lang='grc' dir='ltr'>καὶ</span> <span class='ocrx_word' id='word_1_831' title='bbox 3137 4954 3202 5001; x_wconf 78' lang='grc' dir='ltr'>τὰ</span> <span class='ocrx_word' id='word_1_832' title='bbox 3256 4953 3557 5021; x_wconf 83' lang='grc' dir='ltr'>σύμπαντα,</span> <span class='ocrx_word' id='word_1_833' title='bbox 3611 4949 3747 5002; x_wconf 78' lang='grc' dir='ltr'>ἀλλὰ</span> <span class='ocrx_word' id='word_1_834' title='bbox 3799 4958 3891 5004; x_wconf 79' lang='grc' dir='ltr'>καὶ</span> 
     </span>
    </p>
   </div>
   <div class='ocr_carea' id='block_1_114' title="bbox 2266 5035 3885 5114">
    <p class='ocr_par' dir='ltr' id='par_1_114' title="bbox 2266 5035 3885 5114">
     <span class='ocr_line' id='line_1_114' title="bbox 2266 5035 3885 5114; baseline 0.001 -25"><span class='ocrx_word' id='word_1_835' title='bbox 2266 5046 2446 5103; x_wconf 77' lang='grc' dir='ltr'>ταῦτα,</span> <span class='ocrx_word' id='word_1_836' title='bbox 2506 5040 2678 5114; x_wconf 81' lang='grc' dir='ltr'>ὥσπερ</span> <span class='ocrx_word' id='word_1_837' title='bbox 2763 5042 2853 5091; x_wconf 82' lang='grc' dir='ltr'>καὶ</span> <span class='ocrx_word' id='word_1_838' title='bbox 2934 5037 3112 5103; x_wconf 77' lang='grc' dir='ltr'>τᾶλλα,</span> <span class='ocrx_word' id='word_1_839' title='bbox 3172 5035 3264 5090; x_wconf 80' lang='grc' dir='ltr'>διὰ</span> <span class='ocrx_word' id='word_1_840' title='bbox 3336 5043 3430 5097; x_wconf 80' lang='grc' dir='ltr'>τὴν</span> <span class='ocrx_word' id='word_1_841' title='bbox 3496 5040 3641 5110; x_wconf 79' lang='grc' dir='ltr'>ὑμῶν</span> <span class='ocrx_word' id='word_1_842' title='bbox 3710 5041 3885 5091; x_wconf 69' lang='grc' dir='ltr'>αὐτῶν</span> 
     </span>
    </p>
   </div>
   <div class='ocr_carea' id='block_1_115' title="bbox 2265 5123 3885 5200">
    <p class='ocr_par' dir='ltr' id='par_1_115' title="bbox 2265 5123 3885 5200">
     <span class='ocr_line' id='line_1_115' title="bbox 2265 5123 3885 5200; baseline 0.001 -22"><span class='ocrx_word' id='word_1_843' title='bbox 2265 5126 2494 5187; x_wconf 75' lang='grc' dir='ltr'>ἐπιζητῶ</span> <span class='ocrx_word' id='word_1_844' title='bbox 2540 5131 2820 5199; x_wconf 90' lang='grc' dir='ltr'>σωτηρίαν.</span> <span class='ocrx_word' id='word_1_845' title='bbox 2873 5126 2948 5179; x_wconf 78' lang='grc' dir='ltr'>Ού</span> <span class='ocrx_word' id='word_1_846' title='bbox 2992 5131 3101 5200; x_wconf 80' lang='grc' dir='ltr'>χρὴ</span> <span class='ocrx_word' id='word_1_847' title='bbox 3147 5123 3215 5185; x_wconf 80' lang='grc' dir='ltr'>δὴ</span> <span class='ocrx_word' id='word_1_848' title='bbox 3261 5138 3289 5168; x_wconf 81' lang='grc' dir='ltr'>ιι</span> <span class='ocrx_word' id='word_1_849' title='bbox 3336 5127 3644 5198; x_wconf 77' lang='grc' dir='ltr'>θαυμάζειν,</span> <span class='ocrx_word' id='word_1_850' title='bbox 3698 5128 3745 5180; x_wconf 83' lang='grc' dir='ltr'>εί</span> <span class='ocrx_word' id='word_1_851' title='bbox 3792 5136 3885 5186; x_wconf 65' lang='grc' dir='ltr'>τὴν</span> 
     </span>
    </p>
   </div>
   <div class='ocr_carea' id='block_1_116' title="bbox 2265 5215 3887 5291">
    <p class='ocr_par' dir='ltr' id='par_1_116' title="bbox 2265 5215 3887 5291">
     <span class='ocr_line' id='line_1_116' title="bbox 2265 5215 3887 5291; baseline 0.002 -23"><span class='ocrx_word' id='word_1_852' title='bbox 2265 5220 2465 5291; x_wconf 76' lang='grc' dir='ltr'>μητέρα</span> <span class='ocrx_word' id='word_1_853' title='bbox 2515 5224 2675 5289; x_wconf 89' lang='grc' dir='ltr'>τιμῶν</span> <span class='ocrx_word' id='word_1_854' title='bbox 2734 5217 2759 5267; x_wconf 90' lang='lat'>6</span> <span class='ocrx_word' id='word_1_855' title='bbox 2804 5219 3054 5290; x_wconf 88' lang='grc' dir='ltr'>Χριστός,</span> <span class='ocrx_word' id='word_1_856' title='bbox 3113 5218 3178 5276; x_wconf 83' lang='grc' dir='ltr'>ὡς</span> <span class='ocrx_word' id='word_1_857' title='bbox 3234 5224 3518 5291; x_wconf 76' lang='grc' dir='ltr'>προσῆκεν,</span> <span class='ocrx_word' id='word_1_858' title='bbox 3563 5218 3707 5287; x_wconf 83' lang='grc' dir='ltr'>ὅμως</span> <span class='ocrx_word' id='word_1_859' title='bbox 3758 5215 3887 5271; x_wconf 66' lang='grc' dir='ltr'>οὐδε</span> 
     </span>
    </p>
   </div>
   <div class='ocr_carea' id='block_1_117' title="bbox 2267 4770 3312 4844">
    <p class='ocr_par' dir='ltr' id='par_1_117' title="bbox 2267 4770 3312 4844">
     <span class='ocr_line' id='line_1_117' title="bbox 2267 4770 3312 4844; baseline -0.001 -18"><span class='ocrx_word' id='word_1_860' title='bbox 2267 4774 2482 4826; x_wconf 84' lang='grc' dir='ltr'>εἰσοίσει</span> <span class='ocrx_word' id='word_1_861' title='bbox 2576 4774 2736 4834; x_wconf 91' lang='grc' dir='ltr'>πόθος</span> <span class='ocrx_word' id='word_1_862' title='bbox 2831 4770 3148 4844; x_wconf 77' lang='grc' dir='ltr'>ἀνθρώπινος</span> <span class='ocrx_word' id='word_1_863' title='bbox 3242 4781 3312 4842; x_wconf 83' lang='grc' dir='ltr'>τῷ</span> 
     </span>
    </p>
   </div>
   <div class='ocr_carea' id='block_1_118' title="bbox 1862 5517 2535 5601">
    <p class='ocr_par' dir='ltr' id='par_1_118' title="bbox 1862 5517 2535 5601">
     <span class='ocr_line' id='line_1_118' title="bbox 1862 5517 2535 5601; baseline 0 -29"><span class='ocrx_word' id='word_1_864' title='bbox 1862 5517 2097 5601; x_wconf 62' lang='grc' dir='ltr'>νΑΒιᾼῑ</span> <span class='ocrx_word' id='word_1_865' title='bbox 2139 5518 2535 5576; x_wconf 87' lang='lat' dir='ltr'>LECTIONES.</span> 
     </span>
    </p>
   </div>
   <div class='ocr_carea' id='block_1_119' title="bbox 586 5657 2965 5736">
    <p class='ocr_par' dir='ltr' id='par_1_119' title="bbox 586 5657 2965 5736">
     <span class='ocr_line' id='line_1_119' title="bbox 586 5657 2965 5736; baseline 0 -23"><span class='ocrx_word' id='word_1_866' title='bbox 586 5673 614 5715; x_wconf 75' lang='grc' dir='ltr'>(Ι</span> <span class='ocrx_word' id='word_1_867' title='bbox 663 5662 726 5718; x_wconf 90' lang='lat' dir='ltr'>C.</span> <span class='ocrx_word' id='word_1_868' title='bbox 759 5662 827 5716; x_wconf 78' lang='grc' dir='ltr'><strong>Μ.</strong></span> <span class='ocrx_word' id='word_1_869' title='bbox 862 5660 1204 5731; x_wconf 85' lang='grc' dir='ltr'>πνευματικός</span> <span class='ocrx_word' id='word_1_870' title='bbox 1232 5657 1417 5714; x_wconf 88' lang='lat' dir='ltr'>deest.</span> <span class='ocrx_word' id='word_1_871' title='bbox 1495 5669 1519 5699; x_wconf 80' lang='grc' dir='ltr'>ι’</span> <span class='ocrx_word' id='word_1_872' title='bbox 1576 5660 1635 5715; x_wconf 93' lang='lat' dir='ltr'>C.</span> <span class='ocrx_word' id='word_1_873' title='bbox 1668 5661 1735 5715; x_wconf 81' lang='grc' dir='ltr'><strong>Μ.</strong></span> <span class='ocrx_word' id='word_1_874' title='bbox 1771 5664 1925 5717; x_wconf 89' lang='lat' dir='ltr'>recte</span> <span class='ocrx_word' id='word_1_875' title='bbox 1951 5662 2147 5736; x_wconf 79' lang='grc' dir='ltr'>ἑτέρας.</span> <span class='ocrx_word' id='word_1_876' title='bbox 2224 5665 2296 5708; x_wconf 74' lang='grc' dir='ltr'>ιοῑ</span> <span class='ocrx_word' id='word_1_877' title='bbox 2318 5666 2587 5736; x_wconf 84' lang='grc' dir='ltr'>νομίσητε,</span> <span class='ocrx_word' id='word_1_878' title='bbox 2619 5673 2649 5703; x_wconf 80' lang='grc' dir='ltr'>ιι</span> <span class='ocrx_word' id='word_1_879' title='bbox 2696 5663 2755 5719; x_wconf 91' lang='lat' dir='ltr'>C.</span> <span class='ocrx_word' id='word_1_880' title='bbox 2788 5663 2858 5720; x_wconf 75' lang='grc' dir='ltr'><strong>Μ.</strong></span> <span class='ocrx_word' id='word_1_881' title='bbox 2887 5657 2965 5719; x_wconf 74' lang='grc' dir='ltr'>δέ.</span> 
     </span>
    </p>
   </div>
  </div>
