4026 6196
223 253 331 311 977

224 381 428 437 ταύτην
468 385 561 439 τῆς
602 378 748 451 ήμῶν
794 379 1109 455 ύπερτίθησι
1140 384 1419 455 σωτηρίας
1465 382 1555 430 καὶ
1605 378 1704 452 γὰρ
1760 372 1828 433 δὴ
1861 375 1908 429 Α

225 472 318 524 xui
349 471 550 542 μητέρα
588 466 718 529 ὅλως
765 463 838 521 δι’
887 470 1046 541 ἡμᾶς,
1092 475 1183 523 καὶ
1222 467 1317 522 διὰ
1351 473 1446 528 τὴν
1499 469 1646 542 ἡμῶν
1685 464 1834 522 ἐκτή-

228 573 357 606 σατο
414 558 700 628 σωτηρίαν,
756 551 864 606 ἀλλ’
924 555 1058 608 ὥστε
1115 553 1175 608 δε
1232 560 1391 609 αύτοῦ
1444 566 1475 598 ν
1531 555 1829 626 φεισάμενος

224 645 356 717 ὑπὲρ
388 645 557 715 ἡμῶν,
599 641 727 694 ἀλλὰ
754 641 966 696 κάκεῖνα
1007 647 1073 696 τὰ
1101 649 1265 720 μυρία
1293 646 1434 702 πάθη
1475 645 1706 703 ύποστὰς
1742 649 1828 697 καὶ

222 735 314 785 τόν
362 728 720 785 ἐπονείδιστον
765 731 954 785 ἐκεῖνον
1005 739 1094 786 καὶ
1142 733 1317 807 βίαιον
1361 736 1594 796 θάνατον,
1629 731 1692 784 ἶν’
1719 730 1833 782 ἀντὶ

226 823 476 883 θανάτου,
510 821 647 882 ζωῆς
679 823 818 892 ἡμᾶς
847 820 1104 874 ἀθανάτου
1145 820 1291 896 δείξῃ
1342 822 1708 898 κληρονόμους,
1739 820 1831 872 ούκ

223 913 287 962 ἄν
337 909 622 971 ἀπεικότως
705 915 793 963 καὶ
867 919 962 973 τῆς
1032 921 1296 985 μητρυιῆς
1363 914 1686 985 συμπαθείας
1741 915 1830 968 τὴν

222 1002 372 1072 ἡμῶν
429 1002 668 1072 ἡγήσατο
718 1004 1096 1075 προτιμοτέραν
1176 1006 1461 1075 σωτηρίαν.
1526 1001 1586 1054 Εἰ
1653 999 1830 1074 βούλει

225 1085 286 1142 δ”ε
342 1087 550 1141 κάκεῖνο
609 1096 818 1142 σκοπεῖν
868 1102 899 1132 ι
959 1090 1249 1162 (πολύχους
1298 1093 1400 1165 γὰρ
1453 1092 1484 1148 ἡ
1539 1098 1638 1141 τῶν
1684 1091 1829 1141 θείων

223 1183 440 1254 Γραφῶν
482 1181 732 1251 γεωργία,
786 1183 877 1230 καὶ
932 1179 1124 1238 πολλὴν
1173 1176 1506 1232 ἀναδιδοῦσα
1543 1186 1652 1240 τοῖς
1691 1177 1828 1250 φιλο·

220 1274 446 1320 πονοῦσι
488 1271 582 1325 τήν
620 1266 905 1338 ὠφέλειαν),
961 1265 1168 1329 ούδενός
1213 1277 1313 1321 τῶν
1357 1268 1520 1320 ἄλλων
1572 1263 1825 1319 ἐνδεέστεο

220 1376 312 1432 ρον
346 1355 474 1428 ὄψῃ,
507 1357 584 1407 ὅτι
616 1358 696 1418 τό,
735 1376 763 1408 «
794 1362 887 1417 Τίς
914 1355 1053 1409 ἔστιν
1085 1360 1113 1416 ἠ
1143 1363 1318 1432 μήτηρ
1361 1377 1461 1429 μου
1486 1361 1575 1408 καὶ
1601 1358 1649 1408 οἱ
1676 1352 1828 1408 ἀδελ-

223 1451 309 1518 φοί
365 1461 507 1517 μου;
558 1465 588 1496 »
639 1445 697 1497 ού
748 1449 880 1518 πρὸς
924 1451 1012 1504 τὴν
1061 1451 1276 1520 Μητέρα
1324 1446 1712 1517 ἀποτεινόμενος
1762 1448 1828 1496 εἶ-

219 1552 381 1606 ρηκεν
435 1535 462 1586 ὁ
515 1538 714 1609 Σωτήρ³
765 1535 930 1592 ἐκείνη
987 1538 1088 1609 γὰρ
1154 1539 1184 1593 ή
1258 1541 1493 1610 μακαρία
1549 1536 1826 1609 Παρθένος,

225 1631 597 1694 σεμνοπρεπῶς
649 1641 702 1675 τε
756 1628 847 1675 καὶ
895 1628 986 1676 σύν
1041 1623 1278 1696 εὐλαϐείᾳ
1323 1624 1417 1687 ἔξω
1469 1625 1672 1689 ἵστατο,
1705 1619 1828 1675 ούδί

220 1716 315 1769 τήν
363 1715 488 1784 πρὸς
548 1715 635 1763 τὸν
683 1713 802 1764 Υἱόν
860 1711 1325 1787 παρρησιαζομένη
1382 1709 1605 1766 εἴσοδονο
1652 1712 1828 1785 ούμεν-
1857 1726 1902 1782 Β

221 1807 314 1852 οῦν
363 1796 487 1852 ούδε
542 1805 636 1859 τήν
686 1796 1046 1853 διδασκαλίαν
1093 1807 1504 1874 περικόπτουσα,
1562 1801 1718 1853 αὐτόν
1770 1798 1829 1853 δὲ

221 1894 380 1961 μόνον
427 1885 556 1942 ἰδεῖν
601 1891 948 1944 έπιποθούσα.
1001 1895 1138 1965 Πρός
1170 1897 1285 1943 τίνα
1326 1891 1502 1944 λοιπόν
1533 1893 1556 1943 ό
1589 1899 1829 1943 Δεσποτι-

220 1983 319 2040 κὸς
359 1978 510 2049 λόγος
561 1975 890 2053 ὁρᾲ;’δῆλον
919 1992 972 2044 Υ,
1022 1983 1086 2040 ὡς
1127 1983 1253 2054 πρὸς
1292 1980 1498 2046 ἐκεῖνον,
1544 1985 1630 2033 τόν
1660 1981 1753 2032 ούκ
1779 1978 1827 2031 έν

220 2075 393 2140 καιρῷ
466 2073 557 2119 καὶ
632 2069 858 2140 θρασέως
933 2068 1284 2142 έπιφωνοῡντα
1353 2075 1438 2122 xui
1507 2069 1825 2142 ἆνακράζονο

215 2176 304 2224 τα,
353 2176 381 2208 ιι
411 2155 471 2208 Ἠ
520 2160 696 2230 μήτηρ
731 2177 824 2209 σου
855 2163 947 2210 xui
995 2160 1044 2210 οἱ
1093 2154 1307 2231 ἀδελφοί
1360 2178 1452 2210 σου
1509 2158 1604 2220 ἔξω
1639 2159 1826 2218 ζητοῦ-

219 2247 278 2295 σί
339 2263 414 2298 σε.
468 2265 489 2292 ι
540 2244 761 2306 Ἐκεῖνος
797 2249 898 2318 γὰρ
943 2248 970 2297 ό
1010 2243 1264 2308 Ἰουδαῖος
1308 2243 1453 2317 (οὐδὲ
1499 2249 1598 2320 γὰρ
1639 2249 1826 2317 ἔχομεν

214 2335 410 2385 τούτου
461 2340 769 2408 κυριώτερον
830 2334 885 2386 ἐκ
961 2345 1060 2388 τῶν
1133 2336 1456 2408 Εύαγγελίων
1515 2334 1695 2407 ὄνομα)
1745 2337 1828 2387 ὅτε

213 2429 288 2491 τῷ
346 2428 578 2496 Δεσπότῃ
656 2429 994 2498 προσεφώνει,
1053 2421 1203 2478 οὐδὲν
1262 2426 1320 2477 ού
1386 2430 1538 2498 μόνον
1599 2432 1827 2483 συνῆπτε

211 2513 370 2586 ῥῆμα
421 2511 856 2585 σεϐασμιότητος,
908 2512 1016 2566 ἀλλ’
1072 2511 1196 2568 ούδε
1247 2519 1335 2568 τόν
1399 2519 1662 2590 πρέποντα
1712 2533 1828 2565 και-

213 2605 308 2673 ρόν
366 2599 659 2674 ἀναμείνας,
726 2601 854 2654 ἀλλὰ
904 2608 993 2656 καὶ
1044 2609 1136 2662 τὴν
1195 2601 1551 2657 διδασκαλίαν
1617 2608 1826 2677 περικό-

213 2709 382 2755 πτων,
415 2695 504 2742 καὶ
534 2691 692 2764 πολλῇ
725 2698 994 2764 χρώμενος
1135 2689 1392 2766 αὐθαδείᾳ
1433 2698 1522 2745 xui
1562 2694 1824 2767 θρασύτη-

215 2797 291 2847 τι,
333 2782 412 2845 τό,
469 2798 496 2828 ‹‹
527 2778 585 2832 Ἠ
639 2786 810 2854 μήτηρ
862 2800 956 2833 σου
1001 2787 1089 2834 καὶ
1129 2784 1180 2834 οἱ
1211 2779 1422 2855 ἀδελφοί
1451 2801 1565 2851 σου,
1599 2779 1824 2855 προσέρ-

212 2868 420 2942 ῥιπτεν,
475 2867 570 2930 ἔξω
630 2871 854 2932 ζητούσί
908 2889 984 2924 σε.
1033 2890 1061 2922 ››
1118 2867 1279 2943 Οἶμαι
1347 2868 1406 2924 δε
1457 2871 1610 2923 αύτόν
1669 2878 1821 2922 τούτο

215 2952 552 3029 δεδρακέναι,
613 2960 800 3010 ὡσανεὶ
850 2963 938 3010 καὶ
985 2958 1086 3011 ἀπό
1117 2968 1207 3012 τού
1253 2964 1431 3032 γένους
1477 2959 1820 3012 ἐπισκώπτειν

215 3049 305 3097 τόν
355 3049 524 3098 κοινόν
570 3053 662 3098 του
710 3050 884 3116 γένους
935 3055 1151 3122 Σωτῆρα
1199 3045 1689 3121 διαμηχανώμενον.
1744 3047 1818 3100 Ou’
1858 3076 1901 3135 Ο

212 3137 315 3207 γὰρ
371 3134 434 3185 ἆν
485 3135 620 3187 οὕτω
675 3136 925 3210 θρασέως,
972 3142 1061 3189 xui
1105 3137 1176 3198 εἰς
1219 3139 1446 3195 ὑπήκοον
1476 3150 1500 3178 ι
1526 3146 1625 3189 τῶν
1667 3133 1821 3189 διδα-

215 3228 500 3296 σκομένων,
554 3227 640 3276 τόν
698 3222 997 3298 ὀνειδισμὸν
1053 3226 1358 3300 οἰκειότερον
1403 3227 1558 3279 εἰπεῖν
1615 3230 1645 3284 ἤ
1724 3230 1818 3283 τὴν

210 3313 506 3387 πρόκλησιν
557 3321 650 3366 τού
703 3320 962 3368 Δεσπότου
1017 3315 1318 3375 έπεποίητο’
1374 3321 1464 3368 καὶ
1518 3324 1685 3369 ταῦτα
1737 3311 1820 3368 δι-

211 3409 524 3475 εμηχανᾶτο
571 3408 662 3456 καὶ
711 3407 1136 3471 συνεσκευάζετο,
1186 3407 1568 3481 ῥᾳθυμοτέρους
1611 3425 1665 3458 τε
1699 3409 1818 3478 περὶ

210 3498 308 3552 τὴν
359 3491 632 3564 ἀκρόασιν,
687 3498 746 3546 τό
784 3514 844 3565 γε
893 3496 1011 3548 καθ’
1057 3495 1256 3561 ἑαυτὸν,
1305 3499 1363 3548 τό
1417 3494 1615 3555 πλῆθος
1657 3493 1816 3566 ἁπερ-

206 3582 517 3654 γαζόμενος,
569 3588 659 3635 καὶ
711 3587 770 3635 τό
822 3582 1124 3647 ἀξιόπιστον
1166 3592 1257 3638 τοῦ
1313 3580 1664 3652 διδασκάλου,
1714 3584 1814 3636 ἀπὸ

207 3689 268 3740 γε
342 3678 438 3730 τῆς
504 3676 822 3743 συγγενείας,
903 3675 971 3734 ὡς
1031 3671 1280 3744 ἐνόμιζεν,
1336 3672 1662 3736 ἐξευτελίζων
1728 3677 1810 3724 xui

209 3761 640 3831 ὑποτεμνόμενος.
701 3766 798 3814 Καὶ
860 3764 960 3835 γὰρ
1042 3767 1132 3813 καὶ
1185 3761 1420 3834 ἀλλαχοῦ
1469 3768 1700 3834 φαίνεται
1756 3765 1812 3814 τό

205 3845 474 3902 Ἰουδαῖον
508 3851 667 3917 ἔθνος,
713 3851 802 3903 xui
831 3850 1063 3923 μάλιστα
1101 3855 1236 3904 κατὰ
1282 3855 1369 3904 τόν
1411 3856 1591 3924 καιρόν
1637 3859 1726 3912 τῆς
1760 3871 1813 3904 τε

207 3933 596 4004 διδασκαλίας,
673 3943 763 3990 καί
825 3959 884 4011 γε
939 3945 1028 3992 καὶ
1091 3948 1182 4000 τῆς
1246 3943 1688 4014 θαυματουργίας,
1742 3948 1812 4010 τῷ

207 4029 381 4098 φθόνῳ
423 4023 897 4100 διαπιμπράμενον,
929 4034 1019 4081 xui
1058 4033 1184 4104 πρὸς
1230 4027 1478 4093 διαϐολὰς
1507 4036 1596 4083 καὶ
1639 4029 1813 4102 ὕϐρεις

203 4124 297 4168 τοῦ
351 4121 612 4168 Δεσπότου
652 4117 879 4178 ἐκτόπως
931 4116 1352 4191 ἀναφλεγόμενον.
1413 4143 1432 4169 ι
1492 4120 1614 4191 Ούχ
1667 4119 1812 4179 οὗτος

203 4207 312 4278 γὰρ
343 4204 477 4268 ἐστι,
508 4211 687 4277 φησὶν,
720 4209 746 4258 ό
777 4215 868 4259 τοῦ
897 4211 1132 4269 τέκτονος
1158 4211 1270 4270 υἱός
1302 4227 1313 4275 ;
1339 4214 1427 4261 καὶ
1456 4208 1630 4278 πάλιν,
1665 4232 1692 4259 ‹‹
1722 4212 1811 4262 Οἰ-

207 4290 376 4365 δαμεν
409 4297 494 4345 τόν
525 4299 719 4368 πατέρα
747 4296 905 4348 αὐτοῦ
931 4302 1020 4348 xui
1051 4301 1145 4355 τὴν
1175 4302 1390 4372 μητέρα·
1439 4319 1460 4348 n
1496 4303 1605 4364 xui,
1649 4321 1676 4350 «
1714 4295 1809 4350 Οὖο

201 4403 290 4443 τος
317 4382 412 4434 ούκ
435 4379 650 4455 οἴδαμεν
681 4386 834 4436 πόθεν
866 4384 1005 4438 ἐστίν
1042 4404 1054 4453 ;
1089 4407 1113 4437 ι)
1144 4390 1254 4454 καὶ,
1288 4408 1315 4435 ‹‹
1364 4386 1508 4458 Ούχὶ
1533 4388 1655 4463 παρ’
1685 4390 1809 4460 ἡμῖν
1843 4423 1887 4478 D

203 4471 341 4524 εἰσιν
371 4473 420 4523 οἱ
459 4469 671 4545 ἀδελφοὶ
720 4473 881 4526 αύτοῡ
929 4479 1018 4527 xui
1069 4477 1122 4526 ui
1171 4471 1390 4547 ἀδελφαὶ
1421 4475 1578 4528 αὐτοῦ
1614 4492 1627 4542 ;
1662 4498 1689 4526 ››
1721 4483 1808 4530 xui

203 4558 372 4610 πολλὰ
401 4568 619 4612 τοιαῦτα
655 4560 948 4635 βασκανίας
972 4564 1204 4637 ῥήματα.
1240 4567 1326 4616 Διό
1358 4569 1448 4616 καὶ
1489 4565 1514 4615 ὁ
1546 4571 1810 4629 Δεσπότης

203 4651 443 4722 Χριστός
473 4647 698 4721 ὶλέγχων
727 4651 885 4704 αὐτοῦ
912 4657 1006 4710 τὴν
1044 4658 1390 4725 παρανομίαν,
1423 4660 1511 4707 xui
1544 4651 1617 4707 δι’
1649 4655 1808 4708 αὐτοῦ

199 4745 306 4790 τῶν
363 4737 660 4809 όμοφρόνων
701 4743 759 4791 τό
801 4743 1071 4813 σύστημα,
1119 4741 1184 4802 εὶς
1230 4746 1475 4802 τοιαύτην
1529 4747 1645 4796 τινὰ
1687 4743 1810 4798 διά-

199 4846 346 4879 νοιαν
392 4829 480 4878 τόν
530 4826 680 4899 λόγον
734 4833 1082 4902 σχηματίζων
1135 4839 1225 4892 τῆς
1271 4830 1610 4908 ἀποκρίσεως,
1662 4857 1683 4884 ι
1718 4841 1808 4897 Τίς

198 4915 337 4979 ἔστι,
387 4921 568 4987 φησὶν,
600 4919 629 4975 ἡ
672 4924 848 4992 μήτηρ
879 4938 1002 4991 μου,
1036 4925 1126 4972 xui
1156 4921 1204 4972 οἱ
1236 4917 1449 4993 ἀδελφοί
1477 4942 1578 4996 μου
1615 4930 1810 4988 ςΤουτ-

197 5009 336 5069 ἐστι,
383 5009 446 5057 Τί
488 5010 582 5063 τήν
624 5010 844 5080 μητέρα,
895 5013 984 5060 xui
1034 5013 1150 5069 τοὺς
1201 5007 1455 5082 ἀδελφούς
1504 5011 1573 5074 εἰς
1622 5010 1806 5066 όνειδιυ

197 5097 338 5167 σμόν
395 5099 666 5169 προφέρειν
714 5095 1020 5169 έμελέτησας
1056 5115 1069 5163 ;
1110 5101 1280 5171 μάτην
1341 5119 1424 5152 σοι
1479 5097 1808 5174 διεμηχανή-

195 5186 265 5242 θη
319 5187 380 5237 τὸ
439 5188 808 5259 κακούργημα,
863 5187 934 5249 εὶς
995 5187 1292 5242 τούναντίον
1344 5209 1429 5242 σοι
1479 5198 1806 5266 περιτραπή-

268 5335 321 5371 ⁶⁰
358 5335 566 5410 Matth,
595 5352 721 5404 xui,
755 5338 848 5394 47.
927 5339 970 5374 ⁸³
1007 5337 1203 5396 Matth.
1235 5354 1345 5410 xu,
1378 5343 1465 5396 55.

1253 255 1351 311 AD
1388 247 1948 310 AMPHILOCHIUM
1987 247 2313 318 QUIESTIO
2354 249 2564 308 CCXV.

1541 5342 1593 5376 ⁸²
1620 5341 1792 5399 Joan.
1826 5359 1902 5410 v1,
1930 5345 2022 5399 42.

3483 257 3591 314 978

1941 389 2212 446 parcens,
2235 380 2446 434 nostra
2459 392 2642 434 causa
2659 376 2838 449 longe
2855 377 2976 436 alia
2994 379 3378 438 etinnumera
3390 396 3598 453 passus

1942 469 2049 522 est.
2100 466 2398 539 Imprimis
2447 467 2946 525 contumeliosam
2994 467 3160 524 illam
3189 474 3247 525 et
3273 469 3599 529 violentam

1943 562 2195 612 mortem
2223 557 2436 622 crucis,
2478 561 2541 613 ut
2568 558 2699 614 vitae
2746 573 2859 614 nos
2899 562 3131 614 aeternas
3161 558 3453 631 haeredes,
3493 561 3600 634 qui

1942 645 2148 700 mortis
2201 644 2528 710 fueramus,
2587 646 3000 702 faceret:non
3046 650 3137 701 est
3206 645 3598 718 improbabile

1940 733 2107 789 illum
2131 739 2401 791 nostram
2441 735 2697 790 salutem
2727 735 3152 808 antiquiorem,
3179 752 3358 809 quam
3384 742 3598 794 mater-

1940 837 2079 878 nam
2102 821 2384 878 habuisse
2414 823 2882 880 observantiam.
2907 825 2962 880 Si
2983 824 3182 880 adhuc
3209 824 3353 880 libet
3374 830 3431 882 et
3448 825 3597 882 illud

1941 910 2082 967 mihi
2103 916 2264 977 nota,
2284 910 2618 968 divinarum
2639 914 3070 986 Scripturarum
3087 914 3428 985 agricolatio
3457 914 3598 971 mul-

1940 1001 2240 1073 tiplicibus
2287 1001 2468 1075 spicis
2507 1003 2796 1068 abundat,
2840 1008 2893 1059 et
2920 1003 3235 1076 plurimum
3289 1005 3593 1062 industriis

1939 1091 2324 1146 commodum
2374 1092 2659 1158 concedit,
2718 1108 2839 1148 non
2893 1092 3200 1147 minimum
3230 1092 3398 1159 illud,
3427 1095 3595 1166 quod

1938 1177 2038 1234 illa
2062 1199 2089 1230 «
2116 1181 2255 1244 Qua;
2294 1185 2382 1236 est
2429 1186 2618 1236 mater
2669 1196 2824 1246 mea,
2856 1185 2914 1236 et
2957 1180 3062 1253 qui
3102 1180 3311 1236 fratres
3363 1182 3470 1237 mei
3504 1184 3532 1239 7
3563 1201 3593 1235 »

1939 1283 2058 1323 non
2086 1268 2145 1322 in
2179 1268 2426 1324 Matrem
2457 1269 2681 1325 directa
2711 1269 2954 1342 protulit
2979 1271 3250 1326 Servator
3280 1269 3401 1341 (illa
3433 1270 3594 1327 enim

1937 1357 2108 1413 beata
2160 1356 2328 1427 Virgo
2360 1358 2627 1414 modeste
2668 1363 2734 1413 ut
2786 1357 3050 1430 oportuit
3107 1357 3266 1413 foras
3308 1358 3586 1423 constitit,

1937 1461 2047 1501 nec
2075 1445 2326 1502 liberam
2353 1447 2616 1502 adeundi
2645 1447 2856 1502 Filium
2895 1446 3195 1502 licentiam
3222 1445 3589 1518 vindicavit),

1938 1535 2043 1590 sed
2069 1551 2178 1591 nec
2201 1535 2454 1591 docendi
2471 1551 2714 1591 cursum
2738 1535 3165 1607 interrumpere
3191 1535 3450 1602 volebat,
3485 1535 3594 1592 sed

1938 1623 2135 1696 ipsum
2165 1624 2588 1680 tantummodo
2629 1624 2918 1695 gestiebat
2946 1624 3221 1680 salutare.
3277 1624 3366 1680 Ad
3409 1640 3594 1696 quem

1937 1712 2116 1784 igitur
2141 1712 2415 1782 dirigitur
2450 1729 2649 1769 sermo
2677 1713 3021 1769 Dominicus
3045 1714 3074 1769 ‘I
3100 1718 3259 1785 patet
3301 1713 3467 1785 quod
3517 1714 3595 1770 ad

1938 1818 2099 1866 eum,
2130 1802 2234 1874 qui
2273 1803 2416 1857 satis
2454 1802 2860 1874 intempestive
2900 1802 3284 1858 vociferando
3315 1807 3373 1858 et
3408 1801 3596 1858 incla-

1939 1891 2164 1947 mando
2195 1891 2451 1957 dicebat,
2480 1912 2510 1942 «
2541 1894 2715 1948 Mater
2744 1896 2847 1948 tua
2877 1897 2931 1948 et
2957 1892 3167 1947 fratres
3209 1893 3288 1946 tui
3336 1895 3389 1946 te
3432 1890 3593 1947 foras

1936 1985 2214 2051 quaerunt
2237 1981 2286 2016 σθ
2313 1999 2340 2031 ››
2377 1979 2526 2043 Erat,
2551 1979 2643 2036 ille
2659 1981 2916 2046 Iudaeus,
2944 1997 3054 2036 nec
3075 1979 3191 2036 alio
3214 1980 3455 2051 proprio
3489 1995 3595 2035 no-

1939 2070 2098 2124 mine
2127 2069 2346 2124 dictum
2373 2069 2663 2124 habemus
2693 2069 2756 2123 in
2785 2069 3124 2138 Evangelia.
3170 2068 3268 2124 Ille
3309 2084 3449 2124 cum
3482 2071 3593 2124 Do-

1940 2159 2172 2214 minum
2195 2158 2614 2230 alloqueretur,
2637 2173 2755 2214 non
2777 2158 2959 2213 modo
2981 2157 3210 2213 nullum
3231 2157 3483 2212 verbum
3504 2173 3593 2212 re-

1936 2248 2204 2304 verentiae
2218 2247 2488 2314 evolavit,
2510 2247 2611 2302 sed
2631 2263 2738 2303 nec
2753 2254 2978 2318 tempus
2990 2247 3365 2319 praestolatus
3385 2261 3594 2318 oppor-

1936 2341 2151 2392 tunum
2191 2337 2445 2394 docendi
2484 2353 2727 2392 cursum
2759 2336 3093 2408 interrupit,
3136 2340 3194 2391 et
3221 2351 3360 2391 cum
3401 2335 3592 2392 multa

1935 2426 2190 2482 audacia
2219 2431 2276 2481 et
2313 2425 2628 2496 supercilio
2661 2426 2911 2498 projecit
2935 2425 3103 2490 illud,
3137 2425 3371 2480 «Mater
3403 2429 3504 2480 tua
3534 2429 3592 2480 et

1935 2515 2146 2572 fratres
2179 2516 2261 2571 tui
2292 2519 2346 2570 te
2373 2515 2514 2572 foris
2543 2520 2840 2587 quaerunt.
2881 2537 2904 2565 υ
2935 2517 3086 2571 Reor
3130 2519 3332 2569 autem
3364 2529 3432 2568 eo
3470 2512 3591 2567 ﬁne

1932 2605 2047 2661 hoc
2079 2605 2157 2662 ab
2174 2605 2276 2660 illo
2295 2604 2641 2673 factitatum,
2658 2609 2721 2659 ut
2739 2604 2839 2676 qui
2857 2603 3108 2659 voluerit
3127 2604 3288 2658 omni
3309 2602 3591 2659 machina

1934 2695 2205 2751 adhibita
2234 2693 2470 2765 generis
2497 2694 2682 2749 nostri
2710 2693 3021 2749 Auctorem
3067 2693 3146 2748 ab
3177 2693 3449 2747 humana
3482 2707 3589 2746 sua

1933 2784 2314 2854 generatione
2344 2784 2820 2839 traducereznon
2851 2784 3010 2838 enim
3028 2787 3150 2838 tam
3175 2781 3510 2854 petulanter
3526 2779 3587 2836 in

1931 2874 2180 2930 auribus
2217 2873 2558 2929 auditorum
2618 2872 3133 2944 exprobrationem
3165 2870 3362 2942 potius
3401 2884 3585 2942 quam

1931 2962 2335 3018 evocationem
2367 2961 2652 3018 adhibere
2682 2960 2942 3025 volebat,
2965 2960 3076 3015 nisi
3117 2959 3176 3014 id
3207 2958 3425 3029 agebat
3455 2973 3588 3012 ma-

1931 3050 2255 3118 chinando,
2287 3055 2350 3105 ut
2393 3048 2732 3119 ignaviores
2779 3047 3052 3103 redderet
3104 3046 3430 3103 auditores.
3494 3045 3588 3100 Ita

1930 3143 2227 3211 quantum
2249 3139 2304 3194 in
2335 3140 2466 3210 ipso
2493 3142 2618 3193 erat
2635 3136 2881 3192 abduxit
2904 3137 2980 3193 ab
3002 3135 3305 3192 audiendo
3325 3133 3588 3189 multitu-

1928 3228 2153 3294 dinem,
2177 3235 2235 3284 et
2255 3227 2510 3283 doctoris
2531 3223 3333 3282 reverentiamimminuendi
3355 3223 3582 3287 animo,

1928 3334 2034 3391 per
2063 3317 2509 3373 viliﬁcationem
2538 3315 2837 3388 prosapiei
2882 3314 3277 3385 interrumpit.
3319 3314 3583 3384 Apparet

1927 3409 2087 3462 enim
2140 3411 2198 3460 et
2250 3403 2391 3460 alibi
2429 3403 2742 3460 Judaicam
2783 3409 3021 3472 gentem
3052 3417 3190 3457 cum
3219 3399 3391 3464 alias,
3454 3403 3581 3454 tum

1925 3495 2219 3567 praecipue
2250 3510 2389 3550 cum
2419 3494 2652 3548 doceret
2680 3498 2785 3548 aut
2821 3491 3111 3548 miracula
3139 3491 3329 3555 daret,
3357 3486 3584 3544 invidia

1925 3599 2302 3650 succensam,
2345 3586 2404 3638 et
2439 3583 2509 3637 ad
2552 3584 2963 3638 accusandum
3004 3579 3580 3649 convitiandumque

1926 3673 2244 3729 Dominum
2269 3673 2482 3728 insano
2498 3670 2678 3726 modo
2700 3669 3156 3725 inﬂammatam.
3175 3672 3260 3725 lta
3277 3666 3576 3739 inquiunt,

1927 3783 1955 3816 ‹‹
1983 3764 2195 3819 Annon
2220 3763 2315 3818 hic
2345 3767 2430 3817 est
2451 3760 2603 3817 fabri
2628 3759 2783 3815 ﬁlius
2806 3760 2848 3794 ⁶¹
2880 3758 2908 3812 7
2942 3779 2970 3807 »
2993 3761 3070 3824 et,
3102 3778 3131 3809 «
3163 3757 3447 3813 Novimus
3475 3775 3580 3832 pa-

1924 3857 2071 3908 trem
2126 3851 2256 3922 ejus
2310 3867 2381 3906 ac
2411 3856 2662 3905 matrem
2707 3847 2833 3919 ejus
2865 3850 2911 3883 ⁸³
2943 3865 2957 3902 :
2994 3869 3023 3898 »
3052 3852 3124 3912 et,
3160 3867 3184 3897 α
3219 3849 3428 3904 Annon
3462 3863 3578 3906 nos

1923 3941 2149 3997 scimus
2179 3939 2340 3995 unde
2369 3939 2476 3994 iste
2505 3942 2593 3994 est
2621 3939 2668 3973 ⁸³
2696 3937 2724 3994 7
2751 3957 2778 3988 »
2807 3942 2885 4005 et,
2926 3954 2956 3986 (ι
2997 3939 3203 3992 Nonne
3252 3938 3417 4011 apud
3463 3954 3578 3994 nos

1921 4035 2057 4086 sunt
2114 4029 2322 4084 fratres
2361 4032 2418 4082 et
2453 4042 2686 4083 sorores
2723 4025 2914 4098 ipsius
2944 4027 2992 4061 ⁶⁴
3024 4025 3052 4079 ‘I
3084 4046 3111 4075 »
3144 4030 3200 4080 et
3227 4026 3412 4081 multa
3461 4027 3581 4083 alia

1921 4117 2354 4175 malevolentiae
2390 4115 2577 4171 verba
2620 4115 2915 4185 ingerunt.
2973 4113 3262 4179 Quocirca
3315 4114 3580 4170 Christus

1924 4203 2622 4264 Dominusincivilitatem
2640 4201 2796 4256 illius
2814 4201 3204 4270 redarguens,
3229 4205 3285 4256 et
3301 4217 3406 4272 per
3421 4201 3580 4257 illum

1919 4300 2283 4353 conventum
2316 4309 2523 4349 eorum
2562 4291 2663 4364 qui
2693 4291 2906 4346 eodem
2932 4290 3136 4346 animo
3166 4289 3358 4345 affecti
3386 4296 3575 4358 erant,

1920 4386 1994 4442 ad
2009 4383 2398 4456 cogitationes
2410 4379 2743 4438 istiusmodi
2766 4380 3178 4435 accommodat
3193 4395 3575 4451 responsum,

1919 4480 1977 4532 et
2013 4472 2229 4546 inquit,
2267 4492 2295 4525 «
2316 4473 2562 4537 Quaeest
2591 4473 2779 4524 mater
2795 4483 2928 4524 mea
2947 4467 3085 4540 ‘Iqui
3114 4468 3226 4523 mei
3259 4468 3514 4523 fratres?
3543 4489 3571 4522 »

1917 4565 2084 4638 quasi
2123 4563 2385 4619 diceret:
2421 4560 2570 4626 Quid
2635 4558 2780 4614 mihi
2847 4563 3102 4613 matrem
3138 4563 3194 4612 et
3239 4557 3446 4614 fratres
3511 4558 3574 4614 in

1917 4652 2315 4728 opprobrium
2346 4650 2563 4722 ingeris
2591 4650 2620 4706 ‘I
2639 4648 2858 4704 frustra
2881 4647 2983 4704 tibi
3015 4647 3128 4703 hoc
3145 4647 3323 4703 cessit
3351 4647 3578 4704 machi-

1918 4748 2272 4810 namentum,
2291 4741 2346 4796 in
2363 4740 2716 4796 contrarium
2740 4735 3424 4793 converteturinsidiosa
3443 4736 3576 4794 haec

1918 4839 2021 4891 tua
2050 4831 2665 4902 Satagentia.'l‘antum
2695 4827 2854 4882 enim
2872 4826 3036 4881 abest
3065 4830 3128 4880 ut
3147 4842 3237 4879 me
3257 4831 3574 4897 parentum

1919 4939 2192 4980 meorum
2214 4919 2514 4977 tenuitatis
2545 4917 2782 4990 pudeat,
2816 4920 2882 4971 ut
2926 4930 3049 4971 non
3089 4914 3282 4970 solum
3323 4921 3575 4973 matrem

1917 5029 2054 5086 quae.
2083 5027 2176 5068 me
2201 5013 2574 5066 incarnatum
2608 5021 2738 5061 vere
2779 5005 3020 5076 peperit,
3074 5019 3426 5073 agnoscam,
3461 5005 3566 5062 sed

1917 5103 2162 5174 insuper
2196 5105 2252 5157 et
2276 5099 2423 5155 istos
2467 5112 2618 5169 quos
2670 5094 2816 5152 viles
2848 5093 3096 5150 intueris
3139 5099 3194 5151 et
3235 5096 3573 5168 despectos,

1919 5192 2045 5250 sine
2075 5191 2222 5247 urbe
2238 5193 2297 5246 et
2322 5189 2454 5244 loco
2467 5199 2779 5258 pauperes,
2811 5183 2944 5240 licet
2963 5183 3129 5242 nulla
3157 5200 3253 5242 me
3282 5185 3578 5256 attingant

2097 5340 2144 5376 ⁸⁸
2164 5339 2334 5396 Joan.
2366 5354 2443 5403 ιιι,
2463 5341 2550 5394 29.
2629 5334 2677 5371 ⁸⁸
2695 5336 2868 5392 Marc.
2892 5349 2970 5400 vx,
2999 5337 3054 5392 3.

1555 5483 1790 5540 VARI/E
1831 5482 2230 5541 LECTIONES.

267 5640 300 5670 ν
334 5626 503 5692 αλλως
528 5630 582 5682 τι
612 5648 672 5702 γε
701 5628 808 5705 ούχ
838 5632 1045 5698 ἑαυτοῦ,
1077 5641 1109 5675 ι
1141 5633 1344 5685 σκόπει.
1369 5644 1400 5692 γ
1433 5631 1495 5688 C.
1538 5635 1612 5692 Μ.
1638 5637 1670 5695 ἦ
1713 5631 1891 5705 δήλον,
1932 5648 1957 5678 ⁸
1995 5638 2232 5695 ἐπήκοον.
