4076 6202
481 233 588 290 979

1717 233 1955 290 ΡΗΟΤΙΙ
1991 233 2482 291 ΡΑΤΒῙΑΗΟΗᾸΞ
2522 234 2629 291 CP.

3749 234 3854 289 980

478 359 788 426 afﬁnitate,
817 374 942 416 non
973 359 1227 428 abnego,
1255 358 1357 414 sed
1378 358 1523 415 mihi
1562 360 1840 431 proprius
1863 375 2132 428 assumo,

2249 378 2394 414 σεται
2438 363 2494 413 τό
2527 365 2861 434 σκευώρημα.
2908 358 3040 430 Ἐγὼ
3077 360 3179 433 γὰρ
3219 366 3468 413 τοσοῦτον
3524 358 3723 431 ἀπέχω
3773 368 3859 414 τοῦ

480 451 687 507 matris
713 455 769 505 et
798 449 1047 505 fratrum
1106 448 1242 503 mihi
1284 448 1483 504 locum
1536 448 1904 521 impleturos,
1953 450 2135 506 modo

480 556 586 612 per
600 555 795 595 meam
810 538 1143 595 doctrinam
1160 537 1404 606 inducti,
1422 538 1608 593 Patris
1629 539 1741 593 mei
1766 539 2139 611 adimpleant

478 629 863 685 voluntatem.
882 629 1059 693 Quem
1079 628 1472 683 madmodum
1486 628 1644 683 enim
1659 628 1844 697 illam,
1864 628 2024 684 nulla
2042 644 2136 684 me

479 718 993 789 consanguinitate
1008 716 1395 786 attingentem
1416 716 1580 787 (nam
1595 718 1739 789 quid
1755 717 1936 772 habet
1949 732 2137 786 genus

475 808 803 864 humanum
834 822 968 862 cum
1002 806 1557 862 Deitatecommune
1586 808 1634 877 ?)
1666 806 1740 861 de
1772 812 2023 878 paterna
2056 811 2137 863 ta-

477 913 620 953 men
656 898 956 952 voluntate
996 896 1336 951 incarnatus
1378 912 1450 951 ex
1501 896 1621 961 illa,
1655 900 1908 952 matrem
1969 912 2136 951 mon-

480 986 676 1051 stravi,
711 992 765 1043 et
794 986 991 1042 omnia
1030 992 1299 1041 materna
1324 985 1650 1057 privilegia,
1696 1001 1816 1041 una
1852 1002 1989 1041 cum
2020 986 2137 1041 vir-

478 1076 722 1148 ginitate
761 1076 988 1131 illibata
1009 1080 1165 1131 sarta
1191 1074 1271 1129 illi
1305 1081 1453 1130 tecta
1486 1076 1717 1131 servavi
1753 1094 1765 1142 ;
1799 1075 2135 1148 itaquoque

478 1171 536 1221 et
558 1167 704 1221 istos
725 1165 826 1237 qui
863 1165 1095 1220 nullum
1120 1165 1353 1235 justum
1382 1165 1614 1220 titulum
1638 1165 1802 1219 adire
1861 1170 2130 1235 possunt,

477 1270 600 1326 quo
654 1255 798 1309 mihi
840 1270 945 1324 per
1001 1269 1244 1309 carnem
1268 1254 1713 1324 conjungantur
1744 1260 1845 1309 aut
1889 1253 2129 1318 tribum,

479 1345 663 1401 modo
703 1344 1100 1413 adimplentes
1131 1359 1338 1415 cepero
1363 1344 1695 1398 doctrinam
1729 1359 1925 1398 meam
1958 1348 2014 1398 et
2040 1360 2132 1398 vo-

478 1434 763 1490 luntatem
782 1434 989 1499 Patris,
1014 1434 1072 1488 in
1106 1438 1322 1487 sortem
1350 1432 1773 1501 etdignitatem
1805 1433 2131 1488 fraternam

480 1528 930 1590 maternumque
959 1538 1284 1576 assumam.
1314 1524 1495 1590 Atque
1522 1522 1622 1587 ita,
1652 1526 1711 1576 ut
1755 1536 1866 1589 ego
1897 1521 2129 1591 opinor,

477 1627 509 1666 e
547 1610 841 1666 dictistibi
869 1615 1029 1681 patet
1050 1614 1107 1664 et
1135 1608 1367 1673 satisﬁt,
1397 1610 1560 1680 quod
1596 1614 1836 1680 propter
1873 1609 2018 1663 illud
2050 1611 2133 1664 di-

478 1704 661 1764 ctum,
700 1721 719 1748 ι
758 1700 900 1763 Quae
922 1702 1009 1752 est
1050 1702 1236 1752 mater
1269 1714 1421 1761 mea,
1452 1704 1508 1753 et
1535 1720 1561 1747 »
1603 1714 1734 1769 quin
1759 1704 2129 1769 sequuntur;

2243 1703 2448 1769 καίωμα
2522 1696 2897 1761 διασῴζοντας,

476 1787 820 1842 nullatenus
850 1790 1126 1841 Dominus
1164 1793 1220 1841 et
1260 1786 1519 1842 Salvator
1545 1792 1741 1842 noster
1799 1803 1932 1842 reus
1972 1792 2129 1842 tene-

477 1877 646 1932 batur
675 1874 928 1946 alicujus
959 1880 1335 1947 contemptus
1368 1879 1470 1931 aut
1498 1876 1814 1946 despectus
1845 1891 1983 1945 erga
2010 1892 2130 1932 ma-

479 1970 625 2020 trem
654 1982 667 2031 ;
696 1965 800 2019 sed
823 1972 1047 2028 contra,
1081 1970 1202 2020 tam
1236 1980 1339 2035 per
1380 1964 1492 2021 ista
1529 1980 1715 2036 quam
1760 1965 1873 2020 alia
1926 1966 2131 2021 omnia

479 2053 577 2109 Dei
606 2070 789 2127 opera
810 2055 1159 2118 ostenditur,
1185 2056 1466 2109 maternis
1499 2054 1820 2125 privilegiis
1852 2058 1907 2109 et
1945 2054 2130 2110 hono-

475 2143 657 2210 ribus,
690 2143 871 2216 idque
909 2142 1306 2206 meritissimo,
1342 2144 1505 2214 apud
1539 2159 1676 2199 eum
1722 2159 1904 2215 quem
1956 2159 2132 2216 pepe-

476 2237 649 2299 rerat,
676 2232 929 2289 fructam
969 2237 1025 2288 et
1050 2234 1342 2301 gravisam
1375 2232 1569 2288 fuisse.

2246 457 2307 521 τῇ
2363 448 2585 522 εὐτελείᾳ
2632 458 2730 502 τῶν
2785 456 3042 520 συγγενῶν
3093 447 3537 519 ἐπαισχύνεσθαι,
3602 451 3751 501 ὥστε
3809 452 3865 501 οὐ

2246 542 2398 610 μόνον
2448 543 2540 597 τὴν
2583 541 2719 591 κατά
2773 542 2945 611 σάρκα
2985 542 3369 609 γεννησαμένην
3425 538 3653 607 ἀληθῶς,
3707 546 3866 610 μητέ-

2246 646 2315 701 ρα
2348 627 2719 700 ἐπιγράφομαι,
2767 626 2894 679 ἀλλὰ
2925 624 2991 684 δὴ
3037 631 3127 678 καὶ
3180 629 3397 688 τούτους
3435 629 3558 699 ὁρᾷς
3606 632 3739 687 τοὺς
3791 629 3868 679 t3-

2248 717 2404 778 τελεῐς
2462 722 2550 769 καὶ
2595 715 2866 782 ἀπόλιδας,
2916 720 3036 778 τοὺς
3084 716 3293 779 ἀοίκους
3332 720 3418 768 καὶ
3455 721 3717 784 πένητας,
3754 722 3870 767 καί·

2248 825 2327 858 τοι
2378 804 2541 878 μηδὲν
2594 810 2728 859 κατά
2783 811 2925 877 γένος
3002 812 3383 878 προσήκοντας,
3440 806 3497 857 οὐ
3568 815 3871 879 παραιτοῦο

2247 915 2343 967 μαι
2392 899 2458 957 ὡς
2512 901 2711 970 μητέρα
2757 901 2846 947 καὶ
2905 892 3159 967 ἀδελφοῦς
3210 896 3745 963 οιῖκειοττοιῖησοισθοιι⁹
3812 898 3869 947 οἱν

2247 982 2345 1037 ὦσι
2397 989 2548 1052 μόνον
2594 988 2652 1037 τὸ
2692 989 2963 1057 πατρικὸν,
3019 982 3110 1036 διὰ
3153 993 3250 1036 τῶν
3298 984 3429 1057 ἐμῶν
3477 981 3866 1056 διδαγμάτων,

2246 1073 2612 1148 ἐκπληροῦντες
2666 1074 2878 1145 θέλημα.
2947 1073 3145 1146 Ὠσπερ
3218 1076 3319 1147 γὰρ
3409 1073 3609 1131 ἐκείνην
3694 1070 3870 1144 μηιῖεν

2243 1171 2305 1235 τῇ
2361 1165 2471 1235 θείᾳ
2519 1166 2667 1236 φύσει
2714 1168 3088 1237 προσήκουσαν
3133 1164 3207 1233 (τί
3262 1166 3364 1236 γὰρ
3417 1166 3593 1214 κοινὸν
3655 1164 3871 1235 6:26pm-

2243 1257 2373 1323 πίνῳ
2414 1257 2547 1323 γένει
2599 1258 2688 1306 καὶ
2738 1255 2943 1309 θεότητι
2991 1252 3052 1321 ;),
3113 1254 3247 1323 ὅμως
3300 1252 3551 1325 θελήματι
3612 1260 3868 1325 πατρικῷ

2247 1345 2533 1416 σαρκωθεὶς
2578 1342 2630 1406 ἐξ
2697 1343 2877 1410 αὐτῆς,
2936 1346 3136 1414 μητέρα
3204 1338 3461 1411 ἀνέδειξα,
3532 1347 3629 1394 καὶ
3690 1345 3871 1394 πάντα

2242 1435 2309 1484 τά
2345 1435 2575 1506 μητρικά
2631 1438 2906 1504 προνόμια,
2960 1434 3087 1504 μετά
3153 1451 3213 1502 γε
3260 1440 3349 1491 τῆς
3405 1434 3699 1504 παρθενίας
3782 1433 3868 1483 αὖ·

2244 1528 2356 1584 τῆς,
2417 1526 2766 1596 συνετὴρησα·
2806 1521 2941 1572 οὕτω
2990 1517 3082 1584 δὴ,
3115 1520 3249 1572 οὕτω
3297 1525 3386 1572 xui
3427 1523 3658 1581 τούτους
3693 1517 3869 1591 μηδὲν

2243 1606 2381 1680 μηδὲ
2433 1608 2487 1661 ἐκ
2538 1618 2633 1671 τῆς
2666 1612 2802 1661 κατά
2856 1610 3029 1684 σάρκα
3065 1616 3365 1681 προσεχοῦς
3405 1608 3571 1681 φυλῆς
3604 1608 3733 1681 ἐμοὶ
3791 1607 3871 1661 δι-

2986 1699 3048 1749 ἄν
3118 1702 3269 1769 μόνον
3363 1696 3503 1749 λάϐω
3574 1696 3871 1772 πληρωτὰς

2242 1796 2333 1847 τῆς
2382 1787 2507 1859 ἐμῆς
2552 1784 2907 1849 διδασκαλίας
2953 1792 3041 1839 καὶ
3085 1794 3175 1838 τοῦ
3224 1795 3482 1860 πατρικοῦ
3542 1787 3866 1858 θελήματος,

2243 1876 2309 1937 εἰς
2355 1880 2440 1929 τὸν
2497 1886 2596 1928 τῶν
2652 1873 2882 1949 ἀδελφῶν
2934 1882 3023 1927 καὶ
3077 1880 3313 1949 μητέρων
3371 1875 3686 1937 ἀναϐιϐάζω
3740 1877 3867 1935 xli-

2241 1984 2327 2039 ρον
2391 1970 2480 2017 καὶ
2531 1968 2586 2017 τὸ
2640 1964 2862 2037 ἀξίωμα.
2917 1965 3005 2016 Ἐκ
3056 1969 3226 2016 τοίνυν
3276 1972 3376 2015 τῶν
3434 1964 3730 2038 εἰρημένων
3788 1964 3869 2018 οἷ·-

2242 2060 2337 2127 μαί
2388 2074 2471 2107 σοι
2519 2063 2691 2126 σαφῶς
2736 2054 3145 2125 ἐπιγνωσθῆναι,
3177 2056 3245 2114 ὡς
3275 2050 3399 2106 οὐδὲ
3432 2050 3524 2105 διὰ
3550 2062 3671 2121 τοῦ,
3712 2076 3743 2105 ιι
3779 2060 3865 2115 Τίς

2242 2143 2381 2196 ἔστιν
2429 2146 2459 2202 ἡ
2525 2149 2700 2217 μήτηρ
2750 2160 2896 2216 μου;
2940 2162 2968 2194 )›
3019 2148 3109 2195 καὶ
3156 2151 3254 2195 τῶν
3306 2142 3502 2215 ἑφεξῆς,
3538 2140 3811 2215 οὐδαμῶς
3839 2146 3863 2195 ό

2243 2239 2511 2295 Δεσπότης
2566 2236 2710 2305 ἡμῶν
2768 2236 2853 2284 καὶ
2910 2237 3081 2305 Σωτὴρ
3136 2239 3400 2305 μητρικῆς
3457 2232 3786 2306 ὑπεροψίας,
3831 2236 3859 2291 ἡ

476 2342 616 2384 τινος
647 2323 941 2397 ὀλιγωρίας,
976 2324 1169 2394 ἐγένετο
1200 2326 1399 2393 ἔνοχος·
1435 2322 1560 2373 ἀλλά
1588 2328 1677 2374 καὶ
1709 2319 1801 2375 διὰ
1831 2326 2047 2389 τούτων,
2081 2326 2149 2383 ὡς
2174 2328 2262 2375 καὶ
2293 2320 2385 2375 διὰ
2415 2326 2617 2376 πάντων
2642 2332 2742 2376 τῶν
2782 2322 2969 2391 ἄλλων,
3003 2325 3032 2380 η
3068 2327 3321 2383 Θεοτόκος
3361 2317 3735 2374 ἐπιδέδεικται
3764 2331 3862 2373 τῶν

482 2420 750 2486 μητρικῶν
781 2420 945 2487 γερῶν
978 2410 1134 2474 ἀξίως
1162 2415 1305 2483 παρά
1325 2419 1417 2463 τοῦ
1446 2414 1716 2483 τεχθέντος
1738 2412 1791 2475 ἐξ
1821 2413 1985 2475 αὐτῆς
2008 2412 2369 2466 ἀπολαύουσα.

659 2518 976 2582 ΟΗίΕΞΤΙΟ
1009 2517 1211 2573 CCXVI
1255 2518 1457 2587 [CoisL
1497 2519 1729 2585 CCXLV,
1770 2520 1946 2573 Taur.

1158 2605 1487 2677 ccxxxvn.

2792 2522 3104 2571 ΕΡΩΤΗΣΙΣ
3144 2516 3298 2599 ΣΙςδ.

541 2746 695 2797 Edita
722 2759 755 2797 a
783 2746 1110 2797 Montacutio
1147 2748 1267 2812 (ep.
1305 2747 1394 2795 133
1421 2746 1489 2795 ad
1513 2746 1777 2810 Michael.,
1808 2763 1859 2811 p.
1888 2748 2134 2859 175-1132).
2158 2773 2231 2858 1:1-
2260 2749 2318 2859 Ξιὲ
2343 2748 2499 2798 verba
2531 2748 2687 2798 Joan.
2722 2748 2988 2813 Baptistae,
3021 2748 3285 2798 Matthm.
3315 2749 3366 2797 11
3406 2762 3419 2807 ;
3449 2748 3613 2799 Marc.
3654 2750 3694 2809 Ι,
3718 2752 3750 2800 7
3784 2769 3796 2809 ;

547 2954 845 3011 Prmconis
883 2954 1039 3009 illius
1070 2970 1277 3010 vocem
1335 2970 1458 3027 qua
1510 2954 1918 3027 proﬁtebatur,
1947 2974 1975 3007 α
2000 2958 2130 3010 Non

2312 2959 2416 3013 Τὴν
2454 2962 2548 3007 τοῦ
2594 2960 2822 3029 κήρυκος
2875 2959 3063 3027 φωνὴν,
3115 2955 3232 3007 καθ’
3288 2958 3351 3014 ἦν
3391 2955 3580 3015 ἐκεῖνος
3633 2955 3859 3029 ἐκήρυτο

478 3061 611 3101 sum
630 3044 850 3114 dignus
868 3044 968 3115 qui
984 3043 1210 3099 solvam
1233 3044 1543 3116 corrigiam
1562 3043 1742 3100 calcei
1759 3044 1905 3115 ejus,
1923 3064 1950 3095 »
1966 3044 2132 3116 quod

478 3152 515 3193 a
530 3140 585 3191 te
602 3135 919 3207 quaesitum
936 3139 1021 3189 est
1059 3135 1391 3190 secundum
1422 3135 1686 3193 diversas
1709 3134 2134 3190 consideratio-

476 3242 584 3282 nes
616 3224 953 3296 expositum
972 3224 1313 3279 invenimus
1338 3242 1351 3279 :
1373 3230 1511 3280 sunt
1527 3225 1629 3296 qui
1643 3241 1763 3280 non
1792 3224 1983 3280 solum
2000 3240 2135 3296 pro-

477 3316 601 3387 pius
614 3315 689 3369 ad
705 3320 1155 3385 scopum,utego
1171 3314 1863 3381 arbitror,accedunt,sed
1880 3314 2025 3369 etad
2040 3330 2131 3369 vo-

477 3406 559 3460 cis
578 3403 1017 3475 proprietatem,
1034 3403 1299 3458 calceum
1315 3404 1716 3472 etcorrigiam,
1742 3405 1801 3459 hi
1826 3419 1944 3458 non
1973 3402 2135 3458 aliud

476 3491 811 3560 intelligunt
827 3507 1006 3562 quam
1024 3507 1157 3562 quae
1184 3492 1579 3546 communiter
1610 3491 1671 3545 in
1698 3493 2003 3547 communi
2027 3509 2132 3547 usu

476 3581 676 3654 posita
689 3596 815 3635 esse
830 3579 1023 3634 sciunt
1042 3597 1053 3634 :
1074 3584 1129 3634 et
1143 3595 1245 3649 per
1257 3579 1385 3635 illas
1400 3596 1576 3635 voces
1592 3579 1798 3635 volunt
1813 3581 2131 3651 Baptistam

475 3670 801 3741 intelligere
827 3670 901 3723 ba
914 3669 1102 3739 ptizati
1122 3669 1278 3724 illius
1293 3668 1725 3735 excellentiam,
1752 3669 1877 3725 sine
1901 3686 2133 3742 compa-

475 3757 1255 3815 rationetranscendentem.
1273 3756 1406 3813 Scio
1420 3758 1597 3823 enim,
1615 3758 1825 3829 inquit,
1841 3756 2005 3814 illum
2024 3775 2132 3830 ego

478 3852 603 3904 tam
630 3845 935 3903 excellenti
956 3863 1083 3902 esse
1124 3847 1402 3917 dignitate
1430 3847 1749 3918 praeditum
1784 3864 1966 3920 supra
2010 3864 2133 3904 mc-

476 3937 685 4010 ipsum,
705 3935 897 3991 nonin
912 3941 1200 4007 quantum
1222 3952 1426 3991 servus
1450 3952 1486 3991 a
1512 3936 1760 3991 domino
1792 3936 1990 4002 distat,
2027 3937 2131 3993 sed

478 4027 526 4082 si
554 4025 812 4099 quaealia
830 4031 915 4080 est
939 4025 1267 4082 differentia
1288 4030 1343 4081 et
1365 4025 1667 4090 distantia,
1684 4042 1823 4097 quae
1846 4026 2049 4082 anulla
2071 4043 2131 4082 re

478 4116 595 4173 alia
615 4121 937 4186 superetur,
956 4131 1149 4188 neque
1172 4122 1324 4171 certe
1341 4130 1452 4185 ego
1467 4131 1562 4170 me
1580 4115 1639 4169 in
1656 4130 1859 4170 eorum
1878 4131 2130 4171 numero

476 4204 1065 4277 reponam,quiillum
1089 4205 1301 4261 intima
1327 4206 1679 4274 contingunt
1711 4207 1989 4261 servitute
2024 4224 2035 4274 ;
2070 4207 2130 4261 id

2242 3064 2343 3109 τεν,
2395 3065 2422 3096 ‹‹
2478 3044 2588 3095 Οῦκ
2646 3044 2752 3117 εἰμὶ
2804 3047 2975 3106 ἱκανὸς
3023 3044 3180 3097 λῦσαι
3224 3048 3312 3097 τὸν
3358 3047 3551 3117 ἱμάντα
3586 3054 3685 3098 τοῦ
3731 3049 3858 3099 ὑπο-

2245 3130 2482 3203 δήματος
2508 3134 2686 3203 αὐτοῦ,
2714 3154 2742 3186 ))
2771 3136 2891 3208 ὅπερ
2924 3134 3079 3195 αὐτὸς
3108 3131 3468 3208 διηρώτησας,
3502 3139 3645 3187 κοιτά
3667 3133 3703 3188 δ
3709 3142 3857 3207 meo-

2243 3243 2361 3297 ρους
2404 3225 2614 3298 θεωρίας
2666 3222 3047 3295 ὑπειλημμένην
3098 3225 3423 3295 εὑρίσκομεν.
3478 3226 3543 3275 Οἱ
3724 3228 3852 3296 γὰρ,

2245 3312 2303 3365 οῦ
2369 3317 2520 3385 μόνον
2577 3311 2872 3385 ἐγγύτερον,
2924 3310 3091 3384 οἶμαι,
3137 3320 3230 3363 τοῦ
3296 3320 3517 3378 σκοποῦ,
3571 3312 3705 3365 ἀλλὰ
3764 3318 3854 3366 καὶ

2245 3402 2440 3462 οἰκείως
2496 3408 2591 3462 τῆς
2637 3401 2835 3467 λέξεως,
2884 3398 3137 3474 ὑπόδημα
3183 3405 3272 3453 καὶ
3320 3403 3508 3473 ἱμάντα
3539 3402 3648 3474 οὐχ
3683 3405 3854 3475 ἕτερόν

2244 3511 2294 3543 τι
2346 3491 2467 3562 παρ’
2518 3493 2543 3543 ὃ
2591 3494 2724 3542 κατά
2761 3496 2936 3548 κοινὴν
2982 3500 3184 3564 χρῆσιν
3229 3492 3448 3551 ἅπαντες
3484 3494 3693 3556 ῖσασιν,
3742 3492 3851 3543 ἀλλ’

2245 3581 2378 3632 αὐτὰ
2424 3581 2588 3632 ἐκεῖνα
2669 3585 2988 3652 νενομίκασι-
3071 3585 3161 3633 καὶ
3244 3583 3329 3631 τὸν
3392 3585 3700 3639 Βαπτιστὴν
3759 3577 3854 3632 διὰ

2244 3673 2435 3722 τούτων
2476 3668 2853 3740 ἀποφαίνεσθαι
2882 3674 2938 3721 τό
2970 3670 3085 3721 καθ’
3131 3671 3398 3743 ὑπεροχὴν
3447 3677 3535 3722 τοῦ
3581 3669 3853 3741 βαπτιζο-

2242 3762 2395 3832 μένου
2445 3759 2781 3831 ἀσύγκριτον.
2820 3766 3078 3810 Τοσοῦτον
3126 3762 3226 3831 γὰρ
3278 3758 3484 3825 ἐκεῖνον,
3528 3764 3683 3831 φησὶ,
3730 3779 3850 3811 m-

2244 3853 2530 3919 επίσταμαι
2575 3847 2622 3898 ἐν
2665 3849 2900 3921 ὑπεροχῇ
2949 3850 3199 3919 μεγέθους
3250 3852 3339 3899 καὶ
3376 3846 3695 3919 ἀξιώματος,
3744 3849 3851 3919 οὐχ

2243 3939 2363 3989 ὅσον
2382 3937 2494 3989 ἐστὶ
2520 3941 2578 3989 τὸ
2600 3942 2756 4009 μέσον
2781 3934 2963 3989 δοῦλον
2980 3949 3006 3981 Il
3026 3942 3114 3989 xui
3132 3942 3411 4001 Δεσπότου,
3443 3936 3573 3989 ἀλλὰ
3592 3944 3690 3989 καὶ
3708 3942 3752 3989 εἰ
3770 3958 3851 3997 τις

2243 4026 2367 4084 ἆλλη
2426 4024 2654 4101 διαφορά
2695 4032 2783 4078 καὶ
2824 4024 3107 4086 διάστασις
3150 4024 3339 4098 μηδενὶ
3370 4027 3523 4100 ἑτέρῳ
3555 4026 3850 4100 ὑπερϐολὴν

2244 4116 2613 4168 ἀπολείπουσα·
2667 4113 2791 4168 οὐδὲ
2823 4118 2941 4187 γὰρ,
2979 4112 3095 4167 οὐδ’
3125 4116 3194 4177 εἰς
3232 4121 3327 4174 τὴν
3358 4116 3575 4167 ἀπασῶν
3606 4114 3851 4185 ἐσχάτην

2244 4203 2481 4259 δουλείαν
2534 4206 2677 4268 ἄξιον
2740 4204 2959 4275 ἐμαυτὸν
3016 4204 3295 4265 ἐτάζςσθαι
3350 4206 3555 4278 τίθημι·
3612 4212 3853 4256 τοιοῦτον

477 4294 629 4351 enim
643 4294 879 4355 indicat,
895 4318 921 4345 ‹‹
942 4295 1176 4349 Solvere
1190 4294 1497 4365 corrigiam
1513 4295 1909 4349 calceamenti.
1938 4314 1965 4346 »
1984 4297 2132 4351 Sunt

2243 4297 2342 4367 γὰρ
2396 4298 2475 4362 τὸ,
2528 4314 2555 4345 «
2591 4296 2743 4347 Λυειν
2804 4295 2993 4365 ἱμάντα
3044 4301 3135 4345 τοῦ
3186 4291 3552 4366 ὑποδήματος.
3593 4314 3620 4344 ι)
3675 4296 3741 4346 Οἱ
3794 4290 3853 4345 δὲ

476 4384 579 4458 qui
592 4384 782 4454 magis
798 4384 993 4440 adhuc
1008 4384 1327 4439 secundum
1345 4399 1675 4456 anagogen,
1693 4384 1878 4441 calcei
1891 4384 2131 4440 nomine

477 4474 773 4531 mundum
793 4478 1173 4545 supponunt;
1194 4474 1505 4544 corrigiam
1522 4478 1717 4529 autem
1744 4476 2129 4545 interpretan-

478 4567 568 4619 tur
595 4562 1105 4635 speculationesin
1134 4562 1363 4618 mundo
1382 4562 1537 4617 iliius
1556 4563 1716 4617 modi
1743 4580 1878 4636 quas
1920 4577 2131 4635 appre-

476 4653 827 4709 hensionem
878 4652 1103 4709 habent
1150 4652 1313 4707 haud
1346 4652 1513 4708 facile
1543 4652 1981 4721 inveniendam,
2026 4653 2130 4708 sed

478 4741 713 4798 vinculo
744 4741 1409 4812 ignorantiaeinsolubili
1427 4741 1933 4810 constringuntur.
1967 4745 2131 4797 Hunc

477 4832 611 4887 Jesu
643 4830 903 4886 calceum
925 4836 1273 4903 supponunt
1316 4846 1464 4899 esse,
1487 4836 1801 4903 propterea
1832 4832 2013 4903 quod,
2047 4830 2131 4886 in-

480 4919 1305 4992 quiunt,Providentiaipsius
1331 4922 1530 4975 omnia
1552 4926 1835 4992 permeet,
1854 4925 1911 4975 et
1941 4924 2131 4975 totum

479 5008 777 5063 mundum
819 5010 1211 5081 amplectatur
1244 5014 1299 5065 et
1339 5009 1658 5065 contineat.
1702 5009 1900 5064 Potius
1927 5014 2127 5064 autem

479 5098 723 5171 proprio
752 5098 935 5169 ipsius
963 5100 1113 5172 pede
1142 5098 1438 5169 regulatet
1466 5098 1736 5167 agitcum
1774 5114 2016 5153 summa
2042 5114 2131 5153 sa-

480 5186 883 5260 pientia;non
923 5194 1053 5258 eget
1073 5188 1152 5244 ob
1170 5188 1460 5259 idipsum,
1495 5188 1742 5243 consilio
1791 5187 1977 5243 multo
2032 5192 2134 5243 aut

482 5276 734 5349 provida
760 5293 922 5341 cura,
966 5279 1066 5333 sed
1083 5293 1186 5349 per
1221 5283 1540 5333 extremam
1568 5285 1621 5333 et
1642 5278 1903 5333 ultimam
1932 5277 2134 5349 inspe-

2243 4383 2695 4456 ἀναγωγικὼτερον
2755 4386 2901 4451 ἴσως,
2984 4380 3238 4455 ὑπόδημα
3317 4387 3407 4455 μὲν
3486 4386 3574 4434 τόν
3650 4388 3853 4454 κόσμον

2242 4475 2591 4537 ὑποτίθενται,
2656 4474 2847 4545 ἱμάντα
2920 4468 2979 4524 δὲ
3034 4480 3133 4523 τῶν
3200 4471 3247 4523 ἐν
3303 4472 3443 4542 αὐτῷ
3498 4473 3853 4543 θεωρημάτων

2242 4566 2341 4615 ὅσα
2397 4559 2708 4636 δυσεύρετον
2768 4564 2880 4632 ἔχει
2936 4566 3028 4618 τὴν
3094 4560 3408 4631 κατάληψιν,
3465 4566 3557 4612 καὶ
3605 4566 3696 4612 τὸν
3753 4569 3853 4620 τῆς

2243 4651 2449 4724 ἀγνοίας
2499 4648 2692 4722 δεσμόν
2763 4650 2974 4702 ἄλυτον⁵
3035 4652 3089 4702 ὃν
3155 4647 3408 4722 ὑπόδημα
3460 4658 3677 4702 ποιοῦσι
3757 4658 3851 4701 τοῦ

2238 4744 2441 4807 Ἰησοῦ,
2493 4742 2571 4792 ὅτι
2624 4737 2911 4800 διαπαντὸς
2957 4739 3137 4802 αὐτοῦ,
3188 4744 3363 4811 φασὶν,
3398 4742 3427 4796 ἡ
3473 4744 3701 4810 Πρόνοια
3731 4736 3852 4791 δια-

2240 4835 2536 4903 πεφοίτηκε,
2613 4834 2702 4880 καὶ
2786 4830 2897 4881 ὅλον
2987 4829 3143 4880 αὐτόν
3219 4832 3332 4900 ἔχει
3397 4827 3687 4902 περιλαϐὼν
3759 4834 3851 4880 xui

2244 4923 2497 4991 συνέχων·
2556 4917 2743 4989 μᾶλλον
2803 4914 2861 4970 δὲ
2930 4914 3057 4970 ποδὶ
3120 4927 3190 4988 τῷ
3252 4919 3425 4987 οἰκείῳ
3484 4914 3709 4969 ὃιιθῦνει
3761 4923 3853 4969 xui

2243 5014 2376 5083 φέρει
2431 5014 2722 5079 πανσόφως’
2771 5011 3058 5073 τουτέστιν,
3102 5004 3226 5059 οὐδὲ
3286 5006 3477 5067 πολλῆς
3526 5002 3700 5058 δεῖται
3752 5014 3852 5067 τῆς

2242 5099 2319 5150 ἐπ’
2354 5097 2491 5166 αὐτῷ
2526 5095 2719 5169 βουλῆς
2768 5101 2854 5148 xui
2888 5100 3150 5168 προνοίας,
3185 5095 3312 5147 ἀλλά
3356 5092 3450 5147 διὰ
3478 5104 3573 5156 τῆς
3615 5093 3853 5166 ἐσχάτης

2240 5193 2330 5239 καὶ
2375 5186 2669 5247 τελευταίας
2721 5184 3012 5247 ἐπισκοπῆς
3066 5190 3121 5237 τὸ
3170 5184 3471 5243 τηλικοῦτον
3522 5190 3615 5236 καὶ
3669 5192 3855 5237 τοσοῦ·

2244 5294 2329 5328 τον
2362 5282 2602 5348 συντηρεῖ
2644 5294 2697 5327 τε
2735 5279 2824 5326 καὶ
2872 5271 3153 5347 διακοσμεῖ
3201 5274 3578 5348 φιλοτέχνημα.
3615 5274 3755 5332 Αῦτη
3792 5270 3851 5325 δὲ

1829 5454 2063 5513 νΑΒΙΑε
2102 5451 2506 5513 LECTIONES.

561 5642 588 5674 ι
622 5632 682 5687 C.
717 5634 783 5689 M.
816 5630 963 5689 5531’.
1002 5634 1068 5690 97
1092 5628 1303 5687 δούλου.
