4026 6196
167 247 264 304 981

1191 249 1287 304 AD
1325 245 1892 308 AMPHILOCHIUM
1932 249 2262 315 QUfESTIO
2302 251 2539 308 CCXVI.

3434 258 3540 316 983

161 375 292 426 ὅσον
347 373 579 448 κομψείᾳ
645 379 750 429 τινὶ
801 371 1240 445 διεσχηματίσθη
1295 375 1324 432 ἡ
1383 377 1637 446 περίνοια,
1693 369 1759 424 ἑπῗ

1885 372 2168 442 ctionem,
2207 391 2363 447 opus
2389 377 2619 449 optimo
2659 375 2853 434 studio
2884 377 2962 434 ab
2985 377 3117 450 ipso
3147 376 3536 448 elaboratum,

162 471 438 530 τοσοῦτον,
473 462 640 538 οἶμαι,
671 474 760 524 τῆς
799 463 1022 526 ἀληθοῦς
1070 464 1264 525 ἐννοίας
1309 459 1602 520 διέστηκεν.
1634 459 1776 514 Ἐτε-

159 573 250 626 ροι
305 551 368 607 δέ
421 574 552 616 τινες
603 551 858 626 ὑπόδημα
909 557 998 626 μὲν
1047 559 1139 612 την
1195 555 1368 628 σάρκα
1426 553 1776 624 σημαίνεσθαι

161 645 386 712 (ταύτην
459 647 558 716 γὰρ
626 645 652 695 ὁ
715 649 880 714 Λόγος
933 639 1121 712 ὑπέδυ,
1181 642 1404 714 φασίν)·
1469 643 1657 714 ἱμάντα
1715 637 1774 692 δὲ

157 737 506 804 γεγενημνην
562 742 661 785 τῶν
734 735 930 804 φύσεων
985 736 1115 804 πρὸς
1190 730 1416 793 ἀλλήλας
1473 733 1770 803 συνάφειαν,

163 821 226 878 ἦν
281 824 308 873 ό
365 819 669 896 Πρόδρομος
719 822 813 874 οὐκ
855 819 1114 894 ἀπετόλμα
1165 821 1319 887 λύειν,
1362 817 1476 873 οὐδ’
1526 821 1637 872 ὅσοι
1681 829 1772 880 τῆς

159 909 362 962 ἐκείνου
407 907 762 972 διδασκαλίας
804 915 1072 968 κατήκοοι.
1122 907 1260 962 Ούδε
1307 912 1430 982 ⁶γὰρ,
1463 905 1586 961 οὐδὲ
1632 911 1772 980 θεμι-

159 1003 252 1051 τόν
310 999 524 1062 ἀτόποις
577 999 791 1061 ἐννοίαις
846 1001 960 1052 κατ’
1021 996 1160 1053 ἰδίαν
1213 1002 1418 1070 σχίζειν
1477 1001 1768 1050 ὑπόστασιν

157 1087 266 1140 ἀπὸ
317 1096 409 1141 τοῦ
455 1093 628 1162 Λόγου
673 1093 730 1142 τὸ
769 1089 1108 1163 πρόσλημμα.
1149 1088 1328 1142 ’Ἄλλοι
1372 1085 1431 1141 δὲ
1472 1091 1614 1162 παρά
1653 1091 1770 1140 τού-

157 1197 300 1246 τους,
365 1178 470 1250 ούχ
519 1178 694 1239 ἁπλῶς
740 1183 832 1236 την
879 1180 1070 1252 σάρκα,
1124 1177 1232 1230 ἀλλ’
1277 1178 1438 1235 αὐτὴν
1489 1181 1581 1235 τὴν
1643 1179 1770 1246 σάρ-

157 1285 350 1332 κωσιν,
409 1271 500 1318 καὶ
565 1270 660 1324 τὴν
727 1265 1130 1341 ἐνανθρώπησιν,
1200 1263 1453 1338 ὑπόδημα
1529 1270 1770 1324 νενοηκα-

159 1373 246 1406 σιν
279 1374 292 1386 ·
355 1353 566 1426 Ἰμάντα
623 1352 700 1420 δὲ,
758 1356 815 1407 ού
871 1358 1146 1428 συνάφειαν
1205 1358 1423 1427 φύσεων,
1490 1352 1618 1406 ἀλλὰ
1667 1363 1766 1406 τῶν

155 1448 278 1518 περὶ
328 1449 424 1503 τὴν
480 1446 744 1519 σάρκωσιν
803 1450 892 1497 καὶ
953 1449 1047 1503 τὴν
1097 1444 1483 1518 ἓνανθρώπησιν
1539 1442 1764 1518 ἀπόρων,

155 1537 249 1585 καὶ
346 1533 628 1606 λογισμούς
719 1536 1068 1606 ἀνθρωπίνους
1161 1532 1602 1606 ὑπερϐεϐηκότων,
1679 1536 1766 1585 τὸν

159 1619 496 1692 σύνδεσμον
523 1624 590 1674 ὧν
637 1627 732 1682 τὴν
777 1622 1010 1676 ἐπίλυσιν
1057 1627 1145 1675 καὶ
1197 1627 1494 1695 σαφήνειαν,
1541 1623 1648 1694 ούχ
1687 1623 1766 1674 ὅτι

1885 461 1998 518 tale
2025 479 2162 518 cum
2200 465 2274 520 sit
2298 470 2354 520 et
2393 470 2646 532 tantum,
2683 473 2995 523 conservat
3016 473 3072 523 et
3109 473 3376 525 exornat.
3407 473 3540 526 Htec

1885 556 2086 607 autem
2115 555 2428 624 expoSitio,
2471 571 2586 626 quo
2621 555 2812 626 magis
2857 561 3070 620 ornatu
3120 557 3388 628 quodam
3419 559 3539 615 eﬂi-

1883 642 2097 710 giatur,
2129 659 2220 708 eo,
2245 644 2478 713 opinor,
2502 645 2722 700 recedit
2745 645 2983 714 longius
3011 662 3045 702 a
3073 647 3332 702 veritatis
3353 648 3540 703 inten-

1881 731 2062 784 tione.
2097 731 2206 786 Alii
2252 739 2391 787 sunt
2429 733 2532 806 qui
2565 749 2668 805 per
2719 736 3004 802 calceum,
3035 735 3370 805 intelligunt
3404 752 3536 792 car-

1879 833 2007 874 nem
2023 819 2363 892 significari,
2381 839 2566 894 quam
2589 822 2875 878 nimirum
2904 824 3016 878 sibi
3035 823 3227 880 induit
3257 825 3537 892 Verbum;

1880 909 2200 977 corrigiam
2239 916 2436 966 autem
2471 915 2818 966 naturarum
2851 911 3186 968 adinvicem
3217 915 3540 970 connexio-

1878 1011 2228 1070 nem,quam
2255 1014 2640 1071 nequaquam
2672 1000 2768 1055 ille
2809 1003 3140 1056 Praecursor
3168 1002 3400 1058 solvere
3431 1019 3540 1060 au-

1877 1083 2079 1150 debat,
2113 1087 2334 1143 nedum
2391 1089 2674 1145 doctrinae
2711 1089 2903 1160 ipsius
2945 1091 3267 1146 auditores.
3335 1095 3538 1164 Neque

1877 1173 2034 1228 enim
2067 1174 2154 1229 fas
2181 1176 2519 1249 cuicunque
2559 1178 2666 1234 fuit
2717 1195 2822 1250 per
2859 1179 3159 1234 absurdas
3213 1181 3530 1253 opiniones

1877 1263 2173 1334 quaslibet
2217 1266 2458 1337 propria
2510 1269 2857 1322 auctoritate
2923 1267 3147 1324 solvere
3174 1269 3532 1342 hypostasin

1875 1350 2038 1407 illam
2068 1369 2248 1424 quam
2276 1356 2605 1426 assumpsit
2628 1355 2741 1411 sibi
2781 1357 3052 1414 Verbum.
3085 1357 3276 1428 Aliqui
3303 1360 3380 1414 ab
3409 1359 3534 1414 istis

1876 1439 1974 1496 alii
2003 1457 2122 1496 non
2142 1442 2488 1514 simpliciter
2517 1460 2780 1512 carnem,
2809 1447 2912 1502 sed
2941 1447 3126 1517 ipsam
3162 1455 3216 1502 et
3245 1449 3530 1505 incarna-

1876 1530 2111 1595 tionem,
2145 1537 2201 1586 et
2231 1532 2665 1588 humanitatem
2697 1541 3035 1607 susceptam
3069 1536 3328 1593 calceum
3359 1539 3532 1592 inter-

1875 1625 2220 1691 pretantur:
2275 1622 2612 1692 corrigiam,
2649 1639 2769 1678 non
2827 1631 3174 1681 naturarum
3219 1626 3526 1694 unionem,

152 1713 302 1773 τινὰς
335 1721 435 1762 τῶν
479 1712 676 1764 πολλῶν
722 1711 924 1773 ἑαυτοῖς
966 1712 1248 1786 ἐπιτρέπειν
1297 1717 1405 1786 χρὴ
1453 1717 1540 1764 καὶ
1568 1732 1759 1786 περιερ-

1877 1708 1982 1762 sed
2007 1709 2411 1782 quaestionum
2453 1711 2688 1767 illarum
2719 1719 2774 1768 et
2821 1713 3168 1778 dubiorum,
3209 1731 3345 1787 quas
3377 1716 3532 1772 circa

151 1801 442 1872 γάζεσθαι,
499 1799 604 1852 ἀλλ’
665 1800 890 1876 ἀκριϐῶς
939 1801 1143 1854 κάκεῖνο
1203 1804 1636 1872 συνεπίστασθαι,
1698 1805 1764 1864 ὡς

153 1887 282 1942 οὐδὲ
327 1897 440 1950 τοῖς
489 1893 626 1943 κατὰ
661 1892 921 1958 Ἰωάννην,
963 1893 1011 1942 ἓν
1065 1911 1117 1942 τε
1169 1891 1350 1966 πράξει
1401 1896 1490 1944 καὶ
1554 1893 1761 1964 θεωρία,

153 1983 214 2031 τὸ
269 1979 475 2050 ὑψηλόν
519 1985 609 2032 καὶ
656 1986 906 2054 μετέωρον
964 1983 1204 2052 ἔχουσιν,
1253 1979 1312 2032 ού
1361 1984 1450 2052 μὲν
1499 1977 1585 2032 οὖν
1642 1977 1765 2033 οὐδὲ

151 2071 386 2133 τούτοις,
443 2078 543 2121 τῶν
613 2069 917 2145 ἀποῤῥὸτων
971 2068 1002 2111 b
1055 2069 1252 2122 ἐκείνων
1309 2072 1368 2120 τὸ
1413 2073 1628 2143 κρύφιον
1675 2073 1760 2121 καὶ

153 2153 601 2216 δυσκατάληπτον
681 2159 751 2221 εἰς
813 2167 1006 2232 γνῶσιν
1084 2159 1337 2232 ἀφίκοιτο.
1397 2159 1564 2219 Αὐτὸς
1637 2161 1760 2233 γὰρ,

151 2247 176 2296 ὁ
210 2269 238 2294 (ι
271 2247 482 2307 Μείζων
530 2249 580 2300 ἐν
625 2256 888 2320 γεννητοῖς
933 2257 1215 2320 γυναικῶν,
1249 2269 1276 2300 ›)
1334 2244 1406 2300 δι’
1439 2249 1505 2299 ὧν
1549 2252 1619 2320 μὴ
1673 2245 1764 2300 δύ-

147 2337 352 2388 νασθαι
415 2336 553 2388 λύειν
633 2341 718 2390 τὸν
780 2339 968 2410 ἱμάντα
1041 2337 1362 2410 ὡμολόγησε,
1417 2334 1548 2410 μηδ’
1607 2337 1761 2390 αὐτὸν

149 2426 332 2476 ἱκανὸν
377 2425 439 2476 ἆν
486 2429 727 2499 γενέσθαι
771 2432 1092 2502 παρίστησιν
1135 2430 1202 2480 τὰ
1241 2435 1455 2480 τοιαῦτα
1495 2437 1594 2479 τῶν
1637 2426 1761 2480 ἀπο-

145 2517 408 2590 ρημάτων
465 2515 835 2570 ἐπιλύσασθαι.
890 2523 1018 2569 Τίνα
1071 2513 1130 2569 δέ
1181 2515 1294 2569 ἐστι
1347 2523 1550 2584 ravim;
1596 2521 1680 2577 Τίς
1727 2519 1756 2575 ἡ

147 2612 284 2656 τοῦ⁶
352 2611 524 2676 Λόγου
585 2609 837 2674 κένωσις;
895 2615 1002 2668 πῶς
1059 2607 1084 2658 ό
1149 2605 1388 2666 Πλάστης
1441 2606 1641 2658 ἑνοῦται
1689 2615 1761 2678 τῷ

145 2693 468 2765 πλάσματις
519 2697 778 2768 Παρθένος
831 2693 888 2748 δὲ
923 2703 1033 2758 πῶς
1083 2694 1143 2747 ἆν
1194 2699 1352 2760 τέκοι,
1385 2699 1474 2748 καὶ
1521 2700 1608 2754 τὴν
1661 2703 1760 2747 τῶν

147 2779 358 2834 ὠδίνων
415 2783 566 2836 λύσιν
619 2781 887 2857 σφραγῖδα
936 2793 1030 2847 τῆς
1083 2787 1380 2860 παρθενείας
1436 2791 1756 2852 noctium-:0;

145 2881 262 2934 πῶς
303 2877 458 2943 ὄγκον
497 2876 634 2946 ἔχων
675 2875 700 2926 ό
743 2879 916 2947 Σωτὴρ
961 2879 1050 2926 καὶ
1096 2883 1266 2948 σῶμα,
1312 2875 1581 2936 θαλάσσης
1625 2883 1762 2927 νῶτα

147 2958 440 3034 ὃιέτρεχη
473 2971 578 3023 πῶς
636 2959 694 3015 δὲ
740 2966 883 3036 τάφῳ
927 2968 1015 3016 καὶ
1062 2963 1316 3037 κλείθροις
1363 2967 1452 3016 κάὶ
1503 2971 1760 3037 σφραγῖσι

143 3054 502 3124 περιέχεται;
561 3054 756 3104 τούτων
815 3049 874 3105 δὲ
933 3053 1084 3105 πάλιν
1142 3051 1387 3112 ἀκινήτων
1445 3053 1759 3126 φυλαττομέ-

141 3161 247 3190 νων
308 3139 495 3192 ἐκεῖθεν
562 3147 919 3217 προέρχεται;
980 3141 1090 3196 εἶτα
1160 3140 1219 3196 δὲ
1270 3149 1360 3196 καὶ
1434 3152 1531 3194 τῶν
1592 3146 1757 3216 θυρῶν

141 3227 526 3301 κεκλεισμένων
602 3229 668 3290 εἰς
737 3235 923 3303 μέσους
979 3235 1096 3293 τοὺς
1167 3233 1420 3304 μαθητὰς,
1481 3234 1612 3304 μετά
1667 3239 1758 3284 τοῦ

141 3319 316 3369 αὐτοῦ
377 3323 640 3389 σώματος,
699 3318 1177 3392 ἔπιφαίνετάι;καὶ
1225 3321 1430 3392 πληγὰς
1485 3327 1575 3374 καὶ
1631 3327 1760 3395 τρώ-

143 3426 260 3468 σεις
305 3413 398 3458 τοῦ
429 3405 660 3470 ἀπαθοῦς
705 3413 794 3460 καὶ
839 3407 1102 3484 ἀφθάρτου
1134 3410 1280 3482 ὄψεις
1323 3409 1622 3483 ἐξερευνῶσι
1669 3415 1758 3464 καὶ

140 3493 446 3568 δάκτυλος,
503 3495 704 3572 βρῶσις
753 3494 812 3550 δὲ
860 3505 947 3550 καὶ
996 3503 1151 3562 πόσις
1207 3509 1278 3570 τῷ
1334 3497 1617 3572 ἀπροσδεεῖ
1669 3505 1758 3554 καὶ

137 3583 390 3658 ὄιρεύστῷ
414 3597 438 3626 C
463 3593 571 3646 πῶς
617 3587 675 3638 οἶν
725 3606 799 3647 τις
839 3586 1028 3650 ἐξείποι
1061 3585 1478 3661 διαπράττεσθαι
1511 3595 1753 3661 adigam;

133 3675 356 3726 Τούτων
416 3669 504 3724 οὖν
559 3679 648 3726 καὶ
719 3683 817 3726 τῶν
884 3679 1130 3728 τοιούτων
1203 3673 1409 3748 δεσμῶν
1469 3677 1562 3730 ούκ
1615 3681 1756 3730 ἔστιν

135 3765 294 3825 ὅστις
343 3767 450 3833 οὐχ
495 3763 576 3814 ὅτι
617 3772 716 3814 τῶν
757 3764 952 3816 πολλῶν
1002 3769 1091 3816 καὶ
1149 3771 1436 3838 τυχόντων,
1479 3766 1585 3819 ἀλλ’
1641 3765 1754 3820 οὐδ’

134 3857 182 3904 εἷ
212 3872 300 3913 τις
343 3851 416 3914 εἰς
453 3856 548 3910 τὴν
591 3861 682 3904 τοῦ
731 3851 1042 3928 Προδρόμου
1096 3851 1244 3912 διέϐη
1293 3855 1571 3925 τελείωσιν,
1605 3854 1754 3910 οὐδὲν

135 3949 329 4014 σαφῶς
386 3945 476 3992 καὶ
532 3943 776 4016 καθαρῶς
836 3941 1154 3995 ἐπιλύσεται.
1215 3943 1350 3997 Ἀλλ’
1421 3947 1589 4018 ἕτερος
1662 3949 1754 4018 μὲν

131 4035 270 4090 ἴσως
331 4029 506 4104 ἐτέρου
555 4037 664 4091 τοίς
721 4030 1003 4104 ἀκροαταῖς
1054 4031 1158 4106 ἐρεῖ
1206 4053 1256 4084 τι
1301 4032 1754 4106 ψυχαγωγικώτε-

127 4140 244 4194 ρον,
281 4125 376 4171 καὶ
407 4127 498 4179 τῆς
529 4119 720 4181 πολλῆς
765 4119 980 4193 ἀπορίας
1009 4124 1336 4194 παραμύθιον
1371 4139 1383 4151 ·
1418 4125 1447 4182 ἡ
1484 4121 1542 4176 δὲ
1580 4130 1750 4198 χωρὶς

127 4207 410 4282 ἐσόπτρων
463 4211 552 4260 καὶ
603 4209 920 4282 αἰνιγμάτων
992 4209 1040 4262 ἐν
1099 4214 1302 4272 τούτοις
1355 4210 1589 4280 ἀλήθεια,
1649 4223 1749 4265 τῶν

125 4297 176 4348 ἰν
225 4295 340 4370 βίῳ
389 4299 590 4350 πάντων
648 4300 836 4371 ὁμοίως
891 4298 1311 4376 ἀποκεχώρηκεν.
1375 4301 1528 4354 ’Λλλά
1584 4311 1750 4355 ταῦτα

121 4391 218 4458 μέν
258 4405 348 4438 σοι
385 4395 487 4436 τῶν
527 4389 660 4438 κατά
701 4392 910 4460 μνήμην
955 4389 1258 4461 σωζομένων
1307 4387 1454 4462 οἶμαι
1496 4394 1563 4443 τὰ
1607 4390 1746 4454 ἀξιο-

119 4475 385 4550 λονίότερα
417 4474 622 4548 ἔγραψα
655 4493 668 4504 ⁸
704 4480 768 4528 σὺ
820 4473 872 4528 δ’
915 4475 1178 4552 ἐπικρίνας
1230 4484 1466 4555 στέργοις
1496 4485 1552 4532 τὸ
1599 4482 1742 4553 ἄμει-

117 4586 230 4620 νον.
285 4565 350 4617 Εἰ
399 4560 449 4616 δ’
495 4563 736 4638 ἐρυθριᾷς
795 4571 887 4624 τὴν
937 4572 1126 4642 κρίσιν,
1163 4566 1262 4640 ἐγώ
1314 4589 1394 4621 σοι
1441 4573 1498 4621 τὸ
1543 4579 1744 4645 πρῶτον

113 4660 212 4708 καὶ
265 4657 329 4706 τὸ
384 4652 674 4706 τελευταῖον
722 4663 820 4707 τῶν
870 4654 918 4707 ἐν
975 4661 1118 4728 μέσῳ
1171 4661 1478 4732 προτίθημι,
1537 4663 1605 4711 Τὸ
1653 4669 1744 4732 μὲν

113 4747 222 4816 γὰρ
283 4747 380 4794 καὶ
431 4751 526 4804 τῆς
573 4744 862 4806 ὑποθέσεως
903 4751 992 4798 καὶ
1037 4753 1134 4814 τῷν
1180 4748 1426 4821 ῥημάτων
1481 4748 1620 4801 ἐστὶν
1672 4750 1744 4802 οἰ-

111 4837 404 4886 κειότατον
437 4853 450 4863 ·
482 4834 542 4883 τὸ
573 4829 630 4885 δὲ
655 4832 942 4886 τελευταῖον
972 4843 1072 4886 τῶν
1103 4838 1234 4888 κατὰ
1266 4838 1480 4911 θεωρίαν
1511 4837 1743 4911 εύρήσεις

113 4921 538 4995 ἀναλογὼτερον.
570 4919 826 4998 Ἔρρωσθ.

1793 3082 1834 3138 C

1781 4439 1826 4492 D

1874 1798 2308 1855 humanitatem
2353 1801 2412 1855 in
2443 1817 2618 1856 carne
2652 1809 3016 1874 susceptam,
3049 1805 3368 1873 agitantur,
3407 1805 3534 1860 vin-

1876 1888 2075 1942 culum
2100 1893 2155 1944 et
2181 1891 2603 1956 annexionem,
2625 1908 2756 1965 quae
2781 1899 3039 1948 mentem
3061 1909 3302 1950 omnem
3323 1895 3534 1950 huma-

1875 1992 2018 2032 nam
2047 1978 2221 2047 longe
2237 1987 2549 2050 superent:
2578 1997 2834 2052 quarum
2858 1984 3260 2056 qumstionum
3293 1983 3530 2040 solutio-

1873 2080 2011 2120 nem
2027 2071 2082 2120 et
2102 2068 2578 2140 explicationem,
2605 2085 2726 2124 non
2751 2071 2936 2143 aliqui
2960 2088 2990 2126 e
3021 2071 3204 2140 vulgo
3229 2071 3344 2127 sibi
3369 2088 3532 2127 arro-

1873 2171 2010 2226 gare
2075 2156 2312 2222 debent,
2371 2161 2469 2214 aut
2531 2157 2822 2214 curiosius
2885 2160 3043 2216 circa
3105 2161 3348 2216 easdem
3407 2177 3532 2216 ver-

1875 2243 2015 2308 sari,
2076 2245 2180 2300 sed
2233 2245 2376 2300 illud
2442 2247 2729 2318 exquisite
2793 2247 3088 2320 imprimis
3144 2264 3524 2319 cognoscere,

1871 2333 2035 2404 quod
2079 2349 2188 2388 nec
2242 2335 2490 2390 Joannis
2529 2341 2872 2407 sectatores,
2935 2338 3038 2409 qui
3077 2338 3136 2392 in
3197 2339 3430 2393 actione
3469 2343 3525 2394 et

1872 2423 2374 2494 contemplatione
2405 2425 2660 2480 sublime
2699 2427 2846 2498 quid
2907 2431 2962 2482 et
3001 2426 3297 2482 excelsum
3339 2427 3526 2482 habe-

1871 2511 2038 2580 bant,
2067 2511 2422 2570 abscondita
2441 2514 2568 2569 haec
2591 2521 2646 2569 et
2665 2516 2760 2570 vix
2783 2515 3524 2586 comprehensibilia,certe

1871 2600 2330 2672 inexplicabilia,
2363 2601 2795 2675 intelligebant.
2817 2609 2948 2676 lpse
2973 2627 3000 2654 ‹‹
3029 2604 3372 2676 Majorinter
3396 2621 3525 2662 om-

1871 2705 2024 2745 nese
2055 2689 2406 2747 mulieribus
2433 2697 2628 2762 natos,
2656 2715 2678 2744 ν
2709 2710 2842 2749 cum
2878 2694 3182 2765 proﬁtetur
3210 2711 3273 2750 se
3299 2694 3525 2752 solvere

1869 2778 2178 2850 indignum
2199 2797 2325 2836 esse
2358 2783 2676 2853 corrigiam
2695 2785 2900 2849 calcei,
2935 2783 3148 2839 eodem
3178 2788 3314 2839 actu
3339 2800 3522 2854 agno-

1871 2869 1978 2923 scit
2007 2885 2126 2924 non
2169 2887 2338 2941 posse
2389 2888 2453 2926 se
2485 2873 2782 2941 ejusmodi
2843 2873 3060 2928 dubias
3092 2873 3316 2928 solvere
3365 2889 3526 2944 quaa-

1872 2957 2109 3012 stiones.
2141 2964 2207 3012 At
2235 2975 2512 3030 quaenam
2535 2959 2648 3015 illae
2680 2962 2865 3016 sunt?
2893 2963 3176 3026 Quaenam
3197 2961 3378 3019 Verbi
3400 2961 3526 3016 exi-

1871 3046 2092 3102 nanitio
2117 3047 2144 3101 ?
2183 3049 2396 3103 Rerum
2459 3049 2739 3104 Conditor
2771 3065 2889 3122 quo
2947 3053 3123 3122 pacto
3163 3051 3242 3106 rei
3274 3049 3524 3106 conditae

1870 3135 2152 3190 adunitur
2179 3136 2208 3191 ’ἓ
2235 3151 2356 3208 quo
2387 3141 2564 3208 pacto
2617 3137 2906 3209 pepererit
2959 3138 3150 3209 Virgo,
3215 3143 3272 3194 et
3315 3143 3522 3210 partus

1869 3224 2144 3280 dolorum
2163 3224 2807 3296 solutionem,sigillum
2835 3226 3108 3283 adhibuit
3131 3227 3480 3298 virginitatis
3495 3228 3524 3284 ?

1869 3313 2177 3385 quomodo
2212 3315 2504 3379 Servator,
2545 3315 2648 3388 qui
2687 3316 2928 3388 pondus
2957 3321 3013 3371 et
3043 3331 3260 3388 corpus
3289 3316 3518 3382 habuit,

1869 3403 2050 3458 maris
2081 3407 2315 3474 tergora
2337 3421 2514 3460 cursu
2559 3405 2896 3477 peragravit
2921 3407 2948 3463 ?
2989 3405 3300 3478 quomodo
3327 3406 3521 3479 sepul-

1867 3509 1989 3558 cro,
2008 3491 2279 3550 claustris
2297 3495 2567 3566 etsigillis
2581 3495 3171 3552 tenebaturinclusus
3189 3497 3216 3552 ?
3239 3495 3520 3552 etiisdem

1865 3581 2008 3654 ipsis
2035 3584 2296 3640 immotis
2325 3585 2654 3652 custoditis,
2677 3585 2815 3640 inde
2837 3585 3134 3656 egreditur
3157 3585 3184 3639 ?
3212 3585 3521 3658 quomodo

1867 3672 2082 3728 deinde
2123 3674 2288 3729 ostiis
2319 3673 2535 3730 clausis
2562 3675 2620 3729 in
2653 3674 2920 3730 medium
2953 3675 3237 3746 processit
3263 3674 3522 3746 discipu-

1865 3760 2078 3828 lorum,
2109 3779 2245 3818 cum
2269 3763 2474 3819 eodem
2497 3779 2742 3837 corpore
2768 3763 2795 3819 ?
2825 3764 3130 3836 quomodo
3165 3763 3395 3836 plagas,
3431 3764 3525 3820 in-

1865 3850 2024 3908 ﬂicta
2065 3852 2311 3908 vulnera
2355 3853 2750 3924 impassibilis
2783 3853 3050 3925 corporis
3093 3859 3148 3910 et
3177 3853 3524 3926 incorrupti-

1863 3939 2016 4012 bilis,
2064 3941 2219 3996 oculi
2259 3944 2320 4000 et
2349 3943 2514 4014 digiti
2548 3947 2997 4014 perscrutantur
3036 3941 3064 3996 ‘1‘
3099 3943 3412 4007 Quomodo
3445 3941 3522 3997 ci-

1860 4029 1972 4084 bus
2005 4035 2061 4085 et
2089 4034 2264 4102 potus
2309 4031 2612 4087 conferent
2673 4047 2796 4088 non
2827 4031 3134 4101 indigenti,
3187 4048 3298 4086 nec
3333 4031 3519 4087 ﬂuido

1861 4119 2115 4189 corpori,
2157 4119 2290 4191 quis
2317 4125 2518 4175 autem
2551 4119 2716 4176 effari
2749 4120 2995 4191 potest?
3030 4123 3154 4174 Haec
3217 4123 3414 4174 autem
3463 4123 3520 4174 et

1861 4207 2076 4262 similia
2108 4209 2368 4274 vincula,
2403 4225 2599 4274 nemo,
2645 4225 2766 4265 non
2797 4209 3000 4266 dixero
3031 4225 3062 4264 e
3113 4208 3296 4278 vulgo
3326 4207 3516 4262 homi-

1859 4311 2005 4350 num
2037 4301 2090 4351 et
2119 4297 2256 4352 faece
2297 4299 2662 4368 promiscua,
2688 4298 2791 4353 sed
2813 4315 2886 4354 ne
2917 4297 3162 4370 quidem
3188 4297 3234 4352 si
3261 4297 3332 4352 ad
3369 4295 3516 4352 Prte-

1858 4385 2114 4440 cursoris
2171 4386 2596 4458 perfectionem
2646 4388 2979 4444 ascenderit
3031 4385 3274 4459 aliquis,
3309 4384 3510 4456 plane,

1857 4472 2032 4538 clare,
2063 4479 2118 4529 et
2147 4475 2460 4547 perspicue
2496 4476 2770 4532 solverit:
2805 4477 2931 4532 ﬁeri
2961 4481 3162 4532 autem
3201 4477 3411 4547 potest,
3449 4477 3512 4528 ut

1856 4579 2007 4618 unus
2035 4563 2238 4629 altero,
2269 4565 2432 4636 apud
2450 4566 2769 4631 auditores,
2795 4565 2943 4638 quid
2974 4565 3166 4636 magis
3190 4563 3266 4620 ad
3293 4561 3513 4618 animas

1855 4651 2145 4718 solamen,
2175 4653 2406 4719 dixerit,
2438 4660 2494 4711 et
2543 4655 2604 4709 in
2649 4655 3012 4710 difﬁcultatis
3043 4651 3382 4726 multiplicis
3422 4667 3514 4707 ex-

1854 4741 2218 4814 peditionem
2246 4759 2258 4798 :
2302 4743 2519 4799 veritas
2559 4749 2758 4800 autem
2787 4744 2844 4798 in
2873 4744 2998 4799 istis
3019 4745 3145 4799 sine
3175 4741 3433 4814 speculis
3456 4745 3513 4798 et

1854 4835 2191 4906 tenigmatis
2229 4835 2380 4891 ultra
2429 4835 2613 4909 ipsius
2663 4837 2799 4893 vitae
2826 4837 3113 4893 terminos
3145 4839 3506 4891 removetur.

1853 4931 2045 5000 Atque
2089 4928 2168 4984 ita
2200 4929 2302 4984 tibi
2335 4945 2544 4985 earum
2576 4929 3016 5002 expositionum
3042 4945 3176 5000 quae
3215 4925 3507 4983 mandan-

1853 5025 1946 5078 tur
1998 5021 2319 5088 memoriae,
2367 5021 2703 5094 praecipuas
2756 5023 3050 5078 enarravi.
3083 5019 3350 5088 Tu,facta
3387 5018 3510 5075 dis-

97 5100 426 5162 cussione,
464 5099 752 5170 optimam
785 5099 1161 5174 amplectere.
1190 5104 1360 5168 Quod
1399 5106 1446 5160 si
1481 5105 1774 5178 judicium
1804 5111 2180 5183 interponere
2219 5111 2662 5178 verecunderis,
2696 5126 2806 5181 ego
2859 5111 3116 5183 primam
3161 5117 3342 5182 atque
3373 5108 3507 5165 ulti-

98 5205 280 5246 mam
325 5188 560 5244 cmteris
595 5205 898 5262 praepono.
931 5191 1086 5248 Nam
1127 5207 1335 5248 earum
1385 5210 1504 5252 una
1547 5213 1685 5254 cum
1730 5205 2086 5270 argumento
2133 5199 2418 5271 subjecto,
2446 5204 2502 5256 et
2546 5216 2685 5255 cum
2729 5200 2923 5256 verbis
2967 5202 3264 5272 majorem
3317 5197 3504 5254 habet

101 5278 486 5336 afﬁnitatem
513 5296 530 5350 ;
559 5283 927 5351 postremam
949 5281 1205 5354 reperies
1225 5282 1421 5354 magis
1444 5285 1521 5340 ad
1544 5289 2064 5362 contemplationis
2087 5289 2428 5360 analogiam
2447 5289 2782 5346 facientem.
2819 5291 2972 5348 Vale.

1489 5453 1726 5512 VABL/E
1763 5458 2055 5516 LECTlON
2063 5459 2165 5516 ES.

175 5615 210 5658 b
237 5605 306 5664 C.
347 5603 430 5659 Μ.
462 5603 882 5684 ἀπορῥηθέντων,

967 5619 993 5650 ο
1019 5609 1139 5682 leg.
1178 5609 1434 5688 ἀρεὐστῳ.
1469 5617 1527 5670 C.
1562 5617 1632 5675 M.
1659 5615 1940 5693 ἔναρίστῳ.
