4076 6202
511 278 618 335 983
1752 268 1986 327 ΡΗΟΤΙΙ
2024 269 2121 326 ΡΑ¹

2266 268 2505 327 lRCH/E
2542 268 2647 326 CP.
3782 270 3876 326 ψῃ

688 401 1002 470 ΟΗᾸΞΞΤΙΟ
1035 398 1299 472 CCXVll[
1324 399 1499 455 Coisl.
1522 396 1788 461 CCXLVI,
1825 396 2001 452 Taur.

1706 397 1788 461 VI,
1825 396 2001 452 Taur.
2828 398 3141 448 ΕΡΩΤΗΣΙΣ
3180 393 3316 450 ΣΙΖ’.

1153 487 1514 557 ccxxxvny

915 581 1001 636 De
1030 578 1371 649 di/ferentia
1402 576 1752 647 imaginum.

2748 578 2870 648 Περὶ
2897 569 3155 645 διαφορᾶς
3187 572 3408 627 εἰκόνων.

1320 683 1474 733 Edita
1503 698 1531 733 a
1555 684 1881 734 Montacutio
1909 685 2012 747 (ep.
2054 683 2161 740 134,
2189 682 2255 732 ad
2290 681 2443 731 Joan.
2501 680 2767 745 Spathar.,
2801 693 2853 745 p.
2885 681 2994 737 178,
3022 681 3146 742 180).

579 809 702 862 Non
755 802 1010 860 detrahit
1060 802 1287 875 aliquid
1327 802 1536 857 Christi
1574 801 1840 871 imagini,
1887 801 1937 855 si
1987 800 2161 856 Filius

2343 794 2508 849 Οὐδὲν
2562 797 2862 870 λυμαίνεται
2913 805 2973 869 τῇ
3032 797 3189 849 εἰκόνι
3240 804 3497 871 Χριστοῦ,
3544 802 3611 849 τό
3656 798 3900 868 Μγεσθαι

506 894 741 951 dicatur
762 910 899 949 vera
938 891 1125 948 Patris
1170 892 1392 960 imago,
1417 895 1539 957 aut,
1571 891 1755 945 homo
1796 906 1930 945 vere
1968 890 2116 945 factu

2291 890 2352 938 ’ὁν
2410 889 2526 939 Υὶόν
2582 886 2826 945 ἀληθινὴν
2892 886 3061 938 εἰκόνα
3112 894 3202 937 τοῦ
3265 890 3490 957 Πατρός,
3548 888 3581 944 ἦ
3655 890 3752 937 τόν
3818 888 3901 937 ἱν-

510 983 589 1040 ad
626 982 953 1055 imaginem
987 981 1085 1037 Dei
1121 998 1133 1036 :
1166 996 1237 1035 ne
1267 985 1394 1035 tum
1441 980 1483 1033 si
1519 978 1894 1035 aﬂirmamus
1934 994 2035 1033 eos
2061 996 2120 1049 (ιι

2289 977 2472 1048 ἱρωπον
2544 974 2745 1037 ἀληθῶς
2814 977 2926 1027 κατ’
2987 976 3157 1027 εἰκόνα
3211 978 3527 1047 γεγενῆσθαι
3586 984 3738 1029 Θεοῦ
3778 996 3792 1006 ο
3850 977 3899 1027 οὐ

510 1072 846 1128 secundum
878 1071 1154 1126 virtutem
1186 1070 1408 1133 vivunt,
1441 1069 1516 1124 ad
1547 1084 1752 1123 veram
1781 1067 1989 1122 Christi
2018 1068 2120 1121 imz

2293 1069 2373 1122 ιὴν
2415 1061 2529 1116 οὐδ’
2574 1062 2738 1117 ἐπειδ⁹
2781 1063 2839 1115 ἂν
2868 1064 3111 1136 λέγωμεν,
3160 1069 3278 1125 τοὺς
3305 1066 3418 1115 κατ’
3446 1064 3651 1138 ἀρετὴν
3706 1064 3903 1137 βεϐω-

507 1162 708 1231 ginem
736 1159 1115 1216 conformari.
1150 1162 1274 1214 Non
1306 1158 1467 1212 enim
1495 1161 1557 1211 ut
1589 1156 1933 1212 traducatur
1954 1155 2117 1225 imag

2294 1158 2423 1215 ιότας
2478 1159 2571 1211 τὴν
2626 1153 2790 1211 ἀληθῆ
2846 1154 3176 1226 μορφοῦσθαι
3250 1154 3420 1205 εἰκόνα
3496 1161 3775 1225 Χριστοῦ.
3836 1155 3904 1204 05

507 1250 599 1306 nis
612 1249 1069 1310 artiﬁcium.hoc
1082 1248 1293 1303 dicitur
1309 1262 1447 1312 ;non
1464 1245 1908 1301 utmendaoium
1923 1244 2117 1313 imagir

2296 1246 2369 1315 γὰρ
2438 1241 2521 1295 ἐπὶ
2598 1239 2816 1313 διαϐολῇ
2893 1250 2984 1304 τῆς
3056 1251 3312 1314 τεχνητῆς
3371 1242 3397 1282 ἀ
3451 1243 3663 1304 εἰκόνος
3738 1251 3906 1295 ταῦτα

506 1338 804 1395 aifricetur
819 1356 831 1393 :
849 1338 948 1391 sed
964 1342 1025 1393 ut
1042 1336 1142 1393 illa
1159 1353 1287 1409 Qum
1314 1334 1940 1391 interceditdiversitas
1964 1332 2116 1389 intell

2296 1336 2493 1402 έγεται,
2542 1328 2658 1384 οὐδ’
2710 1332 2789 1383 ἵνα
2842 1328 3040 1401 ψεῦδος
3089 1334 3219 1403 αὐτῇ
3267 1331 3614 1405 ἐπιγράφοιτο
3649 1352 3662 1363 ·
3704 1331 3819 1383 ἀλλ’
3850 1337 3906 1393 ὡς

506 1432 699 1500 gatur.
729 1430 857 1482 Non
874 1426 1026 1481 enim
1044 1441 1172 1481 cum
1189 1424 1382 1480 Filium
1402 1440 1599 1479 veram
1617 1422 1965 1495 sapientiam
1986 1438 2116 1477 nom

2292 1419 2332 1470 'zv
2395 1420 2561 1471 αὐτῶν
2626 1422 2655 1478 ἠ
2716 1424 2837 1493 πρὸς
2912 1419 3107 1478 ἄλληλα
3176 1417 3405 1492 διαφορά
3460 1420 3902 1492 ἐπιγινωσκοιτο.

509 1532 749 1582 namus,
769 1515 1125 1587 sapientiam
1154 1532 1188 1569 a
1221 1513 1438 1569 divinis
1462 1512 1718 1567 oraculis
1745 1512 2119 1565 eliminamus

2298 1506 2416 1561 ωδε
2454 1511 2575 1582 γὰρ,
2610 1505 2724 1561 οὐδ’
2757 1511 2877 1561 ὅταν
2924 1513 3008 1561 τόν
3054 1512 3170 1561 Υἰόν
3221 1508 3467 1567 ἀληθινὴν
3502 1516 3707 1583 σοφίαν
3742 1531 3908 1582 προτ-

511 1605 615 1662 sed
643 1621 749 1660 nec
783 1621 919 1660 cum
946 1603 1139 1658 lucem
1172 1618 1395 1665 veram,
1423 1602 1608 1656 vitam
1638 1616 1862 1661 veram,
1882 1600 2121 1654 dicimus

2299 1600 2619 1672 ιγορεύωμεν,
2649 1602 2740 1655 τὴν
2772 1597 2827 1650 ἐκ
2858 1606 2957 1649 τῶν
2994 1600 3138 1650 θείων
3173 1605 3383 1673 Γραφών
3415 1604 3610 1671 σοφίαν
3648 1609 3754 1661 τῆς
3791 1600 3909 1656 αλε-

509 1696 715 1751 lumen
744 1693 935 1748 solare
980 1698 1081 1747 aut
1108 1693 1282 1747 vitam
1314 1692 1409 1745 hic
1436 1696 1724 1753 nostram,
1756 1689 1940 1744 multo
1968 1690 2119 1744 mint

2298 1693 2417 1748 ista;
2461 1687 2755 1759 ἐξορίζομεν
2788 1704 2798 1715 ·
2836 1687 2950 1739 οὐδ’
2984 1684 3148 1739 Errata"
3180 1686 3239 1738 ἂν
3284 1697 3390 1760 φῶς
3433 1688 3597 1740 αὐτόν
3634 1688 3908 1753 ἀληθινόν,

512 1782 674 1838 illam
699 1782 982 1842 futuram.
1016 1780 1270 1835 falsariaa
1292 1779 1682 1833 subsistentia:
1707 1778 1875 1833 inniti
1904 1778 2122 1833 insinua

2299 1798 2305 1833 ν
2342 1778 2480 1836 ζωὴν
2533 1775 2773 1833 ἀληθινὴν
2820 1775 3171 1848 ὀνομάζωμεν.
3203 1780 3261 1829 τὸ
3306 1777 3523 1835 ἡλιακὸν
3572 1786 3709 1849 φῶς,
3748 1782 3780 1837 ἢ
3825 1786 3909 1834 τῂν

512 1887 668 1926 mus.
698 1870 921 1925 Eodem
954 1869 1137 1924 modo
1169 1872 1222 1923 et
1262 1884 1399 1923 cum
1456 1866 1663 1922 Filium
1695 1866 2045 1937 profitemur
2075 1884 2122 1921 vc

2300 1869 2527 1938 ῖμετέραν
2558 1866 2778 1917 ἐνταῦθα
2811 1868 2968 1929 ζωὴν,
3006 1866 3088 1916 ἰνα
3117 1870 3187 1936 μὴ
3230 1866 3359 1935 λέγω
3388 1871 3481 1923 τὴν
3516 1866 3746 1932 ἐκεῖθεν⁹
3784 1869 3910 1937 ψη,

510 1960 1003 2028 ramimaginem,
1023 1974 1132 2014 non
1152 1957 1283 2013 illas
1302 1958 1602 2027 imagines,
1623 1973 1757 2028 qua;
1789 1973 1964 2011 suum
1979 1961 2120 2011 ortu

2301 1951 2639 2005 ἰουπόστατον
2686 1952 3030 2025 ἀποφαίνομεν
3061 1972 3072 1982 '
3108 1955 3268 2014 οὕτως
3312 1952 3428 2007 οὐδ’
3460 1957 3707 2012 ὁπηνίκα
3751 1977 3911 2027 φαμεν

509 2048 588 2105 ab
617 2048 945 2104 imitatione
1002 2048 1347 2113 sortiuntur,
1406 2047 1464 2101 in
1515 2046 1969 2101 mendaciorum
2013 2045 2119 2100 ord

2299 2041 2526 2100 ιληθινὴν
2558 2042 2728 2093 εἰκόνα
2766 2046 2851 2093 τόν
2887 2044 3020 2103 Υἱὸν,
3056 2043 3184 2114 οι)χί
3227 2047 3314 2103 τὰς
3345 2044 3564 2107 εἰκόνας,
3594 2045 3657 2095 αἱ
3692 2054 3795 2103 την
3826 2054 3909 2115 γέ-

509 2153 650 2193 nem
682 2136 984 2210 rejieimus
1019 2155 1031 2204 ;
1073 2134 1496 2192 tantummodo
1536 2134 1929 2190 differentiam
1979 2151 2119 2207 qua:

2308 2135 2411 2181 εσίν
2461 2130 2590 2182 εἰσιν
2638 2131 2905 2201 λαχοῦσαι
2942 2128 3035 2183 διὰ
3072 2137 3358 2203 μιμήσεως,
3395 2133 3465 2192 εἰς
3494 2130 3712 2203 ψεῦδος
3765 2136 3912 2186 ἐλαύ-

505 2227 609 2282 illa
638 2226 717 2283 ad
752 2227 893 2282 istas
913 2224 1091 2281 habet
1110 2242 1215 2297 per
1231 2240 1544 2280 excessum
1563 2224 1991 2293 significamus.
2013 2224 2115 2278 Aur

2308 2238 2445 2283 οιιεν,
2498 2217 2623 2270 ἀλλά
2680 2223 2735 2271 τό
2794 2224 2924 2294 πρὸς
2980 2220 3141 2282 αὐτὰς
3195 2220 3380 2281 ἐκείνης
3436 2224 3561 2275 καθ’
3626 2225 3912 2295 ὑπεροχὴν

504 2315 685 2386 igitur
747 2316 937 2370 ﬁlium
999 2315 1274 2378 tonitrus,
1323 2312 1841 2386 quemadmodum
1907 2313 2024 2377 ille,
2092 2313 2114 2367 ε

2304 2305 2537 2379 Γηλοῦμεν
2600 2304 2869 2381 διάφορον.
2929 2308 3187 2362 Ἀκουσον
3245 2316 3414 2363 τοίνυν
3483 2315 3573 2363 τόν
3635 2317 3761 2365 υἱόν
3821 2323 3914 2376 τῆς

506 2405 654 2462 c0310
676 2406 977 2467 intonans,
998 2403 1173 2458 nobis
1198 2403 1377 2459 talem
1401 2403 1721 2458 verborum
1753 2418 2001 2457 sensum
2032 2418 2116 2469 su;

2301 2396 2528 2470 Βροντῆς,
2580 2400 2717 2459 ὅπως
2793 2400 2917 2469 ἡμῖν
2989 2400 3177 2451 ἄνωθεν
3250 2398 3497 2471 βροντῶν,
3557 2407 3658 2459 τὴν
3724 2408 3911 2455 τοιαύ-

509 2493 679 2563 gerit.
712 2495 1039 2563 Utrumque
1083 2497 1257 2556 certe,
1311 2492 1372 2546 in
1416 2506 1507 2556 eo,
1546 2512 1569 2541 α
1600 2491 1852 2560 gratiam
1882 2506 1989 2561 pro
2032 2506 2119 2559 gre

2299 2507 2371 2543 ἠν
2437 2494 2638 2558 χρῆσιν
2724 2496 2822 2537 τῶν
2899 2486 3060 2558 λόγων
3141 2487 3318 2540 ἐννοεῖν
3384 2485 3641 2544 δίδωσιν.
3716 2492 3909 2563 Ἄμφω

514 2582 595 2638 tia
616 2584 684 2647 ⁸⁸,
709 2602 737 2633 ››
770 2597 992 2636 novum
1032 2587 1087 2636 et
1118 2584 1285 2635 vetus
1315 2596 1328 2644 ;
1370 2596 1489 2635 uno
1521 2580 1731 2634 eodem
1764 2580 1967 2649 gratia;
2000 2580 2124 2636 titul

2301 2578 2378 2648 μὰρ
2423 2575 2472 2627 ἐν
2503 2584 2573 2645 τῷ
2618 2576 2795 2639 εἰπεῖν,
2833 2594 2861 2625 ι(
2896 2581 2979 2628 καί
3016 2579 3175 2651 χάριν
3216 2576 3327 2629 ἀντὶ
3371 2581 3614 2651 χάριτος,
3658 2602 3690 2629 n
3728 2588 3827 2639 τήν
3861 2603 3911 2635 τε

513 2670 861 2742 appellans;
896 2668 1064 2725 addit
1109 2669 1319 2723 deinde
1367 2667 1774 2735 eminentiam,
1823 2668 1921 2723 ubi
1978 2685 2123 2723 unur

2299 2665 2511 2716 Ῑαλαιόιν
2560 2670 2649 2716 καὶ⁵
2698 2670 2791 2723 τὴν
2841 2670 2995 2729 Νέαν,
3045 2675 3115 2737 τῷ
3164 2675 3257 2727 τῆς
3303 2670 3521 2740 χάριτος
3570 2669 3909 2742 ἐξονομάσας

512 2775 650 2816 cum
678 2758 860 2814 altero
891 2762 1222 2830 comparat,
1256 2777 1284 2809 ‹‹
1315 2757 1442 2820 Lex,
1479 2756 1754 2828 inquiens
1786 2772 1891 2828 per
1923 2760 2121 2829 Moyse

2298 2759 2658 2827 προσρήματι·
2738 2751 2848 2806 εἶτα
2921 2758 2980 2806 τὸ
3056 2756 3471 2829 ὑπερανεστηκός
3567 2761 3810 2832 θάττερα
3886 2775 3908 2803 ε

511 2848 790 2915 dabatur,
826 2848 1015 2916 gratia
1036 2852 1236 2903 autem
1269 2852 1325 2902 et
1385 2846 1598 2901 veritas
1639 2862 1745 2918 per
1774 2847 1977 2902 Jesum
2008 2847 2120 2902 Chr

2296 2846 2406 2914 τρδς
2462 2848 2554 2901 τὴν
2618 2844 2787 2918 ἑτέραν
2841 2853 3129 2916 παριστῶν,
3186 2845 3301 2897 «'0
3348 2851 3521 2918 νόμος.
3579 2856 3750 2919 φησι.
3816 2849 3906 2902 διά

512 2940 765 2995 stum“.
804 2936 1151 2992 nManifeste
1213 2941 1393 3008 patet,
1451 2937 1613 3008 quod
1659 2954 1793 2991 cum
1850 2937 1930 2992 ita
1983 2937 2122 2993 dica‘

2293 2937 2505 2993 νΙωσέως
2552 2929 2730 2997 ἐδόθη,
2767 2935 2795 2990 ἡ
2829 2934 2992 3005 χάρις
3037 2929 3095 2985 δὲ
3134 2940 3221 2985 καὶ
3268 2937 3295 2991 η
3333 2933 3549 2992 ἀλήθεια
3582 2933 3685 2988 διὰ
3722 2939 3903 2997 Ἰησοῦ

510 3043 621 3084 nec
643 3028 897 3100 gratiam
932 3042 1041 3082 nec
1072 3027 1362 3082 veritatem
1397 3042 1430 3080 a
1458 3026 1709 3082 Mosaica
1740 3026 1861 3096 lege
1894 3026 2116 3082 abscidi

2291 3028 2516 3092 Χριστοῦ
2586 3020 2796 3091 ἐγένετο.
2848 3044 2875 3072 ››
2937 3022 3095 3079 Δῆλον
3169 3026 3269 3097 γὰρ
3346 3026 3415 3084 ὡς
3470 3034 3643 3077 ταῦτα
3716 3027 3901 3100 λέγων,

509 3116 637 3189 ipse
663 3116 822 3171 enim
883 3115 977 3170 ille
1018 3114 1125 3170 fuit
1171 3115 1272 3187 qui
1332 3115 1515 3185 paulo
1564 3115 1729 3187 prius
1769 3115 2119 3187 appellation

2292 3109 2407 3180 ›ῦχὶ
2443 3115 2533 3167 τὴν
2578 3108 2814 3167 ἀλήθειαν
2842 3111 2870 3169 ἦ
2906 3116 2999 3169 τὴν
3050 3114 3211 3185 χάριν
3264 3121 3356 3164 τοῦ
3393 3121 3695 3167 Μωσαῐκοῦ
3741 3126 3902 3189 νόμον

508 3207 723 3279 gratiae
753 3206 947 3279 ipsam
979 3205 1343 3275 insignierat.
1376 3206 1486 3262 Sed
1520 3222 1629 3261 nec
1675 3206 2059 3261 mendacium
2086 3206 2118 3261 il

2294 3198 2577 3270 τεριέκοψεν
2613 3220 2624 3231 ο
2660 3199 2814 3261 αὑτός
2856 3203 2957 3271 γὰρ
3004 3198 3063 3258 ἦν
3113 3204 3137 3252 ό
3186 3211 3356 3275 μικρῴ
3404 3206 3635 3275 πρόσθεν
3684 3216 3764 3277 τῷ
3815 3217 3904 3269 τῆς

509 3295 785 3366 imputat.
836 3297 962 3350 Non
1020 3296 1181 3349 enim
1237 3295 1295 3349 in
1350 3294 1778 3351 contumeliam
1818 3300 1914 3351 aut
1940 3295 2119 3351 crime

2292 3290 2501 3361 χάριτος
2550 3288 2704 3339 αὑτὸν
2759 3287 3115 3361 ἀποσεμνύνας
3187 3290 3417 3361 ὀνόματι.
3480 3293 3559 3345 Οῦ
3606 3300 3719 3364 μὴν
3778 3296 3902 3349 οὐδε

509 3383 657 3453 legis
705 3384 931 3438 dictum
970 3382 1135 3450 illud,
1161 3404 1187 3433 «
1239 3382 1437 3438 Gratia
1476 3390 1677 3438 autem
1728 3389 1783 3439 et
1815 3385 2033 3440 veritas
2064 3402 2119 3456 p4

2287 3372 2472 3447 ψεῦδος
2520 3378 2677 3429 αὐτοῦ
2720 3384 3081 3451 κατηγόρησεν
3110 3396 3121 3407 ·
3156 3376 3279 3432 οὐδὲ
3324 3383 3424 3455 γὰρ
3473 3380 3548 3452 ἐφ’
3602 3382 3760 3457 ὕϐρει
3810 3394 3897 3437 καί

510 3472 718 3527 Jesum
743 3470 1039 3525 Christum
1057 3470 1183 3537 fuit,
1211 3493 1237 3519 «
1268 3471 1636 3541 Evangelicis
1658 3472 1899 3527 sancitis
1923 3473 2120 3544 adapt:

2288 3462 2497 3537 διαϐολῇ
2528 3474 2616 3517 τοῦ
2662 3472 2820 3537 νόμου
2851 3471 2927 3529 τὸ,
2965 3489 2987 3517 ι(
3016 3468 3071 3520 Ἠ
3104 3471 3267 3543 χάρις
3298 3466 3355 3521 δε
3402 3475 3493 3521 καὶ
3546 3472 3778 3530 ἀλήθεια
3820 3472 3898 3541 δι,

512 3561 685 3615 batur
715 3559 733 3631 (
762 3558 1083 3613 Heracleon
1112 3559 1192 3614 ita
1232 3558 1467 3622 diceret,
1514 3565 1569 3615 et
1599 3560 1969 3616 Heracleonis
1998 3562 2099 3617 ﬁlii

2291 3557 2457 3612 Ἰησοῦ
2526 3563 2755 3629 Χριστοῦ
2831 3555 3045 3627 ἐγένετο,
3100 3578 3127 3608 »
3206 3566 3314 3619 τοῖς
3381 3559 3747 3630 εὖαγγελικοῐς
3825 3568 3901 3617 θε-

515 3647 621 3704 sed
655 3648 919 3719 profecto
962 3648 1154 3716 magis
1184 3647 1471 3703 illustrem
1494 3654 1547 3702 et
1576 3649 1897 3718 perfectam
1940 3652 2125 3706 Domi:

2288 3652 2435 3715 σμοῖς
2484 3649 2830 3716 περιήρμοσεν
2880 3645 3189 3719 (Ἡρακλέων
3240 3650 3339 3720 γὰρ
3391 3646 3449 3698 ἂν
3505 3650 3679 3713 οὕτως
3741 3657 3898 3723 εἴποι,

516 3735 1025 3809 magniﬁcentiam
1051 3737 1363 3791 ostendere
1380 3736 1587 3792 volens
1604 3753 1787 3810 quam
1810 3738 2017 3794 habuit
2057 3740 2126 3796 Le

2289 3738 2368 3783 καὶ
2417 3736 2465 3784 οἰ
2517 3730 2699 3793 παῖδες
2741 3734 3130 3807 Ἡρακλέωνος),
3187 3734 3292 3786 ἀλλ’
3349 3736 3747 3811 ἐπισημοτέραν
3804 3741 3899 3797 δη-

516 3842 623 3899 per
648 3829 888 3897 Moysen
933 3825 1092 3890 data,
1136 3826 1394 3895 generali
1427 3826 1522 3880 illo
1572 3827 1815 3882 nomine
1849 3829 2076 3885 Gratiae
2114 3847 2126 3883 ‹

2289 3822 2446 3873 λονότι
2496 3827 2583 3873 καὶ
2638 3822 2944 3897 τελειοτέραν
2995 3828 3086 3881 τὴν
3135 3832 3225 3875 τοῦ
3274 3828 3534 3877 Δεσπότου
3594 3829 3899 3902 φιλοτιμίαν

516 3916 781 3973 veritatis
829 3915 1180 3986 complexus
1223 3920 1328 3971 est.
1373 3916 1525 3981 Quin
1557 3921 1613 3972 et
1670 3916 1913 3971 divinus
1951 3918 2126 3974 Paulu

2288 3918 2376 3972 τῆς
2434 3918 2721 3972 Μωσαῐκῆς
2771 3914 3076 3983 νομοθεσίας
3148 3922 3491 3987 παραστῆσαι
3548 3916 3898 3991 βουλόμενος,

515 4021 653 4060 cum
675 4004 841 4070 dixit,
872 4022 899 4053 α
949 4004 1232 4060 Umbram
1273 4005 1500 4060 habens
1548 4004 1641 4060 lex
1686 4005 2021 4062 futurorum
2062 4008 2125 4065 bc

2292 4007 2374 4061 τῆς
2429 4002 2654 4072 χάριτος
2713 4001 2874 4058 αὐτὴν
2946 4008 3034 4053 καὶ
3107 4001 3349 4064 ἀληθείας
3398 4012 3460 4076 τῇ
3519 4016 3670 4079 κοινῇ
3736 4030 3902 4082 προσ-

516 4109 754 4158 norum,
780 4108 901 4148 non
931 4093 1126 4165 ipsam
1153 4094 1475 4161 imaginem
1515 4110 1736 4159 rerum,
1766 4115 1794 4146 »
1844 4095 2037 4167 legem
2082 4101 2126 4168 ι)

2289 4094 2472 4161 ηγορίᾳ
2505 4088 2816 4155 περιέλαϐεν.
2849 4089 3004 4141 Ἀλλὰ
3048 4096 3133 4143 καὶ
3184 4092 3378 4152 Παῦλος
3423 4094 3447 4143 ό
3486 4096 3647 4161 θεῖος,
3684 4118 3715 4148 ιι
3748 4105 3899 4151 Saucia

511 4199 658 4256 pum
691 4188 747 4237 et
774 4182 1097 4252 imaginem
1131 4199 1262 4238 esse
1317 4183 1649 4238 futurorum
1690 4184 2009 4249 bonorum,
2050 4202 2121 4241 no

2291 4180 2417 4248 ἔχων
2464 4180 2672 4249 όνόμος
2715 4186 2811 4229 τῶν
2860 4178 3138 4249 μελλόντων
3188 4181 3415 4252 ἀγαθῶν,
3456 4182 3552 4233 οῦκ
3587 4186 3761 4244 αὐτὴν
3810 4196 3901 4246 τὴν

513 4270 863 4343 praedicavit
906 4289 918 4338 ;
952 4270 1057 4326 sed
1087 4272 1381 4343 imprimis
1412 4288 1518 4343 per
1562 4273 1881 4329 verborum
1930 4274 2123 4330 illorul

2290 4267 2452 4318 εἰκόνα
2496 4276 2593 4318 τῶν
2641 4270 2983 4339 πραγμάτων,
3022 4290 3044 4319 ι)
3084 4268 3504 4341 ἀποφαινόμενος,
3555 4274 3618 4324 οὐ
3663 4283 3724 4327 τό
3774 4278 3900 4329 εἶναι

512 4363 803 4422 tenorem,
852 4359 1066 4415 docere
1116 4360 1301 4416 voluit
1337 4360 1533 4432 potius
1574 4362 1837 4432 gratiam,
1871 4378 2058 4434 quam
2087 4363 2122 4418 lt

2289 4359 2366 4406 τόν
2413 4360 2563 4427 νόμον
2591 4359 2749 4407 τύπον
2798 4362 2887 4409 καὶ
2940 4357 3110 4409 εἰκόνα
3166 4367 3264 4410 τὼν
3322 4359 3607 4430 μελλόντων
3661 4363 3899 4436 ἀγαθῶν,

514 4464 672 4521 gem,
722 4447 1020 4504 bonorum
1071 4450 1407 4504 futurorum
1455 4449 1796 4506 fruitionem
1844 4467 2124 4523 repraeser

2293 4444 2598 4520 Ξιπεκήρυξεν
2632 4467 2644 4478 ·
2698 4445 2825 4497 ἀλλὰ
2868 4443 2959 4499 διὰ
3015 4456 3110 4498 τῶν
3157 4449 3402 4521 ῥημάτων
3460 4455 3663 4504 τούτων
3717 4454 3903 4509 ἔνεδεί·

514 4541 655 4593 tare,
2285 4534 2428 4601 ξατο,
2460 4534 2649 4606 μᾶλλον
2693 4539 2785 4592 τὴν
2833 4538 2993 4608 χάριν
3045 4538 3073 4594 ᾖ
3124 4541 3209 4588 τόν
3252 4542 3426 4609 νόμον,
3460 4549 3559 4591 τῶν
3606 4543 3905 4614 μελλόντων

2284 4622 2489 4694 ἀγαθῶν
2517 4623 2782 4687 εἰκονίζειν
2813 4629 2905 4682 τὴν
2934 4624 3241 4681 ἀπόλαυσιν.

590 4702 738 4792 Quin
769 4707 826 4759 et
879 4702 1232 4759 decantatus
1262 4704 1321 4760 in
1369 4704 1739 4777 explicandis
1792 4712 1847 4763 et
1886 4708 2172 4765 docendis

2353 4717 2456 4764 Ναὶ
2503 4708 2569 4770 δὴ
2618 4715 2761 4764 καὶὸ
2790 4713 2943 4773 πολὺς
2980 4713 3026 4765 ἐν
3066 4723 3127 4787 τῇ
3165 4724 3259 4767 τῶν
3307 4718 3451 4769 θείων
3498 4724 3720 4792 Γραφῶν
3778 4723 3904 4776 ἀνα-

517 4791 736 4847 divinis
762 4792 1301 4857 Litteris,Joannes
1346 4793 1830 4867 Chrysostomus,
1885 4797 2126 4855 multisi

2291 4803 2461 4864 πτύξει
2538 4806 2627 4854 καὶ
2699 4798 3026 4875 διδασκαλίᾳ
3098 4804 3334 4867 Ἰωάννης
3400 4808 3425 4857 ό
3484 4814 3901 4886 Χρυσόστομας.

516 4880 658 4937 locis
684 4881 798 4937 hac
846 4881 1043 4951 ﬁgura
1080 4882 1353 4937 dictionis
1411 4900 1553 4938 usus
1603 4900 1734 4940 esse
1788 4889 2126 4956 agnoscitur

2296 4890 2550 4963 τολλαχοῦ
2601 4895 2918 4963 κεχρημένος
2963 4902 3035 4963 τῷ
3085 4898 3299 4965 τοιούτῳ
3349 4900 3599 4967 σχήματι
3657 4910 3763 4952 τῶν
3826 4906 3906 4956 16-

516 4969 720 5025 Divina
737 4970 982 5026 oracula
999 4971 1446 5027 commentariis
1462 4971 1813 5044 explanans,
1832 4980 1887 5030 et
1900 4976 2126 5046 lingua:

2292 5001 2384 5051 νων
2461 4977 2746 5034 δείκνυται.
2813 4983 2945 5043 Τοὺς
3018 4985 3119 5055 γὰρ
3198 4985 3365 5045 θείους
3440 4986 3902 5061 ὑπομνηματίζω,

513 5056 575 5111 in
592 5056 665 5112 iis
696 5058 1024 5114 enodandis
1049 5059 1364 5127 adhibens,
1389 5076 1527 5133 quae
1549 5077 1687 5118 cum
1710 5063 2037 5121 Nicodemo
2060 5066 2123 5121 di:

2296 5072 2585 5141 χρησμοὺς,
2632 5074 2721 5122 καὶ
2777 5069 2844 5131 εἰς
2890 5073 2955 5122 τὰ
2997 5075 3121 5144 πρὸς
3162 5076 3248 5124 τὸν
3293 5070 3599 5147 Νικόδημον
3651 5080 3906 5154 εἰρημένα

547 5239 557 5253 ⁸
606 5245 839 5301 “Joan.
874 5262 909 5311 ι,
944 5252 1023 5301 16.
1066 5250 1113 5283 ⁸⁸
1138 5248 1281 5303 ibid.
1320 5251 1403 5304 17.

1865 5390 2109 5446 νΑΒιλΕ
2140 5392 2426 5450 LECTION
2434 5395 2533 5449 ES.

585 5502 612 5543 ἀ
635 5512 905 5575 τεχνικῆς.
982 5518 1009 5550 ο
1041 5508 1119 5563 ἵσ.
1162 5508 1398 5584 θατέροις.
