4026 6196
178 310 294 371 985

972 307 1066 363 AD
1105 301 1660 364 AMPHILOCHIUM
1700 299 2032 370 QUIESI'IO
2076 305 2331 373 CCXVII,
2375 305 2661 366 CCXVIII.

3441 309 3550 367 986

180 446 258 510 τῷ
315 439 570 508 Δεσπότη,
623 438 714 493 τὴν
768 440 863 496 τῆς
922 433 1184 509 ἑρμηνείας
1256 433 1488 505 γλῶτταν
1560 431 1788 504 ἐπαφεὶς,

1902 432 2134 489 serebat
2165 435 2454 501 Servator,
2490 450 2920 508 sermonesque
2965 451 3168 493 serens
3223 437 3299 493 de
3359 437 3552 510 bapti-

180 532 272 580 καὶ
317 530 434 598 περὶ
495 533 592 586 τῆς
658 520 752 576 διὰ
815 531 908 574 τοῦ
979 522 1351 596 βαπτίσματος
1408 521 1788 592 ἀναγεννήσεως

180 622 278 669 καὶ
326 624 415 675 τῆς
460 612 698 686 ἀχρόνως
729 611 784 664 ἐκ
828 615 1032 684 Πατρός
1069 620 1161 664 τοῦ
1216 614 1338 664 Tim)
1387 616 1674 682 γεννήσεως
1703 612 1788 660 τόν

181 711 359 776 Λόγον
407 712 578 767 κινῶν,
632 722 660 753 ι(
707 703 768 753 Εἰ
805 703 908 774 γάρ
956 706 1046 754 καὶ
1076 701 1232 766 αὐτὴ,
1266 708 1446 773 φησιν,
1486 701 1516 757 ἠ
1549 704 1786 771 γέννησις

179 796 510 866 ἐπουράνιοςσ
569 790 696 843 ἀλλὰ
751 795 877 864 πρός
934 789 1128 848 ἐκείνην
1191 789 1616 864 παραϐαλλομένη
1694 791 1786 846 τὴν

180 882 380 947 ἀληθῆ,
435 885 520 933 καὶ
564 879 618 932 ἐκ
669 888 764 940 τῆς
806 887 900 931 τοῦ
949 882 1147 951 Πατρός
1196 879 1400 941 οὐσίας,
1456 876 1704 948 ἐπίγειος.
1756 895 1783 928 ››

178 973 423 1033 ’Δκούεις
475 972 612 1029 ὅπως
664 972 793 1042 πρός
841 967 1035 1026 ἐκείνην
1105 973 1236 1040 φησί
1310 973 1404 1026 τὴν
1477 965 1668 1024 ἀληθῆ,
1722 970 1786 1018 Τί

178 1058 273 1114 οὖν
307 1078 322 1127 ;
355 1062 384 1118 ἠ
435 1057 528 1112 διὰ
555 1066 646 1111 τοῦ
679 1056 1050 1129 βαπτίσματος
1094 1058 1187 1109 οὐκ
1216 1060 1357 1109 ἔστιν
1407 1056 1605 1116 ἀληθής
1640 1071 1654 1121 ;
1695 1058 1785 1106 καὶ

179 1156 263 1210 τίς
313 1151 396 1216 οἷν,
453 1149 495 1201 εἰ
550 1152 621 1219 μὴ
677 1156 774 1199 τῶν
835 1143 1043 1221 σφόδρα
1093 1150 1408 1218 μαινομένων
1473 1148 1574 1212 εἴη,
1633 1151 1784 1196 τούτο

177 1242 343 1312 φάναι
398 1237 718 1310 τολμήσειε;
779 1243 891 1296 Πῶς
939 1232 1026 1288 οὖν
1103 1235 1290 1296 ἐκεῖνος
1355 1237 1470 1306 ἔφη,
1552 1254 1579 1284 ‹‹
1649 1236 1784 1306 Πρός

175 1327 381 1384 ἐκείνην
451 1331 545 1384 τὴν
617 1324 890 1394 ἀληθῆ;››
950 1329 1007 1377 τό
1074 1325 1390 1399 ὑψηλότερον
1449 1323 1643 1383 ἐκείνης
1696 1327 1786 1373 καὶ

180 1419 616 1491 θαυμασιώτερον
668 1414 914 1487 ἐξυμνῶν,
985 1415 1043 1466 ού
1118 1417 1313 1471 ταύτην
1379 1421 1468 1472 τῆς
1544 1410 1786 1470 ἀληθείας

177 1504 508 1580 ἀποστερῶν.
568 1509 666 1558 Καὶ
720 1508 772 1556 τί
828 1499 887 1554 δὲ
944 1507 1095 1555 τοῦτό
1153 1519 1332 1575 φημι;
1387 1503 1544 1553 ἄκουε
1597 1499 1785 1572 μᾶλλον

176 1595 344 1646 αὐτόν
382 1597 448 1646 τὰ
497 1593 633 1646 ἀύτά
661 1592 795 1665 ἐμοὶ,
827 1591 887 1644 ού
918 1600 1027 1653 τοίς
1055 1597 1284 1662 νοήμασι
1312 1596 1485 1662 μόνον,
1534 1588 1661 1640 ἀλλά
1697 1594 1785 1641 καὶ

176 1684 366 1744 αὐτοῖς
391 1690 495 1743 τοῖς
526 1683 730 1756 ῥήμασι
776 1683 1250 1754 σνμφθεγγόμενον,
1291 1684 1380 1732 καὶ
1420 1683 1512 1738 τὴν
1539 1681 1784 1736 τοιαύτην

175 1782 284 1825 τῶν
343 1772 505 1842 λόγων
559 1781 760 1846 χρῆσιν
816 1773 958 1843 ἡμῖν,
1012 1768 1105 1821 κάν
1175 1776 1285 1829 τοῖς
1357 1777 1446 1821 τοῦ
1525 1773 1784 1820 Δεσπότου

175 1864 420 1936 ῥήμασιν
469 1859 784 1932 ἐγκειμένην,
857 1856 1288 1914 ύποδεικνύοντα.
1358 1865 1460 1910 Τοῦ
1518 1861 1619 1929 γὰρ
1689 1865 1788 1910 Σω-

176 1959 342 2024 τῆρος
420 1957 525 2010 τοῖς
608 1946 890 2010 Ἰουδαίοις
966 1947 1191 2008 εἰπόντος
1261 1953 1377 2019 περὶ
1433 1955 1524 1999 τοῦ
1599 1947 1786 2018 μάννα,

176 2043 250 2102 ὡς
291 2063 318 2088 ιε
355 2039 499 2110 Οὐχὶ
548 2046 745 2100 Μωσῆς
803 2035 1030 2090 δέδωκεν
1083 2039 1203 2109 ὑμῖν
1247 2040 1334 2088 τόν
1379 2038 1554 2110 ἄρτον,
1606 2034 1712 2086 ἀλλ’
1763 2036 1788 2086 ὁ

181 2132 372 2189 Πατήρ
403 2146 504 2199 μου
540 2123 766 2179 δίδωσιν
798 2128 918 2198 ὑμῖν
947 2129 1035 2177 τόν
1076 2125 1314 2182 ἀληθινὸν
1358 2126 1535 2200 ἄρτον,
1572 2147 1596 2171 η
1642 2123 1789 2183 αὐτὸς

176 2221 272 2270 τόν
344 2224 462 2268 νοῦν
511 2213 857 2268 ἀναπτύσσων
907 2221 992 2266 τόν
1055 2217 1387 2283 Δεοποτικόν,
1451 2214 1586 2265 οὕτω
1635 2217 1786 2284 φησί⁸

177 2305 378 2378 Ἀρτον
434 2301 492 2358 δι
547 2303 786 2362 ἀληθινὸν
821 2304 982 2368 καλεῖ,
1021 2304 1116 2355 οὐκ
1155 2299 1334 2361 ἐπειδὴ
1387 2299 1574 2374 ψευδὲς
1625 2299 1684 2359 ἧν
1733 2305 1790 2353 τό

181 2397 387 2466 θαῦμα,
439 2398 494 2446 τό
553 2393 637 2446 ἰπὶ
684 2401 775 2446 τοῦ
832 2395 1017 2465 μάννα”
1071 2391 1178 2444 ἀλλ’
1226 2394 1306 2445 ὅτι
1358 2395 1518 2452 τύπος
1579 2387 1659 2454 ἦν,
1699 2390 1792 2442 ούκ

179 2483 555 2541 οιύτοοιλήθεια⁸
616 2487 707 2534 καὶ
756 2487 924 2556 μυρία
973 2482 1120 2534 ἄλλα.
1179 2482 1332 2535 Ἀλλά
1383 2487 1434 2534 τί
1495 2484 1581 2532 τόν
1649 2477 1794 2532 δεῖνα

178 2575 434 2646 μάρτυρα
481 2577 511 2630 ἦ
565 2575 652 2624 τόν
701 2568 846 2623 δεῖνα
898 2571 1069 2638 καλώ;
1108 2578 1294 2632 Κοινῶς
1334 2571 1553 2632 οἷπαντες
1585 2575 1673 2621 καὶ
1699 2579 1792 2631 τῆς

183 2661 508 2722 ἐκκλησίας
559 2664 608 2714 οἱ
656 2666 921 2734 τρόφιμοι,
963 2665 1051 2712 καὶ
1089 2669 1188 2712 τῶν
1240 2661 1456 2734 θύραθεν
1519 2661 1568 2711 οἱ
1613 2658 1793 2730 λογιώ-

180 2773 359 2818 τατοι,
387 2752 520 2811 πλὴν
567 2760 666 2804 τῶν
717 2752 1233 2823 Εἱκονομαχούντων,
1288 2753 1357 2813 ὡς
1395 2753 1545 2820 ἔοικε,
1599 2752 1792 2807 ταύτην

181 2851 279 2895 τοῦ
327 2842 486 2912 λόγου
540 2846 634 2900 τὴν
692 2850 892 2914 χρῆσιν
941 2844 1363 2893 συνεπίστανταιο
1411 2845 1501 2890 καὶ
1542 2843 1792 2909 γέμουσιν

183 2935 238 2985 αἱ
282 2930 464 3004 βίϐλοι
513 2933 571 2983 τό
627 2938 830 2983 τοιοῦτο
887 2939 986 2982 τῶν
1038 2929 1202 3001 λόγων
1261 2925 1476 3000 ἰδίωμα.
1535 2927 1618 2988 Ὠς
1669 2926 1793 2979 ἐπὰν

177 3019 289 3074 ὦσι
341 3017 441 3073 δύο
488 3022 624 3083 τινὰ,
665 3023 695 3078 ἤ
726 3025 816 3072 καὶ
847 3019 1050 3072 πλείονα
1094 3019 1211 3072 καθ’
1243 3020 1563 3091 ὁμωνυμίαν,
1604 3018 1633 3076 ἦ
1676 3016 1793 3068 καθ’

1899 525 2090 577 smate
2118 524 2610 594 regenerationis,
2645 531 2700 582 et
2726 525 3109 594 generatione
3135 541 3319 598 supra
3334 530 3391 582 et
3424 527 3553 584 sine

1899 615 2186 683 tempore,
2219 612 2343 668 Filii
2371 630 2408 669 a
2439 615 2628 682 Patre,
2665 635 2688 666 ε
2729 617 3058 687 Utcunque,
3092 614 3193 679 ait,
3215 615 3343 671 haec
3374 630 3553 686 gene-

1896 700 2047 756 ratio
2073 701 2326 758 coelestis
2352 703 2443 768 sit,
2476 719 2613 759 cum
2649 703 2746 760 illa
2775 709 2974 760 tamen
3005 719 3147 760 vera
3172 705 3553 774 generatione

1895 789 2130 855 collata,
2153 807 2288 864 quae
2319 791 2392 847 de
2415 798 2666 864 paterna
2685 794 2941 850 essentia
2955 799 3061 858 est,
3084 799 3316 849 terrena
3348 793 3549 865 potius

1894 879 2250 935 censebitur.
2293 903 2322 930 »
2355 881 2560 947 Audis,
2586 887 2647 938 ut
2711 882 2888 946 dicat,
2936 887 3210 954 respectu
3274 881 3353 938 ad
3384 882 3549 939 illam

1893 983 2100 1024 veram
2124 968 2349 1026 habito.
2381 971 2534 1026 Num
2557 987 2678 1027 non
2709 987 2850 1042 ergo
2892 988 2990 1044 per
3034 971 3345 1044 baptisma
3405 987 3549 1028 vera

1893 1062 1982 1112 est
2034 1061 2405 1128 regeneratio
2435 1062 2462 1115 ‘I
2501 1062 2643 1126 Quis
2674 1061 2785 1116 nisi
2825 1077 3064 1116 summa
3094 1062 3331 1117 insania
3358 1062 3542 1133 perci-

1894 1152 2010 1214 tus,
2061 1147 2216 1204 dicet
2243 1148 2372 1204 ita?
2401 1149 2713 1214 Quomodo
2751 1165 2893 1222 ergo
2923 1149 3071 1205 dixit
3115 1149 3232 1212 ille.
3269 1171 3293 1201 ε
3327 1150 3548 1207 Collata

1893 1237 2144 1292 cumilla
2158 1254 2296 1293 vera
2315 1237 2342 1292 ?
2369 1259 2397 1290 »
2420 1253 2637 1310 nempe
2662 1238 2840 1308 hujus
2863 1238 3290 1295 sublimitatem
3315 1239 3549 1303 laudat,

1893 1325 2245 1393 admiratur,
2277 1343 2388 1382 nec
2426 1334 2624 1382 tamen
2655 1326 2811 1383 hanc
2861 1328 3048 1398 privat
3105 1328 3368 1384 veritate.
3402 1326 3552 1392 Quid

1893 1430 2049 1486 opus
2080 1421 2168 1470 est
2197 1415 2276 1472 ita
2301 1413 2578 1484 colligam
2598 1416 2626 1470 ?
2650 1415 2862 1470 Attend
2897 1417 3091 1470 eenim
3121 1416 3318 1486 potius
3347 1415 3550 1488 utipse

1893 1503 2332 1570 remeamdem,
2363 1519 2478 1558 non
2499 1519 2680 1558 sensu
2694 1503 2842 1567 solo,
2872 1503 2978 1558 sed
2993 1503 3553 1576 verbisipsissimis,

1895 1607 2019 1648 una
2043 1593 2299 1648 concinit
2331 1608 2588 1657 mecum,
2622 1597 2676 1649 et
2695 1592 2955 1649 ostendit
2994 1592 3161 1649 illum
3201 1593 3399 1664 ipsum
3441 1609 3556 1649 ser-

1897 1697 2144 1738 monum
2181 1699 2358 1737 usum
2385 1681 2445 1736 in
2473 1682 2707 1737 Domini
2738 1681 2923 1738 nostri
2959 1682 3150 1737 verbis
3179 1682 3553 1738 insidentem.

1819 1781 1864 1837 B
1896 1774 2042 1827 Nam
2091 1787 2224 1827 cum
2255 1771 2328 1826 de
2369 1787 2593 1828 manna
2620 1771 2843 1827 Iudaeis
2885 1771 2970 1826 sic
3002 1771 3340 1842 prolocutus
3399 1772 3557 1827 Chri-

1897 1868 2023 1916 stus
2062 1866 2262 1916 esset:
2311 1863 2526 1917 «Moses
2576 1877 2693 1916 non
2736 1859 2898 1916 dedit
2940 1860 3111 1917 vobis
3161 1876 3391 1933 panem,
3449 1863 3556 1917 sed

1896 1951 2064 2007 Pater
2085 1967 2254 2006 meus
2282 1950 2453 2006 vobis
2479 1950 2582 2006 dat
2607 1966 2816 2006 verum
2845 1966 3066 2022 panem
3099 1953 3142 1986 στ
3172 1966 3187 2016 ;
3220 1973 3240 2000 ι
3272 1950 3368 2005 ille
3398 1965 3555 2006 mor-

1897 2045 2015 2096 tem
2051 2039 2284 2096 Domini
2322 2039 2666 2105 enucleans,
2692 2040 2790 2096 ait.
2825 2043 3046 2096 Panem
3072 2045 3272 2096 autem
3287 2039 3554 2112 appellat

1898 2130 1993 2185 hic
2024 2145 2250 2194 verum,
2275 2143 2397 2184 non
2413 2128 2578 2200 quod
2601 2127 2816 2184 falsum
2843 2135 2969 2185 erat
2997 2127 3141 2184 illud
3168 2127 3545 2194 miraculum,

1898 2218 2062 2290 quod
2085 2219 2145 2273 in
2173 2233 2398 2274 manna
2437 2218 2724 2274 edebatur
2750 2234 2764 2284 ;
2790 2217 2895 2272 sed
2915 2217 3080 2290 quod
3105 2216 3301 2288 ﬁgura
3321 2221 3467 2278 erat,
3495 2221 3553 2274 et

1901 2325 2020 2364 non
2060 2307 2190 2379 ipsa
2221 2307 2303 2362 rei
2342 2306 2554 2363 veritas
2597 2323 2610 2361 :
2648 2310 2788 2362 sunt
2818 2311 2874 2362 et
2901 2311 3175 2362 sexcenta
3218 2305 3335 2362 alia
3359 2305 3554 2361 istius-

1903 2397 2084 2453 modi.
2102 2396 2217 2452 Sed
2237 2411 2529 2469 quorsum
2551 2395 2710 2450 hunc
2728 2395 2996 2451 velillum
3024 2410 3137 2465 ego
3167 2400 3377 2451 testem
3397 2394 3556 2450 cito?

1901 2485 2231 2556 generatim
2271 2500 2501 2550 omnes,
2529 2499 2667 2539 cum
2693 2483 2962 2539 Ecclesia:
2983 2483 3228 2547 alumni,
3253 2489 3382 2538 tum
3406 2487 3558 2538 exte-

1901 2591 2107 2630 rorum
2133 2573 2481 2638 doctissimi,
2498 2573 2642 2630 solis
2666 2574 2930 2645 exceptis
2949 2573 3371 2637 Iconomachis,
3401 2574 3563 2628 hunc

1902 2664 2066 2720 verbi
2109 2681 2304 2728 usum,
2355 2667 2420 2718 ut
2466 2662 2716 2732 videtur,
2759 2668 3096 2732 agnoscunt
3153 2679 3164 2718 :
3223 2668 3281 2719 et
3335 2665 3565 2718 scatent

1903 2754 2119 2824 passim
2145 2753 2280 2809 libri
2309 2752 2647 2808 istiusmodi
2687 2752 3003 2808 verborum
3046 2750 3510 2823 proprietatibus
3544 2767 3559 2803 :

1905 2849 1967 2900 ut
1993 2849 2156 2915 puta,
2190 2859 2326 2898 cum
2365 2842 2488 2898 duo
2513 2841 2796 2914 quaedam
2836 2847 2938 2897 aut
2969 2841 3145 2898 etiam
3194 2841 3366 2912 plura
3397 2844 3558 2905 sunt,

1901 2949 2039 3004 qua:
2058 2948 2160 3003 per
2175 2932 2634 3003 homonymiam
2648 2935 2750 2985 aut
2765 2929 2950 2986 alium
2967 2929 3294 3001 quemdam
3310 2927 3560 2984 modum

1903 3021 2198 3085 dicuntur,
2223 3021 2496 3076 eamdem
2528 3019 2833 3075 attrahunt
2859 3020 2936 3074 ad
2977 3034 3039 3073 se
3069 3016 3556 3089 appellationem,

177 3112 362 3185 ἕτερόν
409 3128 525 3161 τινα
572 3114 781 3181 τρόπον,
836 3113 931 3168 τὴν
971 3111 1130 3166 αὐτὴν
1172 3107 1356 3166 κλῆσιν
1403 3105 1724 3179 ἐφελκόμενα,
1761 3105 1790 3164 ἦ

1905 3110 1994 3166 vel
2007 3109 2123 3166 alio
2139 3108 2344 3180 aliquo
2358 3107 2558 3172 modo,
2578 3123 2716 3162 cum
2741 3106 3285 3162 communicatione
3308 3105 3556 3160 idioma-

177 3205 274 3252 καὶ
330 3197 494 3258 ἄλλως
542 3197 592 3249 ἓν
631 3217 742 3249 τισι
785 3201 1078 3259 κοινωνίαις
1111 3193 1410 3268 ἰδιωμάτων
1439 3197 1792 3266 τυγχάνοντα·

177 3292 351 3348 ἡνίκα
399 3307 474 3348 τις
511 3293 627 3360 περὶ
665 3295 757 3340 τοῦ
804 3286 852 3338 ἓν
894 3287 1068 3348 αὐτοῖς
1125 3287 1462 3360 ὑπερέχοντος
1509 3289 1596 3337 τόν
1647 3283 1795 3356 λόγον

178 3378 529 3434 ποιήσασθαι
577 3375 837 3448 βουληθῇ,
891 3378 956 3428 τά
989 3382 1130 3447 κοινῇ
1183 3379 1448 3448 προσόντα
1493 3379 1648 3439 πᾶσι,
1680 3375 1796 3425 κατ’

179 3465 455 3540 ἐξαίρετον
512 3465 685 3537 ἐκείνῳ
737 3467 898 3539 φέρων
965 3460 1210 3516 δίδωσιν·
1278 3462 1403 3534 οὐχὶ
1479 3472 1576 3515 τῶν
1633 3463 1795 3514 ἄλλων

180 3557 331 3608 αὐτά
374 3554 634 3616 παντελῶς
693 3553 1080 3628 ἀφαιρούμενος,
1139 3551 1266 3604 ἀλλά
1327 3549 1420 3604 διὰ
1471 3555 1654 3605 τούτου
1709 3557 1795 3610 τὴν

181 3655 284 3698 τοῦ
346 3647 684 3718 προκειμένου
735 3645 1003 3716 ὑπεροχὴν
1056 3647 1181 3717 πρός
1218 3645 1284 3693 τὰ
1336 3641 1491 3693 λοιπά
1544 3638 1796 3693 bduva-

182 3751 388 3807 μενος.’
443 3739 653 3784 καὶτοῦ
695 3732 852 3804 λόγου
892 3730 1099 3804 ἀρκέσει
1128 3727 1468 3805 παράδειγμα
1510 3732 1593 3798 τὰ,
1626 3729 1792 3801 οἶμαι,

182 3825 221 3876 οἱ
292 3826 627 3896 προείρηται.
682 3821 740 3874 Εἰ
789 3817 848 3874 δὲ
899 3824 987 3872 καὶ
1041 3820 1221 3891 ἑτέρων
1268 3817 1446 3891 βούλει
1485 3819 1792 3892 παράθεσιν.

184 3913 349 3971 αὐτὸς
407 3912 543 3962 κατά
600 3913 811 3962 σεαυτόν
884 3912 950 3961 τὰ
1025 3906 1211 3980 βιϐλία
1268 3905 1624 3980 διερχόμενος,
1677 3906 1796 3964 ὅλην

182 4000 510 4074 ἀπαρτίσεις
566 3997 746 4070 βίϐλον
802 4007 902 4050 τῶν
953 4000 1200 4050 τοιούτων
1243 4000 1488 4068 χρήσεων
1519 3999 1585 4048 τά
1629 4015 1799 4068 παραυ

187 4087 465 4162 δείγματα
493 4085 895 4162 ἕγγραφόμενος.

753 4181 1065 4231 armum:
1108 4173 1254 4232 ml’.

1905 3205 2021 3256 tum
2063 3197 2451 3264 adhibentur;
2479 3196 2583 3267 qui
2603 3209 2933 3250 sermonem
2963 3193 3297 3250 instituitde
3324 3191 3560 3265 praecel-

1904 3287 2153 3353 lentiori,
2195 3285 2298 3342 illa
2324 3301 2459 3358 qum
2489 3284 2876 3341 communiter
2913 3282 2992 3338 ad
3029 3282 3233 3338 omnia
3264 3285 3556 3354 spectant,

1906 3395 2012 3450 per
2040 3391 2353 3459 excessum
2394 3373 2584 3428 eidem
2606 3369 3126 3428 accommodando
3155 3370 3362 3426 tribuit
3387 3388 3406 3441 ;
3452 3385 3564 3426 nec

1906 3467 1986 3524 ab
2033 3466 2159 3522 aliis
2189 3457 2422 3520 interim
2460 3461 2561 3518 illa
2604 3460 2814 3524 aufert,
2845 3460 2949 3515 sed
2976 3475 3081 3532 per
3127 3458 3273 3514 illud
3326 3457 3565 3529 allegati

1905 3555 2308 3614 excellentiam
2337 3567 2514 3624 super
2543 3554 2755 3606 caetera
2791 3549 3078 3606 declarat.
3121 3548 3367 3620 Opinor,
3397 3548 3565 3621 quod

1907 3648 2155 3704 allatum
2178 3648 2270 3699 est
2294 3639 2658 3712 exemplum,
2689 3637 2926 3704 sufﬁcit,
2945 3637 3112 3712 quod
3134 3637 3290 3704 dico,
3319 3637 3566 3694 demon-

1906 3742 2113 3794 strare.
2174 3734 2276 3790 Sin
2328 3737 2383 3788 et
2433 3730 2546 3787 alia
2582 3745 2822 3802 quoque
2861 3727 3196 3799 adjicienda
3246 3727 3564 3794 desideres,

1905 3827 2031 3900 ipse
2052 3841 2157 3898 per
2182 3827 2363 3880 temet
2391 3820 2555 3876 solus
2592 3835 2764 3875 sacra
2800 3818 2984 3873 Biblia
3018 3832 3316 3889 percurre,
3349 3821 3406 3873 et
3430 3831 3566 3873 coa-

1907 3915 2180 3974 cervabis
2227 3917 2309 3969 tot
2337 3908 2612 3980 exempla
2663 3906 2832 3964 istius
2863 3923 3033 3972 usus,
3089 3921 3227 3978 quas
3265 3905 3560 3963 conficere

1906 4009 2190 4065 volumen
2249 4005 2494 4075 queant.

1981 4163 2304 4234 QUx‘ESTlO
2324 4159 2570 4218 CCXVIII
2599 4157 2786 4229 [CoisL
2807 4155 3032 4226 CLXIII,
3056 4154 3230 4212 Taur.
3259 4153 3489 4210 CLXIII.

862 4301 1015 4352 Edita
1040 4317 1070 4350 a
1101 4301 1427 4350 Montacutio
1458 4301 1561 4364 (ep.
1591 4299 1656 4350 ad
1681 4295 2018 4363 Amphiloch.
2040 4307 2092 4357 p.
2127 4288 2379 4350 490-193).
2409 4312 2473 4323 —
2493 4284 2648 4334 Joan.
2680 4295 2768 4340 xx,
2803 4282 2881 4330 17.

263 4441 434 4514 Ὅπερ
481 4443 730 4511 Χριστός,
781 4438 807 4488 ό
851 4439 980 4498 Θεός
1013 4439 1178 4508 ἡμῶν,
1220 4443 1282 4508 τῇ
1326 4430 1652 4507 Μαγδαληνῇ
1689 4442 1792 4488 Μα-

1989 4426 2158 4495 Quod
2210 4423 2484 4484 Christus
2539 4421 2690 4475 Deus
2751 4420 2951 4472 noster
2988 4415 3177 4472 Mariae
3207 4411 3568 4514 Magdalenm

182 4539 307 4606 ρίᾳ,
340 4531 637 4601 προσιούσῃ
707 4531 857 4599 φησὶ,
910 4547 933 4576 ε
986 4531 1070 4584 Μή
1128 4545 1228 4598 μου
1277 4527 1462 4577 οῖπτου·
1506 4527 1649 4576 οὔπω
1701 4528 1802 4598 γὰρ

182 4618 500 4675 ἀναϐέϐηκα
540 4620 666 4690 πρός
719 4619 803 4668 τὸν
856 4619 1062 4687 Πατέρα
1111 4634 1232 4686 μου,
1282 4635 1308 4663 ››
1371 4609 1514 4665 δοκεί
1543 4617 1632 4684 μέν
1695 4633 1805 4675 πως

183 4707 330 4764 εἶναι
373 4703 760 4778 δυσθεώρητον.
808 4708 871 4756 Τί
927 4700 1028 4770 di;
1075 4697 1177 4775 ἀρα
1221 4704 1320 4776 γάρ
1367 4703 1499 4773 μετὰ
1532 4705 1626 4758 τὴν
1673 4704 1804 4773 πρὸς

181 4803 284 4852 τὸν
337 4799 546 4868 Πατέρα
600 4790 808 4861 ἄνοδον,
859 4798 976 4844 τότε
1017 4792 1206 4863 μᾶλλον
1259 4790 1387 4863 αύτῇ
1431 4788 1696 4862 ἐπιτρέψει
1746 4793 1804 4842 τό

182 4886 520 4961 ἐφάπτεσθαι
554 4886 664 4950 ;Τό
709 4879 768 4934 δε
815 4886 1044 4934 τοιοῦτόν
1103 4879 1262 4932 ἐστιν·
1319 4879 1431 4931 Ούκ
1474 4878 1641 4941 ἔξεστί
1697 4897 1800 4944 σοι,

182 4981 384 5052 φησιν,
439 4977 562 5046 ἰμοῦ
613 4973 891 5024 ἅπτεσθαισ
925 4967 1019 5022 δ’ιά
1057 4975 1108 5022 τί
1142 4986 1155 5036 ;
1191 4972 1350 5021 Οὔπω
1396 4970 1497 5040 γάρ
1532 4987 1616 5020 σοι
1661 4963 1802 5019 δοκῶ

179 5071 324 5140 πρός
375 5066 436 5116 τό
479 5069 718 5136 πατρῷον
761 5059 894 5131 ὕψος
933 5058 1322 5124 ἀναϐεϐηκέναι,
1371 5063 1460 5109 καὶ
1507 5064 1602 5117 τῆς
1651 5057 1803 5128 ὑπερ-

181 5162 362 5230 φυοῦς
401 5151 585 5212 οὐσίας
632 5148 899 5202 ἀναλαϐεῖν
948 5152 1006 5201 τό
1059 5147 1283 5220 ἀξίωμα·
1332 5145 1436 5198 ἀλλ’
1481 5148 1558 5198 ἔτι
1588 5147 1802 5198 ταπεινά

178 5244 388 5316 λογίζῃ
448 5244 565 5315 περὶ
620 5240 767 5313 ἇμοῦ,
821 5239 1120 5312 προσιοῦσα
1189 5256 1280 5310 μοι
1309 5238 1344 5300 ί,
1417 5239 1506 5288 καὶ
1556 5243 1656 5286 τῶν
1713 5233 1804 5286 ἀν-

179 5335 470 5411 τρωπίνων
515 5333 714 5403 μέτρων
759 5324 909 5381 οὐδὲν
953 5326 1290 5402 ὑψηλότερον.
1339 5327 1410 5379 Τό
1455 5321 1534 5391 δι,
1575 5323 1680 5396 οὐχ
1724 5323 1802 5376 ὅτι

268 5459 318 5494 ⁸⁷
360 5459 536 5514 Joan.
590 5470 664 5520 vi,
705 5453 797 5512 32.

1915 4517 2158 4576 adeunti
2211 4515 2426 4585 ipsum,
2460 4509 2560 4574 ait,
2606 4505 2784 4563 «Noli
2837 4519 2929 4560 me
2979 4509 3240 4573 tangere,
3293 4500 3569 4558 nondum

1913 4605 2159 4664 ascendi
2209 4602 2287 4658 ad
2327 4600 2560 4655 Patrem
2592 4610 2813 4661 meum,
2874 4614 2897 4644 υ
2933 4592 3162 4648 videtur
3205 4591 3371 4648 haud
3397 4588 3570 4647 facile

1912 4692 2384 4764 intelligendum.
2416 4687 2569 4753 Quid
2595 4685 2755 4740 enim
2786 4683 2814 4738 ?
2865 4698 2940 4738 an
2988 4687 3124 4754 post
3149 4678 3569 4737 ascensionem

1913 4785 1985 4841 ad
2017 4785 2268 4846 Patrem,
2317 4776 2508 4847 magis
2546 4775 2599 4830 ei
2630 4771 3031 4846 permissurus
3075 4775 3162 4825 est
3191 4768 3391 4841 ipsum
3439 4772 3567 4825 tan-

1914 4890 2050 4945 gere
2077 4874 2105 4928 ?
2136 4873 2261 4926 Imo
2290 4869 2404 4924 hoc
2427 4869 2512 4922 est
2533 4862 2698 4936 quod
2712 4860 2834 4917 vult
2862 4877 2874 4916 ε
2907 4862 3034 4916 Non
3051 4857 3185 4915 licet
3204 4858 3329 4924 tibi,
3354 4859 3453 4925 ait,
3472 4874 3569 4945 me

1914 4944 2271 5033 contingere.
2303 4959 2418 5014 Cur
2433 4948 2964 5012 autemiNondum
2989 4963 3101 5020 ego
3135 4946 3238 5003 tibi
3267 4947 3472 5004 videor
3488 4944 3571 5003 ad

1913 5051 2102 5108 Patris
2169 5047 2596 5105 sublimitatem
2668 5037 3034 5104 ascendisse,
3089 5041 3146 5093 et
3222 5036 3570 5094 substantias

1910 5141 2070 5200 illius
2101 5133 2571 5197 transcendentis
2592 5131 2935 5202 dignitatem
2975 5127 3370 5200 assumpsisse
3417 5144 3433 5194 ;
3466 5126 3576 5184 sed

1909 5235 1975 5288 tu
2003 5230 2200 5288 adhuc
2227 5241 2322 5282 me
2348 5236 2661 5280 accessura
2678 5215 2900 5275 humile
2929 5215 3077 5289 quid
3099 5215 3175 5273 de
3197 5233 3286 5273 me
3319 5215 3570 5289 cogitas,

1909 5336 2020 5378 nec
2044 5320 2377 5376 humanam
2408 5325 2758 5370 mensuram
2778 5306 3106 5364 excedens:
3143 5311 3374 5365 tantum
3401 5303 3576 5365 abest

1534 5574 1768 5630 VARUS
1795 5567 2198 5628 LECTIONES.

266 5708 290 5752 τ
316 5711 424 5767 553
449 5726 574 5785 μου.
