4076 6202
500 303 607 362 98⁸7

495 525 560 576 ut
585 522 818 590 elonget
846 521 1058 591 magis.
1095 522 1300 593 Itaque
1345 522 1622 578 advertas
1656 521 1927 590 qualiter,
1964 543 1991 573 ‹‹
2022 521 2149 578 Noli

494 624 591 664 me
616 615 879 678 tangere,
913 628 941 658 »
964 609 1065 663 ubi
1087 608 1332 676 dixerat,
1351 610 1494 666 illud
1523 612 1800 679 annectit,
1820 631 1847 662 «
1873 611 2149 666 Nondum

494 696 651 753 enim
680 713 692 763 ;
722 716 751 749 ›)
784 712 952 768 spem
980 696 1056 751 illi
1089 697 1247 765 facit,
1277 698 1433 769 quod
1473 715 1590 754 non
1634 700 1694 754 in
1726 698 1902 754 ﬁnem
1956 715 1992 754 a
2041 714 2150 753 suo

490 785 783 841 desiderio
803 785 1181 853 excludetur;
1216 787 1320 841 sed
1346 788 1504 858 quod
1536 793 1668 857 post
1693 788 2004 854 paululum
2030 793 2152 842 stu-

490 873 659 930 diose
688 874 938 946 quaesito
978 874 1327 945 perfruetur,
1363 891 1432 930 ac
1462 876 1749 931 sidiceret
1783 892 1795 929 ;
1834 880 1957 931 Non
1989 882 2150 947 potes

494 979 590 1019 me
624 964 789 1019 adire
830 965 909 1020 ita
948 963 1210 1019 animata
1259 969 1323 1018 ut
1356 980 1515 1019 nunc
1563 982 1644 1031 es,
1699 981 1806 1019 nec
1858 965 2015 1020 enim
2066 964 2151 1019 sic

493 1068 808 1124 assequere
839 1052 1003 1123 quod
1034 1053 1178 1107 velis
1204 1069 1216 1105 :
1248 1053 1411 1125 quod
1444 1054 1551 1109 sia
1578 1054 1787 1109 vilibus
1816 1054 1978 1109 hisce
1996 1053 2152 1123 cogi-

492 1141 811 1197 tationibus
850 1148 903 1196 te
934 1141 1212 1197 extuleris
1240 1143 1318 1197 ad
1352 1142 1748 1207 sublimiores,
1782 1148 1839 1199 et
1868 1146 1983 1197 Deo
2009 1158 2149 1198 con-

492 1245 692 1300 gruas,
745 1231 1089 1286 conceditur
1121 1231 1223 1286 tibi
1250 1247 1539 1299 accessus,
1593 1237 1649 1287 et
1682 1233 1908 1303 majora
1963 1247 2150 1303 quam

491 1319 779 1390 sperabas
810 1335 1193 1391 consequere.
1241 1320 1484 1376 Volebat
1515 1320 1617 1376 illa
1640 1322 1928 1384 humano,
1955 1327 2009 1373 et
2030 1335 2150 1391 quo

494 1408 723 1465 solebat
762 1426 867 1480 per
896 1410 1245 1464 oeconomiae
1277 1410 1616 1481 temporalis
1635 1410 1953 1464 decursum
1987 1424 2151 1465 more

493 1499 671 1555 etiam
710 1515 871 1554 nunc
897 1514 1034 1553 cum
1052 1498 1304 1554 Domino
1336 1499 1675 1553 conversari
1712 1514 1723 1552 :
1750 1504 1804 1552 et
1823 1503 1973 1552 certe
2004 1498 2150 1552 dum

492 1587 764 1659 sepulcro
790 1587 1116 1651 assidebat,
1149 1587 1324 1642 multa
1338 1588 1518 1657 hujus
1545 1586 1774 1655 generis
1815 1592 1869 1641 et
1898 1586 2030 1640 fecit
2050 1586 2151 1641 illa

490 1676 857 1744 etcogitavit,
874 1680 1247 1744 unguentum
1267 1676 1542 1745 otierens,
1557 1674 1855 1745 lacrymas
1870 1674 2147 1742 fundens,

491 1764 937 1819 translationem
974 1769 1243 1828 causata,
1282 1770 1335 1819 et
1376 1766 1865 1819 resurrectionem
1897 1764 1957 1817 in
1985 1763 2147 1817 illam

2257 1766 2488 1837 πραττέί
2538 1784 2593 1817 τε
2671 1768 2761 1815 καὶ
2834 1763 3114 1834 ἐλογίζετο·

490 1854 945 1909 transformans.
972 1853 1316 1909 AtChristus
1335 1854 1410 1909 ab
1432 1854 1545 1909 hoc
1576 1854 1791 1908 affectu
1820 1853 2068 1915 ducens,
2095 1857 2151 1907 et

493 1942 639 1997 tales
667 1958 1018 2013 expungens
1043 1944 1452 2013 cogitationes,
1476 1943 1579 1998 sed
1602 1948 1657 1998 et
1679 1940 2148 2014 intempestivam

490 2046 617 2086 rem
657 2035 715 2087 et
738 2032 1172 2103 impossibilem
1204 2032 1478 2087 affectare
1511 2047 1644 2086 eam
1675 2032 2009 2094 ostendens,
2046 2030 2145 2095 ait,

562 2141 590 2170 «
618 2123 696 2176 Ne
712 2136 805 2175 me
828 2126 1058 2191 tangas,
1081 2122 1347 2176 nondum
1366 2120 1525 2176 enim
1545 2121 1789 2176 ascendi
1814 2119 1891 2175 ad
1917 2123 2147 2175 Patrem

489 2226 693 2265 meum
729 2227 740 2265 :
777 2234 797 2260 ι
829 2210 942 2266 hoc
982 2216 1088 2274 est,
1123 2227 1243 2265 non
1276 2217 1362 2265 est
1391 2227 1632 2281 aequum
1661 2215 1721 2266 ut
1748 2226 1857 2281 ego
1885 2209 1943 2264 id
1983 2208 2147 2280 quod

493 2298 595 2354 tibi
648 2300 867 2355 arridet
906 2298 1211 2355 communi
1266 2299 1574 2369 praeferam
1607 2298 2015 2370 providentiae,
2048 2302 2150 2353 aut

491 2388 701 2444 mundi
742 2388 919 2443 totius
949 2387 1312 2452 commodo;
1350 2403 1471 2443 non
1517 2394 1605 2442 est
1652 2403 1755 2459 par
1780 2393 1838 2442 ut
1867 2387 2145 2442 aﬂ'ectum

490 2482 659 2532 tuum
706 2492 816 2546 ego
848 2483 1040 2532 ratum
1088 2476 1334 2545 habens,
1375 2482 1685 2548 paternam
1719 2476 2146 2532 subobscurem

490 2564 550 2619 in
582 2581 675 2620 me
691 2564 1084 2631 divinitatem,
1114 2571 1217 2620 aut
1242 2566 1509 2635 patiarut
1540 2581 1633 2619 me
1657 2564 1984 2619 etiamnum
2019 2570 2146 2619 tan-

491 2668 679 2725 quam
731 2669 962 2707 merum
994 2658 1050 2707 et
1078 2654 1308 2707 nudum
1339 2653 1646 2707 hominem
1680 2652 1951 2707 accedas.
1985 2656 2149 2708 Tem-

489 2757 604 2814 pus
636 2757 810 2796 omne
842 2742 1003 2812 quod
1032 2743 1602 2813 praecessitcrucem,
1630 2742 2145 2797 condescensionis

491 2836 547 2886 et
580 2830 1011 2885 humiliationis
1044 2836 1281 2902 tempus
1324 2836 1450 2886 erat
1483 2847 1495 2885 :
1540 2836 1679 2885 tunc
1718 2831 1819 2886 tibi
1852 2832 2148 2900 permitte-

488 2922 666 2977 batur
685 2920 1139 2991 cogitationibus
1156 2920 1574 2976 humilioribus
1607 2921 1805 2976 innixe
1820 2922 2144 2993 acquiesce-

489 3027 570 3075 re,
612 3026 723 3066 nec
744 3010 1035 3066 confertim
1067 3010 1143 3066 ad
1178 3010 1402 3081 majora
1427 3009 1752 3081 expulsam,
1805 3010 1978 3065 veluti
2023 3027 2149 3066 om-

488 3102 632 3157 nino
663 3100 955 3156 ominibus
1010 3100 1298 3164 excidere,
1333 3106 1389 3155 et
1422 3100 1499 3155 ab
1538 3099 1606 3153 iis
1633 3099 1806 3155 avelli
1846 3118 1863 3171 ;
1898 3105 1957 3155 at
1990 3116 2149 3155 nunc

488 3194 726 3260 tempus
758 3195 844 3244 est
885 3188 1238 3243 sublimium
1280 3193 1334 3243 et
1364 3188 1703 3243 divinarum
1734 3204 1943 3243 rerum.
1997 3190 2148 3244 Mors

487 3291 638 3333 enim
660 3276 946 3348 absporta
980 3278 1039 3331 in
1072 3276 1398 3341 victoriam,
1442 3278 1616 3332 morti
1661 3277 1802 3333 data
1832 3283 1935 3333 est.
1974 3277 2149 3333 Infer-

490 3381 603 3420 nus
650 3366 900 3419 mortuis
941 3366 1017 3421 ab
1077 3365 1241 3420 omni
1294 3381 1418 3420 aevo
1472 3372 1774 3431 vacuatus,
1833 3367 2148 3439 tyrannide

489 3459 701 3509 exutus
750 3460 850 3519 est,
892 3454 1135 3508 illustria
1194 3459 1419 3525 tropaea
1484 3470 1589 3525 per
1654 3457 2148 3513 resurrectionem

490 3547 698 3597 contra
736 3557 946 3596 omnes
988 3541 1185 3596 hostes
1212 3543 1534 3598 constituta
1574 3550 1739 3615 sunt;
1783 3546 2066 3617 quocirca
2098 3553 2148 3600 te

489 3636 715 3700 oportet
774 3634 969 3685 mente
1000 3646 1239 3684 sursum
1289 3632 1365 3686 ad
1424 3631 1795 3699 sublimiora,
1837 3642 1891 3689 et
1944 3635 2149 3690 divina

488 3718 883 3783 attollentem,
926 3734 1043 3773 non
1077 3719 1296 3785 adhuc,
1332 3725 1395 3776 ut
1421 3722 1603 3793 prius,
1636 3740 1767 3795 quae
1790 3725 2150 3779 condescen-

486 3808 672 3865 sionis
704 3812 873 3863 erant
892 3808 1210 3879 requirere,
1242 3825 1350 3865 nec
1370 3810 1793 3867 humilioribus
1814 3812 2145 3886 immorari,

488 3901 594 3953 aut
623 3912 761 3952 cum
792 3896 905 3952 illis
941 3897 1325 3956 circumferri.
1351 3901 1467 3955 Hoc
1498 3900 1545 3956 si
1566 3908 1721 3957 recte
1742 3901 2145 3970 administres,

485 3986 547 4042 in
586 3992 869 4058 promptu
898 3988 1172 4058 reperies,
1208 4004 1317 4044 nec
1348 3990 1559 4045 errabit
1600 3990 1706 4045 tibi
1747 3990 2007 4056 animus,
2049 3990 2150 4045 de-

487 4075 834 4131 sideratum.
854 4076 1156 4147 Conceptis
1178 4077 1351 4143 enim,
1374 4094 1522 4150 quas
1548 4080 1814 4134 nondum
1839 4078 2144 4145 imbibisti,

484 4164 656 4221 rectis
714 4165 1191 4235 cogitationibus,
1244 4167 1429 4222 multo
1472 4168 1666 4237 magis
1718 4167 2148 4224 incarnationis

487 4255 735 4309 modum
749 4254 1113 4311 inetfabilem
1127 4261 1180 4311 et
1196 4258 1716 4327 supernaturalem
1731 4258 1802 4313 ad
1816 4257 2145 4323 miraberis,

488 4348 544 4400 et
568 4344 858 4415 majorem
882 4344 1162 4399 ostendes
1188 4345 1468 4401 atfectum
1488 4348 1546 4400 in
1571 4363 1662 4402 me
1692 4347 2143 4411 benevolentiae,

489 4449 667 4505 quam
698 4439 782 4488 est
809 4449 944 4505 qum
972 4433 1291 4500 inhibetur,
1311 4451 1449 4489 cum
1479 4435 1706 4507 abjecte
1740 4452 1833 4491 me
1865 4435 2146 4491 accedere

489 4529 544 4579 et
575 4523 934 4595 contingere,
971 4540 1092 4595 prae
1118 4523 1324 4579 timore
1358 4528 1413 4579 et
1442 4525 1791 4588 reverentia,
1815 4541 1936 4580 non
1978 4525 2147 4579 susti-

488 4611 687 4668 nueris
719 4636 729 4679 ;
764 4628 1001 4685 nempe,
1032 4613 1281 4683 dignum
1310 4630 1440 4669 mea
1465 4613 1787 4681 divinitate,
1816 4619 1873 4669 et
1900 4620 1998 4670 tua
2027 4614 2146 4669 ﬁde

483 4703 615 4777 jam
640 4702 939 4758 absoluta.
966 4702 1129 4758 Certe
1152 4704 1315 4775 quod
1331 4719 1452 4758 non
1480 4720 1754 4759 sermone
1777 4702 2146 4759 antecedenti

491 4793 837 4867 simpliciter
866 4810 901 4848 a
947 4797 1101 4849 tactu
1140 4792 1567 4865 prohibebatur
1605 4793 1703 4848 illa
1756 4793 1999 4861 femina,
2042 4794 2146 4849 sed

488 4888 719 4941 tantum
758 4882 924 4955 quod
946 4898 1015 4939 ex
1050 4889 1280 4937 terrena
1310 4887 1367 4938 et
1404 4882 1611 4937 humili
1637 4883 1987 4951 cogitatione
2038 4899 2145 4939 vo-

488 4972 651 5028 lebat
696 4976 954 5041 tangere,
1017 4971 1422 5041 conjecturam
1482 4971 1703 5027 faciunt
1741 4973 1881 5027 satis
1922 4972 2146 5027 claram

489 5060 770 5117 mulieres
798 5062 908 5115 illa:
935 5062 1069 5115 duae
1096 5077 1229 5132 quae
1264 5060 1507 5116 obviam
1552 5060 1699 5116 forte
1742 5061 1992 5117 Domino
2046 5061 2147 5117 ﬁe-

491 5150 649 5216 bant,
680 5149 920 5222 quibus,
968 5151 1222 5217 Salvete,
1271 5150 1430 5205 salus
1479 5152 1748 5205 omnium
1788 5151 1950 5207 clara
2002 5167 2145 5207 voce

489 5239 837 5314 pronuntiat
867 5255 881 5304 ;
910 5244 962 5295 et
989 5256 1128 5296 cum
1157 5239 1457 5295 mentibus
1489 5240 1843 5296 etmanibus
1873 5256 2147 5297 consum-

1733 296 1974 360 PHOTII
2013 298 2489 363 PATRIARCHAE
2528 299 2639 362 CP.

495 434 561 487 ut
591 432 715 487 haec
746 430 950 503 opinio
971 432 1026 486 te
1057 430 1305 499 dignam
1331 432 1562 499 reddat,
1603 448 1739 505 quae
1780 447 1875 488 me
1914 436 2145 504 tangas,

2256 430 2403 493 ἀξίαν
2433 431 2490 482 οὑ
2520 436 2658 482 ποιεῖ
2711 448 2769 482 σε
2808 438 2903 490 τῆς
2954 427 3077 500 ἐμῆς
3107 423 3271 489 δόξης
3326 424 3686 498 ἐφάπτεσθαι,

2256 525 2345 573 καὶ
2397 522 2600 593 μακρὰν
2653 521 2882 576 τίθησιν.
2962 523 3061 570 Καὶ
3144 521 3242 591 ὅρα
3310 521 3453 577 ὅπως
3542 521 3626 579 τό,
3703 535 3735 564 a
3816 521 3898 571 Mi:

2257 628 2355 680 μου
2408 610 2596 669 οῖπτου,
2658 630 2684 657 ›)
2739 607 2911 674 εἰπὼν,
2970 610 3050 672 τό,
3112 628 3139 656 ‹‹
3199 609 3365 657 Οὔπω
3412 607 3541 677 γὰρ,
3614 626 3642 653 ι
3712 623 3902 655 συνεπ-

2258 703 2460 769 ἡνεγκεν
2505 709 2554 749 κ·
2615 692 2804 758 διδοὺς
2861 693 3077 757 ἐλπίδας
3131 695 3287 767 αὐτῇ,
3344 697 3415 755 ὡς
3464 694 3565 745 οὐκ
3627 693 3706 754 εἰς
3763 694 3901 752 τεῖος

2258 780 2346 838 τοὺ
2404 787 2566 837 πόθου
2622 785 3022 843 ἁπελαθίωεταν
3079 783 3185 835 ἀλλ’
3237 786 3318 837 ὅτι
3365 788 3457 834 καὶ
3509 784 3627 853 μετ’
3695 781 3899 851 ὀλίγον,

2256 876 2323 926 ὧν
2379 872 2729 944 ἐσπούδασεν,
2813 873 3149 937 ἕπιτεύξεται·
3228 876 3418 925 ὡσανεὶ
3490 872 3689 942 λέγων,
3771 871 3902 923 Μεθ’

2256 965 2320 1025 ἧς
2348 967 2439 1036 μὲν
2482 969 2757 1037 προσέρχῃ
2803 982 2893 1035 μοι
2926 968 3155 1035 γνώμης,
3199 962 3294 1013 οὑκ
3344 961 3518 1023 ἒξεστί
3576 980 3672 1012 σοι
3724 977 3895 1030 προσο

2259 1057 2387 1105 ιέναι
2440 1072 2549 1124 μοι’
2621 1050 2891 1125 οὐδὲγὰρ
2951 1053 3013 1102 οἶν
3083 1054 3271 1123 τύχοις
3343 1058 3437 1109 τῆς
3495 1050 3755 1120 ἐφέσεωςο
3844 1047 3900 1098 ειν

2258 1138 2317 1194 δὲ
2365 1149 2477 1201 ταῖς
2523 1140 2871 1213 ὑψηλοτέραις
2908 1145 2997 1192 καὶ
3048 1142 3359 1213 θεοπρεπὲσι
3405 1136 3689 1199 διανοίαις
3744 1156 3903 1189 σεαυ-

2962 523 3061 570 Καὶ
3144 519 3242 591 ὅρα
3310 518 3453 577 ὅπως
3542 518 3626 579 τό,

2256 1236 2341 1283 τόν
2369 1232 2399 1273 b
2431 1230 2627 1303 ἐπάρης
2675 1239 2774 1282 τῶν
2829 1238 3101 1292 ταπεινῶν,
3161 1230 3667 1300 συφχωρηθήσεταί
3734 1246 3827 1279 σοι
3854 1227 3901 1268 δ’

2255 1322 2284 1377 ἠ
2336 1316 2618 1394 πρόσοδος,
2668 1324 2759 1371 καὶ
2818 1320 3066 1390 μειζόνων
3121 1317 3417 1389 ἀξιωθήση,
3462 1321 3529 1375 ἦν
3583 1317 3768 1390 ὦνπερ
3806 1317 3902 1373 ἦλα

2254 1429 2431 1469 πισας.
2482 1414 2581 1461 Καὶ
2637 1412 2762 1481 γὰρ,
2813 1410 2843 1466 ἡ
2892 1412 2981 1480 μὲν
3040 1407 3292 1473 ἐϐούλετο,
3341 1408 3429 1458 οἶα
3482 1403 3556 1463 δὴ
3614 1412 3720 1458 καὶ
3775 1416 3903 1479 πρό-

2255 1518 2419 1571 τερον,
2483 1496 2963 1572 ἀνθρωπικώτερον,
3043 1499 3317 1548 καὶκατὰ
3390 1499 3480 1547 τόν
3559 1503 3662 1554 τῆς
3755 1496 3905 1546 οἰκο-

2254 1592 2433 1658 νομίας
2464 1591 2652 1658 τρόπον
2694 1595 2763 1657 τῷ
2816 1591 3047 1657 Δεσπότη
3103 1586 3653 1657 συναναστρέφεσθαι.
3724 1584 3901 1635 Πολλὰ

2755 1680 2845 1727 καὶ
2919 1684 2989 1745 τῷ
3065 1678 3207 1746 τάφῳ
3278 1674 3739 1748 παρακαθημνη,
3813 1676 3898 1743 ἔμ-

3800 1758 3900 1813 δα-

2588 1853 2955 1925 μετατίθεσιν]
2990 1855 3286 1905 ὑπονοοῦσα
3356 1856 3452 1910 τὴν
3527 1854 3775 1923 ἔγερσιν.
3840 1853 3897 1903 Ὀ

2255 1678 2355 1749 γὰρ
2437 1683 2670 1742 τοιαῦτα,

3194 1766 3337 1834 μύρα
3415 1767 3684 1835 φέρουσοΡ

2257 1857 2510 1927 κρύουσα’

2259 1939 2316 1994 δὲ
2365 1946 2560 2001 ταύτην
2583 1942 2622 1995 j'
2652 1942 2865 2014 ἀπάγων
2920 1950 3015 2004 τῆς
3070 1944 3256 2016 ὁρμῆς,
3318 1946 3408 1993 καὶ
3468 1950 3575 1993 τῶν
3625 1944 3895 1993 τοιούτων

2258 2029 2616 2107 διακαθαίρων
2664 2033 2932 2098 ὑπονοιῶν,
2985 2034 3063 2083 ἔτι
3095 2028 3154 2083 δὲ
3194 2036 3283 2083 καὶ
3330 2034 3389 2082 τό
3429 2032 3662 2104 ἄκαιρον
3721 2028 3899 2083 ἐνδει-

2255 2125 2377 2183 κνὺς
2458 2126 2547 2173 καὶ
2628 2117 2883 2172 ἀδύνατον
2949 2129 3039 2179 τῆς
3097 2118 3469 2191 ἐγχειρήσεως,
3535 2140 3565 2166 α
3624 2124 3723 2175 Μή
3790 2138 3895 2190 μου

2255 2210 2441 2279 οἷπτου,
2488 2215 2665 2281 φησίν·
2711 2213 2852 2261 οὔπω
2881 2211 2979 2281 γὰρ
3021 2207 3318 2265 ἀναϐέϐηκα
3362 2211 3495 2281 πρὸς
3542 2210 3633 2258 τὸν
3674 2212 3897 2279 Πατέρα

2255 2313 2376 2371 μου⁸
2426 2319 2453 2350 ››
2513 2306 2800 2363 τουτέστιν,
2858 2298 2933 2349 Οὑ
2990 2305 3226 2372 προσῆκε
3268 2301 3363 2354 τὴν
3419 2300 3517 2353 σὴν
3574 2295 3892 2359 ἀρέσκειαν,

2256 2397 2351 2450 τῆς
2398 2397 2574 2448 κοινῆς
2626 2392 2867 2459 προνοίας
2922 2392 3202 2458 προτιμᾷν,
3262 2390 3352 2437 καὶ
3409 2393 3502 2437 τοῦ
3552 2394 3657 2446 τῆς
3707 2386 3895 2437 οἰκου-

2255 2477 2459 2550 μένηςκ
2488 2481 2849 2549 συμφέροντος·
2901 2472 3025 2528 οὐδὲ
3066 2478 3152 2527 τόν
3200 2478 3289 2527 σόν
3342 2477 3497 2527 πόθον
3556 2474 3897 2546 ἀφοσιούμε-

2255 2586 2359 2635 νον,
2412 2570 2504 2624 τὴν
2549 2564 2597 2617 ἐν
2648 2564 2759 2637 ἐμοὶ
2810 2584 3051 2637 πατρῳαν
3098 2564 3526 2623 συνεπισκιάζειν
3561 2566 3640 2615 ἔτι
3703 2566 3893 2620 θεότη-

2255 2676 2338 2720 τα,
2389 2661 2479 2707 καὶ
2528 2658 2596 2716 ως
2645 2654 2895 2727 ἀνθρώπῳ
2947 2654 3085 2724 ψιλῷ
3124 2656 3199 2705 ἔτι
3258 2651 3547 2723 ἀνέχεσθαι
3594 2658 3890 2724 προσιέναι

2256 2764 2365 2816 μοι’
2427 2741 2487 2802 ἧν
2540 2747 2628 2816 μὲν
2680 2746 2781 2817 γὰρ
2836 2751 2935 2794 τῶν
2978 2751 3067 2803 τῆς
3125 2740 3591 2813 συγκαταϐάσεως,
3632 2741 3890 2793 xuii-:1-

2256 2838 2573 2907 πεινοτέρων,
2610 2835 2634 2884 ὁ
2674 2836 2774 2906 πρὸ
2823 2840 2914 2883 τοῦ
2971 2839 3200 2905 σταυροῦ
3250 2834 3451 2903 καιρὸς,
3502 2832 3590 2882 ὅτε
3645 2836 3747 2882 καὶ
3804 2836 3888 2881 σοὶ

2738 2927 2846 2981 τοῖς
2926 2924 3302 2992 ταπεινοτέροις
3379 2920 3685 2990 λογισμοῖς9
3778 2918 3888 2971 οἷον

2744 3010 3218 3082 ὑποστηρίςεσθαι,
3292 3013 3381 3060 καὶ
3440 3014 3511 3080 μὴ
3588 3012 3735 3081 πρὸς
3823 3012 3885 3059 τὰ

2258 2942 2360 2995 παρ
2370 2928 2638 2995 εχωρείτο,

2259 3011 2669 3083 ἁναπαυομένην,

2178 3142 2222 3199 C
2258 3106 2439 3173 μείςω,
2482 3101 2759 3172 καταρχὰς
2801 3104 2890 3150 καὶ
2946 3097 3153 3173 ἀθρόον,
3203 3096 3606 3167 ἐκϐιαζομένην,
3669 3100 3886 3149 πάντων

2256 3191 2517 3241 ἐκπίπτειν
2557 3194 2644 3240 καὶ
2691 3189 3072 3260 ὑποσύρεσθαι·
3119 3194 3205 3237 νῦν
3251 3184 3329 3249 δε,
3379 3195 3480 3237 τῶν
3529 3185 3886 3260 ὑψηλοτέρων

2255 3283 2343 3329 καὶ
2395 3279 2535 3329 θείων
2602 3276 2871 3349 ἐφέστηκεν
2948 3278 2972 3327 ό
3056 3280 3257 3348 καιρός.
3319 3278 3548 3335 Θάνατος
3616 3278 3752 3349 γὰρ,
3814 3276 3889 3336 εἰς

2257 3373 2394 3427 νῖκος
2439 3369 2765 3430 καταποθεὶς,
2833 3368 3202 3417 τεθανάτωται·
3259 3370 3347 3416 καὶ
3400 3361 3557 3433 ᾅδης,
3613 3373 3721 3415 τῶν
3794 3365 3884 3417 ἀπ’

2258 3456 2439 3517 αἰῶνος
2518 3464 2705 3529 νεκρῶν
2771 3456 3027 3519 κενωθεὶς,
3114 3463 3204 3514 τῆς
3255 3451 3569 3525 τυραννίδος
3627 3454 3886 3511 ἐκϐέϐληο

2255 3564 2360 3598 ται·
2410 3550 2495 3597 καὶ
2546 3544 2761 3617 λαμπρὰ
2806 3547 2941 3597 κατά
2988 3548 3195 3596 πάντων
3240 3543 3444 3615 ἐχθρῶν
3478 3539 3573 3595 διὰ
3610 3553 3712 3605 τῆς
3754 3544 3884 3595 ανα-

2260 3636 2493 3696 στάσεως
2550 3635 2744 3706 ἠγέρθη
2802 3636 2865 3684 τὰ
2937 3638 3183 3707 τρόπαια.
3242 3637 3355 3705 Χρὴ
3411 3641 3702 3705 τοιγαροῦν
3792 3638 3883 3684 καὶ

2260 3728 2335 3791 σὲ,
2378 3728 2506 3797 πρός
2544 3726 2610 3774 τὰ
2657 3722 2954 3797 ὑψηλότερα
3004 3728 3093 3774 καὶ
3135 3724 3387 3794 θεοπρεπῆ
3430 3728 3519 3774 τὸν
3579 3730 3704 3774 νοῦν
3760 3721 3883 3773 ἄνα-

2258 3818 2533 3887 φέρουσαν,
2577 3816 2763 3883 μηκέτι
2794 3814 2858 3864 τὰ
2905 3816 3150 3884 πρότερα,
3206 3816 3295 3863 καὶ
3338 3813 3405 3862 τὰ
3457 3820 3553 3871 τῆς
3602 3830 3880 3882 συγκατα-

2257 3902 2478 3965 ϐάσεως,
2530 3902 2809 3961 ἐπιζητεῖν·
2873 3898 3011 3972 μηδὲ
3069 3908 3172 3961 τοῖς
3246 3905 3630 3972 ταπεινοτέροις
3684 3903 3880 3953 ἐναπο-

2256 3996 2441 4063 μένειν,
2495 3996 2584 4043 καὶ
2634 3991 3141 4065 συγκαταφέρεσθαι.
3191 3996 3353 4042 Τοῦτο
3392 3986 3451 4041 δὲ
3504 3992 3879 4064 κατορθοῦσα,

2255 4082 2494 4152 εὑρήσεις
2539 4079 2593 4142 ἐξ
2650 4078 2878 4151 ἑτοίμου,
2948 4084 3037 4131 καὶ
3121 4078 3180 4131 οὑ
3253 4078 3577 4150 σφαλλομένῃ
3658 4086 3876 4151 γνώμη,

2255 4173 2312 4221 τὸ
2388 4170 2722 4240 ποθούμενον·
2789 4167 3023 4220 λαϐοῦσα
3099 4170 3221 4243 γὰρ,
3288 4168 3345 4228 οἷς
3416 4170 3559 4220 οὔπω
3634 4167 3878 4239 εἴληφας,

2257 4258 2410 4330 ὀρθὰς
2460 4257 2765 4328 ὑπολήψεις,
2822 4262 2937 4310 τότε
2994 4257 3185 4329 μᾶλλον
3236 4262 3325 4309 καὶ
3370 4266 3466 4318 τῆς
3534 4255 3882 4329 ένανθρωπή-

2258 4368 2380 4408 σεως
2428 4352 2513 4399 τὸν
2561 4347 2784 4421 ἄρρητον
2838 4352 2926 4399 καὶ
2983 4348 3218 4418 ὑπερφυᾶ
3296 4348 3582 4418 θαυμάσεις
3652 4352 3879 4420 τρόπον,

2256 4442 2344 4489 καὶ
2399 4436 2565 4499 πλέον,
2616 4439 2645 4494 ἦ
2711 4435 2810 4508 ἐγὼ
2871 4455 2952 4488 σοι
3002 4435 3236 4500 ἀπεῖπον,
3288 4434 3639 4507 εὐλαϐουμένη
3686 4454 3882 4488 ταπει-

2255 4536 2353 4587 νῶς
2404 4547 2492 4598 μοι
2544 4529 2816 4599 προσιέναι
2886 4530 2974 4576 καὶ
3024 4523 3363 4595 ἐφάπτεσθαι,
3416 4523 3565 4586 ἀξίαν
3619 4528 3715 4575 καὶ
3780 4533 3883 4585 τῆς

2256 4616 2386 4687 ἐμῆς
2440 4617 2700 4677 θεότητος,
2757 4619 2846 4666 καὶ
2890 4622 2981 4673 τῆς
3035 4621 3129 4673 σῆς
3180 4613 3400 4673 ἐντελοῦς
3450 4618 3698 4678 πίστεως,
3766 4612 3883 4665 ἐπι-

2257 4700 2440 4767 δείξεις
2485 4707 2569 4756 τὸν
2624 4705 2690 4764 εἰς
2731 4704 2818 4776 ἐμὲ
2856 4704 3013 4755 πόθον
3053 4708 3143 4755 καὶ
3197 4707 3284 4760 τὴν
3336 4704 3560 4756 εὔνοιαν.
3610 4701 3740 4753 ’Ὁτι
3774 4706 3879 4776 γὰρ

2256 4793 2383 4865 οὖχὶ
2413 4802 2507 4853 τῆς
2550 4793 2769 4864 ἐπαφῆς,
2816 4796 3189 4867 προηγουμένῳ
3217 4791 3355 4863 λόγῳ
3400 4797 3487 4843 καὶ
3521 4791 3643 4843 καθ’
3687 4791 3877 4855 ἑαυτό,

2254 4886 2311 4934 τό
2363 4884 2571 4953 γύναιον
2626 4880 2891 4945 ἐκωλύετο,
2944 4880 3050 4933 ἀλλ’
3101 4882 3178 4933 ὅτι
3221 4889 3476 4940 ταπεινοῖς
3526 4885 3615 4931 καὶ
3664 4901 3879 4953 χαμαι-

2255 4976 2429 5025 πετέσι
2479 4971 2749 5042 λογισμοῖς
2827 4974 2899 5022 ἔτι
2975 4967 3220 5022 διενοεῖτο
3292 4971 3727 5045 προσάπτεσθαι,
3803 4989 3881 5023 τε-

2255 5069 2541 5133 κμηριοῠσι
2596 5068 2769 5132 σαφῶς
2817 5065 2905 5111 καὶ
2956 5062 3008 5111 αἱ
3064 5064 3461 5117 συναντήσασαι
3500 5067 3573 5129 τῷ
3622 5066 3876 5121 Δεσπότη

2257 5147 2354 5203 δύο
2414 5156 2682 5222 γυναῖκες·
2730 5150 2812 5211 αἶς
2859 5154 2916 5201 τό
2948 5168 3020 5214 τε,
3068 5154 3306 5221 Χαίρετε,
3368 5151 3398 5206 ἡ
3453 5150 3663 5200 πάντων
3718 5152 3879 5221 χαρὰ

2251 5239 2498 5315 λαμπρῶς
2557 5245 2869 5312 προσφωνεῖ,
2924 5242 3013 5291 καὶ
3073 5248 3174 5290 τῶν
3230 5238 3505 5313 ἀχράντων
3552 5234 3742 5291 ποδῶν
3804 5258 3881 5291 τε-

1848 5438 2081 5495 VARI/13
2136 5438 2536 5495 LECTIONES.

562 5628 595 5671 8
622 5617 682 5675 C.
716 5617 793 5672 M.
827 5618 1152 5686 συνήνεγκεν.
1231 5613 1258 5654 h
1283 5613 1342 5667 Ο.
1395 5616 1464 5668 Μ.
1517 5622 1734 5686 σαυτήν.

567 5688 600 5732 ὶι
638 5688 718 5744 ia.
761 5697 937 5764 τῇ-νη.
973 5684 1030 5740 CL
1065 5688 1134 5744 M.
1166 5690 1255 5737 καὶ
1281 5692 1371 5737 τοῦ
1396 5692 1501 5745 τοῖς
1530 5685 1632 5737 οἰκ.
1708 5684 1830 5739 lia.
1867 5692 1985 5737 τῶν.

1810 5613 1857 5654 δ’
1881 5613 2021 5669 add.
2064 5617 2151 5666 καὶ
2165 5657 2177 5671 .

2261 5614 2363 5671 iC.
2414 5614 2485 5669 Μ.
2534 5612 2839 5689 inpatrum.
2874 5610 2950 5672 M.
2996 5612 3295 5685 μετάθεσιν.
3372 5611 3409 5666 1⁸
3448 5615 3532 5670 ῖσ.
3569 5616 3782 5677 ταύτης
