4026 6196
162 308 273 368 989

1162 307 1257 364 AD
1298 299 1846 365 AMPHILOCHIUM
1889 305 2218 376 QUESTIO
2261 309 2546 370 CCXVIII.

3422 310 3530 369 990

165 437 517 510 τελειωμέναις
546 441 635 490 καὶ
665 441 815 512 φρεσὶ
863 441 952 490 καὶ
998 441 1187 511 χερσὶν
1236 437 1440 510 ἐφίησιν
1489 439 1754 491 ἅπτεσθαι

1879 441 2056 493 mataa
2074 443 2291 507 essent,
2314 437 2730 496 immaculatos
2744 438 2927 510 pedes
2953 438 3296 510 contingere
3312 437 3530 509 permi-

165 526 311 581 Ἐπεὶ
356 525 415 580 δὲ
458 532 586 590 τέως
632 527 951 599 ἐφάπτεσθαι
999 531 1056 580 τό
1093 530 1303 598 ⁶γύναιον
1353 527 1650 592 ἐκεκώλυτο,
1688 529 1770 580 ἵνα

164 621 237 689 μὴ
273 613 648 691 διαμαρτοῦσα
693 625 788 678 τῆς
840 613 1091 682 σπουδῆς,
1126 617 1197 678 εἰς
1241 617 1409 674 λύπην
1452 624 1538 668 xui
1587 617 1769 688 λογισ-

163 710 300 777 μούς
347 705 566 779 ἐμπέσῃ·
602 705 805 758 εὔκολον
845 709 943 780 γὰρ
977 710 1032 758 τὸ
1062 710 1206 778 γένος
1253 709 1376 779 πρὸς
1415 705 1766 776 ὀλιγοψυχίαν

161 801 253 847 xui
300 797 564 848 ὑπόνοιαν·
595 795 680 857 Ὣς
718 795 1094 870 παρεώραμαιι
1129 798 1192 856 ὡς
1223 794 1556 867 ἐξουθένημαι
1583 794 1594 848 Ι
1627 798 1767 867 οἶμοι

160 884 365 952 λοιπὸν,
406 889 481 946 τίς
525 888 754 958 ’γένωμαι
787 901 802 950 ς
831 884 941 938 Ἰνα
969 881 1056 937 οὖν
1087 890 1157 957 μὴ
1204 888 1332 957 πρὸς
1362 893 1529 937 ταῦτα
1563 881 1762 959 δράμῃ,

162 973 437 1046 προλαϐὼν
468 973 629 1032 αὐτὴν
660 975 686 1025 6
713 979 908 1047 Σωτὴρ,
937 973 1291 1046 ψυχαγωγεῖ·
1319 978 1429 1042 καὶ,
1462 993 1489 1026 ι(
1516 977 1764 1048 Πορεύου,

164 1067 320 1134 φησὶ,
375 1066 500 1137 πρός
547 1067 670 1124 τούς
715 1060 964 1136 ἀδελφούς
1011 1083 1131 1135 μου,
1181 1068 1271 1116 καὶ
1325 1063 1431 1117 εἰπὲ
1478 1064 1660 1126 αὐτοῖς
1689 1085 1700 1097 ·
1736 1085 1764 1114 ››

164 1151 298 1206 δυσὶ
355 1158 583 1228 τρόποις,
653 1150 746 1206 διὰ
808 1162 907 1205 τῶν
962 1154 1207 1228 ῥημάτων
1277 1157 1489 1220 τούτων,
1543 1157 1629 1206 τόν
1679 1155 1765 1206 τά·

159 1262 335 1315 ραχον
382 1242 675 1296 ἀπελαύνων
721 1252 820 1296 τῶν
867 1242 1150 1315 λογισμῶν,
1200 1248 1290 1295 καὶ
1338 1248 1460 1315 πρὸς
1519 1243 1766 1314 εὐθυμίαν

163 1333 330 1390 αὐτὴν
385 1331 697 1407 παρακαλῶν
735 1350 748 1363 ’
797 1332 870 1385 ἐνὶ
921 1335 1031 1405 μὲν,
1092 1333 1267 1406 ὅτιπερ
1329 1332 1491 1390 αὐτὴν
1558 1332 1766 1403 εὐαγγε-

157 1421 403 1494 λίστριοιν
446 1420 755 1497 ἐχειροτόνει
798 1430 894 1482 τῆς
937 1421 1264 1481 ἀναστάσεως
1298 1443 1310 1454 ·
1359 1421 1510 1495 ἑτέρῳ
1560 1418 1638 1486 δε,
1691 1417 1764 1473 δι’

160 1510 228 1561 ὧν
260 1513 329 1562 τὰ
369 1513 464 1563 ἴσα
505 1515 590 1563 xui
615 1519 725 1573 τοῖς
751 1513 1032 1583 μαθηταῖς,
1079 1507 1151 1562 δι’
1196 1509 1356 1571 αὐτῆς
1388 1509 1602 1575 ἐκείνης,
1636 1530 1767 1585 παρ-

159 1600 436 1656 εκελεύετο.
484 1605 580 1654 Καὶ
627 1604 730 1676 γάρ
776 1619 942 1673 φησι·
995 1624 1016 1650 ι
1061 1605 1160 1654 Καὶ
1213 1600 1322 1653 εἰπε
1375 1600 1568 1666 αὐτοῖς,
1619 1600 1767 1652 Ἀνα-

157 1687 326 1740 ϐαίνω
367 1693 493 1763 πρὸς
541 1694 626 1742 τόν
678 1695 881 1762 Πατέρα
928 1711 1028 1763 μου
1055 1712 1066 1724 ο
1101 1710 1128 1742 »
1165 1692 1246 1742 ἶνα
1293 1693 1443 1763 εἴπῃς
1472 1701 1534 1754 m,
1569 1695 1653 1747 Μή
1708 1708 1766 1741 σε

1879 526 1971 581 sit.
2003 528 2075 582 At
2095 529 2586 601 quandoquidem
2612 528 2819 584 mulier
2837 528 3178 598 contingere
3210 528 3386 584 vetita
3401 526 3526 593 fuit,

1878 629 1952 668 ne
1973 631 2046 670 ex
2067 617 2340 673 studioso
2352 617 2648 675 desiderio
2666 618 2881 689 rejecto
2899 618 3183 673 mmstitia
3199 617 3532 672 afﬁceretur

1876 704 2154 773 (proclive
2168 706 2454 777 siquidem
2472 714 2562 762 est
2580 706 2862 762 muliebre
2880 721 3066 777 genus
3084 707 3143 761 in
3158 703 3533 777 pusillanimi-

1880 797 2059 848 tatem
2079 800 2133 850 et
2155 795 2557 867 suspicionem
2581 803 2956 868 contemptus
2982 802 3036 851 et
3061 796 3398 868 despectus;
3424 810 3532 850 un-

1876 883 1970 948 de,
2002 884 2100 940 Hei
2123 885 2292 950 mihi,
2319 902 2590 958 quaenam
2612 903 2724 957 ego
2745 903 2877 942 sum
2891 885 2934 950 ?)
2954 886 3298 958 Neinquam
3321 885 3399 941 ad
3423 885 3532 940 hu-

1873 972 2138 1042 jusmodi
2165 981 2509 1044 recurreret,
2537 976 2823 1047 praevenit
2851 992 2984 1031 eam
3019 975 3288 1031 Salvator
3318 989 3532 1031 conso-

1877 1061 2078 1133 lando,
2111 1068 2185 1127 et,
2206 1084 2230 1114 ιι
2257 1064 2438 1130 Vade,
2455 1064 2558 1129 ait,
2583 1065 2661 1119 ad
2682 1064 2890 1120 fratres
2916 1081 3104 1129 meos,
3123 1071 3177 1120 et
3199 1063 3296 1119 dic
3326 1063 3457 1119 illis.
3497 1083 3526 1115 »

1881 1151 2116 1207 Duobus
2139 1153 2334 1209 modis
2374 1170 2474 1226 per
2497 1154 2682 1210 verba
2709 1154 2820 1210 ista
2876 1157 3305 1209 tumultuantes
3373 1152 3528 1208 able-

1875 1241 2039 1312 gavit
2066 1243 2466 1312 cogitationes,
2509 1248 2564 1300 et
2591 1244 2667 1299 ad
2694 1243 2844 1299 bene
2870 1243 3200 1298 animatam
3230 1257 3360 1296 esse
3391 1257 3526 1298 eam

1877 1333 2145 1387 devocat.
2206 1333 2369 1388 Prior
2423 1339 2527 1398 est,
2569 1333 2730 1405 quod
2773 1332 3246 1402 evangelistriam
3271 1347 3528 1386 resurre-

1876 1421 2084 1476 ctionis
2112 1437 2234 1476 suae
2270 1437 2404 1476 eam
2438 1421 2608 1478 facit:
2640 1423 2948 1494 posterior,
2981 1421 3142 1493 quod
3166 1421 3298 1492 ipsa
3328 1435 3435 1492 per
3464 1436 3525 1476 se

1870 1509 2112 1580 jubetur
2141 1509 2534 1581 aequalitatem
2581 1511 2803 1568 habere
2829 1527 2967 1566 cum
2981 1508 3288 1580 discipulis
3313 1527 3330 1580 ;
3359 1509 3526 1565 addit

1876 1598 2055 1664 enim,
2094 1621 2114 1648 ι
2151 1602 2214 1655 Et
2240 1600 2356 1655 illis
2376 1600 2574 1663 dicito,
2594 1600 2864 1656 Ascendo
2881 1601 2960 1655 ad
2974 1601 3200 1655 Patrem
3226 1615 3429 1656 meum
3452 1616 3466 1657 :
3494 1619 3522 1648 »

1875 1689 2046 1760 quasi
2084 1689 2304 1746 diceret
2332 1706 2344 1744 :
2371 1689 2501 1745 Noli
2541 1690 2752 1745 tristari
2778 1688 2937 1760 quod
2969 1705 3062 1744 me
3102 1695 3345 1757 tangere
3401 1703 3525 1744 non

156 1777 407 1844 λυπείτω,
439 1781 520 1831 ὅτι
573 1782 968 1854 προσάπτεσθαί
1014 1799 1116 1852 μου
1170 1776 1464 1832 διεκώλυσα
1498 1801 1508 1813 ·
1551 1778 1610 1830 ού
1661 1781 1754 1853 γὰρ

1875 1778 2243 1849 permiserim
2269 1796 2282 1844 ;
2312 1795 2506 1851 neque
2529 1778 2688 1834 enim
2710 1778 3057 1849 despiciens,
3083 1782 3184 1832 aut
3213 1782 3265 1832 te
3283 1777 3526 1849 insuper

156 1877 425 1942 παρορῶν,
481 1869 510 1928 ἦ
565 1867 865 1942 ἐνυϐρίζων,
919 1876 1069 1922 τοῦτο
1123 1869 1319 1945 ἔπραξα
1351 1885 1362 1899 ·
1425 1868 1530 1920 ἀλλ’
1583 1871 1613 1927 ἡ
1665 1877 1763 1921 τῶν

157 1959 480 2028 πραγμάτων
533 1961 703 2030 φύσις,
753 1963 842 2010 xui
891 1966 986 2020 τῆς
1033 1957 1154 2030 ἐμῆς
1203 1963 1444 2033 προνοίας
1496 1962 1584 2010 καὶ
1630 1957 1764 2010 οἰκο-

154 2052 345 2117 νομίας
399 2047 425 2096 6
469 2045 695 2121 οἷῤῥητος
741 2049 946 2120 θεσμός,
996 2055 1148 2100 τοῦτο
1177 2055 1382 2121 κρατεῖν
1426 2047 1510 2100 ἐπὶ
1558 2050 1761 2099 πάντων

155 2132 410 2206 βούλεται
439 2153 450 2164 ·
497 2141 585 2188 καὶ
633 2133 782 2189 οὐδὲν
829 2137 953 2199 ἔξεις
991 2137 1214 2202 ἔλαττον,
1251 2137 1294 2189 εἰ
1335 2141 1404 2210 μὴ
1451 2142 1540 2188 καὶ
1587 2136 1754 2204 πλέον,

153 2233 248 2285 τῆς
303 2233 400 2286 σῆς
446 2221 688 2288 σπουδῆς
731 2225 788 2278 ού
836 2225 1251 2288 συντελεσθήσης
1283 2238 1331 2280 ιι.
1369 2222 1511 2279 Ἰδού
1554 2228 1656 2301 γάρ
1704 2248 1762 2280 σε

150 2319 246 2366 καὶ
292 2319 502 2388 κήρυκα
545 2319 754 2387 πέμπω,
808 2322 916 2378 τοῖς
977 2317 1261 2388 μαθηταῖς,
1315 2324 1412 2377 τῆς
1464 2315 1586 2387 ἐμῆς
1640 2315 1758 2369 ἀνα-

153 2407 395 2466 στάσεως
429 2426 440 2437 ο
492 2403 746 2468 κάκείνοις
795 2401 873 2472 δε,
930 2408 992 2458 τὰ
1040 2405 1172 2457 αὐτά
1216 2425 1320 2471 σοι,
1372 2403 1757 2480 διακελεύομαι,

150 2489 370 2557 εἰδέναι,
427 2497 555 2567 πρὸς
601 2498 687 2547 τόν
743 2499 947 2568 Πατέρα
998 2515 1060 2568 με
1115 2494 1474 2561 ἀναϐαίνοντα,
1524 2502 1613 2548 καὶ
1660 2517 1758 2569 μη-

149 2586 265 2634 κέτι
341 2589 456 2644 ταῖς
520 2588 791 2660 προτέραις
852 2581 1031 2647 δόξαις
1103 2586 1473 2657 ὑποφέρεσθαι,
1543 2589 1759 2638 ταπεινὰ

153 2672 570 2745 φανταζομένους
603 2703 609 2710 α
642 2677 758 2747 περὶ
820 2672 944 2743 ἐμοῦ
995 2678 1084 2726 καὶ
1142 2672 1456 2748 ἀνθρώπινα,
1519 2671 1758 2727 συνοδοι-

149 2769 332 2836 πορείν
370 2762 524 2814 πάλιν
582 2775 628 2829 ο,
681 2765 750 2824 ὡς
800 2767 857 2815 τό
908 2769 1050 2837 πρὶν,
1108 2768 1197 2815 καὶ
1252 2760 1608 2838 συνδιαφέρειν
1664 2769 1756 2816 πό-

146 2869 269 2910 νους
322 2855 414 2902 καὶ
467 2849 651 2918 λύπας,
701 2860 930 2924 συνεχῶς
981 2870 1034 2903 τε
1086 2850 1458 2924 ἐπιχωριάζειν
1505 2857 1592 2903 καὶ
1637 2871 1756 2904 συν-

148 2939 450 3002 αλίζεσθαι.
503 2944 568 2992 Σύ
624 2936 682 2992 δέ
731 2960 823 3013 μοι
884 2945 1084 3004 σκόπει,
1147 2941 1284 3002 ὅπως
1337 2946 1422 2993 xui
1482 2938 1750 3013 ἀδελφούς,

149 3027 200 3079 ἐν
254 3036 366 3090 τοῖς
419 3031 543 3104 πρὸς
599 3034 691 3088 τὴν
745 3035 967 3102 γυναῖκα
1023 3031 1276 3104 ῥήμασιν,
1340 3033 1460 3090 τούς
1515 3032 1753 3101 μαθητὰς

1871 1864 2103 1921 habens
2128 1867 2274 1922 illud
2301 1868 2422 1938 egi;
2453 1867 2560 1922 sed
2590 1883 2788 1924 rerum
2810 1868 3076 1938 ipsarum
3100 1871 3301 1933 status,
3339 1870 3395 1920 et
3424 1881 3525 1920 na-

1873 1960 2024 2023 tura,
2056 1964 2110 2013 et
2152 1957 2246 2011 lex
2307 1973 2453 2012 meae
2506 1955 2893 2028 providentiae
2950 1962 3005 2011 et
3060 1953 3525 2026 dispensationis

1871 2045 2211 2111 ineti‘abilis,
2243 2045 2304 2100 id
2333 2045 2414 2102 ita
2452 2045 2577 2101 vult
2614 2044 2912 2116 imprimis
2965 2044 3274 2100 obtinere:
3329 2057 3525 2115 neque

1872 2135 2071 2190 minus
2111 2135 2213 2191 tibi
2248 2136 2374 2201 erit,
2422 2136 2473 2190 si
2520 2150 2642 2190 non
2690 2139 2746 2189 et
2788 2133 3004 2204 majus,
3048 2133 3094 2187 si
3143 2133 3259 2189 hoc
3294 2132 3526 2188 deside-

1868 2225 2022 2280 rium
2050 2230 2216 2280 tuum
2241 2240 2362 2280 non
2394 2223 2807 2295 adimpleatur.
2839 2225 2982 2278 Ecce
3020 2237 3131 2292 ego
3159 2221 3435 2277 nuntium
3468 2225 3523 2277 te

1869 2313 2316 2370 resurrectionis
2363 2329 2513 2369 meae
2544 2312 2622 2369 ad
2653 2311 2982 2384 discipulos
3033 2310 3285 2382 ablego:
3338 2316 3394 2368 et
3451 2327 3524 2368 ea

1868 2419 2003 2476 quae
2051 2403 2164 2458 illis
2201 2403 2299 2459 tibi
2340 2403 2516 2458 etiam
2579 2403 2870 2458 annuntio
2939 2400 3324 2472 intelligenda
3372 2417 3385 2455 :
3437 2402 3522 2458 Me

1869 2493 2190 2548 ascendere
2211 2492 2289 2549 ad
2337 2492 2624 2556 Patrem;
2659 2507 2769 2546 nec
2819 2495 2881 2546 ut
2927 2489 3069 2545 olim
3120 2489 3524 2560 imaginentur

1866 2580 2136 2637 humano
2167 2597 2332 2637 more
2362 2585 2418 2635 et
2447 2581 2696 2651 abjecto,
2728 2596 2823 2636 me
2855 2579 3214 2635 scilicetuna
3235 2597 3372 2634 cum
3408 2579 3522 2634 illis

1867 2671 2313 2736 ambulaturum,
2345 2676 2445 2726 aut
2501 2669 2737 2725 labores
2777 2676 2879 2725 aut
2922 2668 3226 2725 molestias
3280 2668 3524 2724 ulterius

1867 2759 2274 2827 toleraturum,
2315 2760 2653 2832 frequenter
2691 2760 2764 2814 de
2808 2759 2939 2815 loco
2965 2759 3024 2814 in
3060 2758 3257 2814 locum
3286 2759 3519 2827 iturum,

1865 2855 1964 2905 aut
1990 2865 2200 2905 mensae
2226 2849 2664 2905 accubiturum.
2695 2849 2940 2904 Attende
2974 2849 3149 2904 etiam
3197 2848 3360 2919 quod
3405 2861 3522 2901 ser-

1865 2955 2074 2994 mones
2103 2955 2308 2994 serens
2335 2954 2467 2993 cum
2503 2938 2768 3002 muliere,
2800 2938 3030 3006 fratres
3057 2936 3314 3008 appellet
3342 2935 3520 2990 disci-

1863 3027 2032 3098 pulos
2061 3045 2201 3084 suos
2233 3050 2244 3081 :
2278 3028 2359 3083 ita
2392 3027 2641 3082 omnino
2671 3025 3070 3081 conﬁdentem
3102 3041 3236 3080 eam
3271 3023 3518 3079 reddere

146 3116 476 3190 ἐπωνόμασε,
533 3117 735 3193 θαρρεῖν
807 3119 961 3177 αὐτὴν
1016 3115 1109 3170 διὰ
1165 3121 1364 3170 πάντων
1420 3123 1752 3193 παρασκευά-

1866 3116 2118 3183 volebat,
2145 3133 2255 3172 nec
2280 3115 2610 3189 quidquam
2642 3114 2844 3170 animo
2867 3115 3271 3170 molestiarum
3302 3112 3521 3169 admit-

148 3207 276 3271 ζων,
333 3212 423 3259 xui
475 3203 641 3280 μηδὲν
694 3207 922 3282 λυπηρόν
976 3204 1358 3278 ὑποδέχεσθαι.
1397 3207 1456 3259 Ὀ
1502 3211 1602 3282 ’γὰρ
1652 3217 1751 3260 τῶν

145 3293 388 3368 ἀδελφῶν
434 3301 528 3356 τὴν
572 3297 756 3356 κλῆσιν
801 3305 904 3358 τοῖς
951 3299 1211 3370 μαθηταῖς
1237 3298 1609 3372 χαριζόμενος,
1643 3294 1753 3348 εἶτα

145 3388 346 3443 ταύτην
407 3384 616 3446 ἐκείνοις
685 3389 1033 3460 συναριθμῶν,
1082 3392 1172 3438 καὶ
1235 3395 1334 3438 τῶν
1410 3389 1538 3437 ἴσων
1598 3384 1752 3447 ἀξιῶν

144 3482 326 3528 πᾶσαν
379 3475 543 3537 αὐτῆς
598 3475 796 3542 λύπην,
837 3482 928 3529 καὶ
981 3475 1211 3547 ὑποψίας
1267 3475 1468 3538 ἐξέϐαλε
1513 3474 1749 3552 θόρυϐον.

145 3573 320 3638 Σοφῶς
369 3562 429 3618 δὲ
476 3565 604 3632 λίαν,
656 3572 745 3618 xui
792 3568 1097 3640 θεοπρεπῶς,
1149 3571 1238 3618 xui
1286 3568 1364 3630 τὸ,
1405 3588 1425 3614 ‹
1487 3568 1623 3636 Πρός
1668 3567 1752 3616 τὸν

144 3660 361 3728 Πατέρα
407 3675 527 3727 μου,
583 3659 671 3708 καὶ
723 3659 930 3722 Πατέρα
982 3656 1142 3725 ὑμῶν,
1204 3678 1221 3703 ι
1281 3656 1416 3706 κατὰ
1469 3651 1754 3712 διαστολὴν

138 3745 456 3816 προηνέχθη
515 3749 603 3796 καὶ
657 3739 940 3796 διάστασιν
974 3761 984 3774 ·
1036 3752 1136 3795 τῶν
1197 3741 1460 3795 συλλαϐῶν
1513 3751 1584 3813 τῷ
1637 3761 1754 3794 συν-

139 3828 352 3904 δέσμςό,
401 3842 496 3894 τῆς
542 3841 642 3884 τῶν
692 3835 1014 3908 πραγμάτων
1073 3829 1324 3906 διαφορᾶς
1377 3836 1467 3884 καὶ
1523 3831 1754 3904 ἑτερότης

134 3940 226 3982 τος
276 3921 732 3994 ἐπιτρανουμένης.
791 3930 874 3993 Τῷ
919 3926 1008 3993 μεν
1057 3923 1157 3995 γὰρ
1206 3918 1488 3986 ἰδιάζοντι,
1528 3925 1617 3979 τὴν
1663 3923 1753 3992 φύ-

134 4030 226 4064 σιν
258 4008 426 4074 ἔδειξε
462 4029 474 4041 ⁶
515 4021 585 4082 τῷ
628 4008 688 4064 δὲ
737 4020 910 4082 κοινῷ,
953 4016 1042 4069 τὴν
1083 4012 1244 4082 χάριν
1289 4009 1559 4080 ἐμήνυσεν.
1591 4003 1752 4062 Ὅσον

131 4097 200 4153 δὲ
247 4104 428 4174 φύσις,
472 4103 692 4172 χάριτος
743 4106 833 4154 καὶ
863 4103 1126 4159 υἱοθεσίας
1171 4095 1472 4170 διενήνοχεν
1505 4116 1518 4128 ·
1553 4097 1600 4149 ἐν
1631 4116 1748 4149 τοσο

128 4194 274 4261 ούτῳ
319 4193 494 4260 μέτρῳ
537 4196 627 4248 τῆς
672 4190 962 4263 ὑπεροχῆς,
1008 4193 1095 4240 καὶ
1146 4189 1175 4245 ἡ
1230 4190 1358 4258 πρός
1400 4191 1487 4239 τόν
1532 4188 1617 4239 ἕνα
1661 4190 1752 4237 καὶ

125 4285 389 4351 μονογενῆ
451 4285 541 4330 τοῦ
599 4283 804 4352 Πατρός
859 4279 974 4331 κατ’
1030 4277 1212 4330 ούσίαν
1266 4280 1471 4348 σχέσις,
1533 4285 1628 4338 τῆς
1695 4276 1750 4327 ἐκ

126 4369 529 4442 σιλανθρωπίας
576 4373 664 4420 καὶ
705 4371 901 4434 οἴκτου,
948 4371 1079 4442 πρὸς
1121 4370 1240 4427 τούς
1290 4366 1471 4427 ἄλλους
1520 4371 1751 4437 σχέσεως

123 4461 489 4534 ύπερανέχει·
545 4462 635 4509 xui
688 4455 1038 4531 ὑπερίδρυται
1091 4462 1180 4508 καὶ
1257 4458 1282 4507 ὁ
1335 4461 1610 4528 μονογενὴς
1669 4453 1747 4538 δὲ,

122 4547 298 4608 δῆλον
338 4550 441 4612 ὅτι,
472 4556 570 4599 τῶν
616 4547 814 4600 πολλῶν
845 4550 989 4614 υἱῶν,
1029 4546 1166 4619 [καὶ]
1211 4546 1300 4608 οὓς
1329 4548 1358 4605 ἡ
1394 4549 1556 4621 χάρις
1601 4545 1746 4598 ἐκυοο

119 4645 370 4714 φόρησεσ
409 4633 514 4702 διό,
557 4641 764 4712 Πατέρα
792 4657 914 4710 μου,
949 4637 1123 4702 εἰπὼν,
1157 4641 1264 4701 xui,
1299 4640 1357 4688 τὸ
1405 4641 1622 4706 ’γνήσιον
1651 4644 1745 4697 τῆς

117 4733 363 4802 φύσεως,
417 4735 489 4798 τῷ
543 4722 804 4788 ἰδιάζοντι
843 4726 1118 4800 ἀφορίσας,
1168 4731 1279 4791 xui,
1327 4729 1531 4800 Πατέρα
1578 4726 1739 4796 ὑμῶν,

117 4820 442 4888 ἐπενήνοχε,
498 4821 590 4875 τὴν
646 4815 701 4868 ἐκ
760 4815 1055 4888 φιλοτιμίας
1107 4818 1246 4869 θέσιν
1299 4819 1386 4866 xui
1443 4814 1742 4872 εἰσποίησιν

111 4918 224 4961 τῶν
320 4904 626 4958 ἀποστόλων
698 4907 1164 4976 παραστησάμενος
1196 4921 1208 4933 '
1286 4909 1374 4955 xui
1451 4906 1528 4969 τὸ,
1612 4908 1738 4956 Θεόν

107 5018 245 5072 μου,
295 4992 359 5048 δὲ
420 4999 528 5060 xui,
585 4997 712 5048 Θεὸν
776 4995 937 5066 ὑμῶν,
993 4998 1119 5067 πρὸς
1184 4998 1276 5052 τὴν
1348 4992 1509 5050 αὐτὴν
1561 4991 1738 5065 βλέπει

106 5086 389 5148 διάνοιαν,
441 5089 530 5136 xui
572 5092 663 5144 τῆς
705 5083 869 5146 αὐτῆς
917 5089 1129 5156 γνώμης
1179 5087 1372 5158 ᾕρηται
1418 5093 1464 5136 Ρ.
1513 5085 1607 5134 Διὰ
1647 5087 1736 5154 μὲν

97 5181 218 5251 γὰρ
269 5182 389 5238 τοῦ,
424 5177 552 5227 Θεόν
595 5192 714 5247 μου,
746 5177 804 5226 τὸ
853 5177 1087 5245 συγγενὲς
1128 5180 1219 5225 τού
1264 5172 1374 5234 ἐνὸς
1416 5176 1504 5223 καὶ
1549 5171 1734 5223 οἰκεῖον

99 5261 629 5340 περιλαμϐανόμενον
731 5261 1144 5336 ἁνακηρύττεται
1175 5283 1187 5296 -
1267 5257 1362 5314 διὰ
1459 5256 1518 5313 δε
1617 5269 1730 5329 τοῦ,

1864 3212 2001 3264 tere.
2027 3207 2134 3272 Qui
2156 3206 2314 3262 enim
2347 3205 2596 3262 fratrum
2647 3203 2844 3259 titulos
2867 3203 3173 3275 discipulis
3227 3201 3513 3268 attribuit,

1863 3300 1919 3351 et
1943 3298 2003 3350 in
2035 3295 2248 3351 eodem
2281 3309 2531 3349 numero
2579 3310 2714 3349 cum
2740 3292 2853 3348 illis
2887 3309 2947 3348 se
2986 3292 3218 3361 habuit,
3257 3291 3384 3363 pari
3414 3291 3518 3347 ho-

1863 3401 2006 3440 nore
2037 3385 2336 3456 dignatus,
2375 3389 2529 3439 certe
2565 3399 2809 3439 omnem
2861 3383 2938 3438 ab
2999 3398 3070 3437 ea
3110 3380 3405 3436 tristitiam
3462 3384 3518 3435 et

1865 3473 2227 3546 suspicionis
2247 3473 2570 3529 tumultum
2591 3470 3018 3528 exemit.Valde
3029 3470 3352 3542 quinetiam
3380 3485 3519 3542 pru-

1865 3563 2071 3620 denter
2103 3571 2158 3620 et
2196 3563 2396 3619 divino
2431 3578 2618 3632 more,
2658 3562 2779 3627 illa,
2817 3581 2841 3611 σι
2912 3560 3001 3615 Ad
3031 3559 3260 3614 Patrem
3288 3574 3513 3622 meum,

1865 3659 1920 3708 et
1943 3655 2174 3709 Patrem
2205 3658 2488 3718 vestrum,
2522 3672 2550 3704 »
2600 3668 2706 3723 per
2731 3649 3204 3722 discrepantiam
3263 3647 3516 3703 efferun-

1864 3747 1978 3810 tur,
2009 3748 2065 3799 et
2090 3742 2432 3799 distantiam
2466 3741 2652 3806 ;dum
2695 3740 3065 3813 syllabarum
3114 3737 3513 3809 copulatione,

1863 3848 2064 3887 rerum
2096 3831 2408 3888 diversitas
2439 3835 2491 3886 et
2523 3831 2821 3886 altereitas
2855 3828 3111 3885 effertur.
3139 3827 3320 3882 Plane
3351 3827 3513 3882 enim

1864 3936 1970 3992 per
1991 3921 2052 3976 id
2082 3921 2245 3992 quod
2274 3919 2585 3993 proprium
2619 3924 2728 3984 est,
2760 3925 3037 3974 naturam
3071 3916 3331 3972 ostendit
3358 3931 3370 3970 :
3410 3930 3517 3986 per

1863 4010 1922 4064 id
1952 4010 2117 4082 quod
2147 4025 2490 4073 commune,
2522 4007 2783 4063 declarat
2811 4009 3084 4076 gratiam.
3117 4007 3180 4060 In
3219 4010 3512 4077 quantum

1863 4106 2076 4153 natura
2101 4097 2436 4168 disparatur
2462 4113 2498 4153 a
2537 4098 2747 4165 gratia,
2780 4095 2842 4150 in
2889 4101 3120 4150 tantum
3169 4109 3273 4165 per
3326 4090 3514 4147 excel-

1862 4185 2051 4244 lentiae
2086 4186 2354 4249 modum,
2389 4186 2592 4252 Patris,
2625 4184 2957 4239 secundum
2984 4183 3320 4245 essentiam,
3350 4177 3514 4234 habi-

1862 4279 2027 4340 tudo,
2057 4276 2133 4331 ad
2166 4277 2409 4330 unicum
2445 4280 2498 4329 et
2540 4273 2912 4343 unigenitum
2939 4271 3172 4337 Filium,
3209 4275 3513 4326 transcen-

1863 4366 1952 4420 dit
1980 4365 2250 4422 habitum
2281 4380 2421 4434 erga
2433 4363 2580 4420 alios
2600 4361 2921 4429 ﬁliationis,
2943 4378 3074 4434 quae
3111 4362 3186 4417 ab
3205 4359 3510 4416 hominum

1862 4471 2066 4511 amore
2096 4463 2151 4510 et
2183 4453 2560 4509 miseratione
2604 4452 2824 4508 oritur:
2855 4451 3167 4520 exaltatur,
3199 4448 3353 4522 quod
3407 4462 3510 4519 ap-

1862 4551 2050 4616 paret,
2085 4544 2422 4614 unigenitus
2447 4558 2626 4614 super
2654 4540 2874 4596 multos
2910 4539 3056 4595 tilios
3100 4555 3252 4612 quos
3284 4537 3512 4611 peperit

1860 4639 1918 4690 et
1947 4632 2252 4706 parturivit
2272 4631 2463 4701 gratia
2493 4648 2506 4697 ;
2540 4633 2782 4687 Patrem
2801 4646 2987 4685 meum
3023 4629 3244 4685 idcirco
3282 4629 3502 4693 dicens,

1856 4740 1962 4797 per
1983 4723 2042 4778 id
2071 4722 2234 4796 quod
2268 4721 2576 4793 proprium
2616 4726 2723 4787 est,
2773 4726 3002 4774 naturae
3055 4719 3506 4789 germanitatem

1857 4829 2168 4884 separans,
2193 4811 2436 4877 addidit,
2471 4817 2522 4866 et
2555 4811 2796 4865 Patrem
2827 4816 3104 4874 vestrum,
3134 4808 3389 4863 innuens
3421 4806 3504 4861 ni-

1852 4904 2069 4958 mirum
2095 4901 2483 4972 adoptionem
2511 4903 2566 4954 et
2595 4897 2960 4954 allectionem
2992 4895 3390 4968 apostolorum
3434 4910 3507 4950 ex

1851 4992 2075 5046 amoris
2107 4989 2479 5045 vehementia
2507 5005 2520 5043 :
2552 4987 2728 5043 etiam
2758 4985 2926 5055 illud,
2960 4987 3148 5041 Deum
3209 4999 3422 5050 meum,
3453 4989 3508 5040 et

1851 5081 2028 5136 Deum
2063 5086 2340 5145 vestrum,
2369 5077 2643 5134 eamdem
2675 5076 3025 5130 sententiam
3053 5074 3310 5145 respicit,
3341 5079 3399 5130 et
3428 5075 3506 5130 ab

1848 5170 2061 5226 eodem
2093 5185 2269 5225 sensu
2295 5167 2510 5223 dicitur
2542 5182 2554 5220 :
2588 5181 2732 5222 nam
2765 5180 2869 5236 per
2899 5166 3082 5221 Deum
3123 5179 3340 5229 meum,
3368 5179 3506 5221 con-

1846 5275 2136 5330 generum
2158 5258 2338 5314 unius
2367 5262 2424 5313 et
2449 5254 2765 5328 peculiare,
2788 5253 3319 5325 circumscriptum,
3361 5268 3506 5326 prte-

1595 5491 1832 5548 VARIAE
1875 5489 2165 5547 LECTION
2171 5491 2273 5546 ES.

184 5730 233 5761 ιιι
268 5717 416 5788 εἴπῃ.

495 5723 522 5754 η
549 5711 610 5767 C.
640 5707 718 5766 M.
753 5705 1198 5769 συντελεσθείσης.
1276 5717 1303 5748 ο
1335 5703 1396 5762 C.
1437 5707 1505 5763 M.
1528 5702 1636 5778 ἐμοὶ
1665 5704 1846 5760 deest.
1923 5714 1954 5758 ι)
1981 5707 2062 5760 ἶσ.
2107 5706 2174 5778 ἥρ
2191 5723 2364 5763 τηται.
2396 5703 2456 5758 C.
2488 5703 2560 5760 M.
2595 5705 2818 5780 εἴρηται.
