4076 6202
579 275 681 332 991

1820 272 1907 329 ΡΗ
1917 268 2061 329 ΟΤΙΙ
2100 268 2577 331 ΡΑΤΒΙΑΗΟΗιΕ
2615 275 2717 333 CP.

3814 282 3881 338 Μ

577 400 810 457 dicatur
841 416 853 455 :
887 413 994 471 per
1026 394 1188 466 illud,
1215 397 1401 453 Deum
1461 403 1741 466 vestrum,
1765 398 2092 454 multorum
2125 413 2237 454 ser-

2357 402 2484 451 Θεόν
2534 402 2696 471 ὑμῶν,
2738 408 2837 452 τῶν
2890 397 3087 452 πολλῶν
3134 402 3191 452 τό
3242 395 3425 452 δοῦλον
3470 405 3563 453 καὶ
3606 402 3803 459 ὑπήκοον
3830 414 3884 459 ut

577 490 707 549 vilis
733 488 1016 553 conditio,
1046 491 1102 543 et
1119 486 1429 557 subjectio,
1453 491 1511 542 et
1532 486 1691 558 quod
1739 503 2059 544 commune
2077 488 2240 559 quid-

579 579 723 635 dam
741 583 847 641 est,
873 576 1186 649 productio
1208 580 1593 632 monstratur.
1626 576 1786 632 Patet
1818 576 1974 632 enim
1996 575 2242 632 omnino

580 668 827 731 cunctis,
858 666 1021 737 quod
1061 669 1122 720 ut
1160 664 1456 721 interdum
1492 665 1551 720 id
1584 665 1745 738 quod
1801 666 2132 737 subjicitur,
2186 667 2245 720 et

577 756 743 829 quod
773 757 1142 824 immutatur,
1182 760 1285 809 aut
1311 754 1838 825 superiusexsistit,
1870 771 1975 826 per
2014 770 2240 819 vocem,

578 861 790 910 meum,
812 844 1120 900 intimatur
1154 844 1267 905 ;ita
1284 859 1510 910 rursus,
1531 843 1783 915 aequale,
1818 859 2240 915 congenerum,

579 941 635 990 et
660 933 921 989 maxime
953 933 1294 1002 genuinum,
1328 948 1432 1003 per
1476 931 1744 987 eamdem
1793 932 1989 1003 ipsam
2032 948 2241 987 vocem

577 1022 889 1078 indicatur.
934 1025 1064 1076 Haec
1122 1036 1233 1090 ego
1310 1020 1413 1076 tibi
1465 1020 1524 1075 in
1565 1020 1870 1092 exemplar
1923 1019 2240 1076 delineavi.

579 1112 769 1168 multo
799 1110 1079 1167 humilius
1105 1126 1291 1182 quam
1310 1109 1641 1181 postulabat
1669 1114 2244 1179 argumentum,om-

578 1202 722 1257 nino
762 1208 960 1257 tamen
986 1216 1109 1256 non
1131 1199 1359 1265 exilius,
1385 1199 1431 1254 si
1450 1199 1715 1272 epistolae
1733 1215 1876 1253 usus
1908 1198 2245 1254 considere-

580 1294 1041 1445 ιω’(ὶιωετιο
1104 1375 1304 1433 CCXIX
1362 1376 1569 1448 [CoisL

1293 1465 1545 1538 CLXIII].

1646 1377 1866 1443 CLXIV,
1901 1377 2082 1433 Taur.

2354 491 2411 540 τὸ
2490 485 2986 561 δεδημιουργήσθαι
3058 492 3500 561 κοινοποιούμενον
3579 488 3885 549 ἓπιδιίκνντιι,

2356 576 2513 635 Δῆλον
2558 580 2677 651 γὰρ,
2716 575 2872 636 δῆλον
2917 578 3133 643 ἅπασιν,
3168 580 3266 644 ὅτι,
3301 581 3471 653 ὥσπερ
3523 577 3679 632 ἐνίοτε
3721 584 3768 632 τό
3809 584 3887 634 ὑπό.

2356 664 2576 728 ϐεϐηκός
2622 672 2711 718 καὶ
2763 666 3209 741 παρηλλαγμένον,
3261 668 3290 725 ἡ
3348 672 3404 719 τὸ
3452 669 3715 740 ὑπερέχων
3757 682 3797 730 ς,
3832 668 3887 722 διὰ

2355 762 2445 814 τῆς
2511 763 2622 820 τοῦ,
2685 754 2831 827 ἐμοῦ,
2899 766 3064 827 φωνῆς
3123 754 3528 827 ἐνσημαίνεταιο
3586 756 3713 807 οὕτω
3772 759 3887 819 πίω,

2355 848 2531 895 καὶτὸ
2582 848 2695 896 ’ίσον
2744 849 2835 896 καὶ
2884 848 3127 915 συγγενὲς
3178 850 3268 897 καὶ
3308 848 3685 915 γνησιώτατον,
3728 844 3805 897 διὰ
3835 858 3890 906 τξς

2356 932 2513 993 αὐτῆς
2566 934 3021 1008 χαρακτηρίζεται
3078 933 3274 996 λέξεως.
3330 934 3483 985 Ἀλλὰ
3526 942 3690 985 ταῦτα
3728 941 3802 1005 μέν
3840 956 3891 987 σοι

2354 1025 2482 1095 πρὸς
2530 1023 2867 1075 ὑποτύπωσιν
2918 1019 3237 1097 διεχάραξα,
3283 1031 3377 1085 τῆς
3419 1027 3508 1095 μὲν
3558 1025 3816 1083 ὑποθέσεως
3837 1045 3891 1075 τα-

2352 1115 2657 1182 πεινότερον,
2705 1121 2800 1173 τῆς
2854 1108 2912 1164 δε
2960 1114 3072 1163 κατ’
3124 1110 3399 1169 ἐπιστολὴν
3442 1117 3652 1186 χρείας,
3698 1114 3801 1172 ἴσως
3834 1114 3891 1163 οὐκ

2354 1196 2694 1273 ἐνδεέστερον.

2905 1384 3219 1432 ΕΡΩΤΗΣιΣ
3258 1377 3406 1436 218'.

699 1594 853 1643 Edita
894 1608 925 1641 a
952 1593 1274 1641 Montacutio
1297 1603 1396 1655 (ep.
1425 1592 1533 1647 138,
1567 1591 1635 1640 ad
1656 1591 2013 1647 Theodorum,
2050 1606 2103 1654 p.
2140 1591 2237 1646 193,

2348 1591 2413 1651 4).
2471 1618 2507 1626 -
2536 1592 2607 1639 De
2638 1591 2829 1640 Christi
2861 1592 3059 1641 sudore
3081 1593 3398 1655 sanguineo.
3429 1592 3555 1642 Luc.
3586 1607 3705 1651 xm,
3728 1594 3779 1643 Η

652 1708 1038 1765 Proverbium
1075 1713 1392 1778 usurpatur
1450 1706 1522 1761 de
1572 1706 1742 1761 valde
1794 1706 2150 1775 lugentibus,
2185 1710 2239 1762 et
2274 1705 2317 1759 B

580 1814 836 1868 agonem
866 1796 1251 1868 patientibus,
1279 1796 1643 1865 Sanguinem
1686 1796 1921 1850 sudavit
1956 1812 1968 1861 ;
1996 1802 2057 1849 ut
2084 1800 2139 1849 et
2164 1794 2237 1849 de

578 1885 650 1941 iis
676 1887 779 1958 qui
832 1884 1038 1941 acerbe
1068 1885 1492 1953 lamentantur,
1523 1884 1879 1954 Sanguinem
1908 1885 2123 1952 plorat.
2182 1882 2239 1937 Si

577 1976 713 2047 quis
761 1975 837 2031 ad
877 1973 1159 2030 eumdem
1205 1974 1450 2029 modum
1479 1972 1790 2028 arbitretur
1815 1973 2138 2027 deductum
2183 1977 2238 2027 et

578 2068 937 2135 usurpatum
966 2063 1104 2117 illud
1122 2063 1282 2133 apud
1318 2062 1561 2117 beatum
1592 2061 2060 2132 Lucam,(neque
2079 2061 2235 2115 enim

576 2152 667 2209 vir
696 2153 809 2223 ille,
846 2152 1161 2207 illiusmodi
1190 2151 1475 2207 doctrinae
1516 2150 1715 2205 leviter
1758 2150 2015 2205 imbutus
2059 2149 2187 2220 fuit)
2220 2167 2232 2205 :

581 2262 609 2294 ‹‹
636 2243 841 2299 Flebat
870 2248 1060 2297 autem
1082 2242 1267 2296 sudor
1297 2240 1426 2311 ejus
1448 2245 1736 2311 tanquam
1772 2240 2078 2309 sanguinis
2104 2254 2237 2308 gru-

581 2332 663 2387 mi
698 2355 709 2386 :
745 2350 772 2383 »
800 2331 988 2386 habes
1018 2331 1075 2386 id
1104 2330 1262 2402 quod
1296 2330 1632 2401 quaerebas.
1662 2328 1831 2393 Quod
1852 2328 1897 2381 si
1926 2328 2028 2383 tibi
2052 2330 2236 2383 visum

581 2420 873 2477 curiosius
903 2420 975 2474 de
1013 2420 1123 2474 hoc
1154 2419 1311 2473 dicto
1359 2419 1732 2473 inventiones
1779 2416 2054 2487 adjicere,
2084 2423 2235 2472 certe

582 2525 682 2580 per
713 2509 973 2580 seipsum
1033 2507 1202 2563 facile
1238 2507 1565 2578 expeditur,
1621 2506 1785 2577 quod
1833 2522 1969 2560 cum
2001 2506 2233 2573 dixerit,

586 2619 605 2646 ‹
642 2597 814 2669 quasi
847 2598 1041 2666 grumi
1084 2596 1408 2666 sanguinis,
1456 2617 1484 2647 »
1514 2611 1632 2649 non
1672 2595 1953 2649 indicavit
1986 2595 2235 2651 sudasse

580 2684 748 2740 illum
780 2685 1089 2754 sanguinis
1111 2699 1359 2753 grumos
1393 2703 1405 2741 :
1433 2699 1626 2755 neque
1653 2684 1812 2737 enim
1844 2682 1922 2737 ad
1960 2684 2233 2738 similitu-

579 2774 780 2829 dinem
808 2790 1015 2829 eorum
1051 2773 1297 2828 dixisset
1348 2772 1597 2827 sudores
1641 2772 2049 2828 exstitissezat
2104 2780 2231 2828 tan-

578 2879 756 2936 quam
788 2863 1006 2934 grumi,
1032 2862 1147 2918 hoc
1177 2862 1370 2933 ipsum
1400 2862 1698 2933 praecipue
1725 2860 1933 2915 docet:
1968 2867 2121 2917 certe
2136 2878 2234 2918 vo-

578 2952 687 3008 luit
716 2951 767 3007 id
789 2951 1189 3018 subindicare,
1236 2950 1392 3023 quod
1424 2966 1546 3005 non
1564 2951 1778 3021 exiguo
1799 2950 2069 3021 quodam
2101 2967 2233 3006 rore

2426 1711 2686 1778 Παροιμίαι
2740 1706 2963 1778 λέγεται,
3025 1706 3107 1759 ίπὶ
3178 1717 3277 1760 τῶν
3352 1706 3562 1781 σφόδρα
3625 1708 3891 1779 λυπουμένων

2351 1800 2437 1846 καὶ
2490 1794 2838 1866 ἀγωνιώντων,
2897 1798 3089 1867 Αῖματι
3158 1793 3381 1869 ἵδρωσεν
3414 1819 3427 1830 ·
3488 1800 3658 1870 ὥσπερ
3709 1804 3785 1849 καὶ
3838 1802 3892 1849 ἐπι

2349 1893 2446 1937 τῶν
2500 1892 2695 1956 πικρῶς
2741 1881 3087 1957 ὀδυρομένων,
3142 1887 3335 1958 Αἴματι
3382 1886 3572 1939 κλαίει.
3625 1888 3679 1939 Εἰ
3722 1891 3797 1958 μὲν
3836 1883 3893 1936 οὖν

2350 1976 2484 2025 κατὰ
2537 1978 2715 2025 τοῦτόν
2769 1994 2849 2035 τις
2896 1971 3316 2048 πεπαρῳδῆσθαι
3370 1981 3583 2047 νομίσοι
3630 1979 3708 2027 τὸν
3754 1980 3892 2047 τρόπον

2352 2059 2498 2131 (οὐδὲ
2548 2065 2648 2135 γὰρ
2708 2070 2805 2113 τῶν
2872 2066 3117 2114 τοιούτων
3190 2066 3515 2135 μαθημάτων
3588 2066 3612 2115 ὁ
3681 2063 3791 2134 ἀνὴρ
3838 2062 3893 2113 ἔτι·

2350 2154 2550 2217 ηκοος),
2592 2156 2682 2202 καὶ
2729 2154 2787 2203 τό
2828 2154 2969 2223 παρά
3012 2160 3083 2219 τῷ
3132 2154 3389 2222 θεσπεσίῳ
3443 2159 3621 2222 Λουκᾲ
3667 2152 3889 2224 εἰρημένον,
3980 2152 3981 2197 ξ

2354 2263 2374 2289 ε
2416 2242 2638 2311 Ἐγένετο
2668 2238 2726 2291 δὲ
2769 2241 2794 2291 ὁ
2828 2236 2985 2313 ἱδρὼς
3018 2240 3195 2306 αὐτοῦ,
3230 2244 3353 2293 ὡσεὶ
3402 2240 3622 2315 θρόμϐοι
3650 2244 3847 2311 αἱματοςο
3873 2260 3889 2287 ιι

2350 2332 2490 2399 ἔχεις
2530 2332 2585 2380 τὸ
2618 2332 2842 2400 ζήτημα.
2880 2329 2936 2381 Εἰ
2977 2325 3035 2381 δὲ
3064 2335 3448 2404 περιεργότερον
3481 2330 3811 2388 ίπινενοῆσθαί
3834 2346 3889 2378 σοι

2350 2424 2499 2470 τοῦτο
2540 2414 2681 2479 δόξει
2715 2435 2725 2446 ·
2759 2417 2865 2468 ἀλλ’
2896 2414 2982 2469 οὖν
3027 2417 3183 2470 ἐκεῖνο
3213 2418 3425 2471 αὐτόθεν
3471 2422 3586 2490 ἔχει
3628 2422 3679 2471 τὸ
3720 2418 3887 2477 εὔκολον,

2348 2508 2445 2567 ὅτι,
2498 2525 2524 2556 (ι
2567 2505 2709 2558 Ὠσεὶ
2756 2504 2972 2579 θρόμϐοι
3017 2508 3257 2578 αἳματος,
3303 2528 3329 2559 »
3372 2508 3551 2574 εἰπὼν,
3598 2508 3653 2559 οὗ
3695 2504 3889 2580 θρόμϐους

2350 2594 2579 2669 ἱδρῶσαι
2628 2593 2920 2666 ἀπεφήνατο
2966 2596 3183 2666 αἵματος
3222 2596 3303 2667 (ού
3352 2600 3452 2667 γὰρ
3508 2596 3568 2648 ἂν
3620 2596 3726 2647 καθ’
3762 2598 3887 2665 ὁμοιό-

2346 2704 2480 2741 τητα
2572 2686 2766 2734 τούτων
2861 2684 3055 2756 εἰρήκει
3146 2686 3387 2754 γενέσθαι
3475 2689 3593 2746 τοὺς
3681 2681 3884 2756 ἱδρῶτας·

2346 2782 2496 2825 τοῦτο
2550 2775 2652 2844 γὰρ
2722 2781 2895 2843 σαφῶς
2966 2770 3226 2837 δηλονότι,
3281 2776 3338 2825 τὸ
3388 2794 3415 2825 ‹‹
3466 2776 3592 2826 ὡσεὶ
3644 2772 3837 2847 θρόμϐοι,
3868 2792 3885 2815 ι

2345 2862 2661 2936 παρίστησι)
2693 2877 2705 2890 ⁸
2742 2861 2894 2913 θέλων
2948 2858 3006 2914 δὲ
3057 2862 3247 2934 μᾶλλον
3295 2859 3565 2929 δηλῶσαι,
3605 2866 3665 2923 ὡς
3701 2861 3805 2931 ούχὶ
3835 2860 3886 2908 1:-

2345 2960 2495 3011 πταῐς
2536 2970 2647 3002 τισι
2693 2956 2881 3014 νοτίσι,
2914 2956 3002 3003 καὶ
3046 2952 3149 3003 οἷον
3201 2947 3462 3014 ἐνδείξεως
3506 2955 3664 3025 χάριν
3691 2954 3887 3020 inemo-

574 3039 991 3097 effundebatur
1029 3056 1246 3112 corpus
1282 3039 1525 3105 Domini,
1556 3038 1634 3094 ad
1676 3038 1935 3111 speciem
1997 3042 2230 3095 tantum

2348 3044 2534 3111 μέναις,
2577 3043 2632 3091 τὸ
2678 3044 2989 3091 Δεσποτικὸν
3039 3041 3292 3100 ἐνοτίζετο
3340 3050 3518 3113 σῶμα,
3567 3040 3669 3092 ἁ)λ’
3710 3043 3767 3098 ὡς
3800 3036 3886 3091 ἀλη-

573 3135 900 3203 apparente
924 3130 1059 3195 ;sed
1081 3129 1241 3200 quod
1262 3129 1547 3184 veraciter
1576 3128 1635 3183 in
1661 3144 1889 3183 morem
1909 3127 2231 3199 grandium

576 3224 877 3288 guttarum
936 3218 1361 3284 distillantium,
1420 3218 1764 3271 universum
1815 3217 1944 3287 ejus
2012 3232 2233 3288 corpus

577 3306 906 3372 difﬂuebat,
932 3312 987 3361 et
1018 3306 1080 3361 id
1114 3312 1173 3362 ut
1198 3308 1454 3369 doceret,
1478 3305 1555 3360 ad
1584 3304 1909 3374 imaginem
1946 3306 2028 3361 rei
2057 3311 2234 3373 gestae

581 3395 1058 3466 exprimendam,
1092 3395 1403 3463 sanguinis
1437 3411 1681 3464 grumos
1714 3396 2039 3465 assumpsit
2070 3395 2127 3449 in
2162 3393 2233 3448 si-

582 3484 1002 3539 militudinem.
1038 3483 1430 3539 Manifestavit
1461 3489 1681 3547 autem,
1724 3484 2233 3555 quemadmodum

583 3587 685 3644 per
701 3573 1108 3628 continuatam
1122 3572 1442 3627 orationem
1456 3577 1511 3627 et
1531 3570 1918 3627 multifariam
1938 3572 2230 3642 agoniam,

585 3661 666 3717 ita
712 3676 817 3731 per
856 3659 1088 3715 sudoris
1136 3659 1224 3714 sui
1272 3659 1755 3723 crassitudinem,
1806 3661 1970 3731 quod
2029 3664 2084 3716 et
2133 3676 2237 3732 per

584 3756 859 3806 naturam
895 3758 951 3805 et
985 3750 1309 3804 secundum
1336 3750 1667 3811 veritatem,
1698 3764 1817 3803 non
1866 3764 1973 3820 per
2001 3764 2235 3805 remon—

585 3840 925 3894 strationem
966 3844 1022 3894 et
1051 3837 1487 3910 apparentiam,
1521 3838 1725 3906 homo,
1780 3839 2052 3893 Servator
2080 3838 2237 3894 dice-

580 3927 758 3984 batur
790 3944 802 3983 :
836 3927 1117 4000 quodque
1132 3926 1503 3982 naturalibus
1533 3927 1847 3982 hominum
1877 3932 1932 3982 et
1971 3927 2236 3999 inculpa-

578 4017 650 4073 tis
700 4016 1403 4073 aﬂ'ectibusinserviebat.
1473 4018 1590 4071 Hoc
1643 4031 1778 4069 cum
1826 4017 2025 4087 reipsa
2070 4032 2237 4072 mon-

576 4110 761 4163 strare
813 4105 984 4161 vellet
1028 4105 1337 4174 Dominus,
1388 4110 1443 4160 et
1478 4104 1641 4177 quod
1700 4104 1864 4160 haud
1898 4106 2234 4161 secundum

574 4194 843 4253 divinam
866 4201 1167 4265 naturam,
1193 4196 1300 4251 sed
1325 4196 1383 4250 in
1408 4194 1688 4261 humana,
1720 4195 2066 4267 passionem
2099 4195 2235 4251 sub-

572 4284 700 4355 iret,
732 4284 937 4349 oravit,
985 4284 1045 4339 in
1100 4285 1321 4355 agonia
1380 4291 1721 4340 versaretur
1788 4299 2067 4339 :crassos
2099 4284 2231 4341 illos

2346 3131 2445 3189 θῶς
2493 3125 2666 3201 ἁδρῶν
2714 3136 2976 3199 σταγόνων
3022 3125 3199 3194 δίκην,
3250 3130 3361 3182 ὅλον
3408 3138 3515 3190 τοῖς
3572 3127 3745 3204 ἱδρῶσι
3781 3145 3883 3197 περι·

2346 3218 2629 3277 εστάζετο·
2680 3221 2796 3277 τοὺς
2851 3226 2948 3269 τῶν
3016 3220 3249 3290 αἱμάτων
3322 3218 3603 3291 θρόμϐους,
3657 3219 3713 3277 εἰς
3764 3216 3885 3268 εἰκόνα

2344 3313 2435 3358 τοῦ
2523 3310 2862 3373 γεγενημένου
2952 3306 3281 3373 παρείληφν·
3360 3304 3581 3365 Ἐδήλον
3666 3304 3716 3359 δὲ
3797 3305 3880 3373 ἄρα’

2346 3397 2517 3466 ὥσπερ
2567 3399 2656 3445 καὶ
2702 3390 2794 3446 διὰ
2837 3403 2929 3456 τῆς
2977 3395 3307 3467 ἐντεταμένης
3352 3406 3678 3469 προσευχῆς,
3712 3399 3785 3445 καὶ
3820 3400 3882 3448 τὶς

2523 3310 2862 3377 γεγενημένου
2952 3306 3281 3380 παρείληφεν,

2349 3483 2533 3543 πολλῆς
2588 3482 2833 3554 ἀγωνίας,
2892 3483 3025 3536 οὕτω
3092 3490 3182 3536 καὶ
3242 3481 3335 3537 διὰ
3397 3495 3492 3547 τῆς
3566 3495 3657 3537 τῶν
3710 3480 3881 3554 ἱδρώτων

2346 3576 2678 3643 παχύτητος,
2737 3576 2806 3634 ὡς
2850 3576 3000 3645 φύσει
3053 3579 3141 3625 καὶ
3186 3572 3409 3639 ἀληθῶς,
3458 3574 3570 3625 ἀλλ’
3618 3574 3701 3626 οὐκ
3736 3566 3880 3623 ἐπιδεί-

2348 3662 2420 3724 ξει
2484 3667 2572 3714 καὶ
2624 3666 2902 3734 φαντασίᾳ,
2959 3664 3225 3736 ἅνθρωπός
3276 3682 3331 3715 τε
3374 3662 3719 3738 ἐχρημάτισεν
3758 3662 3778 3711 ό
3812 3665 3879 3709 Σω-

2346 3757 2463 3826 τὴρ,
2526 3756 2614 3803 καὶ
2674 3759 2784 3812 τοῖς
2848 3760 3089 3823 φυσικοῖς
3144 3762 3244 3804 τῶν
3301 3752 3585 3827 ἀνθρώπων
3646 3757 3720 3805 καὶ
3774 3745 3880 3800 ἀδιε-

2347 3839 2552 3899 ϐλὴτοις
2597 3842 2962 3913 ὑπηρετήσατο
3007 3843 3219 3895 πάθεσι.
3254 3849 3418 3894 Τοῦτο
3462 3844 3568 3917 γὰρ
3615 3842 3725 3893 αὐτὸ
3764 3835 3878 3888 καὶὸ

2347 3934 2609 3990 Δεσπότης
2652 3932 2820 4002 ἔργοις
2872 3932 3150 4003 παριστὰς,
3198 3936 3286 3982 καὶ
3343 3933 3411 3992 ὡς
3459 3931 3593 4002 ούχὶ
3633 3931 3749 3981 κατὰ
3783 3928 3878 3977 θείαν

2346 4020 2520 4090 φύσιν,
2566 4016 2672 4068 ἀλλ’
2714 4017 2762 4068 ἐν
2814 4025 2875 4089 τῇ
2931 4017 3226 4091 ἀνθρωπίνῃ
3272 4023 3330 4071 τὸ
3375 4021 3541 4081 ποίθος
3593 4016 3789 4080 ὶδέξατο,
3820 4015 3879 4062 καὶ

2345 4106 2699 4178 προσηύξατο,
2758 4111 2847 4158 καὶ
2918 4107 3199 4177 ὴγωνίασε,
3248 4112 3336 4159 καὶ
3396 4112 3520 4169 τοὺς
3571 4115 3747 4179 παχιῖς
3794 4103 3880 4154 ἐκεί-

2344 4214 2462 4256 νους
2523 4200 2612 4246 καὶ
2664 4195 3060 4267 παραπλησίους
3119 4198 3342 4268 αἵματος
3393 4196 3663 4270 θρόμϐους,
3713 4190 3879 4265 ἱδρῶτας

2344 4280 2642 4355 ἐξίδρωσεν.
2692 4288 2892 4341 Μηκέτι
2945 4280 3031 4336 οὖν
3084 4304 3168 4337 σοι
3216 4293 3309 4337 τοῦ
3354 4285 3667 4357 Εύαγγελίου
3712 4279 3809 4336 τόδε
3841 4282 3880 4328 τὸ

574 4377 630 4429 et
680 4373 1022 4429 condensos
1056 4373 1304 4428 sudores
1362 4372 1697 4438 exsudavit,
1741 4373 1838 4444 qui
1890 4373 2233 4442 sanguineis

2348 4373 2539 4445 χωρίον
2589 4374 2977 4445 περικεκόφθαι,
3023 4374 3119 4424 κᾶν
3171 4393 3284 4426 τισι
3331 4383 3429 4426 τῶν
3478 4379 3667 4448 Σύρων,
3696 4376 3750 4432 ὡς
3781 4373 3879 4440 ἔφης»

578 4463 806 4534 grumis
858 4462 1372 4519 assimilabantur.
1433 4461 1600 4517 Nullo
1630 4462 1811 4517 modo
1865 4468 2233 4535 quapropter

578 4554 743 4626 apud
772 4560 822 4609 te
851 4553 945 4608 hic
963 4552 1128 4607 locus
1154 4550 1454 4621 Evangelii
1492 4551 1836 4615 rescidatur,
1871 4552 2030 4606 haud
2057 4556 2143 4606 est
2170 4551 2231 4607 id

580 4658 947 4712 congruum;
968 4644 1287 4711 utcunque,
1308 4638 1467 4711 quod
1495 4638 1782 4702 afﬁrmas,
1812 4639 2231 4711 Syrisquibus-

579 4730 721 4789 dam
751 4731 831 4786 ita
855 4730 1051 4785 visum
1070 4732 1157 4783 est
1186 4744 1198 4782 :
1228 4728 1331 4783 sed
1354 4733 1643 4800 tanquam
1677 4728 1819 4782 nihil
1842 4728 2227 4799 impossibile,

2344 4458 2508 4524 δοκεῖ,
2567 4461 2807 4534 εὐπρεπὲς
2871 4466 3049 4533 νόμιζε
3083 4482 3095 4494 ο
3164 4460 3273 4514 ἀλλ’
3330 4465 3394 4524 ὡς
3452 4461 3606 4517 οὐδὲν
3666 4459 3878 4515 ἀδύνατον,

2341 4550 2528 4622 μᾶλλον
2579 4547 2637 4602 δὲ
2687 4555 2774 4601 καὶ
2825 4550 2937 4601 λίαν
2997 4550 3297 4617 ἀκόλουθον,
3352 4552 3399 4603 ἐν
3453 4553 3596 4623 αύτῷ
3642 4550 3882 4625 περιεχόμ-

2341 4660 2443 4705 νον,
2492 4639 2657 4701 καλῶς
2710 4638 2967 4709 ἐπιγνοὺς,
3029 4648 3139 4702 τοῖς
3204 4640 3378 4702 ἄλλοις
3428 4645 3723 4694 συντάσσων
3766 4640 3881 4692 θείοις

2342 4736 2633 4802 χρησμοῖς,
2669 4726 2997 4800 ἁναμφιϐόλῳ
3026 4734 3204 4801 γνώμη
3236 4748 3300 4781 συ
3331 4735 3648 4801 αναγίνωσκε
3672 4742 3708 4781 ι’.

578 4836 789 4876 verum
819 4818 987 4875 facile
1043 4816 1498 4883 admittendum,
1533 4817 1630 4872 illo
1668 4821 1830 4872 textu
1861 4816 2252 4886 contineatur,
2280 4817 2363 4874 ita
2416 4818 2591 4889 probe
2634 4817 2899 4890 recipito,
2928 4833 3066 4874 cum
3116 4817 3359 4891 reliquis
3414 4819 3629 4876 divinis
3680 4810 3880 4874 oraculis

581 4917 997 4977 annumerato,
1022 4916 1077 4968 et
1093 4910 1218 4966 sine
1245 4910 1620 4967 dubitatione
1654 4910 1817 4966 omni
1849 4926 1994 4966 cura
2030 4910 2230 4981 legito.

723 5054 1037 5120 QUAESTIO
1125 5052 1580 5198 CCXéLxggfisl
1642 5053 1824 5111 CLXV
1872 5054 2055 5109 Taur.

2902 5060 3217 5110 ΕΡΩΤΗΣΙΣ
3256 5054 3373 5110 2K"

1232 5248 1385 5299 Edita
1418 5262 1451 5300 a
1472 5249 1761 5300 Motacutio
1792 5254 1894 5313 (ep.
1925 5250 2033 5308 139,
2059 5250 2127 5299 ad
2174 5250 2532 5310 Theodorum,
2563 5268 2614 5317 p.
2642 5252 2885 5318 194-198).
2912 5280 2973 5291 -—
2995 5254 3055 5304 In
3085 5254 3273 5305 Matth.
3309 5269 3357 5306 ν.
3380 5257 3461 5307 28.

650 5384 795 5441 Cum
849 5379 1039 5439 multa
1057 5380 1202 5437 mihi
1252 5382 1637 5453 suppeditant
1676 5382 1947 5452 dicenda,
1976 5383 2131 5439 unde
2162 5384 2221 5439 li-

2405 5386 2575 5439 nam
2626 5390 2716 5459 μεν
2770 5387 2925 5441 εἰπεῖν
2957 5390 3082 5441 ἵκων
3126 5385 3199 5442 δι’
3230 5389 3297 5442 ὧν
3344 5392 3457 5444 ἔστι
3506 5399 3677 5466 σαφῶς
3719 5387 3879 5457 ixmi-

1918 5519 2002 5572 VA
2016 5518 2154 5573 [lle
2192 5517 2596 5579 LECTIONES.

654 5647 785 5720 qia.
818 5645 1093 5718 ὑπερέχον.
1172 5644 1273 5702 ι-Ο.
1316 5642 1389 5698 Μ.
1434 5641 1770 5714 ἀναγίνωσκε.
