4076 6202
186 302 306 370 993

1253 304 1343 369 AD
1387 300 1921 371 AMPHTLOCHIUM
1961 305 2287 382 QUESTIO
2324 306 2537 378 Cch.

3458 312 3572 378 λορι

186 458 303 505 ναι,
356 442 423 500 ὡς
468 438 596 509 ούχὶ
645 435 810 510 βαρύς
839 433 964 489 ούδε
993 433 1270 502 ἀδύνατος,
1324 436 1451 492 ἀλλὰ
1487 443 1577 491 καὶ
1611 445 1800 510 κοῦφος

1911 440 2077 511 quod
2102 442 2384 512 cognosci
2410 445 2644 515 poterit,
2676 443 2844 517 quod
2869 442 3346 516 haudquaquam
3393 460 3573 517 grave

188 533 290 580 καὶ
320 530 586 601 χρηστὸς,
618 527 644 578 6
676 530 991 588 Δεσποτικός
1038 525 1225 589 ἐκεῖνος
1265 532 1529 600 χρησμός,
1564 530 1590 580 6
1620 527 1799 599 λέγων,

192 636 225 667 α
282 622 392 676 Πᾶς
437 618 463 667 6
513 614 715 687 βλέπων
745 622 967 685 γυναῖκα
994 619 1127 688 πρὸς
1154 619 1212 668 τὸ
1245 615 1570 689 ἐπιθυμῆσαι
1616 617 1799 681 αύτὴν,

189 702 309 764 ἢδη
362 704 670 776 ἐμοίχευσεν
714 704 875 763 αὐτὴν
908 704 958 756 ἐν
1003 712 1066 777 τῇ
1099 702 1295 779 καρδίᾳ
1342 708 1525 758 αύτού-
1563 729 1590 755 ››
1635 706 1801 758 ἐκεῖνα

190 798 328 855 τέως
386 794 503 846 κατ’
556 793 833 852 ἐπιστολὴν
890 791 1021 866 [σοι]
1079 794 1195 868 ἐρῶ·
1252 796 1330 846 ὅτι
1371 804 1592 867 πρῶτον,
1634 814 1800 868 χρεω-

194 891 426 955 στοῦμεν
466 886 514 936 οἱ
556 892 652 944 τῆς
688 884 928 956 χάριτος,
974 883 1123 935 πλέον
1172 902 1242 947 τι,
1291 892 1389 934 τῶν
1438 882 1486 935 ἐν
1532 888 1671 955 νόμῳ
1715 882 1801 954 βε-

194 970 485 1034 ϐιωκότων,
569 974 879 1046 κατορθοῦν.
951 976 1050 1024 Καὶ
1133 972 1238 1043 ούχ
1313 974 1499 1043 ὁμοίως
1582 978 1799 1044 πέφυκεν

196 1059 431 1133 ἐκατέρῳ
478 1066 619 1135 μέρει
669 1060 830 1135 βαρὺς
882 1069 978 1122 τῆς
1048 1063 1357 1132 νομοθεσίας
1425 1064 1456 1120 ἡ
1539 1060 1796 1133 ἀκρίϐειαο

199 1147 336 1201 ἀλλὰ
392 1152 450 1201 τό
508 1148 716 1212 ἐκείνοις
769 1153 899 1211 ἴσως
973 1146 1131 1211 δόξαν
1193 1148 1353 1222 βαρύ,
1423 1152 1548 1221 ἡμῖν
1606 1153 1801 1222 σύμμε-

197 1257 325 1312 τρον
401 1243 491 1289 καὶ
560 1238 792 1311 ἐλαφρόν·
849 1244 940 1290 καὶ
991 1242 1049 1290 τὸ
1097 1240 1223 1311 ἡμῖν
1283 1246 1537 1303 τοιοῦτον,
1595 1237 1801 1299 ἐκείνοις

198 1327 262 1379 ού
308 1334 563 1379 τοιοῦτον.
618 1335 735 1388 Τοῖς
780 1329 871 1399 μεν
914 1330 1015 1401 γὰρ
1056 1333 1209 1399 μόνον
1254 1327 1532 1400 ἀπέτρεπεν
1571 1329 1596 1379 6
1624 1332 1796 1401 νόμος,

197 1415 235 1466 ἄ
287 1420 360 1486 μὴ
415 1418 553 1488 θέμις
595 1425 778 1469 ποιεῖν’
816 1414 1044 1488 δύναμιν
1091 1413 1149 1469 δε
1204 1414 1454 1488 οὐδεμίαν
1500 1419 1797 1489 ἐχαρίζετο,

195 1508 329 1577 πρὸς
407 1510 499 1563 τήν
574 1515 673 1557 τῶν
729 1508 1170 1578 νομοθετηθέντων
1227 1506 1577 1581 ἐκπλήρωσιν.
1650 1507 1799 1578 Ἡμῖν

198 1590 263 1646 δε
305 1594 500 1665 μεγάλη
541 1599 743 1666 γίγονεν
797 1598 827 1653 ἡ
884 1592 977 1647 διὰ
1015 1603 1109 1647 τοῦ
1160 1594 1525 1668 βαπτίσματος
1561 1603 1651 1649 καὶ
1699 1605 1800 1648 τῶν

197 1681 367 1734 ἄλλων
422 1679 628 1756 δωρεῶν
679 1683 970 1756 ἐπικουρία,
1031 1686 1357 1757 κουφίζουσα
1410 1682 1607 1756 σχεδὸν
1664 1686 1799 1737 ἅπαν

197 1776 260 1823 τό
311 1768 588 1847 δυσχερὲς,
645 1779 735 1826 καὶ
787 1782 886 1825 τῶν
946 1782 1185 1845 πονηρῶν
1235 1777 1537 1846 πνευμάτων
1584 1778 1676 1831 τὴν
1717 1775 1801 1846 όρ-

199 1866 307 1933 μην
399 1861 493 1913 ούκ
558 1861 698 1915 ἐῶσὰ
748 1859 1021 1935 τυραννίδι
1083 1863 1200 1915 καθ’
1267 1866 1412 1935 ἡμῶν
1451 1862 1797 1927 ἐπιτίθεσθαι,

201 1956 335 2023 μόνη
389 1946 449 2003 δε
504 1959 566 2023 τῇ
627 1954 853 2027 ἡμετέρᾳ
916 1954 1181 2027 ῥᾳστώνῃ,
1235 1958 1325 2004 καὶ
1382 1951 1487 2004 οἷον
1543 1954 1801 2004 ὑποκατα-

200 2039 391 2105 κλίσει,
447 2049 849 2115 παραχωροῡσα
907 2040 1134 2114 [αὐτοῖς]
1185 2046 1279 2099 τὴν
1336 2043 1585 2097 ἐπίθεσιν.
1642 2040 1801 2093 Ὠστε

203 2128 249 2181 εἰ
286 2133 359 2201 μή
390 2148 440 2181 τε
484 2128 847 2205 ἀκριϐέστερον
894 2134 1039 2203 ἡμῖν,
1082 2132 1209 2203 ἢπερ
1261 2129 1569 2204 ἐκείνοις
1602 2149 1801 2201 νενομο·

206 2219 411 2285 θέτητο,
461 2219 534 2279 εἰς
575 2224 871 2271 τουναντίον
905 2221 969 2271 οἶν
1000 2222 1029 2278 ἠ
1082 2228 1175 2272 τοῦ
1205 2227 1339 2273 Θεοῦ
1372 2217 1681 2277 δικαιοσύνη
1714 2224 1803 2271 καὶ

204 2313 510 2379 χρηστότης
563 2314 942 2383 περιίστραπτο
1000 2321 1043 2378 ι,
1097 2312 1242 2382 ημῶν
1294 2328 1348 2361 τε
1398 2319 1499 2361 τῶν
1549 2313 1803 2381 μεγίστης

203 2397 509 2472 ἐπικουρίας
608 2404 901 2471 τυχόντων,
1000 2397 1247 2450 κάκείνων
1336 2406 1436 2451 τῶν
1542 2394 1803 2470 μηδεμιᾶς

205 2490 449 2548 τοιαύτης
497 2486 936 2555 ἁπολελαυκότων,
1007 2492 1099 2547 την
1148 2488 1307 2547 αὐτὴν
1367 2486 1653 2561 ἀκρίϐειαν,
1714 2492 1802 2539 καὶ

204 2580 264 2629 τὸ
310 2584 407 2639 τῆς
451 2577 713 2639 πολιτείας
752 2583 1141 2653 παραπλήσιον,
1180 2576 1589 2650 ἀπαιτουμένωνο
1625 2582 1715 2629 καὶ
1754 2575 1801 2627 ἐν

608 2404 901 2471 τυχόντων,

205 2674 279 2737 τῷ
328 2666 492 2739 ἀνίσῳ
522 2677 617 2730 τῆς
665 2664 929 2741 δυνάμεως
962 2677 1053 2729 τῆς
1080 2670 1205 2730 ’ίσης
1235 2667 1641 2739 ἐπιζητουμένης
1671 2667 1801 2741 πρά-

209 2754 349 2818 ξεως.
380 2756 579 2830 Ὠσπερ
620 2760 722 2832 γαρ
762 2755 948 2810 ἄδικόν
994 2776 1048 2809 τε
1087 2758 1216 2829 ὁμοῦ
1245 2762 1334 2809 καὶ
1366 2756 1680 2831 βαρύτατον,
1713 2760 1801 2808 τόν

211 2841 308 2897 δύο
336 2846 561 2898 τάλαντα
591 2846 835 2919 εἰληφότα
872 2846 957 2899 ἐπὶ
1004 2854 1066 2919 τῇ
1117 2846 1376 2919 συντελείᾳ
1418 2854 1510 2908 τῆς
1556 2845 1801 2921 ἐργασίας

213 2928 342 2985 δέκα
393 2937 647 2988 ἀπαιτεῖν⁹
696 2936 860 2997 οὕτως
895 2935 1164 3008 ὀλίγωρον,
1213 2941 1323 3005 καὶ,
1387 2934 1442 2987 ἐκ
1492 2943 1586 2987 τοῦ
1658 2934 1797 2987 ἐνανο

209 3027 343 3089 τίου,
401 3028 719 3098 παράνομον,
778 3030 863 3079 τὸν
933 3029 1079 3079 πέντε
1156 3025 1382 3077 τάλαντα
1436 3024 1679 3095 λαϐόντα,
1728 3025 1800 3087 εἰς

210 3117 439 3186 τέσσαρα
480 3119 575 3174 τὴν
628 3116 749 3174 ὃλην
797 3116 985 3190 πρᾶξιν
1018 3115 1626 3187 συγκεφαλαιωσάμενον,
1670 3112 1797 3167 ἀπο-

211 3197 486 3273 δέχεσθαι·
544 3203 649 3256 ἀλλ’
698 3206 913 3257 ἕκαστον
963 3201 1063 3269 δεῖ,
1116 3204 1374 3275 ἀναλόγως
1413 3212 1475 3276 τῇ
1520 3204 1678 3276 ἰσχύί
1710 3208 1798 3255 καὶ

208 3298 279 3361 τῷ
320 3291 697 3367 καταϐληθέντι
748 3299 1071 3369 χαρίσματι,
1122 3299 1210 3351 τὴν
1264 3292 1512 3368 ἐργασίαν
1556 3293 1799 3365 εἰσπράτ-

206 3382 408 3433 τεσθαι.
451 3389 698 3436 Τοιοῦτον
744 3387 842 3459 γὰρ
900 3391 996 3445 τῆς
1029 3383 1290 3449 ἰσότητος,
1331 3388 1420 3435 καὶ
1472 3390 1565 3445 τῆς
1614 3379 1801 3435 ἀδεκά-

211 3487 335 3521 στου
363 3477 591 3544 γνώμης,
632 3478 722 3526 καὶ
768 3477 1009 3547 κρίσεως,
1055 3474 1080 3524 6
1112 3474 1323 3545 θεσμός.
1382 3472 1540 3531 Δῆλον
1593 3492 1801 3545 τοιγαρ-

210 3566 295 3610 οῦν
338 3558 392 3611 ἐκ
441 3570 541 3613 τῶν
590 3562 887 3635 εἰρημένων,
946 3565 1014 3624 ὡς
1065 3569 1297 3614 τοιοῦτον
1327 3563 1454 3636 παρ’
1488 3564 1612 3633 ἡμῖν
1661 3561 1802 3634 ὀφεί-

208 3648 279 3700 λει
326 3651 653 3721 νομίζεσθαι,
731 3655 788 3704 τό
846 3648 984 3724 μηδὲ
1054 3650 1305 3723 ἐμϐλέψαι
1351 3658 1597 3722 γυναῖκα,
1672 3654 1801 3725 πρὸς

210 3742 265 3789 τό
316 3741 639 3811 ἐπιθυμῆσαι
685 3741 859 3807 αὐτὸν,
913 3741 1018 3793 οἷον
1068 3744 1208 3813 παρὰ
1255 3748 1364 3803 τοῖς
1418 3741 1467 3793 ἐν
1521 3749 1594 3812 τῷ
1639 3745 1799 3813 νόμῳ,

211 3831 266 3878 τὸ
322 3833 393 3899 μὴ
444 3837 752 3902 μοιχεύσαι.
817 3835 916 3883 Καὶ
970 3830 1099 3902 ούχὶ
1151 3839 1250 3882 τῶν
1302 3829 1464 3902 λόγων
1498 3832 1541 3872 ι’
1586 3834 1643 3883 τό
1699 3829 1803 3901 ἀψ-

213 3912 352 3976 ευδὲς
419 3925 509 3971 καὶ
588 3918 866 3973 ἀκόλουθον
943 3918 1345 3994 ἐπιμαρτύρεται
1418 3928 1589 3972 τοῦτο’
1676 3918 1804 3971 ἀλλὰ

212 4009 299 4056 καὶ
364 4003 457 4059 διὰ
515 4016 612 4060 τῶν
667 4011 827 4084 ἔργων
909 4009 1077 4062 αὐτῶν
1158 4008 1384 4083 ἐναργῶς
1446 4010 1651 4083 ὁρᾶται.
1727 4009 1802 4060 Ού

210 4092 412 4157 πλείους
467 4099 567 4171 γὰρ
607 4099 747 4150 ἔστιν
794 4095 921 4151 ἰδεῖν
968 4106 1067 4150 τῶν
1118 4100 1430 4163 Μωσαῐκῶν,
1473 4102 1566 4155 τὴν
1618 4097 1803 4171 πρᾶξιν

210 4189 541 4258 πεφευγότας,
574 4187 604 4246 ἣ
655 4190 776 4249 τοὺς
826 4185 873 4239 ἐν
912 4195 975 4260 τῇ
1029 4189 1218 4262 χάριτι
1251 4186 1386 4260 [καὶ]
1425 4194 1522 4239 τῶν
1553 4191 1680 4259 πρὸς
1711 4192 1803 4246 τήν

212 4274 397 4347 πρᾶξιν
446 4275 713 4328 ὠθούντων
770 4274 1259 4351 ἀνακεχωρηκότας.
1336 4275 1504 4328 Ὀπου
1552 4295 1611 4347 γε
1668 4275 1801 4328 πλεῖ-

215 4382 326 4416 στοι
364 4366 497 4430 ὅσοι,
553 4374 651 4418 τῶν
695 4366 819 4441 παρ’
867 4368 1008 4438 ἡμῖν,
1058 4366 1115 4418 ού
1172 4371 1324 4438 μόνον
1368 4370 1669 4440 περιέργους
1716 4370 1803 4418 καὶ

214 4454 524 4525 ἑρωτιῶντας
569 4453 884 4527 ὀφθαλμούς,
946 4454 1105 4517 ξένοις
1171 4454 1408 4507 κάλλεσιν
1476 4454 1568 4507 ούκ
1625 4453 1803 4508 ἐπέϐα-

210 4540 312 4593 λον·
372 4540 478 4595 ἀλλ⁹
536 4540 660 4596 ούδὲ
707 4543 774 4605 εἰς
813 4544 931 4615 ὄψιν
984 4542 1157 4606 ἁπλῶς
1187 4546 1435 4615 γυναικὸς
1487 4543 1798 4602 ἐνητένισαν·

213 4635 369 4705 μέχρι
410 4631 569 4703 ψιλῆς
608 4634 725 4696 θέας
778 4632 973 4693 ἑαυτοῖς
1026 4636 1083 4685 τό
1132 4636 1313 4705 σεμνόν
1366 4639 1799 4705 συντηρήσαντες.

215 4724 446 4795 Δεύτερον
477 4718 554 4789 δὲ,
590 4724 669 4775 ὅτι
698 4730 813 4785 τοῖς
850 4725 939 4795 μεν
985 4724 1084 4775 ὑπό
1134 4730 1206 4793 τῷ
1257 4727 1396 4795 νόμῳ
1426 4719 1803 4795 παιδαγωγου-

212 4813 396 4881 μένοις,
456 4815 522 4864 τά
591 4817 1015 4886 προστεταγμένα
1077 4815 1441 4887 κατορθοῦσιν,
1499 4814 1563 4864 τὰ
1632 4811 1806 4883 ἀγαθὰ

215 4906 305 4961 τῆς
359 4908 479 4971 γῆς,
542 4894 693 4954 ἆθλον
761 4900 1105 4975 προύτείνετο.
1183 4900 1333 4973 Ἡμῖν
1418 4897 1479 4954 ’δὲ
1560 4900 1805 4973 βασιλεία

215 4988 454 5063 ούρανῶν,
502 4996 591 5042 καὶ
632 4990 668 5043 οἶ
699 5012 724 5042 «
776 4992 1075 5065 Ὀφθαλμός
1123 4990 1216 5042 ούκ
1266 4987 1392 5057 εἶδε,
1448 4996 1536 5043 καὶ
1580 4987 1669 5052 οὖς
1712 4990 1804 5043 ούκ

215 5079 419 5144 ἢκουσε,
480 5084 568 5132 καὶ
627 5080 710 5134 ἐπὶ
767 5078 991 5154 καρδίαν
1060 5080 1331 5155 ἀνθρώπου
1399 5081 1491 5132 οὐκ
1555 5079 1801 5138 ἀναϐέϐη-

213 5186 316 5225 κεν.
384 5189 410 5219 α
477 5166 637 5223 Ὠστε
678 5176 781 5223 ’καὶ
839 5169 892 5222 ἐκ
951 5178 1045 5231 τῆς
1103 5178 1201 5221 τῶν
1265 5168 1494 5221 ἐπάθλων
1545 5166 1805 5243 διαφορᾶς

213 5260 267 5309 τό
316 5258 507 5331 ῥᾷστον
563 5263 653 5311 καὶ
708 5258 947 5335 χρηστόν
1022 5266 1117 5321 τῆς
1183 5259 1517 5331 εύαγγελικῆς
1602 5258 1803 5320 ἐντολῆς

216 5342 583 5401 ἐπιδείκνυται.
634 5348 710 5400 Οὐ
760 5352 860 5423 γὰρ
933 5350 1124 5421 ὁμοίως
1206 5346 1466 5418 ἐπίπονον,
1535 5345 1805 5422 δραμόντα

1830 3068 1868 3119 C

1898 2236 2182 2279 exercere
2228 2240 2241 2278 Ξ

1911 528 1981 583 sit
2010 530 2511 601 autimpossibile,
2542 533 2687 606 quin
2714 537 2923 590 contra
2947 532 3075 588 leve
3094 537 3152 588 et
3180 534 3570 602 conveniens,

1912 618 2148 674 Domini
2172 618 2421 677 effatum
2448 620 2612 687 illud,
2647 641 2676 674 α
2710 622 2914 680 Omnis
2969 622 3074 694 qui
3120 623 3429 680 mulierem
3486 624 3574 681 in-

1910 711 2124 774 tuetur,
2153 709 2231 764 ad
2279 709 2443 765 illam
2498 711 3064 784 concupiscendam,
3121 712 3251 783 jam
3281 713 3342 768 in
3392 714 3573 771 corde

1909 811 2020 850 suo
2048 802 2453 869 constupravit
2491 799 2656 857 illam
2686 817 2697 856 :
2726 822 2751 852 ν
2796 801 2893 856 illa
2926 817 3032 873 per
3062 809 3417 872 prmeentem
3446 804 3568 882 epit

1909 884 2123 941 stolam
2154 887 2257 942 tibi
2284 903 2624 959 suggeram.
2654 890 2873 962 Nempe
2898 890 2957 946 in
2990 891 3199 963 primis
3230 891 3398 963 quod
3450 908 3567 949 nos

1907 973 2012 1045 qui
2044 976 2157 1030 sub
2185 977 2379 1045 gratia
2408 978 2689 1045 vivimus,
2730 980 2930 1035 debito
2986 985 3261 1035 tenemur
3288 980 3570 1051 obstricti,

1910 1063 2100 1120 multo
2131 1065 2303 1136 plura
2331 1066 2491 1123 bona
2540 1069 2861 1141 operandi,
2902 1085 3084 1140 quam
3140 1070 3244 1142 qui
3290 1071 3406 1125 sub
3434 1070 3563 1140 lege

1908 1153 2325 1211 versabantur.
2362 1159 2478 1211 Nec
2526 1157 2791 1213 alterutri
2831 1158 2986 1230 parti
3038 1174 3110 1214 ex
3152 1173 3329 1230 aequo
3374 1159 3570 1228 gravis

1910 1246 1997 1298 est
2025 1248 2233 1299 exacta
2284 1245 2432 1316 legis
2481 1246 2884 1317 promulgatio
2932 1263 2945 1302 :
2987 1263 3195 1303 verum
3242 1248 3401 1320 quod
3452 1248 3565 1303 illis

1910 1329 2157 1387 fortasse
2183 1348 2364 1403 grave
2392 1334 2717 1401 videbatur,
2748 1336 2923 1391 nobis
2954 1337 3198 1407 perinde
3237 1352 3571 1408 congruum

1909 1424 1967 1474 et
1995 1422 2338 1492 expeditum
2368 1423 2665 1480 videbitur
2706 1440 2718 1479 :
2749 1429 2923 1497 atque
2955 1424 3015 1480 id
3053 1426 3217 1497 quod
3265 1425 3444 1481 nobis
3489 1431 3573 1483 ta-

1908 1507 2184 1565 liusmodi
2214 1510 2404 1581 fuerit,
2458 1513 2614 1568 haud
2647 1514 2728 1569 ita
2777 1514 2890 1568 illis
2920 1514 3313 1586 comparebit.
3356 1515 3470 1569 Illis
3502 1514 3564 1570 id

1910 1596 2104 1652 solum
2138 1598 2438 1655 interdixit
2465 1600 2580 1666 lex,
2632 1601 2799 1672 quod
2845 1608 3082 1673 patrare
3124 1602 3215 1658 fas
3253 1617 3375 1659 non
3407 1603 3518 1659 fuit
3552 1620 3564 1658 :

1909 1686 2015 1741 sed
2044 1687 2273 1744 nullam
2304 1691 2713 1761 superaddidit
2743 1690 3083 1747 facultatem
3110 1692 3402 1763 implendi
3429 1708 3565 1764 qum

1908 1776 2035 1846 lege
2061 1777 2445 1848 jubebantur.
2481 1780 2659 1835 Nobis
2680 1779 2827 1852 quid
2861 1780 3088 1850 grande
3119 1781 3447 1851 adjumenti
3473 1797 3570 1838 ac-

1908 1869 2086 1923 cessit
2116 1883 2220 1938 per
2240 1868 2630 1940 baptismum,
2664 1875 2720 1924 et
2740 1868 2857 1925 alia
2880 1869 3167 1941 quasdam
3197 1870 3379 1939 dona,
3405 1871 3565 1926 unde

1910 1956 1971 2011 id
1991 1957 2155 2028 quod
2192 1957 2430 2013 difﬁcile
2470 1960 2635 2031 prius
2667 1958 2772 2013 fuit
2802 1958 3200 2015 alleviabatur
3243 1976 3256 2025 ;
3300 1974 3410 2015 nec
3444 1976 3567 2015 ma-

1910 2045 2104 2100 lorum
2129 2046 2447 2117 spirituum
2476 2047 2891 2120 impetuositas
2922 2052 3271 2119 potestatem
3301 2064 3434 2103 eam
3461 2048 3567 2105 ha-

1906 2133 2029 2200 bet,
2062 2136 2440 2206 tyrannidem
2464 2136 2523 2191 in
2550 2152 2683 2201 nos,
2711 2140 2998 2207 tanquam
3028 2154 3058 2191 e
3089 2136 3219 2193 loco
3233 2138 3561 2208 superiore,

2299 2224 2711 2280 tantummodo
2756 2229 2959 2281 autem
2988 2230 3233 2296 propter
3287 2229 3563 2282 nostram

1912 2310 2249 2367 socordiam
2296 2311 2401 2384 qui
2447 2316 2658 2384 sponte
2698 2313 3108 2383 nosmetipsos
3160 2317 3393 2368 tantum
3438 2328 3561 2369 non

1912 2400 2288 2473 subjicimus,
2333 2400 2688 2472 permittitur
2711 2400 2784 2456 iis
2827 2401 3004 2457 nobis
3032 2405 3257 2457 struere
3286 2401 3562 2469 insidias,

1900 2505 2021 2545 nos
2048 2489 2289 2545 adoriri.
2331 2491 2515 2555 Certe,
2573 2490 2622 2544 si
2652 2505 2770 2545 non
2822 2489 3017 2560 magis
3069 2494 3335 2546 exactam
3386 2490 3565 2547 nobis

1913 2580 2108 2648 legem
2130 2578 2513 2649 praescripsit,
2540 2594 2715 2650 quam
2763 2577 2903 2648 illis,
2948 2577 3155 2634 divina
3212 2577 3458 2635 bonitas
3510 2582 3568 2635 et

1905 2667 2141 2739 justitia
2166 2668 2225 2723 in
2262 2668 2624 2724 contrarium
2673 2671 3039 2736 verteretur;
3070 2672 3128 2723 et
3166 2684 3203 2724 a
3232 2667 3406 2724 nobis
3456 2668 3563 2740 qui

1913 2758 2219 2828 multiplici
2250 2756 2504 2813 fruimur
2531 2756 2896 2828 adjumento,
2930 2761 2988 2812 et
3024 2757 3102 2813 ab
3133 2756 3246 2812 illis
3274 2756 3440 2813 nullo
3462 2756 3565 2812 tali

1911 2846 2171 2902 suﬂ‘ultis
2222 2846 2464 2912 auxilio,
2525 2845 2734 2902 eadem
2777 2861 2885 2917 per
2930 2847 3135 2901 omnia
3173 2844 3562 2910 conversatio,

1908 2935 2089 3008 idque
2128 2936 2526 3001 exactissima,
2558 2936 3067 3006 requireretur;et
3099 2935 3194 2989 ubi
3221 2935 3417 3006 impar
3445 2938 3567 2990 erat

1908 3024 2179 3089 facultas,
2208 3024 2426 3095 agendi
2464 3024 2688 3095 paritas
2728 3022 3143 3095 requireretur.
3187 3023 3379 3079 Veluti
3403 3022 3565 3079 enim

1909 3114 2331 3183 gravissimum
2353 3118 2460 3182 est,
2489 3116 2546 3167 et
2576 3128 2713 3167 cum
2744 3111 3034 3183 injustitia
3057 3112 3467 3183 conjunctum,
3487 3112 3564 3168 ab

1908 3203 2008 3260 illo
2037 3202 2140 3275 qui
2188 3206 2417 3258 tantum
2447 3201 2568 3257 duo
2602 3202 2831 3273 accepit
2870 3200 3110 3265 talenta,
3145 3207 3563 3257 consummato

1908 3308 2108 3365 opere,
2140 3292 2347 3347 decem
2397 3292 2630 3363 exigere
2666 3310 2677 3349 :
2726 3290 2807 3346 ita
2837 3290 3256 3360 negligentiam
3289 3293 3462 3362 sapit,
3510 3295 3566 3345 et

1909 3386 2207 3453 repugnat
2234 3397 2304 3436 ex
2331 3379 2585 3435 adverso
2633 3378 2769 3451 legi,
2803 3395 2941 3435 cum
2980 3378 3246 3452 quinque
3298 3380 3434 3451 quis
3485 3385 3568 3435 ta-

1906 3471 2322 3541 lentaaccepit,
2354 3468 2673 3525 deductam
2695 3469 2772 3525 ad
2802 3474 3062 3541 quatuor
3090 3484 3389 3524 summam
3422 3468 3564 3524 reci-

1910 3576 2067 3633 pere.
2104 3559 2370 3615 Profecto
2401 3573 2510 3629 par
2543 3563 2597 3614 et
2624 3574 2862 3630 aequum
2887 3562 2993 3624 est,
3025 3562 3086 3612 ut
3115 3556 3373 3630 quisque
3399 3557 3567 3628 juxta

1910 3650 2120 3705 virium
2175 3648 2615 3721 proportionem
2644 3652 2700 3703 et
2726 3646 2869 3701 doni
2907 3645 3104 3702 collati
3135 3646 3563 3711 conditionem,

1910 3740 2318 3811 operationem
2346 3754 2520 3793 suam
2542 3736 2827 3808 perficiat.
2846 3736 2907 3791 Id
2929 3737 3087 3791 enim
3104 3735 3362 3807 postulat
3384 3736 3567 3809 aequi-

1912 3830 2046 3886 tatis
2072 3834 2276 3885 etnon
2332 3828 2583 3898 coempti
2622 3826 2887 3897 suffragii
2927 3825 3021 3882 vel
3044 3826 3253 3898 judicii
3313 3827 3562 3883 sanctio.

1912 3919 2077 3975 Patet
2132 3919 2309 3989 igitur
2354 3917 2429 3972 ab
2485 3915 2796 3972 antedictis
2842 3915 3091 3979 dictum,
3136 3918 3259 3971 Non
3296 3923 3565 3987 oportere

1914 4008 2213 4063 mulierem
2268 4005 2483 4061 intueri
2537 4004 2615 4059 ad
2672 4002 3451 4074 concupiscendum‘illam,
3496 4020 3567 4059 eo

1912 4096 2044 4151 loco
2071 4095 2230 4163 apud
2264 4111 2374 4150 nos
2404 4091 2772 4159 habendum,
2802 4108 2943 4162 quo,
2988 4113 3017 4140 «
3066 4093 3195 4145 Non
3227 4091 3567 4147 muechabe-

1911 4186 2009 4255 ris,
2049 4205 2071 4235 υ
2101 4183 2258 4255 apud
2289 4182 2399 4237 sub
2429 4181 2559 4252 lege
2586 4181 2874 4236 viventes.
2910 4182 3023 4235 Nec
3084 4180 3406 4235 verborum
3436 4183 3564 4235 tan-

1915 4272 2227 4330 tummodo
2269 4271 2483 4327 veritas
2539 4275 2594 4325 et
2620 4268 3047 4341 consequentia
3091 4267 3205 4324 hoc
3259 4273 3563 4333 testantur,

1914 4361 2023 4418 sed
2046 4360 2371 4416 clarissime
2405 4373 2507 4429 per
2536 4372 2716 4429 opera
2751 4357 3007 4412 discerni
3048 4360 3263 4427 potest.
3315 4354 3566 4412 Cernere

1912 4452 2071 4507 enim
2106 4456 2227 4505 erat
2257 4446 2568 4521 pauciores
2623 4462 2729 4518 per
2756 4445 3014 4501 Mosaica
3041 4452 3313 4517 tempora
3361 4451 3565 4501 actum

1912 4540 2110 4613 ipsum
2133 4542 2497 4602 aversantes,
2521 4552 2707 4609 quam
2731 4535 2854 4607 qui,
2889 4550 3049 4590 nunc
3075 4534 3187 4589 sub
3220 4535 3431 4603 gratia,
3473 4551 3567 4591 re-

1914 4634 2221 4686 cesserunt
2244 4627 2482 4695 longius
2512 4625 2590 4681 ab
2621 4624 2729 4680 illis
2765 4624 2959 4689 rebus,
2993 4640 3128 4695 quas
3180 4624 3565 4696 perpetratio-

1912 4721 1970 4774 ni
2003 4718 2229 4774 dabant
2249 4715 2646 4772 occasionem.
2683 4713 2880 4769 Plures
2913 4719 3053 4767 sunt
3080 4712 3243 4783 apud
3274 4728 3401 4779 nos,
3446 4728 3569 4769 non

1914 4810 2113 4873 modo,
2147 4812 2477 4876 satagentes
2506 4804 2712 4861 oculos
2774 4806 2830 4858 et
2858 4802 3281 4857 amaturientes
3311 4804 3572 4874 peregri-

1914 4914 2129 4954 narum
2160 4895 2694 4969 pulcliritudinum,
2726 4893 2828 4965 qui
2856 4907 2976 4947 non
3009 4890 3370 4948 addixerunt
3408 4892 3571 4964 cupi-

1913 4986 2195 5043 ditatibus
2221 4985 2333 5040 illis
2369 5000 2382 5050 ;
2425 4984 2529 5039 sed
2562 4982 2683 5054 qui,
2715 4996 2787 5037 ne
2828 4980 3071 5052 quidem
3118 4980 3177 5035 in
3218 4980 3416 5037 vultus
3446 4997 3575 5037 mu-

1904 5076 2126 5131 liebres
2153 5074 2366 5130 intueri
2393 5072 2599 5128 volunt
2630 5090 2643 5139 ;
2674 5071 2896 5142 quique
2928 5070 3280 5138 gravitatem
3330 5086 3572 5128 morum

1913 5164 2196 5221 illibatam
2235 5163 2411 5219 etiam
2451 5161 2529 5216 ab
2559 5160 2776 5215 intuitu
2809 5157 3216 5214 cohibuerunt.
3279 5162 3339 5215 In
3370 5175 3576 5215 secun-

1914 5253 2026 5322 dis,
2054 5254 2155 5327 qui
2196 5254 2368 5324 juxta
2412 5251 2607 5321 legem
2636 5265 2771 5322 quaa
2820 5247 3193 5305 scribebatur
3229 5254 3383 5305 recte
3443 5264 3578 5320 ege-

1911 5350 2065 5410 rant,
2097 5345 2249 5401 bona
2293 5348 2491 5410 terra,
2531 5339 2662 5396 loco
2695 5338 2917 5410 praemii
2948 5337 3213 5407 exhibita
3241 5337 3576 5411 capiebant.

1516 5508 1517 5511 ‘
1564 5502 1793 5560 nam
1822 5466 2227 5558 LECTIONES.

286 5639 308 5669 ι
333 5627 396 5688 ἲς.
429 5626 795 5701 περιετράπετο
813 5669 824 5681 .

498 5725 737 5781 Punct.
781 5723 887 5779 Gn.
934 5723 1017 5787 CI.

908 5636 931 5667 ⁸
965 5626 1043 5677 ἶσ.
1096 5625 1238 5681 add.
1287 5630 1452 5697 μόνων
1515 5625 1691 5683 habet
1732 5627 1888 5682 MOI].
1924 5638 2045 5677 sme
2076 5624 2263 5693 μόνων.
