4026 6196
540 282 653 357 095

1748 280 1993 344 aeoru
2034 269 2523 347 PATBlABCHE
2560 270 2680 347 cp.
3715 237 3813 351 ’νδ

537 413 1026 479 Sed-nobiscum
1056 409 1375 484 stipulatur
1400 427 1643 484 regnum
1684 414 1913 472 celem
1969 430 1984 469 :
2018 417 2077 468 et
2100 411 2198 485 illa

2315 408 2553 479 στάδιον,
2610 421 2793 485 τυχεῖν
2845 419 3071 468 κοτίνου·
3128 421 3218 468 καὶ
3278 411 3376 468 δύο
3428 412 3631 481 στάδια,
3674 427 3821 487 lpum

537 520 701 577 ,quaa,
740 526 769 554 ι(
802 506 919 565 Nec
955 501 1165 561 oculus
1196 500 1366 566 vidit,
1421 517 1531 559 nec
1585 502 1747 559 auris
1790 502 2037 568 audivit,
2091 516 2203 557 nec

536 593 819 657 ascendit
842 592 905 649 in
950 607 1052 647 cor
1098 590 1365 648 hominis
1414 590 1675 663 cogitare
1721 592 1790 647 “.
1849 610 1878 645 »
1911 592 1993 647 lta
2050 589 2135 646 vel
2171 604 2203 645 e

545 680 948 753 discrepantia.
995 680 1382 753 prmmiorum
1424 681 1774 752 evangelica
1812 680 2117 745 mandata,
2149 686 2202 734 et

542 771 776 844 optima
792 770 1137 842 judicantur
1174 773 1234 825 et
1260 768 1565 835 facillima.
1598 774 1724 828 Non
1754 786 1925 843 mque
1943 768 2203 841 profecto

539 856 914 927 laborarunt,
944 860 995 916 is
1021 859 1124 932 qui
1149 858 1409 915 stadium
1428 859 1707 927 cucurrit,
1737 864 1801 916 ut
1828 858 2201 928 oleagineam

543 964 831 1007 coronam
862 953 1263 1021 consequatur
1297 970 1308 1013 ;
1342 964 1413 1004 ac
1434 948 1590 1006 alius
1612 949 1720 1023 qui
1750 948 1874 1004 duo
1888 947 2083 1005 stadia
2106 963 2204 1003 cu-

541 1040 737 1106 currit,
768 1043 832 1096 ut
880 1054 1105 1097 corona
1152 1052 1337 1095 aurea
1381 1038 1754 1109 insigniatur.
1798 1039 1959 1095 Certe
2017 1036 2204 1095 levior

540 1128 653 1185 erit
676 1128 941 1186 duorum
965 1128 1297 1185 stadiorum
1322 1126 1618 1193 decursio,
1635 1143 1821 1200 quam
1844 1127 2043 1193 unius,
2063 1142 2202 1183 cum

540 1216 694 1274 inter
721 1216 972 1289 prmmia
1002 1215 1167 1273 nulla
1194 1216 1269 1271 sit
1300 1218 1691 1288 comparatio,
1726 1216 1832 1274 sed
1864 1216 2204 1288 praestantia

538 1312 599 1363 et
624 1306 909 1378 splendor
958 1306 1156 1372 unius,
1198 1305 1469 1363 laborem
1515 1305 1767 1376 alleviet,
1817 1322 1926 1362 nec
1957 1321 2201 1362 sensum

540 1396 821 1454 admittat
837 1396 999 1468 apud
1014 1395 1388 1452 laborantem
1416 1395 1737 1468 geminata:
1768 1394 2202 1465 defetigationis

541 1489 600 1542 et
649 1485 908 1543 sudoris.
952 1484 1210 1555 Accedit,
1245 1487 1411 1557 quod
1441 1500 1833 1557 nequaquam
1859 1483 2205 1555 simpliciter

539 1574 693 1637 dixit
737 1573 1101 1631 adulterium
1133 1588 1263 1630 esse
1294 1573 1459 1630 illam
1519 1590 1625 1647 per
1649 1574 1854 1630 oculos
1880 1572 2204 1645 copulatio-

538 1678 680 1721 nem
708 1678 723 1730 ;
751 1662 856 1719 sed
902 1678 1039 1718 cum
1071 1662 1334 1719 nominet
1363 1662 1719 1720 adulterium
1760 1663 1973 1728 cordis,
2030 1661 2204 1719 vehe—

536 1756 799 1809 mentem
830 1756 888 1813 et
926 1752 1046 1807 fere
1077 1752 1441 1823 praecipitem
1480 1751 1947 1815 accusationem,
1982 1767 2087 1823 per
2126 1751 2198 1807 le-

2314 1767 2450 1801 ωπον
2502 1754 2745 1820 γυναικὸς
2807 1750 3097 1818 ἀλλοτρίας

538 1854 678 1911 gem
707 1840 1148 1913 compassionis
1168 1840 1488 1897 ineﬂ‘abilis
1512 1840 1836 1913 amputavit
1869 1857 1882 1907 ;
1906 1841 1969 1895 In
2002 1840 2199 1911 corde,

536 1927 835 1999 inquiens,
872 1926 1139 1985 consistit
1167 1928 1525 1985 adulterium
1558 1947 1570 1987 :
1599 1927 1745 1984 illud
1778 1943 1994 2000 nempe
2037 1927 2203 1999 quod

538 2016 793 2089 patravit
843 2031 949 2089 per
987 2016 1193 2075 oculos
1244 2016 1519 2075 stimulus
1558 2022 1617 2073 et
1672 2016 1937 2089 prurigo.
1985 2016 2204 2089 Ecquis

539 2106 765 2180 aliquid
792 2108 1020 2178 majore
1059 2123 1195 2163 cum
1226 2107 1671 2179 compassione,
1703 2122 1889 2180 quam
1911 2106 2200 2173 estistud,

539 2195 701 2251 dicat
733 2196 761 2251 ?
802 2196 1214 2252 Fornicantem
1234 2195 1472 2253 oculum
1503 2196 1561 2251 in
1594 2194 1805 2252 faciem
1835 2195 2043 2263 alienas
2074 2212 2203 2251 mu-

539 2283 700 2342 lieris
732 2284 1061 2356 .projecisti,
1089 2290 1147 2341 et
1197 2284 1361 2358 quod
1390 2284 1554 2341 haud
1600 2284 1852 2351 licuerit,
1894 2283 2202 2355 impudico

540 2379 599 2430 et
625 2372 941 2446 peregrino
980 2374 1195 2430 intuitu
1214 2372 1644 2430 oblectabaris:
1669 2390 1775 2446 per
1804 2374 1999 2430 visum
2030 2373 2203 2446 liqui-

539 2461 785 2527 diorem,
819 2462 1065 2519 allectus
1087 2477 1383 2518 venenum
1423 2461 1703 2523 mollibus
1731 2462 2034 2521 instillasti
2077 2479 2202 2520 cor-

539 2548 757 2606 dibus:
810 2551 1025 2606 exinde
1071 2550 1384 2607 flammam
1422 2550 1876 2607 luculentiorem
1924 2556 1978 2606 et
2008 2552 2201 2621 magis

540 2637 865 2694 violentam
895 2637 955 2693 in
980 2637 1340 2707 cogitatione
1360 2638 1684 2695 accendisti
1724 2656 1741 2696 :
1765 2638 1842 2695 ad
1876 2655 1979 2695 cor
2005 2655 2200 2711 usque

539 2725 828 2798 processit
855 2725 1240 2783 incendium:
1269 2742 1340 2782 ac
1366 2725 1495 2782 sola
1523 2728 1933 2797 opportunitas
1962 2742 2199 2798 compe-

538 2814 813 2871 rendinat
848 2819 1050 2873 actum
1077 2834 1091 2873 :
1119 2818 1180 2871 et
1206 2815 1515 2887 quomodo
1554 2830 1675 2871 non
1700 2816 1763 2871 in
1802 2815 1981 2872 corde
2033 2815 2203 2872 adul-

540 2904 742 2961 terasti
771 2920 905 2961 eam
934 2902 963 2958 7
990 2903 1205 2960 Procul
1226 2903 1433 2970 dubio,
1466 2904 1687 2961 diceret
1719 2903 1895 2975 alius,
1922 2904 1970 2959 si
2004 2909 2056 2960 te
2086 2904 2199 2961 hoc

539 2992 740 3066 ipsum
793 2993 855 3049 in
894 3009 1008 3049 sua
1057 3008 1243 3050 uxore
1272 2993 1497 3050 videret
1546 2998 1886 3060 attentasse,
1918 3010 2199 3050 consum-

2317 504 2565 575 στεφάνου
2624 502 2929 565 ἀξιωθῆναι.
2993 504 3153 563 Δῆλον
3211 507 3335 576 γὰρ,
3402 507 3471 563 ὡς
3520 510 3827 578 κουφότεροςί

2313 599 2410 642 τῶν
2452 588 2549 643 δύο
2604 589 2835 646 σταδίων
2887 598 3055 657 πόνος,
3090 598 3119 651 ἧ
3162 595 3187 644 ό
3223 602 3313 647 τοῦ
3363 594 3490 656 ἑνός,
3543 602 3599 666 τῇ
3639 594 3833 668 impi-

2313 698 2383 749 τῳ
2436 688 2525 731 τοῦ
2580 680 2800 734 ἐπάθλου
2853 683 3088 755 ὑπεροχῇ
3146 688 3235 735 καὶ
3270 682 3608 757 λαμπρότητι,
3664 692 3737 743 τῆς
3775 703 3833 735 τι·

2312 764 2599 841 λαιπωρίας
2650 768 3044 840 κουφιζομένης,
3102 774 3191 822 καὶ
3251 767 3380 841 μηδ’
3436 772 3672 826 αἴσθησιν
3718 770 3837 839 ἐπιγί-

2312 857 2492 907 νεσθαι
2537 866 2961 930 συγχωροῦντος,
3028 866 3125 920 τῆς
3181 856 3375 920 διπλῆς
3443 857 3721 931 συντριϐῆς,
3777 866 3838 911 ui

2312 952 2411 996 τῶν
2464 941 2660 997 διπλῶν
2706 943 2959 1020 ἱδρώτων,
3008 955 3081 1017 τῷ
3128 949 3393 1019 κάμνοντι.
3424 947 3539 1001 Ἐπὶ
3574 952 3750 1009 τούτοις
3785 945 3840 1009 δι,

2312 1030 2436 1086 ούδί
2481 1039 2724 1106 μοιχείαν
2775 1036 2967 1101 ἁπλῶς,
3012 1042 3105 1095 τὴν
3149 1040 3394 1095 τοιαύτην
3444 1033 3538 1089 διὰ
3583 1046 3670 1089 τῶν
3705 1036 3843 1107 ὀφθαλ-

2311 1131 2419 1195 μῶν
2514 1124 2841 1196 συμπλοκὴν,
2914 1122 2948 1178 δ
2955 1131 3219 1199 ιωρίσατο’

2311 1216 2441 1278 πῶν,
2509 1212 2557 1264 ἒν
2623 1210 2841 1287 καρδία,
2916 1220 3006 1267 καὶ
3085 1220 3142 1268 τὸ

3309 1126 3436 1177 ἀλλὰ
3517 1132 3734 1198 μοιχείαν
3801 1127 3847 1178 ιι-

3238 1212 3425 1268 δοκοῦν
3514 1212 3720 1287 σφοδρὸν
3780 1224 3847 1273 τῆς

2314 1299 2641 1373 ἀποφάσεως,
2697 1308 2785 1355 καὶ
2850 1302 3133 1376 ἀπότομον,
3192 1309 3329 1377 νόμῳ
3379 1306 3692 1376 συμπαθείας
3756 1302 3851 1374 ἆρά-

2311 1409 2402 1442 του
2486 1390 2725 1445 ἐκόλασεν
2780 1397 2816 1447 ι.
2889 1393 2969 1446 Ἐν
3039 1390 3256 1468 καρδίᾳ,
3334 1400 3513 1465 φησιν,
3581 1396 3608 1452 ἡ
3681 1398 3851 1463 μοιχεία

2316 1485 2560 1550 συνέστη,
2596 1484 2657 1541 ἣν
2688 1484 2713 1534 ὁ
2743 1479 2839 1535 διὰ
2868 1492 2965 1534 τῶν
2994 1483 3240 1556 ὀμμάτων
3282 1480 3494 1558 οἶστρος
3539 1488 3626 1536 καὶ
3658 1482 3853 1554 γαργαλι-

2316 1573 2449 1641 σμὸς
2507 1574 2911 1643 κατειργάσατο’
2972 1574 3106 1634 ὅπως
3169 1575 3229 1625 ἄν
3277 1593 3352 1635 τις
3412 1573 3852 1644 φιλανθρωπότερον,

2314 1662 2344 1717 ἦ
2402 1660 2561 1720 οὕτως
2614 1664 2793 1729 εἴποις
2847 1660 3099 1735 "appete;
3138 1663 3282 1735 ὄμμα
3318 1666 3563 1735 πορνικὸν
3620 1666 3693 1714 ἰπὶ
3730 1667 3856 1735 πρόσ-

3182 1751 3428 1825 ἔνετρύφη
3438 1771 3552 1817 σας,
3624 1751 3708 1803 οὐκ
3756 1750 3855 1811 ἐξόν,

2316 1836 2523 1908 ἀσελγεῖ
2571 1845 2659 1891 καὶ
2721 1839 2843 1911 ξένῳ
2919 1842 3157 1911 θεάματι·
3241 1839 3543 1912 βλέμμασιν
3619 1842 3860 1914 ὑγροτέροις

2314 1931 2399 1980 τὸν
2460 1928 2533 1980 ἰόν
2582 1937 2673 1982 τοῦ
2723 1931 2924 1990 πάθους
2966 1929 3170 2001 ψυχαῖς
3221 1928 3495 1993 ἐνέσταεας
3542 1929 3858 2000 ἁπαλωτίριιςε

2314 2014 2520 2087 ἀνῆψας
2570 2016 2777 2082 ἐκεῖθεν,
2841 2014 3193 2093 σφοδροτέραν
3244 2018 3423 2071 λοιπόν
3478 2023 3567 2070 καὶ
3610 2017 3861 2081 ἀκάθεκτον,

2313 2104 2361 2157 έν
2410 2112 2515 2166 τοῖς
2565 2106 2840 2179 λογισμοῖς
2894 2112 2987 2165 τὴν
3035 2106 3217 2179 φλογα’
3266 2112 3434 2179 μέχρι
3472 2104 3693 2183 καρδίας
3732 2110 3754 2165 ἡ
3794 2109 3865 2157 πύ-

2309 2213 2477 2268 ρωσις
2522 2190 2731 2253 διῆλθεν
2782 2195 3026 2271 εὐκαιρία
3072 2202 3201 2268 μόνη
3252 2199 3383 2270 πρὸς
3422 2200 3519 2255 τὴν
3582 2197 3751 2267 πρᾶξιν

2309 2302 2414 2335 πει’
2475 2291 2581 2345 πῶς
2619 2284 2714 2337 ούκ
2762 2283 3081 2356 ἐμοίχευσας
3124 2284 3172 2336 ἐν
3219 2281 3419 2356 καρδίᾳ
3454 2302 3469 2351 ;
3509 2284 3643 2339 Ἀλλξ
3674 2281 3767 2338 εἶπε

2310 2374 2439 2435 ῖσως
2476 2371 2623 2433 ἄλλος
2659 2371 2718 2425 διν
2759 2392 2859 2443 τις,
2911 2377 2976 2435 ὡς
3017 2378 3106 2425 καὶ
3145 2379 3389 2445 μοιχείαν
3433 2374 3625 2427 τελείαν
3662 2374 3865 2446 εἰργάσω,

2310 2458 2370 2511 ἃν
2396 2461 2467 2523 εἰς
2506 2466 2599 2520 τὴν
2630 2461 2811 2515 ἑαυτοῦ
2846 2481 2902 2515 σε
2930 2462 3163 2535 μάλιστα
3206 2465 3500 2535 συνῄσθετο
3530 2472 3678 2529 τοῦτο
3719 2458 3870 2535 attiga-

2309 2555 2459 2603 κότα.
2508 2550 2645 2603 Φιλεῐ
2692 2554 2789 2625 γὰρ
2848 2553 3083 2615 ἕκαστος,
3134 2556 3329 2626 ὥσπερ,
3381 2555 3490 2617 ὅσα
3528 2558 3614 2624 μεν
3664 2553 3868 2610 αύτὸςείς

2310 2640 2495 2702 ἄλλους
2539 2644 2757 2713 ἡμαρτε,
2812 2645 3002 2714 μέτρια
3051 2648 3236 2708 ποιεῖν,
3278 2648 3367 2693 καὶ
3426 2640 3743 2715 βραδύτερον
3790 2642 3869 2693 ἑπι-

2313 2737 2542 2793 σκοπεῐν,
2625 2730 2782 2791 οὕτως
2848 2730 3103 2803 ὀξύτερον,
3180 2735 3237 2783 τὸ
3305 2732 3376 2793 εἰς
3447 2732 3623 2784 ἑαυτὸν
3677 2728 3872 2800 ἀδίκημα

2311 2817 2540 2889 βλέπειν,
2598 2825 2687 2871 καὶ
2741 2825 2856 2872 τότε
2912 2822 3155 2891 γενέσθαι
3216 2828 3306 2873 τοῦ
3374 2818 3735 2895 ἀκροδικαίου.
3780 2822 3872 2871 Ἐπ-

2308 2906 2482 2968 ἐῦα).ες
2522 2907 2812 2980 ὀφθαλμούς
2858 2909 3040 2979 ὄψεσιν
3086 2908 3406 2983 ἀλλοτρίαις,
3442 2915 3684 2984 πορνικας
3711 2906 3773 2961 δι’
3807 2908 3871 2959 αὶ-

2309 3005 2408 3048 τῶν
2452 2996 2723 3069 ἐκπέμπων
2784 2996 3007 3058 ἀκτῖνας·
3078 2996 3577 3057 ἀνταναλάσθησάν
3652 3018 3727 3050 σοι
3793 3000 3871 3048 πάι

536 3099 737 3141 masse
779 3100 917 3141 cum
957 3083 1059 3140 illa
1105 3083 1481 3141 adulterium.
1537 3088 1714 3141 Amat
1744 3084 1902 3139 enim
1932 3083 2195 3155 quilibet,

2308 3084 2385 3138 λιν
2436 3088 2619 3139 ἐκεῖθεν
2678 3092 2999 3160 μιαρώτεραι
3049 3084 3275 3159 βολίδες·
3319 3088 3461 3154 ὅλον,
3516 3088 3572 3140 ἐκ
3613 3094 3760 3159 μέσης
3808 3083 3873 3138 δε-

537 3173 836 3246 quidquid
861 3173 923 3230 in
967 3173 1114 3231 alios
1142 3172 1271 3246 ipse
1314 3173 1701 3237 commiserit,
1753 3178 1813 3228 et
1850 3173 2076 3230 tardius
2116 3173 2200 3229 vi-

538 3262 701 3327 dere,
720 3268 777 3319 et
802 3262 1161 3319 moderatius
1185 3277 1426 3319 censere
1450 3280 1498 3319 :s
1514 3262 1589 3318 ed
1606 3263 1771 3335 quod
1801 3262 1855 3316 in
1875 3262 2197 3335 ipsummet

538 3350 874 3408 admissum
891 3355 1000 3417 est,
1041 3352 1272 3407 acutius
1292 3367 1554 3420 cernere,
1568 3356 1945 3407 etsummum
1961 3352 2023 3406 in
2036 3350 2197 3422 judi-

2310 3180 2522 3245 σμήσας
2571 3172 2815 3249 καρδίας,
2868 3176 3205 3248 αἰχμάλωτον
3261 3177 3427 3239 ἕλκεις
3483 3180 3542 3229 τὸ
3596 3178 3737 3241 ζῶον,
3792 3182 3873 3231 τοῖς

2308 3264 2482 3325 αὐτοῖς
2558 3262 2915 3337 ἀνθελκόμενος
2992 3264 3236 3341 βρόχοις·

2306 3352 2593 3413 κατεϐλήθη
2604 3375 2645 3420 ς,
2676 3354 2965 3416 κατέϐαλες.

3316 3265 3525 3337 ἐτρώθη
3538 3289 3579 3335 ς,
3660 3270 3872 3339 ἓτρωσας·

537 3438 731 3495 cando
745 3438 1012 3509 rigorem
1023 3455 1310 3495 exercere.
1336 3440 1571 3506 Oculos,
1588 3440 1796 3497 alienis
1808 3440 1997 3497 oculis
2011 3440 2279 3510 adjecisti
2297 3457 2309 3496 :
2330 3458 2431 3511 per
2443 3442 2688 3499 eosdem
2704 3443 3061 3500 fornicantes
3077 3444 3327 3499 emisisti
3343 3448 3559 3501 radios
3589 3444 3826 3505 :abinde,
3850 3457 3872 3495 ρ

536 3527 1380 3597 conversimejaculationesin
1412 3534 1465 3585 te
1478 3528 2289 3601 reﬂectunturimprobiores.
2318 3530 2516 3595 Totus,
2550 3548 2579 3585 e
2600 3531 2796 3587 medio
2818 3532 2996 3589 corde
3017 3532 3395 3599 innodatum,
3436 3534 3698 3590 vinctum
3718 3535 3767 3587 et
3798 3546 3872 3585 ca-

536 3616 756 3688 ptivum
768 3615 980 3672 animal
996 3615 1268 3686 abducis,
1282 3616 1405 3687 ipse
1420 3633 1519 3688 per
1530 3618 1766 3674 eosdem
1783 3618 1949 3673 funes
1964 3623 2249 3674 attractus
2270 3635 2282 3673 :
2302 3618 2643 3675 vulneratus
2655 3636 2685 3675 e
2704 3621 3022 3677 vulnerasti
3040 3639 3052 3676 :
3070 3627 3402 3692 prostratus
3418 3639 3484 3677 es
3500 3618 3869 3695 prostravisiti.

611 3703 680 3759 Et
705 3703 920 3776 quidni
947 3705 1257 3777 perspicue
1288 3705 1401 3761 hoc
1429 3705 1504 3761 sit
1531 3705 1890 3762 adulterium
1916 3708 1943 3763 ?
1970 3706 2188 3762 Verum

538 3792 876 3850 misericors
904 3794 1061 3849 Deus
1084 3809 1207 3851 non
1233 3794 1291 3849 id
1325 3795 1406 3851 ita
1442 3800 1678 3867 reputat
1710 3814 1723 3851 :
1757 3796 2191 3853 circumscribit

536 3888 871 3956 peccatum,
904 3888 959 3939 et
980 3883 1144 3939 cordi
1162 3883 1367 3955 afﬁgit,
1394 3883 1494 3940 ubi
1512 3884 1714 3957 passio
1728 3886 2191 3957 producebatur.

536 3971 631 4028 Ait
659 3970 809 4027 enim
843 3986 854 4025 :
894 3993 921 4021 «
946 3970 1013 4027 In
1050 3970 1227 4028 corde
1259 3971 1609 4029 adulterasti
1650 3989 1808 4029 eum.
1846 3994 1872 4024 »
1908 3973 2083 4030 Vides
2132 3978 2193 4028 ut

538 4059 643 4132 qui
658 4060 921 4131 optimus
937 4067 1042 4126 est,
1070 4060 1329 4132 benigne
1345 4066 1579 4133 reputet
1606 4079 1741 4134 quae
1768 4062 1991 4129 deﬁnit,
2018 4062 2192 4118 nobis

537 4165 791 4221 parcens
822 4148 850 4204 7
878 4151 988 4207 Sed
1030 4156 1240 4221 praeter
1264 4151 1391 4221 jam
1424 4151 1601 4207 allata
1636 4152 1782 4206 illud
1832 4152 2041 4223 cogita.
2074 4154 2191 4208 Hoc

538 4238 634 4295 ille
664 4239 876 4294 scitum
908 4240 1166 4311 protulit,
1200 4256 1317 4297 non
1359 4246 1421 4296 ut
1444 4240 1767 4296 meditatus
1801 4242 1858 4295 in
1907 4257 2019 4296 nos
2052 4258 2194 4313 sup—

2378 3715 2492 3769 Πῶς
2522 3708 2650 3780 οὐχὶ
2682 3715 2851 3782 σαφὴς
2882 3718 3034 3763 τοῦτο
3065 3715 3284 3782 μοιχεία
3313 3730 3327 3779 ;
3361 3711 3505 3763 Ἀλλ’
3554 3712 3703 3783 ούχό
3731 3710 3873 3781 φιλάν-

2305 3798 2503 3870 θρωπος
2552 3800 2697 3869 ἡμῶν
2747 3802 2877 3862 Θεὸς
2924 3799 3105 3861 οὕτως·
3160 3799 3287 3852 ἀλλὰ
3334 3806 3511 3875 μέχρι
3565 3797 3787 3874 καρδίας,
3833 3800 3867 3848 ἓν

2304 3883 2331 3959 ᾖ
2381 3893 2471 3939 καὶ
2524 3891 2580 3940 τὸ
2638 3890 2802 3951 πάθος
2843 3890 3063 3960 ὑπέστη,
3122 3892 3437 3964 περιγράφει
3486 3896 3581 3949 τὴν
3634 3891 3866 3963 ἁμαρτίαν.

2303 3995 2333 4028 (ι
2408 3977 2761 4049 Ἐμοίχευσας
2834 3980 2957 4051 γὰρ,
3017 3984 3196 4051 φησιν,
3239 3978 3286 4030 ἐν
3343 3976 3577 4054 καρδία.
3652 4000 3679 4029 ))
3745 3977 3868 4049 Ὁρᾷς

2302 4066 2435 4125 ὅπως
2498 4075 2774 4139 χρηστῶς,
2846 4069 2984 4129 ὅπως
3049 4070 3269 4139 κούφως,
3337 4072 3520 4121 πάντα
3574 4072 3865 4140 γυωματεύειο

2302 4155 2440 4216 ὅπως
2494 4154 2638 4227 alia.»
2692 4152 2922 4227 φείδεται
2948 4173 2961 4222 ;
2988 4160 3118 4230 Πρός
3156 4154 3214 4209 δὲ
3244 4164 3346 4217 τοῖς
3376 4158 3670 4231 εἰρημένοις
3704 4156 3867 4207 κάκεῖνο

2302 4245 2532 4314 λογίζουο
2577 4246 2657 4296 ὃτι
2706 4245 2833 4316 ούχὶ
2889 4250 3138 4319 τιμωρίαν
3193 4249 3317 4318 ἡμῖν
3369 4246 3614 4313 ἐπινοῶν,
3664 4245 3777 4297 ἀλλά
3808 4264 3869 4294 τι-

537 4328 803 4401 plicium,
837 4329 941 4383 sed
993 4332 1056 4385 ut
1082 4330 1351 4385 eximens
1396 4346 1507 4385 nos
1565 4346 1600 4385 a
1630 4330 1945 4402 supplicio,
2004 4333 2188 4396 Certe,

2308 4340 2504 4404 μωριῶν
2587 4331 2961 4407 ἐξαιρούμενος,
3022 4336 3219 4391 ταύτην
3287 4332 3469 4387 ἀνεῖπε
3528 4340 3622 4392 τὴν
3674 4339 3865 4404 γνώμην.

538 4419 637 4490 qui
668 4418 919 4475 libenter
946 4423 1006 4475 et
1034 4434 1171 4474 cum
1198 4418 1414 4475 aﬂ’ectu
1442 4419 1709 4491 quodam
1730 4420 1938 4485 animi,
1962 4424 2083 4476 tam
2108 4420 2193 4476 in-

540 4508 824 4578 congruis
845 4507 1198 4579 spectaculis
1217 4508 1587 4574 immoratur,
1619 4524 1691 4564 eo
1703 4524 1852 4580 pene
1880 4510 2187 4580 processit,

539 4600 605 4651 ut
626 4597 829 4669 ipsum
872 4612 933 4652 se
964 4602 1099 4653 actu
1126 4602 1313 4653 totum
1348 4597 1602 4669 proluat.
1637 4598 1946 4664 Quocirca,
1990 4605 2054 4655 ut
2083 4616 2191 4655 nos

538 4700 577 4743 a
607 4686 903 4759 supplicio
930 4685 1228 4753 liberaret,
1259 4702 1474 4743 causas
1498 4702 1712 4743 omnes
1742 4692 2007 4744 removet
2037 4688 2191 4745 unde

535 4791 649 4831 nos
689 4776 860 4833 nobis
911 4792 1123 4848 paanas
1181 4775 1564 4832 accersimus.
1598 4776 1769 4842 Quod
1815 4776 1863 4830 si
1890 4776 2033 4831 velis
2066 4793 2191 4833 rem

536 4865 814 4922 intentius
846 4870 1041 4923 mente
1090 4865 1367 4931 recolere,
1429 4865 1629 4921 videre
1669 4865 1773 4922 tibi
1832 4866 1987 4931 licet,
2028 4868 2193 4939 quod

535 4967 642 5025 per
697 4954 806 5011 hoc
862 4963 1227 5028 praeceptum
1280 4955 1753 5012 consolationem
1810 4954 2194 5012 humanitatis

536 5041 777 5113 plenam
818 5047 1100 5117 suggerit,
1132 5050 1188 5101 et
1213 5046 1750 5101 manuductionem
1790 5044 1869 5101 ad
1913 5045 2189 5118 salutem,

532 5145 659 5187 non
688 5137 889 5189 autem
918 5135 1277 5207 supplicium
1302 5135 1591 5192 construit
1619 5134 2037 5207 implacabilis,
2070 5151 2192 5192 non

534 5234 783 5293 penam
807 5221 973 5278 nullo
997 5224 1181 5280 modo
1209 5223 1650 5282 redimendam.
1677 5222 1827 5280 Cum
1847 5224 2030 5291 cnim,
2058 5240 2192 5297 qua:

608 5346 708 5401 ⁸⁸1
761 5347 893 5403 Cor.
943 5362 1003 5411 Il,
1058 5350 1111 5406 9.

2315 4427 2358 4472 Ο
2413 4423 2513 4494 γὰρ
2557 4428 2667 4481 τοῖς
2715 4426 2970 4484 τοιούτοις
3017 4420 3392 4497 ἔμφιλοχωρῶν
3450 4422 3669 4485 ἀτόποις
3720 4423 3869 4491 eteius-

2303 4528 2408 4581 σιν,
2456 4508 2606 4581 ἐγγύς
2657 4508 2771 4563 ἐστι
2820 4516 2909 4563 καὶ
2965 4513 3095 4585 πρὸς
3160 4510 3323 4569 αὐτὴν
3384 4516 3487 4570 τὴν
3549 4513 3723 4583 πρᾶξιν
3773 4508 3867 4564 ὅλως

2302 4597 2683 4671 βαπτισθῆναι.
2736 4598 2845 4652 Ίνα
2902 4599 2989 4652 οὖν
3035 4601 3176 4671 ἡμᾶς
3222 4598 3464 4662 ἐξέληται
3505 4610 3602 4654 τοῦ
3652 4598 3868 4653 unclassi-

2300 4708 2405 4755 ναι,
2454 4688 2855 4763 προαναστέλλει
2897 4692 2984 4749 τὰς
3034 4689 3201 4750 αἰτίας
3248 4698 3368 4755 τῶν,
3424 4691 3506 4762 ἐφ’
3559 4693 3635 4753 οἷς
3665 4691 3864 4759 εἰσπρατ-

2301 4779 2495 4850 τόμεθα
2540 4780 2631 4840 τὰς
2680 4783 2948 4853 τιμωρίας.
2998 4774 3167 4840 Ἰδοις
3221 4774 3273 4831 δ’
3326 4780 3389 4830 ἄν
3447 4780 3641 4852 μᾶλλον
3695 4778 3865 4831 ίπισ-ιο·

2302 4870 2573 4939 πούμενος,
2607 4870 2674 4930 ὡς
2705 4867 2833 4940 οὐχὶ
2862 4872 3043 4926 ποινὴν
3082 4864 3460 4926 ἀδυσώπητον·
3501 4866 3626 4921 οὐδε
3656 4872 3863 4940 τιμωρίαν

2304 4955 2692 5027 ἁλογοθέτητον’
2751 4956 3106 5029 ψυχαγωγίαν
3158 4953 3217 5010 δε
3272 4957 3469 5030 μᾶλλον
3531 4958 3860 5031 φιλάνθρωπον,

2302 5051 2392 5099 καὶ
2456 5050 2813 5119 χειραγωγίαν
2877 5052 3151 5121 σωτήριον,
3212 5043 3306 5099 διὰ
3360 5051 3570 5110 ταύτης
3626 5051 3738 5119 ἡμῖν
3792 5050 3861 5098 τῆς

2303 5134 2503 5195 ἐντολῆς
2550 5130 2836 5207 μεθοδεύει.
2889 5141 3005 5197 Πῶς
3048 5152 3062 5202 ;
3108 5136 3247 5189 Ἐπεὶ
3295 5138 3418 5210 γὰρ,
3480 5137 3572 5190 οἶα
3628 5133 3771 5187 πολλὰ
3813 5130 3861 5179 τὶ

2304 5223 2620 5300 ἀνθρώπινα,
2674 5228 2763 5277 καὶ
2810 5229 2981 5300 χωρὶς
3033 5224 3249 5298 μελέτης
3302 5229 3391 5278 καὶ
3442 5230 3753 5302 περιεργὶας,
3809 5216 3859 5275 εἰς

1870 5452 2110 5511 VARLE
2177 5454 2577 5514 LECTIONES.

666 5555 869 5631 ἔκοψεν*
899 5555 1135 5610 ίκόλαϐεν
1170 5557 1352 5615 habet
1383 5561 1444 5615 et'
1468 5562 1623 5617 Mon.
