4026 6196
67 261 164 319 997
1068 256 1164 315 AD
1207 244 2135 325 AMPHILocmuuouatsrm
2168 250 2413 319 CCXXI.
3318 262 3426 322 998

73 389 296 448 ἀτόπους
361 384 677 461 ἐκφερόμεθα
744 382 954 459 πράξεις
988 405 1002 419 ο
1069 386 1153 437 ἶνα
1232 383 1443 440 ἐπειδὰν
1510 381 1663 458 μηδὶπ

1860 386 2098 443 trerum
2129 387 2387 445 conditio
2407 388 2837 453 humanarum,
2866 386 3046 445 etiam
3077 378 3315 463 absque
3330 389 3447 449 ali-

76 477 602 552 προμεμελετηκότες,
651 470 791 547 μηδε
862 482 966 535 τοῖς
1048 474 1327 549 λογισμοῖς
1393 479 1451 529 τό
1523 476 1666 528 πάθοι

1860 486 1916 528 ia
1943 474 2330 533 meditatione
2376 482 2480 535 aut
2517 476 2876 546 curiositate,
2909 477 2968 533 in
2994 469 3291 536 absurdus
3347 478 3450 538 de-

76 567 454 629 στηλώσαντες,
502 565 640 616 κατά
685 582 804 616 τινα
849 560 908 616 δε
954 562 1098 637 βίαν,
1148 565 1178 623 ἣ
1239 567 1601 640 συναρπαγὴν,
1651 564 1666 614 i

1867 562 2054 620 rimtur
2082 566 2345 623 actiones
2374 583 2387 634 ;
2420 566 2572 639 ideo,
2598 567 2659 623 in
2684 582 2825 624 eum
2849 566 3054 634 ﬁnem,
3081 572 3160 633 ut,
3190 584 3329 626 eum
3358 585 3457 627 ne-

77 653 251 721 δόλον,
304 654 378 717 εἰς
434 655 684 709 τοιαύτην
745 651 1221 724 παρολισθήσωμεν
1269 653 1479 727 πρᾶιξιν⁹
1538 671 1667 709 τηνι‹

1864 667 1917 706 ιο
1932 652 2135 711 dedita
2151 670 2361 728 opera,
2385 672 2493 713 nec
2511 656 2847 727 cogitationi
2866 658 3100 729 penitus
3124 657 3454 717 inhaerente

74 752 248 796 καῡτα
317 748 387 815 μὴ
458 746 832 814 καταπέσωμεν
900 741 1179 808 παντελῶς,
1242 739 1371 815 μηδ’
1434 742 1505 802 εἰς
1560 740 1661 793 ἀπό

1868 740 2034 808 fectu,
2074 745 2179 800 sed
2199 761 2305 817 per
2330 746 2474 812 vim,
2498 762 2603 819 per
2632 747 2931 819 rapinam,
2952 747 3356 819 perii-andem
3374 748 3458 804 in-

75 851 272 904 γνωσιν
319 831 533 893 ἑαυτούς
588 828 979 905 ἀπορῥίψωμεν.
1046 830 1182 884 Ἀλλ’
1246 832 1552 896 ἃννοοῦντες,
1611 831 1665 882 ὅτ

1868 830 1977 899 icti,
2005 831 2065 888 in
2090 833 2387 905 ejusmodi
2430 843 2629 892 actum
2670 834 3140 893 exorbitavimus
3169 856 3182 907 ;
3213 842 3363 907 tum,
3393 842 3458 895 ut

77 926 214 993 μήτε
262 920 497 992 μελέτης,
552 924 682 992 μήτε
738 915 1001 984 σπουδῆς,
1048 925 1182 991 μήτε
1230 920 1512 992 λογισμῶν,
1565 936 1667 990 συγ

1907 921 2145 991 penitus
2173 924 2580 991 concidamus;
2612 930 2714 982 aut
2751 925 3109 996 abjiciamus
3143 942 3253 983 nos
3275 927 3335 983 in
3357 926 3474 985 de;

80 1012 413 1071 καταθέσεως
472 1012 940 1083 προηγησαμένης,
1002 1017 1073 1079 τῷ
1153 1014 1398 1082 πτώματι
1462 1009 1665 1082 παρεσύ

1867 1012 2203 1068 ιοιιαῑίοηοω
2240 1028 2255 1080 ;
2288 1014 2387 1069 sed
2418 1019 2784 1086 reputantes,
2835 1015 3001 1087 quod
3032 1031 3141 1071 nec
3179 1015 3255 1072 de
3280 1017 3457 1073 media

78 1118 267 1171 ρημιν,
323 1100 508 1151 θᾶττόν
563 1116 619 1151 τε
674 1098 860 1158 αὐτοὺς
912 1096 1103 1151 ἐκεῖθεν
1158 1097 1556 1170 ἀναστήσωμεν,
1603 1114 1668 1149 κα

1868 1097 2051 1166 tione,
2096 1115 2206 1157 nec
2245 1102 2463 1171 studio,
2520 1118 2628 1159 nec
2677 1104 3151 1171 ratiocinatione,
3197 1106 3458 1162 condes-

76 1192 213 1263 πρὸς
294 1189 569 1260 μετάνοιαν
652 1183 954 1262 δράμωμεν,
1039 1189 1268 1260 μεγάλην
1357 1187 1666 1262 ίφευρηκότε

1872 1188 2081 1244 nsione
2110 1192 2502 1261 praecedente,
2544 1192 2605 1248 in
2634 1192 3089 1265 prolapsionem
3134 1193 3458 1251 substraeti

82 1276 325 1350 ἀφορμὴν
382 1284 716 1350 συγγνώμης,
771 1280 829 1329 τό
881 1281 954 1348 μὴ
1028 1280 1156 1350 μετὰ
1221 1284 1435 1351 γνώμης
1497 1281 1671 1329 πεσεῖν

1870 1276 2024 1332 imus
2063 1278 2311 1335 celerius
2338 1284 2573 1337 nosmet
2603 1281 3119 1349 resuscitabimus,
3163 1282 3241 1339 ad
3271 1283 3460 1355 paeni.

77 1366 193 1419 Ἰνα
232 1363 323 1419 οὖν
362 1370 565 1428 τούτοις
601 1373 708 1427 τοῖς
752 1365 1044 1439 λογισμοῖς,
1079 1363 1243 1419 ἔπιδ’
1290 1368 1350 1418 ἂν
1400 1366 1455 1429 ἐξ
1484 1361 1667 1438 ἓπιδρο

1870 1366 2047 1422 ntiam
2064 1370 2731 1442 accurremus,primam
2745 1386 3054 1444 quamque
3067 1372 3255 1428 venire
3268 1372 3460 1428 indul-

82 1465 209 1529 μῆς,
269 1458 301 1515 ἧ
358 1460 553 1528 τέχνης
605 1458 744 1518 τινός
800 1467 829 1496 ιι
881 1455 911 1515 ἢ
972 1460 1062 1528 κᾳὶ
1112 1452 1421 1529 τυραννίδος
1474 1454 1672 1526 ἁλῶμεν

1870 1455 2014 1510 indas
2044 1457 2422 1514 occasionem
2478 1460 2842 1532 arripientes,
2886 1459 3135 1516 minime
3182 1477 3323 1526 nos,
3384 1461 3460 1517 de

85 1546 434 1618 ψυχαγωγεῖν
526 1548 730 1617 ἔχωμεν
819 1544 1047 1610 ἑαυτοὺς,
1129 1550 1221 1597 καὶ
1312 1547 1675 1617 προθυμότερα

1869 1542 1989 1599 limi
2015 1546 2307 1602 sententia
2336 1547 2650 1619 prolapsos
2694 1564 2846 1604 esse.
2890 1550 3196 1620 Quocirca,
3226 1550 3459 1623 quoties

87 1639 217 1707 πρὸς
263 1639 360 1693 τὴν
401 1631 685 1708 διόρθωσιν
742 1630 1162 1707 εὐθυδρομῶμεν,
1205 1637 1399 1691 ταύτην
1443 1635 1469 1684 ό
1517 1636 1677 1707 Σωτηβ

1870 1632 2176 1702 tincursu,
2208 1634 2301 1689 vel
2344 1651 2450 1707 per
2503 1636 2750 1710 aliquod
2803 1637 3145 1704 artificium,
3188 1644 3290 1695 aut
3337 1638 3460 1695 vim

89 1723 390 1796 ἀπεφήνατο
441 1728 534 1781 τὴν
581 1728 791 1795 γνώμην
825 1739 839 1753 ⁸
888 1723 938 1775 ίν
982 1731 1045 1796 τῇ
1101 1731 1202 1775 τῶν
1253 1728 1503 1797 χειρόνων
1555 1724 1679 1797 αἱρί·

1872 1721 2110 1777 ranniee
2136 1722 2469 1779 adhibitam
2499 1739 2890 1797 occupamur,
2928 1725 3266 1782 istiusmodi
3306 1726 3458 1783 sola.

91 1832 192 1879 σει,
225 1817 319 1864 καὶ
366 1820 465 1863 τῶν
510 1811 775 1883 λογισμῶν
806 1819 866 1885 τῇ
920 1814 1321 1884 συγκαταθέσει,
1355 1811 1460 1863 ἀλλ’
1510 1810 1603 1863 ούκ
1647 1810 1681 1861 ἐι

1874 1808 2066 1865 ιιιὶὺιιε
2096 1826 2206 1865 nos
2245 1810 2485 1868 reticere
2524 1818 2582 1869 et
2614 1809 2813 1869 fovere
2851 1829 3177 1886 possumus
3220 1860 3238 1886 ,
3277 1818 3342 1871 ut
3385 1814 3464 1870 sic

86 1910 151 1973 τῇ
196 1900 380 1975 πράξει
426 1905 580 1973 μόνη,
614 1904 672 1952 τό
715 1907 810 1963 τῆς
856 1900 1115 1975 ἁμαρτίας
1158 1903 1499 1973 περιστήσας.
1532 1905 1676 1952 Τοῦτι

1874 1898 2078 1953 acriori
2104 1915 2285 1955 cursu
2315 1900 2580 1958 feramur
2618 1902 2696 1958 ad
2735 1902 3242 1960 emendationem.
3300 1905 3464 1960 Hanc

89 1988 148 2043 δε
198 1991 259 2043 ού
310 1988 621 2062 βαρύνοντος
664 1989 794 2061 ἐστι,
828 1985 968 2061 δίχα
1005 1989 1185 2061 λόγου,
1216 1992 1274 2041 τὸ
1321 1985 1561 2051 συνειδὸς
1597 1996 1679 2040 τῶτ

1876 1988 2159 2043 ntentiam
2190 1991 2465 2046 Servator
2495 1990 2759 2063 protulit,
2785 1996 2848 2047 ut
2878 1990 2939 2047 in
2961 1992 3323 2049 deteriorum
3354 1993 3466 2049 ele-

88 2080 512 2153 ἁμαρτανόντων,
606 2077 733 2131 ἀλλὰ
826 2076 1209 2154 βεϐαρημίνην,
1284 2086 1381 2130 τῶν
1477 2076 1570 2130 οὐκ
1644 2076 1678 2128 ἐπ

1876 2077 2015 2145 ione,
2044 2081 2101 2132 et
2138 2077 2386 2134 rationis
2425 2094 2741 2145 consensu,
2784 2080 3013 2152 peccati
3061 2087 3360 2149 naturam,
3411 2084 3466 2137 et

89 2169 312 2241 μελέτης
377 2168 625 2233 ἁλόντων,
686 2165 1118 2240 ἀνακουφίζοντος
1193 2172 1287 2225 τὴν
1368 2163 1674 2225 συνείδησιν

1876 2180 1927 2219 ιιι
1957 2164 2016 2221 in
2056 2166 2180 2222 solo
2213 2171 2363 2234 actu,
2397 2167 2860 2224 circumscribat.
2898 2170 3018 2226 Nec
3056 2174 3147 2226 est
3182 2170 3292 2226 hoc
3325 2185 3466 2227 one.

86 2264 177 2311 καὶ
256 2265 702 2333 παρηγοροῦντος.
754 2256 954 2331 Ὠσπερ
1013 2260 1114 2333 γὰρ
1188 2265 1298 2319 τοῖς
1356 2252 1428 2310 δι’
1499 2255 1676 2308 ἐκείνω

1896 2255 1991 2309 itis
2038 2255 2167 2311 sine
2216 2259 2445 2314 ratione
2475 2258 2907 2315 conscientiam
2936 2258 3415 2333 delinquentium
3446 2276 3486 2327 ;'

85 2348 407 2420 προελθοῦσι
485 2355 586 2399 τῶν
642 2346 1019 2422 ἕρεθισμάτων,
1068 2351 1205 2420 μίγα
1268 2351 1358 2399 καὶ
1416 2342 1671 2399 δύσοιστο

1875 2343 1910 2398 d
1941 2343 2270 2401 alleviantis
2301 2346 2499 2418 potius
2543 2351 2600 2403 et
2630 2348 2996 2404 consolantis
3039 2349 3465 2406 conscientiam

87 2441 145 2489 τό
201 2439 529 2511 κατάκριμα.
586 2440 672 2504 (Τί
718 2437 820 2511 γὰρ
874 2433 1149 2509 ἕμελέταςς
1190 2439 1243 2488 τί
1298 2431 1348 2487 δ’
1402 2433 1672 2510 ἀνηρέθιζε

1877 2441 2268 2504 asgravatam,
2318 2450 2546 2501 eorum,
2586 2435 2691 2509 qui
2743 2452 2865 2492 non
2907 2453 2939 2492 e
2975 2441 3130 2493 certo
3160 2436 3467 2510 proposito

88 2530 152 2579 τὰ
207 2528 387 2592 mih;
446 2530 536 2578 καὶ
590 2534 683 2587 τῆς
741 2525 942 2597 φαύλης
1016 2528 1261 2601 αἱρέσεως
1312 2524 1425 2577 ὅλον
1485 2526 1678 2577 σεαυτόί

1880 2520 2207 2594 ιτὶρίιιηῑυτ.
2225 2524 2750 2589 Quemadmodum
2772 2524 2932 2580 enim
2956 2524 3073 2581 illis
3094 2525 3195 2597 qui
3218 2525 3293 2581 ab
3308 2524 3470 2598 ipso-

91 2618 302 2680 ἐποίεις,
363 2614 491 2667 ἑκὼν
566 2612 797 2675 ἀποστὰς
876 2623 975 2667 τῶν
1029 2618 1353 2689 κρειττόνων,
1402 2616 1574 2665 καίτοι
1644 2632 1681 2664 τ‹

1886 2628 1944 2667 m
2004 2612 2464 2670 excitationibus
2515 2613 2766 2687 profecti
2832 2619 2990 2685 sunt,
3046 2614 3469 2671 eondemnatio

92 2705 253 2758 Θίλειν
310 2707 379 2756 τὰ
432 2701 623 2775 ἀμείνω
678 2704 852 2778 (Scires;
911 2725 939 2753 «
990 2705 1310 2777 Παράκειται
1362 2704 1461 2777 γὰρ
1514 2706 1603 2753 καὶ
1654 2700 1682 2753 ἓ

1876 2699 2025 2758 :cidit
2050 2701 2217 2773 justa
2246 2708 2302 2758 et
2330 2702 2730 2775 importabilis
2785 2702 2949 2776 (quid
2991 2706 3151 2759 enim
3203 2703 3466 2760 studiose

91 2795 285 2867 ἑτοίμῳ
352 2800 534 2859 πᾶσιν,
588 2794 657 2853 ὡς
718 2798 808 2845 καὶ
868 2792 1067 2853 Παῦλος
1121 2790 1245 2865 βοᾷ,
1298 2794 1357 2845 τό
1413 2793 1479 2843 τὰ
1531 2790 1681 2862 ἀγαθι

1876 2790 2128 2846 editatus
2149 2807 2211 2847 es
2236 2790 2266 2846 ‘i
2289 2808 2580 2864 quorsum
2602 2791 2851 2849 aﬂ‘ectus
2875 2793 2959 2848 sic
2981 2791 3218 2848 irritasti
3240 2790 3465 2864 ‘Pquare

93 2883 279 2948 θέλειν,
314 2904 343 2936 ι)
384 2886 475 2934 καὶ
525 2878 675 2934 οὐδὲν
725 2878 950 2957 ἐργῶδες
995 2889 1168 2953 μισεῖν
1218 2879 1510 2952 τάναντία.)
1550 2879 1683 2932 Ἀλλέ

1878 2883 2062 2936 totum
2076 2881 2390 2952 componis
2412 2881 2489 2938 ad
2513 2881 2946 2953 improbitatem
2976 2880 3464 2948 amplexandam,

91 2976 196 3046 γὰρ
242 2973 423 3045 ὥσπερ
465 2978 569 3031 τοῖς
612 2973 866 3033 τοιούτοις
913 2974 970 3024 τὸ
1017 2979 1113 3033 τῆς
1154 2974 1507 3045 κατακρίσεως
1545 2968 1678 3041 χαλε

1874 2974 2018 3024 >onte
2072 2969 2384 3025 declinans
2439 2974 2494 3025 et
2524 2968 2801 3025 recedens
2846 2985 2882 3025 a
2918 2969 3287 3035 melioribus,
3328 2984 3464 3025 cum

94 3066 190 3113 πόν
224 3078 237 3089 ·
304 3060 441 3113 οὕτω
486 3067 597 3122 τοῖς
651 3065 722 3133 μὴ
782 3056 875 3112 διὰ
922 3067 1022 3112 τῶν
1074 3060 1263 3131 ὁμοίων
1312 3061 1684 3133 παρενεχθεῖσι

1879 3057 2191 3115 menfacile
2205 3058 2395 3114 fuerat
2416 3064 2482 3114 ut
2511 3062 2818 3130 appeteres
2842 3056 3088 3114 meliora
3111 3055 3141 3112 τ
3165 3074 3195 3111 α
3223 3057 3465 3127 Adjacet

94 3152 383 3223 προφθὼει
465 3158 559 3212 τῆς
627 3154 882 3223 τιμωρίας
960 3152 990 3207 ἡ
1070 3147 1447 3222 φιλανθρωπία,
1516 3147 1565 3200 ἐν
1638 3157 1684 3222 τῇ

1871 3146 1973 3201 tim
2012 3146 2249 3218 cuique.
2282 3144 2361 3202 uti
2404 3144 2618 3202 Paulus
2640 3146 2739 3211 ait,
2773 3145 2921 3202 velle
2942 3145 3224 3201 bonum”
3250 3161 3263 3201 :
3289 3166 3315 3197 ››
3350 3159 3461 3200 nec

93 3248 295 3312 ταχινῇ
344 3237 675 3311 μεταμελείᾳ,
724 3235 917 3313 ῥᾳδίαν
966 3242 1060 3297 τὴν
1120 3243 1434 3311 συγγνώμην
1480 3242 1570 3289 καὶ
1610 3242 1683 3296 τὴτ

1871 3238 1903 3289 :t
1929 3250 2254 3291 onerosum
2293 3235 2491 3291 odisse
2517 3234 2729 3307 mala).
2768 3235 2838 3291 Ut
2868 3233 2995 3290 istis
3026 3234 3246 3290 durum
3279 3238 3365 3290 est
3392 3248 3461 3290 ac

93 3328 339 3382 ἀθώωσιν
393 3328 745 3402 χαριζομένη.
795 3332 897 3381 Καὶ
945 3334 1112 3380 ταῦτα
1167 3330 1257 3399 μιν
1306 3325 1389 3379 ἐπὶ
1432 3336 1679 3380 τοσοῦτον

1878 3322 2183 3379 tolerabile
2213 3323 2603 3380 condemnari
2635 3339 2649 3390 ;
2676 3323 2760 3379 ita
2798 3338 2926 3393 eos,
2970 3324 3074 3396 qui
3104 3338 3223 3379 non
3255 3337 3363 3394 per
3394 3323 3467 3378 si-

93 3423 161 3471 Σὺ
194 3415 255 3471 δέ
287 3437 379 3490 μοι
423 3421 507 3469 καὶ
553 3416 767 3492 πράξεις
807 3415 1029 3477 ἀτόπους
1069 3415 1335 3492 ἐκτρίπου,
1381 3421 1471 3469 καὶ
1513 3413 1683 3469 εἶδωλι

1880 3412 1981 3470 ilia
2005 3412 2399 3484 abripiuntur,
2451 3412 2759 3487 suppliciis
2813 3418 3142 3485 exemptos,
3176 3412 3465 3484 praevenit

90 3515 196 3568 τοῖς
244 3507 546 3578 λογισμοῖς,
601 3502 694 3558 διὰ
740 3509 1011 3579 περιέργου
1065 3510 1154 3557 καὶ
1204 3503 1463 3577 ἐμπαθοῡς
1520 3505 1680 3576 ὅψεως

1880 3503 2221 3559 isericordia
2255 3524 2266 3568 ;
2299 3503 2438 3560 etin
2465 3502 2717 3560 celerala
2769 3501 3118 3575 pcenitentia
3162 3517 3284 3558 non
3318 3500 3470 3557 dim-

92 3598 314 3668 άνιστᾷν
370 3594 596 3668 ἀπέχου,
648 3596 731 3648 ἶνα
789 3614 874 3648 σοι
920 3599 1009 3648 καὶ
1061 3601 1171 3656 τοῖς
1228 3597 1482 3657 τοιούτοις
1530 3593 1682 3666 λόγοιι

1875 3592 1999 3649 [iter
2016 3591 2661 3663 donatindulgentiam,
2686 3597 2743 3649 et
2763 3608 2799 3649 a
2817 3596 2985 3649 reatu
3000 3590 3465 3647 absolutionem.

91 3693 294 3763 τρυφᾷν
324 3697 375 3750 V,
412 3685 538 3737 ἀλλὰ
562 3689 634 3758 μὴ
669 3681 1059 3757 δυσχεραίνειν,
1093 3687 1430 3758 περιγένοιτο.

1908 3683 2035 3738 haec
2064 3681 2311 3755 quidem
2336 3682 2647 3739 hactenus.
2670 3683 2752 3737 'l‘u
2781 3685 2982 3738 autem
3009 3680 3273 3736 actiones
3297 3696 3474 3752 quas-

92 3779 233 3832 libet
268 3774 575 3832 absurdas
608 3780 914 3829 aversator
948 3794 959 3837 ;
994 3779 1051 3829 et
1088 3772 1248 3828 idola
1273 3770 1547 3844 quandam
1589 3788 1692 3845 per
1721 3771 2141 3842 cogitationem
2167 3772 2403 3828 curioso
2433 3775 2490 3828 et
2520 3770 2840 3827 aiiectuoso
2868 3769 3062 3826 intuiti
3088 3784 3328 3840 eregere
3366 3769 3473 3825 ab-

90 3866 274 3935 sistis,
296 3871 357 3920 ut
387 3864 471 3918 sic
491 3863 728 3919 demum
744 3862 930 3918 laetari
956 3862 1169 3933 possis,
1198 3865 1252 3917 et
1275 3860 1768 3933 quasiluxuriari,
1802 3875 1905 3917 aec
1926 3861 2044 3915 ullo
2070 3859 2256 3917 modo
2280 3860 2436 3917 afﬁci
2464 3859 2679 3917 talibus
2699 3858 3080 3915 sermonibus
3096 3857 3189 3914 vel
3217 3855 3466 3917 offendi.

658 3965 972 4015 sparum:
1009 3957 1172 4013 2KA'.
1891 3956 2208 4026 QUAESTIO
2237 3964 2248 4012 ι

1891 3956 2208 4026 ΟΗᾸΞΞΊῚΟ
2237 3959 2435 4015 CCXXI
2463 3957 2667 4029 [σοίει.
2706 3955 2932 4027 CLXVI,
2964 3957 3144 4013 Taur.
3176 3953 3396 4027 CLXV].

314 4073 476 4131 Ποίας
496 4069 739 4143 αἱρέσεως
765 4064 825 4127 ἦν
857 4066 1103 4130 Εὐσέϐιος
1135 4067 1160 4118 ό
1190 4063 1462 4139 Παμφίλου
1486 4082 1503 4136 ς

2002 4063 2172 4135 Cujus
2204 4065 2433 4120 heresis
2459 4070 2589 4122 erat
2628 4063 2917 4119 Eusebius
2942 4059 3244 4134 Pamphili
3268 4060 3295 4116 ?

320 4167 474 4217 Edita
498 4181 529 4216 a
557 4166 884 4216 Montacutio
916 4166 1019 4229 (ep.
1044 4165 1152 4223 ιιι,
1185 4164 1252 4214 ad
1283 4163 1558 4213 Constant.
1595 4177 1647 4226 p.
1678 4162 1788 4224 201)
1820 4164 1910 4212 ett

1678 4162 1788 4224 201)
1820 4164 1873 4212 et
1896 4175 1929 4212 a
1955 4162 2007 4210 Β.
2045 4162 2109 4211 de
2140 4161 2479 4213 Montfaucon
2523 4161 2791 4225 (Biblioth.
2830 4160 2995 4210 Coisl.
3031 4174 3086 4224 p.
3117 4159 3248 4223 348).

168 4254 441 4320 Εὐσέϐιος,
470 4257 497 4308 ό
527 4263 618 4310 τοῦ
650 4255 924 4329 Παμφίλου
968 4257 1067 4308 εἶτε
1098 4250 1285 4316 δοῦλος
1325 4256 1425 4306 εἴτε
1456 4254 1706 4321 συνήθης,
1740 4251 1758 4305 l

1892 4251 2231 4318 Eusebium,
2300 4250 2596 4323 Pamphili
2663 4250 2784 4307 sive
2820 4265 3063 4308 servum
3120 4250 3242 4304 sive
3295 4246 3469 4303 fami-

88 4349 174 4401 ὅτι
232 4349 331 4420 μεν
400 4347 749 4418 ’Δρειανισμῷ
806 4344 960 4410 ἑάλω,
1032 4342 1204 4416 βοῶσι
1261 4345 1350 4415 μεν
1423 4340 1578 4394 αύτού
1646 4360 1675 4393 τ

1878 4356 2048 4410 irem,
2078 4339 2417 4397 Arianismo
2466 4339 2651 4396 fuisse
2679 4342 3019 4410 correptum
3050 4338 3150 4410 (I),
3181 4338 3311 4408 ejus
3334 4334 3468 4391 libri

88 4436 307 4509 βιϐλία.
337 4440 440 4489 Καὶ
484 4434 641 4497 αὐτὸς
684 4430 743 4488 δι
791 4432 1190 4507 μεταμελόμενος
1235 4428 1393 4491 δῆθεν
1438 4434 1527 4483 καὶ
1573 4431 1678 4481 οἰκω

1880 4433 2101 4486 amant.
2129 4432 2258 4503 Ipse
2285 4445 2424 4486 vero
2462 4428 2810 4503 poenitentia
2856 4427 3071 4483 ductus
3115 4426 3203 4482 vel
3255 4423 3470 4482 invitus

84 4532 187 4585 τήν
226 4530 385 4580 νόσον
434 4522 754 4596 ἀνομολογεῖ,
800 4522 895 4575 κάν
939 4529 1001 4595 τῇ
1060 4520 1368 4595 μεταμελείᾳ
1414 4516 1472 4572 δὲ
1523 4518 1674 4591 μᾶλλο

1886 4517 2102 4575 orbum
2132 4518 2440 4576 confessus
2470 4524 2576 4584 est,
2610 4517 2841 4574 etiamsi
2859 4518 2950 4573 vel
2976 4517 3105 4588 ipsa
3126 4512 3473 4588 pcenitentia

84 4617 273 4669 ἑαυτὸν
328 4610 596 4667 δείκνυσιν
650 4611 1057 4686 ἀμεταμέλητον.
1113 4610 1189 4663 Οὐ
1237 4611 1339 4683 γὰρ
1393 4608 1572 4660 ἑαυτὸν
1634 4606 1674 4658 ἕν

1876 4624 2014 4663 usum
2055 4608 2219 4665 nullo
2251 4608 2431 4664 modo
2471 4607 2823 4680 paenituisse
2854 4604 3130 4661 declaret.
3156 4606 3284 4659 Non
3308 4602 3466 4658 enim

80 4714 289 4764 στῆναι
333 4712 431 4765 τῆς
478 4706 733 4777 προτέρας
775 4697 1095 4764 κακοδοξίας
1142 4695 1214 4752 δι’
1256 4699 1323 4749 ὧν
1371 4693 1542 4759 ἔδοξεν
1588 4694 1670 4749 tim

1877 4712 1956 4753 ιθ,
1998 4712 2183 4769 prava
2230 4699 2521 4755 sententia
2572 4697 2856 4753 desistere
2902 4710 3007 4767 per
3048 4693 3231 4759 illam,
3284 4707 3467 4765 quam

68 4795 373 4866 λογεῐσθαι
419 4796 750 4857 συνίστησιν,
792 4786 917 4844 οὐδε
954 4797 1017 4864 τῇ
1069 4789 1199 4862 ἁγίᾳ
1243 4791 1332 4840 καὶ
1381 4786 1658 4858 οἰκουμενιδ

1876 4791 1994 4843 arat
2030 4787 2395 4861 apologiam,
2422 4787 2751 4861 proﬁtetur,
2793 4799 2987 4857 neque
3014 4798 3152 4840 cum
3175 4786 3381 4839 sancta
3414 4784 3466 4835 e‘

164 4896 215 4930 σο
248 4893 433 4949 Rom.
468 4906 568 4957 vu,
604 4890 694 4946 ιε.
1469 4955 1702 5010 nam;
1733 4954 2128 5014 LscrIONEs.

160 5076 193 5109 ιι
222 5060 539 5124 διαϐολικῆς
558 5060 725 5119 deest
751 5059 815 5117 in
838 5056 1119 5115 Monach.
1160 5070 1427 5129 quoque.
1456 5064 1487 5097 ν
1516 5056 1594 5110 ἶσ.
1627 5052 1895 5129 ἕντρυφᾴν.
1921 5063 2115 5132 τρυφᾴν
2141 5056 2323 5115 habet
2349 5063 2404 5113 et
2440 5055 2696 5113 Monach

1668 5153 1894 5209 NOTAE.

150 5264 234 5343 ιι)
271 5262 359 5343 ορ
389 5256 626 5343 Eusebii
647 5255 985 5343 Ατὲαεξέβξιιεξ
1013 5249 1623 5343 (essurire-19?.
1640 5249 1701 5343 EE
1814 5255 1987 5343 ξιοιξίε
2019 5254 2443 5343 pistrensem
2473 5247 3479 5343 8991299!geiiisluiimiielkr2

14 5322 997 5397 AnimadversionibusinVitam
1014 5322 1700 5397 etscriptaAthanasiiin
1814 5322 2039 5383 novum
2078 5329 2229 5384 inter
2278 5325 2484 5397 doctos
2529 5322 2948 5397 controversiis
2987 5328 3415 5397 argumentum
3455 5337 3468 5376 :

10 5391 282 5470 fronte
307 5399 694 5459 σοιιεειίοηὶε
710 5397 997 5470 1:0sz3.
1016 5397 1137 5451 PP.
1155 5391 1332 5470 Nobis
1345 5391 1703 5470 astipulatur

8 5461 359 5542 iihotius,
373 5473 481 5547 qui
503 5487 643 5547 eum
660 5471 859 5544 palam
876 5468 1170 5547 Arianum
1186 5461 1701 5547 declarat.'Qusad

8 5532 558 5625 brigenianismi
579 5532 809 5613 notam,
830 5555 1021 5616 quam
1040 5539 1120 5596 illi
1146 5536 1331 5595 inurit
1347 5532 1531 5602 idem,
1558 5532 1702 5590 nihil

1815 5413 2168 5480 quan-quam
2203 5412 2321 5478 non
2350 5395 2691 5480 defuerunt,
2736 5394 2841 5480 qui
2874 5394 3000 5475 jam
3022 5390 3238 5480 ipsum;
3257 5407 3338 5480 οξ,
3356 5390 3470 5480 ire:

1806 5465 2026 5546 quanti
2058 5468 2329 5538 Origenis
2370 5482 2624 5546 operum
2676 5465 2931 5546 lectione
2959 5465 3020 5546 in
3068 5465 3468 5546 _Or_igenianos

1808 5534 2102 5622 quosdam
2128 5534 2355 5599 errores
2382 5534 2624 5615 lapsum
2651 5536 2937 5613 suspicati
2966 5536 3104 5593 sint.
3133 5534 3357 5593 Momr.
