4076 6202
593 256 703 316 999
1719 275 1727 279 η
1841 248 2077 313 pnoru
2110 253 2250 325 ?AT

2344 249 2600 316 A‘RCHE
2646 252 2759 316 ΟΡ.
2918 294 2923 303 ι
3826 265 3949 323 1000

599 381 973 443 meumenica
1000 379 1237 453 synodo
1266 395 1331 437 se
1364 379 1693 438 consentire
1719 381 1960 452 indicat,
1985 382 2090 437 sed
2110 398 2244 439 con-

2356 394 2704 457 συμφωνῆσαι
2742 386 2791 427 ν’
2855 382 3061 456 συνόδῳ
3089 402 3103 416 ⁸
3160 384 3289 439 ἀλλὰ
3344 390 3470 449 τοὺς
3527 397 3623 441 τοῦ
3685 391 3949 462 όμοουσίου

596 470 1008 533 substantialis
1036 474 1327 542 patronos
1368 485 1571 525 secum
1622 471 1909 526 sententia
1948 476 2004 527 et
2046 476 2244 528 mente

2352 473 2674 548 πρεσϐευτὰς
2725 474 2881 526 αὐτοῦ
2929 474 3184 528 συνελθεῖν
3233 484 3307 545 τῷ
3358 484 3653 549 φρονήματι
3711 488 3804 531 καὶ
3856 500 3952 531 ανε-

595 562 915 620 convenire
930 563 1274 632 portentose
1290 557 1479 628 ﬁngit.
1495 558 1665 624 Quod
1683 562 1811 615 tum
1825 559 1942 615 alia
1963 559 2241 632 plurima,

2354 560 2660 621 διατεθῆναι
2715 571 2776 636 τῇ
2837 569 3041 637 γνώμη,
3092 568 3441 636 τερατεύεται.
3488 573 3592 620 Καὶ
3671 576 3831 621 τοῦτο
3878 589 3953 621 σξιο

594 656 723 711 tum
747 648 1019 723 epistola,
1038 663 1227 720 quam
1242 646 1711 704 Cmsariensibus
1727 648 1980 719 scripsit,
2000 648 2245 704 demon-

593 745 759 801 strat.
798 741 1018 796 Verum
1064 737 1229 810 quod
1261 737 1338 793 ab
1387 736 1553 793 initio
1583 738 1865 794 Arianam
1896 738 2242 808 opinionem

592 830 821 895 foverit,
850 832 909 885 et
932 842 1125 899 usque
1154 827 1212 882 in
1241 826 1424 881 finem
1454 825 1532 881 ab
1562 841 1636 881 ea
1665 827 1887 883 tuenda
1916 842 2038 882 non
2068 828 2245 882 desti-

590 920 741 987 terit,
761 916 929 974 multi
944 916 1129 989 probe
1146 916 1359 979 sciunt,
1383 918 1440 970 et
1462 914 1662 970 multis
1684 931 1756 972 ex
1777 914 2046 987 partibus
2071 915 2243 986 argui

588 1007 759 1065 facile
783 1009 995 1080 potest.
1029 1003 1203 1070 Quod
1224 1008 1425 1060 autem
1445 1002 1716 1073 Origenis
1744 1004 1969 1071 morbo,
2002 1020 2124 1076 quo
2147 1004 2242 1060 ille

588 1097 746 1154 circa
774 1109 1160 1153 communem
1192 1098 1463 1150 nostram
1487 1093 1972 1149 resurrectionem
1997 1092 2242 1149 affectus

586 1191 729 1255 erat,
768 1184 1071 1256 laborarit,
1106 1184 1340 1242 tametsi
1385 1182 1557 1239 multi
1605 1184 1927 1255 ignorant;
1961 1184 2007 1238 si
2039 1188 2240 1239 tamen

586 1291 727 1332 cum
772 1276 1050 1331 examine
1073 1273 1204 1344 ejus
1245 1272 1424 1329 libros
1474 1272 1778 1343 evolveris,
1823 1287 1968 1328 sane
2011 1272 2240 1329 videbis

2353 660 2452 723 φῶς
2497 652 2627 705 ἄλλα
2670 671 2723 705 τε
2768 652 2976 705 πλείονα
3017 662 3343 725 παριστῶσι,
3384 661 3472 708 καὶ
3520 659 3549 714 ἡ
3612 665 3735 719 τοῖς
3783 665 3954 711 Καισαρ

2352 748 2527 813 ρεῦσιν
2580 740 2721 810 αὐτῷ
2777 748 3039 813 ’γραφεῖσα
3084 741 3355 801 ἐπιστολή.
3404 744 3540 795 Ἀλλ’
3598 748 3687 797 ὅτι
3754 751 3843 813 μὲν
3886 748 3954 798 ἐπ’

2352 828 2523 901 ἀρχῆς
2575 832 2663 890 τὰς
2713 830 3033 900 ’Δρειανικὰς
3082 827 3243 893 δόξας
3288 833 3598 896 ύπέθαλπεν,
3656 842 3754 887 καὶ
3818 842 3956 911 μέχρι

2350 916 2522 977 τέλους
2552 918 2612 969 οὐ
2662 915 2859 971 διέλιπε
2888 923 3162 992 περιέπων,
3204 920 3383 973 πολλοί
3430 942 3483 974 τε
3530 929 3955 987 συνεπίστανται,

2349 1011 2438 1058 καὶ
2492 1008 2617 1081 ῥᾷόν
2676 1007 2789 1059 ἐστι
2842 1008 3013 1061 λαϐεῖν
3067 1009 3410 1081 πολλαχόθεν.
3454 1012 3578 1064 Ὀτι
3632 1011 3700 1067 δε
3752 1021 3844 1066 καὶ
3887 1026 3958 1076 τῆς

2351 1094 2647 1167 Ὠρισγένους
2689 1100 2845 1149 νόσου
2885 1102 3160 1170 μετέσχεν,
3194 1098 3255 1157 ἣν
3285 1103 3421 1152 κατὰ
3468 1108 3564 1163 τῆς
3605 1113 3802 1164 κοινῆς
3835 1108 3955 1175 ἡμῶν

2350 1182 2534 1245 ἐκεῖνος
2600 1185 2847 1244 ἐνόσησεν
2909 1184 3267 1253 ἀναστάσεως,
3323 1188 3367 1241 εἰ
3418 1194 3509 1243 καὶ
3572 1196 3708 1254 τοὺς
3763 1194 3960 1253 πολλὼς

2348 1272 2691 1326 ύπολανθάνει
2722 1292 2734 1303 ·
2765 1273 2871 1325 ἀλλ’
2910 1270 2998 1327 οὖν
3042 1275 3195 1337 αὐτὸς
3240 1281 3334 1328 σύν
3384 1276 3565 1351 ἐρεύνῃ
3608 1285 3743 1343 τούς
3786 1281 3959 1333 έκεὶνον

584 1378 725 1421 eum
754 1378 873 1420 non
907 1362 1095 1420 minus
1121 1363 1236 1419 hoc
1282 1361 1617 1433 pernicioso
1666 1361 1881 1417 morbo
1908 1359 2237 1433 laborasse,

584 1468 771 1526 quam
801 1451 1068 1509 Arianico
1106 1450 1305 1507 furore
1343 1454 1668 1521 correptum
1695 1450 1906 1506 fuisse.

584 1630 914 1699 QUAESTIO
956 1628 1188 1687 CXCXII
1243 1628 1444 1701 [CoisL
1487 1629 1730 1695 CLXVII,
1763 1629 1943 1684 Taur.
1984 1626 2232 1700 CLXVI].

656 1720 809 1789 Quid
820 1724 908 1777 est
925 1718 1113 1776 illud:
1134 1739 1161 1769 α
1181 1718 1338 1784 Quid
1347 1717 1545 1789 minor
1577 1717 1739 1773 estin
1758 1732 1931 1788 regno
1948 1718 2233 1775 caelorum

1101 1791 1299 1859 major
1327 1795 1410 1845 est
1430 1788 1539 1845 illo
1565 1790 1614 1824 ⁷ο
1638 1790 1665 1845 ?
1686 1810 1713 1839 »

2348 1358 2533 1431 λόγους
2570 1361 2960 1436 ἀναλεγόμενος,
2994 1362 3145 1417 οὐδὲν
3182 1364 3391 1419 ἔλαττον
3421 1368 3577 1420 αὐτὸν
3623 1378 3707 1440 τῷ
3767 1370 3962 1443 ὀλεθρίῳ

2348 1452 2519 1520 τούτῳ
2566 1450 2947 1525 ἀρρωστήματι
3087 1460 3200 1515 ταῖς
3244 1456 3595 1529 ’Δρειανικαῖς
3624 1465 3858 1530 μανίαις
3892 1480 3962 1512 κε-

2347 1558 2512 1612 κρατη
2518 1544 2667 1612 μένον
2695 1540 2830 1612 ὄψει.

2900 1638 3213 1686 ΕΡΩΤΗΣῙΣ
3254 1634 3407 1687 ΣΚΗ.

2694 1740 2738 1799 α.
2768 1726 2827 1772 ‘0
2884 1717 2944 1774 δὲ
2991 1726 3291 1799 μικρότερος
3431 1731 3491 1797 τῇ
3557 1722 3831 1799 βασιλείᾳ
3882 1738 3963 1780 τῶν

2682 1790 2931 1865 οὐρανῶν,
2959 1790 3150 1865 μείζων
3182 1790 3342 1846 αὐτοῦ
3373 1790 3513 1847 ἐστὶν
3542 1790 3567 1863 ;’
3590 1818 3617 1848 »

2348 1722 2411 1769 Τί
2458 1716 2596 1770 ἔστιν
2630 1737 2643 1751 ο

1417 1886 1570 1936 Edita
1597 1900 1630 1935 a
1658 1885 1987 1936 Montacutjo
2018 1885 2122 1949 (ep.
2154 1886 2265 1943 135,
2300 1885 2368 1935 ad
2394 1886 2729 1937 Constantin.
2760 1902 2818 1952 p.
2858 1890 3105 1953 180-189).

653 1978 824 2046 Quod
853 1993 958 2051 per
1008 1977 1393 2050 quaestionem
1441 1977 1502 2032 in
1551 1976 1944 2031 Praecursoris
1986 1974 2230 2031 laudem

579 2068 833 2125 dicitur:
860 2071 982 2123 «At
1017 2066 1124 2139 qui
1161 2066 1446 2122 minimus
1472 2070 1560 2122 est
1610 2065 1670 2120 in
1696 2080 1883 2134 regno
1918 2064 2230 2130 caelorum,

579 2159 777 2230 major
814 2156 916 2213 illo
945 2161 1036 2212 est
1064 2174 1079 2225 ;
1105 2177 1135 2209 »
1162 2155 1285 2212 scio
1308 2155 1596 2228 plurimos
1621 2170 1690 2211 ex
1722 2154 1789 2209 iis
1820 2155 1923 2227 qui
1966 2170 2059 2209 me
2093 2169 2234 2225 pras-

578 2251 905 2312 cesserunt,
945 2245 1219 2303 arbitrari
1266 2248 1635 2302 Servatorem
1666 2244 1748 2299 ita
1799 2243 2136 2315 protulisse,
2170 2248 2234 2298 ut

578 2335 805 2408 proprii
822 2335 1010 2391 animi
1024 2349 1273 2390 sensum
1294 2333 1635 2406 explicaret.
1661 2333 1815 2388 Inter
1834 2331 1961 2387 illos
1982 2330 2228 2403 quidam

579 2429 943 2481 connectunt
962 2422 1129 2491 illud,
1160 2423 1459 2489 minimus,
1501 2438 1640 2478 cum
1670 2421 1787 2476 illis
1818 2421 1879 2475 in
1919 2436 2095 2492 regno
2125 2435 2233 2476 cm-

582 2514 797 2578 lorum,
829 2517 887 2567 et
914 2511 997 2583 ὑφ’
1028 2512 1099 2580 ἓν,
1141 2517 1242 2567 aut
1269 2516 1562 2582 tanquam
1611 2509 1851 2565 unicam
1892 2508 2227 2580 periodum,

579 2600 1017 2673 pronuntiant:
1049 2604 1223 2671 atque
1264 2598 1434 2654 illum
1476 2599 1580 2670 qui
1620 2600 1681 2653 in
1734 2597 1836 2654 illo
1878 2613 2057 2668 regno
2102 2596 2231 2653 aliis

578 2688 777 2746 minor
806 2696 895 2745 est
914 2687 1217 2753 omnibus,
1275 2688 1567 2758 majorem
1626 2686 1947 2742 exisimant
1975 2686 2228 2743 Joanne.

576 2779 848 2849 Regnum
872 2776 956 2833 illi
982 2776 1079 2833 hic
1101 2776 1586 2848 interpretantur,
1615 2780 1852 2847 tempus
1864 2773 2229 2831 destinatum

578 2872 715 2941 post
764 2866 1142 2923 Dominicam
1188 2865 1737 2923 resurrectionem:
1784 2880 1908 2937 quo
1944 2864 2231 2935 temporis

579 2956 895 3027 curriculo,
926 2972 1022 3013 res
1051 2955 1192 3012 ﬁdei
1223 2971 1328 3028 per
1347 2970 1604 3020 crucem,
1647 2954 2031 3027 baptismum,
2060 2952 2231 3025 spiri-

2413 1980 2482 2029 Τὸ
2526 1982 2645 2051 περὶ
2694 1986 2788 2031 τοῦ
2834 1976 3146 2055 Προδρόμου
3196 1979 3245 2032 ἓν
3305 1981 3499 2054 ἐπαίνῳ
3544 1989 3639 2037 καὶ
3684 1992 3812 2039 κατ’
3859 1988 3965 2059 ἐρώ-

2342 2083 2495 2122 τησιν
2537 2064 2821 2140 εἰρημένον,
2870 2090 2897 2117 ‹‹
2931 2066 2989 2119 Ὀ
3038 2065 3096 2120 δε
3146 2073 3449 2143 μικρότερος
3495 2070 3543 2122 ἐν
3591 2081 3658 2144 τῇ
3728 2073 3967 2145 βασιλεία

2342 2161 2442 2205 τῶν
2491 2155 2740 2229 οὐρανῶν,
2782 2156 2972 2228 μείζων
3027 2157 3187 2210 αὐτοῦ
3229 2157 3387 2211 ἐστιν·
3426 2182 3454 2208 ›)
3503 2164 3627 2223 τοὺς
3694 2164 3968 2227 πλείστονς

2342 2250 2441 2294 τῶν
2491 2247 2589 2314 πρό
2639 2245 2805 2316 ἡμῶν,
2855 2243 3261 2318 ἀποφαινόμενον
3312 2247 3467 2300 εἰπεῖν
3524 2253 3613 2301 τόν
3677 2259 3965 2317 Acmona,

2343 2336 2431 2383 καὶ
2495 2333 2667 2404 ψῆφον
2734 2334 2927 2386 οἰκείαν
2986 2339 3171 2409 φέρειν,
3228 2337 3579 2409 ὑπειληφότας
3640 2339 3966 2415 ἐγνωκαῳ,

2343 2419 2551 2473 Τούτων
2600 2418 2679 2485 δὲ,
2726 2424 2775 2474 οἱ
2822 2426 2911 2494 μὲν
2963 2428 3309 2488 συνάπτοντες
3355 2429 3435 2491 τὸ,
3492 2434 3844 2504 μικρότερος,
3892 2440 3968 2485 καὶ

2342 2513 2421 2577 τό,
2477 2508 2525 2561 ἒν
2591 2518 2652 2582 τῇ
2726 2510 2974 2585 βασιλείᾳ
3035 2522 3133 2565 τῶν
3204 2514 3456 2589 οὐρανῶν,
3514 2518 3605 2589 ὐφ’
3662 2519 3721 2571 ἓν
3799 2521 3962 2593 ἀνα-[ι-

2339 2604 2605 2651 νώσκουσι
2634 2617 2647 2629 ·
2693 2606 2783 2653 καὶ
2830 2605 2916 2653 τὸν
2965 2602 3012 2654 ἐν
3062 2603 3191 2675 αὐτῇ
3246 2613 3345 2656 τῶν
3415 2605 3581 2657 ἄλλων
3627 2615 3963 2686 μικρότερον,

2339 2696 2431 2739 τοῦ
2505 2689 2739 2741 Ἰωάννου
2807 2692 3013 2743 τιθέασι
3067 2695 3322 2764 μείζονα·
3383 2692 3666 2767 βασιλείαν
3902 2700 3964 2752 ἐι-

2339 2779 2529 2844 ταῦθα,
2588 2780 2672 2830 τόν
2729 2782 2861 2851 μετὰ
2913 2785 3004 2838 τὴν
3064 2787 3385 2840 Δεσποτικὴν
3440 2782 3753 2838 ἀνάστασιν
3808 2801 3837 2829 ι
3897 2791 3965 2851 ἐξ-

2342 2868 2615 2928 ακούοντες
2638 2884 2650 2897 ·
2683 2868 2800 2919 καθ’
2829 2867 2881 2920 ὃν
2906 2869 3136 2941 μάλιστα
3165 2879 3236 2941 τῷ
3270 2880 3502 2944 σταυρῷ,
3527 2878 3622 2925 καὶ
3653 2885 3738 2946 τῷ
3770 2876 3963 2949 βαπτίο

2344 2973 2526 3026 σματι,
2574 2960 2663 3007 καὶ
2716 2964 2787 3027 τῷ
2845 2961 3127 3029 Πνεύματι,
3177 2957 3452 3012 ἐτελειοῦτο
3505 2968 3597 3014 καὶ
3653 2962 3963 3035 ἐκρατύνετο

578 3052 726 3114 tum,
750 3045 1174 3119 perfectionem
1203 3049 1261 3101 et
1283 3044 1464 3101 robur
1480 3044 1886 3117 acquirebant.
1916 3043 2229 3099 Minimum

2344 3046 2408 3095 τὰ
2448 3053 2541 3107 τῆς
2586 3049 2812 3107 πίστεως
2842 3063 2855 3076 ⁸
2887 3053 3191 3122 μικρότερον
3242 3046 3322 3117 δὲ,
3372 3058 3471 3101 τῶν
3521 3049 3571 3102 ἐν
3626 3054 3772 3126 αὐτῇ
3829 3057 3961 3107 πολι-

578 3136 743 3202 ineo,
758 3139 1129 3209 postremum
1151 3134 1299 3190 inter
1319 3150 1422 3190 eos
1442 3132 1669 3201 volunt,
1691 3131 1796 3205 qui
1817 3132 1878 3188 in
1899 3131 1998 3189 illa
2027 3131 2229 3203 politia

579 3229 1001 3282 conversantur
1032 3242 1050 3295 ;
1082 3223 1187 3296 qui
1226 3227 1529 3295 utcunque
1568 3238 1756 3295 quam
1790 3222 1985 3277 caeteri
2033 3222 2231 3277 minus

578 3314 864 3387 possidet,
897 3314 1088 3385 magis
1113 3316 1318 3368 tamen
1356 3312 1585 3368 Joanne
1634 3312 2033 3383 consequitur.
2087 3314 2232 3368 Prae-

578 3417 785 3458 cursor
809 3401 990 3465 enim,
1024 3400 1212 3471 aiunt,
1253 3401 1367 3456 sub
1394 3400 1542 3469 legis
1570 3400 1766 3456 adhuc
1805 3399 2119 3472 disciplina
2149 3401 2232 3457 vi-

578 3505 745 3558 vens,
770 3490 922 3545 inter
941 3496 1110 3546 natos
1140 3495 1413 3545 censetur
1441 3488 1515 3544 de
1536 3488 1899 3549 mulieribus,
1933 3494 1989 3543 et
2026 3496 2232 3546 contra

578 3578 708 3634 illos
746 3592 957 3633 omnes
986 3576 1389 3649 principatum
1428 3575 1642 3632 retulit.
1684 3576 2009 3648 Atquisub
2040 3580 2231 3647 gratia

578 3667 740 3732 vivit,
773 3667 924 3723 inter
948 3671 1123 3722 natos
1140 3669 1233 3721 est
1260 3664 1335 3720 de
1363 3664 1602 3736 Spiritu,
1630 3669 1685 3720 et
1705 3664 1781 3720 de
1810 3681 2046 3721 sursum
2073 3683 2230 3739 rege-

581 3759 822 3813 neratos
846 3771 864 3821 ;
891 3753 1114 3810 «Dedit
1158 3753 1318 3810 enim
1361 3752 1506 3825 ipsis
1549 3758 1894 3825 potestatem
1936 3754 2091 3811 ﬁlios
2134 3757 2230 3812 Dei

580 3860 730 3913 esse,
753 3844 857 3918 qui
881 3844 942 3900 in
966 3858 1185 3900 nomen
1210 3842 1398 3915 ipsius
1419 3843 1689 3909 credunt,
1714 3844 1818 3916 qui
1849 3859 1968 3900 non
1992 3860 2062 3900 ex
2089 3861 2227 3901 san-

579 3933 885 4006 guinibus,
910 3948 1020 3990 nec
1044 3933 1118 3989 de
1140 3931 1446 3989 voluntate
1473 3932 1691 3998 carnis,
1720 3933 1826 3988 sed
1862 3949 1929 3989 ex
1962 3933 2077 3989 Deo
2108 3935 2228 3990 nati

578 4028 718 4079 sunt
736 4023 830 4076 ποθ.
850 4042 877 4075 ››
908 4025 1094 4095 Atque
1113 4021 1545 4078 nulloistorum
1570 4022 1867 4095 inquiunt,
1894 4025 2231 4078 Praecursor

577 4113 773 4184 major
798 4117 906 4182 est,
925 4111 1197 4184 quinimo
1228 4110 1321 4166 vel
1352 4109 1601 4166 minimo
1619 4126 1827 4166 eorum
1846 4110 2225 4181 indigentior.

579 4208 768 4275 Atque
806 4202 1096 4257 hactenus
1149 4200 1251 4255 illi.
1293 4198 1420 4265 Alii,
1466 4199 1812 4271 Baptistam,
1853 4201 2087 4271 opinor,
2123 4217 2228 4256 nec

576 4290 893 4357 immerito,
914 4288 1169 4356 reveriti,
1190 4304 1263 4343 ne
1294 4288 1471 4343 talem
1489 4292 1843 4359 tantumque
1872 4287 2061 4344 virum
2091 4305 2228 4345 cum

2341 3138 2639 3206 τευόμένων,
2690 3138 2776 3187 τὸν
2821 3134 3109 3189 ἕλάσσονα·
3162 3139 3213 3198 ὃς
3256 3138 3301 3189 εἰ
3343 3143 3434 3192 καὶ
3482 3149 3586 3191 τῶν
3634 3143 3815 3196 ἄλλων
3860 3150 3963 3217 ἔχει

2340 3226 2397 3275 τό
2440 3223 2668 3289 ἔλαττον,
2708 3222 2815 3275 ἀλλ’
2862 3221 2949 3277 οὐν
2996 3232 3087 3278 τοῦ
3133 3225 3371 3279 Ἰωάννου
3424 3231 3482 3280 τό
3531 3231 3725 3301 μεῖζον
3781 3233 3961 3306 ἀποῖέ-

2340 3331 2503 3386 ρεται.
2549 3318 2645 3366 Καὶ
2695 3315 2795 3387 γὰρ
2838 3314 2863 3365 ό
2906 3316 2996 3386 μὲν
3030 3310 3337 3389 Πρόδρομος
3382 3319 3479 3381 ἔτι,
3514 3325 3704 3389 φασὶν,
3742 3324 3848 3374 ὑπὸ
3897 3332 3961 3393 τῷ

2338 3408 2479 3473 νόμῳ
2553 3400 2963 3474 πολιτευόμενος,
3022 3402 3070 3455 ἐν
3136 3413 3396 3475 γεννητοῖς
3477 3406 3595 3460 ἐστι
3671 3423 3959 3481 γυναικῶν,

2339 3492 2455 3543 καθ’
2496 3490 2564 3541 ὧν
2595 3490 2852 3555 ἁπάντων,
2887 3497 2976 3544 καὶ
3020 3494 3087 3544 τὰ
3124 3494 3373 3567 πρεσϐεῖα
3423 3496 3683 3567 ἠνέγκατο
3723 3520 3737 3532 ·
3772 3504 3797 3552 ό
3832 3499 3889 3554 δε
3918 3502 3959 3554 ἐν

2340 3588 2401 3652 τῇ
2456 3582 2665 3652 χάριτι,
2721 3586 2810 3633 καὶ
2876 3580 2923 3633 ἐν
2988 3591 3249 3653 ’γεννητοῖς
3306 3584 3416 3637 ἐστι
3479 3591 3821 3659 Πνεῦματος,
3879 3600 3960 3642 και

2341 3668 2800 3741 ἁναγεγεννημίνος
2892 3671 3103 3725 ἄνωθεν.
3186 3694 3209 3723 α
3290 3670 3495 3727 Ἔδωκε

2341 3757 2579 3821 ίξουσίαν
2626 3762 2779 3811 τέκνα
2830 3766 2963 3811 Θεοῦ
3009 3762 3273 3831 γενέσθαι,
3324 3770 3433 3825 τοῖς
3486 3770 3849 3821 πιστεύουσιν
3896 3770 3959 3830 εἰς

2340 3852 2396 3901 τό
2455 3851 2617 3921 ὄνομα
2667 3847 2845 3914 αὐτοῦ,
2901 3847 2948 3900 οἳ
2999 3848 3092 3901 οὐκ
3138 3848 3190 3913 ἐξ
3232 3853 3488 3923 αἱμάτων,
3530 3852 3662 3908 οὐδὲ
3715 3857 3775 3909 ἐκ
3830 3858 3961 3917 θελη-

2338 3956 2498 4008 ματος
2553 3940 2766 4011 σαρκὸς,
2829 3933 2953 3991 οὐδί
3005 3936 3061 3989 ἐκ
3116 3940 3402 4012 θελήματος
3463 3940 3678 4016 ἀνδρὸς,
3744 3946 3857 3999 ἀλλ’
3912 3948 3961 3999 ἐκ

2340 4032 2472 4078 Θεοῦ
2528 4024 2871 4096 ἐγεννήθησαν
2905 4047 2915 4059 ο
2950 4047 2978 4077 »
3030 4026 3096 4078 ὧν
3148 4030 3172 4079 ό
3230 4025 3533 4103 Πρόδρομος
3585 4030 3831 4103 οὐδενὸς,
3880 4058 3963 4109 φα-

2343 4118 2445 4176 σὶν,
2500 4114 2604 4186 οὐχ
2667 4116 2746 4167 ὅτι
2808 4115 3019 4188 μείζων,
3077 4115 3205 4169 ἀλλὰ
3256 4124 3343 4170 καὶ
3405 4128 3497 4171 τοῦ
3553 4131 3883 4200 μικροτέρου
3936 4137 3964 4180 ἵ

2340 4199 2680 4277 ἐνδεέστερος.
2733 4203 2867 4257 Ἀλλ’
2930 4207 2979 4257 οἱ
3026 4207 3116 4277 μὲν
3155 4206 3339 4269 οὕτως.
3390 4210 3456 4261 Οἱ
3516 4207 3579 4262 δε
3620 4215 3712 4264 τόν
3767 4222 3964 4267 Bentt:-

2342 4296 2490 4358 στὴν,
2551 4287 2716 4365 οἶμαι,
2776 4298 2861 4345 καὶ
2932 4290 3149 4356 δικαίως
3226 4293 3657 4369 δυσωπούμενοι,
3722 4304 3769 4355 εἰ
3824 4306 3967 4363 τηλι-

3589 3680 3698 3748 γόιρ
3785 3679 3963 3741 αὐτοῖς

576 4379 742 4437 nullo
760 4395 968 4436 eorum
993 4379 1093 4451 qui
1115 4393 1221 4450 per
1237 4378 1497 4448 gratiam
1528 4382 2030 4445 consummantur,
2072 4380 2229 4451 aequi

2344 4388 2521 4432 κοῦτον
2553 4385 2692 4448 ὄντα,
2729 4380 2954 4455 μηδενὸς
3002 4392 3104 4437 τῶν
3153 4383 3202 4436 ἓν
3253 4393 3315 4458 τῇ
3369 4389 3555 4461 χάριτι
3594 4390 3969 4447 τελειωθέντων

576 4468 917 4543 parandum
949 4466 1344 4533 statuant,sed
1383 4466 1475 4521 vel
1501 4466 1753 4522 minimo
1784 4468 1976 4537 magis
2002 4468 2181 4525 vilem
2213 4485 2225 4524 :

579 4566 639 4620 in
668 4557 878 4632 primis
910 4557 1077 4625 illud,
1111 4558 1212 4611 «Is
1241 4556 1344 4629 qui
1373 4556 1655 4611 minimus
1686 4562 1790 4619 est,
1828 4577 1852 4607 ››
1871 4572 1975 4629 per
2004 4556 2229 4629 disjun-

578 4648 835 4705 ctionem
864 4663 899 4705 a
930 4645 1346 4719 sequentibus,
1401 4664 1428 4696 ‹‹
1471 4645 1576 4717 qui
1626 4646 1686 4700 in
1713 4661 1898 4717 regno
1938 4649 2227 4703 caelorum

579 4743 689 4803 est,
724 4757 752 4791 »
783 4736 986 4806 legunt
1015 4751 1026 4790 :
1075 4734 1359 4803 secundo,
1405 4755 1429 4785 (ι
1459 4749 1564 4806 per
1602 4749 1856 4805 regnum
1888 4735 2176 4791 caalorum
2200 4758 2227 4786 η

578 4827 907 4900 expeditius
921 4824 1241 4881 secundum
1258 4824 1487 4880 Domini
1502 4823 1827 4879 adventum
1840 4825 2083 4896 capiunt
2098 4841 2112 4892 ;
2127 4825 2233 4881 mi-

580 4918 806 4972 nimum
824 4915 937 4971 dici
951 4914 1156 4971 volunt
1174 4913 1372 4986 ipsum
1390 4912 1685 4969 Dominum
1698 4915 1899 4969 Jesum
1914 4914 2227 4981 Christum,

582 5004 685 5077 qui
702 5008 1000 5076 utcunque
1012 5004 1071 5059 in
1088 5002 1262 5074 primi
1278 5003 1367 5057 sui
1384 5002 1678 5059 adventus
1692 5008 1974 5074 tempore,
1991 5003 2065 5059 de
2080 5023 2135 5059 m
2148 5004 2230 5060 ul-

581 5097 780 5149 torum
811 5092 1091 5164 opinione
1118 5108 1238 5147 non
1270 5098 1392 5147 erat
1429 5091 1621 5162 major
1649 5107 1834 5164 quam
1862 5094 2191 5149 Praecursor
2215 5112 2228 5164 ;

585 5186 719 5237 tunc
746 5186 941 5237 tamen
967 5182 1253 5253 temporis
1271 5180 1343 5236 ab
1364 5180 1668 5246 omnibus,
1693 5180 1869 5237 etiam
1892 5198 2013 5237 non
2038 5183 2232 5239 volen-

583 5270 745 5329 tibus
768 5286 905 5325 eum
928 5269 1072 5325 olim
1097 5285 1421 5340 agnoscere
1448 5275 1504 5325 et
1528 5269 1809 5342 proﬁteri,
1836 5286 1968 5326 cum
1990 5272 2234 5329 horren-

1689 5369 1925 5427 7°Joan.
1968 5386 2006 5435 1,
2052 5372 2257 5438 12,13.

657 5369 857 5425 7°Luc.
892 5384 985 5436 vu,
1026 5371 1133 5439 28;
1176 5366 1374 5424 Matth.
1407 5384 1488 5435 χι,
1522 5370 1609 5424 11.

2344 4462 2669 4536 ἰσοστάσιον,
2749 4470 2877 4524 ἀλλὰ
2951 4478 3039 4525 καὶ
3113 4481 3203 4526 τοῦ
3278 4480 3595 4549 μικροτέρου
3661 4488 3972 4540 ποιήσωσιν

2339 4556 2687 4631 εὐτελέστερον
2722 4579 2735 4592 ’
2786 4569 2987 4635 πρῶτον
3034 4565 3124 4635 μὲν
3173 4566 3253 4631 τό,
3295 4586 3322 4614 ‹‹
3376 4566 3402 4615 ὁ
3455 4561 3517 4618 δὲ
3565 4575 3911 4643 μικρότερος.
3942 4594 3965 4623 ιδ

2340 4650 2475 4700 κατὰ
2518 4644 2804 4709 διαστολὴν
2848 4658 2959 4714 τοῦ,
3004 4671 3031 4703 ‹‹
3085 4650 3134 4703 ἐν
3184 4661 3246 4725 τῇ
3301 4651 3580 4725 βασιλείαν
3639 4658 3909 4732 οὐρανῶν,
3947 4683 3965 4713 ε

2342 4735 2810 4808 ἀναγινώσκουσιν.
2884 4738 3116 4808 Ἐπειτα,
3181 4763 3205 4789 ›)
3274 4740 3549 4815 βασιλείαν
3618 4746 3890 4820 οὐρανῶν,
3948 4772 3965 4801 ι

2342 4826 2661 4900 ἑτοιμότερον
2701 4834 2794 4887 τὴν
2841 4836 3163 4889 Δεσποτικὴν
3213 4836 3303 4885 καὶ
3355 4829 3609 4906 δευτέραν
3662 4847 3966 4912 παρουσίαν

2342 4915 2648 4979 ἔξακούουσι
2680 4936 2691 4948 ⁸
2746 4923 3049 4995 μικρότερον
3099 4917 3177 4987 δὲ,
3227 4921 3382 4974 αὐτόν
3434 4926 3523 4974 τόν
3577 4928 3787 4999 Κύριον
3830 4932 3968 5001 ἡμὴ

2343 5006 2547 5063 Ἰησοῦν
2596 5013 2825 5081 Χριστόν
2856 5027 2867 5040 ’
2900 5008 2973 5074 ὃς,
3005 5008 3048 5061 εἰ
3087 5014 3177 5061 καὶ
3204 5015 3277 5082 μὴ
3328 5014 3465 5062 κατὰ
3514 5015 3604 5063 τὸν
3660 5022 3861 5089 καιρόν
3892 5027 3969 5076 τῆς

2340 5101 2552 5171 πρώτης
2617 5098 2774 5149 αὐτοῦ
2844 5103 3157 5170 παρουσίας,
3215 5100 3406 5172 μείζων
3479 5109 3574 5152 τοῦ
3642 5103 3966 5180 Προδρόμον

2339 5193 2448 5248 τοῖς
2512 5185 2719 5248 πολλοῖς
2780 5185 3036 5260 ἐνομίζετο
3070 5206 3082 5218 ’
3138 5188 3250 5241 ἀλλ’
3313 5186 3403 5241 οὖν
3469 5189 3738 5248 τηνικάδε
3818 5203 3965 5256 πᾶσι,

2340 5279 2430 5326 καὶ
2508 5282 2611 5336 τοῖς
2675 5280 2747 5349 μὴ
2824 5274 3160 5350 βουληθεῖσιν
3230 5277 3512 5351 ἐπιγνῶναι
3581 5282 3784 5350 πάλαι,
3847 5288 3971 5359 μετὰ.

1936 5469 2167 5527 VARLE
2215 5470 2511 5530 LECTION
2518 5469 2619 5530 ES.

661 5567 713 5612 γλ
748 5564 837 5623 vel
865 5572 1248 5641 συμφρονῆσαι.
1328 5576 1357 5607 ι
1389 5565 1528 5621 add.
1560 5570 1759 5638 καιρόν.
1835 5577 1866 5622 y
1896 5566 2036 5625 add.
2072 5570 2165 5622 ἔτι.
2224 5626 2227 5627 ,
