4076 6202
192 309 326 368 1001
1187 309 1283 364 AD
1320 305 1860 366 AMPHILOCHIUM

1899 305 2242 388 quissine:
2264 309 2530 370 ccxxn.
3422 309 3560 393 toea

189 435 413 512 φοϐερᾶς
473 440 562 488 καὶ
626 430 927 509 φρικώδους
986 433 1437 507 ἐπιγνωσθήσεται
1502 443 1598 498 τῆς
1657 431 1785 494 εἰδή·

1908 434 1988 491 do
2014 438 2070 492 et
2086 435 2356 494 horribili
2386 441 2636 512 aspectu
2659 438 3041 509 agnoscetur,
3065 435 3249 509 judex
3275 435 3559 496 nimirum

191 546 341 591 σεως,
392 529 575 601 κριτὸς
629 527 832 576 πάντων
908 529 998 576 καὶ
1052 523 1304 597 βασιλεὺς
1367 529 1798 598 παραγενόμενος.

190 615 349 669 Ἀλλά
411 620 499 668 καὶ
565 614 728 678 οὗτοι,
791 619 1092 687 μικρότερον
1155 615 1398 690 εἰρῆσθαι
1465 619 1550 668 τὸν
1609 616 1798 686 Κύριον

189 706 336 777 ἡμῶν
367 705 572 764 Ἰησοῦν
624 706 872 777 Χριστὸν,
918 703 984 756 οὐ,
1020 707 1157 756 κατὰ
1203 709 1326 776 μίαν
1381 710 1470 758 καὶ
1499 709 1594 763 τὴν
1634 704 1799 762 αὐτὴν

189 790 536 869 παρεδέξαντο
575 795 767 846 ἔννοιαν
810 809 821 820 ·
891 791 1000 844 ἀλλ’
1061 795 1110 846 οἱ
1184 797 1274 866 μὲν
1333 801 1404 864 τῷ
1473 797 1652 868 χρόνῳ
1704 800 1801 853 τῆς

191 885 330 934 κατά
370 885 541 955 σάρκα
594 887 878 954 γεννήσεως
923 883 1086 954 (μησί
1135 884 1236 955 γὰρ
1280 882 1416 944 ὅλοις
1466 881 1518 944 ἓξ
1548 883 1573 934 ό
1604 887 1799 956 Δεσποέ

194 975 338 1032 τικός
361 977 512 1033 τόκος
556 978 648 1022 τοῦ
688 966 998 1045 Προδρόμου
1045 970 1364 1043 ὑπελείπετο)
1428 986 1440 1000 ⁸
1507 973 1556 1023 οἱ
1606 967 1685 1035 δὲ,
1726 977 1796 1040 τῷ

192 1065 346 1132 μήκει
377 1068 465 1122 τῆς
527 1059 728 1120 ἡλικίας
788 1076 804 1094 ο
853 1061 1126 1132 ὑπερέχειν
1191 1063 1292 1134 γάρ
1360 1064 1452 1113 τόῠ
1508 1064 1794 1125 Δεσπότου,

194 1154 281 1201 καὶ
315 1157 376 1222 τῇ
418 1155 510 1202 τοῦ
548 1154 786 1222 σώματος
833 1145 1128 1224 ἀναδρομῇ,
1173 1153 1258 1202 τὸν
1301 1152 1601 1208 Βαπτιστὴν
1633 1168 1798 1222 παρα-

196 1233 414 1290 δέδοται
449 1256 459 1268 ·
489 1237 633 1290 ἄλλοι
686 1235 744 1290 δὲ
787 1241 844 1290 τό
891 1244 1197 1313 μικρότερος
1239 1239 1482 1313 εἰρῆσθαι
1537 1241 1667 1310 πρὸς
1704 1241 1796 1296 τὴν

194 1335 294 1379 τῶν
331 1326 527 1379 πολλῶν
581 1326 841 1398 ὑπόληψιν
892 1323 1220 1400 ἐξειλήφασιν
1287 1343 1299 1355 ⁸
1364 1327 1648 1385 ὑπείληπτο
1690 1329 1794 1398 γὰρ

191 1419 382 1488 μείζων
421 1417 448 1468 ό
506 1417 762 1482 Ἰωάννης,
825 1416 915 1470 ἅτε
973 1413 1040 1476 δὴ
1109 1425 1222 1488 Θεῷ
1285 1416 1341 1469 ἐκ
1382 1415 1607 1489 βρέφους
1666 1415 1797 1470 ἀνει-

190 1509 360 1578 μένος,
410 1510 497 1558 καὶ
538 1503 656 1577 βίον
685 1507 904 1559 ἄσκευον
951 1518 974 1548 ι
1024 1505 1080 1558 ἐκ
1135 1508 1447 1581 σπαργάνων
1501 1505 1668 1558 αὐτῶν
1710 1509 1796 1558 καὶ

191 1592 440 1666 ἐρημικὸν
498 1593 883 1667 ἐπανῃρημένος
941 1612 951 1624 ’
1009 1601 1098 1648 καὶ
1145 1592 1286 1648 διότι
1349 1599 1436 1647 τόν
1468 1593 1796 1669 βαπτίζοντα

187 1692 280 1735 τοῦ
322 1682 731 1757 βαπτιζομένου,
774 1686 800 1736 ό
876 1690 1152 1759 πρόχειρος
1226 1685 1473 1758 λόγισμος
1546 1697 1572 1728 ι
1638 1684 1794 1738 ἐθέλει

194 1772 609 1846 σεϐασμιώτερον
635 1791 646 1803 ”
711 1773 817 1827 ἀλλ’
867 1775 1011 1828 οὗτοι
1046 1778 1156 1847 μὲν,

190 1861 384 1931 αἰτίας,
415 1868 718 1938 μικρότερον
749 1872 840 1916 τοῦ
901 1860 1210 1938 Προδρόμου
1263 1867 1349 1916 τόν
1399 1867 1791 1937 κηρυσσόμενον

1472 1953 1603 2012 πλὴν
1684 1951 1790 2006 ἀλλ’

187 2042 466 2113 ὁμοφώνως
511 2041 866 2117 ἀναρρηθῆναι
929 2047 1144 2115 μείζονα
1208 2051 1299 2095 τοῦ
1363 2039 1550 2095 δούλου
1576 2027 1790 2096 τὸνλΔε·

190 2134 411 2196 σπότην,
483 2133 620 2184 κατά
679 2137 772 2189 τὴν
838 2131 1072 2204 οὐράνιον
1145 2134 1338 2191 ἐκείνην
1418 2135 1508 2184 καὶ
1571 2136 1791 2205 φρικτην

187 2219 485 2292 βασιλείαν,
568 2220 909 2290 ἀπεφήναντο.
982 2221 1112 2290 Ἐγὼ
1175 2217 1234 2274 δὲ
1315 2224 1513 2282 τούτοις
1580 2217 1790 2292 διαιτᾷν

186 2307 408 2380 ἐμαυτόν
436 2308 659 2372 ἐξιστὰς,
726 2314 817 2361 καὶ
885 2312 970 2362 τόν
1010 2311 1214 2382 ἄμεινον
1281 2309 1492 2363 εἰπόντα
1551 2310 1791 2386 φυλοκρι-

1001 2415 1012 2426 ·
1074 2395 1189 2451 οὐδ’
1253 2400 1318 2459 ὡς
1381 2397 1664 2452 ἀντείποιεν
1740 2401 1790 2452 οἰ

189 1958 296 2012 τοῖς
338 1951 542 2013 πολλοῖς
597 1955 909 2024 νομισθῆναι
978 1954 1374 2023 συγκατέθεντο,

185 2403 286 2449 νεῖν
345 2397 372 2437 ὶ)
409 2398 466 2450 οὗ
523 2402 746 2470 νομίζων
813 2397 932 2470 ἐμόν

185 2485 540 2548 ἐπικληθέντες
600 2495 691 2556 τοῦ
791 2494 1087 2540 Βαπτιστοῦ
1182 2487 1371 2546 πολλὴν
1463 2497 1790 2560 καταγνῶναι

185 2581 550 2641 ταπεινότητα,
621 2578 792 2651 ὅτιπερ
857 2574 980 2630 οὐδὲ
1034 2583 1140 2638 τοῖς
1218 2577 1609 2650 αἰτιασαμένοις
1667 2579 1788 2650 ὑμῖν

181 2669 320 2738 μέγα
362 2685 413 2717 τι
469 2663 818 2734 διανενόηται,
861 2667 1080 2738 μείζονα
1117 2674 1209 2719 τοῦ
1248 2663 1437 2720 δούλου
1468 2670 1555 2719 τόν
1596 2672 1788 2721 Δεσπό-

183 2773 276 2812 την
324 2753 624 2827 ἀποφήναντι
677 2756 855 2826 (Ποῖον
916 2758 1018 2830 γὰρ
1076 2755 1218 2819 κλέος
1277 2759 1540 2814 Δεσπότην
1597 2753 1786 2809 δούλου

183 2847 396 2915 μείζονα
452 2845 723 2916 φαίνεσθαι
787 2861 799 2874 ⁶
869 2849 958 2896 καὶ
1014 2849 1128 2897 τότε
1179 2848 1315 2897 κατά
1388 2850 1480 2903 τὴν
1520 2846 1785 2919 ἄφραστον

183 2931 376 2991 ἐκείνην
415 2938 504 2984 καὶ
543 2937 759 3007 φρικτὴν
824 2938 1112 3005 παρουσίαν
1136 2937 1171 3000 ;)
1231 2931 1399 2986 Οὐδὲν
1465 2930 1550 2986 οὖν
1591 2937 1784 2986 τούτων

180 3021 363 3092 λέγειν,
427 3020 544 3094 ἐμόν
606 3018 734 3075 εἶναι
801 3019 1111 3087 δικαιώσας,
1179 3021 1305 3075 ἀλλά
1357 3028 1446 3076 καὶ
1512 3026 1628 3082 τοὺς
1694 3024 1780 3074 οἶν-

179 3107 309 3183 δρας
348 3108 612 3184 ἀρχιερεῖς
672 3115 818 3172 ὄντας
883 3110 1134 3178 μάλιστα,
1201 3116 1290 3164 καὶ
1357 3118 1471 3181 Θεῷ
1535 3113 1782 3184 θεράπον-
1811 3139 1850 3194 C

174 3219 287 3265 τας,
317 3205 564 3273 στέργων,
629 3205 714 3253 καὶ
778 3202 939 3273 χάριν
1001 3200 1225 3272 μεγάλην
1291 3201 1416 3273 ὑπὲρ
1491 3200 1559 3251 ὧν
1619 3197 1778 3262 εἷπον,

175 3289 441 3361 ὁμολογῶν
473 3289 552 3355 (οὗ
592 3293 692 3362 γὰρ
753 3292 855 3342 ὃσα
905 3297 1020 3352 ταῖς
1077 3289 1258 3364 ἑτέρων
1303 3286 1562 3350 διανοίαις
1599 3291 1781 3341 ἔνστα-

175 3398 262 3430 σιν
286 3381 439 3442 ποιεῖ,
468 3387 636 3431 ταῦτα
673 3383 763 3431 καὶ
805 3386 910 3440 τοῖς
951 3378 1181 3454 ἐξαρχῆς
1236 3379 1440 3432 εἰποῦσι
1477 3377 1638 3437 λαϐήν
1664 3398 1781 3432 τινα

172 3467 448 3542 προξενεῖ·
503 3467 773 3539 ἀγαπητόν
835 3471 924 3540 μεν
987 3472 1032 3520 εἷ
1095 3488 1172 3531 τις
1225 3468 1516 3541 ἀρχόμενος
1571 3467 1776 3539 ὑψηλῆς

169 3577 312 3619 τινος
343 3559 573 3631 θεωρίας,
633 3556 717 3609 ἐπὶ
773 3561 935 3610 ποσόν
984 3578 1035 3610 τι
1087 3565 1177 3618 τῆς
1207 3556 1450 3618 ἀληθείας
1499 3556 1726 3626 ἐφίκοιτο
1759 3575 1771 3588 ·

168 3649 222 3698 οἱ
260 3643 320 3699 δέ
346 3666 405 3718 γε
446 3646 634 3699 κλεινοὶ
677 3655 773 3698 τῶν
823 3651 1060 3720 Πατέρων
1104 3648 1270 3719 ἡμῶν,
1329 3645 1411 3699 ἐπί
1439 3665 1496 3718 γε
1535 3649 1594 3698 τό
1635 3646 1776 3699 πλεῖ-

171 3755 316 3802 στον,
352 3741 442 3787 καὶ
506 3736 579 3797 εἰς
645 3733 910 3808 ἀκρίϐειαν
976 3740 1070 3794 τὴν
1135 3744 1235 3787 τῶν
1295 3738 1440 3788 θείων
1511 3744 1773 3808 χρησμῶν

169 3821 406 3878 διάνοιαν
460 3824 839 3896 ἀπεκάλυψαν),
900 3824 1030 3883 πλὴν
1069 3843 1129 3896 γε
1178 3821 1246 3884 δὴ
1282 3829 1402 3887 τοὺς
1467 3821 1662 3897 ἄνδρας
1725 3824 1772 3876 ἰν

166 3921 281 3974 τοῖς
331 3913 562 3984 μάλιστα
612 3921 774 3985 τιμῶν
821 3918 911 3966 καὶ
964 3915 1264 3985 θαυμάζων,
1318 3910 1433 3966 οὐδ’
1485 3915 1606 3986 ὅπερ
1657 3913 1772 3985 ἐμοὶ

164 4006 428 4076 παρέστη,
483 4007 803 4075 σιγήσομαι.
851 4002 986 4076 Ὀρῶ
1039 4010 1316 4076 τοιγαροῦν
1374 4001 1595 4054 ἐνταῦθα
1651 4021 1771 4054 axo-

164 4094 264 4143 πόν
295 4099 367 4162 τῷ
411 4097 668 4166 Δεσπότη,
719 4092 824 4163 οὐχ
855 4092 1036 4145 ἑαυτοῦ
1096 4095 1180 4144 τὸν
1235 4095 1533 4150 Βαπτιστὴν
1585 4089 1766 4144 ὑποϐε-

162 4181 366 4238 ϐηκότα
397 4177 586 4245 δεῖξαι,
620 4178 734 4234 οὐδ’
766 4181 922 4234 ἄλλου
953 4184 1087 4242 τινός
1113 4181 1206 4253 (μὴ
1234 4183 1316 4234 ὅτι
1361 4199 1421 4252 γε
1467 4187 1558 4232 τοῦ
1587 4199 1768 4252 μικρο-

160 4273 315 4345 τέρου
380 4271 582 4322 πάντων
630 4269 979 4343 ἀτιμότερον),
1048 4269 1178 4324 ἀλλὰ
1240 4275 1330 4322 καὶ⁵
1396 4275 1496 4322 πᾶν
1561 4269 1767 4322 τοῦναν.

156 4363 272 4411 τίον
320 4357 541 4420 ἐπαίνοις
591 4355 817 4423 δοξάσαι
866 4375 879 4390 ·
926 4365 1017 4412 καὶ
1064 4361 1166 4432 γὰρ
1219 4367 1319 4410 τῶν
1363 4361 1762 4433 προειρημένων,

157 4451 220 4500 τό
251 4451 342 4520 μεν
395 4446 693 4522 ἀσύμφορον
744 4452 890 4514 ἴσως,
930 4452 988 4500 τὸ
1035 4445 1094 4501 δε
1135 4453 1373 4500 ταπεινόν
1422 4465 1433 4477 °
1465 4449 1526 4499 ἄν
1565 4466 1620 4500 τε
1665 4450 1764 4521 γὰρ
1799 4497 1845 4552 D

198 4541 208 4552 .
327 4541 338 4552 ,
562 4537 573 4552 ,
657 4536 666 4552 ι
777 4539 786 4551 .
961 4536 993 4552 ,ς
1057 4539 1066 4552 .
1291 4533 1358 4552 η.
1492 4542 1508 4551 -

155 4541 246 4590 τόν
276 4541 485 4610 κήρυκα
532 4537 603 4598 εἰς
647 4536 906 4609 ἐσχάτους
954 4536 1206 4606 ἐλαύνοις,
1249 4533 1372 4589 οὐδὲ
1418 4542 1510 4589 τοῦ
1556 4555 1763 4609 κηρυσ-

158 4631 382 4698 σομένου
417 4631 470 4679 τό
517 4626 715 4697 ὑψηλόν
754 4625 1037 4690 διασώσεις
1081 4645 1092 4657 ·
1148 4633 1238 4680 καὶ
1273 4632 1330 4680 τό
1395 4623 1577 4680 δοῦλον
1623 4626 1764 4678 ἐλατ-

154 4723 345 4779 τῶσαι,
405 4716 637 4788 μάλιστα
673 4721 778 4784 νυνὶ
837 4717 1114 4790 παρέλκον,
1164 4722 1252 4770 καὶ
1309 4716 1640 4790 μικρολογίαν
1671 4716 1765 4767 οὐκ

153 4803 394 4876 ἐκφεύγει
422 4823 432 4833 ·
469 4803 576 4856 ἀλλ’
609 4806 635 4858 ὅ
661 4824 720 4876 γε
746 4807 771 4857 ό
825 4809 1139 4868 Δεσποτικός
1179 4809 1373 4868 σκοπός
1417 4802 1572 4865 δῆλός
1625 4804 1765 4857 ἐστιν

152 4895 228 4954 εἰς
282 4896 488 4945 ἔπαινον
549 4893 770 4968 ἀφορῶν,
830 4900 920 4947 καὶ
978 4895 1120 4966 μάλα
1183 4891 1419 4957 δικαίως,
1477 4903 1568 4946 τοῦ
1623 4900 1763 4966 Προ-

152 4980 360 5058 δρόμου
418 5000 431 5013 ·
493 4987 614 5054 ᾤκει
671 4986 760 5055 μεν
809 4987 910 5055 γὰρ
956 4986 980 5036 ό
1021 4989 1185 5057 μέαγς
1231 4983 1416 5046 ἐκεῖνος
1473 4985 1760 5055 ἄνθρωπός,

148 5074 283 5143 ὑπὲρ
325 5073 469 5123 θείων
517 5076 682 5144 νόμων
740 5075 798 5124 τὸ
844 5069 1204 5148 δεσμωτήριον
1282 5093 1294 5106 ·
1367 5071 1494 5124 ἀλλά
1534 5080 1632 5124 τῶν
1671 5074 1762 5144 μὲν

147 5168 346 5224 κακῶν,
377 5161 452 5213 οἷν
509 5165 781 5233 συνείχετο
823 5162 1089 5238 ὑπερεώρα
1141 5179 1151 5191 ·
1209 5157 1398 5214 ἐδεδίει
1427 5172 1450 5202 ο
1482 5162 1586 5234 ἄρα
1633 5161 1762 5232 οὐχὶ

146 5255 206 5303 τὸ
235 5249 400 5322 ξίφος,
455 5246 580 5304 οὐδε
619 5255 714 5309 τὴν
769 5257 990 5323 σφαγήνο
1053 5249 1182 5303 ἀλλά
1237 5254 1335 5323 μὴ,
1399 5253 1484 5303 τὸν
1542 5251 1762 5303 θάνατον

1906 523 1967 582 in
1999 526 2256 582 adventu
2302 526 2401 584 illo
2428 533 2484 584 et
2526 543 2631 584 rex
2661 541 3007 600 apparens:
3050 525 3158 583 sed
3210 529 3416 584 tamen
3465 527 3560 586 isti

1908 612 2227 670 Dominum
2251 619 2524 673 nostrum
2545 616 2750 672 Jesum
2770 615 3090 684 Christum,
3119 615 3424 673 minimum
3441 617 3560 674 dici

1908 701 2292 772 arbitrantur,
2322 720 2444 761 non
2496 706 2828 762 secundum
2886 720 3071 761 unam
3103 709 3160 761 et
3186 705 3450 762 eamdem
3473 707 3558 764 in-

1908 790 2308 864 telligentiam.
2344 794 2599 859 Quidam
2630 795 2894 851 referunt
2940 795 3019 851 ad
3065 799 3300 868 tempus
3347 795 3558 852 nativi-

1907 880 2038 936 tatis
2067 881 2127 938 in
2158 897 2378 950 carne;
2406 899 2548 940 nam
2576 899 2681 957 per
2707 900 2810 940 sex
2827 887 2982 941 totos
3005 899 3260 951 menses,
3279 884 3561 943 nativitas

1905 970 2303 1038 Prmcursoris,
2336 974 2590 1038 Domini,
2640 972 3056 1032 antevertebat.
3101 972 3208 1030 Alii
3254 973 3334 1030 ad
3367 974 3559 1031 astatis

1904 1059 2307 1118 extensionem
2361 1066 2418 1118 et
2468 1062 2602 1119 vitm
2641 1077 3032 1120 mensuram:
3084 1061 3369 1120 traditum
3397 1063 3561 1120 enim

1905 1151 2014 1214 est,
2079 1148 2514 1206 Priecursorem
2584 1151 2893 1208 Dominum
2969 1150 3295 1208 excessisse
3377 1166 3562 1209 cursu

1905 1236 2200 1309 corporali
2237 1254 2369 1294 suo.
2401 1238 2512 1294 Alii
2567 1238 2715 1295 illud
2746 1238 3022 1295 minimus
3045 1238 3380 1296 secundum
3410 1240 3560 1296 mul-

1906 1329 2103 1380 torum
2151 1326 2497 1398 opinionem
2536 1327 2766 1384 dictum
2791 1326 3157 1384 arbitrantur
3186 1345 3203 1398 ;
3259 1327 3562 1385 ferebatur

1905 1415 2065 1472 enim
2095 1416 2284 1488 major
2310 1417 2592 1484 Joannes,
2619 1421 2827 1489 utpote
2857 1418 2978 1474 Deo
3016 1416 3093 1473 ab
3131 1415 3383 1474 infantia
3419 1432 3560 1473 con-

1904 1509 2184 1570 secratus,
2203 1506 2428 1579 quique
2457 1507 2639 1564 vitam
2665 1506 2986 1564 asceticam
3005 1511 3060 1564 et
3085 1505 3465 1564 eremicolam
3479 1508 3561 1565 ab

1903 1593 2050 1665 ipsis
2089 1595 2428 1666 crepundiis
2467 1597 2807 1653 sectabatur
2837 1612 2851 1653 :
2886 1600 3014 1652 tum
3065 1596 3232 1669 quod
3261 1597 3561 1655 communi

1903 1687 1960 1738 et
1995 1683 2129 1739 trito
2185 1698 2481 1751 sermone,
2522 1683 2571 1738 is
2619 1683 2723 1756 qui
2775 1683 3032 1756 baptizat
3074 1683 3268 1756 major
3303 1683 3562 1760 habetur

1235 1773 1330 1826 κᾶν
1370 1774 1454 1827 ἐπὶ
1509 1771 1785 1847 διαφόρους

1904 1771 2205 1844 baptizata
2248 1776 2306 1828 et
2343 1772 2751 1829 venerabilior.
2792 1777 3066 1831 Attamen
3094 1772 3209 1840 isti,
3254 1777 3560 1847 utcunque

1904 1866 2145 1934 propter
2174 1860 2438 1919 diversas
2477 1877 2714 1929 causas,
2769 1878 2910 1918 eum
2946 1861 3051 1935 qui
3096 1861 3556 1936 prmdicabatur,

1902 1950 2186 2006 minorem
2226 1949 2600 2008 Praecursore
2630 1967 2668 2008 a
2719 1950 2919 2008 multis
2968 1951 3366 2008 existimatum
3421 1967 3563 2010 con-

1903 2040 2180 2105 sentiant,
2196 2039 2583 2096 nihilominus
2602 2039 2865 2097 unanimi
2878 2040 3310 2114 conspiratione
3321 2040 3555 2114 docent,

1903 2129 2220 2186 Dominum
2249 2144 2360 2186 suo
2400 2145 2570 2186 servo
2604 2130 2898 2200 majorem
2930 2127 3236 2203 praadicari
3278 2129 3342 2186 in
3371 2145 3560 2202 regno

1900 2217 1999 2274 illo
2031 2217 2277 2289 caelesti,
2312 2223 2370 2276 et
2401 2218 2737 2276 adorando.
2770 2221 2889 2289 Ego
2923 2234 3018 2276 me
3046 2218 3208 2276 hisce
3237 2219 3559 2278 concilian-

1899 2307 1991 2363 dis
2023 2321 2144 2364 non
2175 2307 2506 2377 immisceo,
2531 2323 2639 2364 nec
2665 2307 2808 2364 mihi
2837 2322 3054 2378 arrogo
3092 2307 3437 2366 facultatem
3464 2309 3557 2366 di-

1895 2395 2228 2468 judicandi,
2275 2395 2526 2470 quinam
2579 2413 2650 2452 ex
2699 2395 2816 2452 illis
2873 2395 3157 2468 potiorem
3225 2402 3557 2470 sequantur

1899 2485 2300 2551 sententiam;
2341 2500 2450 2541 nec
2501 2490 2711 2542 contra
2757 2484 3117 2543 contendent
3143 2484 3224 2542 illi
3267 2484 3348 2542 ob
3395 2485 3556 2544 hanc

1897 2590 2166 2646 causam,
2209 2574 2314 2647 qui
2347 2574 2621 2632 dicuntur
2663 2579 2993 2632 extremam
3026 2574 3305 2647 Baptistae
3353 2573 3558 2632 humi-

1894 2661 2116 2732 litatem
2157 2663 2521 2736 exprobrare
2558 2663 2704 2732 ;sed
2741 2679 2852 2721 nec
2871 2679 2980 2721 vos
3013 2663 3118 2738 qui
3168 2662 3401 2736 queruli
3432 2663 3554 2721 cul-

1896 2754 2070 2824 patis,
2098 2753 2272 2826 quasi
2306 2768 2594 2824 magnum
2612 2753 2814 2809 nescio
2834 2753 2976 2825 quid
2998 2753 3357 2825 cogitaretur
3372 2753 3432 2810 in
3457 2769 3549 2821 eo,

1893 2841 2057 2915 quod
2088 2843 2271 2913 major
2321 2857 2447 2899 esse
2477 2857 2649 2898 servo
2699 2858 2810 2898 suo
2847 2842 3208 2914 praedicatur
3261 2842 3553 2900 Dominus

1895 2931 2209 3006 (quantum
2224 2931 2402 3003 enim,
2431 2947 2662 3003 quasso,
2687 2931 2932 2987 accedet
2949 2931 3173 3002 gloriae,
3201 2929 3250 2985 si
3263 2929 3552 2987 Dominus

1894 3035 2068 3074 servo
2099 3020 2293 3090 major
2305 3024 2612 3091 appareat,
2627 3020 2881 3076 maxime
2901 3035 3006 3091 per
3026 3019 3351 3076 adventum
3377 3017 3549 3076 illum

1892 3107 2255 3165 ineffabilem
2285 3113 2342 3164 et
2373 3107 2842 3180 formidabilem)
2867 3128 2880 3174 ;
2911 3108 3053 3164 nihil
3081 3107 3263 3178 igitur
3289 3108 3548 3166 istorum

1890 3195 2192 3253 afﬁrmare
2218 3213 2355 3253 cum
2381 3197 2460 3253 ad
2492 3211 2587 3252 me
2619 3201 2880 3254 statuam
2907 3195 3176 3263 attinere,
3210 3195 3319 3252 sed
3344 3200 3546 3254 aucto-

1889 3301 2006 3350 res,
2037 3302 2177 3342 cum
2207 3291 2404 3342 essent
2431 3285 2708 3343 homines
2761 3285 3110 3359 episcopatu
3160 3285 3414 3357 prmditi,
3459 3284 3549 3342 di-

1885 3374 2134 3431 lectione
2166 3390 2558 3448 prosequens,
2603 3381 2659 3432 et
2690 3373 2860 3432 simul
2886 3374 3033 3447 ipsis
3071 3374 3295 3446 gratias
3325 3374 3547 3432 multas

1885 3464 2101 3521 debere
2119 3480 2453 3537 agnoscens
2481 3479 2582 3535 pro
2599 3463 2832 3536 scriptis
2856 3463 2980 3520 suis
3001 3463 3131 3537 (nec
3151 3463 3313 3520 enim
3330 3463 3548 3522 eadem

1883 3569 2020 3627 quae
2051 3553 2412 3610 evidentiam
2469 3552 2723 3610 aliorum
2780 3552 3001 3610 animis
3047 3551 3425 3625 imprimunt,
3475 3553 3546 3610 iis

1881 3644 1985 3716 qui
2035 3643 2333 3716 principes
2384 3641 2485 3700 illa
2540 3641 2940 3715 praedicarant
2992 3641 3174 3721 verba
3231 3642 3545 3716 Scriptura

1882 3749 2093 3790 ansam
2125 3731 2514 3804 exporrigunt
2536 3735 2727 3809 ;certe
2756 3730 3108 3789 habendum
3130 3734 3218 3788 est
3241 3730 3304 3788 in
3328 3746 3539 3789 nume-

1880 3827 2028 3887 rato,
2063 3821 2111 3876 si
2141 3821 2280 3894 quis
2320 3837 2573 3878 exorsus
2603 3819 2926 3878 sublimem
2959 3820 3230 3894 aliquam
3274 3821 3544 3894 specula-

1880 3909 2106 3967 tionem
2126 3910 2548 3983 quadantenus
2559 3909 2933 3984 progreditur
2947 3909 3009 3966 in
3035 3909 3541 3984 apprehendenda

1879 3999 2150 4059 veritate:
2171 3999 2439 4072 praaclari
2455 4005 2611 4055 certe
2631 3999 2834 4056 Patres
2857 3998 2938 4056 illi
2956 3997 3161 4065 nostri,
3181 3998 3536 4073 plerumque

1877 4103 2187 4145 sacrarum
2235 4089 2575 4145 Litterarum
2608 4088 2851 4145 intimos
2902 4103 3114 4144 sensus
3158 4087 3413 4144 exactius
3443 4102 3542 4144 ex-

1876 4177 2184 4249 pressere),
2201 4181 2384 4233 tamen
2402 4193 2534 4233 cum
2549 4175 2680 4233 illos
2701 4191 2924 4233 summo
2940 4176 3165 4233 honore
3181 4191 3536 4250 prosequar,

1877 4280 1998 4327 non
2026 4280 2139 4336 ego
2179 4264 2507 4322 subtacebo
2532 4265 2698 4338 quod
2724 4264 2868 4321 mihi
2885 4264 3082 4322 visum
3106 4269 3220 4324 est.
3248 4264 3541 4324 Animad-

1875 4363 2036 4414 verto
2073 4355 2234 4413 enim
2263 4355 2377 4412 hoc
2407 4355 2470 4411 in
2518 4355 2673 4426 loco,
2705 4355 3026 4413 Dominum
3054 4354 3536 4430 haudquaquam

1876 4446 1936 4503 id
1965 4445 2289 4512 intendere,
2324 4448 2389 4500 ut
2437 4461 2499 4501 se
2533 4444 2861 4519 Baptistam
2905 4444 3399 4518 superambulare
3437 4444 3540 4502 de-

1880 4538 2254 4601 monstraret,
2288 4549 2361 4590 ne
2391 4533 2637 4605 quidem
2667 4534 2728 4590 in
2764 4532 2970 4608 aliqua
2994 4549 3057 4590 re
3084 4533 3328 4596 (nedum
3351 4537 3415 4592 ut
3434 4549 3540 4608 per

1876 4623 2020 4690 illud
2043 4624 2324 4680 minimus
2349 4623 2624 4680 omnium
2675 4622 2992 4680 hominum
3039 4627 3287 4696 poneret
3322 4622 3538 4680 vilissi-

1877 4714 2086 4787 mum),
2121 4714 2227 4771 sed
2267 4713 2445 4786 plane
2502 4713 2887 4782 contrarium,
2943 4711 3202 4770 voluisse
3253 4712 3536 4771 laudibus

1874 4803 2192 4861 illustrare.
2209 4803 2375 4860 Certe
2396 4801 2922 4875 prmallegatarum
2935 4802 3390 4876 sententiarum,
3417 4817 3540 4862 una

1875 4893 2259 4949 incommoda
2289 4897 2382 4948 est
2420 4890 2716 4958 fortassis,
2747 4891 2933 4949 altera
2956 4889 3201 4948 humilis
3235 4907 3251 4958 ς
3295 4907 3441 4949 nam
3485 4891 3538 4950 si

1874 4997 2207 5053 prmonem
2238 4979 2301 5038 in
2319 4981 2441 5037 ima
2463 4979 2750 5036 subsellia
2769 4979 3246 5053 rejeceris,haud
3274 4979 3534 5038 tuebaris

1873 5069 2178 5142 praedicari
2193 5069 2620 5127 sublimitatem
2637 5086 2650 5136 ;
2667 5074 2726 5127 et
2748 5085 2979 5126 servum
2995 5069 3368 5128 imminutum
3387 5069 3535 5129 dare

1872 5159 2146 5232 inprimis
2171 5174 2681 5232 supervacaneum
2699 5163 2808 5224 est,
2833 5173 2944 5216 nec
2969 5175 3088 5231 non
3115 5158 3328 5233 abjecti
3349 5159 3535 5218 animi

1872 5247 2328 5318 existimabitur.
2378 5249 2610 5321 Scopus
2658 5247 3246 5308 Domini-manifeste
3284 5248 3536 5309 collimet

1509 5427 1598 5483 VA
1610 5424 1754 5483 RIE
1792 5427 2177 5486 LECTIONES

235 5616 260 5648 ³
298 5578 616 5667 ἀσκητικὸν.
653 5619 678 5650 ι
710 5605 854 5665 Cod.
878 5605 1038 5664 Mon.
1072 5610 1224 5664 recte
1259 5613 1420 5659 ποιεῖν
1454 5603 1628 5661 ἐθέλει.
1661 5604 1692 5648 ι)
1729 5603 1790 5662 C.
1820 5603 1895 5660 Μ.
1923 5608 2078 5662 recte
2108 5603 2435 5678 φιλοκρινεῖν.
2466 5615 2492 5648 ο
2516 5603 2576 5661 C.
2605 5605 2679 5663 Μ.
2710 5604 2852 5664 add.
2883 5595 2964 5662 δέ.
