4076 6202
599 266 741 348 lotis

1841 274 2085 346 ruont
2114 263 2602 346 PArBi'Aacme
2639 272 2747 349 (τις.

3834 297 4019 371 lout;

598 392 1243 474 iaudeml’mcursoris
1280 412 1411 487 (nec
1432 413 1769 486 immerito),
1800 413 2072 486 egregius
2094 414 2252 471 enim

2367 414 2732 490 ὑπερχόμενος,
2793 415 3019 492 ὀλέθριον
3077 412 3254 489 δόγμα
3309 416 3655 471 ὑπολείποιτο
3713 428 3786 490 τῷ
3824 420 3938 493 βίῳ·

597 504 692 562 ille
712 504 799 560 vir
834 518 945 579 pro
972 503 1102 575 lege
1132 507 1273 560 tunc
1312 502 1954 561 divinaincludebatur
1979 505 2202 561 carceri
2236 524 2250 572 ;

597 593 761 650 mala
780 591 1001 667 quibus
1030 592 1432 665 stringebatur
1460 592 1615 649 infra
1637 610 1701 649 se
1732 593 1926 666 posita
1952 593 2249 665 ducebat;

598 698 709 740 nec
762 681 1069 738 metuebat
1120 681 1410 751 gladium,
1478 698 1601 738 non
1658 681 2020 739 occisionem
2074 704 2087 747 ;
2146 682 2252 738 sed

596 786 672 829 ne
702 784 841 828 cum
896 777 1148 827 mortem
1198 778 1540 842 superasset
1580 771 1987 843 perniciosum
2027 771 2253 841 dogma

599 859 1121 917 subintroductum
1142 859 1305 931 apud
1323 858 1585 915 homines
1598 858 1940 931 deponeret,
1955 863 2012 916 et
2031 858 2251 916 Domini

596 949 904 1020 magnalia
932 964 1039 1021 per
1064 946 1399 1005 socordiam
1421 964 1613 1021 neque
1632 948 1877 1021 quidem
1905 948 2109 1005 leviter
2130 948 2254 1005 vili-

594 1038 827 1105 ﬂcaret;
843 1037 1084 1110 plurimi
1107 1038 1264 1097 enim
1286 1050 1625 1109 praeconem
1642 1037 1846 1109 ipsum
1870 1036 2252 1109 praeconizato

596 1128 888 1199 majorem
907 1125 1386 1183 arbitrabantur:
1411 1142 1658 1199 quorum
1679 1142 1709 1181 e
1730 1142 1983 1183 numero
2000 1131 2252 1184 erantex

595 1218 727 1290 ejus
755 1215 1063 1289 discipulis
1093 1215 1299 1288 aliqui,
1335 1231 1435 1287 per
1469 1216 1855 1272 ambitionem
1886 1216 2002 1273 hoc
2042 1216 2251 1272 morbo

594 1304 953 1372 laborantes,
989 1304 1257 1375 magistri
1302 1306 1395 1361 sui
1440 1305 1824 1377 praestantiam
1874 1305 1952 1361 ad
1981 1305 2251 1377 ipsorum

596 1396 895 1470 propriam
915 1394 1404 1452 existimationem
1428 1396 1762 1467 augendam
1783 1394 2106 1451 trahentes.
2134 1397 2251 1451 Hoc

596 1500 734 1544 cum
760 1485 854 1542 ille
879 1484 1226 1549 adverteret,
1248 1484 1547 1550 urebatur,
1577 1491 1632 1539 et
1652 1492 1711 1540 ut
1729 1485 2065 1556 improbam
2092 1485 2255 1540 hanc

594 1573 870 1631 evelleret
893 1573 1259 1645 opinionem,
1290 1573 1372 1629 nil
1396 1588 1517 1629 non
1548 1572 1790 1629 tentavit
1820 1594 1831 1637 ;
1867 1588 2027 1644 saepe
2058 1572 2254 1628 varios

2359 509 2447 557 καὶ
2476 509 2535 557 τὸ
2563 512 2652 557 τοῦ
2705 508 2969 559 Δεσπότου
3036 506 3326 578 μεγαλεῖον,
3366 514 3439 577 τῷ
3489 507 3617 560 καθ’
3675 507 3848 560 ἑαυτὸν

2362 595 2529 665 θύμῳ,
2563 594 2656 647 ούκ
2683 593 2731 646 ἐν
2761 601 2969 670 μικροῖς
3020 601 3328 649 ταπεινώσει
3352 595 3380 636 ἀ
3416 613 3430 626 ’
3497 595 3694 649 πολλοὶ
3735 599 3831 670 γὰρ
3859 606 3938 668 pri-

2361 683 2487 743 ζονα
2532 689 2622 735 τοῦ
2704 687 3101 757 κηρυσσομένου
3152 688 3239 737 τὸν
3283 689 3491 760 κήρυκα
3584 687 3855 739 ὑπενόουν.
3885 688 3940 746 ἘΞ

2360 769 2428 823 ὧν
2484 791 2612 834 τινες
2674 778 2761 825 καὶ
2816 782 2916 826 τῶν
2979 774 3140 827 αὐτοῦ
3202 776 3449 847 μαθητῶν
3518 776 3628 827 ὑπὸ
3711 775 3941 847 φιλαυτίας

2360 868 2513 914 τοῦτο
2557 865 2814 934 ἔπασχον,
2874 868 2962 921 τὴν
3033 864 3302 936 ὑπεροχήν
3345 871 3437 915 τοῦ
3506 860 3849 917 διδασκάλου
3894 868 3941 927 εἰς

2362 951 2582 1014 αὔξησιν
2645 951 2841 1012 οἰκείας
2916 950 3268 1024 έπισπώμενοι
3344 949 3527 1016 δόξης.

2361 1038 2517 1092 ἐκεῖνο
2527 1060 2566 1103 ς,
2634 1040 2752 1102 ὅλος
2824 1039 3078 1112 ἐφλέγετο,

2361 1130 2603 1181 ὑπόνοιαν
2651 1131 2785 1181 ώστε
2844 1129 3094 1191 καθελεῖν,
3144 1131 3313 1181 πάντα
3378 1133 3609 1203 ἔπραττε
3662 1148 3677 1159 ·

3620 951 3791 1025 Ἀπερ
3848 956 3939 1027 ὁρῶ)

3733 1134 3820 1182 καὶ
3859 1131 3943 1183 πολ-

2358 1217 2505 1280 λάκις
2552 1220 2785 1290 μὲντοὺς
2841 1220 3081 1290 μαθητὰς
3136 1217 3354 1291 ἁπάγειν
3394 1217 3685 1292 ἔπεχείρει,
3730 1221 3943 1279 ποικίλοις

2358 1306 2596 1378 λόγοις,θ
2622 1317 2719 1367 τῆς
2746 1307 3055 1378 ὑπολήψεως
3104 1325 3115 1337 ·
3152 1307 3259 1361 ἐπεὶ
3317 1304 3377 1360 δι
3430 1312 3557 1370 τοὺς
3607 1308 3802 1380 λόγους
3849 1309 3945 1379 ἑώρα

2359 1403 2452 1458 τῆς
2501 1396 2700 1449 ἐκείνων
2746 1401 2951 1469 γνώμης
3027 1398 3369 1468 ἡττωμένους,
3424 1402 3515 1450 καὶ
3581 1401 3655 1450 τὰ
3714 1407 3805 1458 τῆς
3841 1399 3945 1469 φιλο·

2360 1490 2550 1547 νεικίας
2616 1484 3042 1559 ἐπικρατέστεροι,
3102 1485 3181 1537 ἐπ’
3237 1486 3395 1544 ἄλλην
3480 1484 3602 1540 ἴδεν
3675 1484 3819 1547 ὀδόν,
3883 1492 3945 1538 καὶ

2363 1576 2456 1631 τὴν
2514 1571 2595 1627 διτ
2629 1574 2883 1645 αὐτοψίας
2911 1576 3073 1627 πειθώ
3129 1576 3413 1648 προσάγειν
3462 1575 3657 1637 αὐτοῖς
3688 1576 3941 1647 ἐμελέτησε.

596 1658 896 1720 miscendo
926 1677 1231 1718 sermones
1252 1661 1734 1733 discipulosinde
1756 1660 2053 1717 abducere
2083 1661 2379 1718 nitebatur
2432 1682 2445 1728 ;
2471 1679 2621 1735 quos
2649 1679 2787 1718 cum
2816 1663 3043 1719 videret
3066 1663 3230 1718 haud
3286 1663 3686 1733 sufﬁcienter,
3721 1681 3943 1725 movere,

596 1752 743 1825 quin
769 1748 967 1824 potius
1017 1755 1081 1807 ut
1117 1750 1312 1806 acrius
1354 1754 1655 1807 certamen
1685 1750 1917 1816 inirent,
1974 1749 2157 1806 aliam
2187 1750 2356 1808 inivit
2387 1751 2697 1817 rationem,
2732 1756 2788 1808 et
2828 1751 2904 1807 ab
2958 1753 3086 1824 ipso
3116 1751 3428 1809 oculorum
3488 1753 3726 1809 intuitu
3764 1754 3943 1823 cogita-

595 1840 680 1897 vit
699 1840 851 1896 id‘iis
902 1840 1283 1914 persuadere.

600 1936 615 1947 ‘
670 1926 816 1986 Vide
855 1927 1002 1986 mihi
1029 1931 1112 1985 sis
1131 1933 1329 1986 autem
1356 1934 1543 2002 quam
1561 1927 1881 2001 prudenter
1901 1928 2015 1985 hoc
2045 1932 2258 1987 tractat

2439 1931 2542 1986 Καὶ
2598 1932 2695 2004 ὅροι
2760 1932 2894 1992 ὅπως
2940 1929 3199 2003 ἐμφρόνως
3251 1935 3695 2005 μεταχειρίζεται
3734 1933 3944 1991 nisum;-

596 2021 1042 2091 argu'mentum‘.
1078 2018 1243 2075 Mittit
1271 2017 1595 2090 discipulos
1618 2017 1691 2075 ad
1717 2034 1855 2074 eum
1876 2018 2048 2089 cujus
2080 2034 2260 2074 mmu-o

597 2107 1263 2181 lation‘e‘capiebantur,
1313 2111 1370 2164 et
1412 2106 1762 2180 quaestionis
1811 2106 2069 2163 formam
2114 2122 2257 2181 prae-

598 2196 916 2255 Scribend‘o
970 2199 1029 2254 id
1068 2198 1209 2269 agit,
1258 2201 1323 2254 ut
1356 2211 1464 2271 per
1510 2213 1583 2254 ea
1611 2212 1743 2271 quae
1791 2196 1981 2253 oculis
2011 2212 2261 2270 usurpa-

597 2286 753 2343 bant
775 2286 1031 2344 salutem
1054 2288 1322 2359 ipsorum
1353 2291 1721 2358 procuraret,
1754 2291 1935 2359 atque
1961 2302 2124 2342 error
2164 2285 2257 2342 ille

599 2374 898 2449 antiquiOr
932 2390 1040 2449 per
1067 2376 1499 2447 discipulorum
1544 2374 2023 2431 emendationem
2074 2374 2255 2433 etiam

600 2460 765 2537 apud
794 2464 941 2521 alios
969 2465 1431 2531 excuteretur,’et
1456 2465 1516 2520 in
1546 2463 1976 2520 totodiiﬂueret
2007 2482 2021 2531 ;
2053 2464 2254 2538 itaque

602 2554 707 2609 tibi
746 2554 1116 2610 advenerant
1144 2553 1215 2625 (is
1262 2553 1366 2627 qui
1423 2554 1694 2625 Baptista:
1722 2554 2056 2610 immiserat
2106 2555 2261 2623 cogi-

604 2640 892 2699 tationem
914 2640 1122 2713 illam),
1145 2640 1341 2697 verbis
1360 2641 1439 2697 ad
1460 2635 1706 2714 quaesita
1736 2641 1881 2697 nihil
1908 2641 2264 2713 respondeti

605 2729 833 2789 sciebat
856 2730 1016 2787 enim
1044 2735 1100 2787 et
1124 2736 1481 2804 persuasum
1512 2729 1793 2796 habebat,
1821 2746 1957 2787 eum
2009 2731 2112 2803 qui
2158 2746 2265 2803 per

603 2818 1055 2877 eXsultationem
1083 2820 1143 2877 in
1160 2821 1324 2875 utero
1352 2822 1642 2886 materno,
1662 2819 1767 2892 qui
1792 2834 1899 2891 per
1929 2824 2263 2876 maternam

601 2904 871 2982 linguam
925 2907 1125 2982 ipsum
1179 2907 1628 2981 praedicaverat,
1698 2923 1932 2964 necnon
1986 2908 2262 2976 plurimis

602 2996 884 3071 deinceps
908 2996 1322 3055 illustrissimis
1354 2996 1705 3054 testimoniis
1733 3001 1789 3053 et
1826 2995 2044 3052 divinis
2075 3011 2262 3052 enun-

602 3086 949 3145 tiationibus
979 3087 1137 3144 idem
1166 3086 1705 3161 prmstiterat,nulla
1732 3086 1998 3157 indigere
2020 3086 2263 3142 ulterius

602 3178 677 3235 d'e
718 3193 781 3233 se
810 3177 1135 3249 doctrina;
1160 3180 1241 3234 ita
1272 3175 1456 3247 signis
1487 3180 1543 3233 et
1589 3176 1877 3249 prodigiis
1916 3175 2259 3248 opinionem

603 3265 1045 3331 excedentibus,
1073 3267 1489 3327 inconcretum
1519 3281 1643 3322 suae
1689 3265 1954 3336 suggerit
1987 3266 2259 3331 Deitatis;

602 3355 707 3429 qui
737 3371 839 3411 eos
880 3355 1150 3412 mittebat
1201 3355 1265 3411 id‘
1314 3354 1777 3411 m‘achinabatur
1836 3358 1899 3409 ut
1942 3369 2263 3426 suspensos

603 3442 877 3501 redderet
926 3460 963 3499 a
1016 3443 1343 3511 miraculis,
1403 3458 1555 3515 quos
1633 3442 1880 3499 demum
1935 3443 2260 3513 morigeros

601 3532 953 3605 praeceptori
990 3531 1201 3597 factos,
1243 3536 1299 3587 et
1326 3530 1651 3587 divinitatis
1681 3547 1809 3587 sua;
1842 3547 2147 3603 praecones
2178 3548 2263 3588 re-

604 3619 784 3679 mittit
811 3618 1099 3677 Christus.
1134 3620 1442 3677 Euimvero
1474 3620 1741 3691 Baptista
1771 3635 1909 3676 cum
1935 3620 2049 3677 hoc
2080 3622 2263 3678 modo

603 3706 908 3781 discipulis
966 3722 1224 3766 errorem
1273 3709 1606 3775 exemisset,
1655 3724 1762 3781 per
1809 3709 2053 3765 eosdem
2084 3710 2263 3767 etiam

604 3802 848 3857 caeteros
873 3812 1103 3864 omnes,
1137 3799 1247 3855 vias
1274 3798 1397 3855 dux
1422 3798 1501 3855 ad
1532 3814 1916 3855 communem
1943 3800 2261 3856 Dominum

604 3888 669 3947 se
699 3888 1015 3945 transferre
1035 3886 1358 3955 fecit.Quin
1385 3892 1441 3944 et
1462 3889 1756 3954 Servator,
1790 3905 1929 3944 cum
1965 3888 2265 3945 auditores

605 3992 755 4035 suos
772 3976 852 4034 ad
892 3977 1287 4035 imitationem
1314 3976 1681 4050 reliquarum
1713 3977 1821 4033 viri
1853 3978 2141 4034 virtutum
2180 3978 2265 4033 in-

604 4068 873 4133 duxerat,
918 4070 1153 4124 tanttJm
1204 4066 1388 4139 ipsius
1441 4071 1620 4140 atque
1659 4065 1774 4124 tale
1828 4065 2093 4122 studium
2135 4082 2267 4123 am-

605 4156 897 4229 plexatus,
930 4155 1390 4229 propensionem
1440 4154 1623 4213 animi
1676 4155 2000 4211 Dominicis
2052 4157 2173 4211 suis
2208 4160 2268 4211 et

607 4246 829 4303 meritis
852 4250 1193 4303 remunerat
1219 4245 1503 4301 encomiis
1538 4262 1552 4313 ;
1587 4261 1781 4318 neque
1812 4246 1973 4301 enim
1997 4246 2267 4302 commit-

606 4336 725 4393 tere
754 4332 994 4392 volebat
1014 4335 1064 4390 is
1092 4334 1197 4407 qui
1212 4336 1393 4407 gratis
1410 4334 1690 4391 omnibus
1713 4335 2059 4391 universum
2091 4334 2267 4391 bene-

606 4426 796 4482 factor
817 4422 1055 4491 exstitit,
1082 4428 1149 4480 ut
1174 4424 1599 4480 inhonoratum
1618 4423 1947 4496 Baptistam
1977 4424 2175 4480 solum
2197 4441 2267 4480 ex

608 4510 894 4571 omnibus
948 4512 1287 4580 dimitteret,
1362 4528 1468 4586 pro
1516 4528 1721 4569 amore
1776 4513 2149 4586 praefundato
2213 4522 2269 4571 et

609 4602 824 4660 affectu
865 4617 1053 4676 usque
1079 4602 1159 4660 ad
1189 4606 1443 4659 mortem
1482 4600 1900 4659 inﬂammato:
1937 4607 2114 4676 atque
2156 4603 2267 4659 ista

608 4692 736 4757 mit;
760 4691 995 4765 opinor,
1022 4690 1301 4764 princeps
1328 4689 1614 4747 laudandi
1634 4691 1798 4747 illum
1830 4707 2035 4749 causa.
2076 4692 2267 4749 Nihilo

609 4780 857 4838 inferior
889 4783 980 4837 est
1006 4779 1157 4837 hmc.
1199 4776 1696 4853 Quandoquidem
1750 4779 1918 4846 illud,
1967 4802 1995 4831 «
2029 4782 2189 4838 Tune
2219 4782 2269 4837 is

607 4868 711 4945 qui
740 4868 1029 4927 venturus
1058 4885 1142 4935 es,
1174 4888 1199 4921 ν
1242 4872 1378 4935 etc.,
1406 4867 1485 4925 ob
1524 4868 1777 4926 salutem
1830 4868 2267 4942 discipulorum

607 4957 1471 5033 praeuraudamiuterrogabat
1501 4974 1515 5025 ;
1546 4957 2030 5030 interrogationis
2064 4964 2267 5015 autem

609 5044 807 5121 prima
820 5045 1002 5123 iacies
1015 5046 1093 5103 ab
1109 5046 1447 5116 ignorantia
1462 5046 1788 5117 Baptistam
1808 5046 1915 5102 hoc
1935 5047 2267 5104 siscitatum

612 5134 793 5193 fuisse
825 5133 1182 5205 suggerit‘iis
1234 5135 1337 5207 qui
1382 5134 1737 5207 prudentem
1778 5138 1833 5191 et
1880 5135 2267 5192 artificiosam

614 5222 1011 5298 quastionem
1038 5222 1213 5281 haud”
1234 5222 1515 5280 intentius
1552 5223 2053 5295 ponderaverint:
2088 5229 2150 5281 ut
2190 5224 2268 5280 ab

2371 2021 2529 2074 θεσιν.
2592 2023 2787 2092 Πέμπει
2840 2023 2962 2082 τοὺς
3006 2022 3243 2093 μαθητὰς
3293 2024 3422 2095 πρὸς
3500 2025 3596 2074 τόν
3649 2023 3737 2074 ὑπ’
3814 2024 3943 2073 crisin

2370 2108 2833 2181 ζηλοτυπούμενον,
2888 2113 2978 2160 καὶ
3059 2116 3252 2180 σχῆμα
3314 2105 3437 2170 δούς
3502 2108 3832 2183 ἕρωτήσεως,
3878 2118 3944 2168 τὲ)

2370 2196 2562 2250 ἑαυτῶν
2591 2198 3001 2272 παρασκευάζει,
3076 2194 3169 2249 διὰ
3222 2206 3321 2249 τῶν
3360 2197 3761 2271 ὀφθησομένων,
3816 2218 3945 2256 σωτεο

2370 2291 2485 2361 ρίαν
2528 2288 2933 2361 καρπώσασθαι,
3001 2290 3090 2339 καὶ
3140 2291 3235 2345 τὴν
3286 2291 3539 2360 προτέραν
3598 2288 3799 2347 πλάνην
3835 2287 3943 2359 bri

2372 2384 2471 2428 τῶν
2513 2377 2759 2448 μαθητῶν
2809 2372 3109 2451 διορθώσει,
3173 2380 3263 2429 καὶ
3308 2383 3413 2437 τοῖς
3465 2375 3649 2440 ἄλλοις
3714 2377 3944 2431 fremuis-

2376 2468 2564 2525 σθῆναι
2614 2470 2703 2517 καὶ
2756 2460 3071 2539 διαρρυῆναι
3119 2464 3285 2517 τέλεον
3336 2482 3349 2495 ·
3387 2466 3582 2519 αὐτίκα
3648 2470 3750 2541 γὰρ
3808 2486 3944 2541 παρο-

2371 2559 2673 2626 γεγονότων,
2712 2555 2918 2629 ῥήμασι
2981 2556 3073 2627 μὶν
3109 2558 3231 2615 τέως
3260 2556 3286 2606 ὁ
3326 2559 3500 2624 Σωτήρ
3566 2557 3620 2616 (ό
3659 2562 3748 2609 καὶ
3810 2564 3939 2608 ταῦτα

2371 2652 2441 2715 τῷ
2481 2650 2747 2716 Βαπτιστῇ
2804 2647 3111 2715 χαριτώσας
3138 2643 3477 2715 λογίσασθαι)
3533 2642 3696 2698 οὐδὲν
3727 2650 3842 2717 πρὸς
3874 2650 3942 2701 τὴν

2374 2730 2627 2804 ίρώτησιν
2656 2731 2985 2806 ἀποκρίνεται
3046 2747 3060 2760 ·
3107 2729 3229 2806 ᾔδει
3274 2735 3394 2807 γὰρ,
3452 2730 3578 2805 ᾔδει
3605 2738 3696 2787 τόν
3725 2734 3779 2797 ἑξ
3813 2736 3939 2794 crint;

2372 2824 2595 2895 μήτρας,
2690 2826 3017 2894 σκιρτήμασι
3082 2826 3172 2874 καὶ
3258 2827 3480 2895 μητρῷα
3537 2823 3760 2897 γλώσσῃ
3819 2823 3941 2874 αὐτὸν

2372 2908 2791 2982 προκηρύξαντα,
2847 2913 2937 2962 καὶ
2994 2915 3208 2985 μυρίαις
3250 2912 3402 2972 ὅσαις
3458 2914 3595 2983 μετά
3653 2919 3812 2965 ταῦτα
3844 2912 3939 2982 λαμ-

2371 3006 2528 3071 πραῖς
2565 3003 2874 3073 μαρτυρίαις
2930 3004 3019 3051 καὶ
3066 3001 3397 3073 θεοπρεπέσιν
3463 2999 3805 3077 ἁναῤῥήσεσι,
3854 3020 3940 3070 με·

2374 3083 2557 3158 διἀιᾶς
2588 3084 2798 3140 δεῖσθαι
2855 3093 2971 3160 περὶ
3026 3088 3185 3141 αὐτοῦ
3236 3090 3517 3160 μαθήσεως
3573 3107 3588 3121 ·
3658 3086 3939 3163 σημείοιςόέ

2371 3172 2693 3249 παραδόξοις
2744 3181 2835 3229 καὶ
2881 3182 3063 3251 τέρασι
3112 3181 3170 3230 τό
3223 3176 3540 3253 ἀσύγκριτον
3602 3180 3758 3233 αὑτοῦ
3805 3198 3939 3251 παρει-

2299 3281 2341 3338 C
2374 3270 2691 3327 στήσαςτῆς
2710 3268 2952 3328 θεότητος
2988 3267 3163 3338 (τοῦτο
3218 3270 3320 3342 γὰρ
3375 3269 3400 3319 ὁ
3442 3268 3663 3340 πέμψας
3717 3268 3935 3341 ἔπρατμιιο

2368 3357 2579 3421 τεύετο),
2650 3354 2701 3417 ἐξ
2741 3354 2909 3407 αὐτῶν
3006 3355 3252 3428 ὀμμάτων
3319 3360 3439 3417 τοὺς
3540 3357 3807 3416 σταλέντας
3856 3362 3937 3412 τοῖς

2373 3445 2634 3515 θαύμασιν
2734 3442 3084 3518 ἀνηρτήσατο,
3188 3450 3276 3498 καὶ
3328 3445 3506 3498 λοιπόν
3570 3447 3811 3507 εὐπειθεῖς
3883 3451 3935 3512 τῷ

2372 3527 2702 3605 διδασκάλῳ,
2758 3538 2847 3586 καὶ
2906 3543 2998 3595 τῆς
3037 3534 3197 3587 αὑτοῦ
3253 3536 3495 3597 θεότητος
3547 3533 3823 3607 ἀναπέμπει
3863 3537 3932 3587 ιέο

2369 3639 2555 3695 ρυκοις.
2610 3620 2748 3673 ’Δλλ’
2797 3623 2823 3673 ὁ
2873 3625 2965 3695 μὲν
3008 3628 3330 3692 Βαπτιστής,
3380 3625 3516 3676 οὕτω
3572 3629 3699 3687 τούς
3742 3624 3933 3685 μαθητὰς

2371 3712 2631 3782 μεθιστῶν
2670 3721 2760 3772 τῆς
2810 3711 3028 3778 πλάνης,
3092 3716 3182 3765 καὶ
3246 3709 3320 3765 δι’
3381 3713 3550 3765 αὐτῶν
3622 3719 3737 3774 τούς
3789 3711 3930 3767 ἄλλους

2372 3797 2677 3872 ἀνθρώπους
2736 3809 2807 3872 τῷ
2896 3810 3050 3872 κοινῷ
3116 3798 3477 3876 προσδραμεῖν
3556 3799 3819 3874 έμεθόδενε
3871 3807 3930 3851 Δε·

2375 3892 2565 3961 σπότη.
2622 3888 2681 3941 '0
2744 3885 2803 3942 δέ
2857 3909 2916 3961 γε
2974 3895 3170 3965 Σωτήρ,
3222 3898 3319 3953 τῆς
3364 3910 3420 3943 τε
3462 3890 3623 3953 οἶλλης
3680 3891 3929 3967 ἁρετῆςτοῦ

2373 3973 2558 4052 ἀνδρὸς
2589 3977 2661 4040 εἰς
2704 3978 2858 4039 ζῆλον
2914 3982 3037 4041 τοὺς
3082 3978 3344 4052 ἀκροατὰς
3390 3985 3717 4054 προτρέπων,
3767 3984 3842 4031 καὶ
3862 3984 3929 4035 τες

2369 4066 2688 4129 τηλικαύτης
2729 4068 2883 4120 αύτὸν
2934 4074 3023 4121 καὶ
3053 4072 3313 4130 τοσαύτης
3396 4066 3777 4143 ἀποδεχόμενος
3810 4085 3929 4119 σπον-

2374 4152 2471 4216 δῆς
2517 4162 2606 4209 καὶ
2668 4158 2983 4230 προθυμίας,
3050 4165 3382 4219 Δεσποτικοίς
3442 4164 3533 4211 καὶ
3574 4157 3794 4218 δικαίοις
3820 4156 3930 4227 ἀμει-

2374 4243 2517 4297 ϐεται
2543 4244 2838 4317 ἐγκωμίοις·
2869 4243 2994 4300 ούδε
3021 4251 3143 4322 γὰρ,
3170 4244 3285 4300 οὐδ’
3341 4248 3581 4320 ἠνέσχετ’
3602 4248 3685 4308 ἃν,
3726 4250 3751 4301 ὁ
3776 4251 3927 4317 προῖκα

2374 4339 2506 4387 πᾶσι
2536 4340 2624 4387 καὶ
2680 4342 2851 4397 κοινὸς
2904 4342 3077 4408 φανεὶς
3134 4337 3425 4409 εὐεργέτης,
3468 4346 3563 4400 τῆς
3618 4334 3930 4413 «pansam:-

2375 4425 2550 4485 θείσης
2602 4432 2847 4499 στοργῆς,
2914 4430 3003 4478 καὶ
3061 4433 3151 4478 τοῦ
3213 4431 3375 4499 μέχρι
3441 4436 3653 4499 σφαγῆς
3716 4424 3928 4495 διαπύρου

2374 4514 2558 4579 πόθου,
2618 4512 2902 4588 ἀγέραστον
2951 4519 3105 4587 μόνον
3150 4518 3237 4567 τὸν
3286 4521 3587 4574 Βαπτιστήν
3654 4514 3929 4587 ἀποπέμψαι-

2300 4633 2345 4688 D
2376 4588 2514 4655 Ἀλλ’
2545 4601 2677 4661 αὕτη
2709 4605 2818 4675 μὶν,
2862 4599 3027 4676 οἶμαι,
3077 4611 3179 4656 τῶν
3223 4602 3439 4657 ἐπαίνων
3498 4606 3528 4663 ἠ
3587 4612 3759 4679 πρώτη
3794 4603 3930 4655 αἰτία·

2376 4686 2528 4743 οὐδὲν
2554 4688 2613 4744 δε
2642 4694 2837 4755 ταύτης
2900 4690 3118 4745 ἕλοὶττων
3180 4698 3270 4746 καὶ
3326 4694 3482 4752 αὕτη.
3549 4692 3691 4747 Ἐπεὶ
3750 4695 3838 4764 γὰρ
3869 4693 3927 4753 τὸ,

2382 4799 2410 4831 ‹‹
2449 4783 2513 4831 Σύ
2544 4777 2593 4832 εἶ
2622 4781 2647 4832 ὁ
2694 4784 2994 4853 ἐρχόμενος,
3049 4782 3078 4840 ἢ
3121 4782 3289 4856 ἕτερον
3318 4778 3697 4855 προσδοκῶμεν
3722 4800 3735 4850 ;
3765 4800 3793 4835 ν
3826 4782 3930 4851 ἁμὲ]

2378 4868 2458 4921 ἐπὶ
2491 4876 2551 4941 τῇ
2585 4877 2684 4922 τῶν
2720 4872 2965 4942 μαθητῶν
3018 4867 3258 4945 διηρώτα
3307 4876 3565 4944 σωτηρίᾳ.
3623 4875 3692 4925 Τὸ
3747 4868 3799 4924 δ¹ι
3840 4872 3927 4942 πρὸο
4018 4928 4019 4937 γ

2376 4976 2555 5030 χειρον
2580 4966 2676 5021 τῆς
2736 4957 3054 5033 ἐρωτήσεως,
3125 4967 3232 5021 τοῖς
3297 4965 3367 5030 μὴ
3410 4964 3541 5035 πρὸς
3588 4965 3647 5015 τὸ
3687 4962 3928 5035 εύμήχεων

2377 5052 2467 5099 καὶ
2530 5051 2684 5120 σοφὸν
2740 5056 2830 5100 τού
2912 5048 3270 5121 ἐρωτήσαντος
3345 5046 3725 5105 διοικύπτουσιν
3807 5049 3836 5112 τ,
3893 5043 3927 5103 ἕξ
4018 5092 4019 5107 ς

2380 5134 2590 5207 ἀγνοίας
2628 5144 2778 5189 τοῦτο
2836 5139 3095 5191 πυθέσθαι
3144 5140 3230 5190 τόν
3278 5139 3580 5199 Βαπτιστήν
3636 5140 3925 5193 ὑπαίθων

2381 5225 2463 5277 ἵνα
2500 5232 2589 5278 καὶ
2650 5228 2843 5288 ταύτης
2909 5226 3066 5279 αὐτὸν
3131 5234 3227 5290 τῆς
3282 5228 3513 5301 ὑποψίας
3574 5232 3629 5283 ἑκ
3685 5229 3926 5304 περιουσὶκς

1978 5366 2215 5423 νΑΒΙιΕ
2267 5365 2668 5434 LEC'DIONES.

687 5506 805 5587 ἀρ.
836 5504 1178 5587 M._rectius
1212 5508 1579 5587 ⁸’τοιπιινώσιιι
1658 5518 1683 5546 ο
1733 5507 1790 5559 ῖσ
1842 5505 1982 5563 add.
2023 5508 2240 5571 ταύτης·

2367 5506 2401 5562 d
2439 5505 2604 5565 deest
2642 5508 2819 5565 etiam
2851 5508 2910 5564 in
2948 5510 3099 5565 Mon.
3178 5508 3201 5551 ί
3226 5511 3284 5565 C.
3328 5512 3397 5569 Μ.
3431 5507 3774 5587 διακύψουσι,
3836 5505 3920 5563 sC.

621 5578 691 5639 Μ.
726 5576 796 5645 ἐξ.
818 5579 1076 5656 υφαίνετο.

3157 1046 3247 1093 καὶ
3320 1045 3409 1099 τήν
3481 1044 3733 1115 πονηρὰν
3794 1047 3942 1099 tam
4018 1102 4019 1105 η
