4076 6202
236 297 386 353 1005

1265 301 1363 357 AD
1402 277 1958 362 AMPHILOCHYUM
1998 287 2340 374 ρυιεέτιόί
2363 303 2628 365 ccxxn.

3465 292 3618 372 recc

236 423 563 497 ἐλευθερώσῃ
611 423 858 497 (μεγίστη
900 429 1022 502 γὰρ,
1079 428 1148 490 ὡς
1199 425 1418 494 ἀληθῶς,
1459 431 1690 502 κήρυκος
1732 426 1825 483 δια

1956 429 2076 488 ista
2116 431 2216 490 illa
2267 431 2606 505 suspicione
2663 431 2813 490 velut
2866 443 2936 490 ex
2997 429 3340 493 abundanti
3387 434 3616 495 liberet

236 513 364 571 ϐολὴ
420 518 509 566 καὶ
566 519 878 589 κατηγορία,
941 523 1033 568 τοῦ
1101 522 1499 591 κηρυσσομένου
1546 519 1576 576 ἠ
1639 517 1844 589 ἀγνοία,

236 602 324 656 ἐπὶ
404 607 519 664 τοὺς
588 603 823 664 ἐπαίνους
897 607 1111 679 ἔρχεται
1144 626 1156 638 ο
1199 612 1288 660 καὶ
1364 607 1595 660 πλείοσιν
1664 607 1846 669 αὐτούς

235 691 496 765 ἐξυφαίνει
565 698 778 766 τρόποις
820 705 870 748 8.
920 693 1142 747 ’Ἄτοπον
1212 699 1334 771 γὰρ,
1397 700 1465 760 ὡς
1519 695 1739 763 ἀληθῶς,
1800 696 1846 749 εἰ

237 779 315 835 δι’
365 783 444 833 ὧν
481 783 648 846 άλλως
698 781 1106 860 προσεκέρδανεν
1164 783 1223 837 ἂν
1284 788 1308 838 6
1373 791 1692 852 Βαπτιστής,
1754 789 1842 839 καὶ

235 878 334 932 τῆς
400 877 651 947 προτέρας
722 869 1023 926 διεκπίπτοι
1083 871 1264 937 δόξης.
1332 878 1418 928 Διό
1475 884 1676 951 πρῶτον
1751 879 1840 948 μὲν

238 961 446 1012 ἔπαινον
501 964 754 1036 προσάγει
801 961 852 1028 h,
902 960 989 1015 ἀπ’
1031 963 1192 1026 αὐτῆς
1250 962 1443 1026 ἐκείνης
1500 971 1600 1016 τῶν
1655 963 1841 1039 ἀκροα-

236 1057 341 1100 τῶν
368 1057 464 1111 τῆς
491 1049 670 1123 ψήφου
704 1069 715 1081 ·
749 1056 920 1125 τρίτον
975 1050 1074 1105 ἀπό
1119 1060 1210 1116 τῆς
1258 1062 1356 1105 τῶν
1395 1063 1666 1126 προφητῶν
1709 1073 1841 1124 μαρ-

236 1142 424 1211 τυρίας
453 1144 543 1191 καὶ
597 1139 932 1215 προῤῥὴσεως
963 1159 974 1170 ’
1007 1150 1103 1194 τῶν
1157 1139 1216 1194 δὲ
1262 1141 1450 1195 λοιπῶν
1500 1139 1618 1206 δύο,
1664 1142 1838 1196 ἑκάτε-

236 1247 327 1300 ρον
361 1227 416 1279 ἐκ
459 1237 556 1289 τῆς
589 1225 728 1290 ἰδίας
775 1236 863 1282 καὶ
918 1237 1238 1293 Δεσποσικῆς
1282 1230 1589 1307 ἐπικρίσεως
1622 1248 1633 1262 ⁸
1672 1229 1780 1284 ἀλλ’
1812 1233 1837 1284 6

236 1319 328 1388 μὲν
395 1312 630 1391 δεύτερος
657 1323 866 1392 τρόπος,
927 1319 980 1371 ἐκ
1037 1327 1128 1373 τοῦ
1178 1321 1347 1383 εὐθέος
1387 1321 1521 1393 λέγει
1568 1323 1652 1372 τὸν
1696 1323 1839 1373 ἔπαι-

235 1424 318 1457 νον
353 1423 364 1434 ·
399 1406 424 1457 ὁ
484 1402 543 1458 δε
592 1411 846 1479 τέταρτος,
899 1407 953 1460 ἐκ
1003 1417 1094 1462 τοῦ
1147 1409 1659 1484 παρακολουθοῦντος
1721 1408 1837 1462 ἀτό-

235 1498 493 1566 πὴματος,
523 1503 631 1558 τοῖς
683 1495 736 1559 ἐξ
793 1495 996 1569 ἀγνοίας
1053 1498 1363 1570 ύπειληφόσι
1406 1503 1493 1551 τόν
1536 1503 1834 1557 Βαπτιστὴν

236 1591 594 1658 προσενεγκεῖν
646 1589 739 1645 τὴν
793 1585 1066 1658 ἐρώτησιν,
1120 1584 1386 1642 διαπλέκει
1441 1592 1498 1640 τό
1556 1587 1830 1660 ἐγκώμιον.

231 1673 291 1725 Ὀ
339 1677 428 1746 μὲν
469 1671 555 1726 οὖν
590 1684 788 1751 πρῶτος
841 1681 930 1728 καὶ
960 1677 984 1728 6
1013 1680 1258 1750 τέταρτος
1311 1686 1408 1730 τῶν
1458 1676 1675 1730 ἐπαίνων
1715 1682 1832 1753 τρό-

1957 525 2124 591 (nam
2178 527 2325 579 certe
2364 521 2424 578 in
2465 537 2767 579 summum
2797 523 3093 596 praeconis:
3135 523 3398 581 dedecus
3427 526 3602 593 cedit,

1953 611 2028 668 de
2057 611 2332 682 ignorato
2379 613 2742 684 pra’aconiato
2789 612 2950 684 ju’ste
2982 613 3277 686 accusari)
3323 615 3399 671 ad
3426 609 3600 674 illum

1953 699 2328 757 laudandum
2358 701 2666 758 descendit
2698 719 2713 770 ;
2743 717 2932 775 quam
2963 700 3371 760 laudationem
3403 704 3603 763 multis

1950 789 2452 847 modiscontexit.
2489 791 2642 847 Sane
2673 805 2888 862 parum
2919 787 3132 849 fuisset
3152 805 3511 863 congruum,
3539 799 3612 852 ut

1954 878 2214 950 Baptista
2243 878 2539 936 excideret
2558 895 2591 936 e
2611 879 2967 951 praecedenti
2987 879 3197 953 gloria,
3221 896 3328 955 per
3345 882 3449 940 illa
3470 883 3617 956 ipsa

1949 965 2170 1039 quibus
2211 968 2488 1025 eamdem
2530 968 2695 1041 prius
2725 968 3144 1042 acquisiverat.
3178 970 3434 1028 Primam
3456 987 3602 1043 ergo

1945 1055 2356 1113 laudationem
2376 1057 2625 1114 instituit
2646 1057 2721 1113 ab
2745 1057 3014 1130 ipsismet
3033 1056 3338 1129 suffragiis
3367 1061 3602 1118 audito-

1946 1161 2078 1201 rum
2119 1147 2392 1215 ;tertiam
2416 1162 2452 1202 a
2473 1146 2811 1202 testimonio
2844 1147 3271 1219 prophetarum
3298 1152 3356 1204 et
3393 1150 3604 1221 prmdié

1946 1233 2242 1290 ctionibus
2275 1252 2290 1301 ;
2318 1235 2578 1292 duarum
2590 1234 2954 1307 reliquarum
2973 1240 3290 1309 utramque
3308 1237 3386 1293 ab
3407 1237 3608 1310 ipsius

1946 1328 2001 1378 et
2027 1321 2259 1379 Domini
2293 1325 2532 1396 propria
2549 1329 2606 1380 et
2633 1323 2919 1396 peculiari
2941 1325 3235 1381 sententia
3259 1343 3284 1380 :-
3301 1326 3610 1383 secundus

1945 1408 2162 1468 modus
2187 1413 2435 1469 instituit
2471 1413 2883 1469 laudationem
2915 1428 2954 1469 e
2978 1413 3265 1484 procliviT:
3291 1420 3542 1487 quartus
3561 1431 3596 1472 e

1944 1503 2329 1572 consequenti
2359 1501 2645 1568 absurdo,
2677 1505 2731 1557 et
2754 1501 3156 1558 laudationem
3178 1503 3606 1571 instituit’inde,

1942 1603 2159 1661 nempe
2189 1589 2354 1663 quod
2394 1606 2758 1664 consequens
2789 1591 3159 1662 estopinioni
3175 1603 3383 1648 eorum
3401 1591 3504 1665 qui
3521 1608 3608 1650 ex=

1940 1678 2280 1749 ignorantia
2354 1679 2720 1736 arbitrantur
2804 1679 3133 1750 Baptistam
3200 1679 3589 1752 interrogare.

234 1782 344 1824 πος,
379 1763 431 1826 ἓξ
461 1761 772 1836 ἀναιρέσεως
821 1767 1178 1838 ύφαινόμενος,
1238 1775 1336 1819 τῶν
1384 1763 1689 1840 μηδαμόθεν
1743 1769 1825 1839 μεν

1942 1767 2175 1823 Primus
2207 1767 2430 1824 idcirco
2468 1773 2524 1824 et
2551 1773 2799 1841 quartus
2824 1767 3189 1825 laudationis
3210 1770 3431 1826 modus
3455 1781 3598 1827 cono

235 1859 306 1921 τῷ
372 1858 634 1925 Βαπτιστῇ
707 1860 1091 1926 προσηκόντων,
1146 1857 1316 1929 μάτην
1371 1852 1430 1908 δὲ
1485 1855 1637 1917 ἐνίοις
1695 1857 1833 1908 Dm:-

233 1939 522 2012 λημμένων,
557 1942 673 1994 κατ’
725 1941 977 2017 ἕρώτησίν
1022 1964 1076 1997 τε
1107 1944 1521 2016 σχηματίζεται,
1559 1947 1648 1996 καὶ
1687 1947 1774 1996 τὸν
1819 1943 1832 1985 ί

235 2031 455 2082 ἐναντίον
521 2029 729 2084 ἀπαιτεῖ
787 2037 875 2085 καὶ
942 2029 1189 2086 διδάσκει
1256 2041 1350 2096 τῆς
1408 2031 1740 2106 ἐρωτήσεως·
1784 2034 1832 2086 οἱ

236 2115 293 2171 δι
322 2123 493 2190 μέσοι,
534 2118 610 2171 ἐπ’
641 2120 836 2181 εὐθείας
874 2142 926 2174 τε
979 2126 1072 2180 τὴν
1127 2123 1403 2195 εὐφημίαν,
1443 2126 1531 2175 καὶ
1583 2125 1677 2174 σύν
1708 2121 1833 2174 ἀπο-

235 2210 405 2280 φάσει,
452 2207 841 2282 ἀναγράφουσιν
875 2228 888 2242 ο
926 2212 1097 2286 ὥσπερ
1141 2214 1262 2286 γὰρ,
1310 2210 1358 2263 ἓν
1408 2218 1497 2282 τῷ,
1543 2230 1570 2264 ε
1599 2215 1663 2264 Τί
1689 2209 1830 2274 65131-

236 2298 342 2350 θετε
391 2297 460 2360 εἰς
512 2303 605 2355 τὴν
664 2301 850 2372 ἔρημον
907 2297 1034 2353 ἰδεῖν
1077 2302 1094 2355 l
1134 2317 1148 2367 ;
1201 2300 1430 2373 κάλαμον
1474 2302 1573 2352 ύπό
1637 2297 1831 2371 ἀνέμων

236 2385 612 2459 σαλευόμενον;
654 2408 684 2440 )›
727 2387 784 2440 οὐ
837 2389 1064 2462 κάλαμον
1113 2386 1242 2442 εἶναι
1295 2392 1382 2442 τὸν
1433 2392 1755 2457 Βαπτιστήν,
1805 2389 1831 2440 6

232 2474 346 2528 κατ’
398 2475 651 2548 ἐρώτησιν
726 2477 1185 2550 ἐσχηματισμένος
1248 2478 1400 2550 λόγος
1470 2477 1826 2550 ἀποφαίνεται,

230 2564 520 2618 τούναντίον
567 2562 626 2618 δε
662 2567 1064 2633 κατασκευάζει,
1114 2566 1288 2642 πόρρω
1335 2569 1650 2620 καθεστάναι
1699 2569 1831 2619 πάν-

231 2672 347 2720 των,
401 2656 516 2706 ὅσοι
566 2655 800 2728 καλάμου
858 2652 1013 2714 δίκην
1069 2659 1162 2714 τὴν
1218 2661 1428 2729 γνώμην
1483 2655 1784 2708 σαλεύονται
1812 2673 1824 2685 ’

230 2744 361 2794 οὕτω
399 2747 488 2795 καὶ
517 2745 542 2795 6
575 2741 666 2797 διὰ
705 2751 816 2811 τοῦ,
853 2765 876 2795 α
917 2744 980 2797 ’σ
1008 2741 1066 2797 δε
1114 2750 1412 2820 μικρότερος
1463 2743 1511 2796 ἐν
1563 2753 1626 2817 τῇ
1671 2741 1828 2817 βασι-

229 2830 339 2902 λεία
388 2840 486 2883 τῶν
533 2831 780 2908 οὐρανῶν,
825 2833 1016 2905 μείζων
1074 2832 1233 2885 αὐτοῦ
1287 2832 1418 2902 ἐστι,
1474 2853 1500 2884 ))
1547 2833 1826 2905 παραπλη-

233 2925 352 2981 σίως
431 2927 838 2995 προσαγόμενος,
907 2923 1034 2995 οὐχὶ
1087 2927 1408 2997 μικρότερον,
1473 2922 1531 2974 οὐ
1597 2925 1690 2994 μὲν
1739 2917 1826 2974 οὖν

229 3009 354 3061 6:116:
409 3008 610 3083 μηδένα
663 3009 791 3064 εἶναι
844 3019 933 3064 τοῦ
999 3008 1307 3086 Προδρόμου
1369 3017 1659 3085 παρίστησι
1718 3015 1826 3084 μεί-

229 3100 352 3160 ζονα
385 3117 396 3129 ·
429 3098 552 3154 οὐδε
606 3104 728 3174 γὰρ,
790 3097 913 3154 οὐδὲ
968 3109 1066 3152 τῶν
1124 3104 1339 3153 ἐπαίνων
1397 3100 1486 3161 ούς
1538 3100 1736 3152 ἔπλεκεν
1799 3101 1824 3152 6

228 3195 423 3263 Σωτὴρ,
466 3188 696 3262 ἐξαίφνης
744 3190 803 3242 ἃν
857 3189 1225 3263 ἀπεστέρησεν,
1279 3186 1394 3242 οὐδ’
1440 3189 1510 3251 εἰς
1567 3187 1825 3261 ἐσχάτους

229 3277 409 3352 ἀθρόον
449 3282 535 3330 τόν
577 3277 934 3351 ἐπαινούμενον
973 3278 1176 3353 ἔρῥιψεν
1211 3299 1224 3312 ο
1254 3276 1377 3329 ἀλλὰ
1408 3281 1492 3330 τόν
1536 3278 1689 3329 αὐτὸν
1716 3279 1823 3352 εἱρ-

229 3371 321 3440 μόν
347 3367 631 3440 φυλάττων,
657 3364 894 3440 οὐδαμοῦ
921 3375 1192 3443 συγχωρεί
1213 3371 1297 3420 τόν
1323 3366 1367 3418 Iw
1475 3365 1720 3440 βασιλείᾳ
1739 3387 1824 3438 μι-

230 3462 480 3529 κρότερον,
511 3463 604 3517 τῆς
634 3458 904 3530 ὑπεροχῆς
930 3456 1166 3510 Ἰωάννου
1196 3444 1504 3528 νομίζεσθαι
1534 3456 1764 3528 μείζονα.

298 3544 435 3598 Ἀλλ’
474 3547 498 3597 ό
539 3549 627 3618 μεν
688 3544 787 3597 ἀπὸ
819 3555 910 3606 τῆς
955 3555 1054 3598 τῶν
1107 3543 1371 3621 ἀκροατῶν
1424 3545 1600 3618 ψήφου
1646 3543 1822 3597 πλεκό-

230 3654 375 3706 μενος
426 3636 650 3700 ἔπαινος,
686 3634 1000 3708 πλατύτερον
1055 3633 1229 3700 εἰπεῖν,
1263 3639 1496 3695 τοιοῦτός
1543 3638 1617 3693 τίς
1658 3633 1818 3686 ἐστιν’

228 3729 289 3777 Τί
359 3722 592 3786 ἐξήλθετε
667 3724 738 3787 εἱς
798 3728 891 3783 τὴν
953 3727 1178 3799 ἔρημον;
1239 3718 1340 3796 ἆρα
1397 3723 1624 3796 κάλαμον
1692 3719 1820 3775 ἰδεῖν

232 3815 329 3865 ύπό
378 3811 563 3884 ἀνέμου
634 3813 967 3886 σαλευόμενον
1015 3817 1075 3880 Ιι;
1132 3811 1236 3864 ἀλλ’
1286 3808 1389 3887 ἆρα
1448 3814 1714 3885 ἄνθρωπον
1771 3809 1820 3863 ἐν

1863 3143 1901 3198 C

231 3901 479 3973 μαλακοῖς
535 3904 760 3974 ἱματίοις
823 3904 1207 3974 ἠμφιεσμένον;
1268 3902 1296 3961 ἢ
1367 3899 1523 3960 δῆλον
1599 3901 1668 3962 ὡς
1737 3900 1822 3952 οὐ·

233 3987 429 4063 δαμῶς’
472 3993 616 4063 ὑμεῖς
659 3994 760 4065 γὰρ
812 3991 980 4058 αὐτοὶ,
1015 3987 1086 4043 δι’
1120 3991 1186 4042 ὧν
1234 3994 1364 4064 πρὸς
1411 3991 1564 4042 αὐτόν
1606 3986 1822 4061 διεπρά-

232 4079 404 4149 ξασθε,
437 4086 526 4133 καὶ
554 4088 624 4152 τῷ
669 4083 796 4156 πρὸς
840 4084 928 4138 τὴν
969 4083 1156 4153 ἔρημον
1207 4075 1405 4152 δρόμῳ,
1439 4078 1684 4130 τάναντία
1730 4085 1821 4138 τῆς

231 4165 386 4231 δόξης
438 4172 652 4235 ταύτης,
713 4168 1108 4244 ἐμαρτύρησατε
1141 4185 1152 4198 ⁶
1218 4169 1507 4240 θαυμάσιόν
1564 4186 1681 4219 τινα
1730 4171 1820 4218 καὶ

227 4265 413 4330 μικροῦ
461 4262 578 4319 τούς
641 4257 992 4333 ἀνθρωπίνους
1043 4259 1196 4333 ὄρους
1251 4254 1655 4330 ὑπερϐεϐηκότα,
1708 4258 1814 4322 τόν,

228 4348 292 4409 ὡς
335 4345 559 4410 ἀληθῶς,
591 4355 819 4400 τοιοῦτον
859 4345 986 4399 εἶναι
1025 4347 1317 4419 νομίζοντες
1348 4345 1382 4396 1.
1414 4344 1524 4397 Οὐκ
1568 4341 1654 4396 οὖν
1694 4341 1819 4397 οὐδε

227 4443 310 4486 νῦν
339 4437 364 4486 ό
400 4434 724 4501 τηλικοῦτος,
770 4434 1024 4509 μεταϐολῇ
1076 4455 1177 4487 τινι
1222 4438 1311 4485 καὶ
1349 4432 1551 4505 ἀγνοία,
1593 4437 1684 4492 τὴν
1724 4429 1820 4486 διὰ

226 4533 320 4576 τῶν
389 4527 633 4596 μαθητῶν
709 4523 960 4600 ἐρώτησιν
1043 4524 1158 4596 ἐμοὶ
1233 4528 1631 4599 προσενήνοχεν,
1690 4521 1818 4575 ἀλλὰ

225 4613 532 4679 τούναντίον,
583 4614 711 4687 άπερ
761 4610 968 4676 ἐδίδαξε
1014 4613 1165 4684 λόγῳ,
1213 4618 1301 4664 καὶ
1345 4608 1437 4664 διὰ
1479 4620 1606 4672 τῆς·
1652 4609 1817 4682 ὅψεως

226 4702 386 4766 αὐτῆς
429 4705 758 4762 πιστωθῆναι
798 4707 912 4764 τοὺς
958 4703 1393 4775 μαθητευθέντας,
1429 4709 1559 4773 σοφῆ
1607 4696 1816 4773 μεθόδῳ

228 4787 658 4865 συνδιεπράξατο.
697 4797 790 4853 Τίς
828 4795 927 4866 γὰρ
977 4791 1128 4862 λόγος
1173 4787 1327 4863 ἀνδρὶ
1380 4792 1612 4861 τοσούτῳ
1654 4809 1814 4862 μετα-

225 4879 374 4939 ϐολὴν
424 4880 644 4934 ἐπελθεῖν
692 4888 790 4933 τῶν
837 4885 1137 4953 κρειττόνων
1185 4881 1215 4938 ἦ
1269 4878 1581 4947 ἀλλοίωσιν;
1623 4880 1814 4951 ὄπουγε

223 4977 366 5022 πᾶσα
404 4973 432 5030 ἡ
476 4975 600 5044 πρός
646 4975 703 5023 τό
747 4977 926 5043 χεῖρον
966 4969 1284 5036 ἀπόπτωσις,
1318 4970 1348 5028 ἦ
1398 4975 1605 5041 γνώμης
1649 4967 1813 5044 ἀῤῥω-

226 5050 362 5132 στίᾳ,
420 5061 448 5119 ἦ
515 5056 820 5131 φιληδονίας
870 5061 1044 5124 πάθει,
1095 5060 1124 5118 ἦ
1181 5062 1524 5131 φιλαργυρίας
1581 5063 1670 5110 καὶ
1753 5062 1812 5110 τό

222 5157 359 5202 κενοῦ
407 5152 592 5201 τούτου
633 5145 879 5222 δοξαρίου
918 5151 1086 5222 ἔρωτι,
1129 5151 1487 5221 παραγίνεται,
1528 5147 1606 5208 οἷς
1648 5166 1812 5220 παρα-

219 5243 413 5311 γίνεται
442 5254 454 5268 ·
509 5234 582 5290 δι’
630 5237 698 5289 ὧν
748 5240 838 5290 καὶ
886 5239 916 5296 ἡ
971 5241 1103 5311 πρὸς
1164 5239 1232 5290 τὰ
1280 5235 1434 5289 λοιπὰ
1482 5244 1580 5289 τῶν
1632 5238 1809 5290 παθῶν

288 5347 331 5382 τί
368 5345 504 5400 Luc.
537 5361 628 5409 vn,
657 5345 744 5399 24.

1941 1857 2145 1914 texitur
2184 1874 2221 1914 a
2273 1857 2609 1915 sublatione
2674 1873 2905 1925 eorum,
2974 1871 3112 1931 quas
3177 1856 3428 1915 minime
3451 1873 3598 1916 cono

1938 1947 2187 2003 veniunt
2213 1946 2506 2019 Baptistae,
2533 1951 2588 2003 et
2617 1945 2839 2004 frustra
2859 1963 2895 2002 a
2913 1946 3281 2019 quibusdam
3311 1948 3372 2004 in
3399 1947 3594 2020 suspi-

1940 2035 2173 2092 cionem
2205 2035 2625 2103 adducuntur;
2667 2051 2774 2108 per
2820 2035 3210 2108 qumstionem
3263 2040 3596 2095 tractantur

1939 2123 2019 2180 illi
2038 2125 2220 2190 modi,
2253 2129 2312 2180 et
2329 2125 2646 2198 quaestioni
2662 2124 3030 2181 contrarium
3043 2124 3262 2182 docent
3280 2129 3340 2181 et
3358 2122 3596 2198 ponunt

1938 2216 2186 2286 uterque
2220 2230 2234 2280 ;
2266 2212 2552 2284 interiecti
2617 2213 2802 2280 modi,
2855 2211 3074 2269 directe
3103 2217 3162 2270 et
3189 2214 3438 2286 positive
3493 2229 3592 2272 en-

1939 2301 2202 2358 comium
2230 2302 2541 2358 instituunt
2568 2319 2581 2357 :
2614 2300 3137 2375 quemadmodum
3167 2301 3327 2359 enim
3352 2303 3415 2359 in
3442 2302 3543 2361 illo
3569 2317 3592 2362 :

1976 2410 2005 2444 ιι
2023 2390 2177 2456 Quid
2195 2390 2393 2446 existis
2409 2390 2468 2446 in
2488 2389 2778 2447 desertum
2791 2389 2994 2446 videre
3008 2391 3398 2449 ?arundi'nem
3409 2397 3601 2450 vento

1937 2478 2211 2549 agitatam
2231 2477 2264 2534 Υ
2279 2479 2324 2515 τί
2349 2501 2369 2529 ι
2393 2479 3030 2551 ρει-’ἰηιθττοεαιὶοειθω
3051 2477 3350 2536 institutus
3371 2495 3596 2548 sermo,

1935 2567 2101 2624 haud
2140 2567 2506 2638 imaginatur
2563 2565 2888 2639 Baptist’am
2935 2567 3292 2624 arundinem
3330 2583 3512 2636 esse;
3551 2584 3598 2627 e-

1935 2661 2145 2713 contra
2174 2656 2384 2714 astruit
2407 2673 2534 2712 eum
2565 2655 2740 2726 longe
2761 2660 3050 2712 semotum
3075 2656 3156 2712 ab
3183 2656 3256 2712 iis
3284 2656 3390 2730 qui
3419 2665 3602 2716 more"

1935 2745 2269 2802 arundinea
2284 2747 2402 2802 huc
2419 2745 2556 2802 illuc
2568 2744 2872 2816 agitantur
2885 2744 3275 2818 opinionibus
3289 2761 3308 2814 ς
3320 2746 3472 2804 itaet
3487 2746 3583 2804 ille

1936 2849 2152 2900 sermo,
2182 2836 2284 2907 qui
2302 2834 2570 2892 similiter
2585 2833 2917 2900 instruitur,
2935 2851 3042 2908 per
3053 2834 3220 2902 illud,
3238 2856 3268 2887 «
3283 2839 3334 2892 is
3355 2837 3462 2909 qui
3477 2835 3590 2892 mi-’

1933 2923 2130 2979 nimus
2170 2924 2332 2979 estin
2367 2939 2550 2997 regno
2577 2923 2877 2990 calorum,
2899 2923 3094 2994 major
3112 2924 3248 2995 ipso
3273 2927 3431 2992 est,»
3458 2929 3594 2981 ιιιῐιιιΞ

1933 3012 2084 3068 illum
2099 3011 2399 3068 minimum
2411 3027 2519 3069 nec
2531 3011 2778 3085 aliquem
2797 3012 2906 3083 maj
2915 3027 3070 3069 orem
3079 3011 3590 3070 subindicatPrm-

1933 3117 2170 3158 cursore
2195 3117 2208 3157 :
2243 3117 2383 3157 nam
2402 3101 2565 3157 haud
2583 3101 2861 3158 continue
2884 3102 3160 3158 Servator
3188 3100 3260 3156 iis
3293 3101 3590 3158 encomiis'

1934 3194 2063 3245 eum
2083 3187 2512 3262 privasset,qua3
2525 3188 2682 3262 prius
2694 3189 3333 3253 contexueratmeinter
3345 3187 3584 3248 inﬁmos

1933 3278 2013 3334 ita
2025 3277 2334 3335 laudatum
2349 3295 2379 3334 e
2397 3277 2639 3348 vestigio
2655 3277 2942 3349 reji'ceret,
2962 3277 3068 3333 sed
3085 3277 3586 3336 eamdemobser-

1933 3383 2079 3423 vans
2103 3366 2313 3423 seriem
2333 3366 2495 3424 haud
2513 3365 2815 3438 permittit,
2831 3371 2892 3423 ut
2905 3366 3069 3439 is'qui
3102 3366 3395 3423 minimus
3423 3368 3586 3425 estin

1931 3469 2116 3528 regno
2129 3455 2395 3512 cmlorum
2408 3457 2593 3527 major
2603 3455 3204 3513 existimeturJoannis
3215 3455 3585 3516 excellentia.

2000 3543 2316 3600 Enimvero
2365 3543 2640 3600 laudatio
2671 3557 2855 3616 quam
2887 3560 2924 3602 a
2953 3542 3256 3615 suffragiis
3287 3545 3588 3603 contexuit

1930 3632 2293 3698 auditorum,
2327 3635 2390 3689 ut
2417 3632 2760 3704 explicatius
2811 3643 2953 3690 eam‘
3011 3632 3414 3700 instituami‘m,
3453 3633 3588 3692 talis

1931 3729 2059 3778 est:
2095 3724 2392 3788 Quorsum
2444 3721 2645 3778 existis
2666 3721 2726 3777 in
2779 3720 3081 3778 desertum
3128 3721 3264 3779 ian
3299 3725 3366 3778 ut
3414 3733 3588 3780 aruus

1930 3809 2135 3866 dinem
2165 3810 2444 3868 videretis
2493 3810 2689 3867 ventis
2719 3813 3194 3882 conquassatam
3213 3810 3242 3866 *Ρ
3281 3825 3362 3868 an
3389 3815 3454 3868 ut
3478 3811 3588 3869 ho-

1930 3902 2154 3956 minem
2182 3899 2455 3956 mollibus
2493 3900 2782 3956 amictum
2819 3898 3187 3956 vestimentis
3217 3897 3246 3955 i
3273 3903 3429 3957 certe
3475 3909 3587 3972 ρο,-

1930 3993 2008 4044 tet
2031 3990 2196 4060 quod
2241 3993 2518 4044 neutrum
2561 4002 2709 4056 ;vos
2745 3989 2906 4043 enim
2945 3987 3057 4058 ipsi
3084 3988 3145 4042 in
3173 3987 3384 4044 eodem
3415 3986 3586 4060 quod

1929 4076 2153 4148 egistis,
2187 4081 2243 4132 et
2280 4075 2496 4132 cursim
2525 4077 2608 4134 ad
2639 4091 2910 4132 eremum
2939 4075 3319 4144 discurristis,
3350 4081 3586 4134 contra-

1928 4166 2078 4220 riam
2109 4164 2248 4220 huic
2277 4163 2546 4236 opinioni
2584 4165 2775 4221 testati
2830 4163 2990 4230 estis,
3031 4177 3286 4236 eumque
3315 4163 3583 4223 arbitrati

1928 4253 2069 4310 estis
2083 4253 2506 4310 admirandum
2519 4253 2850 4326 quemdam
2862 4257 2917 4309 et
2928 4252 3210 4309 hUmanm
3223 4253 3588 4311 conditionis“

1927 4342 2088 4413 leges
2121 4342 2760 4414 excedentem:quare,
2790 4339 2878 4397 vir
2915 4344 3132 4407 tantus,
3161 4341 3590 4413 quod'videtur

1929 4431 2091 4499 mibi,
2133 4431 2614 4504 haudquaquam
2654 4433 2898 4504 propter
2933 4429 3320 4503 quaestionem
3359 4445 3582 4504 propo-

1927 4525 2103 4580 sitam
2142 4541 2178 4580 a
2215 4521 2520 4594 discipulis
2547 4521 2891 4578 mutationis
2923 4525 2980 4578 et
3015 4521 3372 4592 ignorantia
3405 4531 3581 4579 accu-

1927 4613 2152 4669 sandus
2189 4617 2277 4668 est
2304 4630 2317 4681 ;
2343 4628 2374 4667 e
2399 4610 2655 4677 diverso,
2678 4610 2854 4684 quod'
2884 4609 3068 4668 verbo
3088 4609 3312 4680 docuit,
3343 4610 3407 4668 id
3443 4609 3580 4670 visu

1925 4701 2165 4759 volebat
2179 4700 2456 4775 prudenti
2470 4701 2733 4774 quadam
2746 4700 2974 4759 ratione
2989 4700 3148 4774 apud
3158 4699 3586 4760 inform‘andos

1926 4791 2299 4849 conﬁrmare.
2343 4793 2486 4857 Quae
2516 4791 2675 4847 enim
2701 4791 2851 4848 ratio
2887 4789 3059 4848 reddi
3089 4789 3322 4863 poterit,
3351 4801 3460 4847 cur
3487 4791 3586 4848 vir

1925 4885 2124 4938 tantus
2164 4881 2550 4937 mutationem
2590 4878 2849 4937 melioris
2895 4882 3109 4948 status,
3151 4881 3251 4937 aut
3284 4878 3581 4938 alteratio-

1921 4985 2060 5027 nem
2091 4969 2315 5026 subiret
2356 4984 2538 5035 ;cum
2578 4967 2775 5025 omnis
2826 4968 2888 5024 in
2934 4966 3194 5024 deterius
3224 4967 3572 5036 declinatio,

1921 5059 2009 5114 v’el
2030 5057 2239 5130 judicii
2261 5059 2530 5131 quadam
2570 5057 2931 5120 inﬁrmitate,
2962 5056 3055 5113 vel
3081 5055 3460 5130 voluptatum
3491 5057 3584 5116 le-'

1920 5147 2187 5212 n'ociniis,
2218 5146 2312 5203 vel
2349 5147 2619 5213 avaritia,
2639 5150 2750 5203 aut"
2776 5145 3042 5217 gloriolm
3081 5144 3248 5203 istius
3281 5161 3447 5205 vana
3466 5161 3580 5206 νων

1920 5253 2168 5310 cumque
2206 5250 2411 5294 amore
2427 5235 2734 5294 inferatur.
2756 5236 2895 5303 Quae
2920 5236 3058 5318 ipsa
3091 5235 3156 5294 in
3183 5239 3426 5298 caeteras
3445 5252 3575 5298 om-

1551 5415 1795 5474 νΑΗιΑΞ
1835 5417 2231 5475 ιΕΟΤΙΟΝΕδ.

482 5513 556 5569 Μ.
607 5515 847 5590 προάγει.
924 5517 1047 5568 ίτό.

218 5603 233 5648 ι
259 5586 323 5647 C.
351 5588 420 5645 Μ.
453 5586 774 5660 νομίσαντες.

1126 5515 1229 5573 lC.
1284 5516 1351 5570 Μ.
1409 5513 1590 5571 habet
1665 5515 1978 5571 θεάσασθαι.
2057 5517 2088 5560 ll
2135 5517 2325 5588 ἔρημον
2391 5510 2540 5573 ἰδεῖν.
2603 5521 2694 5585 II;
2753 5512 2859 5594 ἄρα
2907 5515 3139 5592 κάλαμον
3187 5515 3304 5576 σαλ.
3369 5515 3459 5574 ύπ.
3494 5516 3575 5578 ἂν.
