4076 6202
199 253 364 312 1009

1259 251 1352 305 AD
1393 243 1944 340 APMHILOCHIUM
1984 223 2312 317 QUESTIO
2350 253 2553 311 ccxn.

3448 254 3589 312 1010

199 385 356 432 ώπου
414 397 531 447 σου,
588 378 639 437 ὅς
692 375 1081 429 κατασκευάσει
1134 379 1228 435 τήν
1275 373 1398 430 ὁδόν
1457 396 1550 430 σου
1599 377 1805 450 ἔμπροσ

1933 373 2256 454 instituitur
2286 381 2642 452 disquisitio,
2675 380 2776 452 qui
2811 382 2868 434 et
2912 377 3062 450 ipse,
3093 382 3155 434 ut
3183 379 3432 450 primus,
3485 397 3590 452 per

206 470 296 522 θέν
355 487 472 523 σου.
519 487 547 520 »
606 468 804 528 Λοιπός
854 461 913 519 δὲ
961 470 1050 517 καὶ
1092 465 1378 528 τελευταῖός
1428 466 1560 530 ἐστι,
1602 484 1720 538 περι
1765 462 1825 514 οὐ

203 556 451 630 μάλιστα
509 561 598 608 καὶ
653 557 682 614 ἡ
741 553 943 624 σκέψις,
995 555 1066 617 ὃς,
1116 557 1348 630 καθάπερ
1399 560 1490 608 καὶ
1540 557 1564 606 6
1608 561 1822 627 πρῶτος,

205 645 266 711 ἐξ
312 646 626 719 ἀναιρέσεως
655 647 746 718 μέν
792 642 905 696 ἐστι
956 653 1052 706 τῆς
1097 641 1404 718 μηδαμόθεν
1453 646 1826 719 προσηκούσης

204 743 284 806 τῷ
343 742 612 807 Βαπτιστῇ
671 732 999 805 ὑπολήψεως*
1057 735 1170 786 κατ’
1231 733 1480 807 ἐρώτησιν
1531 731 1590 787 δὲ
1630 733 1824 806 ἀπορη·

208 829 438 897 ματικὴν
483 828 573 876 καὶ
616 822 793 885 αὐτὸς,
846 822 940 874 οὐκ
986 820 1040 886 ἐξ
1069 823 1284 889 εὐθείας,
1327 820 1452 876 οὐδὲ
1495 822 1825 895 ἀποφατικῶς

207 919 474 987 πρόεισινθ
538 911 593 964 ἐκ
651 909 710 964 δὲ
755 919 848 964 τοῦ
904 910 1275 983 συμϐαίνοντος
1334 912 1683 985 ἀτοπήματος,
1730 914 1822 968 τὴν

213 1003 418 1076 φαύλην
478 1001 739 1073 ὑπόληψιν
821 999 1038 1074 ἀναιρεῖ·
1118 999 1350 1055 κάκεῖθεν
1408 999 1675 1054 διαπλέκει
1730 1004 1819 1052 καὶ

215 1091 600 1162 συναπαρτίζει
637 1098 708 1161 τῷ
767 1089 1035 1162 Βαπτιστῇ
1087 1095 1146 1143 τό
1186 1090 1456 1163 ἐγκώμιον.
1508 1096 1597 1152 Τίς
1651 1086 1739 1141 οὖν
1785 1089 1815 1147 ἡ

212 1176 428 1250 ψευδής
465 1178 726 1250 ὑπόληψις
763 1195 776 1244 ;
816 1181 885 1231 Τὸ
932 1183 1148 1252 νομίσαι
1196 1183 1339 1241 τινὰς
1381 1183 1466 1232 τὸν
1524 1182 1818 1236 Βαπτιστήν

215 1267 478 1341 ἀγνοῆσαι
531 1271 616 1321 τὸν
651 1272 1063 1340 κηρυσσόμενον,
1105 1273 1194 1321 καὶ
1244 1265 1338 1321 διὰ
1366 1276 1518 1321 τοῦτο
1548 1287 1820 1342 προσενεγ-

214 1365 323 1410 κεῖν
353 1362 448 1416 τὴν
479 1356 643 1431 ἐρώτη
653 1375 756 1409 σιν.

285 1451 350 1499 Τί
401 1442 461 1499 δε
507 1450 565 1498 τὸ
617 1445 859 1518 ἑπόμενον
910 1446 1100 1498 ἄτοπον
1135 1449 1245 1514 ;Τὸ
1273 1445 1512 1522 ἒρῥίφθαι
1543 1442 1634 1498 διὰ
1663 1453 1816 1498 τοῦτο

216 1543 313 1598 τῆς
351 1534 622 1608 βασιλείας
680 1542 779 1586 τῶν
857 1534 1105 1607 οὐρανῶν.
1135 1534 1194 1587 Ὀ
1248 1539 1350 1610 γὰρ
1399 1534 1446 1587 ἐν
1500 1536 1629 1607 αὐτῆ
1691 1537 1818 1587 ποίν-

213 1643 315 1676 των
339 1628 665 1697 μικρότερος,
722 1627 857 1684 τίνος
898 1622 1053 1675 ἄλλου
1084 1623 1274 1696 μειζων
1302 1627 1378 1682 εἴη
1416 1623 1495 1689 ἂν,
1551 1623 1681 1682 πλήν
1725 1632 1815 1676 τοῦ

1935 465 2315 542 negationem
2355 469 2512 525 illius
2545 467 2846 541 opinionis
2873 467 3270 534 constituitur,
3303 485 3488 540 quam
3514 470 3588 526 de

1934 553 2192 624 Baptista
2207 558 2518 629 concipere
2539 574 2656 615 non
2682 563 3073 630 eratmquum.
3095 557 3364 612 Procedit
3385 564 3585 615 autem

1933 642 2057 714 ipse
2091 647 2327 713 modus,
2357 648 3005 721 perinterrogationem
3035 646 3582 720 dubitationesque,

1930 749 2051 788 non
2075 734 2293 792 directe
2319 754 2425 793 nec
2476 737 2825 794 atﬁrmative
2882 737 3278 808 proponitur;
3334 752 3580 808 pravam

1929 828 2126 878 autem
2159 825 2321 881 illam
2360 827 2706 898 opinionem
2742 825 2886 882 tollit
2917 841 3021 897 per
3051 825 3384 880 absurdum
3417 827 3583 898 quod

1929 913 2315 985 consequitur
2343 915 2528 984 illud;
2563 920 2739 988 atque
2789 915 2926 970 inde
2977 913 3297 985 complicat
3333 920 3388 968 et
3440 929 3581 970 con-

1929 1007 2184 1058 summat
2208 1004 2481 1075 Baptistaa
2511 1003 2880 1060 encomium.
2925 1003 3235 1068 Quodnam
3263 1001 3442 1072 igitur
3475 1003 3580 1059 fal-

1930 1105 2062 1145 sum
2093 1091 2256 1163 quod
2285 1093 2639 1165 supponitur
2664 1093 2692 1149 ?
2718 1107 2936 1164 nempe
2967 1107 3096 1148 esse
3121 1091 3226 1164 qui
3259 1091 3579 1163 opinaren-

1929 1182 2020 1234 tur
2053 1181 2374 1251 Baptistam
2413 1182 2724 1250 ignorasse
2751 1199 2901 1248 eum,
2967 1196 3144 1253 quem
3193 1179 3578 1252 praedicabat,

1927 1273 2106 1341 atque
2149 1269 2281 1326 ideo
2311 1270 2694 1343 quaestionem
2746 1270 3086 1327 instituisse.

1998 1450 2378 1521 Consequens
2394 1450 2750 1516 absurdum,
2778 1450 3089 1523 quodnam
3113 1455 3204 1506 est
3221 1451 3249 1506 ?
3277 1449 3578 1516 nimirum,

1925 1537 2081 1608 quod
2105 1537 2183 1593 ita
2213 1553 2249 1592 a
2270 1554 2447 1608 regno
2475 1540 2757 1595 calorum
2781 1540 3144 1596 excludetur.
3171 1539 3576 1605 Quiomnibus

1924 1625 2317 1694 etsingulisiu
2347 1627 2446 1682 illo
2469 1643 2650 1696 regno
2667 1629 3002 1684 constitutis
3033 1629 3228 1682 minor
3249 1634 3358 1693 est,
3388 1644 3580 1700 ecquo

215 1712 390 1788 πόῥρω
418 1715 613 1774 ταύτης
644 1711 1027 1784 ἀπεληλαμένον
1058 1730 1072 1780 ;
1102 1715 1195 1766 Διὰ
1223 1717 1274 1765 τί
1315 1709 1368 1764 δ’
1417 1711 1805 1788 ἀπορῥίπτοιτο,

1924 1714 2116 1785 major
2142 1715 2494 1783 invenietur,
2515 1718 2624 1772 nisi
2657 1733 2748 1781 eo,
2777 1717 2877 1789 qui
2907 1716 3295 1784 abillolonge
3315 1716 3578 1772 elimine-

213 1799 335 1854 οὐδε
365 1801 520 1873 λόγου
553 1797 742 1855 δεῖται.
802 1806 901 1854 Καὶ
946 1804 1067 1874 Ἱάρ,
1100 1803 1125 1853 6
1167 1806 1239 1874 μή
1281 1805 1618 1874 πεπεισμένος
1667 1800 1812 1874 ἀκρι-

215 1890 316 1954 ϐῶς
358 1894 444 1944 τὸν
497 1889 554 1943 ἐκ
597 1892 861 1964 Παρθένου
906 1893 996 1962 μὲν
1043 1893 1362 1962 γεννηθέντα,
1421 1892 1520 1943 ὑπὸ
1572 1892 1808 1944 Ἰωάννου

217 1977 276 2033 δε
323 1979 700 2053 βαπτισθέντα,
742 1980 842 2031 ὑπὸ
885 1975 945 2032 δε
993 1987 1087 2042 τῆς
1143 1983 1346 2053 Πατρός
1399 1988 1566 2052 φωνῆς
1609 1999 1805 2053 μαρτυ-

215 2071 450 2144 ρηθέντα,
503 2073 592 2121 καὶ
641 2069 742 2120 ὐπό
772 2075 863 2120 τοῦ
911 2076 1195 2140 συγγενοῦς
1238 2065 1626 2141 ὑποδειχθέντα
1656 2071 1808 2121 nm;-

213 2177 389 2229 ματος,
444 2166 624 2210 τοῦτον
687 2161 972 2231 Λυτρωτήν
1025 2165 1116 2210 τοῦ
1157 2163 1380 2229 κόσμου,
1422 2162 1504 2209 καὶ
1538 2166 1628 2210 τοῦ
1673 2154 1806 2228 ᾅδου

212 2250 520 2319 καθαιρέτην
575 2243 725 2314 εἶναι,
767 2242 925 2304 δῆλον
965 2247 1028 2306 ὡς
1068 2247 1093 2297 6
1146 2254 1400 2312 τοιοῦτος,
1439 2249 1584 2308 ἐκτὸς
1640 2247 1750 2298 ἐστι
1788 2254 1810 2283 ⁸

213 2343 307 2398 τῆς
349 2334 621 2409 βασιλείας
658 2343 758 2388 τῶν
801 2335 1050 2407 οὐρανῶν.
1103 2341 1220 2396 Πῶς
1257 2338 1360 2406 γὰρ
1393 2337 1453 2387 οἶν
1482 2334 1807 2410 κληρονομή-

218 2444 320 2479 σειε
367 2423 661 2498 βασιλείαν,
704 2425 730 2475 6
779 2420 918 2496 μηδὲ
959 2427 1044 2476 τὸν
1092 2427 1284 2484 ταύτης
1330 2422 1666 2496 ἐπιστάμενος
1714 2431 1808 2482 Δη-

215 2517 482 2589 μιονργόν,
535 2518 625 2566 καὶ
679 2509 950 2585 διανομέα,
1011 2517 1100 2566 καὶ
1145 2512 1443 2588 κληροῦχον
1485 2512 1662 2581 ;Εἶτα
1704 2521 1808 2574 πῶς

215 2603 500 2678 ἀναιρεῖται
551 2605 612 2656 1'6
664 2604 905 2669 ἄτοπον;
963 2606 1063 2655 Καὶ
1110 2602 1321 2655 αὐτόθεν
1377 2607 1487 2675 μέν.
1544 2609 1658 2665 Πῶς
1704 2605 1805 2675 γὰρ

214 2693 305 2746 οὐκ
355 2691 566 2758 ἄτοπον,
624 2695 711 2744 τὸν
785 2690 956 2753 ἀλλοις
1013 2690 1310 2764 κηρύξαντα
1366 2695 1458 2750 τήν
1513 2689 1805 2765 βασιλείαν,

214 2781 368 2835 αὐτὸν
430 2782 662 2834 ἐκπεσεῖν
715 2783 913 2842 ταύτης
954 2797 967 2848 ;
1025 2780 1180 2834 Ἀλλά
1226 2800 1286 2851 γε
1325 2784 1414 2832 καὶ
1464 2778 1518 2831 ἐκ
1574 2788 1675 2832 τῶν
1719 2783 1804 2853 ἱμ-

210 2873 433 2945 προσθεν
484 2872 779 2944 εἰρημένων.
840 2870 900 2923 Εἰ
947 2866 1035 2921 οὖν
1093 2870 1320 2940 ἠγνόησε
1369 2872 1478 2941 μὶν,
1522 2871 1641 2944 ὅπερ
1692 2869 1810 2928 ἐκή-

209 2959 378 3035 ρυξεν,
419 2961 445 3011 6
493 2960 746 3020 Ἰωάννης
803 2955 964 3011 ἔδωκε
1012 2955 1072 3011 δὲ
1118 2957 1250 3031 λήθη
1305 2959 1370 3010 τὰ
1422 2959 1611 3010 ἄνωθεν
1653 2959 1809 3017 ἠκου-

1921 1806 2016 1859 tur
2041 1805 2069 1860 ?
2100 1807 2211 1860 Nec
2231 1811 2318 1861 est
2343 1822 2496 1878 opus
2517 1806 2732 1863 docere
2754 1823 2858 1862 cur
2890 1807 2974 1862 sic
3005 1806 3376 1862 excludatur.
3417 1807 3581 1860 Patet

1919 1893 2164 1949 omnino
2191 1895 2358 1966 quod
2387 1900 2553 1953 extra
2574 1896 2862 1952 caelorum
2889 1911 3139 1966 regnum
3168 1910 3447 1950 emansor
3463 1893 3576 1949 erit

1917 1981 2033 2046 ille,
2055 1984 2157 2055 qui
2189 1999 2311 2040 non
2339 1983 2584 2041 ﬁrmiter
2603 1985 2938 2052 crediderit,
2982 1989 3188 2041 natum
3203 1983 3276 2039 de
3307 1983 3570 2052 Virgine,

1915 2070 2283 2141 baptizatum
2309 2089 2342 2129 a
2362 2075 2611 2139 Joanne,
2640 2081 2902 2146 paternas
2931 2075 3096 2130 vocis
3119 2071 3453 2129 testimonio
3474 2071 3573 2126 de-

1916 2160 2278 2228 nuntiatum,
2310 2179 2345 2218 a
2364 2165 2680 2236 congeneri
2705 2163 2913 2235 spiritu
2935 2164 3434 2227 demonstratum,
3471 2163 3572 2216 Re-

1917 2247 2288 2320 demptorem
2308 2253 2516 2307 mundi
2534 2267 2682 2317 esse,
2703 2251 2983 2308 etinferni
2998 2250 3400 2322 spoliatorem.
3420 2250 3574 2314 Quo-

1919 2339 2094 2393 modo
2125 2355 2376 2409 regnum
2400 2340 2544 2397 illud
2574 2340 2946 2397 hareditabit
2967 2342 3038 2407 is,
3064 2340 3169 2414 qui
3200 2339 3573 2396 conditorem

1917 2424 2149 2495 ignoret
2195 2429 2343 2500 ejus,
2400 2430 2504 2502 qui
2534 2430 3034 2502 dispensatorem,
3080 2428 3184 2500 qui
3232 2427 3572 2482 sortitorem

1917 2520 2019 2572 aut
2038 2516 2478 2574 distributorem
2505 2519 2533 2574 ?
2557 2519 2676 2575 Hoc
2701 2524 2902 2575 autem
2919 2517 3252 2574 absurdum
3273 2515 3574 2588 quomodo

1917 2603 2136 2662 tollitur
2171 2606 2199 2661 ‘P
2255 2622 2356 2678 per
2411 2607 2695 2680 seipsum,
2743 2622 2983 2678 nempe,
3035 2605 3202 2679 quod
3247 2604 3319 2660 sit
3365 2604 3575 2660 absur-

1916 2693 2084 2750 dum.
2119 2696 2205 2750 Ita
2225 2699 2314 2750 est
2333 2694 2513 2759 enim,
2539 2700 2602 2751 ut
2622 2695 2671 2750 is
2686 2695 2792 2768 qui
2824 2695 2954 2752 aliis
2985 2692 3386 2750 annuntiabat
3426 2690 3572 2747 illud

1916 2798 2188 2852 regnum,
2210 2784 2568 2856 abipsoipse
2583 2784 2996 2840 excluderetur
3030 2800 3044 2850 ;
3088 2783 3193 2839 sed
3217 2788 3270 2838 et
3297 2781 3376 2837 ab
3409 2786 3572 2836 ante-

1916 2872 2090 2928 dictis
2139 2873 2404 2930 tollitur:
2459 2874 2512 2929 Si
2568 2874 2888 2946 ignorabat
2943 2889 3125 2946 quem
3171 2870 3570 2928 annuntiabat

1914 2964 2192 3026 Joannes,
2227 2963 2272 3017 si
2286 2962 2586 3018 oblivione
2613 2963 2989 3033 sepeliitqute
3008 2961 3082 3016 de
3102 2960 3249 3016 coelo
3273 2958 3565 3026 audierat,

212 3052 387 3122 σμένα·
446 3049 536 3102 οὐκ
585 3045 698 3100 οἶδε
747 3044 806 3100 δὲ
845 3049 898 3099 ὃν
927 3046 1238 3100 ἐϐάπτισεν·
1287 3046 1452 3119 ἐρωτᾷ
1499 3043 1550 3100 δ’
1601 3048 1683 3099 ἵνα
1710 3050 1805 3120 μοί-

1917 3050 1963 3105 si
1987 3065 2106 3106 non
2130 3050 2358 3106 noverit
2377 3067 2553 3124 quem
2578 3051 2916 3121 baptizabat
2945 3066 2958 3115 ;
2986 3051 3196 3121 quaarit
3236 3054 3456 3113 autem,
3503 3052 3569 3104 ut

210 3141 295 3211 θη,
339 3143 420 3201 τίς
467 3136 606 3190 ἐστιν
665 3139 691 3189 6
740 3132 1194 3210 προσδοκώμενος
1243 3133 1402 3196 δῆλον
1449 3138 1519 3198 ὡς
1566 3133 1689 3189 οὐδέ
1718 3145 1807 3198 τῆς

209 3227 474 3302 βασιλείας
528 3227 675 3292 ὅλως,
718 3223 840 3278 οὐδὲ
879 3225 995 3278 καθ’
1023 3227 1086 3286 ἣν
1116 3227 1141 3278 6
1187 3230 1490 3299 μικρότερος
1536 3222 1807 3278 διαιτᾶται

204 3317 370 3382 λῆξιν,
453 3312 577 3369 οὐδὲ
676 3319 872 3378 ταύτης
975 3313 1342 3378 ἀξιωθήσεται.
1450 3314 1613 3367 Ἀλλὰ

207 3411 298 3479 μεν
363 3407 476 3459 λίαν
546 3404 889 3458 ἀτοπωτάτων
965 3412 1136 3468 τοῦτο,
1220 3406 1286 3456 τά
1378 3423 1432 3456 τε
1509 3402 1638 3455 ἄλλα
1718 3408 1806 3455 καὶ

209 3494 264 3548 ἐκ
298 3504 394 3547 τῶν
425 3496 616 3548 ἄνωθεν
649 3494 950 3570 εἰρημένων.
1014 3501 1118 3546 Ποῦ
1147 3495 1248 3566 γὰρ
1290 3498 1581 3567 προφήτης,
1627 3494 1652 3544 6
1695 3513 1804 3564 μη-

211 3581 271 3638 δὲ
320 3585 387 3637 τὰ
429 3583 477 3636 ἐν
527 3588 689 3655 χερσὶ
739 3581 939 3654 βλέπων
972 3599 986 3649 ;
1020 3589 1127 3634 Ποῦ
1182 3578 1241 3634 δὲ
1284 3590 1560 3654 προφητῶν
1615 3601 1804 3656 περισ-

214 3677 438 3747 σότερος,
485 3677 574 3725 καὶ
613 3672 768 3724 αὐτὸν
816 3675 899 3724 τὸν
947 3675 1336 3746 κηρυσσόμενον
1382 3669 1645 3742 ἀγνοήσας
1674 3687 1687 3737 ;
1721 3676 1803 3722 Ἐν

206 3769 468 3834 γεννητοῖς
516 3757 574 3814 δε
616 3769 874 3832 γυναικῶν
928 3761 1119 3832 μείζων
1172 3768 1281 3821 πῶς
1323 3758 1402 3826 ἂν,
1460 3761 1484 3810 6
1526 3756 1666 3831 μηδὲ
1713 3768 1804 3820 τῆς

207 3849 480 3923 βασιλείας
532 3849 716 3917 ἄξιος;
750 3849 845 3902 οὐκ
899 3850 1004 3922 ἄρα
1059 3853 1360 3923 μικρότερος
1413 3844 1660 3921 οὐδαμῶς
1711 3856 1800 3900 τοῦ

203 3943 512 4013 μικροτέρου
560 3947 658 3991 τῶν
702 3937 750 3990 ἐν
797 3937 1045 4012 βασιλείᾳ
1091 3945 1192 3990 τῶν
1245 3937 1492 4011 οὐρανῶν,
1543 3933 1659 3989 οὐδ’
1697 3939 1802 4010 ἄρα

202 4029 476 4100 ἠγνόησεν,
537 4029 590 4080 ὃν
643 4026 906 4102 ἐκήρυξενο
973 4023 1088 4079 οὐδ’
1149 4026 1209 4078 ἵν’
1267 4026 1418 4086 αὐτὸς
1465 4028 1630 4099 μάθῃ.
1691 4025 1797 4078 ἀλλ’

204 4119 288 4170 ἵνα
324 4122 438 4178 τοὺς
491 4119 728 4190 μαθητὰς
773 4113 867 4168 διά
914 4124 1010 4178 τῆς
1069 4115 1326 4186 αὐτοψίας
1375 4114 1658 4187 βελτιώση,
1704 4119 1797 4174 τὴν

201 4202 554 4259 διδασκαλίαν
611 4206 680 4268 εἰς
730 4205 988 4280 ἐρώτησιν
1044 4203 1397 4277 ἐσχημάτισε.
1447 4202 1586 4258 Ἀλλ’
1636 4205 1665 4262 ή
1708 4208 1798 4276 μὲν

199 4295 371 4358 ὅληςί
429 4292 661 4355 διανοίας
718 4293 997 4357 ἀνάπτυξις
1049 4293 1203 4352 αὕτη.
1257 4292 1318 4348 Ὀ
1382 4289 1440 4345 δὲ
1489 4296 1797 4354 Δεσποτικὸς

199 4389 292 4437 καὶ
341 4385 473 4444 θεῖος
538 4386 812 4456 χρησμὸς,
873 4379 1054 4455 δριμεῖ
1131 4401 1183 4434 τε
1255 4386 1344 4433 καὶ
1404 4386 1797 4454 συντετμημένῳ

198 4473 354 4546 λόγῳ,
411 4469 505 4525 διὰ
555 4479 646 4525 τοῦ
691 4477 802 4524 κατ’
862 4471 1116 4546 ἐρώτησιν
1163 4470 1559 4546 ἀπορήματικοῦ
1607 4474 1792 4536 τύπου,

197 4567 295 4622 τὴν
346 4564 466 4621 ὅλην
517 4566 844 4637 παρέστησεν
902 4564 1114 4632 ἔννοιαν,
1189 4561 1365 4628 εἰπὼν,
1423 4582 1450 4612 «
1487 4561 1547 4613 Ὀ
1602 4558 1660 4614 δε
1710 4581 1796 4633 μι-

197 4655 434 4728 κρότερος
490 4651 538 4702 ἐν
596 4659 658 4723 τῇ
709 4648 956 4724 βασιλείᾳ
1007 4659 1105 4702 τῶν
1157 4651 1404 4723 οὐρανῶν,
1454 4650 1644 4721 μείζων
1699 4649 1793 4701 αὐο

199 4746 294 4793 τοῦ
339 4738 538 4808 ἐστι;››
579 4743 786 4802 Ταύτης
824 4743 923 4812 γὰρ
963 4748 1054 4801 τῆς
1100 4747 1286 4812 φωνῆς,
1329 4738 1382 4802 ἐξ
1421 4739 1583 4802 αὐτῆς
1630 4738 1790 4802 ἀκοῆς

199 4827 528 4896 ἀπαντώσης,
579 4833 670 4881 καὶ
720 4836 782 4901 τῇ
843 4837 934 4881 τοῦ
996 4830 1328 4901 άτοπήματος
1383 4827 1635 4903 ὑπερϐολῇ
1696 4828 1788 4880 οὐκ

196 4918 362 4980 ἐώσης
414 4917 487 4980 εἰς
538 4917 740 4990 ἀπρεπῆ
795 4938 911 4970 τινα
963 4917 1224 4989 ὑπόληψιν
1278 4925 1369 4970 τοῦ
1418 4925 1506 4978 τῆς
1544 4916 1788 4980 ἀληθείας

190 5011 410 5080 κήρυκος
467 5005 837 5080 ἀπενεχθῆναι·
900 5007 1053 5069 εὐθὺς
1120 5011 1210 5080 μὲν
1260 5005 1670 5073 συνελαυνόμεθα
1719 5009 1785 5068 εἰς

190 5099 250 5149 τὸ
293 5093 520 5150 συνιδεῖν
563 5100 622 5149 τὸ
655 5100 812 5169 σοφὸν
842 5101 927 5149 καὶ
983 5095 1234 5169 ὠφέλιμον
1281 5105 1377 5158 τῆς
1407 5091 1499 5148 διὰ
1539 5104 1638 5148 τῶν
1681 5116 1786 5168 μα-

191 5187 356 5244 θητῶν
399 5185 720 5259 ἐρωτήσεως·
764 5184 949 5239 ἐκεῖθεν
994 5181 1054 5238 δὲ
1080 5185 1233 5238 πάλιν
1273 5184 1344 5247 εἰς
1379 5189 1472 5244 τήν
1510 5192 1611 5237 τῶν
1641 5183 1784 5238 ἐπαί-

187 5294 285 5328 νων
326 5271 606 5349 ἀποδοχην
660 5278 738 5329 ἔτι
785 5274 974 5348 μᾶλλον
1019 5273 1348 5349 ίφελκόμεθα·
1390 5279 1480 5328 καὶ
1519 5273 1648 5348 οὐχὶ
1688 5281 1780 5327 τοῦ

1709 3323 1806 3366 τῶν

1831 4433 1873 4486 D

1916 3139 2267 3195 informetur
2306 3157 2319 3195 :
2353 3140 2494 3208 Quis
2546 3145 2634 3196 est
2667 3140 2768 3211 qui
2795 3145 3190 3210 exspectatur.
3221 3140 3383 3194 Certe
3409 3140 3570 3208 patet

1915 3230 2077 3302 quod
2105 3245 2214 3284 nec
2251 3244 2436 3299 regno
2458 3228 2744 3286 caelorum
2778 3244 2885 3284 nec
2911 3227 3019 3283 isto
3061 3231 3217 3284 statu
3231 3226 3450 3296 dignus
3471 3227 3571 3282 ha-

1920 3319 2107 3382 betur,
2140 3317 2198 3372 in
2221 3333 2342 3389 quo
2373 3318 2471 3390 qui
2509 3318 2792 3373 minimus
2825 3323 2912 3372 est
2962 3322 3248 3372 versatur.
3303 3315 3414 3370 Sed
3441 3330 3571 3370 esse

1916 3406 2030 3462 hoc
2060 3407 2210 3463 inter
2231 3406 2666 3462 absurdissima
2706 3405 3099 3471 censendum,
3134 3421 3272 3460 cum
3303 3403 3570 3470 aliunde,

1917 3500 2041 3551 tum
2082 3495 2305 3551 edictis
2332 3496 2409 3551 ab
2437 3495 2603 3551 initio
2637 3501 2818 3568 patet.
2856 3496 2964 3552 Ubi
2985 3501 3070 3550 est
3113 3493 3426 3566 propheta,
3466 3491 3573 3564 qui

1915 3600 2024 3641 nec
2053 3601 2188 3657 quas
2218 3590 2355 3641 ante
2410 3585 2588 3656 pedes
2627 3590 2928 3655 ponuntur
2966 3583 3168 3639 videt?
3206 3581 3311 3638 Ubi
3382 3582 3574 3652 major

1914 3673 2237 3746 prophetis.
2258 3673 2362 3746 qui
2390 3691 2573 3748 quem
2605 3673 3004 3730 annuntiabat
3031 3670 3394 3743 ignorabat?
3427 3675 3576 3726 Inter

1914 3766 2084 3818 natos
2113 3763 2452 3828 mulierum,
2484 3763 2792 3834 quomodo
2832 3767 2960 3818 erat
2998 3761 3210 3830 major,
3243 3759 3344 3831 qui
3389 3775 3574 3829 regno

1912 3849 2196 3921 indignus
2225 3856 2313 3907 est
2336 3849 2363 3906 ἲ
2389 3851 2513 3906 Non
2547 3856 2638 3907 est
2659 3851 2817 3907 enim
2845 3850 3040 3905 minor
3063 3848 3290 3904 minino
3308 3847 3366 3902 in
3385 3863 3570 3917 regno

1911 3939 2199 3996 caelorum
2234 3956 2389 4004 ;non
2428 3939 3110 4010 igiturignoravitquem
3137 3937 3568 3993 annuntiabat:

1909 4044 2028 4084 non
2064 4036 2122 4083 ut
2155 4029 2282 4100 ipse
2317 4029 2508 4092 sciret,
2539 4029 2642 4084 sed
2684 4034 2746 4084 ut
2785 4026 3057 4098 discipuli
3107 4027 3181 4082 ab
3225 4026 3414 4081 oculis
3445 4041 3571 4081 me'

1906 4116 2274 4195 liorarentur,
2329 4117 2664 4173 doctrinam
2687 4115 3151 4189 perquaastionis
3210 4114 3465 4169 formam
3485 4115 3567 4169 in-

1907 4207 2106 4263 stituit.
2141 4210 2322 4277 Atque
2353 4207 2432 4262 ita
2456 4207 2530 4263 sit
2559 4207 2736 4262 totius
2767 4205 2949 4276 hujus
2984 4202 3097 4260 loci
3125 4201 3416 4260 sententia
3468 4219 3567 4258 ex-

1906 4296 2150 4370 plicata.
2199 4295 2432 4352 Domini
2463 4301 2660 4350 autem
2709 4294 2892 4351 nostri
2921 4291 3188 4348 divinum
3249 4291 3564 4348 oraculum

1907 4400 2113 4440 severo
2137 4383 2406 4457 quodam
2428 4389 2481 4439 et
2505 4386 2801 4440 contracto
2843 4396 3117 4438 sermone
3159 4379 3429 4436 adhibita
3458 4379 3566 4436 du-

1906 4464 2207 4529 bitationis
2224 4489 2328 4544 per
2345 4471 2736 4544 quaestionem
2767 4471 2958 4528 forma
2982 4469 3323 4539 generalem
3349 4483 3566 4539 sugge-

1904 4561 1978 4617 rit
2006 4561 2473 4630 intelligentiam,
2497 4577 2636 4616 cum
2675 4560 2831 4624 dicit,
2881 4581 2908 4609 «
2957 4558 3144 4631 Atqui
3169 4555 3451 4612 minimus
3481 4562 3568 4614 est

1903 4650 1960 4706 in
1992 4667 2174 4720 regno
2188 4649 2586 4707 ccelorumillo
2608 4650 2801 4721 major
2823 4655 2910 4704 est
2930 4645 2958 4703 ?
2987 4668 3016 4701 »
3049 4648 3183 4702 Haec
3212 4663 3320 4702 vox
3337 4663 3474 4701 cum
3493 4661 3564 4702 ex

1898 4739 2030 4814 ipso
2051 4740 2256 4796 auditu
2278 4739 2731 4808 intelligebatur,
2749 4744 2804 4796 et
2819 4755 2956 4795 cum
2975 4753 3074 4810 per
3087 4736 3335 4792 nimiam
3358 4735 3565 4791 absur-

1897 4829 2138 4886 ditatem
2168 4845 2286 4886 non
2318 4830 2716 4902 patiatur'nos
2746 4829 2804 4883 in
2846 4825 3262 4896 cogitationem
3294 4823 3558 4898 aliquam

1896 4919 2256 4976 descendere
2284 4919 2354 4974 de
2386 4919 2627 4974 veritate
2654 4918 2832 4988 hujus
2895 4914 3206 4988 praeconis,
3259 4914 3458 4971 statim
3499 4914 3560 4971 in

1893 5008 2455 5080 contemplationem
2510 5022 2621 5063 nos
2673 5005 2914 5062 deducit
2975 5003 3284 5076 prudentis
3320 5003 3478 5059 illius
3508 5009 3564 5062 et

1893 5097 2156 5169 perutilis
2185 5095 2533 5169 qumstionis
2572 5093 3025 5166 discipulorum.
3068 5098 3254 5164 Atque
3297 5092 3436 5147 inde
3456 5092 3564 5148 de-

1894 5201 2060 5241 mum
2077 5186 2152 5241 ad
2174 5185 2385 5240 laudes
2412 5184 2598 5256 ipsius
2611 5182 3012 5240 admittendas
3032 5181 3393 5238 inducimur.
3445 5183 3561 5237 Nec

1893 5273 2214 5346 Baptistam
2228 5272 2606 5330 decernimus
2623 5272 2914 5329 minorem
2928 5286 3060 5328 esse
3073 5269 3172 5328 illo
3184 5269 3286 5343 qui
3299 5271 3359 5328 in
3373 5284 3560 5342 regno

1563 5425 1802 5483 VARLE
1828 5425 2248 5484 LECTIONES.

261 5543 470 5611 ιῖσται,
522 5542 686 5602 C..M.
727 5539 872 5607 ἐκτός
891 5541 1024 5600 ἐστι.
1062 5541 1150 5600 ⁸0.
1193 5543 1266 5601 Μ.
1297 5550 1394 5605 τῆς
1433 5542 1578 5604 ὅλης.
