4076 6202
481 288 612 346 1011

1630 264 1635 271 ’
1698 284 1937 344 pacm
1978 284 2461 343 PATBIARCHAZ
2500 288 2606 343 CP.

3708 290 3852 345 {0&2

476 416 765 473 cmlorum
799 413 1085 471 minimus
1116 419 1203 471 est
1223 422 1634 488 (nequaquam
1673 414 1870 487 certe),
1903 414 2005 470 sed
2028 413 2127 487 ju-

2248 417 2540 488 ιικροτέρου
2593 422 2693 466 τῶν
2747 412 2795 467 ἒν
2849 422 2911 487 τῇ
2970 412 3215 488 βασιλείᾳ
3258 422 3356 466 τῶν
3406 413 3640 488 οὐρανῶν
3690 414 3849 468 ἐλάτ-

474 506 656 569 dices,
723 505 1160 575 legumlatores,
1195 521 1385 575 reges.
1411 511 1588 578 atque
1641 504 1803 578 ipsos
1845 503 1994 559 adeo
2026 520 2127 575 pa-

475 595 759 652 triarchas
800 610 1268 667 supergressum,
1298 601 1474 667 atque
1531 594 1761 649 veritati
1800 594 1914 650 hoc
1972 592 2127 648 afﬁr-

476 684 659 740 manti
686 700 996 738 assensum
1036 683 1412 739 adhibemus.
1448 687 1555 739 Nec
1582 682 1798 753 injuria
1827 701 1839 749 ;
1873 680 2126 737 vinculis

476 774 631 829 enim
672 779 724 828 et
741 772 1040 844 multiplici
1055 772 1373 828 afflictione
1387 772 1919 841 constringebatur,
1951 769 2125 825 morti

480 862 721 919 tandem
748 861 1101 927 destinatus,
1126 878 1233 932 pro
1280 862 1405 931 lege
1450 876 1665 933 nempe
1696 861 1901 916 divina
1943 863 2127 916 certa-

479 968 616 1007 men
648 951 951 1006 subiturus
986 969 999 1017 ;
1034 967 1140 1005 nec
1168 956 1367 1006 tamen
1394 951 1521 1021 ejus
1550 950 1607 1004 in
1633 949 2129 1020 Agnumdei,tol-

472 1040 692 1096 lentem
724 1046 969 1113 peccata
1002 1040 1231 1103 mundi,
1286 1039 1647 1094 desiderium
1686 1038 2127 1094 inﬂammatum

474 1130 918 1186 emarcescebat
945 1147 957 1195 ;
986 1129 1257 1201 quinimo
1289 1129 1479 1197 magis
1513 1129 1823 1201 magisque
1851 1126 2125 1188 eﬂloruit,

477 1225 658 1291 etper
687 1226 937 1274 mortem
961 1219 1295 1274 enitebatur
1326 1217 1571 1273 accendi
1621 1217 2031 1273 vehementius
2072 1221 2127 1272 et

476 1309 812 1365 immortale
836 1308 983 1365 ﬁeri.
1018 1311 1140 1364 Non
1171 1308 1427 1363 cessavit
1450 1324 1653 1371 manu,
1702 1306 1924 1378 lingua,
1963 1305 2125 1361 omni

475 1397 702 1454 ratione
734 1397 1029 1453 cmlestem
1054 1397 1214 1451 illum
1242 1401 1542 1467 Sponsum
1562 1396 1977 1468 depraedicare,
2010 1395 2129 1449 siu-

478 1487 648 1557 gulos
673 1487 723 1541 ei
754 1487 971 1541 ardens
1025 1486 1378 1554 conjunctos
1432 1485 1711 1555 COpulare
1758 1490 1812 1539 et
1858 1499 2126 1538 amorem

478 1575 773 1649 sponsalis
804 1574 1053 1629 thalami
1095 1575 1371 1628 inserere.
1404 1574 1553 1638 Quin
1589 1579 1644 1628 et
1694 1572 1836 1627 mihi
1876 1573 2124 1636 videtur,

477 1665 740 1720 laetatum
767 1664 839 1718 de
867 1664 1085 1732 gladio,
1127 1669 1180 1718 et
1207 1663 1343 1732 angi
1376 1671 1617 1735 prOpter
1660 1663 2018 1728 tarditatem,
2075 1665 2131 1717 et

2236 521 2355 553 τονα
2406 505 2492 555 τὸν
2546 510 2843 563 Βαπτιστήν
2909 504 3251 577 ψηφιζόμεθα
3316 504 3529 576 (πολλοῦ

2237 586 2338 662 δεῖ)
2374 608 2385 619 ⁸
2442 592 2569 644 ἀλλά
2624 600 2713 646 καὶ
2755 602 2964 665 κριτῶν,
3020 599 3109 646 καὶ
3158 594 3465 666 νομοθετῶν,
3528 598 3621 646 καὶ
3684 592 3857 665 βασι-

2233 678 2376 743 λέων,
2482 687 2571 733 καὶ

3609 525 3671 575 γε
3758 512 3853 557 καὶ

2667 681 2834 733 αὐτῶν
2916 690 3262 758 πατριαρχῶν
3337 683 3845 756 ὑπερανεπηκέναι,

2236 771 2304 830 ὡς
2334 769 2460 828 αὕτη
2498 779 2673 843 σαφῶς
2704 770 2902 825 ἀνεῖπεν
2944 774 2972 829 ἡ
3016 772 3279 834 Ἀλήθεια,
3328 774 3695 845 συντιθέμεθα.
3744 778 3850 826 Καὶ

2235 859 2375 930 μάλα
2448 862 2669 921 εἰκότως·
2742 861 2915 933 εἱρκτῇ
2979 866 3069 913 καὶ
3133 866 3297 934 μυρίᾳ
3370 867 3601 914 κακώσει
3678 868 3849 915 συνεί-

2235 966 2382 1018 χετο,
2442 952 2534 1005 τήν
2588 946 2670 1001 ἐπὶ
2724 950 2926 1021 θανάτῳ
2981 952 3312 1022 τηρούμενοςο
3377 948 3534 1007 ἄλλην
3614 959 3849 1002 ταῦταῑι

2236 1038 2361 1111 ὑπὲρ
2433 1039 2632 1110 θεσμῶν
2693 1040 2836 1090 θείων
2892 1035 3244 1113 διακαρτερῶν
3319 1037 3560 1095 ἄθλησιν·
3649 1044 3742 1091 καὶ
3824 1041 3851 1091 ὁ

2236 1129 2363 1197 πρὸς
2418 1130 2504 1178 τὸν
2557 1127 2742 1199 Ἀμνὸν
2795 1135 2887 1180 τοῦ
2946 1136 3101 1190 Θεοῦ,
3148 1130 3234 1180 τόν
3282 1131 3497 1201 αἴροντα
3529 1133 3625 1186 τήν
3675 1128 3852 1202 ἀμαρ-

2236 1219 2349 1266 τίαν
2380 1223 2470 1267 τοῦ
2500 1221 2722 1288 κόσμου,
2753 1214 3005 1290 διάπυρος
3038 1217 3177 1288 αὐτῷ
3202 1220 3357 1279 πόθος
3386 1218 3480 1270 οὐκ
3513 1218 3852 1291 ἐμαραίνετο·

2236 1306 2378 1362 ἤνθει
2434 1300 2492 1357 δε
2548 1305 2758 1377 μᾶλλον,
2809 1310 2897 1359 καὶ
2958 1303 3311 1377 διεφιλονείκει
3364 1315 3435 1376 τῷ
3488 1309 3696 1379 θανάτῳ
3765 1306 3857 1360 ἐπὶ

3730 1394 3858 1448 οὐδ’

2237 1481 2385 1552 ἔληγε
2434 1478 2735 1555 κηρύσσων,
2782 1489 2870 1536 καὶ
2918 1490 3082 1557 χειρὶ,
3125 1490 3213 1536 καὶ
3261 1485 3501 1558 γλώσσῃ,
3546 1490 3640 1537 καὶ
3696 1487 3850 1559 πάσῃ

2235 1392 2384 1445 πλέον
2439 1394 2893 1469 ἀναζωπυρεῖσθαι
2975 1400 3065 1447 καὶ
3132 1394 3634 1456 ἀπαθανατίζεσθαι·

2237 1569 2461 1643 μεθόδῳ,
2517 1576 2602 1623 τόν
2657 1573 2894 1647 οὐράνιον
2944 1579 3201 1647 Νυμφίον,
3251 1594 3447 1643 πῃντας
3497 1587 3525 1614 V
3579 1573 3853 1627 ἐπιποθῶν

2238 1660 2377 1731 αὐτῷ
2429 1669 2777 1735 συναρμόσαι,
2832 1668 2921 1714 καὶ
2963 1671 3063 1715 τῶν
3101 1671 3365 1736 νυμφικῶν
3420 1661 3715 1715 παστάδων
3779 1663 3855 1715 ἐν-

480 1754 556 1809 ad
582 1753 712 1807 illos
750 1768 1067 1824 properare
1099 1750 1202 1823 qui
1270 1752 1433 1823 apud
1474 1751 1693 1807 inferos
1732 1756 1917 1817 erant,
1969 1756 2031 1806 ut
2074 1755 2129 1805 et

2248 1751 2400 1801 θεῖναι
2448 1754 2533 1801 τὸν
2578 1752 2762 1824 ἔρωτα.
2796 1753 2943 1822 Ἐμοὶ
2975 1747 3122 1804 δοκεῖ
3150 1757 3236 1803 καὶ
3266 1756 3475 1827 χαίρειν
3517 1753 3679 1805 αὐτόν
3718 1757 3858 1827 πρὸς

477 1843 557 1898 ibi
625 1840 773 1896 alios
830 1842 1188 1911 praeveniens
1236 1846 1641 1911 exspectatum
1689 1840 2036 1906 enuntiaret,
2075 1844 2131 1895 et

477 1930 707 2004 primus
728 1929 1178 1997 evangelizaret.
1231 1935 1441 1983 Annon
1470 1929 1598 1983 haec
1631 1928 1904 1985 encomia
1934 1927 2129 1984 Domi-

476 2020 676 2075 nicam
699 2018 1271 2086 decebantlinguam
1290 2018 1317 2073 ?
1352 2017 1990 2087 lntuebaturgladium,
2007 2035 2131 2074 car-

476 2107 680 2164 niﬁces
709 2108 1068 2171 intuebatur.
1101 2107 1455 2162 occisionem
1497 2123 1601 2178 pro
1651 2107 1891 2162 stimulo
1940 2109 2131 2163 Domi-

478 2196 592 2253 nici
648 2195 1236 2259 amorisadhibebat,
1273 2200 1428 2250 totus
1499 2195 1577 2250 ad
1633 2212 1771 2251 eum
1828 2202 2132 2253 converte-

478 2288 665 2343 batur.
718 2284 973 2340 Omnino
1004 2301 1206 2339 vernm
1230 2292 1337 2347 est,
1364 2306 1387 2335 ‹‹
1432 2285 1580 2340 inter
1607 2291 1779 2340 natos
1813 2285 2129 2341 mulierum

478 2391 598 2431 non
626 2375 875 2429 surrexit
907 2375 1098 2445 major
1122 2377 1344 2429 Joanne
1376 2376 1644 2444 Baptista.
1673 2396 1699 2423 »
1731 2375 2129 2447 Caputipsum

480 2465 713 2520 Domini
747 2466 1094 2533 attingebat,
1133 2465 1209 2519 ab
1264 2469 1429 2519 utero
1466 2464 1879 2527 annuntiabat,
1938 2481 2129 2537 usque

479 2553 556 2608 ad
609 2558 857 2607 mortem
926 2552 1342 2618 annuntiabat,
1388 2553 1682 2608 mundum
1711 2553 1787 2607 ad
1847 2554 2131 2625 paeniten-

480 2640 625 2696 tiam
655 2641 1005 2696 attrahebat.
1041 2641 1205 2697 Mitto
1246 2642 1758 2697 conversationem
1791 2642 1850 2697 in
1875 2643 2128 2710 deserto,

480 2730 718 2786 diaetam
757 2730 1074 2796 insolitam,
1116 2731 1497 2802 impudentes
1552 2731 1701 2786 adeo
1755 2732 1993 2787 Judaeos
2026 2748 2129 2803 pu-

481 2820 624 2875 dore
653 2818 1631 2884 squ‘undentem,conversationem
1661 2826 1717 2876 et
1747 2820 1976 2876 vivendi
2004 2837 2125 2876 mo-

477 2908 623 2964 dum
657 2908 807 2964 ultra
834 2909 1318 2981 humanum,per
1365 2926 1499 2981 qua;
1539 2911 1801 2982 patentia
1862 2910 2130 2978 ipsorum

479 3014 583 3054 ora
608 2998 1062 3054 obturabantur.
1104 3001 1317 3054 Annon
1352 2999 1557 3055 merito
1617 2999 1799 3070 major
1828 2999 1976 3054 inter
2024 3016 2132 3054 na-

2238 1841 2294 1889 τό
2346 1838 2506 1910 ξίφος,
2538 1845 2626 1892 καὶ
2671 1837 2949 1910 ἀδημονεῖν
2995 1848 3057 1912 τῇ
3116 1837 3438 1915 βραδύτητι,
3470 1847 3561 1895 καὶ
3594 1840 3855 1895 σπεύδειν

2240 1931 2365 1999 πρὸς
2395 1932 2516 1988 τοὺς
2548 1928 2595 1980 ἐν
2627 1925 2779 1999 ᾆδον
2829 1930 2912 1981 ἵνα
2940 1928 3092 1982 κάκεῖ
3128 1931 3301 2002 φθάσῃ
3355 1933 3477 1992 τοὺς
3506 1931 3719 1996 ἄλλους,
3766 1936 3859 1983 τόν

2238 2014 2669 2090 προσδοκώμενον
2747 2018 3070 2091 ἀνακηρύξαι
3122 2023 3209 2071 καὶ
3272 2020 3857 2094 προευαγγελίσασθαι.

2238 2105 2373 2178 Ἀρα
2402 2106 2495 2157 οὐκ
2526 2105 2787 2178 ἐγκωμίων
2819 2114 2984 2158 ταῦτα
3017 2114 3337 2169 Δεσποτικῆς
3368 2106 3522 2171 ἀξίων
3548 2108 3815 2180 γλώσσης
3843 2127 3857 2175 ;

2237 2193 2450 2246 Ἒϐλεπε
2484 2198 2541 2247 τό
2574 2196 2733 2267 ξίφος,
2758 2194 2932 2248 ἒϐλεπε
2959 2200 3079 2259 τοὺς
3111 2193 3355 2268 δημίους,
3390 2203 3477 2249 καὶ
3512 2203 3606 2256 τήν
3639 2204 3859 2271 σφαγὴν

2238 2287 2442 2357 κέντρον
2501 2284 2719 2337 ἐποιεῖτο
2768 2294 2856 2337 του
2904 2293 3218 2338 Δεσποτικοῦ
3272 2286 3505 2360 φίλτρου,
3556 2286 3673 2349 ὅλος
3730 2292 3861 2360 πρὸς

2240 2372 2393 2425 αὐτὸν
2454 2372 2899 2448 ἐπιστρεφόμενος.
2954 2373 3171 2439 Ὀντως,
3228 2394 3256 2425 ‹‹
3316 2375 3409 2427 οὐκ
3461 2375 3746 2451 ἐγήγερται
3810 2377 3861 2428 ἐν

2238 2470 2501 2534 γεννητοῖς
2569 2472 2823 2534 γυναικών
2886 2465 3073 2536 μείζων
3152 2464 3387 2518 Ἰωάννου
3474 2473 3566 2517 τοῦ
3652 2472 3859 2518 Βαπτι-

2241 2559 2385 2605 στοῡ.
2442 2575 2468 2601 ››
2526 2551 2733 2623 Ἥψατο
2791 2562 3021 2627 κορυφῆς
3079 2558 3360 2605 Δεσπότου’
3422 2553 3666 2629 ἐκήρυξεν
3746 2558 3856 2607 ἀπὸ

2238 2645 2487 2716 γαστρός·
2564 2640 2821 2715 ἐκήρυσσε
2891 2647 3055 2714 μέχρι
3140 2644 3381 2694 θανάτου·

2238 2730 2504 2800 μετάνοιαν
2535 2749 2749 2800 κοσμον·
2794 2730 2858 2781 ἐῶ
2904 2734 2996 2787 τὴν
3037 2733 3224 2802 ἔρημον
3255 2742 3284 2773 Σ
3315 2729 3596 2798 πολιτείαν,
3628 2737 3723 2784 καὶ
3756 2738 3855 2791 τήν

3464 2643 3699 2695 εἵλκυσεν
3780 2645 3858 2704 εἰς

2239 2814 2631 2870 καταιδέσασαν
2658 2823 2747 2870 καὶ
2773 2823 2893 2880 τοὺς
2923 2818 3309 2891 ἀναισχύντους
3341 2817 3655 2884 Ἰουδαίους,
3692 2824 3855 2894 97:29-

2240 2902 2340 2979 φυῆ
2393 2904 2600 2959 δίαιταν
2653 2913 2743 2959 καὶ
2802 2905 3093 2979 διαγωγὴν,
3141 2914 3229 2961 καὶ
3268 2914 3361 2968 τήν
3407 2908 3712 2985 ἐμφράξααν
3755 2912 3856 2964 αὖ·

2238 3004 2333 3046 τῶν
2394 2998 2460 3047 τὰ
2526 2995 2765 3047 ἀπύλωτα
2827 3002 3081 3069 στόματα,
3146 2999 3270 3070 ὑπὲρ
3331 3000 3624 3070 ἄνθρωπον,
3684 3001 3855 3060 ζωήν.

481 3091 569 3144 tos
598 3088 909 3143 mulierum
940 3088 1184 3143 ?annon
1232 3090 1438 3143 merito
1469 3089 1777 3144 Dominica
1823 3087 2131 3143 fruebatur

2248 3078 2354 3158 Ἆρ’
2414 3084 2471 3136 οὗ
2528 3080 2749 3146 δικαίως
2791 3086 2981 3157 μείζων
3032 3084 3080 3137 ἐν
3120 3095 3384 3158 γεννητοῖς
3434 3097 3700 3158 γυναικῶν
3728 3107 3742 3156 ;
3772 3084 3856 3164 ἄρ’

479 3194 621 3232 voce
644 3176 671 3219 ν
704 3183 789 3232 An
826 3177 1110 3232 minimus
1132 3178 1189 3232 in
1223 3178 1505 3233 caelorum
1539 3193 1743 3246 regno,
1776 3177 1907 3249 ipso
1936 3178 2132 3249 major

2248 3173 2298 3224 οὐ
2352 3172 2466 3224 κατ’
2515 3173 2657 3236 ἀξίαν
2728 3183 2823 3236 τῆς
2892 3182 3208 3236 Δεσποτικής
3267 3175 3538 3235 ἀπήλαυσε
3627 3188 3855 3250 φωνῆς;

478 3266 609 3321 est?
660 3266 945 3329 Quocirca
972 3283 1002 3321 e
1036 3267 1164 3336 jam
1204 3266 1374 3321 dictis
1407 3271 1657 3337 constat,
1692 3282 1813 3322 non
1874 3282 2004 3322 esse
2050 3266 2133 3320 Ie-

2248 3262 2355 3335 Ἀρ’
2432 3263 2457 3313 ὁ
2539 3267 2842 3337 μικρότερος
2920 3262 2967 3315 ἐν
3037 3273 3097 3337 τῇ
3161 3263 3406 3339 βασιλείᾳ
3452 3275 3551 3318 τῶν
3616 3267 3857 3342 οὐρανῶν

480 3355 744 3424 gendum
773 3354 1144 3418 afﬁrmative,
1179 3356 1507 3410 «Minimus
1545 3356 1603 3411 in
1631 3372 1814 3425 regno
1845 3355 2131 3411 cmlorum

2248 3353 2432 3422 μείζων
2485 3359 2574 3404 τοῦ
2623 3355 2863 3405 τοιούτου
2913 3351 3048 3405 ἐστίν
3103 3372 3114 3417 ;
3163 3361 3247 3406 Δεῖ
3300 3363 3594 3425 τοιγαροῦν,
3644 3360 3658 3408 ἓ

484 3444 676 3514 major
703 3448 790 3498 est
816 3460 907 3509 eo,
944 3467 969 3493 ››
1001 3445 1103 3499 sed
1132 3444 1231 3498 illa
1264 3445 1475 3509 forma,
1510 3461 1632 3517 qua
1673 3445 1950 3513 leguntur
1999 3444 2132 3505 ista,

487 3550 515 3581 «
557 3531 707 3596 Quid
762 3532 960 3586 existis
1015 3536 1075 3587 in
1127 3532 1433 3588 desertum
1485 3533 1684 3587 videre
1728 3533 2134 3588 ‘Parundinem

480 3625 655 3675 vento
678 3620 965 3690 agitatam
998 3622 1025 3677 7
1052 3640 1080 3672 »
1111 3622 1432 3677 Prudenter
1462 3638 1640 3694 porro
1669 3622 1929 3687 adverte,
1973 3621 2137 3693 quod

484 3708 629 3763 illud
661 3728 687 3760 ‹‹
718 3709 777 3764 in
818 3725 1003 3781 regno
1057 3710 1353 3778 caelorum,
1398 3732 1427 3760 »
1485 3727 1591 3765 nec
1640 3710 2004 3781 cogebamur
2056 3711 2139 3765 in-

484 3797 741 3867 telligere
764 3804 969 3855 contra
1002 3816 1246 3855 sensum
1288 3800 1502 3872 cuique
1520 3799 1766 3855 obvium
1795 3805 1851 3855 et
1871 3799 2139 3870 agnitum

484 3886 726 3950 cunctis,
755 3890 857 3942 aut
885 3888 943 3942 in
975 3886 1161 3943 alium
1224 3895 1435 3959 praeter
1515 3905 1765 3960 scopum
1823 3890 1879 3942 vi
1921 3893 2143 3960 pertra-

483 3975 670 4043 here;
722 3991 829 4031 nec
878 3976 1039 4032 illam
1098 3993 1327 4041 vocem,
1360 3977 1659 4043 minimus,
1720 3977 2142 4032 additameutis

485 4063 836 4136 quibusdam
855 4065 1401 4138 scrupulosioribus
1417 4068 1489 4121 ad
1509 4067 1944 4122 confessionem
1968 4065 2142 4134 illius,

491 4174 515 4205 α
554 4155 746 4227 major
778 4154 834 4209 in
865 4158 1019 4212 natis
1049 4156 1373 4221 mulierum,
1405 4176 1434 4207 »
1486 4162 1824 4211 annectere.
1869 4158 2147 4210 Tantum-

490 4242 670 4299 modo
687 4244 941 4314 ﬁguram
966 4245 1042 4299 ab
1074 4244 1237 4300 initio
1265 4244 1618 4310 adhibitam,
1648 4250 1919 4316 aptantes
1939 4244 2012 4299 ad
2036 4243 2148 4299 for-

487 4348 649 4387 mam
664 4333 1136 4405 quaestionariam
1149 4334 1252 4401 ,rei
1266 4333 1765 4394 monstrataedicet
1782 4333 2018 4388 modum
2034 4332 2133 4404 epi-

2257 4331 2531 4403 ὁμολογίαν
2576 4341 2687 4397 του,
2746 4352 2773 4382 (ι
2819 4340 3010 4405 μείζων
3065 4334 3111 4386 ἐν
3168 4343 3434 4406 γεννητοῖς
3487 4345 3779 4407 γυναικῶν,
3835 4362 3861 4385 ιι

489 4420 651 4476 stolae
669 4421 1394 4494 excedentes,perspicuam
1416 4421 2121 4491 fecimusintelligentiam

2258 4416 2708 4493 συνδιεπλέξαμεν·
2764 4429 2917 4494 μόνον
2968 4421 3026 4476 δὲ
3082 4428 3137 4476 τό
3192 4422 3245 4486 ἐξ
3294 4423 3468 4497 ἀρχῆς
3522 4435 3719 4499 σχῆμα
3773 4436 3866 4480 τοῦ

490 4510 669 4582 λόγου,
728 4510 797 4571 εἰς
846 4530 931 4562 τον
981 4510 1092 4562 κατ’
1122 4510 1372 4584 ἐρώτησιν
1428 4514 1587 4563 τύπον
1633 4511 1998 4584 ῥυθμίσαντες,
2042 4514 2135 4567 τὴν
2179 4517 2270 4562 τοῦ
2314 4506 2636 4581 δηλουμένου
2684 4520 2874 4584 σαφῶς,
2926 4513 2967 4564 εἰ
3000 4518 3085 4565 καὶ
3132 4513 3281 4565 πλέον
3323 4513 3351 4572 ἦ
3400 4516 3514 4566 κατ’
3558 4516 3862 4575 ἐπιστολήν,

489 4604 885 4672 παρεστήσαμεν
917 4602 1105 4652 ἔννοιαν
1117 4643 1131 4658 .

635 4707 948 4773 ΩΙΜΞΞΤΙΟ
981 4708 1223 4764 CCXXIII
1259 4706 1464 4781 [CoisL
1521 4705 1787 4771 CLXVIII,
1825 4708 2005 4762 Taur.

1214 4795 1493 4870 CLXVII].

492 4886 563 4939 Si
598 4886 751 4940 Deus
777 4891 857 4941 est
888 4885 1122 4956 ubique,
1149 4885 1433 4957 quomodo
1454 4884 1792 4957 mysterium
1815 4900 1928 4955 quo
1952 4884 2009 4938 in
2027 4899 2151 4938 mu-

570 4957 731 5011 lieris
758 4964 922 5011 ulero
946 4955 1193 5025 praesens
1211 4965 1292 5012 est
1316 4955 2141 5026 accusetur?Certe,inquiunt,

566 5028 725 5096 quod
752 5027 827 5081 sit
856 5042 1114 5094 praesens
1137 5030 1199 5082 in
1249 5028 1510 5085 mulieris
1539 5036 1726 5091 utero,
1755 5032 1905 5083 sicut
1939 5034 1991 5081 et
2020 5026 2149 5081 ubi-

568 5112 703 5169 que,
724 5098 890 5153 nulla
911 5108 989 5154 est
1012 5100 1351 5156 rectamatio
1372 5121 1384 5164 ;
1412 5114 1485 5156 ex
1499 5100 1606 5155 illa
1625 5106 1820 5154 autem
1842 5101 2014 5155 Deum
2041 5098 2150 5153 iri--

566 5174 875 5235 caritatum
891 5170 1088 5241 fuisse,
1117 5172 1401 5243 quomodo
1426 5179 1477 5227 et
1509 5173 1683 5243 quale
1705 5171 1776 5226 sit
1804 5171 1831 5225 ‘2

3163 3361 3247 3406 Δεῖ
3300 3363 3594 3430 τοιγαροῦν,
3644 3361 3703 3408 ἐκ
3756 3367 3860 3409 τῶν

2245 3441 2540 3513 εἰρημένων,
2636 3442 2728 3493 οὐκ
2818 3441 3221 3516 ἀποφαινόμενον
3296 3446 3673 3516 ἀναγινώσκειν
3775 3452 3857 3501 τό·

2248 3551 2276 3582 (‹
2324 3530 2383 3582 Ὀ
2435 3527 2492 3608 δὲ
2548 3536 2849 3606 μικρότερος
2902 3531 2950 3583 ἐν
3014 3541 3075 3605 τῇ
3149 3531 3397 3605 βασιλείᾳ
3454 3544 3552 3586 τῶν
3612 3536 3853 3608 οὐρανῶν

2247 3604 2634 3690 μείζωνιαῦτοῦ
2687 3619 2843 3672 ἐστιν·
2900 3643 2922 3671 ν
2981 3620 3107 3673 ἀλλὰ
3159 3623 3274 3674 κατ’
3326 3622 3512 3676 ἐκεῖνον
3550 3629 3641 3675 τὸν
3688 3628 3857 3677 τύπον

2248 3709 2364 3759 καθ’
2418 3709 2469 3759 ὃν
2524 3706 2934 3781 ἀναγινώσκεται
2994 3715 3083 3761 καὶ
3136 3714 3214 3776 τὸ,
3272 3732 3301 3761 ‹‹
3360 3717 3421 3764 Τί
3488 3711 3731 3775 ἐξήλθετε
3787 3715 3857 3776 εἰς

2251 3802 2343 3854 τήν
2409 3800 2595 3872 ἔρημον
2675 3796 2801 3851 ἰδεῖν
2842 3800 3110 3872 ,κάλαμον
3160 3802 3258 3853 ὑπὸ
3319 3799 3507 3875 ἀνέμου
3573 3803 3854 3876 σαλευόμεε

2251 3907 2331 3937 νον
2366 3903 2379 3953 ;
2416 3910 2443 3936 ››
2502 3892 2598 3940 Καὶ
2654 3893 2835 3941 σκόπει
2885 3910 2973 3961 μοι
3034 3899 3274 3959 συνετῶς,
3332 3892 3412 3943 ὅτι
3460 3894 3577 3944 οὔτε
3633 3896 3715 3955 τὸ,
3755 3893 3861 3945 «ἐν

2254 3983 2313 4047 τῇ
2378 3974 2621 4049 βασιλείᾳ
2674 3986 2771 4028 τῶν
2828 3977 3075 4050 οὐρανῶν,
3128 3999 3157 4031 )›
3207 3982 3347 4054 παρά
3400 3985 3494 4038 τὴν
3568 3988 3863 4055 πρόχειρον

2254 4068 2342 4115 καὶ
2399 4071 2557 4116 πᾶσιν
2611 4064 2935 4138 ἐγνωσμένην
2990 4064 3243 4135 διάνοιαν,
3302 4068 3711 4141 ἠναγκάσθημεν
3794 4072 3863 4132 εἰς

2255 4151 2377 4204 οἰλλο
2431 4172 2477 4204 τι
2546 4160 2957 4227 περινενοημένον
3037 4155 3406 4208 ἐκϐιάσασθαι·
3465 4161 3583 4210 οὔτε
3632 4164 3715 4225 τὸ,
3777 4182 3863 4231 μι-

2256 4247 2511 4317 κρότερος,
2603 4246 2933 4315 προσθήκαις

3038 4252 3148 4298 τισὶ
3238 4251 3654 4321 περιεργοτέραις
3736 4254 3866 4318 πρός

2809 4713 3121 4761 ΕΡΩΤΗΣΙΣ
3160 4708 3317 4764 ΣΚΓ’.

2260 4881 2320 4935 Εἰ
2374 4884 2650 4954 παντάχου
2703 4886 2758 4936 τὸ
2812 4890 2974 4949 Θεῖον,
3023 4894 3127 4946 πῶς
3176 4883 3395 4945 διαϐολή
3446 4895 3534 4939 τοῦ
3563 4896 3862 4963 μυστηρίου

2330 4960 2577 5024 γυναικός
2633 4960 2808 5028 μήτρᾳ
2882 4965 3163 5032 παρεῖναι;
3232 4964 3355 5025 Ναὶ,
3417 4965 3568 5030 φασὶ,
3623 4960 3864 5033 παρεῖναι

2332 5028 2419 5105 μὲν
2437 5032 2657 5105 Αγᾏαστρὶ
2708 5028 2975 5097 γυναικὸς,
3020 5031 3104 5105 fl);
3147 5034 3237 5081 καὶ
3296 5028 3593 5101 πανταχοῦ,
3641 5028 3867 5105 οὐδεμία

2334 5092 2569 5182 διαβολή·
2604 5092 2957 5172 ’σαρκωθῆναι
3006 5096 3064 5152 δε
3118 5105 3250 5154 Θνὸν
3295 5100 3347 5163 ἕξ
3390 5092 3585 5167 αὐίνῆςέ
3617 5113 3730 5167 πῶς
3764 5092 3867 5158 οἶόν

2333 5187 2385 5220 τε
2420 5187 2559 5221 εστιν
2605 5186 2618 5235 ;

754 5294 904 5345 Edita
938 5309 969 5345 a
998 5296 1135 5346 Maio
1159 5294 1309 5357 (Nov.
1332 5294 1460 5345 Coll.
1494 5294 1624 5351 1.1x,
1656 5295 1900 5358 “1.112).
1927 5320 1986 5332 —
2026 5295 2099 5343 De
2130 5292 2233 5346 Deo
2284 5291 2481 5355 ubique
2505 5296 2766 5357 praesente
2792 5296 2851 5343 et
2877 5293 2941 5344 de
2955 5294 3210 5358 mysterio
3226 5295 3635 5348 Incarnationis.

573 5425 657 5479 Tu
686 5437 848 5493 ergo,
881 5439 917 5479 ο
963 5422 1171 5487 amice,
1199 5420 1643 5477 accusationem
1688 5426 1895 5482 contra
1922 5426 2144 5494 myste-

1868 5556 2097 5614 VARLE
2140 5555 2437 5614 LECTION
2447 5555 2549 5613 ES.

2276 5430 2279 5439 ‘
2324 5421 2548 5486 Οὐκοῦν,
2582 5417 2621 5472 ὦ
2663 5417 2923 5492 βέλτιστε,
2984 5426 3073 5473 καὶ
3118 5421 3271 5484 αὐτὸς
3315 5429 3409 5485 τῆς
3595 5428 3734 5478 κατὰ
3781 5434 3870 5479 τοῦ

592 5702 619 5731 ιι
654 5692 847 5749 ταύτην
921 5700 951 5730 ν
978 5689 1196 5750 πάντως.

1274 5697 1305 5731 ι
1327 5685 1542 5760 ἐρήμου.
