4026 6196
233 331 377 387 1013

1104 330 1199 387 AD
1241 320 2154 398 ΑΜΡΗΙΕΟΟΗῘῙἸΜὈΠᾹΞΞΤΙΟ
2194 323 2492 404 CCXXI",
2521 333 2800 391 CCXXIV.

3459 338 3596 394 1014

225 459 526 531 μυστηρίου
587 451 838 516 διαϐολῆς
900 458 990 508 καὶ
1042 455 1178 508 ἄκων
1238 453 1448 520 ἐξέστης
1517 472 1530 487 '
1570 455 1831 517 λανθάνεις

1950 456 2105 512 rium
2137 456 2353 514 invitus
2383 459 2689 532 reliquisti,
2724 465 2777 516 et
2803 459 2930 532 ipse
2957 477 3027 516 ex
3076 460 3315 518 inimico
3341 462 3400 517 in
3455 462 3600 519 ami-

228 543 290 600 δ’
317 547 474 598 αὑτὸν
523 543 633 597 ἀντὶ
701 541 948 611 πολεμίου
1011 545 1077 606 εἰς
1121 549 1216 605 τὴν
1289 555 1387 598 τῶν
1467 545 1622 618 φίλων
1687 545 1832 608 τάξιν

223 633 568 709 μεταϐαίνων.
631 632 691 686 Ὀ
756 637 854 709 γάρ
919 633 1058 706 ἀφεὶς
1103 639 1191 707 μὲν
1237 639 1329 693 τήν
1374 631 1648 702 διαϐολήν,
1707 633 1832 688 ἀπό-

224 721 392 788 δειξιν
418 721 477 778 δὲ
529 731 622 776 τοῦ
660 727 995 799 προκειμένου
1044 723 1233 787 ζητῶν,
1290 724 1347 777 οὗ
1416 720 1488 778 δι’
1519 724 1587 775 ὧν
1631 728 1701 796 μὴ
1735 722 1831 774 ἀπ-

222 815 420 888 αχθείη
446 820 537 874 τῆς
581 809 738 876 δόξης
798 812 1086 885 φιλονεικεῖ,
1151 812 1258 866 ἀλλ’
1311 813 1388 876 οἷς
1422 813 1482 865 ἂν
1525 818 1615 865 καὶ
1674 813 1830 874 αὐτὸς

219 906 423 960 ταύτην
474 898 854 975 προσδέξηται.
909 905 1093 955 Καίτοι
1123 911 1194 974 τῷ
1245 907 1375 976 πρὸς
1450 910 1617 956 ταῦτα
1666 923 1828 976 παρα-

220 992 612 1063 σκευαζομένῳ,
658 995 805 1066 ἤρκει
872 995 1098 1044 συνιέναι
1154 995 1246 1051 τὴν
1325 991 1569 1051 ἀλήθειαν
1635 993 1828 1065 καθάρ-

217 1097 336 1134 σιον
389 1090 484 1143 τῆς
508 1078 759 1141 διαϐολῆς
805 1087 895 1133 τοῦ
946 1079 1329 1154 προϐλήματος.
1377 1081 1455 1136 Δι’
1505 1081 1572 1133 ὧν
1597 1083 1698 1157 γὰρ
1752 1101 1828 1145 τις

215 1173 290 1232 ὡς
355 1171 548 1223 οἶτοπον
607 1173 796 1242 φεύγει,
859 1169 902 1223 εἰ
927 1177 1079 1223 τοῦτο
1135 1168 1346 1223 κατίδοι
1414 1175 1485 1244 μή
1545 1175 1696 1244 μόνον
1727 1191 1828 1244 μη-

215 1255 411 1332 δεμίαν
464 1262 588 1331 ἔχον
643 1258 880 1325 ἀτοπίαν,
952 1258 1080 1311 ἀλλὰ
1165 1265 1255 1312 καὶ
1317 1260 1473 1332 λόγου
1543 1259 1826 1333 συμϐαῖνον

215 1347 474 1421 ἀνάγκην,
506 1357 612 1410 πῶς
643 1348 769 1421 οὐχὶ
821 1350 950 1422 μετά
974 1353 1066 1408 τὴν
1134 1348 1390 1408 ἀποϐολὴν
1437 1357 1528 1411 τῆς
1576 1345 1829 1410 διαϐολῆς

213 1437 318 1489 οὐκ·
390 1434 578 1508 ὀφείλει
599 1438 1056 1509 περιπτύσσεσθαι
1095 1445 1246 1490 τοῦτο
1273 1453 1287 1503 ;
1322 1434 1607 1492 Ἀδύνατον
1628 1436 1781 1511 ἀρετή
1811 1453 1824 1503 ;

213 1523 328 1578 ἀλλ’
395 1521 569 1590 ἔδειξα
617 1524 832 1586 πολλοὺς
879 1530 1163 1598 μετιόντας.
1213 1524 1413 1578 Οὐκοῦν
1454 1530 1511 1578 τὸ
1605 1522 1825 1579 δυνατὸν

210 1613 548 1686 ἆντεισήχθη
598 1631 611 1643 ’
668 1617 866 1668 καὶτὸν
895 1620 1017 1688 πρὶν
1049 1611 1281 1689 φυγάδα,
1314 1620 1424 1668 νυνὶ
1463 1619 1654 1677 ταύτης
1699 1613 1826 1669 εἶναι

211 1701 302 1758 δεῖ
320 1703 561 1763 πολίτην.
605 1700 853 1779 Βλαϐερόν
900 1705 929 1762 ἠ
988 1701 1216 1778 ἀνδρία;
1267 1703 1395 1758 ἀλλά
1419 1704 1720 1758 λυσιτελοῦν
1761 1707 1827 1758 εἴ·-

1942 561 2152 602 corum
2213 553 2407 603 castra
2476 549 2697 605 inscius
2762 548 3062 605 transiisti.
3109 550 3217 615 Qui
3279 551 3441 607 enim
3492 566 3596 607 ne-

1941 634 2132 707 glecta
2145 637 2528 693 accusatione
2549 637 2834 712 propositi
2849 637 3423 695 demonstrationem
3438 657 3600 713 quaa-

1939 724 2028 788 rit,
2061 726 2269 782 nonde
2293 726 2387 782 his
2421 727 2744 799 quasillum
2763 743 2798 783 a
2818 727 3115 784 credendo
3140 744 3260 784 non
3292 735 3601 786 removent

1938 812 2224 886 disputat,
2267 814 2370 870 sed
2409 815 2482 870 de
2523 817 2614 871 his
2652 821 2892 889 propter
2939 833 3075 889 quae
3134 816 3278 872 illud
3332 819 3599 890 accipere

1938 902 2148 974 possit.
2181 903 2364 959 Porro
2403 903 2482 960 illi
2513 905 2615 976 qui
2651 905 2765 961 isto
2816 906 2998 961 modo
3048 922 3176 961 sese
3223 905 3426 970 habet,
3459 907 3600 962 satis

1936 996 2023 1047 est
2061 997 2124 1048 ut
2169 993 2458 1066 propositi
2487 994 2786 1050 veritatem
2818 995 2896 1050 ab
2937 995 3321 1052 accusatione
3348 996 3599 1052 liberam

1935 1080 2256 1151 intelligat;
2291 1083 2390 1154 qui
2421 1083 2580 1138 enim
2603 1083 2827 1156 aliquid
2862 1084 3050 1154 rejicit
3082 1090 3145 1140 ut
3175 1085 3524 1151 absurdum,
3551 1084 3600 1140 si

1935 1169 2080 1226 illud
2109 1170 2315 1227 viderit
2345 1187 2466 1228 non
2495 1172 2693 1228 solum
2712 1173 2937 1228 nullam
2961 1173 3389 1229 absurditatem
3415 1174 3602 1229 invol-

1939 1276 2097 1325 vens,
2123 1260 2227 1316 sed
2281 1266 2336 1316 et
2365 1261 2609 1316 rationis
2638 1260 2955 1318 fundatum
2997 1263 3320 1334 principiis,
3375 1279 3596 1329 nonne,

1935 1347 2202 1420 deposita
2227 1351 2626 1417 accusatione,
2654 1350 2799 1406 illud
2829 1351 3107 1422 amplecti
3130 1352 3328 1408 debet.
3372 1353 3602 1424 Impos-

1937 1436 2118 1494 sibilis
2157 1442 2242 1495 est
2278 1440 2463 1494 virtus
2511 1440 2540 1495 ‘I
2570 1439 2674 1494 sed
2706 1440 2924 1496 multos
2956 1440 3118 1497 illam
3160 1447 3473 1513 sequentes
3505 1457 3603 1496 ex-

1935 1527 2123 1594 hibui,
2149 1543 2289 1598 ergo
2319 1527 2399 1584 illi
2435 1528 2799 1600 possibilitas
2843 1530 3165 1586 substituta
3217 1530 3364 1593 fuit;
3413 1536 3468 1584 et
3497 1531 3602 1602 qui

1936 1617 2196 1690 primum
2218 1617 2377 1674 illam
2401 1617 2725 1688 rejiciebat,
2752 1619 3124 1691 nunoipsum
3149 1619 3309 1674 illius
3334 1635 3460 1674 esse
3484 1634 3600 1674 ser-

1939 1721 2081 1761 vum
2110 1710 2354 1778 oportet.
2388 1705 2643 1761 Funesta
2669 1710 2756 1760 est
2779 1705 3108 1762 fortitudo?
3138 1706 3242 1761 sed
3271 1705 3432 1762 illam
3465 1707 3596 1761 vitae

207 1812 309 1867 περ
384 1813 435 1846 τι
499 1791 621 1845 οἶλλο
677 1796 990 1864 παρίστησα
1054 1801 1126 1864 τῷ
1183 1792 1305 1867 βίῳ.
1372 1793 1574 1846 Οὐκοῦν
1621 1797 1825 1865 γέγονεν

1948 1794 2161 1860 utilem,
2198 1793 2246 1848 si
2276 1793 2420 1866 quid
2456 1799 2543 1850 est
2573 1793 2756 1860 aliud,
2794 1794 3051 1849 exhibui.
3088 1797 3236 1864 Ergo
3257 1793 3483 1850 factum
3509 1797 3600 1848 est

209 1882 440 1956 ἐραστὸν
480 1886 574 1941 τήν
613 1879 814 1954 βλάϐην
863 1881 957 1934 οὐκ
1002 1884 1148 1954 ἔχον,
1194 1882 1219 1935 ὃ
1267 1886 1493 1956 μισητὸν
1534 1879 1704 1936 ἐδόκει
1734 1879 1828 1935 διὰ

208 1977 308 2030 τήν
337 1969 565 2045 βλάϐην.
612 1967 901 2027 Ἀδύνατον
952 1975 1080 2024 Θεὸν
1127 1977 1325 2046 γαστρὶ
1381 1975 1637 2048 παρθένου
1697 1991 1827 2044 παρ-

207 2068 350 2114 εῖναι
386 2059 872 2133 ;Συνωμολόγησας
899 2063 981 2114 ὅτι
1026 2060 1215 2133 μᾶλλον
1270 2059 1526 2114 ἀδύνατον
1566 2065 1637 2134 μὴ
1699 2080 1828 2135 παρ-

208 2157 370 2204 εῖναι.
430 2153 582 2212 Τίνος
637 2149 817 2203 λοιπὸν
879 2150 1046 2225 ἑτέρας
1095 2160 1421 2212 κατασκευῆς
1479 2154 1534 2204 τὸ
1599 2150 1822 2225 προϐληο

211 2242 298 2294 θεν
332 2236 509 2294 δεῖται
540 2239 730 2306 ;Ἀλλά
779 2245 887 2313 χρή
920 2260 1005 2313 με,
1059 2245 1211 2313 φησὶ,
1237 2242 1418 2313 μαθεῖν
1467 2246 1556 2294 καὶ
1585 2250 1695 2304 πῶς
1716 2243 1820 2294 οἷόν

209 2334 268 2383 τὲ
321 2328 442 2382 ἔστι
474 2331 828 2404 σαρκωθῆναι,
877 2329 1067 2401 μᾶλλον
1116 2326 1178 2383 δι
1231 2330 1368 2382 εἰτὸ
1421 2338 1659 2406 παρεῖναι
1701 2333 1828 2407 σάρ-

208 2436 386 2479 κωσις
447 2425 582 2472 Θεοῦ
642 2417 735 2470 οὐκ
781 2417 841 2470 ὄιν
916 2421 1124 2491 φθάνοις
1163 2425 1356 2482 παντὸς
1420 2419 1556 2480 ζώου
1622 2426 1824 2494 μορφὴν

210 2511 395 2580 τούτῳ
459 2506 765 2582 περιϐαλών.
814 2514 922 2560 Νῦν
971 2512 1142 2561 ούκέτι
1216 2518 1314 2561 τῶν
1367 2509 1663 2582 φιλούντων,
1719 2509 1827 2562 ἀλλ’

213 2598 291 2659 εἰς
356 2600 454 2656 τήν
505 2604 606 2649 τῶν
670 2595 923 2669 πολεμίων
988 2597 1140 2650 πάλιν
1206 2600 1402 2672 ἔχθραν
1476 2599 1748 2661 ἐπανῆλθες
1812 2621 1825 2633 ·

213 2688 357 2747 πλὴν
392 2686 469 2748 οἷς
507 2691 601 2744 τήν
627 2687 788 2745 ἧτταν
840 2688 997 2758 ἔσχες
1047 2685 1095 2738 ἐν
1146 2695 1254 2749 τοῖς
1304 2686 1673 2762 προλαϐοῦσιν,
1707 2685 1831 2742 ούδε

215 2779 267 2830 ἒν
315 2778 520 2836 τούτοις
570 2794 654 2829 σοι
708 2778 764 2828 τό
811 2780 882 2848 μή
947 2783 1119 2828 πεσεῖν
1182 2778 1332 2829 ἔσται
1396 2781 1829 2851 παραταττομένῳ

211 2867 361 2918 κατὰ
393 2873 489 2927 τῆς
532 2863 770 2926 ἀληθείας
817 2885 830 2900 ο
879 2869 970 2917 καί
1010 2884 1070 2936 γε
1117 2869 1245 2941 πρὸς
1304 2869 1390 2918 τὸν
1451 2865 1829 2942 ἀκροϐολισμὸν

214 2951 569 3012 διανάστηθι.
629 2951 780 3007 Ἐστι
845 2974 926 3016 τις
991 2952 1272 3028 ἀνθρώπων
1373 2960 1589 3031 πρόνοια
1641 2957 1829 3029 μᾶλλον

210 3048 328 3113 Θεῷ
396 3043 426 3101 ᾖ
458 3051 556 3095 τῶν
615 3040 863 3114 ἀγελαίων
905 3043 1094 3110 ζώων;
1165 3043 1275 3096 Ούκ
1331 3044 1390 3096 ἃν
1457 3051 1635 3117 φήσεις
1690 3066 1702 3078 ο
1736 3050 1824 3098 καὶ

1939 1882 2220 1949 amabile,
2253 1899 2325 1939 ex
2355 1899 2421 1939 eo
2464 1883 2627 1956 quod
2660 1883 3072 1939 detrimentum
3128 1899 3247 1938 non
3282 1884 3594 1956 producat,

1939 1973 2096 2046 quod
2132 1977 2195 2028 ut
2224 1971 2442 2029 odlbile
2463 1973 2724 2029 dabatur
2745 1979 2986 2046 propter
3011 1973 3457 2028 detrimentum.
3490 1971 3602 2027 1m-

1941 2061 2218 2135 possibile
2250 2067 2341 2116 est
2360 2062 2544 2117 Deum
2577 2063 2636 2117 in
2651 2061 2897 2131 virginis
2923 2066 3088 2117 utero
3131 2062 3341 2117 adesse
3367 2062 3389 2114 ?
3418 2060 3600 2129 Magis

1942 2168 2070 2208 esse
2098 2151 2466 2223 impossibile
2493 2150 2657 2206 illum
2677 2167 2798 2206 non
2825 2151 3036 2206 adesse
3059 2151 3366 2206 confessus
3386 2149 3546 2204 fuisti
3582 2164 3595 2216 ;

1942 2239 2104 2314 quali
2123 2240 2372 2312 posthac
2385 2239 2500 2296 alio
2519 2245 2870 2310 argumento
2901 2240 3158 2309 indigeat
3180 2238 3554 2310 propositum
3571 2239 3600 2295 ?

1948 2331 2058 2404 Sed
2109 2333 2340 2400 oportet
2370 2343 2484 2396 me,
2518 2327 2730 2401 inquit,
2754 2328 2981 2383 discere
3038 2327 3185 2399 quid
3233 2333 3290 2382 et
3317 2326 3495 2400 quale
3527 2326 3602 2382 sit

1947 2419 2265 2485 incarnari,
2299 2417 2386 2474 vel
2442 2417 2640 2491 potius
2659 2423 2858 2474 utrum
2888 2416 3032 2472 illud
3074 2415 3236 2489 quod
3270 2416 3484 2471 dicitur
3511 2415 3600 2470 in-

1946 2503 2213 2564 carnatio
2271 2507 2366 2564 Dei
2398 2522 2515 2563 non
2549 2507 2844 2562 inveneris
2882 2507 3077 2562 omnis
3122 2504 3368 2561 viventis
3404 2504 3600 2560 forma

1944 2596 2221 2654 iuduens.
2308 2599 2475 2652 Nunc
2550 2612 2670 2652 non
2737 2596 2866 2667 jam
2938 2595 3270 2652 amicorum
3335 2609 3418 2660 es,
3494 2591 3599 2648 sed

1942 2685 2184 2742 hostiles
2206 2685 2621 2742 insectationes
2659 2685 2874 2741 iterum
2904 2684 3206 2756 repetiisti.
3242 2686 3368 2740 Non
3401 2682 3598 2738 solum

1942 2776 2006 2831 in
2044 2775 2224 2832 rebus
2256 2791 2436 2847 supra
2465 2774 2748 2847 expositis
2791 2772 3030 2829 inferior
3061 2773 3239 2839 fuisti,
3297 2773 3401 2827 sed
3453 2777 3510 2826 et
3537 2771 3598 2826 in

1941 2864 2068 2920 istis
2114 2881 2234 2921 non
2276 2864 2541 2936 superari
2596 2879 2715 2918 non
2759 2863 2975 2935 poteris
3033 2868 3240 2917 contra
3293 2861 3597 2915 veritatem

1942 2957 2333 3025 praeparatus.
2364 2955 2529 3007 Nunc
2577 2966 2719 3020 ergo
2751 2950 2827 3006 ad
2859 2965 3125 3021 pugnam
3182 2963 3377 3017 surge.
3426 2949 3598 3002 Estne

1944 3041 2144 3114 aliqua
2172 3041 2269 3095 Dei
2295 3057 2436 3112 erga
2477 3039 2749 3095 homines
2793 3038 3160 3110 providentia
3189 3038 3384 3108 potius
3413 3051 3598 3106 quam

208 3134 315 3206 γὰρ
349 3137 445 3184 καὶ
506 3134 698 3184 τούτων
738 3132 768 3190 ἠ
830 3127 1156 3207 δημιουργία
1210 3137 1299 3185 καὶ
1360 3135 1390 3192 ἠ
1460 3139 1676 3205 πρόνοια
1739 3131 1831 3186 διὰ

1948 3145 2085 3201 erga
2097 3128 2495 3186 animantium
2517 3132 2786 3184 armenta
2801 3128 2828 3182 ?
2852 3128 3104 3198 Negabis
3131 3127 3270 3182 forte
3297 3143 3310 3193 ;
3335 3130 3601 3183 attamen

210 3225 312 3280 τὴν
345 3229 449 3273 τῶν
511 3219 792 3297 ἀνθρώπων
850 3226 1055 3295 χρείαν.
1117 3221 1318 3274 Οὐκοῦν
1375 3218 1498 3275 οὐδὲ
1556 3224 1745 3295 ὁμοίως
1783 3221 1831 3274 ἐν

223 3309 529 3386 ἀνθρώποις
553 3329 605 3364 τε
647 3315 735 3362 καὶ
765 3317 872 3373 τοῖς
897 3309 1069 3373 ἄλλοις
1101 3311 1256 3374 ζώοις
1297 3313 1326 3371 ἡ
1360 3319 1450 3364 τοῦ
1513 3314 1650 3364 θείου
1708 3332 1834 3385 παρ-

212 3401 411 3456 οὖσία.
448 3407 533 3454 Ἓν
589 3403 690 3475 γὰρ
732 3399 785 3452 ὃν
851 3405 940 3452 καὶ
994 3399 1328 3462 ἀπληθύντως
1365 3401 1720 3460 πληθύνεσθαι
1756 3401 1832 3454 λέ-

211 3509 376 3562 γεται
436 3507 448 3518 '
477 3490 611 3542 ὥστε
671 3508 755 3542 σοι
805 3491 859 3542 αἱ
888 3489 1073 3542 πολλαὶ
1119 3495 1318 3565 μορφαὶ
1378 3491 1445 3552 εἰς
1496 3495 1619 3562 μίαν
1669 3497 1830 3563 μόνην

215 3584 318 3638 τήν
388 3575 666 3650 ἀνθρώπων
734 3574 1120 3638 διηλάσθησανο
1195 3577 1352 3651 Ὀρᾴς
1416 3581 1549 3642 ὅπως
1611 3580 1835 3652 εὐχερῶς

217 3670 246 3721 ὁ
273 3675 377 3730 τῆς
425 3666 662 3728 ἀπιστίας
715 3673 1030 3720 καταπίπτει
1080 3673 1379 3743 πρόμαχος.
1421 3675 1522 3722 Καὶ
1559 3674 1610 3722 τί
1641 3678 1832 3737 τοῦτο;

221 3761 395 3831 φησίν

222 3852 404 3920 Λόγος
434 3845 760 3920 ὑπεξέφυγεν,
812 3845 918 3898 ἀλλ’
970 3842 1057 3898 οὖν
1110 3850 1168 3900 τὸ
1216 3853 1287 3920 μή
1350 3846 1450 3900 ἀπὸ
1488 3855 1615 3921 μιᾶς
1643 3852 1839 3923 παρθέ-

217 3957 340 3999 νου,
376 3933 484 3986 ἀλλ’
531 3933 585 3986 ix
627 3943 808 3986 πασῶν
857 3944 1116 4006 γυναικῶν
1161 3940 1252 3990 καὶ
1309 3939 1572 4010 παρθένων
1635 3939 1838 4011 σάρκω-

449 3773 462 3786 ⁸
511 3756 570 3809 Εἰ
628 3759 730 3830 γάρ
762 3761 850 3809 καὶ
901 3765 999 3809 τῶν
1047 3757 1211 3809 ἄλλων
1246 3759 1390 3818 ζώων
1442 3762 1536 3822 τάς
1570 3763 1768 3832 μορφὰς
1809 3762 1835 3812 ὁ

222 4045 314 4077 σιν
359 4023 525 4095 λέγειν
576 4021 922 4078 ὑπολείπεται.
979 4022 1137 4091 Ἀλλ’,
1200 4021 1240 4076 ὦ
1292 4023 1472 4096 ἀγαθὲ,
1527 4029 1719 4098 φανερά
1747 4029 1836 4097 μὲν

215 4112 500 4166 κάνταῦθα
535 4113 566 4171 ἠ
599 4121 698 4164 τῶν
756 4110 1119 4185 ἀναισχύντων
1172 4113 1220 4166 ἐν
1277 4115 1352 4176 οἷς
1411 4117 1639 4187 ἔφθασαν
1697 4113 1838 4166 ἀναι-

222 4205 642 4275 σχυντήσαντες,
674 4210 874 4263 πτῶσις
920 4221 931 4233 ·
966 4202 1104 4273 ὅμως
1145 4198 1232 4255 οὖν
1261 4206 1327 4266 ὡς
1355 4199 1500 4255 δοκεῖ
1544 4202 1840 4256 ἀναστάντα

354 4329 369 4342 .
413 4289 713 4363 ἀποχρήσει
742 4309 832 4362 μοι
883 4290 1034 4343 πάλιν
1086 4311 1143 4344 σε
1197 4287 1307 4354 τοῖς
1367 4299 1545 4364 σοφοῖς
1575 4291 1836 4345 καταϐάλ-

218 4382 333 4436 λειν
385 4378 581 4452 λόγοις,
645 4375 927 4432 ’Δδύνατον
973 4383 1071 4453 γὰρ
1121 4384 1275 4453 φαίην
1326 4380 1386 4432 ἂν
1438 4384 1599 4453 ἔγωγε
1649 4381 1837 4453 μᾶλλον

215 4475 310 4525 τὸν
368 4467 510 4532 ἅπαξ
556 4470 884 4542 σαρκωθὲντα
935 4465 1182 4544 δευτέρας
1239 4477 1551 4544 σαρκώσεως
1604 4467 1836 4526 δεῖσθαι.

222 4558 440 4613 Οὐκοῦν
491 4553 613 4610 οὐδε
663 4557 693 4614 ἠ
743 4552 836 4608 διά
887 4566 1062 4609 ποσῶν
1105 4566 1204 4610 τῶν
1251 4560 1514 4632 παρθένων
1578 4562 1840 4633 σάρκωσις

223 4653 421 4721 χώραν
452 4647 584 4718 ἕχει,
612 4648 762 4718 μόνη,
797 4649 928 4718 μόνη
961 4642 1019 4699 δε
1048 4647 1078 4704 ἡ
1106 4642 1200 4699 διά
1228 4653 1372 4719 μιᾶς.

781 4935 1096 4984 ΕΡΩΤΗΣΙΣ
1135 4929 1286 4985 ΣΚΔ’.

230 5024 476 5092 Πότερον-
538 5019 588 5092 οἱ
663 5013 904 5092 δαίμονες
977 5022 1156 5072 ἴσασιν
1226 5022 1291 5081 ὡς
1354 5027 1718 5092 μετανοοῦντες
1769 5022 1845 5092 ἔφ’

304 5088 383 5164 οἷς
423 5088 763 5164 *Αὲτόλμησαν
821 5088 1054 5163 ἀφίενται
1129 5099 1218 5144 τοῦ
1305 5088 1648 5164 τολμήματος,
1727 5088 1845 5151 ἤτοι

303 5157 456 5224 ἅπαξ
546 5157 872 5232 θεοσοφίας’
921 5166 1160 5226 πεσόντες
1263 5168 1351 5215 καὶ
1393 5157 1403 5164 ’
1455 5157 1547 5222 τήν
1633 5157 1844 5216 ’τούτου

303 5240 506 5306 γνῶσιν
545 5235 980 5308 συναφῃρίθησαν
1009 5251 1024 5302 ;

1940 3220 2188 3276 istorum
2227 3218 2443 3274 creatio
2473 3225 2528 3273 et
2559 3215 2932 3288 providentia
2960 3232 3083 3271 non
3109 3225 3198 3271 est
3238 3214 3351 3270 nisi
3386 3213 3464 3270 ad
3493 3213 3605 3268 ho-

1945 3309 2163 3365 minum
2193 3307 2488 3364 utilitatem
2522 3325 2534 3362 :
2560 3322 2682 3362 non
2704 3322 2841 3376 ergo
2873 3307 3086 3362 eadem
3131 3309 3219 3360 est
3249 3304 3311 3359 in
3341 3302 3599 3360 homini-

1942 3399 2057 3455 bus
2086 3402 2144 3454 et
2188 3399 2247 3453 in
2295 3395 2424 3453 aliis
2472 3396 2757 3452 creaturis
2808 3395 2908 3450 Dei
2953 3394 3340 3467 providentia.
3397 3394 3601 3447 Unum

1945 3488 2101 3544 enim
2133 3503 2272 3543 cum
2299 3487 2390 3556 sit,
2424 3491 2479 3541 et
2503 3486 2562 3542 in
2611 3484 2949 3540 diversitate
2981 3499 3100 3539 non
3129 3482 3448 3555 multiples,
3496 3483 3608 3537 im-

1945 3591 2194 3633 mensus
2208 3575 2424 3631 dicitur
2443 3576 2567 3631 sine
2587 3574 3038 3646 multiplicitate,
3063 3573 3144 3629 ita
3169 3578 3231 3628 ut
3261 3570 3460 3627 multas
3491 3570 3607 3626 for-

1946 3684 2050 3723 mas
2095 3667 2172 3722 ad
2200 3681 2384 3722 unam
2413 3663 2795 3720 solummodo
2831 3663 3164 3720 humanam
3218 3662 3604 3718 reducantur.

1945 3753 2122 3813 Vides
2151 3759 2382 3828 quanta
2414 3753 2689 3810 facilitate
2717 3753 2834 3808 ruit
2881 3753 3142 3824 primum
3175 3750 3601 3806 incredulitatis

1946 3846 2278 3902 munimen.
2314 3843 2426 3900 Sed
2454 3843 2528 3898 ad
2563 3843 2706 3916 quid
2729 3841 2872 3897 illud
2897 3840 2923 3894 ?
2952 3841 3165 3914 inquit,
3194 3841 3242 3895 si
3276 3840 3433 3895 enim
3455 3839 3600 3895 alio-

1946 3951 2080 3990 rum
2107 3931 2502 3988 animantium
2549 3931 2770 3987 formas
2802 3931 3064 3986 Verbum
3089 3945 3204 3984 non
3236 3929 3448 3997 induit,
3469 3926 3604 3983 reli-

1946 4039 2136 4097 quum
2167 4028 2253 4078 est
2275 4028 2336 4076 ut
2363 4036 2484 4076 non
2515 4019 2592 4076 ab
2644 4035 2761 4075 una
2789 4019 3035 4088 virgine,
3071 4017 3174 4074 sed
3202 4033 3270 4072 ex
3321 4016 3606 4072 omnibus

1950 4110 2296 4167 mulieribus
2327 4112 2384 4164 et
2432 4108 2761 4177 virginibus
2804 4107 2955 4162 illud
2988 4107 3369 4161 incarnatum
3426 4103 3606 4159 fuisse

1947 4199 2197 4256 dicatur.
2232 4197 2367 4261 Sed,
2388 4213 2423 4252 o
2453 4196 2663 4260 amice,
2695 4195 2941 4251 visibilis
2975 4199 3061 4250 est
3090 4199 3143 4250 et
3172 4193 3268 4248 hic
3295 4192 3602 4264 impuden-

1951 4289 2095 4344 tium
2117 4287 2311 4359 culpa,
2338 4287 2396 4341 in
2426 4285 2646 4357 quibus
2690 4301 2812 4340 non
2862 4283 3186 4339 timuerunt
3217 4297 3345 4336 sese
3389 4281 3604 4335 irreve-

1949 4382 2142 4433 renter
2182 4377 2419 4432 habere.
2463 4373 2650 4430 Simul
2708 4389 2872 4443 ergo,
2925 4377 2986 4428 ut
3035 4372 3291 4434 videtur,
3339 4385 3605 4425 resurre-

1949 4472 2110 4522 ctum
2150 4508 2162 4519 .
2185 4507 2198 4520 .
2223 4510 2235 4523 .
2278 4464 2420 4520 satis
2442 4468 2568 4519 erat
2593 4462 2739 4519 mihi
2768 4469 2820 4519 te
2850 4463 3062 4518 iterum
3086 4459 3448 4532 sapientibus
3484 4475 3607 4514 ver-

1951 4557 2041 4612 bis
2069 4555 2344 4610 refutare.
2395 4553 2571 4623 Magis
2619 4553 2777 4608 enim
2830 4550 3200 4622 impossibile
3250 4549 3448 4604 dicam
3494 4563 3608 4618 ego

1951 4645 2117 4700 illum
2129 4644 2234 4718 qui
2252 4642 2433 4699 semel
2448 4645 2791 4698 incarnatus
2807 4646 2897 4696 est
2917 4638 3608 4696 secundaincarnatione

1951 4733 2234 4806 indigere.
2275 4732 2390 4788 Nec
2429 4746 2570 4801 ergo
2601 4747 2674 4786 ex
2725 4729 3008 4786 omnibus
3061 4727 3385 4799 virginibus
3421 4728 3610 4783 incar-

1952 4824 2114 4882 natio
2143 4823 2342 4880 locum
2362 4821 2543 4878 habet
2570 4818 2958 4876 solummodo
3004 4824 3206 4874 autem
3248 4832 3320 4873 ex
3361 4831 3500 4873 una.

2415 4928 2734 4996 QUIESTIO
2763 4926 3013 4982 CCXXIV
3044 4925 3145 4997 (ί).

1962 5023 2172 5080 Utrum
2200 5019 2429 5075 diaboli
2451 5021 2644 5074 sciant
2671 5017 2831 5088 quod
2850 5015 3259 5088 paenitentiam
3285 5013 3511 5084 agendo
3541 5013 3613 5088 de

2027 5093 2116 5149 his
2143 5106 2272 5163 quae
2288 5086 2726 5163 commiserant,
2744 5103 2780 5163 ᾳ
2794 5088 3050 5163 peccatis
3068 5087 3493 5163 tibeijai'entur,
3521 5086 3611 5163 vel

2028 5156 2228 5219 utram
2268 5163 2490 5217 semeta
2511 5159 2805 5229 sapientia
2825 5159 3030 5216 divina
3061 5159 3232 5227 lapsi,
3258 5158 3435 5230 hujus
3466 5156 3610 5212 noti-

2029 5236 2113 5291 tia
2140 5232 2366 5304 privati
2395 5235 2528 5288 sint.

553 5319 707 5372 Edita
726 5335 761 5372 a
787 5321 924 5372 Maio
946 5322 1001 5386 (1.
1025 5336 1071 5373 c.
1103 5337 1156 5388 p.
1185 5323 1313 5386 Mi).
1359 5348 1419 5361 —
1483 5323 1551 5374 De
1578 5323 1854 5389 lapsorum
1896 5324 2212 5386 angelorum
2238 5334 2332 5372 seu
2382 5321 2690 5372 dinmonum
2720 5319 3037 5385 cognitione-
3055 5321 3110 5370 οἱ
3138 5321 3299 5370 statu.

307 5401 448 5456 Ἀλλ’
525 5401 569 5456 εἰ
617 5405 710 5476 μεν
761 5405 821 5456 τὸ
878 5408 1146 5480 πρότερον,
1199 5412 1309 5468 πῶς
1360 5403 1639 5478 ἀσώματος
1694 5407 1846 5479 φύσις

2024 5403 2193 5470 Quod
2224 5403 2271 5458 si
2300 5402 2560 5476 primum
2590 5402 2844 5466 dicatur,
2897 5400 3208 5474 quomodo
3239 5399 3600 5471 incorporea

1816 5512 2036 5570 ΝΟΤᾸΞ.

310 5615 393 5689 (1)
424 5615 544 5675 Hac
572 5615 898 5691 quastione
935 5620 1139 5676 carent
1167 5601 1293 5676 tum
1323 5617 1721 5678 Coislinianus
1750 5624 1880 5678 tum
1930 5619 2313 5677 Taurinensis
2366 5600 2577 5677 c0dex.
