4076 6202
446 287 582 345 1015

1588 326 1591 329 -
1668 285 1909 341 ΡΗΟΤΙΙ
1948 282 2435 341 PATRIARCHIE
2462 285 2569 343 ΕΡ.

3692 291 3834 345 1016

437 420 667 495 natura,
710 428 818 469 nec
838 418 994 468 tanto
1033 414 1229 470 carnis
1247 430 1424 470 onere
1444 417 1691 483 gravato
1717 412 1815 469 illa
1830 427 1956 483 quae
1974 410 2081 465 sibi

2196 414 2283 462 xui
2332 408 2472 483 μηδὲ
2536 412 2819 473 τοσαύταις
2886 408 3155 484 βαρύτησι
3212 414 3409 485 σαρκὸς
3459 414 3839 481 καθελκομένη

438 503 707 573 subjecta
739 510 823 558 est
853 504 1107 559 deterior
1144 504 1308 559 ﬁeret
1346 503 1373 558 ‘I
1414 504 1567 559 Multi
1610 503 1769 557 enim
1811 500 2086 556 homines

438 592 515 647 ad
536 591 898 663 profundum
920 592 1057 647 mali
1083 594 1474 664 perventi,per
1492 590 1900 663 pcenitentiam
1917 605 2089 644 suam

439 680 697 751 primam
740 680 975 734 vivendi
1017 682 1306 736 rationem
1349 686 1729 753 superarunt.
1788 678 1847 734 Si
1888 685 2089 733 autem

440 772 568 839 post
606 767 841 822 illorum
875 768 1102 839 lapsum
1145 772 1394 825 omnino
1434 770 1698 825 audacia:
1738 774 1794 823 et
1849 781 2091 823 conver-

437 857 620 911 sionis
647 856 811 911 inscii
853 856 989 911 facti
1032 864 1186 923 sunt,
1213 864 1268 914 et
1291 860 1369 913 sic
1401 859 1456 913 in
1487 858 1799 931 profundis
1833 854 2092 911 tenebris

435 946 734 1013 rugientes
765 946 1151 1017 sepeliuntur,
1192 947 1500 1019 quomodo
1529 948 1607 1002 ad
1637 946 1927 1001 malitiam
1967 960 2095 999 om-

434 1050 572 1089 nem
606 1050 851 1089 sensum
876 1042 1254 1106 superantem
1290 1052 1408 1091 non
1437 1035 1745 1107 impellant
1788 1034 2088 1096 homines,

433 1122 493 1177 in
534 1124 753 1195 quibus
783 1139 976 1196 neque
1007 1142 1151 1181 cura
1182 1140 1340 1196 saepe
1372 1126 1616 1180 deduxit
1651 1124 1727 1179 ad
1776 1139 1897 1178 non
1938 1122 2094 1177 dete-

434 1212 628 1280 genda
669 1219 915 1284 peccata
956 1214 1132 1268 simul
1172 1216 1425 1269 excitant
1456 1220 1510 1269 et
1542 1215 1842 1269 attrahunt
1888 1210 1916 1265 7
1973 1214 2094 1266 Tua

433 1316 594 1369 ergo,
629 1306 691 1355 ut
732 1307 895 1372 puto,
931 1303 976 1356 si
1010 1302 1205 1373 plures
1238 1318 1546 1357 sermones
1579 1306 1638 1357 in
1682 1317 1867 1356 unum
1900 1300 2094 1369 magis

433 1389 935 1457 coadunarentur,
960 1392 1089 1446 talis
1121 1397 1272 1446 esset
1313 1392 1639 1464 propositio
1702 1408 1713 1444 :
1758 1390 1965 1460 lapsus
2007 1394 2094 1444 est

435 1478 749 1533 diabolus:
784 1482 1092 1551 quomodo
1114 1481 1521 1551 pcenitentiam
1546 1485 1731 1549 agat?
1768 1480 1871 1534 sed
1901 1478 2095 1534 obcae-

431 1572 599 1623 catus
623 1574 743 1622 est:
780 1568 937 1623 unde
969 1569 1081 1623 ista
1100 1570 1428 1623 obcaacatio
1451 1575 1476 1621 9
1504 1571 1625 1639 ipse
1649 1571 1807 1622 enim
1841 1567 2092 1622 aliorum

435 1657 856 1713 obcaecationis
882 1674 1067 1712 causa
1092 1664 1201 1714 est.
1256 1659 1568 1721 Quomodo
1583 1672 1723 1724 ergo
1761 1657 2095 1710 obcaecatus

436 1746 510 1800 sit
549 1748 575 1796 7
606 1747 705 1799 sed
738 1762 845 1800 nec
875 1746 1208 1801 obcaecatos
1249 1746 1439 1801 facere
1506 1751 1563 1800 et
1628 1745 2094 1800 obcaacationem
2132 1769 2170 1822 Β

435 1850 653 1903 augere
694 1839 903 1904 potest.
930 1834 1245 1899 Quomodo
1276 1842 1474 1890 autem
1502 1835 1593 1889 ille
1633 1836 1735 1905 qui
1769 1835 1826 1888 in
1866 1834 2093 1888 bonum

433 1922 681 1977 omnino
712 1922 1001 1978 formatus
1040 1930 1147 1987 est,
1171 1926 1245 1977 ad
1306 1924 1447 1978 illud
1515 1924 1677 1977 nullo
1730 1922 1925 1990 modo,
1967 1937 2093 1977 sese

433 2011 690 2075 inclinet,
722 2012 796 2066 ad
826 2013 991 2084 quod
1032 2018 1230 2068 autem
1259 2029 1378 2068 non
1420 2013 1676 2068 directus
1709 2017 1816 2077 est,
1860 2011 1916 2065 in
1950 2010 2092 2065 illud

434 2114 497 2165 se
537 2100 853 2169 immergat
883 2104 908 2151 τί
938 2107 990 2156 et
1041 2102 1188 2173 quid
1229 2101 1374 2155 forte
1416 2101 1529 2156 hoc
1551 2107 1703 2155 esset
1756 2098 1921 2171 quod
1972 2115 2091 2154 non

431 2188 677 2260 dignata
701 2189 998 2245 diabolica
1033 2196 1204 2259 gente
1230 2190 1360 2245 illos
1380 2190 1641 2260 suscepit
1668 2200 1693 2248 (ἰ

888 2298 1208 2363 QU/ESTIO
1249 2296 1467 2352 ccxxv
1499 2296 1598 2368 (ι).

437 2385 705 2440 Hominis
739 2386 1106 2441 ethnicarum
1164 2386 1420 2453 partium
1458 2386 1708 2440 studiosi
1750 2400 1885 2439 cum
1920 2381 2091 2438 Chri-

506 2456 701 2510 stiano
720 2457 1017 2525 dialogus,
1038 2473 1136 2513 seu
1151 2461 1348 2526 capita
1371 2457 1639 2528 quaedam
1654 2455 1864 2527 quibus
1895 2454 2091 2509 Trini-

509 2532 598 2581 tas
630 2529 933 2581 asseritur.

630 2542 933 2583 asseruur.

2197 508 2287 560 τῆς
2348 502 2446 552 υπὸ
2539 504 2723 552 τούτου
2793 504 3147 571 συνεχομένης
3211 507 3402 575 χείρων
3480 509 3835 575 γεγένηται;

2201 589 2382 641 Πολλοὶ
2418 592 2517 664 γὰρ
2574 589 2852 663 ἀνθρώπων
2912 589 2976 649 εἰς
3030 592 3259 661 ἔσχατον
3301 592 3581 653 ἐλάσαντες
3656 604 3838 647 κακοῦ

2201 674 2292 729 δια
2330 684 2601 749 μετανοίας
2649 683 2734 729 καὶ
2777 686 2867 738 τῆς
2919 683 3176 753 προτέρας
3237 680 3407 741 αὐτοῖς
3468 681 3704 743 ἐνούσης
3746 703 3846 735 πο-

2198 766 2381 826 λιτείας
2413 768 2802 841 ύπερῄρθησαν.
2857 767 2915 819 Εἰ
2956 762 3014 818 δὲ
3063 772 3194 838 μετὰ
3250 774 3343 827 τὴν
3373 779 3576 824 πτῶσιν
3642 768 3843 825 διόλου

2200 858 2411 916 τούτους
2447 861 2535 907 xui
2587 864 2677 916 τῆς
2734 854 2925 926 τόλμης
2972 860 3060 907 xui
3107 864 3205 916 τῆς
3261 856 3667 931 ἐπαναστροφῆς
3723 860 3851 912 ἔλα-

2201 941 2282 994 ϐεν
2336 944 2539 1013 ἄγνοια,
2574 947 2660 995 καὶ
2708 943 2842 994 οὕτω
2890 942 3046 1014 βαθεῖ
3098 950 3268 1016 σκότῳ
3334 952 3635 1019 μεμυκότες
3693 951 3843 1001 καθ-

2202 1027 2436 1097 εύδουσι,
2486 1040 2593 1093 πῶς
2649 1032 2719 1092 εἰς
2772 1038 3089 1105 κακουργίαν
3142 1039 3317 1085 πᾶσαν
3362 1038 3600 1089 ἐπίνοιαν
3656 1040 3841 1109 ὑπερ-

2203 1118 2490 1172 ϐάλλουσαν
2548 1121 2641 1172 οὐκ
2699 1118 2875 1173 ἀνιᾶσι
2918 1126 3038 1182 τούς
3096 1122 3393 1196 ἀνθρώπους
3441 1125 3518 1196 ἐφ’
3570 1128 3657 1187 οἷς
3708 1124 3849 1180 οὐδε

2202 1209 2475 1281 μελέτησις
2513 1210 2761 1272 πολλάκις
2819 1216 3161 1285 προηγήσατο
3216 1213 3280 1272 εἰς
3340 1212 3685 1288 ἀπορρήτους
3722 1217 3848 1268 τόλ-

2202 1319 2301 1370 μας
2345 1299 2455 1369 ἅμα
2513 1298 2806 1372 ὶρεθίζουσί
2848 1318 2901 1351 τε
2939 1304 3028 1351 xui
3080 1302 3545 1371 συγκαθέλκουσι;
3613 1310 3687 1357 Τό

2205 1390 2314 1453 σόν,
2345 1390 2413 1447 ὡς
2438 1389 2688 1457 ἠγοῦμαι,
2734 1392 2776 1440 εῖ
2813 1407 2892 1450 τις
2944 1393 3060 1449 τούς
3107 1389 3327 1451 πολλοὺς
3373 1400 3844 1469 συνοπικωτερον

3510 1484 3747 1535 ἔπταισε
3779 1490 3842 1537 τό

3048 1566 3192 1620 Ἀλλ’
3249 1567 3497 1642 ἐπωρώθη
3552 1592 3566 1603 ο
3596 1574 3767 1625 ποθεν
3810 1577 3837 1631 ἡ

2205 1479 2336 1528 εἴποι
2370 1476 2573 1547 λόγους,
2606 1485 2853 1529 τοσοῦτον
2914 1476 2972 1528 ἂν
3001 1481 3078 1536 εἰη
3135 1479 3412 1551 πρόϐλημα
3451 1500 3465 1513 σ

2204 1562 2473 1637 δαιμόνιον
2534 1580 2546 1594 ⁸
2603 1570 2652 1617 τί
2704 1574 2986 1638 μετανοεῖ;

2204 1660 2441 1726 πώρωσις
2476 1671 2489 1719 ;
2524 1654 2665 1707 Λύτὸ
2722 1658 2823 1727 γὰρ
2874 1665 2973 1706 τῶν
3040 1656 3198 1707 ἱλλων
3256 1658 3403 1709 αἰτία
3450 1666 3761 1732 πωρώσεως
3825 1680 3838 1691 ·

2204 1742 2331 1794 ἀλλὰ
2384 1749 2694 1817 πεπώρωται
2746 1765 2758 1776 ·
2824 1752 2931 1805 πῶς
2996 1745 3089 1796 oux
3146 1744 3446 1820 ἐπωρώθη;
3504 1748 3647 1801 Ἀλλ’
3710 1754 3843 1804 οὔτε

2203 1835 2603 1905 πεπωρωμένους
2663 1840 2826 1884 ποιεῖν
2901 1838 2990 1886 xui
3065 1834 3298 1896 αὐξάνειν
3374 1840 3463 1893 τὴν
3541 1846 3839 1908 πώρωσιν.

2205 1929 2314 1982 Πῶς
2359 1918 2407 1973 δ’
2459 1920 2538 1972 ἐπ’
2592 1921 2771 1992 ἀγαθῷ
2845 1922 3071 1975 «mea
3116 1923 3243 1986 ὅλως
3315 1929 3513 1977 νένευκε
3742 1930 3844 1981 ού-

2203 2004 2404 2081 δαμὼς,
2460 2014 2584 2080 πρὸς
2646 2015 2676 2062 ὅ
2725 2007 2782 2062 δε
2833 2015 2905 2083 μὴ
2966 2015 3216 2085 προήχθη
3263 2016 3332 2075 ὡς
3381 2014 3541 2067 ἐκεῖνο
3591 2023 3839 2071 καταπέ-

2200 2114 2415 2163 πτωκε;
2470 2104 2554 2150 xui
2604 2104 2656 2151 τί
2694 2098 2753 2150 ἃν
2806 2099 2963 2152 ἐκεῖνο
3020 2104 3120 2163 εἴη,
3179 2101 3203 2153 ὁ
3262 2107 3333 2174 μὴ
3390 2108 3679 2174 τραπέντος
3735 2116 3839 2159 τοῦ

2201 2183 2475 2249 δαιμονίου
2508 2188 2665 2260 φύλου
2693 2191 2907 2251 τούτους
2933 2186 3218 2253 ὑπεδέξατο
3256 2208 3269 2256 ;

2734 2297 3058 2351 ΕΡΩΤΗΣΙΣ
3098 2297 3255 2352 ΣΚΕ”

2196 2382 2284 2445 Ὠς
2375 2382 2422 2435 ἐν
2493 2380 2749 2462 Δ,διαλέξει
2791 2458 2813 2462 _
2848 2386 3201 2462 ﬁla-rinam;
3294 2392 3381 2440 xui
3487 2397 3831 2462 Χριστιανοῡ

2376 2455 2643 2527 κεφάλαια,
2679 2453 2749 2508 δι’
2781 2458 2846 2508 ὧν
2886 2460 3334 2519 κατασκευάζεται
3372 2462 3401 2518 ἠ
3443 2453 3628 2535 Τρίάς.

992 2624 1143 2673 Eidta
1168 2640 1197 2672 a
1229 2625 1365 2673 Maio
1384 2624 1531 2679 (Nov.
1568 2624 1695 2673 Coll.
1722 2623 1811 2679 LI,
1846 2638 1895 2686 p.
1920 2622 2165 2681 202-207).
2210 2648 2270 2661 —
2301 2624 2372 2673 De
2404 2628 2589 2673 sancta
2624 2622 2907 2675 Tminitate
2942 2626 3207 2691 dialogus.

501 2713 813 2768 Ethnicus.
848 2716 990 2768 Cum
1025 2720 1075 2768 te
1103 2714 1413 2769 Christiani
1450 2714 1749 2781 dogmatis
1796 2719 2082 2782 protecto-

429 2818 552 2858 rem
582 2802 851 2858 noverim
867 2819 935 2858 ac
971 2809 1500 2874 propugnatorem,
1524 2818 1631 2857 nec
1673 2818 1790 2856 non
1815 2801 2083 2873 benigni-

427 2896 545 2947 tate
587 2891 929 2961 fulgentem,
990 2908 1111 2948 non
1174 2892 1423 2947 verebor
1476 2891 1850 2963 disquirendi
1896 2892 2082 2960 gratia

2262 2712 2587 2773 Ἑλληνίζων.
2662 2721 2765 2767 Τοῦ
2815 2722 3136 2788 Χριστιανοῦ
3219 2737 3275 2770 σε
3346 2715 3618 2791 δόγματος
3688 2742 3823 2796 προ-

2193 2808 2457 2860 ασπιστὴν
2487 2799 2635 2863 εἰδὼς
2660 2809 2749 2855 καὶ
2782 2805 3109 2879 ύπέρμαχον,
3138 2805 3297 2879 άλλως
3335 2827 3387 2859 τε
3427 2805 3486 2860 δι
3526 2816 3615 2861 καὶ
3653 2810 3825 2863 ἐπιει-

2191 2896 2304 2962 κείᾳ
2354 2891 2793 2963 λαμπρυνόμενον,
2854 2894 2947 2945 οὐκ
3025 2893 3085 2945 ἂν
3138 2895 3473 2954 εὐλαϐηθείην
3526 2898 3818 2971 λογισμοῖς

423 2997 740 3051 exponere,
775 2981 1071 3052 siquidem
1104 2986 1165 3036 tu
1207 2982 1449 3048 annuis,
1506 2981 1733 3053 antiqui
1771 2980 2081 3052 praecipui-

2196 2978 2411 3041 ἐτάσεως
2444 2980 2737 3045 ὑποϐαλεῖν,
2770 2985 2871 3053 εἴγε
2910 2988 2997 3034 καὶ
3058 2984 3210 3045 αὐτὸς
3252 2984 3524 3049 ἐπινεύοις,
3553 2996 3647 3039 τοῦ
3685 2990 3815 3061 παρ’

422 3087 538 3143 que
561 3070 721 3142 apud
754 3086 856 3125 vos
881 3071 1173 3125 sermonis
1197 3072 1550 3125 sententiam
1577 3087 1587 3125 :
1623 3086 1807 3141 quam
1832 3069 2077 3142 quidem

422 3173 533 3227 ego
568 3159 739 3214 valde
772 3159 1181 3214 incredibilem
1216 3175 1342 3213 esse
1366 3159 1540 3213 video
1586 3176 1598 3224 ;
1628 3166 1683 3214 et
1710 3160 1754 3213 si
1786 3158 1933 3213 forte
1959 3173 2079 3212 cre-

420 3246 619 3301 dibilis
652 3247 773 3311 ﬁat,
800 3248 979 3302 nihilo
1018 3254 1215 3304 tamen
1248 3249 1444 3302 minus
1483 3247 1925 3302 contradicendi
1956 3247 2077 3301 vim

421 3335 662 3403 habere,
692 3342 869 3407 atque
902 3337 959 3391 id
980 3338 1171 3407 ipsum
1191 3336 1675 3408 evertendiquod
1690 3336 1916 3407 pridem
1946 3336 2077 3389 nisa

418 3432 541 3479 erat
565 3430 851 3479 astruere.

490 3511 884 3567 Christianus.
919 3515 1205 3578 Quaenam
1238 3530 1374 3568 vero
1402 3512 1503 3568 tibi
1528 3514 1672 3568 ratio
1702 3513 1786 3566 sic
1814 3512 2075 3583 cogitare

417 3599 699 3671 loquique
739 3603 968 3655 suasit?
1001 3604 1154 3656 Sane
1176 3602 1340 3673 quod
1373 3608 1470 3657 tua
1493 3602 1695 3672 opinio
1739 3616 1930 3671 neque
1964 3616 2075 3654 nos

414 3702 608 3758 neque
642 3688 945 3743 veritatem
975 3696 1307 3760 oppugnet,
1352 3690 1433 3744 nil
1463 3706 1616 3759 opus
1672 3694 1758 3742 est
1822 3690 2015 3742 dicere
2058 3704 2071 3743 :

413 3776 578 3847 quod
605 3783 801 3831 autem
840 3776 874 3830 ii
908 3778 1007 3850 qui
1041 3777 1376 3847 caliginosis
1408 3777 1795 3847 dogmatibus
1857 3777 2075 3832 obscu-

413 3872 639 3930 rantur,
695 3865 994 3934 religionis
1038 3872 1210 3921 rectte
1259 3866 1463 3921 lumen
1520 3882 1640 3920 non
1711 3867 1972 3929 videant,
2014 3867 2073 3921 id

409 3968 651 4025 quoque
684 3954 850 4009 facile
901 3954 1260 4025 intelligitur.
1326 3958 1465 4010 Fare
1520 3970 1631 4024 age
1684 3959 1887 4010 tamen
1942 3957 2071 4026 qui-

408 4042 669 4098 busnam
702 4048 763 4098 tu
794 4044 1123 4099 rationibus
1172 4045 1470 4114 impulsus
1511 4044 1696 4107 dicas,
1729 4049 1965 4099 nostros
1999 4044 2072 4099 de

407 4133 689 4203 religione
730 4150 1061 4197 sermones,
1120 4134 1265 4189 dum
1324 4151 1448 4189 rem
1499 4134 1748 4189 suadere
1809 4133 2069 4197 student,

408 4236 541 4275 eam
571 4222 759 4293 potius
790 4222 1200 4277 incredibilem
1231 4238 1301 4278 ac
1318 4223 2073 4277 demonstratione'caren-

412 4314 529 4365 tem
561 4311 900 4367 ostendere.

482 4399 621 4454 Eth.
660 4399 850 4454 Fabor
893 4399 1071 4468 igitur
1122 4414 1242 4453 non
1307 4414 1492 4454 novos
1549 4414 1742 4471 neque
1810 4414 2067 4471 nuperos

408 4503 737 4549 sermones,
773 4487 1145 4559 sedapriscis
1173 4488 1500 4543 admodum
1539 4488 1747 4542 vestris
1802 4488 2072 4558 patribus

410 4575 616 4630 dictos.
653 4577 745 4630 lsti
788 4577 947 4631 enim
980 4577 1123 4630 dum
1168 4577 1373 4631 Filium
1416 4582 1595 4648 atque
1644 4576 1925 4646 Spiritum
1955 4578 2071 4633 Deo

412 4664 750 4733 adjungunt
781 4665 891 4735 (est
929 4664 1088 4719 enim
1146 4665 1258 4719 hoc
1320 4672 1599 4732 vestrum,
1630 4681 1665 4719 ο
1730 4664 2068 4731 Christiani,

411 4753 633 4820 dogma
660 4760 715 4808 et
746 4753 1191 4825 magisterium),
1222 4754 1329 4808 has
1349 4754 1465 4808 fere
1489 4754 1772 4826 loquendi
1813 4754 2073 4826 argutias

411 4841 826 4912 interrogativa
866 4842 1057 4898 forma
1085 4848 1427 4898 contexunt.
1474 4846 1661 4898 Deum
1714 4844 1958 4898 minime
1982 4860 2065 4898 ca-

409 4944 536 4985 rere
573 4932 754 4985 verbo
788 4933 1002 4986 mentis
1036 4932 1215 5003 (λόγῳ)
1252 4932 1435 4987 dices.
1500 4934 1661 4987 Hanc
1724 4938 1785 4987 tu
1848 4934 1895 4987 si
1952 4932 2073 4989 bla-

413 5018 750 5090 sphemiam
787 5035 979 5084 caves,
1039 5020 1303 5091 profecto
1356 5019 1514 5075 dices
1568 5022 1816 5075 verbum
1863 5023 2073 5077 mentis

409 5107 632 5163 habere
667 5109 1031 5164 Deum.Item
1066 5110 1109 5163 si
1148 5111 1294 5164 Deus
1329 5124 1449 5164 non
1489 5116 1574 5164 est
1617 5110 1925 5175 exanimis,
1968 5126 2071 5165 ne-

412 5212 523 5269 que
547 5195 985 5253 insensibilium
1003 5214 1197 5253 rerum
1213 5203 1423 5253 natura
1474 5198 1777 5269 praeditus,
1795 5199 2073 5271 spiritum

412 5285 629 5342 habeat
654 5301 894 5341 necesse
915 5292 1027 5342 est.
1075 5290 1224 5357 Ergo
1265 5301 1460 5343 sermo
1486 5288 1560 5343 de
1609 5293 1823 5345 natura
1867 5287 2093 5345 divina.

2190 3069 2309 3140 ὑμῖν
2344 3068 2751 3142 πρεσϐευομένου
2801 3070 2956 3141 λόγου
3006 3077 3099 3129 τὴν
3144 3069 3405 3126 διάνοιαν·
3474 3077 3577 3149 ὁρῶ
3607 3080 3711 3149 γὰρ
3762 3078 3814 3130 ἐν

2190 3157 2317 3225 αὐτῇ
2350 3158 2475 3209 πολὺ
2525 3162 2615 3230 μεν
2650 3164 2707 3211 τό
2758 3160 3027 3212 ἀπείθανον
3075 3182 3088 3193 ·
3118 3158 3327 3214 ἐπειδὰν
3369 3160 3426 3215 δὲ
3458 3171 3515 3216 τό
3562 3168 3813 3218 πειθαιόν

2188 3243 2495 3311 ὑποδύοιτο,
2556 3248 2649 3300 ουκ
2704 3248 2895 3301 ἐλάττω
2951 3246 3216 3307 δηλοῦσαν
3284 3255 3369 3303 τὸν
3423 3253 3661 3325 ἔλεγχον,
3720 3263 3811 3309 καὶ

2186 3340 2647 3410 καταστρέφουσαν
2678 3336 3137 3400 ἂκατασκευάζειν
3162 3346 3448 3414 προῄρητο.

2258 3516 2589 3585 Χριστιανός.
2628 3519 2737 3573 Πῶς
2771 3509 2839 3572 δὴ
2893 3518 2982 3565 xui
3040 3520 3120 3576 τίς
3180 3535 3236 3567 σε
3261 3515 3413 3586 λόγος
3444 3514 3549 3570 ὧδε
3589 3528 3791 3591 φρονεῖν

2184 3604 2273 3651 καὶ
2298 3600 2457 3669 λέγειν
2491 3599 2792 3665 ἀνέπεισενς
2846 3608 2965 3654 Ὀτι
3017 3607 3107 3675 μὲν
3168 3606 3268 3678 γὰρ
3327 3606 3357 3661 ἡ
3414 3611 3479 3663 σὴ
3534 3603 3672 3669 δόξα
3702 3614 3793 3661 xui

2184 3690 2308 3759 ἡμῖν
2338 3694 2425 3741 xui
2459 3696 2517 3759 τῇ
2579 3689 2794 3761 ἀληθείᾳ
2832 3692 2890 3741 ού
2953 3695 3207 3763 μάχεται,
3259 3690 3409 3745 οὐδὲν
3443 3691 3525 3747 δεῖ
3570 3700 3758 3766 μαθεῖν
3783 3718 3795 3729 ·

2184 3780 2263 3829 ὅτι
2308 3774 2366 3830 δε
2418 3786 2521 3838 τοῖς
2586 3777 2631 3829 ἐν
2688 3777 2851 3849 ἁχλύῐ
2903 3776 3179 3851 δογμάτων
3232 3789 3606 3855 κατεχομένοις
3652 3788 3682 3843 ἠ
3715 3796 3806 3848 τῆς

2184 3865 2442 3928 εὐσεϐείας
2464 3867 2569 3937 οὐχ
2621 3869 2805 3941 ὁρᾶται
2854 3871 3170 3942 καθαρότης,
3227 3867 3351 3923 οὐδὲ
3389 3881 3543 3925 τοῦτο
3576 3872 3806 3947 ἐργῶδες

2182 3955 2363 4007 ἐννοεῖν
2413 3972 2425 3986 ·
2475 3956 2607 4013 πλὴν
2660 3955 2786 4008 ἀλλὰ
2833 3956 2964 4028 λέγε,
3025 3960 3074 4010 οῖ
3125 3978 3182 4011 σε
3224 3968 3321 4011 τῶν
3370 3960 3535 4031 λόγων
3602 3962 3821 4036 ἐπῇραν.

2180 4044 2363 4116 λέγειν,
2416 4048 2481 4107 ὡς
2539 4049 2733 4120 οἱπερὶ
2791 4055 2881 4107 τῆς
2930 4047 3197 4111 εύσεϐεἰσς
3250 4051 3396 4121 ἡμῶν
3443 4050 3680 4119 λόγοιτό
3709 4074 3791 4106 πι-

2184 4137 2332 4187 θανὸν
2390 4141 2781 4207 μηχανώμενοι,
2839 4136 3027 4207 μᾶλλον
3110 4141 3235 4208 πρὸς
3306 4142 3363 4191 τὸ
3413 4138 3693 4194 ἀπείθανόν
3750 4163 3803 4196 τε

2180 4220 2590 4275 κὰναπόδεικτον
2614 4222 2976 4299 ἀπορρέουσιν.

2249 4400 2350 4454 Ἑλ.
2418 4402 2544 4474 Ἐρώ
2588 4422 2642 4455 τε
2687 4406 2855 4454 τοίνυν
2907 4404 2965 4455 ού
3020 4407 3188 4470 νέους,
3225 4404 3283 4457 ού
3336 4411 3673 4480 προσφάτους
3712 4411 3799 4462 λο-

2180 4509 2322 4560 γους,
2386 4489 2513 4542 ἀλλὰ
2561 4491 2795 4552 παλαιοῖς
2857 4493 2999 4564 ὑμῶν
3062 4498 3153 4545 xui
3214 4500 3454 4566 χρονίοις
3525 4501 3800 4571 Πατράσιν

2184 4578 2539 4651 ἀνειρημένους
2589 4602 2600 4613 ·
2650 4587 2737 4632 xui
2793 4584 2895 4656 γὰρ
2942 4582 3085 4634 οὗτοι
3141 4585 3259 4634 Υὶὸν
3311 4590 3399 4635 xui
3463 4592 3673 4657 Πνεῦμα
3727 4598 3798 4658 τῷ

2184 4675 2296 4738 Θεῷ
2354 4671 2759 4739 παρεισάγοντες
2816 4670 2990 4739 (τουτο
3067 4673 3169 4743 γάρ
3258 4671 3369 4725 ἐστι
3430 4677 3487 4725 τὸ
3548 4676 3796 4750 ὑμέτερον

2182 4765 2280 4807 τῶν
2304 4765 2629 4831 Χριστιανῶν
2678 4764 2767 4810 xui
2844 4755 3021 4830 δόγμα
3078 4764 3169 4811 xui
3216 4763 3485 4833 κήρυγμα)
3545 4768 3799 4823 τοιαύτην

2183 4850 2296 4897 τινα
2340 4845 2533 4903 πλοκὴν
2586 4845 2633 4897 iv
2692 4847 2942 4918 ἐρωτήσει
2986 4843 3361 4901 διαπλέκουσιν
3414 4868 3427 4879 ⁸
3461 4852 3487 4901 ό
3536 4856 3670 4913 Θεὸς
3699 4854 3797 4906 οὐκ

2182 4931 2241 4983 ἂν
2273 4932 2401 5007 ἐρεῖς
2444 4936 2512 4993 ὡς
2574 4935 2772 5005 ἄλογος·
2824 4934 2867 4987 εἰ
2926 4932 2983 4987 δὲ
3034 4940 3125 4987 xui
3196 4941 3261 4988 σύ
3288 4941 3489 5009 φεύγεις
3520 4944 3576 4991 τὸ
3631 4940 3801 5012 βλάσ-

2184 5041 2368 5093 φημον,
2433 5027 2596 5094 Λόγον
2628 5025 2697 5083 ὡς
2747 5025 2860 5094 ἔχει
2919 5026 3119 5085 πάντως
3183 5023 3327 5099 ἐρεῖς·
3402 5027 3447 5079 εἰ
3500 5025 3559 5080 δὲ
3611 5035 3683 5101 μὴ
3744 5027 3801 5082 δ’

2182 5112 2375 5173 οἶπνους
2417 5116 2647 5163 καὶτῶν
2706 5112 3035 5171 ἀναισθήτων
3107 5118 3198 5171 τὴν
3262 5117 3416 5187 φύσιν
3506 5117 3802 5171 ὑποϐαλλό-

2183 5219 2349 5272 μενος,
2407 5202 2517 5272 ἔχει
2566 5202 2765 5261 πάντως
2823 5206 2911 5253 xui
2971 5209 3197 5275 Πνεῦμα’
3254 5204 3439 5257 οὐκοῦν
3496 5204 3546 5258 ἐν
3599 5205 3805 5278 Τριάδι

2182 5293 2276 5347 τὴν
2324 5289 2582 5362 θεολογίαν
2656 5289 2952 5363 ὑμνολογείν
3007 5287 3108 5344 δεῖ·
3154 5300 3374 5347 τοιαῦτα
3419 5290 3481 5348 δι
3537 5315 3657 5350 τινα
3709 5303 3803 5351 καὶ

2119 5417 2163 5471 Ν
2170 5413 2343 5472 ΟΤᾸΕ.

521 5538 597 5611 (1)
635 5538 769 5595 Haec
800 5552 1043 5610 quoque
1074 5538 1327 5611 quaestio
1352 5539 1407 5595 in
1442 5538 1682 5597 Coislin.
1717 5545 1774 5596 et
1797 5540 2140 5597 Taurin'ensi
2159 5540 2356 5597 codice
2384 5539 2561 5615 plane
2613 5540 2797 5600 deest.
