4076 6202
272 297 428 363 101⁵1·

1292 299 1386 360 AD
1422 285 1976 361 AMPH’ILOCHIUM
2004 284 2343 371 'QUESTIO
2383 288 2648 361 cc'xxv.

3514 281 3660 361 ποιεῖ

271 433 408 486 ἄλλα
456 434 771 503 σοφίσματα
808 418 1229 503 παραπλέκουσιν
1255 447 1268 460 ·
1301 430 1360 482 ού
1401 438 1500 483 τῶν
1545 429 1892 506 ἐστερημένων

2025 443 2125 485 ion
2157 430 2389 502 absque
2417 431 2690 486 Trinitate
2723 428 3112 486 celebrandus
3143 433 3248 485 est.
3271 429 3397 486 Alia
3414 446 3655 504 quoque

275 522 401 575 ἔστὶ
446 527 606 592 γονῆς
649 521 674 571 6
718 523 842 580 Θεός
873 533 886 548 ’
921 519 1104 571 οὐκοῦν
1149 517 1261 572 ἐστί
1303 539 1357 572 τε
1393 530 1546 592 γονῆς
1591 526 1770 594 Πατὴρ
1801 523 1890 571 καὶ

273 614 622 684 γεγέννηκεν·
672 607 800 660 ἀλλά
846 611 935 658 καὶ
983 613 1152 681 χωρὶς
1203 609 1297 660 ούκ
1341 607 1402 660 ἀν
1449 613 1526 666 ε’ίη
1575 613 1889 681 Πνεύματος.

281 701 443 771 Τριάς
483 695 570 749 οὖν
615 697 768 750 πάλιν
807 699 862 749 ἐκ
892 699 1086 748 τούτο-ν
1118 696 1178 748 ἀν
1223 701 1300 756 εἰη
1329 700 1354 750 ὁ
1399 703 1564 759 Θεός’
1597 704 1687 750 καὶ
1733 698 1894 751 πολλὰ

289 795 509 840 τοιαῦτα
563 786 692 838 ἄλλα
752 790 1074 860 συναγείρειν
1123 794 1232 849 τοῖς
1283 790 1418 839 κατά
1470 793 1560 845 τὴν
1605 785 1748 840 ἰδέαν
1795 797 1893 839 τῶν

287 878 585 928 ύπνούντων
613 874 995 947 σχολάζουσιν,
1028 874 1120 926 ούκ
1147 874 1206 926 ἀν
1237 879 1313 934 εἴη
1350 875 1576 944 χαλεπὸν
1608 875 1890 950 ἀθροίζειν,

286 971 382 1018 καὶ
433 967 727 1038 θεραπεύειν
777 964 1012 1028 ἑαυτούς,
1047 963 1156 1016 ἀλλ’
1199 965 1293 1017 οὐκ
1322 965 1506 1026 ἄλλους
1535 975 1596 1038 τῇ
1636 965 1892 1024 πεπλανη-

293 1059 421 1128 μένη
458 1059 575 1128 περὶ
596 1061 761 1106 ταῦτα
792 1055 979 1127 θεωρίᾳ
1000 1058 1088 1106 καὶ
1114 1057 1365 1128 πειθούση
1391 1059 1511 1117 τοὺς
1536 1054 1894 1118 ἀνεξετάστους

285 1139 703 1217 παραδέχεσθαι
731 1145 788 1194 τὸ
816 1141 1108 1194 ἀπείθανον.

363 1239 466 1306 Χρ.
514 1236 607 1292 Τίς
652 1227 738 1283 οὖν
790 1250 846 1284 σε
889 1231 1056 1303 λόγος,
1105 1231 1294 1303 μᾶλλον
1349 1230 1408 1285 δὲ
1458 1240 1604 1285 ποῖον
1648 1233 1892 1295 ἀπονοίας

287 1321 489 1393 θράσος
522 1328 755 1373 τοσαῦτα
781 1319 1014 1393 ληρῆσαι
1043 1323 1180 1372 κατὰ
1199 1328 1288 1381 τῆς
1320 1320 1578 1385 εὐσεϐείας
1606 1325 1896 1395 παρεσκεύ-

286 1429 414 1462 ασεν
432 1427 446 1475 ;

358 1499 458 1553 Ἑλ.
505 1495 673 1552 Οὐδὲν
725 1495 892 1563 εἶπας,
941 1497 1068 1551 ἀλλὰ
1111 1502 1176 1551 τὰ
1235 1502 1303 1552 σὰ
1343 1509 1440 1560 τῆς
1486 1499 1760 1561 ἐπιεικείας
1803 1504 1892 1553 καὶ

287 1589 677 1662 φιλανθρωπίας
705 1587 1024 1662 προπύλαιαο
1061 1593 1150 1640 καί
1180 1607 1268 1660 μοι
1294 1586 1459 1660 μηδεν
1490 1589 1778 1662 ἀχθεσθῇς,
1804 1599 1893 1649 καὶ

286 1674 439 1731 οὐδὲν
483 1678 551 1728 ὧν
597 1673 706 1730 ἔδει
747 1681 838 1750 μέν
884 1696 942 1730 σε
971 1673 1120 1744 εἶναι,
1154 1677 1223 1730 ἑνὶ
1266 1686 1432 1750 καιρῷ
1464 1674 1523 1730 δὲ
1565 1681 1622 1730 τὸ
1655 1677 1893 1750 ἑπόμενον

288 1765 680 1841 ἀποκρύψομεν.

361 1863 462 1916 Χρ.
507 1859 639 1926 Λέγε
683 1857 962 1928 προθύμως
1005 1851 1174 1928 μηδὲν
1232 1855 1635 1928 εὐλαϐούμενοςο
1677 1858 1740 1908 τὰ
1790 1860 1891 1931 γὰρ

289 1940 436 1997 ἔνδον
495 1940 646 1996 οὐδὲν
704 1945 943 2016 εὑρήσεις
1010 1953 1108 1996 τῶν
1165 1944 1494 2018 προπυλαίων
1554 1947 1888 2019 θρασύτερα’

289 2032 423 2091 πλὴν
473 2032 516 2085 εἰ
562 2038 720 2105 μήπω
767 2038 856 2085 καὶ
904 2033 1063 2093 αὐτὸς
1114 2031 1320 2086 ούδέπω
1369 2040 1459 2094 τῆς
1506 2033 1560 2085 ἐκ
1597 2043 1694 2086 τῶν
1731 2034 1892 2106 λόγων

295 2118 522 2192 ἀνάγκης
572 2126 939 2194 συνεχόμενος,
971 2125 1096 2196 πρός
1144 2120 1292 2196 ύεριν
1344 2130 1440 2184 τῆς
1491 2122 1750 2186 εὐσεϐείας
1801 2128 1892 2182 τὴν

291 2208 526 2281 γλῶτταν
559 2209 779 2279 ὀξυνείς,
811 2215 900 2263 καὶ
932 2216 1024 2269 τὴν
1070 2211 1226 2284 ὀφρύν
1255 2209 1586 2275 ἀνασπάσαις
1613 2215 1746 2265 κατὰ
1775 2216 1894 2276 τοὺς

295 2300 534 2373 ἄφρονας.
1205 2361 1211 2366 ,

364 2387 464 2442 Ἑλ.
509 2387 705 2441 Φάῦλον
734 2391 824 2460 μὲν
863 2391 1062 2442 οἴκοθεν
1091 2385 1215 2441 οὐδὲ
1244 2388 1547 2462 ὑϐριστικόν
1577 2388 1727 2444 οὐδὲν
1758 2390 1854 2466 ἐρῶ
1878 2411 1890 2424 ο

295 2474 339 2526 εἰ
361 2472 421 2527 δε
447 2478 502 2528 αἱ
525 2477 652 2551 παρ’
677 2477 820 2548 ὑμῶν
845 2473 1133 2539 ἀποδείξεις
1161 2474 1418 2530 δοκοῦσαι
1442 2486 1606 2532 ταῦτα
1633 2484 1893 2552 φέρουσιν,

295 2563 388 2616 ούκ
420 2567 520 2636 ἐγὼ
548 2572 714 2617 ταῦτα
748 2571 904 2639 φέρω,
937 2566 1046 2618 ἀλλ’
1077 2569 1126 2618 οἱ
1157 2572 1566 2640 προκομίσαντες
1608 2576 1698 2630 τῆς
1723 2569 1898 2631 αἰτίας

294 2654 496 2726 ἔνοχοι.

367 2837 467 2903 Χρ.
513 2834 645 2902 Λέγε
671 2835 864 2898 τοίνυν,
893 2836 981 2884 καὶ
1007 2839 1101 2894 τῆς
1131 2831 1374 2895 ἀληθείας
1403 2835 1431 2891 ἡ
1462 2830 1690 2905 βάσανος
1715 2833 1808 2886 ούκ
1839 2833 1898 2885 ἂν

302 2919 590 2991 παρόψεται
611 2923 668 2972 τό
700 2920 1063 2993 σφαλλόμενον.

367 3007 470 3061 Ἑλ.
504 3008 613 3061 Ούκ
638 3007 767 3061 ἄλλα
793 3028 854 3080 γε
883 3009 998 3085 ἐρῶ,
1029 3008 1159 3063 ἀλλὰ
1182 3013 1347 3063 ταῦτά
1367 3031 1425 3081 γε
1450 3016 1536 3064 καὶ
1567 3011 1602 3064 ἃ
1623 3021 1712 3064 τού
1743 3012 1898 3084 λόγου

300 3102 690 3170 καταρχόμενος
710 3101 853 3171 ἔφην.

369 3194 470 3258 Χρ.
514 3193 631 3249 Πῶς
661 3183 730 3246 δή
760 3204 772 3254 ;

367 3274 466 3328 Ἐλ.
512 3276 812 3349 Ἐρωτῶσιν
831 3279 878 3330 οἱ
910 3279 1140 3350 Χριστὸν
1167 3277 1448 3349 εἰσάγοντες
1477 3280 1596 3330 Υίὸν
1625 3285 1716 3330 τοῦ
1743 3284 1896 3342 Θεοῦ,

301 3369 515 3440 πότερον
545 3366 570 3417 ὁ
599 3369 728 3427 Θεὸς
759 3367 872 3438 ἔχει
897 3365 1049 3438 λόγον
1074 3368 1103 3425 ἦ
1139 3370 1200 3418 οὔ
1224 3384 1238 3434 ;

372 3461 471 3526 Χρ.
519 3453 784 3527 Ἐρωτῶσι
813 3459 903 3526 μίν
928 3475 940 3487 ·
971 3456 1064 3507 ούκ
1092 3452 1216 3508 οἶδα
1245 3451 1304 3508 δι
1329 3455 1373 3508 εἰ
1397 3457 1462 3516 ὡς
1493 3459 1558 3508 σύ
1588 3459 1681 3514 τὴν
1711 3454 1899 3531 ἐρωτηο

305 3562 385 3595 σιν
439 3545 922 3616 μετασχηματίζεις
957 3561 970 3574 ⁸
1031 3542 1157 3596 ἀλλὰ
1227 3549 1347 3604 τέως
1400 3547 1532 3597 ἔστω
1584 3552 1737 3597 τοῦτο
1792 3553 1901 3614 νῦν,

304 3633 384 3684 ἶνα
435 3637 594 3704 μήπω
638 3636 737 3706 πρὸ
790 3633 949 3694 ἄλλης
992 3631 1264 3696 ἐξετάσεως
1307 3634 1431 3691 ἄλλη
1469 3632 1700 3696 ϐάσανος
1728 3653 1904 3709 παρα-

303 3721 579 3794 ληφθεῖσα,
612 3726 706 3780 τὴν
755 3730 846 3774 τοῦ
896 3730 990 3774 σοῦ
1037 3721 1192 3794 λόγου
1235 3721 1541 3774 ἀκολουθίαν
1574 3742 1627 3776 τε
1658 3722 1904 3796 περιόψη,

304 3814 393 3862 καὶ
424 3808 667 3863 ἀσύνετον
715 3815 809 3868 τὴν
851 3811 972 3868 ὃλην
1017 3810 1382 3885 ἀπεργάσηται
1413 3808 1668 3882 διήγησιν
1703 3831 1714 3842 '
1749 3811 1809 3864 ἀν
1850 3809 1908 3864 δέ

306 3917 364 3970 γε
395 3897 483 3971 ἐμὲ
511 3897 668 3972 ὶρωτὴ
681 3919 819 3960 σειας
839 3905 891 3952 τί
919 3898 980 3951 ἂν
1005 3903 1226 3972 εἴποιμι,
1257 3904 1322 3952 σὺ
1348 3899 1408 3952 ἃν
1436 3897 1630 3962 εἰδείης
1659 3906 1747 3954 καὶ
1773 3903 1802 3959 ἡ
1840 3905 1905 3959 σὴ

311 3990 437 4061 πρὸς
468 3987 642 4061 ἑτέραν
671 3985 828 4051 δόξαν
853 3987 1180 4042 ἀπονεύουσα
1207 3995 1410 4062 γνώμη.

382 4165 466 4220 Ελ.
512 4166 643 4239 Ἐγω
691 4170 780 4239 μὲν
821 4169 1008 4230 ὁσάκις
1053 4166 1114 4219 ἃν
1159 4175 1328 4221 ταῦτα
1376 4171 1768 4241 προτεινομένην
1819 4172 1912 4226 τὴν

313 4253 566 4329 ἰρώτησιν
640 4254 833 4322 ἀκούω,
914 4253 1203 4328 διαχέομαι
1279 4259 1369 4328 μὲν
1442 4263 1515 4326 τῷ
1580 4253 1912 4329 μειδιάματι·

316 4340 729 4416 διαπυνθάνομεν
817 4341 876 4398 δὲ
948 4348 1033 4397 τὸν
1106 4345 1389 4420 ὶρωτῶντα,
1458 4349 1668 4418 πότερον
1747 4343 1918 4408 ἡδέως

313 4431 517 4485 ἀκούειν
567 4436 682 4504 ἔχει
730 4437 888 4508 μέρος
936 4442 1032 4495 τῆς
1078 4437 1436 4506 ἀντιφάσεως·
1489 4433 1601 4506 ἐμοὶ
1646 4437 1745 4510 γὰρ
1800 4435 1916 4488 ἐκά-

315 4527 457 4596 τερόν
489 4521 629 4573 ἐστιν
661 4522 818 4574 εἰπεῖν
860 4523 952 4574 οὐκ
985 4519 1144 4585 ἀηδές
1169 4541 1180 4552 ·
1215 4526 1276 4575 οἶν
1306 4542 1356 4576 τε
1396 4526 1498 4599 γὰρ
1531 4525 1556 4575 ό
1589 4528 1718 4586 Θεὸς
1752 4529 1918 4597 Λόγον

316 4613 456 4683 ἔχειν
499 4615 674 4683 φαίην,
730 4611 930 4684 ἀφεῖλον
979 4617 1066 4665 τόν
1119 4617 1284 4684 Λόγον
1323 4620 1415 4664 τοῦ
1464 4610 1591 4665 εἶναι
1638 4618 1765 4665 Θεὸν
1799 4634 1812 4647 ο
1859 4615 1916 4667 οὐ

315 4703 416 4773 γὰρ
444 4703 558 4772 ἔχει
609 4705 774 4771 Λόγον
818 4703 844 4754 ό
878 4706 1062 4772 Λόγος,
1097 4702 1140 4754 εἰ
1169 4706 1241 4774 μὴ
1276 4706 1397 4764 τούς
1438 4700 1686 4763 Ἕλληνας
1716 4701 1782 4762 είς
1824 4722 1921 4754 πο-

318 4789 574 4862 λυμαθίαν
643 4792 768 4843 θεῶν
824 4791 1138 4866 παρακαλεῖν
1203 4791 1522 4863 ἁμιλλᾶσθαι
1593 4791 1870 4864 βούλοισθε
1901 4809 1914 4822 ”

320 4882 381 4932 ἄν
428 4899 482 4932 τε
527 4888 602 4951 φῶ
633 4885 704 4952 μὴ
756 4883 917 4952 ἔχειν,
953 4880 1006 4943 ἐξ
1033 4881 1197 4944 αὐτῆς
1242 4879 1496 4955 βαλϐίδος
1538 4883 1658 4954 ύμῖν
1704 4879 1918 4956 διερρύη

322 4974 380 5022 τὸ
419 4969 662 5044 ἐρώτημα
691 4989 703 5003 ο
737 4971 836 5021 ὑπὸ
887 4967 946 5023 δε
989 4973 1076 5022 τὸν
1120 4971 1274 5022 αὐτὸν
1315 4971 1571 5042 ἀναχθείη
1606 4970 1664 5022 ἀν
1708 4971 1920 5043 ἔλεγχον

323 5063 413 5111 καὶ
465 5063 524 5111 τό
571 5066 661 5111 τοῦ
707 5062 941 5133 πότερον,
993 5060 1176 5130 ἄγονος
1223 5061 1248 5111 ὁ
1290 5063 1418 5121 Θεὸς
1467 5061 1496 5119 ἦ
1545 5065 1833 5132 γεννητικός
1871 5079 1923 5113 τε

325 5153 413 5200 καὶ
469 5151 710 5220 ἔμπνους,
770 5152 859 5200 καὶ
917 5150 1015 5200 ὅσα
1072 5148 1202 5201 ἄλλα
1251 5157 1470 5202 τοιαῦτα
1533 5151 1654 5222 ύμῖν
1717 5152 1784 5212 ὡς
1841 5152 1924 5202 ἐπὶ

327 5245 518 5297 σκηνῆς
558 5232 1036 5311 δραματουργεῑται
1077 5242 1377 5312 σοφίσματα
1398 5257 1408 5269 ·
1437 5246 1605 5291 ταῦτα
1634 5239 1738 5311 οὐχ
1781 5238 1925 5314 ύϐρις

326 5324 466 5379 ἐστὶν
515 5323 622 5377 ἀλλ’
667 5325 900 5398 ἔλεγχος,
941 5331 1031 5380 καὶ
1068 5331 1163 5385 τὴν
1192 5325 1416 5380 ἰπίνοιαν
1455 5329 1492 5386 ἢ
1541 5334 1635 5387 τὴν
1685 5327 1926 5387 ἀλήθειαν

325 5413 602 5475 ἑπεσκίαζε
641 5411 1010 5487 διασκεδάζει,
1041 5420 1132 5470 καὶ
1173 5418 1314 5490 ὑμῶν
1357 5415 1546 5490 ἀφίησι
1583 5419 1927 5494 περιορᾶσθαι

325 5507 381 5558 1'6
407 5505 772 5578 κακούργημα.

2004 519 2369 591 scphismata
2389 519 2738 592 hujusmodi
2760 523 3015 592 pergunt
3044 525 3294 574 nectere.
3326 523 3450 576 Non
3495 527 3656 576 caret

2003 606 2283 677 gignendi
2315 609 2370 664 vi
2403 612 2552 664 Deus
2583 632 2594 675 ;
2637 615 2726 665 est
2749 624 2888 678 ergo
2915 608 3199 677 genitura
3231 623 3447 680 parens
3479 615 3531 665 et
3559 625 3657 680 ge-

2001 695 2148 750 nuit.
2184 697 2297 752 Sed
2345 713 2536 769 neque
2568 700 2692 752 sine
2733 697 2941 768 spiritu
2969 703 3056 751 est
3089 712 3101 762 ;
3145 713 3345 751 rursus
3376 697 3552 768 igitur
3583 713 3654 754 ex

2002 783 2092 838 his
2158 783 2464 840 conﬁcitur
2522 787 2582 840 in
2641 785 2920 841 Trinitate
2987 789 3156 840 Deus.
3212 786 3390 840 Multa
3436 786 3650 856 hujus-

2003 872 2163 926 modi
2205 873 2322 928 alia
2348 874 2405 929 hi
2445 878 2543 944 qui
2574 875 2686 929 ritu
2728 874 3156 929 somniantium
3199 874 3452 928 otiantur
3490 874 3656 930 haud

2001 975 2157 1029 agre
2187 960 2497 1030 colligent;
2540 962 2794 1034 sibique,
2819 978 2935 1018 non
2987 961 3140 1025 aliis,
3183 962 3295 1017 hoc
3322 961 3522 1018 fallaci
3567 978 3652 1019 ra-

2003 1047 2241 1104 tiocinio
2271 1049 2691 1105 blandientur:
2726 1051 3054 1122 neminique
3081 1050 3233 1106 hanc
3284 1065 3408 1106 rem
3461 1051 3655 1106 incre-

2001 1135 2483 1209 dibilem,prater
2494 1153 2677 1210 quam
2695 1138 3172 1205 inconsideratis,
3193 1138 3656 1210 persuadebunt.

2075 1226 2184 1282 Ch.
2219 1227 2361 1292 Qua
2388 1233 2442 1282 te
2464 1243 2600 1282 nam
2649 1227 2818 1294 ratio,
2877 1227 2999 1282 imo
3050 1243 3186 1283 vero
3244 1243 3522 1299 quanam
3557 1244 3660 1283 au-

2001 1313 2119 1370 dax
2138 1314 2374 1370 insania
2386 1315 2462 1370 ad
2478 1315 2587 1370 hos
2601 1315 2958 1372 effutieudos
2993 1316 3282 1372 adversus
3303 1317 3652 1387 religionem

2003 1419 2306 1460 sermones
2347 1404 2631 1476 impulit?

2068 1491 2202 1546 Eth.
2263 1492 2414 1547 Nihil
2476 1493 2584 1547 nisi
2636 1493 3021 1564 benignitatis
3090 1509 3158 1549 ac
3212 1494 3647 1552 benevolentia

2002 1584 2116 1636 tua
2164 1581 2482 1653 primodia.
2534 1583 2709 1653 Atqui
2742 1583 2790 1637 si
2845 1583 2986 1638 mihi
3037 1598 3158 1638 non
3241 1600 3651 1650 succenseres,

2003 1668 2146 1724 nihil
2167 1685 2372 1724 eorum
2397 1687 2531 1742 qua
2558 1675 2610 1725 te
2643 1671 2791 1726 scire
2821 1678 3138 1742 oporteret,
3190 1687 3448 1744 quaque
3480 1672 3657 1728 simul

1924 1785 1964 1837 Β
2001 1765 2402 1814 consentanea
2433 1764 2590 1830 sunt,
2629 1760 2962 1816 reticerem.

2075 1847 2183 1904 Ch.
2216 1851 2477 1920 Loquere
2508 1849 2802 1914 alacriter,
2828 1849 2972 1905 nihil
2993 1865 3200 1906 verens
3237 1867 3250 1905 :
3276 1866 3466 1923 neque
3497 1851 3659 1907 enim

2001 1937 2368 2007 asperiorem
2402 1954 2494 1992 me
2524 1937 2808 2009 deinceps
2839 1954 3016 2009 quam
3046 1938 3210 1995 initio
3237 1938 3546 1996 invenies:
3576 1940 3659 1996 ita

2003 2029 2202 2081 tamen
2235 2031 2296 2080 ut
2315 2025 2542 2097 tuipse,
2570 2025 2683 2080 nisi
2707 2028 3001 2082 sermonis
3033 2028 3380 2085 necessitate
3413 2036 3658 2085 coactus

2005 2114 2198 2181 lueris,
2240 2130 2624 2187 nequaquam
2665 2115 2744 2171 ad
2775 2116 3105 2172 convicium
3137 2117 3410 2187 religioni
3444 2118 3664 2174 facien-

2003 2203 2141 2260 dum
2172 2203 2440 2274 linguam
2472 2220 2680 2271 acuas,
2709 2220 2904 2277 neque
2944 2206 3328 2277 supercilium
3347 2209 3662 2263 stultorum

2006 2309 2172 2348 more
2188 2293 2531 2349 contrahas.

2075 2382 2216 2438 Eth.
2244 2386 2320 2438 De
2339 2399 2497 2455 penu
2523 2399 2657 2439 mea
2674 2383 2819 2440 nihil
2835 2383 3116 2440 insanum
3135 2384 3660 2441 contumeliosum-

2005 2485 2122 2542 que
2150 2472 2472 2542 proferam.
2517 2473 2684 2537 Quod
2726 2473 2776 2528 si
2824 2472 2971 2528 forte
2996 2473 3107 2528 illa
3162 2489 3298 2544 qua
3349 2476 3509 2546 apud
3551 2491 3658 2529 vos

2007 2561 2282 2617 videntur
2301 2561 2857 2630 demonstrationes,
2882 2563 3165 2618 insanum
3191 2563 3413 2636 aliquid
3446 2579 3565 2635 pra
3588 2580 3650 2618 se

2007 2648 2225 2717 ferunt,
2254 2666 2374 2706 non
2401 2667 2512 2722 ego
2535 2651 2595 2705 id
2626 2650 2831 2720 aﬂero,
2858 2652 2961 2708 sed
2985 2652 3225 2708 illarum
3247 2658 3520 2708 auctores
3542 2651 3662 2708 cul-

2008 2754 2148 2811 pam
2183 2739 2496 2795 sustinent.

2082 2829 2190 2885 Ch.
2209 2828 2354 2884 Fare
2371 2829 2578 2899 igitur;
2601 2845 2741 2886 nam
2759 2831 3019 2887 veritatis
3046 2830 3380 2904 exploratio
3400 2847 3663 2888 errorem

2009 2917 2137 2972 sine
2168 2917 2354 2974 dubio
2385 2919 2813 2988 deprehendet.

2077 3006 2219 3062 Eth.
2249 3010 2372 3062 Non
2404 3006 2566 3062 aliud
2598 3007 2813 3074 dicam,
2858 3014 3070 3080 prater
3096 3023 3168 3064 ea
3205 3023 3338 3080 qua
3371 3009 3664 3064 sermonis

2007 3094 2173 3151 initio
2199 3095 2456 3152 aiebam.

2083 3184 2188 3240 Ch.
2222 3185 2507 3250 Quanam
2536 3200 2606 3242 ea
2637 3189 2776 3241 sunt
2805 3187 2834 3243 ?

2078 3273 2215 3329 ΕιΙι.
2251 3272 2360 3339 Qui
2384 3273 2681 3330 Christum
2709 3275 2965 3331 suadent
2981 3275 3077 3331 Dei
3097 3291 3229 3331 esse
3249 3274 3478 3342 Filium,
3495 3290 3668 3346 roga-

2008 3378 2070 3418 re
2084 3362 2482 3418 solentutrum
2502 3365 2651 3418 Deus
2668 3363 2915 3419 verbum
2935 3365 3150 3419 mentis
3173 3363 3409 3434 habeat,
3433 3363 3662 3420 necne?

2027 3473 2040 3485 ο
2083 3452 2184 3510 Ch.
2221 3457 2452 3522 Rogant
2478 3469 2618 3509 sane
2647 3453 2832 3520 ;haud
2883 3455 3005 3510 scio
3037 3459 3240 3510 tamen
3281 3471 3357 3510 an
3385 3470 3456 3510 eo
3483 3456 3666 3511 modo

2011 3559 2133 3616 quo
2159 3549 2218 3597 tu
2243 3542 2767 3614 interrogationem
2788 3545 3094 3616 pervertis.
3117 3545 3323 3600 Verum
3345 3544 3401 3599 id
3432 3544 3668 3601 interim

2012 3632 2094 3688 ita
2119 3647 2246 3687 esse
2273 3632 2566 3698 sinamus,
2595 3649 2668 3688 ne
2701 3634 2747 3687 si
2774 3649 2894 3688 una
2919 3634 3248 3705 quastione
3285 3635 3556 3689 nondum
3585 3634 3674 3690 in-

2015 3721 2236 3785 stituta,
2267 3721 2448 3777 aliam
2476 3721 2922 3792 aggrediamur,
2949 3722 3245 3778 sermonis
3278 3722 3355 3778 tui
3390 3723 3668 3778 ordinem

2015 3811 2495 3882 pessumdemus,
2529 3817 2707 3884 atque
2749 3813 3087 3867 universam
3126 3814 3521 3868 obscuramus
3553 3812 3669 3867 dis-

2018 3901 2403 3972 putationem.
2433 3901 2715 3972 Equidem
2739 3902 2787 3954 si
2816 3917 2910 3956 me
2937 3917 3178 3970 rogares
3201 3901 3343 3973 quid
3367 3901 3496 3972 ipse
3516 3901 3678 3956 dice-

2017 4003 2155 4055 rem,
2190 3987 2332 4042 satis
2354 3993 2581 4042 certum
2607 3995 2657 4043 te
2677 3989 2933 4043 facerem
2959 3993 3248 4060 tuamque
3266 3989 3420 4044 hanc
3460 4005 3596 4061 qua
3620 3990 3678 4044 in

2021 4082 2426 4132 transversum
2461 4079 2690 4149 rapitur
2725 4083 3010 4133 mentem.

2093 4165 2232 4220 Eth.
2269 4167 2387 4235 Ego
2417 4166 2721 4221 enimvero
2751 4168 3220 4238 quotiescunque
3248 4163 3680 4236 hujuscemodi

2023 4253 2546 4324 interrogationem
2575 4253 2697 4309 fieri
2727 4255 2928 4320 audio,
2955 4257 3079 4309 risu
3103 4255 3462 4326 disrumpor.
3495 4255 3687 4310 Posci-

2025 4361 2162 4400 mus
2186 4348 2384 4400 autem
2409 4343 2485 4398 ab
2502 4343 2920 4414 interrogante,
2944 4349 3138 4400 utram
3161 4345 3431 4416 responsi
3457 4352 3684 4416 partem

2027 4434 2234 4490 audire
2266 4432 2433 4489 malit
2465 4450 2476 4488 :
2507 4447 2651 4489 nam
2677 4434 2816 4490 mihi
2846 4434 3089 4506 quidem
3123 4434 3468 4490 alterutram
3494 4433 3686 4489 dicere

2028 4539 2149 4580 non
2180 4528 2270 4578 est
2299 4521 2717 4594 injucundum.
2765 4523 2915 4580 Sive‘
2950 4523 3110 4579 enim
3168 4523 3381 4578 mentis
3425 4521 3686 4579 Verbum

2029 4614 2146 4667 Deo
2171 4612 2361 4667 inesse
2374 4613 2588 4676 dicam,
2608 4612 2738 4682 jam
2770 4613 3053 4684 impedivi
3079 4611 3403 4684 quominus
3421 4611 3685 4666 Verbum

2034 4705 2184 4758 Deus
2232 4702 2338 4756 sit:
2372 4717 2566 4773 neque
2606 4703 2764 4757 enim
2798 4708 2881 4757 est
2935 4703 3192 4756 Verbum
3221 4701 3280 4756 in
3307 4701 3494 4757 Verbo
3528 4717 3541 4755 :
3575 4701 3687 4756 nisi

2030 4791 2177 4847 forte
2230 4791 2602 4846 ethnicorum
2660 4791 3072 4847 contentiones
3129 4805 3455 4861 provocare
3506 4788 3689 4869 vultis

2030 4879 2104 4935 de
2137 4879 2442 4951 multiplici
2493 4886 2707 4936 natura
2755 4880 3024 4935 deorum.
3071 4879 3169 4935 Sin
3197 4884 3398 4934 autem
3423 4878 3688 4934 Verbum

2032 4969 2227 5024 inesse
2258 4983 2576 5039 negavero,
2618 4967 2773 5024 illico
2800 4969 3058 5023 concidit
3114 4967 3519 5038 interrogatio.
3563 4966 3687 5024 Sub

2032 5057 2309 5112 eamdem
2337 5057 2562 5112 cadunt
2611 5057 3020 5112 refutationem
3074 5056 3406 5112 locutiones
3437 5071 3681 5129 quoque

2029 5147 2157 5219 jam
2197 5147 2382 5211 dicta,
2420 5151 2613 5202 utrum
2649 5146 2802 5202 Deus
2841 5146 3053 5201 sterilis
3087 5147 3160 5201 sit
3188 5162 3266 5201 an
3298 5146 3639 5216 genitabilis
3662 5145 3690 5201 ‘l

2036 5241 2314 5291 utrumne
2370 5235 2660 5307 spirans?
2691 5241 2746 5291 et
2796 5235 3075 5308 qualibet
3126 5235 3244 5291 alia
3290 5240 3580 5308 tanquam
3633 5236 3694 5292 in

2037 5340 2278 5380 scenam
2310 5323 2718 5395 producuntur
2747 5341 2783 5380 a
2812 5325 2984 5380 vobis
3031 5323 3424 5396 sophismata.
3461 5327 3578 5391 Ha,
3607 5324 3695 5380 in-

2037 5430 2242 5487 quam,
2276 5430 2397 5469 non
2428 5414 2803 5471 contumelia
2827 5419 2982 5479 sunt,
3017 5414 3121 5470 sed
3142 5413 3527 5472 refutationes
3556 5430 3568 5469 :
3601 5413 3695 5470 ha

2039 5510 2445 5584 commentum
2473 5503 2704 5560 veritati
2734 5503 3001 5560 omciens
3041 5503 3383 5576 dispellunt,
3408 5507 3698 5562 vestram-

2039 5609 2156 5668 que
2185 5592 2470 5650 malitiam
2500 5593 2811 5668 perspicue
2843 5593 3129 5651 revelant.

3601 5709 3618 5760 3
