4026 6196
450 238 590 317 1019

1660 250 1901 311 PHOTII
1938 248 2111 308 PATF

2236 247 2424 307 {BHE
2459 248 2551 311 ΟΡ
2566 297 2579 309 .
3649 256 3744 321 ltili

525 386 632 442 Ch.
666 386 817 440 Bene
848 386 937 438 est
959 380 1122 455 quod
1150 380 1491 437 universum
1520 383 1727 438 contra
1757 378 2103 451 religionem

2287 384 2387 451 Χρ.
2428 374 2497 431 Εὖ
2525 381 2583 449 γέ
2623 397 2709 432 σοι
2736 383 2837 443 πᾶς
2866 380 2893 433 ό
2918 381 3057 435 κατὰ
3084 387 3175 441 τῆς
3203 377 3458 442 εὐσεϐείας
3501 381 3574 443 ἰός
3597 381 3756 443 πολλοῖς

450 474 610 531 virus
641 474 917 529 diuturno
942 478 1208 542 tempore
1242 469 1641 541 putrefactum
1672 470 1767 524 vix
1793 484 1952 524 nunc
1978 474 2106 523 tan-

450 563 589 619 dem
621 561 951 633 aliquando
1008 559 1304 615 vomuisti.
1342 561 1404 615 Et
1455 575 1599 614 sane
1658 573 2009 629 cognosces,
2061 554 2109 611 si

450 652 632 707 modo
652 658 848 705 mente
862 650 1212 720 resipiscens
1226 648 1603 704 considerare
1626 645 1901 715 volueris,
1918 660 2105 716 quam

450 739 509 795 id
534 738 986 809 corrumpendis
1016 737 1118 793 tibi
1154 736 1481 793 visceribus
1514 736 1769 793 validum
1795 740 1969 791 esset.

518 828 657 885 Eth.
697 828 849 893 Quid
881 828 963 882 ita
986 828 1013 882 ‘?

525 918 631 974 Ch.
666 916 833 972 Haud
861 916 1112 972 arbitror
1142 920 1196 970 te
1225 915 1525 985 ignorare,
1558 919 1620 969 ut
1645 914 1764 984 jam
1795 912 1942 979 dixi,
1982 911 2110 967 haec

451 1006 695 1078 quidem
728 1022 762 1061 a
789 1006 901 1076 piis
924 1004 1061 1069 dici,
1090 1020 1209 1059 non
1241 1020 1310 1059 eo
1344 1011 1541 1060 tamen
1563 1019 1685 1075 quo
1705 1007 1769 1058 tu
1790 1002 1877 1058 ais
1903 1000 2106 1057 modo.

518 1096 653 1151 ΕιΙι.
697 1096 908 1160 Quaeso
939 1094 1118 1163 igitur
1143 1109 1413 1165 quonam
1444 1093 1561 1148 alio
1593 1092 1621 1150 7

524 1184 630 1239 Ch.
667 1182 901 1238 Veteres
933 1181 1014 1237 illi
1072 1196 1193 1238 non
1249 1180 1335 1237 ita
1405 1180 1667 1253 profecto
1720 1180 2107 1248 interrogant,

454 1272 561 1328 sed
582 1272 697 1327 alia
728 1272 980 1327 ratione.

523 1361 663 1415 Eth.
698 1363 919 1415 Rursus
960 1375 1068 1428 ego
1088 1358 1247 1429 justa
1301 1358 1686 1414 accusatione
1716 1357 2006 1429 gravique
2026 1371 2113 1411 re-

452 1449 853 1522 prehensione
906 1448 1140 1512 liberor,
1196 1447 1341 1503 dum
1375 1448 1476 1503 illa
1527 1448 1818 1519 vitupero,
1850 1460 2110 1517 quorum

455 1554 530 1595 ne
562 1545 621 1595 tu
654 1539 893 1611 quidem
923 1537 1311 1609 patrocinium
1343 1536 1555 1591 sumis.
1586 1539 1733 1591 Nam
1761 1534 1920 1607 quod
1950 1540 2012 1587 tu
2042 1548 2113 1590 ea

455 1628 854 1701 praetermittis
886 1644 1016 1698 qua)
1048 1641 1159 1694 ego
1208 1626 1509 1690 criminor,
1565 1624 1680 1680 alia
1720 1640 1862 1679 vero
1914 1622 2111 1690 affers,

2218 465 2459 530 ἐνσαπεις
2486 472 2702 541 χρόνοις
2731 468 2826 540 ὀψε
2856 474 2945 522 καὶ
2983 469 3131 542 μόλις
3170 468 3408 543 ἁπημέθη
3439 485 3451 498 ⁸
3480 474 3565 521 καὶ
3590 470 3686 541 ὄψει
3719 492 3761 542 γε

2218 564 2420 621 τοῦτον,
2470 556 2514 610 εἰ
2562 556 2873 630 βουληθείης
2920 558 3188 631 ἀνανήψας
3236 558 3437 633 ἐφορᾷν,
3488 561 3608 617 ὅσην
3656 557 3762 632 εἶχεν

2222 645 2381 717 ἰσχὺν
2410 646 2890 719 καταλυμαίνεσθαι
2919 650 2986 701 τὰ
3016 648 3277 703 ἐντόσθία.

2288 820 2388 875 Ἐλ.
2424 830 2535 884 Πῶς
2564 828 2667 897 μήν
2694 842 2707 892 ;

2292 919 2393 984 Χρ.
2438 913 2547 965 Οὐκ
2584 910 2732 985 οἶμαί
2777 933 2834 967 σε
2862 912 3055 985 λαθεῖν,
3098 917 3168 977 ὡς
3205 917 3423 987 εἴρηται,
3458 918 3775 988 προτείνεσθαι

2220 1003 2308 1071 μεν
2340 1009 2507 1053 ταῦτα
2533 1010 2641 1064 τοῖς
2671 1001 2955 1069 εὖσεϐέσιν,
2988 1008 3095 1075 οὐχ
3124 1006 3194 1067 ὡς
3219 1007 3286 1056 σὺ
3310 1008 3613 1077 προέτεινας.

2291 1089 2392 1147 Ἐλ,
2434 1091 2572 1165 Ἀρα
2600 1110 2675 1163 γε,
2704 1097 2794 1144 καὶ
2824 1097 2942 1144 τίνα
2971 1100 3159 1167 τρόπον
3185 1092 3336 1147 ἄλλον
3361 1109 3377 1160 ;

2294 1187 2392 1254 Χρ.
2436 1180 2638 1234 Οὐκοῦν
2669 1181 2775 1252 οὐχ
2799 1182 2927 1255 οἷπερ
2962 1180 3240 1255 ἐρωτῶσιν,
3276 1180 3383 1234 ἀλλ’
3412 1184 3565 1258 ἕτερά
3581 1202 3700 1238 τινα.

2290 1356 2392 1415 Ἑλ.
2437 1363 2536 1411 Καὶ
2579 1358 2731 1411 πάλιν
2782 1358 2996 1432 ἁφίεμαι
3056 1357 3266 1421 δικαίας
3313 1360 3480 1422 αἰτίας
3528 1365 3614 1412 καὶ
3656 1363 3785 1431 μ.ηὲ-

2223 1451 2312 1509 ).ης
2364 1447 2604 1520 μέμψεως
2655 1446 2822 1501 ἐκεῖνα
2868 1448 3062 1521 ψέγων,
3114 1450 3181 1501 ὧν
3235 1445 3356 1504 οὖδέ
3418 1454 3484 1502 σὺ
3542 1457 3628 1510 τῆς
3677 1468 3783 1522 προσ

2225 1542 2443 1597 στασίας
2483 1539 2787 1613 ὑπερμαχος
2816 1556 2829 1568 ⁸
2876 1542 2935 1591 τό
2975 1542 3076 1611 γὰρ
3122 1541 3351 1611 μεθεῖναί
3383 1558 3440 1591 σε
3488 1540 3603 1592 καθ’
3630 1539 3689 1591 ὧν
3713 1544 3787 1596 τόν

2223 1625 2393 1677 αἰτίαν
2438 1629 2589 1699 φέρω,
2640 1626 2811 1701 ἑτέραν
2867 1624 2927 1679 δι
2974 1628 3331 1702 προκομίζειν,
3387 1630 3508 1681 ὅσον
3555 1630 3660 1700 ἔχει
3703 1634 3792 1689 τοῖς

455 1718 515 1773 id
542 1721 832 1787 quantum
855 1716 958 1769 tibi
989 1714 1254 1771 aﬂ‘erenti
1277 1714 1706 1785 augetvirium,
1734 1711 2111 1769 tantumdem

2236 1719 2685 1790 τροκομιζομένοις
2732 1720 2790 1768 τό
2837 1716 3062 1791 θαρῤεἰν,
3109 1726 3353 1770 τοσοῦτον
3399 1726 3506 1778 τοῖς
3546 1718 3626 1789 ὑφ’
3672 1719 3792 1788 ἡμῶν

455 1805 570 1861 illis
598 1804 851 1859 detrahit
881 1819 1031 1875 quos
1066 1819 1176 1858 nos
1200 1803 1715 1873 reprehendimus.

532 1894 632 1948 Ch.
672 1893 814 1957 Quis
863 1898 911 1946 te
954 1892 1085 1962 jam
1138 1890 1403 1961 benigno
1457 1892 1633 1948 oculo
1688 1890 1957 1963 aspiciat,
2009 1894 2115 1945 aut

456 1982 768 2039 hominem
806 1981 958 2051 frugi
995 1979 1255 2053 appellet
1286 1981 1312 2035 ‘I
1345 1983 1487 2037 Cum
1517 1982 1679 2036 enim
1709 1996 1779 2037 eo
1822 1978 2114 2037 decideris

456 2087 579 2144 quo
600 2088 717 2127 non
738 2070 1053 2142 oportebat
1079 2088 1092 2137 ;
1118 2071 1166 2124 si
1192 2069 1323 2142 quis
1356 2076 1406 2125 te
1438 2068 1673 2135 allevat,
1704 2084 1822 2125 non
1856 2067 2109 2124 laetaris:

456 2161 580 2217 imo
605 2158 966 2232 expostulas,
991 2158 1136 2230 quia
1166 2174 1288 2213 non
1317 2158 1419 2214 ubi
1460 2158 1726 2230 jacebas,
1774 2156 2009 2212 relictus
2033 2157 2113 2212 sis

523 2249 666 2304 Eth.
699 2248 806 2314 Qui
831 2248 957 2303 ﬁeri
990 2252 1182 2319 potest
1210 2253 1272 2303 ut
1301 2247 1429 2303 haec
1459 2248 1535 2303 ita
1574 2263 1636 2302 se
1658 2245 1959 2303 habeant?

530 2338 631 2393 Ch.
663 2338 809 2403 Quia
833 2336 1115 2393 nimirum
1149 2337 1354 2408 priscis
1382 2336 1650 2409 patribus
1681 2350 1753 2391 ea
1779 2335 1920 2391 vitio
1947 2333 2114 2390 verti-

459 2426 548 2494 sti,
572 2444 707 2499 qum
738 2442 917 2482 nemo
952 2442 1220 2497 unquam
1249 2426 1414 2481 dixit.
1458 2428 1622 2480 Nunc
1669 2430 1865 2480 autem
1896 2440 2037 2479 cum
2063 2427 2115 2479 te

459 2518 678 2571 sentias
709 2516 1086 2571 accusatione
1117 2514 1447 2580 exclusum,
1473 2514 1702 2585 peccati
1730 2518 1964 2569 veniam
1993 2528 2117 2568 non

468 2603 775 2674 postulas;
806 2618 996 2674 neque
1022 2604 1248 2672 cogitas
1288 2602 1543 2671 gratiam
1594 2618 1726 2658 esse
1766 2601 2114 2657 habendam

470 2693 519 2748 si
544 2693 679 2763 quis
703 2699 753 2747 te
776 2691 853 2746 ab
879 2691 992 2746 hac
1016 2691 1339 2746 temeritate
1359 2698 1616 2756 revocet,
1646 2692 1767 2747 imo
1784 2692 1947 2762 quia,
1968 2690 2115 2745 dum

472 2797 661 2837 unum
685 2780 941 2852 impetis,
970 2779 1133 2835 aliud
1173 2795 1281 2851 pro
1329 2795 1399 2835 eo
1438 2779 1703 2846 lacessis,
1757 2780 1983 2835 idcirco
2011 2778 2115 2834 tibi

470 2869 940 2943 superbiendum
973 2885 1104 2924 esse
1154 2875 1327 2941 putas
1356 2886 1369 2924 :
1394 2885 1517 2942 qua
1543 2870 1799 2937 insania,
1831 2884 2117 2942 quasnam

466 2960 703 3031 gravior
733 2976 863 3015 esse
887 2962 1082 3031 potest
1109 2958 1137 3012 ‘2

536 3049 673 3105 Elh.
708 3054 855 3104 Ante
886 3048 1301 3103 refutationem
1334 3064 1426 3113 ne,
1460 3063 1688 3120 quaeso,
1732 3047 2114 3120 supercilium
2146 3080 2187 3136 C

461 3139 696 3196 attollas
720 3153 913 3209 neque
944 3151 1198 3205 magnos
1231 3136 1464 3207 spiritus
1488 3150 1682 3205 geras.
1713 3138 1861 3192 Nam
1888 3152 1990 3192 eos
2015 3136 2117 3208 qui

462 3228 690 3284 ratione
730 3226 1015 3291 nituntur,
1046 3241 1302 3298 eamque
1334 3241 1457 3297 prae
1498 3241 1563 3280 se
1586 3225 1855 3290 tendunt,
1882 3226 2019 3297 quis
2044 3225 2119 3281 ir-

466 3316 657 3372 ridere
686 3314 841 3371 ausit
871 3315 898 3368 ?

538 3405 644 3461 Ch.
676 3406 850 3459 Recte
883 3403 989 3458 ais.
1023 3404 1110 3458 Me
1160 3402 1339 3472 igitur
1369 3402 1675 3459 ratiocinio
1709 3409 1811 3460 tuo
1844 3418 2115 3475 sequere.

463 3493 572 3548 Aio
604 3497 838 3547 nostros
868 3506 985 3547 non
1015 3493 1379 3561 interrogare
1424 3496 1619 3547 utrum
1670 3494 1822 3548 Deus
1876 3491 2115 3548 verbum

465 3581 679 3637 mentis
706 3580 945 3636 habeat.

535 3671 678 3726 Eth.
716 3669 864 3736 Quid
896 3684 1036 3739 ergo
1066 3667 1228 3723 aliud
1254 3668 1672 3739 interrogant?

538 3760 647 3816 Ch.
682 3761 854 3815 Estne
886 3760 1040 3813 Deus
1074 3774 1260 3829 supra
1288 3764 1563 3815 naturam
1586 3774 1827 3816 omnem
1858 3760 2112 3829 locatus,

461 3855 692 3906 creator
712 3855 769 3903 et
796 3848 1115 3917 inspector,
1147 3862 1255 3902 nec
1287 3863 1361 3903 ne
1390 3846 1418 3902 ?

533 3939 680 3995 Eth.
710 3936 864 3994 Nihil
891 3936 1005 3991 hoc
1045 3937 1122 3991 ad
1152 3936 1445 3992 rationem
1495 3952 1690 3993 meam
1713 3937 1937 3995 attinet.
1971 3940 2113 3995 Nam

458 4043 655 4100 neque
684 4029 827 4101 quia
856 4042 992 4081 cum
1021 4025 1233 4082 divina
1252 4032 1471 4083 natura
1499 4026 1803 4083 facultates
1827 4028 1956 4099 ejus
1991 4043 2116 4085 non

458 4118 699 4190 copulo,
722 4115 943 4173 idcirco
975 4114 1273 4188 sophistas
1293 4114 1645 4172 calumniari
1678 4116 1941 4173 videbor.

530 4207 633 4263 Ch.
668 4210 795 4263 Non
825 4205 883 4261 id
910 4205 1027 4261 aio.
1060 4204 1173 4260 Sed
1205 4203 1296 4260 fac
1319 4205 1591 4261 animum
1620 4205 1696 4261 ad
1742 4206 2115 4263 audiendum

456 4296 799 4367 diligentius
830 4295 1119 4351 attendas.
1164 4295 1285 4349 Hoc
1314 4310 1539 4350 numen
1580 4294 1773 4366 (mitto
1804 4312 1963 4352 nunc
1989 4295 2116 4352 lau-

457 4386 731 4443 dationes
763 4384 909 4456 ejus)
955 4384 1272 4440 Rationale
1298 4399 1370 4438 ne
1396 4382 1544 4438 dicis
1592 4389 1650 4439 et
1689 4386 1997 4453 Spiritale,
2036 4402 2115 4442 an

457 4475 796 4533 irrationale
827 4480 883 4530 et
930 4472 1250 4530 inanime?
1308 4472 1605 4530 Audacter
1648 4489 1971 4547 presseque
2027 4490 2113 4531 re-

464 4566 716 4637 sponde.

534 4653 676 4709 Eth.
708 4654 911 4710 Utrum
939 4668 1009 4709 ex
1049 4652 1139 4709 his
1160 4651 1379 4715 dicam,
1410 4651 1631 4708 nescio.

540 4743 646 4799 Ch.
681 4743 857 4815 Atqui
919 4742 1267 4798 alterutrum
1313 4758 1384 4797 ex
1408 4740 1500 4796 his
1556 4757 1592 4796 a
1624 4740 1818 4812 priore
1848 4742 2115 4798 convicio

464 4834 739 4889 nondum
769 4839 821 4889 te
848 4832 1093 4888 abducit
1122 4830 1148 4886 ?
1186 4832 1338 4887 Nam
1361 4832 1483 4886 sive
1509 4846 1734 4886 numen
1755 4830 1919 4885 dicas
1940 4832 2117 4887 ratio-

466 4921 601 4976 nale
642 4938 711 4978 ac
770 4921 1052 4993 spiritale,
1097 4921 1224 4992 jam
1267 4936 1376 4977 nos
1430 4935 1550 4975 non
1596 4935 1774 4990 coges
1820 4919 2012 4977 dicere
2054 4921 2113 4977 in

462 5009 643 5064 verbo
676 5009 936 5066 Verbum
958 5027 1111 5076 esse,
1140 5026 1334 5084 neque
1356 5010 1416 5065 in
1444 5009 1655 5081 spiritu
1685 5009 1992 5080 Spiritum.
2014 5010 2114 5066 Sin

461 5096 631 5155 dicas
668 5113 892 5154 numen
932 5099 1078 5155 illud
1134 5102 1361 5157 ratione
1395 5115 1465 5155 ac
1509 5098 1671 5155 vitali
1720 5099 1931 5171 spiritu
1978 5115 2113 5156 esse

459 5193 785 5258 expertem,
835 5187 1093 5258 teipsum
1133 5205 1249 5245 non
1290 5188 1442 5246 alios
1495 5188 1556 5244 in
1586 5188 1908 5260 impietatis
1943 5188 2113 5245 bara-

459 5276 660 5337 thrum
692 5275 918 5348 dejicis.
956 5280 1152 5350 Neque
1182 5278 1285 5336 tibi
1317 5281 1589 5351 superest
1620 5282 1683 5335 ut
1714 5278 1973 5335 Ethnicae
2003 5277 2111 5335 im-

2223 1800 2257 1855 δ
2265 1802 2645 1875 ιαϐαλλομένοις
2676 1803 2951 1877 ἀπένειμας
2979 1810 3036 1857 τό
3062 1809 3133 1877 μη
3174 1804 3397 1880 θαρῥεῖν.

2294 1899 2393 1964 Χρ.
2436 1891 2591 1943 Ἀλλὰ
2637 1902 2741 1953 πῶς
2784 1895 2844 1945 ἄν
2894 1898 2975 1955 τίς
3021 1913 3078 1948 σε
3124 1890 3378 1966 ἠδύτερον
3429 1890 3620 1958 Hegi:
3666 1892 3795 1945 καλὸν

2222 1978 2451 2051 κάγαθόν
2483 1980 2753 2053 ὀνομάσειε
2777 1998 2790 2049 ;
2816 1988 2985 2036 πεσὼν
3009 1986 3113 2055 γὰρ
3137 1983 3211 2044 εἰς
3233 1982 3267 2034 ἃ
3295 1988 3367 2056 μη
3404 1979 3533 2048 ἔδει,
3560 1982 3650 2035 οὐκ
3676 1986 3798 2043 εἴτις

2221 2075 2431 2143 χαίρεις
2477 2070 2836 2138 ἀναστήσειεν,
2870 2071 2997 2125 ἀλλὰ
3037 2078 3128 2126 καὶ
3160 2075 3323 2147 χάριν
3367 2074 3450 2127 ὅτι
3494 2077 3567 2145 μὴ
3598 2078 3797 2144 κείμενον

2224 2158 2415 2231 ἀφῆκεν
2446 2158 2657 2215 ἀπαιτεῖ
2665 2181 2704 2223 ς.

2292 2248 2393 2304 Ἑλ.
2434 2256 2550 2311 Πῶς
2579 2246 2644 2309 δὴ
2674 2256 2762 2304 καὶ
2788 2256 2901 2303 τίνα
2931 2255 3155 2325 τρόπον;

2295 2345 2391 2413 Χρ.
2432 2337 2553 2392 Ὀτι
2597 2345 2967 2413 κατηγόρησας
3001 2338 3201 2393 ἐκείνων
3244 2339 3279 2393 ἆ
3306 2336 3502 2412 μηδεὶς
3528 2345 3798 2415 προτείνειε·

2222 2431 2433 2489 καὶτῆς
2480 2434 2793 2501 κατηγορίας
2839 2431 2969 2504 ὁρῶν
3018 2432 3235 2483 σεαυτὸν
3286 2431 3353 2489 ὡς
3402 2432 3569 2483 ἔοικεν
3614 2428 3807 2491 ἐξωθού-

2225 2534 2393 2587 μενον,
2447 2516 2505 2569 οὐ
2565 2524 2878 2590 συγγνώμην
2932 2520 3010 2579 οἷς
3063 2521 3292 2593 ἧμαρτες
3338 2518 3528 2585 αἰτεῖς,
3586 2514 3695 2570 οὐδ’
3742 2519 3807 2570 ὃτι

2224 2607 2385 2678 χάριν
2409 2605 2623 2677 ὀφείλεις
2646 2610 2687 2659 εἰ
2708 2612 2787 2669 τίς
2814 2626 2871 2659 σε
2894 2613 3119 2679 μεταστή
3131 2626 3233 2660 σειε
3260 2614 3351 2659 τοῦ
3381 2608 3609 2682 θράσους
3629 2606 3807 2673 ἐννοεῖς,

2227 2691 2333 2744 ἀλλ’
2364 2695 2441 2745 ὅτι
2489 2695 2605 2746 καθ’
2657 2695 2835 2771 ἑτέρων
2883 2697 3184 2769 ὡρμημένος
3230 2691 3463 2756 διέϐαλες
3502 2697 3667 2761 ἕτερα,
3696 2700 3810 2767 μέγα

2226 2784 2453 2855 νομίζεις
2485 2793 2682 2858 φρονεῖν
2713 2803 2725 2815 ’
2758 2791 2847 2838 καί
2879 2804 2959 2839 τοι
2990 2792 3085 2848 τῆς
3134 2784 3309 2846 ἀνοίας
3345 2790 3546 2847 ταύτης
3588 2794 3635 2839 τί
3663 2784 3718 2837 διν
3741 2788 3807 2840 si:

2225 2872 2587 2947 χαλεπώτερον
2611 2890 2625 2940 ;

2296 3049 2395 3104 Ἑλ.
2458 3054 2564 3124 Πρό
2618 3060 2717 3103 τῶν
2770 3052 2998 3124 ἐλέγχων
3065 3053 3123 3105 οὐ
3175 3049 3257 3107 δεῖ
3306 3058 3401 3114 τὴν
3462 3054 3622 3131 ὀφρῦν
3672 3058 3812 3128 αἰρεεν

2226 3135 2350 3191 οὐδε
2393 3148 2589 3212 φρονεῖν
2618 3146 2755 3213 μέγα
2779 3159 2789 3171 ·
2825 3140 2897 3213 ἐφ’
2942 3143 3021 3203 οἷς
3046 3141 3107 3193 ἂν
3137 3148 3253 3204 τοὺς
3282 3144 3581 3217 ὑπέχοντας
3608 3145 3746 3215 λόγον
3784 3142 3807 3198 ἑ

2226 3233 2316 3280 καὶ
2349 3227 2793 3302 προϐαλλομένους
2823 3235 2905 3290 τίς
2934 3229 3298 3303 ἐπιχλευάσειε
3323 3250 3336 3297 ;

2297 3414 2397 3481 Χρ.
2443 3407 2617 3469 Καλῶς
2659 3427 2715 3480 γε
2766 3411 2886 3480 ἔφης
2911 3426 2923 3439 ·
2958 3414 3048 3462 καί
3100 3429 3189 3483 μοι
3226 3418 3331 3471 τοῖς
3375 3410 3657 3484 λογισμοῖς
3698 3428 3814 3483 πιρ-

2228 3495 2494 3549 ακολούθει
2522 3514 2533 3525 ·
2564 3497 2623 3549 οὐ
2660 3503 2991 3572 προτείνουσι
3032 3503 3125 3558 τὴν
3161 3498 3438 3575 ἐρώτησιν,
3473 3503 3500 3554 ὁ
3549 3504 3681 3563 Θεὸς
3718 3503 3814 3570 ἔχει

2226 3582 2375 3656 λόγον
2383 3624 2397 3640 .

2295 3673 2393 3728 Ἑλ.
2438 3679 2537 3727 Καὶ
2564 3683 2674 3737 πῶς
2698 3675 2861 3739 ἄλλως
2886 3691 2899 3731 ζ

2298 3771 2395 3838 Χρ.
2437 3762 2574 3836 ’Δρά
2604 3763 2717 3817 ἐστί
2762 3784 2815 3817 τι
2862 3772 3012 3818 Θείον
3062 3762 3476 3839 ὑπεριδρύμενον
3525 3776 3624 3821 τῶν
3673 3770 3809 3819 ὄντων

2227 3850 2607 3925 δημιουργικόν
2637 3872 2691 3907 τε
2716 3859 2805 3906 καὶ
2836 3852 3118 3907 ἐποπτικὸν
3146 3855 3176 3913 ἣ
3210 3857 3271 3907 οὔ
3293 3872 3307 3922 ;

2294 3940 2394 3994 Ἐλ.
2438 3938 2605 3993 Οὐδὲν
2636 3949 2788 3995 τοῦτο
2812 3946 2941 4015 πρός
2968 3946 3054 3997 τόν
3082 3942 3201 4015 ἐμὸν
3230 3943 3404 4016 λόγον.
3441 3941 3587 3998 οάδξ
3746 3945 3815 3996 ὅτι

2224 4034 2295 4102 μὴ
2332 4034 2548 4103 συνείρω
2577 4038 2638 4103 τῇ
2674 4032 2786 4104 θείᾳ
2816 4034 2968 4104 φύσει
2994 4034 3059 4085 τὰ
3078 4038 3343 4105 προσόντα
3373 4033 3539 4106 αὐτῇ,
3568 4031 3604 4087 δ
3608 4037 3660 4086 ιὰ
3680 4041 3814 4086 τοῦτο

2222 4123 2337 4180 τοὺς
2367 4123 2616 4193 σοφιστὰς
2647 4129 2984 4193 συκοφαντεῖν
3017 4118 3176 4185 δόξω.

2240 4248 2245 4253 ο
2296 4216 2395 4280 Χρ.
2440 4208 2514 4262 Οὐ
2556 4218 2706 4263 τοῦτο
2748 4210 2878 4282 λέγω
2911 4225 2925 4240 '
2957 4210 3084 4263 ἀλλὰ
3131 4215 3318 4287 μικρὸν
3363 4216 3590 4266 σεαυτόν
3640 4213 3816 4266 ὑπόθου

2226 4306 2285 4370 τῇ
2325 4296 2573 4370 ἀκροάσει
2600 4316 2617 4333 ο
2649 4306 2801 4352 τοῦτο
2852 4296 2920 4358 δὴ
2975 4303 3033 4352 τό
3081 4302 3213 4354 θεῖον
3260 4304 3371 4371 (καὶ
3416 4302 3515 4356 οὐκ
3571 4302 3666 4376 ἐρῶ
3712 4304 3817 4360 τοὺς

2224 4388 2439 4459 ὕμνους)
2469 4392 2679 4461 πότερον
2708 4388 2912 4460 λογικόν
2938 4388 3068 4462 ἐρεῖς
3096 4395 3184 4443 καὶ
3216 4392 3463 4462 ἔμπνουν,
3494 4392 3527 4450 ἦ
3566 4391 3743 4463 ἄλογόν
3771 4406 3817 4442 τε

2225 4484 2315 4530 καὶ
2351 4478 2581 4545 ἄπνουνς
2615 4483 2704 4530 καί
2733 4497 2824 4551 μοι
2855 4479 3086 4551 θρασέως
3129 4498 3183 4532 τε
3222 4486 3313 4532 καὶ
3361 4478 3675 4543 σπουδαίως
3702 4479 3815 4531 ἁπο-

2225 4570 2423 4640 κρίνου.

2296 4654 2398 4709 Ἐλ.
2442 4655 2563 4727 Οὐχ
2590 4656 2830 4729 ὁπότερον
2859 4654 2919 4707 ἆν
2949 4654 3047 4729 ἐρῶ
3080 4655 3390 4729 βουλοίμην.

2298 4752 2399 4816 Χρ.
2443 4744 2576 4797 Ἀλλ’
2627 4745 2653 4796 ὃ
2701 4746 2912 4817 θάτερόν
2965 4764 3022 4798 σε
3059 4754 3154 4806 τῆς
3200 4751 3453 4819 προτέρας
3502 4746 3699 4820 ὕϐρεως
3734 4745 3815 4798 οὐκ

2226 4831 2453 4905 ἁπάγει;
2494 4836 2554 4886 ἄν
2602 4852 2655 4886 τε
2701 4837 2802 4907 γὰρ
2851 4835 2979 4907 ἐρεῖς
3026 4834 3233 4907 λογικόν
3291 4842 3381 4887 καὶ
3426 4840 3673 4908 ἔμπνουν,
3717 4838 3814 4887 οὔτε

2224 4926 2310 4975 τόν
2376 4928 2541 4993 Λόγον
2584 4922 2730 4994 λόγον
2796 4926 2937 4995 ἔχειν
2990 4926 3126 4996 ημᾶς
3180 4927 3661 4999 προσαναγκάσεις,
3714 4926 3813 4977 οὔτε

2223 5017 2382 5071 πνοὴν
2414 5015 2471 5065 τὸ
2512 5019 2719 5085 Πνεῦμα
2741 5029 2752 5041 ·
2786 5014 2848 5066 οἶν
2874 5032 2927 5067 τε
2956 5018 3052 5085 μὴν
3079 5025 3111 5067 ἵ
3136 5012 3265 5087 ἐρεῖς
3295 5015 3378 5067 ὅτι
3404 5018 3465 5067 τό
3496 5020 3647 5069 Θείον
3674 5016 3812 5067 ἐκεῖνο

2222 5100 2375 5172 λόγου
2418 5120 2472 5154 τε
2500 5106 2589 5154 καὶ
2639 5102 2947 5178 ξωαρχικῆς
2979 5100 3238 5175 ἁμέτοχόν
3293 5102 3408 5156 ἐστι
3438 5113 3623 5169 πνοῆς,
3680 5121 3811 5155 σειν·

2220 5193 2328 5256 τὸν,
2360 5190 2454 5243 οὐκ
2498 5190 2680 5253 ἄλλους
2728 5191 2800 5253 εἰς
2846 5196 2941 5251 τὴν
2990 5189 3225 5264 ἐσχάτην
3269 5190 3511 5246 ἁσεϐείαν
3564 5192 3807 5266 βυθίζεις’

2218 5284 2309 5333 καὶ
2350 5282 2466 5333 οὔτε
2514 5298 2598 5335 σοι
2645 5282 2703 5333 τό
2750 5278 2997 5335 πολύθεον
3052 5288 3146 5343 τῆς
3189 5280 3489 5343 Ἑλληνικῆς
3550 5281 3810 5339 ἀθεότητος

1801 5502 2034 5563 ΥΑΗΙιΕ
2072 5504 2475 5564 LECTIONES.

531 5691 565 5750 at
594 5680 736 5743 Cod.
766 5682 862 5758 μή.

3960 1216 3965 1341 Ξ

3962 1358 3965 1395 i

3964 1412 3965 1431 ι
