4026 6196
123 231 256 310 ωας
1090 242 1186 299 AD
1223 224 1786 307 AMPHIDOCIvit-UM
1812 239 2132 308 omnem
2174 219 2454 298 ccxxw.
3335 241 3474 297 4022

124 371 243 424 καθ’
293 372 439 443 ἡμῶν
497 372 637 442 ἔχειν
687 374 866 444 χώραν
889 368 1302 443 ἐνπορῥίπτεις,
1349 372 1465 422 οὔτε
1514 369 1539 420 ό
1575 367 1714 438 λόγος

1963 365 2069 422 stis
2099 367 2562 439 polytheismum
2593 363 2769 421 nobis
2799 363 3052 435 objicias
3087 382 3100 432 ;
3144 380 3340 438 neque
3361 366 3488 437 jam
3551 409 3553 416 .

123 459 448 525 ἐκϐάλλεται,
496 459 603 512 ἀλλ’
647 455 772 513 ούδε
820 462 878 511 τό
931 466 1131 530 πνεῦμα
1165 466 1262 519 τῆς
1312 460 1566 518 θεότητος*
1601 459 1713 529 όρᾲι

1906 453 2081 510 rbum
2113 470 2309 526 neque
2338 455 2477 510 item
2519 452 2757 525 spiritus
2781 452 3089 509 divinitate
3136 454 3492 512 excluditur.

126 553 262 610 ὅπως
310 552 374 601 τὰ
448 548 584 600 αύτὰ
669 553 740 620 μὴ
815 549 1067 608 ὡσαύτως
1131 554 1494 620 προτεινόμενα
1571 546 1716 599 πολύι

1903 543 2059 597 dens
2082 549 2144 599 ut
2183 543 2476 598 sententia
2534 542 2743 598 eadem
2789 541 2918 598 aliis
2974 542 3172 598 verbis
3227 544 3493 610 recitata,

129 639 287 692 σάλον
339 642 429 689 καὶ
478 640 714 712 τάραχον
772 644 879 698 τοῖς
931 636 1149 710 ἀπείρως
1183 640 1373 708 ἔχουσι
1421 645 1516 696 τῆς
1571 643 1719 706 σοφῆς

1909 631 2303 687 :riurbalionis
2329 632 2582 687 nebulas
2609 635 2667 686 et
2695 631 3082 695 confusionis,
3114 631 3210 686 his
3266 633 3365 704 qui
3412 651 3499 687 so-

127 733 218 780 καὶ
296 724 617 784 ἁδιαϐλήτου
697 723 924 798 μεθόδου
1001 731 1465 796 κατεπανίστησι;
1521 730 1583 778 Τί
1660 720 1717 780 δί

1909 721 1998 775 rtis
2031 727 2288 793 tutzeque
2324 721 2578 776 methodi
2634 720 2826 790 ignari
2855 725 3011 787 sunt,
3040 721 3314 776 offundat
3338 723 3366 777 ?
3387 722 3499 779 Cur

131 823 290 888 σιγᾷς
323 833 338 884 ;
373 817 438 871 Εἰ
473 819 564 888 μὲν
597 818 698 888 γὰρ
741 823 989 879 συνῆκας,
1025 815 1083 867 ού
1129 811 1212 868 δεῖ
1256 820 1349 874 τὴν
1383 819 1588 867 σύνεσιν
1631 833 1721 886 μα-

1907 825 1980 864 .es
2001 809 2028 865 ?
2060 813 2209 865 Nam
2237 808 2286 864 si
2308 826 2434 866 rem
2465 810 2815 879 intellexisti,
2841 826 2960 866 non
2983 817 3070 866 est
3116 811 3497 883 intelligentia

128 905 463 965 λακίξεσθαι’
498 904 542 956 εἰ
571 900 631 956 δε
663 907 758 976 μὴ,
785 902 940 956 πάλιν
973 904 1133 976 λέγειν
1175 906 1240 956 τὰ
1284 900 1540 956 δοκοῦντα
1569 901 1718 975 ἔμπο-

1905 898 2275 955 ssimulanda
2315 916 2331 955 :
2369 901 2414 954 si
2461 901 2681 966 minus,
2725 900 2873 955 nihil
2933 905 3106 966 vetat,
3165 907 3229 957 ut
3276 902 3490 966 cernis,

133 990 244 1046 δῶν
274 992 416 1045 ἔστιν
445 995 516 1054 ὡς
545 995 664 1066 ὁρᾷς
684 990 855 1048 οὐδέν.

1842 988 1988 1060 quin
2008 987 2171 1044 idem
2202 1005 2238 1044 a
2263 1006 2358 1045 me
2387 988 2588 1044 denuo
2627 989 2871 1044 dicatur.

202 1081 314 1139 Ἑλ.
356 1083 622 1154 Θαυμαζω
653 1091 757 1142 πῶς
785 1084 811 1134 ὁ
842 1082 996 1142 αὐτὸς
1023 1082 1172 1153 λόγος
1203 1081 1362 1142 ἄλλως
1388 1085 1477 1154 μὲν
1523 1100 1736 1154 σχημα-

1915 1078 2052 1134 Eth.
2081 1080 2254 1134 Miror
2273 1079 2582 1151 quomodo
2603 1080 2762 1134 idem
2789 1095 2987 1135 sermo
3011 1078 3180 1135 aliter
3207 1079 3499 1150 ﬁguratus

127 1172 400 1244 τιζόμενος
428 1170 618 1234 πολλὰς
646 1174 799 1242 γονὰς
830 1168 1017 1224 ἐδίδου
1058 1171 1240 1234 λαϐῆς·
1275 1173 1374 1223 ὑπὸ
1411 1168 1471 1224 δέ
1503 1190 1596 1223 σου
1627 1190 1715 1221 νυν

1914 1166 2047 1222 uitis
2064 1169 2383 1236 generibus
2417 1168 2950 1223 contradictionum
2996 1170 3291 1238 patuerit;
3343 1184 3501 1224 nunc

131 1262 442 1333 προαχθεὶς,
475 1257 860 1331 ἀπηλλαγμένος
885 1262 1090 1312 πάντων
1121 1259 1319 1312 ἐκείνων
1346 1257 1565 1331 ἐδείχθη
1598 1279 1721 1333 περι

1908 1261 2042 1311 item
2076 1272 2110 1312 a
2140 1262 2192 1311 te
2219 1257 2503 1328 prolatus,
2532 1257 2623 1311 his
2653 1256 2935 1312 omnibus
2962 1257 3498 1314 manifestecareat.

130 1358 318 1421 οανῶς·
350 1355 440 1402 καὶ
466 1348 525 1400 ού
555 1357 706 1402 τοῦτο
737 1354 912 1421 μόνον,
941 1348 1067 1401 ἀλλὰ
1093 1354 1183 1402 καὶ
1211 1346 1439 1402 δοκεῖτὸ
1469 1351 1613 1422 παρὰ
1643 1356 1720 1401 σοι

1911 1360 2048 1417 aque
2087 1345 2147 1400 id
2178 1353 2459 1415 eatenus;
2493 1362 2632 1402 nam
2650 1361 2787 1418 quae
2809 1351 2872 1402 tu
2903 1345 3070 1413 dicis,
3098 1345 3501 1418 persuadendi

128 1443 515 1510 κηρυττόμενον
545 1439 689 1509 ἄγειν
716 1438 786 1500 εἰς
814 1440 996 1492 πειθώ.

914 1440 996 1492 id).
1847 1449 2084 1507 quoque
2116 1434 2235 1490 vim
2268 1436 2504 1491 habent.

204 1535 308 1602 Χρ.
371 1527 482 1580 Ούκ
539 1526 622 1580 ἐπὶ
673 1535 767 1590 τῆς
817 1528 1086 1600 εἰρημένης
1118 1529 1304 1588 θέσεως
1351 1529 1507 1591 ἔστιν,
1553 1527 1594 1578 ὧ
1626 1525 1738 1598 βέλ-

1922 1525 2034 1580 Ch.
2077 1524 2200 1580 Non
2247 1525 2306 1580 in
2360 1524 2646 1596 praedicta
2675 1525 2891 1591 solum,
2939 1541 2974 1582 o
3020 1525 3200 1590 bone,
3245 1525 3500 1581 dictione

128 1636 304 1681 τιστε,
361 1621 518 1689 μόνης
585 1624 740 1670 τοῦτο
791 1614 1042 1681 κατιδεῖν,
1101 1615 1228 1668 ἀλλὰ
1303 1621 1391 1668 καὶ
1444 1615 1520 1669 ἐπ’
1576 1615 1718 1668 ἄλλωε

1912 1629 2210 1684 ignoscere
2232 1613 2384 1680 licet,
2416 1615 2518 1669 sed
2562 1615 2739 1669 etiam
2783 1614 2840 1668 in
2870 1613 2997 1668 aliis
3030 1614 3319 1686 pluribus,
3348 1616 3502 1670 hanc

127 1705 333 1758 πολλῶν
409 1710 468 1758 τό
538 1715 730 1778 σχῆμα
781 1714 874 1758 τοῦ
935 1705 1112 1777 λόγου·
1167 1710 1256 1757 καὶ
1309 1708 1338 1763 η
1393 1709 1714 1779 προσαγωγὴ

1912 1702 2135 1773 quendi
2189 1703 2466 1774 speciem.
2530 1702 2861 1774 Propositio
2923 1709 3122 1758 autem
3211 1703 3502 1759 malitiose

133 1800 567 1868 κακουργουμένη
620 1799 729 1867 μὲν,
792 1795 862 1856 εἰς
917 1794 1137 1867 ἀπορίαν
1187 1799 1568 1866 περιτρέπεται·
1626 1814 1723 1846 κατ

1913 1790 2536 1862 >1ata,perplexitatem
2584 1797 2745 1847 creat
2785 1809 2798 1857 ;
2851 1796 3004 1847 recte
3033 1791 3503 1864 exposita,suam

136 1884 262 1936 εὐθύ
322 1880 385 1936 δι
439 1888 821 1956 προτεινομένη,
867 1887 925 1935 τό
961 1884 1150 1936 οἰκεῖον
1191 1879 1449 1944 διασώζει
1486 1888 1576 1936 καὶ
1629 1880 1726 1935 δια

1306 1884 1449 1944 ιώζει
1486 1888 1576 1936 καὶ
1629 1880 1744 1935 δια·
1853 1879 2217 1936 incolumem
2245 1881 2598 1952 dignitatem
2667 1881 2896 1937 retinet.

135 1973 391 2045 φυλάττει
417 1971 622 2045 ἀξίωμα
635 2017 648 2030 ,

204 2062 311 2116 Ἑλ.
339 2062 463 2115 Οἷον
493 2067 543 2114 τί
569 2081 581 2130 ;

1925 2059 2065 2114 Eth.
2092 2058 2336 2131 Ecquod
2375 2059 2564 2115 habes
2595 2060 2678 2116 rei
2708 2060 3051 2132 exemplum
3091 2061 3117 2116 ‘I

208 2159 320 2223 Χρ.
363 2149 575 2223 Ἐὠμεν,
609 2149 654 2202 εἰ
685 2149 881 2222 βούλει,
913 2151 979 2203 τὰ
1007 2149 1199 2224 πόρρωο
1240 2149 1348 2202 ἀλλ’
1380 2149 1536 2204 ἐκεῖνο
1565 2151 1746 2225 ῥητέον

1929 2147 2036 2204 Ch.
2089 2147 2472 2213 Omittamus,
2507 2149 2556 2203 si
2581 2148 2683 2214 vis,
2727 2156 2956 2204 remota
2993 2166 3004 2205 :
3042 2149 3182 2204 illud
3223 2149 3506 2216 dicamus,

137 2242 162 2292 ὃ
216 2245 312 2292 καὶ
359 2239 486 2291 αύτό
536 2243 666 2311 μετὰ
718 2248 816 2301 τῆς
864 2244 1241 2314 προειρημένης
1295 2235 1606 2302 ἀποδείξεως
1652 2248 1714 2298 τῆ

1855 2237 2092 2308 quodin
2135 2237 2475 2309 supradicto
2507 2254 2779 2295 sermone
2805 2239 2948 2294 risui
2980 2239 3206 2295 abitum
3239 2239 3364 2296 fuit.

134 2328 338 2401 χλεύης
362 2333 542 2399 γέγονε
567 2331 828 2392 κοινωνόν,

205 2417 312 2472 Ἑλ.
347 2422 418 2470 Τὸ
443 2425 590 2470 ποῖον
615 2416 778 2488 λέγεις
808 2435 821 2484 ;

1925 2414 2074 2470 Eth.
2107 2413 2292 2479 Quale
2318 2414 2377 2468 id
2401 2418 2490 2470 est
2520 2414 2548 2470 ?

212 2514 312 2581 Κρ.
359 2507 471 2560 Ούκ
515 2505 612 2580 ἐρῶ
659 2507 830 2571 πάλιν,
883 2501 983 2578 ἆρά
1030 2525 1086 2577 γε
1133 2510 1346 2577 γόνιμος
1375 2507 1400 2557 ό
1446 2506 1629 2568 Θεόςῆ
1663 2507 1746 2557 οὔ·

1931 2502 2038 2557 Ch.
2081 2505 2198 2572 Ego
2249 2502 2530 2575 deinceps
2578 2519 2700 2559 non
2742 2504 3121 2575 interrogabo
3161 2520 3306 2561 num
3359 2506 3513 2561 Deus

136 2599 223 2650 ἵνα
272 2601 347 2668 μή
402 2600 486 2648 τόν
533 2599 743 2668 γόνιμον
791 2595 985 2667 ἀφελὼν
1026 2603 1116 2648 τοῦ
1165 2597 1288 2649 Υἰοῦ
1335 2599 1622 2667 συναφέ).ης
1657 2615 1726 2646 κα

1923 2591 2138 2647 cundus
2162 2593 2254 2658 sit,
2286 2608 2395 2648 nec
2435 2609 2509 2648 ne
2551 2609 2566 2659 ;
2609 2609 2685 2648 ne
2715 2593 2859 2650 forte
2928 2600 3010 2660 tu,
3054 2611 3190 2650 cum
3229 2595 3513 2664 gignendi

134 2690 234 2744 τὴν
294 2687 534 2742 θεότητα·
605 2687 634 2742 ἧ
695 2680 899 2751 διδούς,
962 2683 1234 2745 πολυθείας
1280 2686 1402 2756 ἡμῖν
1461 2680 1724 2747 διαπλέξει

1940 2681 2167 2748 Filium,
2207 2698 2446 2754 quoque
2499 2683 2720 2755 eripias
2767 2699 2836 2740 ac
2883 2683 3252 2740 divinitatem
3299 2685 3435 2740 :vel
3467 2684 3513 2740 si

139 2777 345 2848 σειράν·
394 2772 500 2825 ἀλλ’
547 2773 682 2825 οὕτω
725 2791 834 2834 πως
859 2772 1069 2848 ἐροίμην
1119 2774 1198 2825 ἄν·
1247 2778 1458 2841 πότερον
1509 2778 1565 2826 τό
1617 2777 1729 2827 θεῖοι

1927 2771 2176 2837 ηηοοόειε,
2203 2771 2602 2843 polytheismo
2629 2787 2739 2828 nos
2782 2772 3029 2828 irretias.
3082 2773 3198 2829 Sed
3247 2775 3517 2846 proposi-

139 2864 236 2931 (ἐώ
281 2859 342 2914 δε
397 2870 484 2913 νῦν
514 2865 636 2923 τοὺς
671 2861 864 2932 ὕμνους
895 2861 983 2922 οὖς
1030 2863 1060 2920 ἡ
1114 2866 1349 2934 μακαρία
1392 2864 1543 2930 φύσις
1583 2865 1729 2916 ἓκείνι

1923 2875 2081 2914 mem
2141 2859 2226 2913 sic
2257 2859 2645 2916 conformabo
2683 2875 2695 2914 :
2733 2866 3009 2916 utrumne
3057 2879 3281 2918 numen
3323 2863 3513 2934 (mitto

143 2951 402 3024 βιάζεται
433 2950 641 3022 λέγειν),
690 2948 792 3001 ἀλλ’
841 2949 927 3002 οὖν
968 2954 1024 3002 τὸ
1059 2953 1191 3003 θεῖον
1232 2956 1444 3023 πότερόν
1492 2950 1605 3004 ἐστι
1642 2971 1728 3022 γεν

1926 2964 2020 3003 inc
2050 2955 2292 3004 caeteros
2319 2948 2539 3018 titulos,
2572 2949 2674 3020 qui
2701 2949 2889 3004 beatae
2928 2949 3008 3004 illi
3047 2957 3270 3005 naturae
3301 2951 3516 3005 deben-

143 3044 387 3105 νητικόν,
447 3039 478 3098 ἡ
541 3047 636 3101 τῆς
685 3035 949 3111 δυνάμεως
1007 3038 1272 3112 ἀφῄρηται
1329 3042 1527 3101 ταύτης
1581 3057 1594 3107 ;
1657 3050 1733 3100 rip

1927 3037 1997 3108 r),
2043 3043 2339 3101 utrumne,
2373 3039 2645 3109 inquam,
2705 3055 2922 3094 numen
2968 3045 3058 3094 est
3087 3055 3400 3110 generans,
3441 3055 3517 3095 an

145 3127 206 3183 δε
259 3126 501 3190 διανοίας
539 3136 631 3180 τοῦ
660 3128 844 3194 ἁπλοῦ,
878 3127 991 3181 ἀντὶ
1020 3137 1112 3181 τοῦ
1149 3130 1318 3204 ῥέπειν
1348 3132 1472 3203 πρὸς
1500 3133 1594 3186 τὴν
1634 3128 1735 3203 ἐρη·

1929 3142 1974 3181 ιο
1994 3126 2268 3182 facultate
2298 3127 2509 3182 caret?
2539 3129 2695 3182 Tunc
2728 3127 2886 3184 enim
2947 3129 3340 3201 simplicitatis
3365 3129 3519 3198 cogi-

143 3224 274 3291 μίοτν
322 3225 422 3280 τῆς
467 3222 770 3289 γεννήσεως,
803 3217 872 3278 είς
915 3221 1002 3276 τὴν
1029 3222 1268 3290 γέννησιν
1299 3216 1729 3291 ἐπιστρεφομένης

1934 3216 2080 3270 tione
2099 3231 2215 3270 non
2230 3215 2306 3270 ad
2330 3217 2725 3285 generationis
2740 3217 3022 3290 inopiam,
3053 3218 3157 3273 sed
3180 3219 3255 3274 ad
3274 3234 3524 3289 genera-

143 3311 339 3380 ἰχομεν
393 3310 482 3358 τὸν
525 3308 664 3374 Υἰόν,
717 3308 833 3358 οὔτε
899 3314 992 3368 τῆς
1050 3309 1293 3369 θεότητος
1348 3305 1731 3378 ἁλλοτριοῦντες

1932 3319 2085 3360 mem
2119 3303 2359 3369 reﬂexa,
2412 3305 2623 3362 Filium
2671 3305 2967 3362 habemus
3005 3325 3017 3362 :
3049 3323 3226 3379 quem
3263 3323 3454 3380 neque
3487 3323 3522 3363 a

142 3398 265 3451 οὔτε
293 3401 580 3468 γεννήσεως
604 3392 742 3448 ἴδιον
773 3394 1216 3468 ἁνομολογούντες·
1250 3395 1298 3447 ἐν
1329 3395 1416 3468 ὅλη
1463 3399 1561 3468 γὰρ
1589 3402 1732 3447 ταῦτι

1933 3393 2172 3450 vinitatc
2202 3397 2653 3461 submovemus,
2686 3411 2882 3467 neque
2913 3396 2990 3452 ad
3034 3398 3358 3468 generandi
3386 3413 3523 3470 pro-

141 3495 207 3546 τῆ
245 3489 475 3551 θεοτητι,
513 3483 620 3536 ἀλλ’
649 3485 742 3537 ούκ
781 3485 856 3558 ίφ’
886 3485 1081 3560 ἑκάστῃ
1114 3495 1214 3538 τῶν
1244 3483 1291 3537 έν
1325 3485 1453 3558 αὐτῇ
1492 3484 1729 3557 θεολογου

1930 3482 2174 3540 ιίθιειιθω
2215 3483 2608 3541 admittimus.
2638 3485 2871 3558 Quippe
2905 3486 3006 3542 illa
3037 3487 3363 3560 propositio
3391 3486 3520 3542 uni-

144 3580 311 3648 μένων
337 3578 650 3647 προσώπων.

1928 3588 2095 3629 :rsam
2125 3573 2306 3629 afﬁcit
2332 3573 2720 3640 divinitatem,
2753 3591 2876 3631 non
2907 3591 3400 3649 unamquamque
3426 3577 3518 3632 di-

1866 3662 2120 3719 vinitatis
2142 3663 2402 3734 ejusdem
2425 3680 2769 3735 personam.

689 3758 1002 3824 ΕΡῼΤΗΣΙΣ
1041 3749 1222 3835 zxg'.
1867 3752 2184 3822 QUESTIO
2226 3752 2498 3810 ccxxvr
2529 3753 2711 3827 [σοςι.
2743 3755 2960 3820 CLXIX,
3005 3755 3178 3811 Taur.
3214 3755 3518 3829 CLXVIII].

368 3847 432 3896 Τί
453 3841 567 3896 ἐστι
586 3844 667 3910 τὸ,
696 3865 719 3892 ιι
759 3843 918 3895 Πόθεν
949 3847 1302 3916 παραγέγονας
1325 3841 1433 3914 (68)
1463 3859 1477 3909 ;
1516 3863 1539 3893 ν

2003 3842 2157 3909 Quid
2185 3841 2294 3897 sibi
2323 3844 2446 3898 vult
2477 3843 2634 3898 illud
2665 3861 2678 3901 :
2710 3866 2738 3895 «
2779 3844 2943 3900 Unde
2969 3845 3270 3901 accessisti
3298 3846 3325 3902 ?
3356 3867 3382 3896 υ

814 3965 966 4015 Nunc
987 3967 1221 4030 primum
1249 3965 1389 4015 edita
1418 3979 1450 4015 a
1475 3967 1532 4014 Ι),
1574 3965 2365 4030 Hergenroether.—Exegetica
2393 3966 2446 4014 in
2470 3964 2587 4018 Job.
2615 3967 2654 4023 Ι,
2687 3968 2740 4020 7.

225 4094 354 4166 Ούχ
381 4091 576 4156 ἁπλῶς,
618 4093 687 4154 ὡς
714 4093 775 4145 ἄν
819 4112 896 4152 τις
939 4092 1163 4158 οἰηθείη,
1196 4093 1225 4148 ἡ
1270 4095 1408 4164 φωνὴ
1455 4091 1752 4167 ἐρωτήσεωδ

1936 4091 2282 4162 Neutiquam
2311 4107 2424 4146 vox
2443 4091 2574 4156 ista,
2613 4095 2676 4146 ut
2700 4090 2848 4146 forte
2875 4092 3176 4164 quispiam
3200 4093 3518 4150 arbitratus

175 4187 333 4256 μόνον
391 4181 736 4256 προϐάλλεται
781 4185 966 4247 τύπον,
1014 4180 1142 4232 ἀλλά
1193 4185 1284 4233 καὶ
1336 4179 1631 4254 βαθυτέρας
1691 4181 1756 4242 Ca

1938 4181 2059 4244 erit,
2088 4179 2568 4249 interrogationis
2615 4180 2997 4237 solummodo
3021 4181 3274 4238 formam
3308 4200 3432 4255 prae
3469 4201 3528 4241 se

153 4280 362 4333 τήσεως
441 4269 787 4324 ἁνακαλύπτει
863 4274 1095 4345 θεωρίαν.
1180 4275 1266 4336 Σὺ,
1327 4275 1506 4342 φησὶν,
1555 4271 1604 4322 ἐν
1652 4277 1743 4322 τοῖς

1937 4275 2002 4336 rt,
2033 4269 2136 4324 sed
2164 4275 2220 4324 et
2260 4267 2663 4340 profundioris
2701 4269 3098 4340 inquisitionis
3133 4271 3352 4343 detegit
3387 4289 3527 4329 con-

152 4365 520 4435 χαμαιπετέσι
600 4365 692 4412 καὶ
768 4365 1048 4434 περιγείοις
1127 4357 1222 4412 διὰ
1294 4365 1388 4418 τὴν
1463 4358 1742 4420 ἀλαζονεία

1937 4358 2340 4431 mplationem.
2386 4360 2489 4424 Tu,
2523 4358 2605 4414 ait
2639 4358 2864 4431 (Deus),
2915 4367 3150 4433 propter
3201 4362 3420 4419 fastum
3457 4379 3527 4418 ac

152 4447 571 4510 καταδικατθεὶς
614 4454 701 4507 τὴν
759 4445 966 4501 διαιταν
1021 4450 1181 4520 ἔχειν,
1246 4451 1398 4502 πόθεν
1451 4452 1482 4507 ἤ
1542 4457 1651 4511 πῶς
1695 4447 1742 4500 έν

1937 4447 2325 4513 ctantiam,ad
2350 4447 2665 4504 incolenda
2684 4448 2889 4505 inﬁma
2903 4449 3059 4507 circa
3083 4456 3302 4508 terram
3332 4451 3527 4524 spatia

153 4541 334 4592 ταῡθα
382 4542 764 4610 παραγέγονας,
817 4534 1066 4609 οὐδεμίαν
1122 4540 1260 4609 ἔχων
1329 4537 1568 4599 ἐξουσίαν
1620 4539 1743 4611 ἱερῶ·

1935 4538 2324 4600 >ndemnatus,
2351 4537 2510 4592 unde
2541 4543 2643 4593 aut
2671 4555 2939 4610 quonam
2971 4544 3146 4610 pacto
3178 4541 3294 4597 huc
3326 4557 3525 4598 acces-

156 4625 369 4702 ἀνδρῷν
417 4628 854 4700 περιεργάζεσθαι
912 4625 1080 4699 βίους,
1140 4626 1187 4678 έν
1231 4627 1434 4687 ἐκείνοις
1480 4624 1539 4680 δὲ
1589 4632 1746 4699 μόνοι

1938 4628 2021 4694 sti,
2048 4626 2278 4682 nullam
2307 4627 2532 4683 habens
2579 4634 2931 4700 potestatem
2984 4636 3327 4686 sanctorum
3375 4631 3528 4688 viro-

157 4715 488 4792 ἁποῤῥιφεὶς,
535 4717 587 4767 οἶ
641 4734 698 4768 σε
734 4723 831 4777 τῆς
880 4716 1066 4776 οἰκείας
1107 4715 1367 4777 πολιτείας
1424 4723 1533 4777 τοῖς
1601 4715 1747 4788 πλημι

1937 4732 1998 4770 un
2029 4715 2217 4772 vitam
2238 4715 2568 4785 indagandi
2599 4720 2655 4771 et
2687 4715 3040 4788 inspiciendi
3071 4739 3082 4784 ;
3131 4719 3237 4774 sed
3282 4720 3359 4775 ad
3399 4720 3527 4778 illos

157 4805 458 4879 μελίπμασιν
490 4805 778 4876 εἰσηγητὴν
809 4809 898 4856 καὶ
943 4808 1180 4879 χορηγόν
1213 4803 1415 4857 ἀτόπων
1446 4813 1717 4857 ποιοῦνται

1935 4804 2034 4860 llos
2055 4804 2339 4875 dejectus,
2373 4805 2474 4877 qui
2525 4809 2578 4860 te
2620 4805 2846 4861 delictis
2885 4809 3239 4879 perpetratis
3269 4807 3330 4864 in
3382 4824 3525 4880 pro-

156 4897 326 4948 Πόθεν
372 4889 460 4946 οὖν
510 4895 583 4956 εἱς
632 4890 798 4966 μηδέν
843 4912 926 4946 σοι
963 4897 1300 4968 προσήκοντα
1343 4892 1460 4967 βίον
1489 4893 1746 4966 λογοθέτητ

1937 4893 2008 4949 ’ίᾶ
2037 4894 2154 4950 vita
2170 4896 2522 4966 magistrum
2551 4910 2620 4950 ac
2651 4894 2865 4950 ducem
2900 4895 3280 4954 absurditatis
3311 4898 3418 4954 sibi
3444 4899 3527 4957 fa-

157 4985 348 5038 ἑαυτὸν
376 4983 490 5056 (87)
512 4981 710 5058 έπῆρας
739 4985 978 5055 γενέσθαι
1013 4999 1026 5051 ;

1935 4988 2080 5038 unt?
2139 4984 2300 5041 Unde
2349 4984 2527 5056 igitur
2573 5001 2756 5040 ausus
2786 5001 2850 5040 es
2897 5002 3202 5043 censorem
3233 4992 3285 5042 te
3312 4991 3525 5047 consti~

1877 5076 2038 5128 tuere
2068 5073 2225 5139 vitae,
2257 5090 2392 5146 quae
2423 5073 2586 5130 nullo
2634 5089 2878 5146 prorsus
2940 5076 3124 5133 modo
3192 5075 3272 5134 ad
3320 5083 3374 5135 te
3403 5095 3536 5152 per-

1873 5162 2016 5218 tinet
2038 5160 2066 5217 ?

1941 5287 1986 5341 Ν
1992 5288 2149 5344 ΟΤᾺΕ

227 5419 359 5506 (8Q
381 5421 509 5506 Haec
528 5419 1139 5506 quiestioponitur
1159 5418 1220 5476 in
1244 5418 1379 5506 cod.
1414 5419 1775 5506 Eoisliniano
1886 5421 2475 5506 Gmsari‘usnDialogJ,
2500 5426 2645 5506 (1.39
2667 5444 2682 5495 ;
2702 5427 3332 5506 Pseudoiitthanasius,
3363 5447 3428 5506 q.
3459 5436 3526 5492 42

174 5492 247 5568 q.‘
293 5496 364 5576 QQ
407 5498 463 5549 et
481 5492 570 5576 Δ(ιζ
605 5493 812 5576 ὥρμει
837 5492 944 5576 "bis
981 5507 1246 5576 quoque.
1283 5493 1363 5575 lin
1412 5492 1763 5576 Iaurinensi
1871 5492 2231 5576 (1.2191271;
2261 5492 2541 5554 Anastasii
2560 5492 2893 5576 Sinaita,q.
2931 5502 3023 5571 31,
3053 5519 3112 5576 p.
3143 5505 3267 5565 300.

178 5562 246 5649 ᾇ.
299 5568 402 5649 90.‘
434 5562 614 5649 Oet:q.
637 5564 785 5649 36g?)
820 5562 1046 5649 iisde
1083 5562 1280 5649 vcrbis
1309 5562 1642 5649 incipiens:
1670 5567 1759 5649 De.

1083 5562 1280 5649 verbis
1309 5562 1642 5649 incipiens:
1670 5567 1759 5649 De.
1889 5562 2048 5638 ‘(87)
2075 5564 2250 5621 ἕαντόν
2277 5583 2386 5641 pro
2421 5573 2639 5629 σαυτόν,

279 5634 480 5694 verbis
502 5633 610 5695 Job
637 5636 704 5704 ΙΙ,
726 5633 781 5705 2,
813 5639 898 5704 l'l,
925 5633 1129 5710 plures
1166 5633 1670 5708 veterum‘agunt,
1701 5639 1768 5693 ut
