4026 6196
113 263 257 321 1029

663 396 978 444 ΕΡΩΤΗΣῙΣ
1016 389 1174 447 ΣΛΕ’.

954 264 1050 320 ΑΙ)
1090 263 1634 323 AMPHILOCHIUM
1675 264 1997 335 QUIESTIO
2039 266 2740 326 CCXXXIII-CCXXXVII.

3337 268 3476 325 1030

1961 395 2289 460 ΟΠΕΞΉΟ
2317 395 2574 450 CCXXXV
2604 392 2811 464 [CoisL
2842 392 3023 448 Taur.
3061 393 3359 464 LXXXIII].

101 499 260 557 Τίνος
288 495 432 549 ἕνεκα
458 494 661 568 λέγεται
676 499 747 572 -τό
794 503 1001 570 Πνεῦμα
1031 498 1176 550 εἰκὼν
1212 505 1302 551 τοῦ
1333 501 1456 552 Υἰοῦ
1483 516 1496 567 ;
1528 505 1615 553 καὶ
1645 505 1716 562 τίς

1837 499 1957 556 Cur
1986 501 2228 558 dicatur
2243 500 2502 570 Spiritus
2533 501 2728 569 imago
2746 497 2906 562 Filii,
2934 504 2988 554 et
3008 499 3233 570 quidsit
3251 501 3483 572 Pytha-

393 570 423 626 ἡ
452 576 552 620 τῶν
582 568 946 644 Πυθαγορείων
979 574 1260 644 τετρακτύς
1283 571 1396 643 (97)
1427 587 1440 637 ;

2319 587 2650 643 goraeorum
2686 576 2990 627 (etractus.

1432 702 1588 752 Edita
1615 716 1648 754 a
1677 703 1816 754 Maio
1845 703 1899 767 (l.
1928 718 1974 754 c.
2003 719 2037 768 p
2066 705 2196 766 113).

182 822 354 876 Εἰκών
403 822 605 893 λέγεται
659 831 753 876 τοῦ
806 828 1011 897 Πατρός
1076 826 1101 877 6
1154 827 1274 887 Υἱός
1327 831 1418 878 καὶ
1473 829 1542 888 ὡς
1591 830 1723 900 πρὸς

103 909 273 963 αὐτόν
325 911 441 964 κατ’
497 912 668 965 αἰτίαν
723 911 1111 988 ἀναφερόμενος,
1155 917 1245 967 καὶ
1295 916 1362 976 ὡς
1412 917 1575 986 ἐαυτῷ
1636 919 1722 968 τόν

104 1004 324 1073 Πατέρα
382 998 688 1074 προδεικνὺς
731 1007 821 1055 καὶ
865 1002 1148 1067 εἰκονίζων,
1205 1004 1260 1064 ὃς
1300 1023 1399 1055 που
1447 1008 1538 1056 καὶ
1591 1007 1721 1076 πρὸς

99 1092 195 1140 τόν
230 1089 502 1142 Φίλιππον·
540 1110 568 1142 ‹‹
596 1090 655 1144 Ὁ
682 1091 917 1163 ἑωρακὼς
949 1091 1058 1164 ἐμὲ,
1091 1092 1283 1166 ἑώρακε
1313 1095 1401 1144 τόν
1434 1096 1653 1167 [lui-iper
1690 1115 1717 1142 »

105 1177 262 1230 εἰκὼν
316 1175 376 1232 δὲ
419 1182 543 1233 Υἰοῡ
595 1183 653 1232 τὸ
701 1187 906 1252 Πνεῦμα
948 1181 1054 1252 οὐχ
1098 1183 1166 1242 ὡς
1213 1182 1285 1242 εἰς
1329 1180 1716 1255 ἀναφερόμενον

104 1267 287 1338 ἄπαγε
317 1284 332 1298 °
388 1266 494 1320 ἀλλ’
543 1270 617 1322 ὅτι
667 1274 739 1342 μὴ
788 1270 894 1322 οἶόν
932 1289 987 1322 τε
1023 1274 1280 1343 γνωρίσαι
1317 1273 1404 1322 τόν
1458 1271 1576 1323 Υἱόν
1621 1270 1721 1322 ἑτέ-

106 1357 294 1426 ρωθεν,
357 1356 401 1408 εἰ
460 1361 529 1429 μὴ
600 1360 659 1410 τὸ
711 1360 961 1430 πανάγιον
1021 1361 1150 1431 πρὸς
1204 1363 1298 1416 τὴν
1358 1363 1720 1433 χειραγωγίαν

114 1446 364 1518 συνεργὸν
409 1444 620 1499 λάϐοιτο
655 1453 884 1518 Πνεῦμα.
923 1452 1029 1505 Τὴν
1073 1450 1356 1521 τετρακτὺν
1406 1445 1464 1501 δὲ
1495 1455 1720 1520 τιμῶσιν

107 1535 155 1585 οἱ
189 1535 542 1610 Πυθαγόρειοι
586 1537 654 1599 ὡς
704 1536 875 1589 εἰκόνα
920 1544 1021 1590 τῶν
1059 1538 1326 1610 τεσσάρων
1369 1533 1530 1590 οὖσαν
1572 1556 1719 1590 στοι-

97 1640 169 1694 χε
175 1643 291 1680 ιων,

644 1720 960 1769 armum:
999 1713 1179 1798 ΣΛςί.

431 1824 577 1875 Διατί
601 1819 791 1895 ἀλείφει
821 1825 907 1877 τὸν
935 1821 1078 1875 λίθον
1107 1824 1133 1875 ό
1162 1821 1348 1877 Ἰακώϐ
1372 1842 1384 1893 ;

1906 831 2112 896 Imago
2151 827 2334 899 patris
2364 827 2580 883 dicitur
2618 827 2798 883 Filius
2827 831 2881 884 et
2911 829 3055 902 quia
3084 829 3163 885 ad
3218 829 3377 886 illum
3426 835 3491 887 ut

1833 931 2081 972 causam
2105 917 2352 972 refertur
2371 920 2426 971 et
2447 917 2588 988 quia
2615 917 2674 972 in
2697 919 2890 988 seipso
2908 919 3134 973 Patrem
3158 920 3415 975 ostendit
3434 924 3490 976 et

1834 1005 2073 1076 ﬁgurat.
2107 1005 2216 1070 Qui
2250 1005 2390 1061 olim
2442 1005 2708 1078 Philippo
2760 1005 2994 1061 dicebat
3028 1007 3173 1072 :Qui
3201 1008 3357 1063 videt
3394 1025 3488 1065 me

1834 1095 1994 1150 videt
2033 1099 2091 1150 et
2121 1100 2344 1166 patrem
2394 1111 2617 1159 meum,
2654 1095 2901 1166 Spiritus
2928 1103 3126 1151 autem
3150 1101 3238 1152 est
3285 1097 3488 1168 imago

1835 1183 1976 1250 Filii,
2006 1199 2124 1238 non
2152 1184 2316 1255 quod
2344 1184 2421 1239 ad
2444 1183 2610 1238 illum
2634 1185 2922 1240 referatur
2946 1202 2958 1250 ;
2979 1185 3141 1240 nullo
3163 1187 3361 1256 modo,
3384 1189 3488 1243 sed

1829 1271 1992 1344 quod
2023 1272 2309 1344 possibile
2340 1288 2458 1328 non
2487 1277 2571 1328 est
2598 1272 2803 1328 Filium
2827 1273 2994 1329 aliter
3021 1289 3349 1343 agnoscere
3374 1277 3485 1332 nisi

1833 1361 2081 1433 Spiritus
2111 1366 2353 1416 sanctus
2385 1365 2446 1416 ut
2467 1361 2800 1417 conductor
2824 1366 2880 1416 et
2905 1368 3256 1433 cooperator
3287 1380 3352 1419 su
3365 1381 3487 1420 ma-

1831 1455 1943 1505 tur.
1979 1450 2443 1515 Quaternitatem
2471 1455 2672 1506 autem
2694 1450 2897 1506 colunt
2931 1451 3297 1522 Pythagorei
3345 1453 3487 1524 quia

1831 1542 1921 1594 est
1944 1537 2149 1608 imago
2170 1543 2428 1610 quatuor
2467 1539 2922 1595 elementorum.

1941 1715 2264 1782 QUESTIO
2297 1717 2586 1773 CCXXXVI
2619 1715 2822 1790 [CoisL
2859 1718 3040 1775 Taur.
3076 1719 3372 1792 LXXXIV].

2197 1823 2390 1892 Quare
2416 1825 2600 1880 Jacob
2629 1831 2860 1894 petram
2895 1832 3079 1897 ungat
3105 1826 3132 1882 ?

669 1970 818 2022 Edita
843 1985 877 2022 θ,
902 1971 1046 2024 Maio
1074 1971 1131 2033 (l.
1163 1985 1210 2021 c.
1242 1987 1295 2036 p.
1330 1971 1442 2034 M3)
1481 2007 1491 2020 .
1519 1999 1580 2009 --
1605 1974 1676 2023 De
1707 1972 1874 2024 Jacob
1900 1976 2136 2036 ungente
2167 1972 2418 2037 lapidem,
2453 1974 2581 2024 Gen.
2614 1974 2787 2030 xxviii,
2821 1976 2898 2023 18.

167 2106 283 2164 Τὴν
325 2103 616 2178 ἀτεράμονα
653 2109 742 2158 καὶ
789 2109 926 2159 κατὰ
967 2105 1142 2167 λίθους
1190 2103 1414 2178 κάρδίαν
1444 2115 1718 2182 προτυπῶν

92 2203 199 2246 τῶν
242 2193 405 2247 ἐθνῶν
434 2195 514 2247 ὅτι
542 2197 900 2267 χρισθήσεται
947 2197 1036 2268 μὲν
1085 2196 1219 2252 αὕτη
1268 2197 1530 2268 Πνεύματι
1561 2195 1715 2268 ἁγίῳ,

93 2282 528 2358 ἀφορισθήσεται
578 2280 636 2336 δὲ
680 2285 853 2358 ὥσπερ
900 2282 1086 2346 ἐκεῖνος
1133 2293 1204 2356 τῷ
1249 2292 1382 2356 Θεῷ.
1430 2291 1616 2337 Νοοῖτο
1665 2280 1716 2336 δ’

93 2372 156 2425 ἂν
219 2377 316 2425 καὶ
371 2374 488 2425 καθ’
534 2373 700 2448 ἕτερον
766 2377 955 2449 τρόπον
1007 2374 1182 2448 ὅτιπερ
1241 2377 1327 2426 τόν
1378 2373 1519 2426 λίθον
1575 2372 1716 2425 ἀλεί-

91 2481 177 2534 ῖνει
216 2483 230 2495 ο
277 2457 421 2514 διότι
462 2461 633 2534 ἔμελλε
685 2457 758 2515 δι’
807 2464 1000 2534 ἄφατον
1049 2461 1184 2525 ἔλεος
1238 2465 1267 2521 ἡ
1325 2461 1718 2536 προσληφθεῖσα

93 2551 239 2623 σὰρξ
267 2559 335 2624 τῇ
395 2552 600 2610 θεότητι
637 2553 913 2624 χρίεσθαι.
949 2553 1111 2614 Λίθος
1155 2547 1214 2604 δε
1245 2553 1269 2602 6
1319 2554 1503 2625 Κύριος
1556 2549 1716 2624 ἀκρο-

89 2647 348 2712 γωνιαῖος
407 2642 605 2714 ἔντιμος
678 2643 950 2694 συνάπτων
1023 2637 1094 2693 δι’
1172 2640 1355 2694 ἑαυτοῦ
1424 2644 1544 2702 τοὺς
1618 2637 1716 2693 δύο

89 2731 228 2785 λαοῦ
239 2752 282 2794 ς.

653 2825 966 2873 ΕΡΩΤΗΣΙΣ
1007 2817 1168 2873 ΣΛΖ’.

336 2982 433 3036 Διὰ
459 2984 511 3033 τί
538 2986 818 3054 προσκυνεῖ
845 2983 905 3033 τό
936 2981 1094 3056 ἄκρον
1123 2988 1218 3043 τῆς
1244 2977 1445 3056 ῥάϐδου
1470 2996 1485 3048 ;

1899 2106 2275 2164 lntractabile
2299 2115 2353 2163 et
2379 2107 2598 2163 durum
2631 2114 2694 2165 ut
2714 2113 2880 2180 petra
2910 2125 3012 2165 cor
3039 2109 3304 2178 gentium
3333 2111 3484 2180 ﬁgu-

1827 2196 2014 2263 rabat,
2057 2197 2222 2270 quod
2256 2197 2472 2268 Spiritu
2501 2204 2706 2253 sancto
2738 2197 3084 2267 ungendum
3112 2204 3256 2265 erat,
3281 2205 3337 2254 et
3367 2202 3482 2255 Deo

1827 2290 1916 2342 est
1951 2285 2053 2342 illa
2097 2285 2600 2342 consecrandum.
2653 2286 2782 2342 Alio
2832 2287 2979 2343 forte
3035 2287 3482 2360 modointelligi

1827 2380 2021 2446 potest
2050 2375 2176 2431 haec
2209 2375 2422 2447 lapidis
2451 2377 2677 2440 unctio,
2707 2376 2922 2432 scilicet
2950 2394 2962 2432 :
2990 2392 3093 2447 per
3115 2375 3481 2433 ineffabilem

1826 2463 2300 2520 misericordiam
2341 2479 2480 2519 caro
2511 2471 2826 2536 assumpta
2875 2464 3182 2521 divinitate
3202 2465 3484 2536 ungenda

1827 2557 1968 2609 erat.
1992 2556 2157 2608 Petra
2176 2559 2377 2609 autem
2398 2553 2704 2623 angularis
2729 2553 2991 2610 Christus
3020 2555 3394 2626 gloriosusin
3421 2571 3482 2610 se

1825 2642 1978 2698 duos
2010 2641 2266 2715 populos
2303 2642 2698 2713 conjungens.

1963 2802 2284 2870 QUIESTIO
2311 2803 2622 2860 CCXXXVIl
2655 2802 2858 2870 [CoisL
2898 2803 3077 2860 Taur.
3116 2801 3359 2859 LXXXV.

2411 2876 2591 2944 Wolf.
2619 2872 2909 2946 LXXXVI].

2079 2981 2276 3047 Quare
2303 2981 2690 3036 summitatem
2721 2980 2925 3036 baculi
2961 2979 3182 3036 adoras
3204 2980 3232 3036 ‘I

787 3131 1069 3182 Editarum
1091 3145 1124 3182 a
1153 3131 1348 3182 Wolﬁo
1371 3131 1643 3181 tricesima
1670 3130 1827 3183 tertia
1848 3131 2000 3194 (Cur.
2032 3131 2207 3181 Philol
2216 3170 2255 3188 .,
2294 3135 2330 3181 t.
2364 3131 2426 3187 V,
2459 3145 2510 3194 p.
2539 3131 2785 3194 673-6“).

166 3281 474 3351 Προσκυνιῖ
521 3278 694 3347 μέντοι
748 3278 841 3334 τὴν
887 3271 1084 3350 ῥάϐδον
1141 3281 1232 3328 τοῦ
1283 3271 1496 3344 παιδός,
1529 3275 1555 3327 6
1601 3281 1715 3336 νοῦς

1895 3276 2121 3332 Adorat
2179 3275 2427 3348 quidem
2485 3275 2774 3331 baculum
2803 3274 2928 3344 ﬁlii,
2986 3273 3248 3340 animus,
3292 3275 3480 3330 Deum

89 3369 116 3418 6
169 3368 313 3440 ὁρῶν
359 3367 447 3417 τόν
497 3369 644 3418 Θεὸν.
679 3370 842 3420 Τοῦτο
873 3364 987 3436 (98)
1028 3367 1128 3440 γὰρ
1175 3365 1200 3415 6
1235 3364 1464 3437 Ἰσραήλ.
1496 3363 1616 3416 Ὀτι
1658 3363 1714 3416 ἐκ

87 3465 192 3517 τῆς
253 3450 463 3529 ῥάϐδου
512 3454 660 3515 ἄνθος
710 3458 998 3527 προεμήνυε
1051 3455 1601 3528 προσκυνηθὴσεσθαι,
1656 3452 1714 3504 οὐ

89 3553 260 3618 μόνον
310 3545 414 3596 ὑπὸ
464 3551 555 3596 τοῦ
605 3547 740 3613 νέου,
782 3541 912 3595 ἀλλὰ
960 3547 1051 3595 καὶ
1089 3543 1188 3594 ὑπό
1228 3549 1320 3594 τοῦ
1362 3548 1716 3616 γεγηρακότος

90 3633 345 3709 Ἰσραήλ.
398 3632 557 3687 Ἀλλὰ
611 3637 698 3686 καὶ
756 3634 844 3692 τὰς
913 3631 1150 3704 εὐλογίας
1197 3638 1303 3692 τοῖς
1355 3637 1537 3683 παισὶν
1603 3631 1713 3700 (99)

88 3725 192 3778 οὐκ
249 3721 445 3782 ἐπίσης
495 3722 713 3796 μερίζει.
768 3720 927 3774 Ἀλλὰ
974 3724 1092 3781 τοὺς
1138 3723 1229 3792 μὲν
1286 3719 1542 3791 εὐλογίαις
1594 3721 1716 3772 ὑπο-

90 3813 302 3878 ϐάλλει,
361 3815 485 3874 τοὺς
561 3807 621 3864 δε
691 3812 840 3872 υἱοὺς
896 3809 1019 3884 ἀρᾶς
1083 3807 1362 3882 ἁπελὲγχει
1577 3813 1716 3861 Διότι

88 3907 282 3974 ὥσπερ
330 3900 479 3962 οὗτος
522 3903 609 3953 τὸν
656 3899 876 3952 παλαιόν
917 3897 1154 3952 ἀπέτεκεν
1200 3898 1344 3964 λαὸν,
1390 3897 1524 3950 οὕτω
1571 3899 1715 3950 καὶὸ

89 3996 300 4068 Κύριος
356 3996 474 4051 ταῖς
520 3995 893 4061 πνευματικαῖς
950 3985 1111 4041 ὠδῖσι
1165 3990 1252 4039 τὸν
1300 3991 1408 4040 νέον
1462 3985 1718 4058 ἀπογεννᾷ

81 4082 221 4136 λαόν
287 4083 382 4131 καὶ
432 4085 526 4140 τῆς
579 4077 808 4150 εὐλογίας
860 4073 1242 4151 μεταδίδωσιν,
1295 4076 1352 4129 οὐ
1400 4083 1561 4129 πᾶσιν
1612 4075 1714 4146 (2),

82 4170 229 4223 ἀύλὰ
278 4174 396 4228 τοῖς
444 4170 890 4242 παρεσκευακόσιν
939 4165 1112 4228 ἀξίους
1170 4164 1404 4225 ἑαυτούς.
1449 4163 1523 4217 Οὐ
1580 4163 1718 4236 φιλο-

79 4265 260 4334 τιμίᾳ
329 4260 504 4309 τοίνυν
563 4251 793 4327 διανέμει
848 4257 943 4313 τήν
996 4253 1230 4326 εὐλογίαν
1287 4260 1398 4315 τοῖς
1449 4257 1640 4314 τέκνοις
1691 4253 1716 4304 ό

77 4344 311 4412 Ἰακὼϐ,
350 4343 481 4398 ἁ)λὰ
521 4346 617 4407 τὰς
645 4344 861 4421 πράξεις
903 4346 1097 4398 τούτων
1140 4347 1325 4418 κριτὴν
1355 4350 1580 4397 ποιεῖται
1626 4350 1717 4404 τῆς

80 4435 333 4509 διανομῆ
347 4455 390 4498 ς.

1824 3363 2174 3435 respiciens.
2218 3365 2282 3420 Id
2338 3363 2498 3419 enim
2545 3363 2841 3436 signiﬁcat
2895 3364 3112 3420 Israel.
3143 3362 3277 3418 Flos
3322 3362 3483 3418 enim

1825 3469 1897 3508 ex
1963 3453 2134 3523 virga
2200 3451 2580 3508 efﬂorescens
2640 3452 3020 3522 significabat
3073 3451 3197 3507 fore
3242 3457 3305 3506 ut
3335 3466 3483 3506 non-

1825 3543 2022 3598 solum
2045 3543 2123 3598 ab
2155 3541 2369 3598 Israele
2391 3543 2627 3612 juvene,
2659 3541 2762 3596 sed
2786 3556 2926 3596 sene
2951 3555 3194 3612 quoque
3212 3539 3486 3595 adorare-

1823 3637 1937 3686 tur.
1964 3631 2120 3687 [dem
2148 3647 2326 3704 porro
2347 3630 2793 3686 benedictiones
2819 3646 2963 3686 suas
2989 3629 3126 3684 ﬁliis
3149 3644 3269 3684 non
3285 3644 3484 3700 aequa-

1823 3719 1953 3776 liter
1980 3719 2335 3792 impertitur,
2366 3720 2469 3776 sed
2509 3719 2659 3776 alios
2689 3718 2936 3791 quidem
2962 3717 3484 3774 benedictionibus

1825 3809 2110 3874 cumulat,
2153 3809 2283 3865 aliis
2306 3824 2442 3864 vero
2494 3808 2628 3863 ﬁliis
2684 3808 2849 3864 diras
2908 3807 3270 3878 imprecatur
3302 3823 3316 3871 ;
3350 3805 3484 3862 ideo

1825 3897 2066 3963 scilicet,
2107 3897 2295 3968 quod,
2327 3896 2849 3968 quemadmodum
2881 3895 2974 3950 hic
2999 3894 3299 3965 (Jacobus)
3332 3899 3489 3950 vele-

1825 4002 1950 4042 rem
1980 3985 2143 4041 illum
2185 3987 2483 4057 populum
2514 3985 2740 4055 genuit,
2768 3985 2850 4040 ita
2884 3983 3192 4047 Dominus,
3237 3982 3486 4053 spiritua

1826 4074 1956 4130 liter
1983 4075 2338 4146 parturiens,
2373 4089 2598 4128 novum
2639 4071 2930 4144 populum
2986 4071 3192 4141 gignit,
3226 4085 3485 4141 eumque

1827 4162 2262 4218 benedictionis
2291 4179 2413 4217 suae
2440 4161 2633 4217 reddit
2677 4159 3046 4232 participem,
3090 4175 3210 4214 non
3241 4157 3486 4230 quidem

1826 4267 2056 4316 omnes,
2077 4251 2181 4307 sed
2204 4266 2326 4316 eos,
2356 4250 2462 4323 qui
2488 4249 2720 4320 seipsos
2746 4248 2844 4303 illa
2868 4248 3075 4320 dignos
3099 4245 3483 4302 reddiderint.

1829 4341 2306 4398 Benedictionem
2345 4340 2546 4411 itaque
2599 4338 2732 4393 ﬁliis
2763 4353 2882 4393 non
2935 4337 3178 4410 proprio
3218 4336 3484 4407 quodam

1828 4430 2030 4488 studio
2060 4427 2631 4502 dispertitJacobus,
2662 4427 2768 4483 sed
2791 4427 3056 4498 ipsorum
3077 4425 3338 4482 actiones
3369 4424 3488 4479 dis-

1830 4518 2166 4592 pertitionis
2183 4518 2364 4590 hujus
2397 4516 2655 4574 arbitras
2686 4516 3016 4573 constituit.

1689 4689 1920 4746 NOTIE.

159 4860 296 4931 (97)
317 4857 495 4931 Apud
512 4855 1034 4931 Montefalconium
1055 4856 1567 4931 (Bibl.Co_islin.p_.
1587 4856 1712 4931 333)
1749 4860 1794 4915 D
1825 4855 2086 4931 quidem.
2115 4854 2579 4931 Eademtamen
2600 4850 3075 4931 _etymologia_se
3106 4855 3160 4906 et
3193 4850 3323 4931 aliis
3348 4866 3483 4931 pro-

72 4943 139 4991 et
171 4928 248 4990 in
273 4928 420 5002 cod,
462 4930 672 5002 Taurin
704 4933 767 4986 3t
816 4928 1032 5002 (catal.
1057 4928 1121 5002 p.
1152 4928 1484 5002 limatulo
1535 4928 1714 5000 hujus

71 5000 459 5078 quastiouis
487 5001 618 5078 haec
645 5000 890 5078 quoque
919 5000 1522 5078 yerbaadjiciuntur;
1548 5019 1636 5051 και
1666 5003 1715 5050 τί

67 5069 213 5151 τὲερὶ
233 5080 335 5126 τοῦ
359 5071 408 5151 ζί
425 5074 451 5125 ὁ
474 5069 893 5151 Θεολόγόςλρῆσὺ
921 5072 981 5128 in
998 5071 1204 5151 codice
1212 5069 1364 5126 ’vero
1386 5069 1673 5151 vaticano
1697 5087 1712 5123 :

68 5140 176 5202 κοίὶ
212 5151 274 5200 τί
294 5149 418 5218 περὶ
440 5153 531 5206 τῆς
558 5140 700 5206 ζωῆς
725 5140 967 5205 Ἰωάννης
997 5145 1022 5195 6
1050 5143 1300 5214 Θεολόγος
1331 5145 1480 5214 φησί.
1515 5140 1631 5196 Sed
1655 5140 1715 5196 in

68 5224 266 5278 textu
291 5215 431 5273 cod.
465 5217 588 5273 Vat.
620 5215 766 5272 nihil
791 5215 868 5272 de
887 5216 1004 5272 hac
1027 5219 1335 5286 postrema
1352 5217 1531 5286 parte
1557 5213 1716 5268 inve-

67 5224 266 5278 textu
291 5224 431 5273 cod.
469 5224 588 5273 Vat.
620 5224 766 5272 nihil
791 5224 868 5272 de
887 5224 1004 5272 hac
1027 5224 1335 5286 postrema
1364 5224 1531 5285 parte
1557 5228 1716 5268 inve-

64 5294 259 5370 ni_t_u_r
287 5288 654 5370 ;_x;esponsio
697 5286 907 5370 iisdem
953 5286 1152 5344 verbis
1196 5284 1597 5354 concluditur,
1654 5289 1717 5339 ut

63 5361 284 5422 editio
317 5357 458 5430 Maii
484 5373 610 5430 pm
640 5358 857 5430 sefert.

157 5441 292 5521 (9_§_)
534 5422 816 5521 quasi‘m,
830 5447 1121 5521 nun-inpia
1143 5437 1488 5521 vitavit!er
1511 5437 1716 5521 Deum,

71 5509 181 5574 ηδ’
203 5510 394 5581 Philo
414 5509 571 5566 olim"
587 5511 841 5577 censuit,
865 5511 1194 5581 castigatus
1217 5509 1355 5565 ideo
1376 5524 1412 5581 a
1432 5511 1496 5563 Β.
1514 5509 1719 5563 Asaria

65 5589 159 5645 de
189 5579 430 5642 Rubeil
459 5581 687 5654 inrui:
717 5592 873 5647 nm
911 5579 1045 5655 cap:
1077 5581 1144 5637 V.
1175 5596 1234 5654 p.
1271 5583 1361 5647 38,
1390 5579 1449 5636 b.
1484 5583 1540 5636 et
1569 5585 1720 5634 recte

1825 4922 2330 4998 bavit,dequibus
2356 4924 2485 4998 lege
2513 4924 2874 4998 Dallteump.
2903 4932 2916 4977 t
2940 4927 3030 4998 88.
3057 4938 3142 4998 sq.
3173 4922 3245 4998 de
3269 4923 3484 4998 Pseud:

1824 4994 2164 5066 epigraphis
2227 4996 2584 5064 apostolicis.
2657 4994 2868 5049 Confer
2921 4995 3332 5066 fLeusdenium
3404 4995 3485 5049 ad

1825 5065 2039 5125 Jon’am’
2066 5069 2419 5124 illustratum
2469 5084 2527 5138 p.
2563 5069 2713 5138 2127;
2761 5065 3033 5138 Drusium
3061 5065 3479 5138 Animadvers.

1829 5141 1864 5206 ἰ,
1901 5142 1988 5205 27,
2023 5145 2078 5195 et
2122 5138 2443 5195 Fesselium
2476 5136 2544 5192 in
2588 5137 2966 5193 Adversariis
2998 5136 3198 5192 Sacris
3255 5136 3357 5190 lib.
3397 5138 3480 5201 IV,

1825 5228 1877 5268 ο.
1921 5215 1972 5274 3,
2003 5227 2053 5282 p.
2085 5215 2211 5267 319.

1895 5290 2012 5371 (99)
2047 5290 2238 5371 malim
2289 5289 2484 5359 legere
2511 5295 2720 5371 amictu,
2777 5287 3046 5371 ominibus
3082 5303 3094 5340 :
3127 5286 3209 5371 ita
3252 5301 3401 5371 m‘ox‘
3427 5285 3484 5371 in

1829 5357 2069 5418 Coislin.
2109 5361 2318 5431 legitur
2356 5357 2568 5426 θταισίυ,
2621 5359 2725 5416 ubi
2780 5359 3033 5415 Colbert.
3095 5362 3250 5414 recte
3305 5357 3488 5413 habet

1827 5454 1987 5486 πασιν
2002 5477 2013 5489 .

1938 5505 1986 5573 1)
2017 5504 2249 5569 Vereor,
2284 5519 2358 5558 ne
2383 5502 2511 5560 hac
2541 5518 2755 5574 parum
2789 5516 2940 5557 sana
2969 5500 3108 5556 sint.

1931 5578 1986 5649 2)
2018 5581 2180 5629 πᾶσιν
2203 5575 2416 5648 scripsi
2443 5591 2582 5632 cum
2604 5573 2770 5631 Colb.
2793 5589 2902 5647 pro
2932 5576 3136 5628 παισίν.
