4026 6196
174 262 326 319 1033

1063 260 1159 316 AD
1198 236 1764 317 AMPHILOCHIUMV
1792 256 2121 326 QUESTIO
2161 261 2741 321 CXXXVIII-CCXL.

3421 273 3562 331 1034

169 393 244 439 ὡν
277 387 456 440 πολλοὶ
499 386 830 458 κονισάμενοι
891 391 980 439 καὶ
1031 389 1148 448 τοὺς
1194 387 1384 449 ἄθλους
1432 387 1526 440 οὐκ
1571 385 1778 458 ἀγεννῶς

1906 387 2074 444 multi
2097 405 2224 444 sese
2250 391 2621 446 exercuerint
2651 395 2705 446 et
2732 407 2852 446 non
2906 391 3241 459 ignobiliter
3293 395 3556 456 decerta-

171 480 464 550 ἐνεγκόντες
513 480 606 535 τήν
653 480 799 534 νίκην
848 477 1016 547 ἡμῖν(
1077 476 1136 529 ού
1180 479 1281 551 γὰρ
1315 476 1411 550 ἐρῶ
1450 496 1499 528 τι
1542 475 1791 549 φαυλότε-

169 567 317 640 ρον)
369 567 595 639 καθορᾶν
646 565 704 618 ού
754 569 1027 640 παρέσχον
1087 563 1345 624 ἀνίκητον·
1397 565 1531 623 πλὴν
1589 563 1643 617 ἐκ
1689 572 1786 617 τῶν

170 655 538 728 προλαϐόντων
582 655 720 726 ἡμᾶς
776 655 932 706 ὁσίων
973 659 1062 706 καὶ
1147 659 1417 728 μακαρίων
1471 651 1672 727 ἀνδρῶν
1697 653 1787 706 λα·

172 744 276 808 ϐὰς
330 745 426 798 οὐκ
472 743 650 816 ὀλίγας
703 743 1084 816 συλλεξάμενοι,
1148 750 1238 797 καὶ
1302 744 1360 804 ἃς
1406 746 1436 803 ἡ
1500 752 1593 806 τῆς
1646 746 1786 807 θείας

167 837 344 910 ῥοπῆς
420 835 652 906 εὐμένεια
707 840 1006 905 παρασχεῖν
1072 835 1198 904 ἡμῖν
1294 833 1388 886 οὐκ
1491 832 1778 904 ἀπηξίωσε,

170 928 369 984 ταύτας
425 922 644 985 ἐκείναις
698 905 1037 994 συνάψαντξς,
1085 923 1349 996 εὐχόμεθα
1399 927 1488 995 μὲν
1550 927 1644 980 τὴν
1683 928 1780 982 σὴν

171 1010 421 1072 σπουδὴν
483 1017 572 1065 καὶ
626 1009 814 1066 ἐλπίδα
867 1017 937 1084 μὴ
998 1018 1339 1086 κεκενωμένην
1405 1018 1640 1087 χαρίτων
1691 1017 1780 1065 καὶ

167 1110 413 1177 γνώσεως
460 1102 520 1155 οὐ
561 1099 812 1175 δεομένης
872 1101 1160 1174 ἀλλαχόθεν
1211 1109 1464 1175 γνώμονος
1522 1101 1776 1178 ἀπελθεῖν,

168 1195 212 1248 εἰ
248 1191 307 1247 δὲ
364 1197 462 1265 μὴ,
522 1191 872 1265 βραχυτάτης
903 1194 978 1244 ἔτι
1005 1188 1254 1250 δεηθῆναι
1289 1190 1619 1265 διορθώσεως
1649 1231 1662 1244 .
1707 1195 1776 1244 Τὸ

165 1285 261 1354 μὲν
303 1278 363 1334 δε
398 1281 486 1334 οὖν
527 1278 733 1341 ἀνενδεῆ
813 1283 899 1333 τὸν
937 1280 1086 1352 λόγον
1126 1280 1407 1346 ἐπιζητεῖν,
1486 1281 1558 1343 εἰς
1611 1284 1780 1353 μῆκός

166 1370 311 1424 ἔστιν
366 1369 704 1432 ἐκϐιάζεσθαι
769 1374 864 1428 τὴν
927 1374 1154 1442 γραφὴν,
1197 1374 1253 1423 τὸ
1301 1373 1559 1443 σύντομον
1629 1369 1784 1423 ἀπαι-

167 1468 294 1526 τεῖν,
344 1460 507 1513 πολλά
556 1469 654 1513 τῶν
710 1456 927 1512 δεόντων
973 1458 1260 1534 ἐπιτρέπειν
1305 1458 1591 1513 ἀπολιπεῖν
1627 1459 1780 1523 πλὴν,

168 1552 237 1610 ὡς
261 1549 323 1602 ἀν
350 1551 454 1611 οἶός
482 1569 534 1603 τε
562 1547 624 1620 ὦ,
686 1551 1004 1623 πειράσομαι
1057 1552 1190 1602 κατὰ
1252 1553 1338 1607 τὴν
1393 1554 1490 1608 σὴν
1548 1548 1785 1615 ἀξίωσιν,

165 1641 254 1691 τόν
303 1645 421 1714 περὶ
452 1642 574 1713 ὅρου
599 1639 747 1708 λόγον
771 1641 1038 1714 προάγειν.

1903 478 2038 542 rint,
2063 479 2288 534 nullam
2323 480 2497 535 nobis
2541 481 2880 553 conspicuae
2915 482 3168 538 victoriae
3229 485 3371 556 (non
3401 489 3558 545 enim

1900 565 2191 638 abjectius
2211 570 2591 642 quiddicam)
2613 587 2781 642 spem
2804 571 3186 642 reliquerunt;
3205 581 3559 635 cumtamen

1897 673 1964 712 ex
1984 659 2418 730 antiquioribus
2451 661 2671 715 sanctis
2695 660 3003 733 beatisque
3035 661 3176 716 viris
3205 672 3560 733 argumenta

1895 761 2016 802 non
2047 762 2243 818 pauca
2280 747 2708 820 collegerimus,
2760 749 2854 804 his
2875 749 3259 806 adnectentes
3285 752 3402 818 illa,
3429 771 3560 827 quis

1894 835 2068 891 nobis
2097 836 2314 894 divinae
2344 837 2477 910 opis
2499 838 2814 894 clementia
2845 853 3160 908 suggerere
3192 857 3313 896 non
3345 849 3436 899 est
3459 845 3560 899 de-

1892 924 2160 994 dignata,
2181 933 2459 999 optamus
2475 928 2740 1000 quidem,
2761 933 2821 983 ut
2849 933 3017 985 tuum
3039 930 3306 986 studium
3340 949 3408 988 ac
3425 950 3560 1004 spes

1893 1030 2014 1069 non
2041 1016 2210 1071 abeat
2255 1033 2446 1072 vacua
2495 1018 2698 1086 gratiis
2753 1023 2806 1072 et
2847 1017 3210 1086 cognitione,
3243 1037 3378 1092 quas
3433 1038 3554 1078 non

1891 1102 2175 1172 indigeat,
2195 1110 2258 1159 ut
2279 1105 2517 1161 aliunde
2545 1105 2869 1176 explicetur
2897 1106 3018 1170 ;sin
3043 1112 3264 1172 autem,
3291 1115 3559 1181 utquam

1890 1192 2524 1264 brevissimaindigeat
2564 1195 2944 1250 correctione.
2998 1196 3316 1267 Exquirere
3356 1198 3554 1269 igitur,

1893 1281 2100 1337 ut.th
2139 1283 2326 1339 oratio
2355 1283 2534 1354 plena
2561 1283 2634 1338 sit
2673 1283 2872 1354 nilque
2898 1285 2947 1338 ei
2979 1283 3151 1348 desit,
3179 1284 3338 1341 idem
3373 1295 3460 1343 est
3487 1305 3558 1345 ac

1893 1371 2246 1442 scripturam
2271 1373 2446 1428 istam
2477 1371 2536 1427 in
2554 1371 2804 1428 nimiam
2844 1371 3248 1444 prolixitatem
3301 1377 3560 1448 compel-

1893 1459 2031 1526 lere,
2062 1461 2414 1518 brevitatem
2447 1466 2648 1516 autem
2676 1461 2736 1516 in
2782 1461 2993 1517 eadem
3018 1463 3252 1534 exigere
3279 1463 3437 1520 idem
3469 1471 3559 1522 est

1899 1565 1967 1605 ac
1999 1551 2354 1621 permittere,
2385 1550 2655 1607 utmulta
2689 1552 3026 1606 necessaria
3051 1552 3419 1608 omittantur.
3464 1556 3560 1611 At-

1904 1643 2103 1694 tamen
2133 1655 2241 1710 pro
2263 1639 2414 1695 virili
2433 1640 2699 1696 conabor
2709 1640 2878 1710 juxta
2902 1641 3275 1709 rogationem
3297 1647 3462 1699 tuam
3481 1644 3555 1702 de

1819 1735 1866 1790 Β
1902 1726 2032 1783 vitae
2059 1729 2312 1784 termino
2335 1744 2669 1784 sermonem
2699 1728 3046 1799 producere.

237 1819 312 1894 β’.
358 1823 426 1873 Οἱ
485 1821 747 1892 χάσματα
782 1827 882 1890 γῆς
945 1819 1352 1894 προκομίζοντες
1407 1826 1497 1872 καὶ
1556 1822 1791 1892 ναυάγια

164 1915 257 1964 καὶ
319 1910 498 1982 λοιμὸν
529 1908 673 1982 ἀέρος
696 1913 786 1961 καί
828 1928 944 1962 τινα
989 1917 1208 1962 τοιαῦτα
1258 1910 1406 1981 ἔτερα
1448 1908 1633 1981 ἀθρόον
1665 1910 1787 1970 πολ,

160 2000 264 2053 λῶν
340 2006 434 2052 καὶ
509 1995 771 2073 διαφόρων
845 1997 1292 2072 περιλαμϐάνοντα
1367 2001 1604 2066 θάνατον,
1671 1997 1788 2053 εἶτα

163 2095 469 2156 ζητοῦντες,
508 2093 719 2160 πότερον
781 2089 972 2161 ὥριστο
1020 2091 1234 2150 τούτους
1285 2089 1404 2161 ύφέν
1442 2091 1520 2158 (6)
1565 2095 1655 2140 καὶ
1684 2094 1784 2148 τὴν

158 2181 330 2237 αὐτὴν
379 2178 538 2232 ἐλθεῖν
591 2183 851 2242 τελευτὴν,
915 2177 1060 2230 οὗτοί
1118 2197 1207 2248 μοι
1267 2174 1488 2230 δοκοῦσι
1545 2182 1602 2231 τὸ
1657 2180 1786 2231 καθ·

158 2288 430 2342 ορωμενον
494 2269 810 2340 ζητούμενον
864 2274 1045 2319 ποιεῖν’
1102 2265 1155 2329 ἐξ
1198 2266 1264 2318 ὧν
1297 2267 1475 2328 αὐτοῖς
1507 2266 1782 2340 συμϐαίνει

157 2360 474 2420 αἰσθήσεως
499 2356 688 2430 μᾶλλον
731 2358 758 2415 ἢ
815 2353 1131 2420 ἀποδείξεως
1183 2353 1416 2421 δεῖσθαι,
1450 2359 1531 2409 ἵνα
1568 2362 1638 2429 μὴ
1683 2356 1779 2430 βα·

161 2450 383 2520 θύτερον
432 2446 683 2510 ἐξετάζων
737 2449 882 2512 εἴπω,
943 2451 1032 2498 καὶ
1084 2445 1242 2506 αὐτῆς
1275 2442 1476 2498 -διόλου
1524 2454 1618 2507 τῆς
1679 2446 1779 2500 ἀπὸ

157 2546 265 2592 τῶν
300 2537 572 2610 λογισμῶν
629 2539 920 2609 προϊούσης
967 2539 1208 2610 κρίσεως·
1270 2539 1327 2588 τὸ
1385 2539 1476 2608 μὶν
1515 2540 1616 2612 γὰρ
1657 2540 1775 2610 ὁμο-

158 2628 339 2698 λογεῖν
387 2630 478 2699 μὲν
529 2628 594 2678 τά
639 2629 780 2691 ὄντα,
831 2625 1006 2686 ζητεῖν
1062 2621 1314 2678 δὲταῦτα
1366 2625 1408 2678 εἰ
1437 2627 1597 2691 ἔστιν,
1629 2623 1779 2680 οὐδὲν

158 2719 340 2792 ἕτερόν
386 2716 527 2770 ἔστιν
581 2716 610 2774 ἦ
659 2723 754 2777 τῆς
804 2723 996 2776 νοητῆς
1049 2719 1138 2766 καὶ
1194 2713 1566 2789 ἀνερμηνεύτου
1626 2713 1780 2769 δυνά-

159 2825 306 2879 μεως
336 2805 656 2864 στηλιτεύειν
710 2807 798 2861 τὴν
845 2801 1131 2856 ἀσθένειαν·
1186 2802 1229 2854 εἰ
1256 2805 1358 2876 γὰρ
1409 2804 1508 2856 ὑπὸ
1551 2808 1645 2864 τὴν
1685 2805 1778 2856 αύ-

159 2899 263 2954 τὴν
312 2897 640 2969 περιγραφὴν
700 2899 791 2945 τοῦ
847 2893 1067 2944 θανάτου
1125 2892 1340 2944 ἕκαστον
1402 2891 1595 2953 πλῆθος
1643 2912 1781 2967 περι-

159 2983 511 3056 λαμϐάνεται,
566 2988 655 3036 καὶ
706 2989 856 3035 τοῦτο
939 2981 1399 3054 καθωμολόγηται.
1457 2982 1516 3035 Ὀ
1551 2980 1608 3036 δε
1663 2985 1781 3058 ὄρος

162 3069 323 3127 οὐδὲν
351 3074 515 3144 ἕτερόν
538 3071 649 3124 ἔστι
701 3073 847 3143 παρὰ
889 3073 946 3123 τὸ
994 3070 1134 3132 τέλος
1161 3070 1381 3124 ἑκάστου
1406 3072 1505 3144 (7),
1549 3081 1656 3133 πῶς
1675 3072 1780 3145 οὐχ
1809 3092 1849 3148 C

161 3165 293 3236 ὅπερ

163 3255 469 3320 ζητοῦντκ,

162 3348 336 3416 ὅρος;
388 3341 527 3396 Ἀλλ’
578 3342 626 3395 ἓν
822 3348 996 3406 τοῦτο,
1047 3339 1285 3416 δεύτερον
1325 3338 1404 3395 δέ·
1477 3347 1539 3395 Τί
1587 3339 1778 3402 δήποτε

160 3435 586 3506 καταφεύγουσιν
642 3431 715 3493 εἰς
763 3430 960 3493 πλῆθος
1008 3429 1193 3504 ἀθρόον
1245 3431 1379 3483 οὕτω
1440 3436 1564 3503 μίαν
1614 3430 1775 3485 ἀπαί-

388 3163 727 3235 όμολογοῦσιν
772 3163 888 3236 ὅρον
935 3164 1251 3233 γεγενῆσθαι
1319 3162 1412 3214 οὐκ
1481 3162 1779 3235 ἐλέγχονται

547 3252 588 3305 εἰ
641 3253 744 3325 ἄρα
812 3252 946 3304 κατὰ
1022 3253 1224 3303 πάντων
1274 3252 1341 3312 εἷς
1389 3249 1450 3311 ἧν
1516 3254 1542 3305 ὁ
1595 3257 1779 3324 παγεὶς

161 3541 328 3581 τησιν
357 3521 787 3594 εἰσπραττόμενον
835 3519 1007 3581 τέλους
1039 3538 1053 3588 ;
1113 3520 1142 3578 ἦ
1170 3517 1327 3579 δῆλον
1371 3521 1450 3572 ὅτι
1502 3541 1650 3572 τινων
1685 3523 1775 3594 μὲν

161 3615 286 3688 ὀρὸν
332 3609 703 3684 ὁμολογοῦντες
748 3615 866 3683 περὶ
927 3606 986 3663 δὲ
1048 3617 1146 3661 τῶν
1205 3609 1440 3668 ηλειὸνων
1503 3608 1774 3682 ἀμφισϐη-

163 3710 404 3764 τοῦντες.
448 3700 522 3753 Ού
572 3703 672 3773 γὰρ
751 3698 812 3751 ἆν
866 3699 1040 3759 αὐτοῖς
1086 3698 1152 3759 εἰς
1199 3697 1393 3761 πλῆθος
1445 3695 1558 3752 οὐδ’
1600 3700 1670 3760 εἰς
1721 3703 1775 3754 τὸ

164 3792 363 3864 ἀθρόον
395 3791 420 3848 ἡ
454 3793 726 3861 καταφυγὴ
778 3796 872 3850 τῆς
899 3786 1162 3862 ἀριστείας
1215 3787 1484 3846 ἐπενοήθη⁵
1539 3793 1628 3840 καὶ
1674 3793 1776 3860 μὴν

165 3881 214 3935 εἰ
256 3887 410 3932 τινῶν
458 3881 548 3950 μὲν
588 3877 828 3950 λέγουσιν
879 3879 1014 3951 ὅρον,
1074 3882 1145 3950 μὴ
1204 3881 1408 3929 πάντων
1472 3874 1552 3942 δῖε,
1608 3877 1660 3940 ἐξ
1711 3878 1776 3928 ὧν

165 3970 328 4022 αὐτοὶ
382 3977 480 4020 τῶν
525 3967 664 4019 ἕνίων
717 3969 834 4040 ὅρον
886 3972 975 4019 καὶ
1019 3975 1264 4038 σιγῶντες
1320 3964 1695 4038 ἀποδέχονται,
1724 3969 1778 4020 ὲκ

171 4068 281 4112 τῶν
330 4056 498 4109 αὐτῶν
554 4059 666 4109 ἔστι
717 4060 807 4108 καὶ
854 4063 960 4116 τοῖς
1005 4058 1140 4107 κατὰ
1186 4057 1388 4108 πάντων
1439 4059 1525 4108 τόν
1554 4058 1670 4128 ὅρον
1704 4056 1775 4109 λέ-

163 4167 365 4222 γονσιν
415 4144 748 4208 ἐκϐιάζεσθαι
796 4147 1013 4207 τούτους
1083 4149 1172 4198 καὶ
1233 4147 1456 4206 ἄκοντας
1541 4144 1780 4198 ἕλκεσθαι

161 4241 305 4311 πρὸς
359 4237 764 4305 συγκατάθεσιν·
845 4235 922 4297 οἷς
995 4238 1097 4307 γὰρ
1173 4232 1352 4287 ἐκεῖνοι
1426 4237 1515 4295 τὰς
1563 4233 1780 4310 ἀπορίας

163 4327 557 4399 ἀποκρούονται
604 4323 746 4376 ἐνίων
797 4325 913 4396 ὅρον
964 4320 1273 4387 δοξάζοντες
1324 4332 1423 4376 τῶν
1471 4328 1598 4396 πρὸς
1653 4328 1776 4377 ταύ-

162 4438 264 4476 την
297 4414 716 4488 ἀπομαχομένων
762 4418 856 4472 τὴν
913 4409 1086 4476 δόξαν,
1138 4422 1243 4474 τοῖς
1281 4413 1457 4476 αὐτοῖς
1513 4412 1574 4464 ἂν
1603 4416 1652 4466 οἱ
1702 4415 1778 4467 εὖ·
1809 4451 1852 4505 D

163 4505 449 4566 σεϐοῦντες
496 4502 762 4565 κάκείνους
820 4501 1206 4576 ἀποκρούεσθαι
1262 4505 1356 4566 τὰς
1404 4501 1641 4576 ἐπηρείας
1700 4502 1777 4555 ἐκ·

161 4592 534 4655 διδάσκουσι,
586 4591 647 4654 ἃς
699 4594 837 4644 κατὰ
865 4601 963 4644 τῶν
998 4591 1242 4662 λεγόντων
1295 4592 1381 4644 ἕνα
1445 4596 1612 4644 κοινὸν
1661 4593 1776 4666 ὅρον

160 4685 416 4738 ἁπάντων
469 4681 552 4733 ἐπὶ
603 4687 692 4733 τοῦ
740 4681 1210 4754 προχειριζομένου
1270 4679 1501 4742 πλήθους
1569 4689 1776 4752 γεγενῆ-

165 4775 304 4826 σθαι
341 4769 773 4845 [προκομίζουσι]

240 5041 297 5114 γ’
375 5039 482 5094 Ἐτι
514 5035 572 5092 δε
601 5038 659 5092 ού
716 5042 869 5113 μόνον
920 5034 1129 5091 ἐπειδὰν
1194 5042 1504 5112 περίστασίς
1561 5057 1636 5098 τις
1664 5057 1776 5089 καιι

160 5134 438 5207 νοπρεπής
481 5127 688 5202 ἐπιστῇ,
747 5126 912 5201 ἀθρόα
957 5131 1079 5200 γένη
1161 5132 1250 5179 καὶ
1300 5124 1528 5203 διάφορα
1563 5126 1633 5180 ἐνὶ
1681 5127 1783 5201 ὅρῳ

1971 1819 2024 1870 2.
2059 1818 2169 1883 Qui
2196 1818 2532 1887 repentinos
2561 1817 2758 1874 hiatus
2777 1822 2942 1873 terra:
2974 1817 3276 1890 proferunt
3335 1824 3391 1876 et
3414 1837 3562 1878 nau-

1899 1904 2089 1978 fragia
2109 1915 2161 1962 et
2189 1907 2339 1962 aeris
2361 1906 2752 1979 pestilentiam
2771 1907 3039 1979 aliosque
3064 1924 3240 1964 casus
3255 1909 3556 1980 ejusmodi

1897 1995 2000 2066 qui
2029 1995 2350 2052 multorum
2383 1995 2558 2051 simul
2613 1996 3032 2068 variorumque
3080 1997 3560 2068 complectuntur

1897 2089 2172 2152 mortem,
2204 2084 2778 2156 etdeindequairunt
2799 2089 2934 2140 utru
2952 2084 3338 2142 mdeﬁnitum
3372 2092 3551 2153 esset,

1896 2173 1956 2228 in
1979 2189 2164 2230 unum
2184 2175 2294 2230 hos
2314 2189 2524 2230 omnes
2542 2173 2946 2245 eamdemque
2968 2175 3284 2230 convenire
3313 2176 3554 2240 obitum,

1889 2262 1953 2322 hi
1986 2262 2128 2318 mihi
2157 2263 2427 2319 videntur
2451 2265 2512 2319 in
2529 2263 2919 2336 qumstionem
2947 2279 3177 2328 vocare,
3210 2264 3377 2336 quod
3407 2265 3553 2338 ipsis

1895 2352 2082 2408 oculis
2104 2352 2465 2424 conspicitur
2493 2353 2687 2419 ;unde
2718 2353 2841 2408 istis
2890 2369 3073 2408 sensu
3119 2353 3319 2425 potius
3367 2372 3556 2428 quam

1892 2441 2400 2498 demonstratione
2421 2458 2577 2509 opus
2609 2446 2715 2509 est,
2744 2457 2818 2496 ne
2845 2441 3018 2497 altius
3040 2457 3167 2498 rem
3203 2444 3555 2499 examinans

1891 2531 2110 2596 dicam,
2141 2530 2303 2603 ipsos
2346 2531 2523 2586 etiam
2567 2530 2794 2601 judicio
2845 2548 2921 2586 ex
2971 2531 3284 2588 ratiocinio
3339 2533 3555 2588 mentis

1889 2625 2204 2676 emanante
2226 2620 2544 2676 destitutos
2557 2635 2688 2675 esse
2721 2642 2734 2686 ;
2757 2636 2899 2676 nam
2916 2620 3184 2676 conﬁteri
3210 2621 3458 2694 quidem
3485 2639 3556 2681 ea

1890 2725 2023 2781 quae
2041 2711 2195 2774 sunt,
2220 2723 2485 2782 quaerere
2518 2723 2676 2772 vero,
2723 2723 2800 2762 an
2841 2708 2964 2764 haec
3017 2708 3152 2774 sint,
3207 2709 3352 2765 nihil
3385 2709 3550 2767 aliud

1889 2805 1996 2863 est,
2019 2814 2204 2870 quam
2235 2798 2450 2854 mentis
2473 2802 2652 2869 atque
2685 2796 3084 2866 intelligentiae
3132 2797 3546 2857 infirmitatem

1887 2886 2151 2943 indicare
2177 2903 2247 2942 ac
2287 2885 2553 2958 prodere.
2583 2886 2640 2941 Si
2667 2888 2829 2940 enim
2861 2885 2974 2940 sub
3009 2885 3289 2942 eamdem
3339 2889 3546 2944 mortis

1888 2975 2501 3046 circumscriptionem
2548 2973 2800 3044 singulae
2841 2973 3251 3030 multitudines
3283 2991 3553 3048 compre-

1889 3065 2252 3135 henduntur,
2309 3063 2596 3119 terminus
2649 3067 2849 3120 autem
2879 3063 3023 3118 nihil
3047 3062 3211 3119 aliud
3252 3069 3551 3138 estquam

1889 3155 2362 3226 uniuscujusque
2386 3152 2888 3225 ﬁniszquomodo
2938 3167 3059 3207 non
3111 3153 3552 3210 convincuntur

1886 3259 2152 3316 qumrere
2173 3242 2338 3315 quod
2377 3241 2653 3307 fatentur,
2685 3241 2832 3296 dum
2863 3244 3160 3313 quaerunt,
3187 3257 3264 3296 an
3302 3258 3458 3298 unus
3477 3243 3552 3300 de

1886 3332 2168 3388 omnibus
2189 3331 2260 3387 sit
2284 3334 2539 3388 statutus
2578 3329 2868 3386 terminus
2891 3330 2920 3386 Ἰ
2942 3329 3057 3386 Sed
3088 3330 3202 3386 hoc
3233 3347 3421 3388 unum
3464 3336 3553 3390 est

1885 3419 2728 3492 exargumentis;secundum
2751 3435 2887 3475 vero
2909 3419 3070 3475 istud
3108 3436 3119 3475 :
3153 3420 3289 3484 Cur,
3321 3437 3551 3492 quasso,

1886 3512 1964 3569 ad
1984 3509 2800 3580 multitudinemconfugiunt,
2835 3525 3008 3580 aqua
3049 3509 3185 3564 finis
3219 3510 3300 3566 ita
3348 3526 3555 3584 repen-

1886 3603 2041 3659 tinus
2072 3601 2567 3673 promiscuusque
2609 3599 2863 3670 exigitur
2891 3601 2917 3654 ?
2961 3599 3251 3655 Nimirum
3296 3600 3440 3672 quia
3479 3601 3552 3657 de

1885 3690 2186 3764 aliquibus
2226 3689 2544 3746 terminum
2585 3688 2955 3753 confitentur,
2988 3687 3062 3743 de
3104 3688 3377 3760 pluribus
3412 3707 3554 3747 vero

1885 3798 2004 3838 non
2021 3778 2724 3849 conce'iunt(dubitant);
2753 3794 2873 3833 non
2897 3777 3057 3834 enim
3098 3778 3398 3848 ejusmodi
3421 3795 3550 3851 per-

1885 3871 2118 3941 fugium
2143 3869 2222 3924 ad
2253 3867 2695 3924 multitudinem
2731 3881 2848 3920 uno
2888 3865 3129 3937 agmine
3200 3868 3554 3926 morientem

1886 3959 2334 4029 excogitassent.
2361 3959 2425 4011 Et
2464 3963 2664 4012 tamen
2706 3955 2753 4010 si
2783 3955 2857 4009 de
2901 3955 3199 4027 aliquibus
3252 3956 3557 4014 afﬁrmant

1889 4048 2231 4115 terminum,
2263 4060 2536 4102 nonvero
2560 4044 2632 4100 de
2655 4043 2938 4099 omnibus
2971 4060 2983 4098 :
3023 4049 3148 4098 tum
3180 4044 3404 4115 quibus
3437 4046 3554 4116 ipsi

1888 4137 2220 4194 rationibus
2243 4134 2563 4190 terminum
2600 4131 2673 4187 de
2704 4131 3006 4203 aliquibus
3033 4131 3124 4186 vel
3150 4132 3306 4187 taciti
3340 4132 3552 4189 admit.

1889 4232 2038 4293 tunt,
2063 4225 2272 4282 iisdem
2300 4222 2395 4280 vel
2418 4222 2579 4277 inviti
2619 4220 2898 4291 compelli
2939 4236 3006 4276 ac
3036 4220 3182 4276 trahi
3213 4221 3556 4291 possuntad

1887 4315 2297 4388 prmstandum
2311 4327 2622 4368 assensum
2638 4309 2841 4382 iis,qui
2860 4309 3178 4364 terminum
3193 4309 3266 4363 de
3280 4310 3556 4366 omnibus

1887 4403 2439 4469 aﬂirmant.Quibus
2452 4401 2611 4455 enim
2630 4397 3121 4471 responsionibus
3135 4398 3224 4452 isti
3243 4398 3552 4454 terminum

1886 4496 1960 4551 de
1991 4493 2289 4566 aliquibus
2319 4490 2696 4546 admittentes
2737 4487 3004 4542 refellunt
3037 4485 3406 4556 objectiones
3462 4502 3558 4542 eo-

1886 4603 2040 4649 rum,
2071 4585 2173 4656 qui
2192 4583 2324 4638 huic
2365 4579 2666 4635 sententias
2697 4576 3076 4642 reluctantur,
3099 4575 3310 4630 iisdem
3369 4581 3426 4631 et
3459 4591 3557 4633 ca-

1887 4675 2085 4732 tholici
2110 4669 2600 4728 docentrefellere
2627 4683 2729 4723 eos
2759 4681 2934 4738 posse
2956 4665 3322 4735 objectiones
3344 4665 3401 4719 in
3421 4664 3554 4720 illos

1886 4764 2170 4837 prolatas,
2191 4760 2292 4834 qui
2336 4775 2520 4815 unum
2548 4771 2933 4813 communem
2979 4755 3050 4810 de
3094 4754 3379 4809 omnibus
3441 4760 3554 4810 ter-

1886 4855 2120 4910 minum
2149 4853 2211 4907 in
2238 4850 2336 4906 illa
2364 4846 2736 4904 multitudine
2751 4844 2932 4900 fuisse
2976 4843 3363 4899 constitutum
3390 4859 3552 4900 asse-

1886 4947 2045 5000 runt.

1958 5036 2009 5090 3.
2043 5032 2292 5102 Insuper
2322 5043 2443 5084 non
2474 5025 2668 5082 solum
2703 5023 2948 5096 quando
2981 5038 3174 5079 novus
3202 5021 3422 5093 aliquis
3458 5021 3550 5076 in-

1894 5126 2100 5194 surgat
2143 5135 2342 5182 casus,
2375 5117 2545 5174 varia
2580 5120 2636 5171 et
2669 5113 3013 5187 promiscua
3039 5111 3215 5168 simul
3229 5126 3449 5182 genera
3468 5111 3549 5168 ho

1751 5268 1979 5327 NOT/E.

244 5418 326 5488 (6)
355 5415 450 5488 Sc.
472 5413 558 5488 εἶφ’
583 5414 653 5466 ἕν.
693 5412 843 5488 ψει.-
862 5414 962 5466 ὑπὸ
993 5417 1136 5484 μίαν.

242 5481 652 5560 (7)_Cat_iforus
681 5486 800 5560 jam
829 5483 887 5540 in
904 5481 1621 5560 sudApographo‘vitium
1652 5481 1789 5538 huic

164 5554 354 5622 textui
385 5557 633 5614 subesse
665 5554 750 5613 vel
773 5571 967 5632 pauca
989 5555 1198 5612 deesse
1238 5554 1578 5627 suspicatus
1604 5561 1709 5611 est.

1963 5410 2038 5481 (8)
2071 5411 2281 5464 Textus
2312 5404 2630 5461 videbatur
2665 5401 2936 5460 nonnihil
2973 5403 3546 5475 corruptusetman-

1899 5497 2024 5540 CUS.
