4076 6202
550 302 575 355 1
589 299 697 355 035

1775 292 2015 349 PHOTII
2052 288 2533 347 PATBIARCHE
2572 290 2678 349 CP.

3755 301 3850 359 l036

551 426 786 482 minum
834 421 933 478 uni
977 422 1185 477 mortis
1224 421 1477 477 termino
1529 419 1863 485 traduntur,
1942 419 2047 475 sed
2082 418 2215 490 ipsa

2338 422 2413 469 τοῦ
2446 418 2666 470 θανάτου
2697 413 3105 491 παραδίδονται,
3158 417 3286 471 ἀλλὰ
3312 422 3402 472 καὶ
3451 419 3579 480 αὕτη
3630 424 3657 481 ἡ
3705 423 3854 499 ἀνθρω.

553 530 789 588 quoque
822 513 1094 569 humana
1121 512 1250 565 vitae
1279 510 1613 566 constitutio
1652 509 1917 581 quotidie
1957 508 2215 564 cernitur

553 605 928 662 narrationes
990 602 1287 673 ejusmodi
1325 616 1679 673 proponere.
1711 601 1936 657 Etenim
1967 616 2088 655 non
2129 599 2217 654 est

552 696 815 752 invenire
859 692 1040 757 diem,
1083 707 1204 764 quo
1236 689 1412 746 simul
1451 694 1505 746 et
1536 706 1715 746 senex
1745 694 1801 746 et
1850 689 2110 762 juvenis,
2161 693 2217 746 et

553 801 698 859 puer
724 789 781 839 et
812 782 1022 837 mulier
1051 784 1108 836 et
1137 780 1322 852 virgo,
1365 784 1417 835 et
1443 795 1668 849 egenus
1715 784 1767 835 et
1794 779 1957 835 dives
1991 785 2047 834 et
2078 778 2212 834 sub-

552 874 710 929 ditus
741 878 797 927 et
826 871 1106 942 princeps
1147 870 1358 924 eadem
1396 868 1605 924 mortis
1632 884 1855 939 sagena
1906 883 2025 923 non
2079 868 2213 922 irre-

552 964 790 1019 tiantur.
830 963 943 1016 Cur
973 960 1151 1029 igitur
1196 958 1401 1013 relicta
1442 958 1793 1028 quotidiana
1832 958 1965 1013 vitae
1994 956 2214 1012 consti-

550 1052 775 1109 tutione
794 1051 870 1106 ad
900 1050 1213 1105 hominum
1244 1047 1511 1102 interitus
1539 1046 1777 1116 fugiunt
1800 1063 1868 1101 ex
1889 1045 2216 1101 infortunio

553 1141 756 1213 aliquo
774 1136 1221 1209 contingentes?
1259 1136 1548 1191 Nimirum
1568 1135 1706 1207 quia
1745 1151 1817 1189 ex
1849 1134 1946 1189 illa
1968 1133 2214 1205 quidem

553 1246 676 1286 non
701 1229 1040 1285 existimant
1067 1226 1217 1281 efﬁci
1244 1223 1402 1297 quod
1436 1224 1825 1287 contendunt,
1867 1239 1939 1278 ex
1970 1223 2094 1277 istis
2116 1238 2217 1277 au-

552 1325 671 1377 tem
685 1319 926 1375 casibus
952 1316 1313 1372 dubitationi
1337 1332 1451 1368 suae
1482 1314 1609 1368 dari
1652 1314 1851 1369 locum
1894 1317 1988 1377 ;et
2018 1316 2218 1368 tamen

552 1410 633 1467 ibi
674 1423 915 1481 quoque
934 1406 1100 1461 varia
1123 1405 1299 1460 simul
1340 1419 1559 1473 genera
1573 1402 1671 1458 uni
1705 1402 2018 1474 eidemque
2041 1400 2219 1457 morti

550 1499 935 1555 inveniuntur
965 1494 1402 1551 tradisimiliter
1432 1498 1613 1563 atque
1644 1491 1737 1546 hic
1767 1509 1779 1556 ;
1817 1490 1976 1545 illinc
2016 1495 2219 1546 autem

553 1588 939 1659 objectionem
969 1584 1292 1656 producere
1313 1598 1436 1637 non
1458 1581 1701 1647 audent,
1728 1581 1979 1651 ideoque
2003 1595 2109 1651 per
2126 1596 2215 1645 ea,

555 1693 692 1750 quae
718 1676 776 1731 in
820 1674 1109 1729 mortibus
1129 1673 1241 1728 illis
1282 1669 1655 1726 naturalibus
1696 1668 1934 1734 docent,
1968 1668 2030 1723 id
2061 1668 2218 1738 quod

2324 510 2446 564 πίνη
2474 514 2565 559 τοῦ
2616 505 2737 579 βίου
2785 508 3112 568 κατάστασις
3153 508 3271 560 καθ’
3320 510 3512 581 ἡμέραν
3569 508 3856 568 ἐπιδείκνυται

2322 602 2536 647 τοιαῦτα
2584 594 2972 668 προϐαλλομένη
3031 593 3361 669 διηγήματα·
3395 604 3483 651 καὶ
3520 600 3615 674 γὰρ
3643 601 3725 654 οὐκ
3759 605 3857 657 ἕστο

2326 685 2485 757 εὑρεῖν
2515 686 2732 759 ἡμέραν,
2782 686 2902 738 καθ’
2935 685 2994 744 ἣν
3048 686 3160 758 ἅμα
3187 706 3241 739 τε
3295 691 3456 762 γέρων
3510 708 3563 742 τε
3591 695 3673 743 καὶ
3691 698 3857 757 νεανίας,

2324 777 2414 825 καὶ
2460 781 2582 836 παῖς
2640 778 2729 826 καὶ
2776 779 2906 846 γυνὴ
2972 780 3060 828 καὶ
3122 777 3392 849 παρθένος,
3464 782 3553 830 καὶ
3613 783 3752 843 πένης
3800 790 3858 835 καὶ

2324 863 2592 931 πλούσιος,
2637 868 2725 916 καὶ
2785 862 3075 939 ἀρχόμενος
3122 870 3213 918 καὶ
3274 866 3456 938 ἅρχων
3488 868 3585 919 ὑπὸ
3617 872 3700 926 τὴν
3743 870 3859 929 αὐτῇ

2329 956 2561 1023 σαγήνην
2602 958 2692 1005 τοῦ
2743 954 2964 1005 θανάτου
3010 952 3407 1026 περιϐέϐληνται
3603 958 3662 1009 Ti
3705 957 3777 1009 οὖν
3798 964 3861 1017 τὴν

2326 1042 2677 1115 καθημερινὴν
2729 1060 3058 1094 καταστασιν
3090 1050 3182 1095 τοῦ
3240 1042 3362 1116 βίου
3422 1048 3660 1116 φυγόντες
3706 1046 3862 1108 Eximi;

2326 1129 2381 1181 ἐκ
2446 1132 2795 1204 περιστάσεως
2848 1134 3117 1203 γινομένας
3187 1128 3477 1207 διαφθορὰς
3536 1137 3862 1208 καταφύγωσι

2326 1226 2424 1270 τῶν
2452 1218 2732 1294 ἀνθρώπων
2762 1236 2774 1286 ;
2809 1220 2838 1278 ἦ
2882 1217 3039 1278 δῆλον
3084 1222 3148 1281 ὡς
3201 1219 3253 1283 ἐξ
3312 1220 3504 1282 ἓκείνης
3692 1224 3741 1276 ού
3766 1234 3865 1296 νομί-

2329 1308 2481 1369 ζουσι
2502 1311 2559 1360 τὸ
2594 1305 3018 1381 σπουδαζόμενον
3052 1310 3227 1370 αὐτοῖς
3272 1308 3598 1376 έξανύεσθαι,
3640 1311 3689 1364 ἐκ
3718 1310 3766 1365 δι
3798 1322 3867 1364 τῶν

2326 1406 2708 1471 περιστατικῶν
2756 1404 2937 1471 χώραν
2988 1400 3244 1471 εὑρίσκειν
3291 1403 3349 1452 τὸ
3402 1402 3623 1476 ἄπορον·
3676 1408 3752 1455 καὶ
3800 1412 3867 1473 μὴν

2327 1484 2477 1538 κάκεῖ
2530 1505 2583 1538 τε
2640 1486 2749 1559 ἅμα
2816 1484 3045 1561 διαφορα
3102 1492 3224 1559 γένη
3287 1496 3359 1558 τῷ
3410 1489 3485 1541 ἐνὶ
3536 1492 3722 1563 θανάτῳ
3748 1512 3869 1563 παρα·

2327 1575 2564 1638 πλησίως
2616 1577 2908 1649 εὑρίσκεται
2958 1572 3290 1648 έκδιδόμενα⁹
3328 1578 3518 1631 έκεῖθεν
3574 1576 3631 1632 δε
3674 1579 3869 1638 trivim-

2328 1669 2445 1737 ρίαν
2474 1664 2532 1717 ού
2563 1668 2808 1738 προάγειν
2865 1665 3221 1740 τεθαῤῥήκασι
3276 1666 3385 1739 (10)
3443 1664 3539 1721 διὰ
3600 1676 3683 1729 τῆς
3722 1668 3871 1721 irini-

554 1767 615 1821 in
636 1765 758 1820 istis
794 1763 1109 1819 eventibus
1149 1761 1433 1816 audacter
1465 1758 2026 1823 comminiscuntur,
2086 1774 2220 1830 pro-

2338 1774 2437 1815 νοις
2468 1751 2821 1817 διδασκαλίας
2874 1758 2931 1807 τὸ
2985 1754 3032 1807 ἐν
3089 1758 3291 1817 τούτοις
3320 1763 3690 1829 νεανιευόμενον
3731 1776 3872 1829 προπι-

555 1853 818 1909 cacitatis
851 1851 1049 1923 potius
1085 1865 1151 1905 ac
1184 1847 1525 1905 temeritatis
1564 1847 1886 1903 ostendunt
1920 1862 2092 1919 opus,
2136 1848 2221 1903 ni-

555 1942 756 2014 hilque
783 1939 1100 2012 plausibile
1158 1939 1408 1995 omnino
1465 1942 1569 1993 aut
1621 1936 2025 1993 necessarium
2048 1952 2221 2008 arguo

558 2036 760 2088 mento
784 2031 895 2086 isto
921 2030 1189 2085 indicant
1219 2027 1498 2083 exhiberi.

629 2123 682 2176 4.
711 2120 867 2175 Deus
894 2124 1145 2175 mortem
1192 2133 1314 2173 non
1354 2117 1488 2173 fecit
1533 2118 1604 2183 ⁷⁵,
1665 2117 1869 2189 posuit
1933 2117 2091 2174 enim
2143 2118 2221 2174 ob

560 2210 765 2268 oculos
790 2210 995 2273 vitam,
1029 2208 1243 2263 deinde
1276 2211 1545 2272 mortem,
1580 2222 1701 2262 non
1734 2206 2085 2271 naturalem,
2123 2222 2224 2263 ne-

560 2300 818 2358 cessitati
849 2298 1202 2369 subjectam,
1230 2296 1330 2351 sed
1363 2296 1550 2352 libero
1580 2296 1903 2352 voluntatis
1933 2296 2176 2353 arbitrio
2207 2312 2221 2363 ;

559 2394 875 2464 peccatum
903 2387 1061 2443 enim
1092 2391 1494 2458 perpetratum
1526 2392 1777 2441 mortem
1812 2386 2035 2455 genuit.
2082 2384 2224 2441 Vide

562 2479 863 2535 Adamum
898 2493 909 2532 :
955 2475 1149 2531 fuerat
1178 2476 1226 2530 ei
1263 2475 1574 2530 deﬁnitum
1638 2474 1835 2530 vivere
1893 2479 2225 2547 nongento-

563 2583 697 2623 rum
741 2566 976 2637 triginta
1003 2580 1301 2620 annorum
1337 2579 1600 2629 cursum,
1626 2569 1679 2619 et
1729 2564 1845 2619 nisi
1896 2571 2223 2635 peccasset,

564 2656 812 2712 omnino
826 2653 1213 2710 consummari
1228 2652 1475 2725 (scilicet
1492 2652 1563 2708 ad
1581 2652 1999 2725 perfectionem
2016 2652 2227 2709 adduci

564 2746 646 2802 vel
676 2745 924 2800 lectione
976 2746 1243 2798 mutata:
1278 2746 1333 2797 et
1390 2758 1510 2797 non
1570 2742 1838 2814 peccanti
1894 2744 2229 2815 perenniter

565 2834 766 2890 vivere
809 2831 1141 2903 statutum),
1188 2831 1305 2886 vita
1342 2830 1587 2886 deﬁnita
1631 2836 1755 2886 erat
1802 2832 1966 2903 apud
2021 2835 2227 2899 Deum,

568 2922 1085 2998 prtecognitavero
1108 2925 1163 2975 et
1182 2936 1374 2990 mors;
1394 2920 1616 2975 idcirco
1637 2936 1754 2975 non
1779 2926 1864 2976 est
1884 2922 2035 2976 Deus
2051 2938 2231 2979 causa

565 3013 793 3079 mortis;
810 3027 998 3083 neque
1014 3010 1171 3065 enim
1193 3009 1571 3081 praescientia
1591 3014 1836 3082 operata
1851 3015 1940 3066 est
1955 3018 2229 3078 mortem,

2329 1848 2462 1904 τείας
2490 1844 2679 1916 μᾶλλον
2742 1849 2829 1897 καὶ
2882 1846 3203 1919 θρασύτητος
3257 1847 3403 1918 ἔργον
3446 1843 3771 1911 δεικνύουσιν,
3817 1847 3874 1897 οὐ-

2333 1930 2417 1986 δὲν
2448 1929 2506 1987 δὲ
2536 1936 2749 1987 πιθανὸν
2807 1933 2934 1997 ὅλως
2986 1931 3102 1987 οὐδ’
3157 1932 3439 2007 ἀναγκαῖον
3470 1941 3795 2009 παρεχόμενον
3826 1943 3875 2005 τῷ

2334 2025 2757 2095 ἐπιχειρήσαντι.

2406 2110 2474 2165 δ’.
2511 2112 2569 2165 Ὀ
2601 2116 2731 2175 Θεὸς
2758 2114 2972 2165 θάνατον
3027 2112 3119 2165 οὐκ
3160 2112 3398 2173 ἐποίησεν
3456 2132 3469 2145 ·
3523 2117 3668 2173 ἔθηκε
3716 2117 3799 2188 γὰρ
3830 2114 3879 2175 εἰς

2333 2199 2595 2275 προῦπτον
2648 2202 2807 2267 ζωὴν,
2869 2200 2981 2255 εἶτα
3024 2203 3260 2268 θάνατον,
3314 2203 3372 2256 ού
3437 2208 3672 2276 φυσικόν,

2333 2296 2684 2365 προκείμενον,
2736 2290 2843 2343 ἀλλ’
2899 2291 3213 2364 αύτεξουσίῳ
3272 2293 3430 2367 ῥοπῇ.
3520 2294 3759 2367 ’Δμαρτία
3809 2296 3878 2367 γὰρ

2336 2381 2634 2434 τελεσθεῖσα
2663 2379 2872 2433 ἁπέτεκε
2904 2383 3140 2434 θάνατον·
3206 2378 3289 2435 ἴδε
3316 2380 3514 2455 Ἀδάμ·
3558 2386 3735 2457 ὥριστο
3763 2385 3881 2444 ζῆσαι

2337 2470 2612 2523 ἐνακοσίων
2669 2472 2945 2544 τριάκοντα
3010 2470 3129 2523 ἐτῶν
3198 2468 3407 2524 δίαυλον
3478 2478 3567 2525 καὶ
3630 2478 3695 2544 μή
3762 2472 3882 2545 ἁμερ-

2335 2567 2432 2612 τῶν
2482 2560 2695 2631 (11-12)
2747 2559 3040 2612 τετελέσθαι
3086 2562 3291 2623 πάντως
3338 2561 3483 2633 (13).
3539 2567 3649 2619 Ζωὴ
3692 2564 3770 2633 μὶν
3812 2566 3881 2631 γὰρ

2339 2650 2530 2721 ὥριστο
2560 2651 2703 2721 παρὰ
2730 2656 2866 2720 Θεῷ,
2925 2653 3256 2723 προέγνωστο
3288 2646 3346 2702 δε
3374 2654 3464 2702 καὶ
3507 2652 3532 2702 ό
3582 2653 3791 2710 θάνατος’
3820 2646 3884 2700 διὰ

2340 2745 2490 2790 τοῦτο
2518 2737 2744 2800 ἀναίτιος
2783 2740 2808 2789 ὁ
2842 2740 2971 2800 Θεὸς
2999 2740 3241 2791 θανάτου·
3300 2738 3358 2791 ού
3400 2742 3508 2813 γὰρ
3561 2741 3590 2798 ἠ
3646 2745 3886 2813 πρόγνωσις

2342 2828 2621 2901 εἰργάσατο
2678 2828 2911 2891 θάνατον,
2967 2826 3072 2879 ἀλλ’
3135 2830 3164 2886 ἠ
3212 2835 3307 2889 τῆς
3364 2827 3574 2888 ἐντολῆς
3625 2827 3882 2902 παράϐασις.

2342 2911 2512 2988 Ἐνὼχ
2544 2913 2601 2969 δι
2646 2916 2747 2977 ζὼν
2778 2919 2851 2969 ἔτι
2903 2933 2916 2947 ’
2970 2926 3080 2979 πῶς
3110 2924 3262 2970 τοῦτο
3295 2934 3307 2983 ;
3370 2912 3527 2971 ἆθλον
3568 2916 3887 2978 εύσεϐείαςλα-

2342 3010 2454 3078 χὼν
2514 3010 2608 3065 τὴν
2652 3007 2949 3080 μετάθεσιν.
3016 3011 3080 3059 Τί
3154 3003 3212 3060 δε
3266 3012 3421 3079 Nan;
3485 3004 3762 3067 δικαιωθείς
3804 3003 3887 3057 6r}-

567 3103 669 3159 sed
703 3100 973 3157 mandati
1002 3099 1410 3167 transgressio.
1446 3098 1647 3154 Enoch
1682 3103 1879 3155 autem
1910 3100 2109 3155 adhuc
2148 3102 2226 3157 vi-

2345 3115 2487 3167 τερος
2561 3100 2762 3167 κόσμου
2842 3099 3115 3167 σπέρματα
3190 3095 3589 3169 ἀνασωσάμενος
3658 3100 3735 3149 τὸν
3796 3092 3889 3169 βρύο

567 3192 671 3248 vit.
706 3187 1019 3257 Quomodo
1042 3188 1155 3244 hoc
1175 3187 1204 3242 ?
1229 3187 1545 3243 Praemium
1581 3186 1850 3244 videlicet
1880 3190 2115 3261 pietatis
2136 3206 2236 3247 na-

568 3288 697 3339 ctus
720 3277 1191 3336 translationem.
1239 3276 1390 3343 Quid
1418 3292 1558 3332 vero
1598 3280 1717 3333 Noe
1743 3279 1788 3313 ⁷³
1817 3280 1844 3335 ‘?
1873 3278 2236 3335 Justiﬁcatus

570 3372 674 3442 qui
691 3368 991 3425 secundus
1016 3367 1225 3422 mundi
1268 3366 1501 3421 semina
1550 3367 1848 3438 reparavit
1886 3372 1939 3422 et
1979 3369 2237 3425 servavit

575 3461 634 3515 in
651 3457 830 3513 undis
848 3456 926 3512 ob
949 3456 1265 3511 criminum
1291 3453 1727 3510 multitudinem
1752 3455 2235 3523 submersi?Quid

574 3550 697 3615 Lot,
722 3545 1048 3610 Sodomita,
1074 3544 1179 3598 sed
1204 3559 1317 3597 non
1339 3543 1703 3599 Sodomitica
1720 3543 2025 3600 voluntate
2041 3545 2069 3601 ἲ)
2088 3547 2237 3613 Quid

577 3636 813 3709 Moyses
836 3634 935 3706 qui
972 3634 1265 3705 populum
1306 3633 1488 3688 Israel
1547 3634 1805 3690 servavit
1855 3636 2143 3707 Egyptiis
2178 3637 2236 3693 in

573 3728 879 3781 Tartarum
904 3722 1146 3793 dejectis
1176 3721 1203 3775 εἰ
1227 3720 1380 3789 Quid
1410 3738 1551 3777 vero
1600 3721 1698 3789 illi,
1759 3739 2042 3795 quorum.
2104 3724 2240 3781 licet

572 3829 691 3870 non
714 3810 1093 3883 deliquerint,
1134 3810 1409 3866 membra
1440 3811 1499 3867 in
1546 3811 1779 3867 deserto
1839 3813 2183 3870 exciderunt
2212 3813 2239 3869 ?

574 3902 722 3968 Quid
742 3900 1002 3967 veroilli,
1036 3916 1189 3973 quos
1230 3900 1405 3956 tellus
1438 3902 1607 3957 vivos
1640 3902 2016 3973 sepeliendos
2037 3903 2239 3958 absor-

571 3990 942 4065 psit,quando
958 3990 1245 4061 principes
1266 3989 1521 4045 tribuum
1540 3994 1859 4046 tumultum
1877 3991 2241 4047 excitarunt?

571 4079 724 4147 Quid
756 4094 890 4135 vero
920 4081 1008 4149 (ut
1058 4094 1301 4134 omnem
1358 4077 1675 4134 clademin
1720 4094 1963 4151 premam
2012 4082 2239 4151 peccati

571 4170 880 4225 inductam
925 4183 1293 4240 omnemque
1324 4166 1724 4223 voluntariam
1770 4168 2238 4225 interfectionem

573 4257 1136 4327 omittam)eﬁatum
1167 4256 1312 4312 illud
1342 4276 1353 4312 :
1383 4256 1491 4316 «Si
1520 4256 1840 4322 volueritis,
1881 4257 2041 4314 bona
2072 4264 2239 4314 terra;

575 4346 899 4403 comedetis
926 4348 970 4380 ⁷⁷
1006 4362 1017 4411 ;
1048 4346 1139 4400 sin
1162 4350 1385 4411 autem,
1412 4344 1644 4413 gladius
1699 4345 2011 4401 devorabit
2030 4364 2135 4403 vos
2162 4346 2190 4401 ?
2211 4368 2236 4399 »

574 4435 727 4502 Quid
762 4451 893 4491 vero
926 4433 1029 4500 illi,
1060 4450 1213 4506 quos
1254 4434 1407 4489 Elias
1431 4433 1568 4502 igne
1601 4434 1823 4490 caelesti
1870 4434 1929 4489 in
1978 4436 2238 4493 cinerem
2274 4471 2318 4527 Β

574 4524 853 4580 conﬂavit
882 4524 1099 4595 impios
1150 4522 1491 4579 sacerdotes
1522 4523 1590 4589 ⁷⁸,
1616 4522 1829 4595 bisque
1865 4524 2238 4597 quinquage-

577 4613 777 4668 narios
816 4614 863 4647 ⁷⁹
904 4612 1062 4666 viros
1093 4626 1161 4665 ex
1212 4611 1347 4675 illis,
1408 4612 1483 4667 de
1532 4612 1755 4684 quibus
1812 4612 1979 4681 (dixit
2012 4616 2188 4683 Deus)
2224 4634 2235 4673 :

583 4723 606 4753 α
642 4700 868 4773 Reliqui
892 4700 1035 4755 mihi
1076 4706 1303 4773 septem
1338 4700 1521 4757 millia
1539 4700 1813 4757 vivorum
1837 4703 1883 4738 ⁸ο
1926 4724 1952 4751 ››
1976 4707 2031 4759 et
2056 4719 2238 4776 quem

2344 3204 2466 3257 χιον
2494 3186 2605 3257 (ll)
2641 3186 2855 3237 θάνατον
2917 3186 3219 3238 ὑποστάντα
3272 3183 3345 3238 δι’
3380 3185 3648 3262 ἁμαρτιῶν
3692 3186 3885 3248 πληθύῃ

2343 3271 2480 3327 Τίδὲ
2498 3279 2639 3341 Λὼτ,
2675 3270 2985 3345 Σοδομίτης,
3018 3274 3077 3326 ού
3110 3272 3397 3347 Σοδομίτού
3428 3273 3725 3351 προαίρεσιν
3754 3278 3827 3341 ;τί
3848 3268 3890 3323 δι

2346 3370 2576 3425 Μωυσῆς
2628 3362 2758 3435 ἀμφὶ
2806 3363 2913 3434 λαῷ
2968 3363 3271 3437 Ἰσραηλίτῃ
3328 3363 3628 3436 Αἰγυπτίων
3674 3382 3888 3438 ταρταρω-

2349 3455 2530 3505 θέντων
2561 3470 2573 3519 ;
2601 3457 2665 3505 Τί
2725 3449 2784 3506 δε
2823 3453 2889 3503 ὧν
2917 3455 2980 3505 τὰ
3018 3453 3160 3505 κῶλα
3211 3457 3392 3506 ἔπεσον
3431 3452 3482 3505 έν
3533 3463 3595 3527 τῇ
3647 3456 3795 3528 ἐρήμῳ
3819 3460 3888 3502 τῶν

2346 3546 2416 3613 μὴ
2460 3543 2827 3608 πταισάντωνς
2892 3546 2944 3593 τί
3006 3538 3065 3595 δε
3105 3541 3193 3605 οὓς
3256 3542 3528 3615 ξωτάφους
3592 3540 3886 3608 δέδεκται

2346 3639 2444 3682 τῶν
2474 3631 2589 3703 (15)
2658 3632 3155 3683 συνστασιασάντων
3217 3631 3551 3705 φυλάρχων;
3620 3638 3667 3683 τί
3694 3627 3747 3682 δι
3800 3629 3891 3697 (ἶνα

2346 3727 2517 3773 πᾶσαν
2585 3719 2721 3772 ἐάσω
2777 3718 3069 3793 ἐφάμαρτον
3124 3720 3477 3793 πανωλεθρίαν
3547 3725 3635 3773 καὶ
3699 3720 3884 3773 ἑκουσιὸ-

2347 3809 2501 3870 τητα)
2524 3812 2601 3873 τὸ,
2636 3831 2656 3857 ε
2688 3807 2805 3861 Ἐὰν
2860 3808 3057 3877 θέλητε,
3109 3812 3175 3862 τὰ
3226 3809 3399 3881 ἁγαθὰ
3450 3818 3547 3871 τῆς
3584 3816 3672 3881 γῆς
3699 3805 3888 3881 mmor

2349 3899 2390 3950 εἰ
2422 3895 2480 3951 δι
2504 3902 2599 3969 μὴ,
2641 3900 2886 3971 μάχαιρα
2915 3899 3049 3970 ὑμᾶς
3080 3894 3355 3951 κατέδεται
3381 3916 3394 3967 ;
3428 3921 3454 3949 ι)
3490 3904 3556 3952 Τί
3586 3895 3645 3951 δε
3664 3896 3739 3957 οὓς
3764 3894 3893 3949 Ἠλίας

2350 3984 2526 4047 ἀθέους
2591 3988 2928 4059 κατηθάλωσε
2993 3992 3121 4062 πυρὶ
3200 3989 3316 4059 θείῳ
3378 3989 3551 4061 ἱερεῖς,
3618 3992 3701 4039 καὶ
3750 3981 3893 4037 διπλῆν

2348 4074 2759 4142 πεντηκοντάδα,
2809 4080 2939 4150 πρὸς
2994 4076 3097 4138 οὖς’
3135 4096 3163 4129 ι(
3222 4076 3504 4130 Κατελιπον
3564 4072 3893 4147 ἐμαυτῷ

2348 4185 2428 4227 κις
2458 4165 2669 4237 χιλίους
2698 4162 2896 4239 ἄνδρας
2926 4188 2952 4215 ››
2992 4170 3079 4218 καὶ
3108 4165 3161 4217 ὃν
3192 4168 3367 4239 νεκρὸν
3408 4165 3706 4228 έξανέστητε
3735 4167 3899 4229 ;Ταύτι

2348 4261 2433 4306 καί
2473 4257 2780 4307 τὰτοιαῦτα
2834 4254 2877 4306 εἰ
2929 4257 3150 4329 ὥρισται
3218 4254 3410 4307 Κλωθὼ
3477 4258 3606 4329 πρὸς
3670 4258 3804 4313 Θεοῦ,
3829 4254 3899 4299 ποῦ

2348 4346 2403 4396 τὸ
2430 4344 2782 4410 αὐτεξούσιον,
2846 4347 2927 4395 ἵνα
2956 4348 3027 4416 μή
3061 4347 3186 4396 εἴπω
3216 4347 3274 4396 τὸ
3334 4345 3527 4396 ἄτοπον
3562 4361 3575 4410 ;
3609 4348 3671 4397 Τί
3699 4339 3753 4394 δε
3786 4343 3811 4396 ἡ
3844 4354 3900 4387 τε·

2349 4434 2561 4486 λευταία
2602 4434 2925 4506 πανωλεθρία
2960 4441 3058 4485 τῶν
3102 4432 3441 4508 Ἰσραηλιτῶν
3502 4431 3760 4505 εἶσπραξις
3801 4422 3902 4479 οὖσα

2352 4530 2616 4598 Κυριακοῡ
2647 4526 2867 4595 αἵματος
2903 4527 2993 4574 καὶ
3045 4529 3371 4596 προφητικοῦ
3408 4522 3602 4596 λύθρου
3639 4518 3708 4574 δι’
3756 4515 3902 4571 Ἰταλι-

2350 4621 2439 4673 κῆς
2470 4614 2719 4685 λόγχης;
2762 4611 2813 4675 ἐξ
2870 4613 2990 4686 ὅρου
3043 4616 3245 4683 γέγονεν
3306 4612 3335 4671 ἦ
3392 4611 3445 4674 ἑξ
3500 4612 3837 4665 ἕκουσιότητος
3879 4604 3898 4661 ξ

2350 4703 2545 4769 ἄλλως;
2578 4708 2641 4755 Τί
2700 4699 2759 4756 δι
2803 4706 2859 4755 τὸ
2887 4701 2956 4763 εἰς
3006 4704 3092 4753 τὸν
3140 4699 3295 4753 ’Ἅϐελ
3353 4696 3686 4775 διαπραχθεν
3737 4698 3902 4770 μιαιφό-

649 4881 697 4915 ⁷⁵
742 4882 873 4951 Sap.
929 4898 966 4941 ι,
1023 4883 1104 4935 13.
1155 4879 1202 4914 ⁷⁸
1237 4881 1375 4935 Gen.
1423 4896 1478 4949 v,
1526 4882 1613 4934 24.
1681 4881 1725 4915 ⁷⁷
1769 4881 1877 4936 lsa.
1944 4897 1981 4946 ι,
2052 4885 2135 4948 l9,
2205 4884 2226 4937 Ξ

2395 4887 2462 4937 78
2502 4881 2575 4936 IIl
2632 4883 2753 4951 Reg
2788 4894 2953 4946 xvm,
3006 4879 3095 4935 40.
3137 4878 3185 4913 ⁷⁹
3231 4880 3295 4933 IV
3345 4880 3480 4947 Reg.
3539 4878 3578 4937 Ι,
3638 4881 3669 4933 9
3708 4888 3852 4947 seqq.

583 4952 629 4987 ⁸ο
660 4952 702 5006 ΙΙ
734 4954 849 5023 Reg
886 4967 1007 5007 xix.
1044 4954 1131 5006 l8.

2157 5122 2385 5180 NOTIE.

683 5302 735 5367 9)
764 5302 935 5355 Deest
956 5298 1251 5369 particula
1278 5314 1527 5370 negans.

684 5372 775 5438 10)
806 5370 1052 5425 Videtur
1090 5371 1297 5427 deesse
1330 5371 1619 5442 particula
1650 5370 1956 5442 quaedam.

661 5442 848 5515 (ll-l2
872 5442 1160 5515 Catiforus
1194 5448 1248 5497 et
1278 5443 1375 5497 hic
1404 5442 1549 5514 quid
1573 5443 1784 5515 deesse
1817 5443 2167 5515 suspicatur.

665 5512 775 5587 (13)
810 5515 951 5587 Cod.
986 5512 1261 5587 τετελέσθω
1288 5512 1511 5587 πάντως.
1546 5515 1597 5568 Si
1632 5514 1777 5569 nihil
1800 5512 1986 5587 deest,
2010 5520 2134 5569 tum

597 5591 699 5645 aut
719 5584 976 5641 τετέλεστο
1000 5584 1321 5656 legendum
1352 5584 1585 5640 videtur
1609 5590 1713 5641 aut
1740 5585 2060 5642 τετελέσθαι.

2421 5300 2531 5387 (tl)
2569 5299 2663 5355 Sic
2697 5298 2987 5355 Catiforus
3012 5296 3129 5367 legi
3176 5294 3317 5362 vult,
3353 5309 3493 5351 cum
3522 5292 3711 5351 codex
3736 5286 3911 5347 habeat

2352 5391 2707 5569 ἷρῖξέἷνάοά.
2736 5446 2831 5513 μή.
2866 5439 2984 5495 Sed
3017 5454 3214 5495 sermo
3241 5441 3330 5496 est
3359 5436 3433 5493 de
3468 5436 3601 5495 loco
3630 5437 3791 5491 Num.
3812 5427 3909 5487 XVI.

2393 5556 2403 5567 .
2488 5556 2499 5569 .
2545 5528 2671 5569 sea.

2393 5556 2403 5567 .
2448 5528 2499 5569 2.
2545 5528 2671 5587 seq.
