4026 6196
245 280 397 338 1037
1290 281 1386 336 AD
1424 281 1835 339 AMPHILOCH

2019 283 2348 351 QUESTIO
2391 286 2589 344 CCXL.
3003 287 3014 302 ’
3477 293 3609 350 1038

243 425 428 480 νημα;
462 407 521 462 Εἰ
568 408 685 480 ὅρος
727 405 1010 471 τετέλεστο,
1039 410 1091 459 τί
1137 409 1264 460 Καῖν
1313 411 1376 470 ὡς
1423 409 1685 483 ὑπηρέτης
1731 411 1833 483 ὅροι

2022 412 2268 468 lscitavit
2295 418 2599 470 mortuum
2629 414 2657 469 i’
2681 417 2807 470 Haec
2838 419 2892 472 et
2930 415 3144 473 similia
3174 416 3221 472 si
3274 417 3480 474 Clotho
3507 434 3612 490 per

246 495 623 570 ἀδελφοκτόνος
673 496 740 548 ῶν
793 501 970 549 στόνον
1019 497 1171 557 αὐτὸς
1216 505 1306 551 καὶ
1351 507 1578 570 παγγενῆ
1631 499 1836 552 πανωλεη

2021 517 2170 570 eum,
2197 502 2299 557 ubi
2331 504 2436 558 erit
2462 503 2688 559 arbitrii
2725 504 2987 571 libertas,
3038 522 3110 560 ne
3142 506 3336 562 dicam
3393 508 3611 563 absur-

246 589 400 659 θρίαν
430 585 675 658 ἕσχάτως
711 583 1144 649 καταδικάζεται,
1176 591 1266 640 καὶ
1308 596 1418 650 πῶς
1461 592 1546 641 τὸν
1579 593 1728 660 φονέα
1771 594 1836 641 νό·

2028 597 2114 646 tas
2140 593 2167 647 ?
2190 592 2336 657 Quid
2366 609 2506 649 vero
2536 599 2839 666 postrema
2879 594 2977 650 illa
3008 595 3403 651 lsraelitarum
3436 596 3610 652 inter-

241 696 338 750 μος
382 678 511 737 θεῖος
549 675 602 728 ἐκ
633 683 747 729 Νῶε
776 678 911 749 ἄχρι
946 686 1035 737 τῆς
1068 674 1222 752 δεῦρο
1269 679 1471 750 θανάτῳ
1501 675 1827 740 καταδικάζε

2020 681 2135 737 ctio
2175 681 2232 736 in
2256 698 2493 752 poenam
2525 683 2830 754 sanguinis
2851 683 3075 739 Domini
3097 691 3152 740 et
3180 685 3609 756 prophetarum

239 766 356 837 μετ’
406 765 765 833 ἐπιστάσεως;
799 767 828 825 ἢ
863 775 972 828 πῶς
1013 769 1070 818 τό
1103 766 1174 828 εἰς
1215 769 1302 818 τὸν
1343 767 1508 840 Ἀγάγ
1546 767 1812 839 λογιστέον

2019 769 2140 824 edis
2168 786 2271 842 per
2292 786 2461 827 arma
2515 774 2922 828 Romanorum
2977 773 3138 830 illata
3169 772 3196 827 ‘f
3231 776 3308 828 Ex
3359 775 3609 830 termino

238 856 288 908 εἰ
344 855 654 926 πεπλήρωτο
705 856 731 906 ό
785 855 856 917 εἰς
909 855 1062 908 αὐτὸν
1101 857 1240 930 ὅρος,
1292 857 1385 909 οὐκ
1434 859 1708 924 ἐτεθνήκει,
1757 876 1826 909 κα

2020 876 2062 913 ιιι
2093 859 2329 916 decreto
2379 862 2624 931 contigit
2653 877 2730 916 an
2763 877 2832 916 ex
2879 862 3119 917 arbitrio
3158 863 3480 918 voluntatis
3509 869 3610 919 aut

233 949 313 1017 μὴ
373 942 688 1017 βουλομένου
738 952 828 996 τοῦ
877 945 1039 998 Σαοὺλ
1087 947 1306 1009 πατάξει
1356 946 1510 999 αὐτόν
1539 964 1552 1014 ;
1582 952 1645 1000 Τί
1691 944 1750 999 δε
1799 967 1823 999 ο

2021 950 2074 1004 ia
2091 949 2316 1005 ratione
2346 951 2374 1006 ?
2400 950 2550 1016 Quid
2568 967 2705 1006 vero
2725 952 3168 1007 cruentacaedes
3200 953 3255 1007 in
3280 951 3458 1008 Abele
3480 968 3608 1024 per-

232 1040 332 1086 τοῦ
365 1032 484 1087 Ἰὼϐ
525 1030 736 1102 παῖδες,
768 1034 868 1106 ὅρῳ
906 1035 935 1093 ἦ
979 1033 1237 1098 ἐξαιτήσει
1286 1038 1450 1088 Σατάν
1494 1036 1646 1108 (16);
1687 1041 1740 1089 τί
1788 1033 1822 1088 δ

2015 1044 2182 1096 atrata
2210 1040 2312 1096 ‘ISI
2363 1041 2646 1096 terminus
2687 1058 2720 1096 a
2752 1041 2871 1097 Deo
2921 1042 3283 1113 praestitutus
3339 1042 3605 1114 expletus

231 1123 493 1184 Ἐζεκίας·
526 1128 579 1176 τί
624 1121 684 1176 δε
721 1130 1024 1191 Νινευίται;
1057 1130 1108 1178 τί
1142 1121 1200 1178 δέ
1244 1127 1292 1178 οἱ
1317 1126 1536 1189 καθεξῆς
1585 1122 1657 1178 δι’
1701 1126 1820 1179 εῦτυ

2023 1128 2065 1183 it
2094 1130 2160 1189 ⁸1,
2192 1145 2292 1184 cur
2325 1130 2480 1194 Cain,
2505 1131 2606 1202 qui
2649 1134 2706 1185 ut
2733 1130 2916 1185 divini
2955 1130 3172 1186 decreti
3215 1131 3480 1187 minister
3513 1148 3607 1186 oc-

230 1217 370 1286 χίας
419 1211 760 1274 ἀνασωθέντες
794 1213 822 1272 ἢ
855 1218 946 1266 καὶ
992 1213 1316 1288 σωζόμενοις
1349 1220 1400 1267 τί
1433 1213 1491 1268 δε
1540 1214 1645 1288 [τό]
1682 1235 1711 1267 ‹‹
1736 1214 1820 1268 Ἶνι

2015 1217 2094 1272 dit
2124 1216 2385 1283 fratrem,
2419 1218 2496 1274 ad
2537 1219 2790 1287 gemitus
2835 1218 2960 1291 ipse
3023 1220 3321 1291 totiusque
3371 1220 3605 1290 generis

230 1322 317 1366 τις
370 1305 431 1375 θῇ
478 1301 664 1375 ψυχὴν
712 1304 838 1377 ὑπερ
882 1307 1242 1378 στεργομένου,
1273 1327 1298 1353 ››
1333 1305 1393 1356 οὗ
1424 1309 1767 1378 πρόγραμμος
1796 1325 1820 1357 ο

2020 1307 2240 1362 teritum
2283 1309 2718 1364 condemnatur
2764 1309 2791 1363 ?
2819 1311 2880 1362 Et
2909 1309 3215 1380 quomodo
3268 1310 3358 1364 lex
3399 1309 3605 1366 divina

231 1393 385 1463 ἅγιοι
447 1394 746 1466 μάρτυρες;
807 1399 921 1454 Πῶς
971 1397 1030 1444 τό
1079 1397 1246 1456 Φινεὶς
1303 1397 1449 1465 ἔργον
1502 1395 1696 1460 θετέον;
1753 1413 1820 1445 κα

2023 1399 2139 1452 Noe
2167 1399 2212 1431 ³³
2239 1397 2314 1451 ad
2343 1397 2456 1452 hoc
2484 1414 2672 1470 usque
2718 1402 2956 1468 tempus
3009 1397 3379 1453 homicidam
3429 1400 3603 1454 morti

227 1485 504 1556 κοπραγίᾳ
561 1481 591 1540 ἦ
652 1483 789 1554 ὅρῳ;
831 1488 939 1534 Ποῦ
980 1479 1039 1534 δε
1088 1485 1167 1548 τὸ,
1220 1504 1246 1531 ‹‹
1281 1483 1397 1534 Ἒάν
1447 1480 1814 1555 ἀγαθοεργήσῃ

2012 1485 2175 1541 ldicit
2198 1487 2225 1541 ?
2254 1487 2684 1559 Autquomodo
2709 1487 2853 1542 illud
2871 1487 2944 1541 de
2961 1491 3128 1555 Agag
3149 1488 3193 1520 ⁸³
3209 1487 3602 1558 reputandum

227 1574 325 1642 ἔσῃ
375 1573 801 1645 μακροχρόνιοςς
834 1577 932 1622 ποῦ
981 1567 1039 1623 δε
1088 1574 1166 1633 τὸ,
1216 1591 1244 1622 «
1274 1570 1649 1624 Ἐλασσονοῦσι
1681 1571 1813 1643 φυλά

2012 1575 2093 1629 »ῐῖ
2125 1573 2182 1630 Si
2241 1578 2527 1630 terminus
2568 1576 2678 1646 ipsi
2720 1575 2924 1630 fuisset
2963 1575 3344 1646 priestitutus,
3403 1591 3602 1632 nonne

225 1660 535 1732 ἁμαρτίαις
588 1666 650 1713 Τί
705 1657 762 1713 δὲ
829 1662 878 1712 οἱ
939 1655 1108 1732 δειλίᾳ
1175 1662 1394 1712 θανάτου
1476 1660 1815 1732 ἁπαγχόμενο

2011 1663 2211 1728 )iisset,
2237 1664 2341 1718 etsi
2393 1663 2568 1719 nollet
2613 1663 2751 1720 Saul
2794 1664 2998 1735 ipsum
3038 1663 3417 1721 interﬁcere?
3449 1665 3601 1730 Quid

223 1750 487 1811 ἑκουσίως
547 1749 577 1808 ἣ
650 1749 801 1802 αὐτοὶ
880 1749 997 1802 καθ’
1056 1745 1428 1808 οἰονδηποτοῦν
1485 1753 1672 1821 τρόπον
1724 1749 1812 1802 ἐαυ

2009 1769 2091 1808 aro
2121 1752 2225 1808 ﬁlii
2263 1752 2376 1809 Job
2425 1753 2472 1787 ⁸⁸
2496 1755 2523 1809 ‘?
2564 1756 2666 1808 Per
2695 1753 3097 1810 terminumne
3129 1769 3206 1808 an
3241 1770 3344 1825 per
3370 1756 3599 1810 Satanaa

220 1842 353 1901 τοὺς
427 1838 745 1912 ἀναιροῦντες
817 1839 846 1898 ἦ
933 1838 1191 1900 ἀκουσίως
1259 1839 1380 1912 παρ’
1443 1839 1623 1912 ἐτέρων
1683 1847 1807 1891 τοῦτ

2012 1842 2290 1898 :titionem
2311 1843 2721 1898 occubuerunt
2745 1843 2772 1897 ‘I
2795 1841 2947 1908 Quid
2969 1842 3236 1899 Ninivitae
3254 1842 3448 1908 ?Quid
3473 1842 3602 1897 Eze-

219 1933 529 2000 πεισόμενοι
733 1927 867 2001 λιμῷ
918 1929 947 1988 ἦ
1017 1932 1156 2003 κόρῳ
1229 1929 1258 1988 ἦ
1334 1928 1488 1998 ψύξει
1561 1928 1809 1986 πληθούσε

2011 1932 2108 1987 tias
2124 1933 2152 1988 ‘?
2171 1931 2318 1997 Quid
2342 1948 2480 1988 vero
2502 1933 2714 1998 caeteri,
2740 1933 2840 2004 qui
2865 1947 3156 2004 prospero
3171 1931 3370 2004 aliquo
3385 1940 3601 1987 eventu

220 2019 252 2077 ἣ
288 2020 458 2090 θέρμῃ
491 2018 521 2076 ἣ
567 2014 817 2090 λοιμώδει
849 2022 984 2089 νόσῳ
1019 2018 1046 2076 ἢ
1095 2019 1194 2070 ὅσα
1235 2017 1480 2090 βοηθείας
1513 2019 1810 2091 ἰσχυρότερι

2011 2021 2159 2076 rvati
2191 2029 2327 2075 sunt
2357 2018 2448 2075 vel
2481 2021 2674 2076 adhuc
2708 2026 3018 2076 servantur
3043 2019 3071 2074 ?
3110 2021 3261 2086 Quid
3291 2036 3426 2075 vero
3455 2020 3600 2075 effa-

218 2108 251 2166 ἣ
309 2106 660 2180 ἀθεράπευτα,
707 2107 790 2158 ἵνα
845 2111 916 2177 μὴ
976 2106 1108 2177 λέγω
1163 2110 1329 2159 πάντα
1383 2109 1449 2159 τά
1492 2103 1566 2158 δι’
1619 2110 1808 2182 ἀφαιρέ

2012 2127 2070 2164 m
2098 2109 2243 2164 illud
2278 2127 2289 2163 :
2327 2112 2446 2166 «Ut
2476 2117 2660 2181 ponat
2691 2111 2826 2182 quis
2857 2110 3103 2165 animan
3133 2126 3302 2164 suam
3329 2109 3599 2180 praedile-

222 2215 361 2254 σεως
410 2197 671 2268 αἱματοςς
705 2200 768 2248 Τί
819 2192 876 2248 δε
920 2195 1002 2247 ἐὰν
1049 2194 1147 2268 ἀφῇ
1197 2201 1290 2254 τὴν
1341 2195 1591 2270 ἀρτηρίαν
1623 2193 1807 2249 ἄδετον

2003 2215 2035 2254 o
2066 2201 2132 2264 ⁸⁸,
2171 2219 2197 2247 ››
2229 2201 2396 2269 cujus
2449 2199 2532 2254 rei
2582 2214 2795 2254 norma
2854 2206 2991 2252 sunt
3039 2200 3226 2254 sancti
3282 2206 3593 2270 martyres.

217 2284 481 2346 ἑκουσίως
530 2285 560 2343 ἣ
613 2290 702 2338 καὶ
757 2288 872 2357 pf);
927 2285 1054 2357 οὐχὶ
1105 2284 1152 2337 ἐν
1203 2285 1388 2358 αἵματι
1438 2286 1625 2358 ψυχῆς
1673 2287 1807 2338 αὐτοι

2005 2288 2092 2343 .iid
2121 2304 2259 2344 vero
2291 2288 2364 2344 de
2392 2287 2490 2342 illo
2516 2288 2680 2360 quod
2704 2289 2836 2343 fecit
2859 2288 3110 2342 Phinees
3139 2289 3186 2323 3°
3214 2288 3595 2343 statuendum

216 2371 476 2448 ἕκδράσει
529 2378 618 2426 καὶ
672 2378 731 2426 τό
793 2377 962 2446 νοερόν
1021 2381 1246 2447 Πνεῦμα,
1298 2375 1323 2425 ὃ
1378 2374 1425 2426 ἐν
1474 2377 1634 2446 τούτῳ
1685 2371 1806 2428 δέδε

2007 2376 2078 2432 t?
2110 2376 2190 2432 Ex
2223 2376 2546 2432 infortunio
2573 2376 2716 2431 illud
2757 2376 3025 2431 evenisse
3074 2392 3150 2430 an
3207 2393 3272 2431 ex
3305 2376 3540 2431 decreto
3566 2377 3593 2432 ?

215 2483 310 2515 ται
342 2463 458 2534 (17)
504 2461 611 2515 ἐπεὶ
652 2463 783 2535 αἷμα
829 2462 1182 2537 ἀποτυροῦται
1233 2463 1299 2524 εἰς
1340 2465 1512 2538 σάρκα
1545 2480 1557 2529 ;
1589 2463 1699 2535 ἅμα
1726 2467 1805 2539 γάγ

2003 2468 2047 2522 )i
2081 2483 2214 2522 vero
2245 2466 2419 2521 illud:
2453 2486 2481 2516 «
2513 2466 2567 2522 Si
2615 2465 2767 2521 bene
2798 2466 3008 2536 egeris,
3055 2465 3168 2520 eris
3208 2465 3537 2534 longaevus.
3565 2486 3593 2515 »

220 2555 384 2627 σὰρξ,
417 2552 530 2624 ἅμα
573 2560 781 2625 Πνεῦμα
829 2552 941 2624 (18)
968 2568 980 2582 °
1013 2557 1102 2604 καὶ
1132 2561 1240 2613 πῶς
1283 2569 1471 2619 τουτο;
1503 2554 1582 2604 ὅτι
1634 2556 1658 2605 ὁ
1695 2556 1810 2606 θεῖοη

2003 2557 2044 2612 )i
2091 2556 2240 2612 illud
2281 2575 2347 2614 :»
2404 2555 2666 2611 Minuunt
2721 2555 2903 2610 tribus
2952 2560 3195 2628 peccata
3226 2556 3268 2590 ⁸⁷
3295 2554 3322 2609 ‘I
3353 2577 3378 2604 »
3443 2554 3593 2620 Quid

215 2646 394 2713 Λόγος
449 2647 539 2694 καὶ
595 2642 992 2702 αῦθυπόστατος
1055 2641 1188 2716 σάρξ
1251 2641 1444 2712 ἐγένετο
1502 2651 1703 2700 σκηνῶν
1780 2642 1805 2695 ὲ

2003 2663 2076 2700 το
2108 2646 2207 2716 qui
2237 2651 2398 2700 metu
2451 2644 2655 2700 mortis
2705 2650 2913 2716 sponte
2965 2661 3024 2699 se
3073 2643 3448 2713 strangulant
3501 2641 3593 2699 vel

213 2733 350 2801 ἡμῖν
401 2736 515 2806 περὶ
571 2735 656 2784 τόν
709 2729 954 2802 ἀσφαλῶς
1004 2727 1262 2788 δήσαντα.
1296 2735 1358 2782 Τί
1408 2727 1465 2782 δε
1511 2733 1559 2783 οἱ
1605 2740 1700 2803 γῆν
1751 2732 1803 2783 οἰι

1999 2751 2184 2806 ιοῳιο
2227 2734 2408 2789 modo
2441 2733 2670 2804 seipsos
2710 2733 3057 2788 interimunt
3104 2732 3193 2788 vel
3238 2733 3314 2788 ab
3362 2732 3493 2788 aliis
3531 2731 3589 2787 id

213 2829 426 2881 κοῦντες
480 2829 679 2892 σεισμῷ
732 2821 761 2879 ἦ
822 2825 1057 2894 πυρκαϊᾲ
1107 2819 1482 2892 ἀναιρούμενοι,
1538 2826 1626 2873 καὶ
1679 2824 1728 2873 οὶ
1776 2822 1803 2874 ἐ·

2004 2842 2126 2878 sum
2155 2823 2320 2878 inviti
2351 2823 2656 2894 patiuntur
2689 2821 2779 2877 vel
2822 2822 3005 2878 nimia
3035 2823 3231 2878 inedia
3287 2829 3385 2876 aut
3418 2821 3589 2876 satie-

214 2910 464 2982 θαλάσσῃ
518 2905 918 2982 διασωζόμενοι,
953 2911 1125 2981 ὥσπερ
1174 2907 1222 2960 ἐν
1262 2906 1488 2961 κλύδωνι
1537 2909 1804 2983 ἀπολλύμε·

1999 2917 2051 2967 te
2082 2912 2174 2967 vel
2219 2912 2462 2982 copioso
2509 2911 2727 2982 frigore
2773 2917 2876 2966 aut
2921 2909 3116 2966 calore
3167 2911 3253 2964 vel
3287 2910 3434 2964 febri
3486 2915 3589 2965 aut

211 3019 296 3051 νοι
355 3003 445 3051 καὶ
494 3000 541 3052 οἱ
598 2998 646 3051 ἐν
702 3007 767 3072 γῇ
825 3004 895 3072 μὴ
955 2998 1340 3070 βλαπτόμενος
1392 3004 1455 3051 Τί
1512 3003 1632 3061 τοὺς
1685 3021 1801 3074 παρτ

1997 3002 2269 3057 :stilentia
2322 3000 2414 3055 vel
2457 3000 2584 3055 aliis
2626 2999 2849 3054 morbis
2899 2999 3328 3054 incurabilibus
3376 3014 3449 3053 ne
3497 3015 3587 3054 re-

207 3090 481 3143 Ἐλισαίου
533 3087 857 3150 ἀναστάντας
903 3092 1149 3164 νεκροῦς;
1181 3093 1233 3140 τί
1277 3086 1336 3141 δὲ
1383 3092 1498 3149 τοὺς
1540 3093 1683 3161 παρὰ
1733 3111 1797 3142 το

1994 3105 2214 3145 anseam
2244 3089 2451 3145 omnia
2489 3088 2588 3143 illa
2613 3105 2744 3160 quae
2784 3104 2850 3143 ex
2881 3088 3245 3142 detractione
3274 3087 3584 3157 sanguinis

211 3187 314 3240 τῆς
373 3179 511 3240 ζωῆς
561 3177 806 3250 ἀρχηγοῦ
855 3185 1087 3249 Χριστοῦ
1119 3197 1131 3242 ;
1159 3182 1222 3230 Τί
1271 3174 1329 3230 δὲ
1372 3182 1429 3229 τὸ
1473 3177 1738 3246 Ταϐιθᾶς;
1772 3199 1800 3230 τ

1991 3179 2285 3248 mtingunt
2310 3178 2338 3232 ?
2379 3178 2527 3244 Quid
2558 3193 2698 3232 vero
2732 3177 2781 3232 si
2812 3176 3109 3248 reliquerit
3147 3176 3422 3232 arteriam
3462 3191 3581 3232 non

211 3265 275 3322 δὲ
330 3271 407 3334 τό,
442 3269 676 3320 ’Δνανίου
723 3272 812 3320 καὶ
861 3272 1144 3341 Σαπφείρας
1173 3283 1186 3331 ;
1219 3271 1270 3319 τί
1316 3263 1375 3319 δὲ
1420 3269 1485 3318 τά
1528 3276 1625 3320 τῶν
1658 3268 1801 3320 ἄλλω·

1991 3273 2178 3337 gatam
2208 3268 2325 3322 sive
2380 3265 2653 3322 consulto
2696 3267 2814 3321 sive
2859 3264 3195 3320 inconsulto
3226 3263 3253 3318 7
3281 3269 3486 3320 Nonne
3523 3265 3581 3321 in

210 3361 382 3428 ἁγίων
430 3359 562 3430 ἄχρι
611 3365 704 3420 τῆς
754 3354 905 3425 δεῦρο
935 3359 1413 3430 τερατουργούμενα
1463 3366 1649 3430 νεκρῶν
1699 3357 1800 3410 ἀναη

1993 3357 2224 3428 inguine
2257 3357 2474 3413 animae
2499 3372 2620 3410 sua:
2661 3355 2898 3427 spiritus
2930 3370 3171 3427 quoque
3195 3353 3583 3410 intellectivus

211 3447 497 3520 ϐιώματα;
556 3446 600 3499 εἰ
656 3448 767 3521 ὅρος
820 3445 1168 3521 ἐπεπλήρωτο,
1227 3455 1334 3509 πῶς
1389 3450 1446 3498 τό
1501 3449 1704 3522 ὁρισθὲν
1763 3467 1801 3500 οι

1993 3446 2191 3518 fugiet,
2234 3447 2337 3520 qui
2367 3451 2457 3502 est
2486 3446 2546 3500 in
2577 3461 2646 3500 eo
2677 3445 2975 3513 alligatus,
3011 3443 3210 3499 statim
3244 3459 3310 3499 ac
3339 3443 3583 3514 sanguis

206 3541 536 3610 πεπέρασται
556 3555 574 3608 ς

2019 3553 2260 3592 carnem
2301 3535 2702 3591 condensatur
2726 3536 2753 3590 ‘I
2781 3533 2967 3590 Simul
2999 3533 3156 3589 enim
3189 3534 3411 3588 exsistit
3443 3549 3581 3588 caro

209 3627 396 3684 simul
424 3633 480 3682 et
517 3625 776 3698 spiritus.
804 3627 868 3680 Et
905 3625 1208 3697 quomodo
1244 3625 1358 3680 hoc
1383 3626 1584 3694 ?Quia
1615 3625 1883 3682 divinum
1930 3627 2176 3681 Verbum
2209 3631 2264 3682 et
2296 3642 2398 3697 per
2431 3641 2490 3680 se
2533 3623 2864 3679 subsistens
2911 3640 3051 3678 caro
3096 3623 3306 3678 factum
3351 3626 3439 3677 est
3481 3621 3584 3678 ha-

207 3717 415 3773 bitans
448 3715 509 3771 in
540 3715 711 3771 nobis
739 3716 806 3769 '3.
842 3713 996 3780 Quid
1050 3730 1188 3769 vero
1239 3714 1580 3784 dicendum,
1621 3716 1868 3788 quando
1898 3716 2001 3789 qui
2054 3721 2267 3771 terram
2313 3715 2601 3780 habitant,
2646 3719 2813 3768 terrae
2867 3717 3024 3767 motu
3061 3717 3163 3767 aut
3204 3711 3474 3768 incendio
3499 3711 3585 3766 in-

209 3807 596 3869 terimuntur,
624 3810 678 3860 et
716 3803 901 3875 quiin
934 3804 1084 3859 mari
1133 3803 1379 3873 degunt,
1415 3805 1741 3860 incolumes
1787 3811 2112 3869 servantur,
2159 3806 2308 3861 sicut
2363 3805 2459 3859 alii
2491 3805 2550 3859 in
2598 3808 2948 3874 tempestate
2988 3807 3238 3874 pereunt
3282 3807 3336 3856 et
3366 3800 3464 3872 qui
3521 3800 3582 3854 in

205 3902 368 3952 terra
400 3899 537 3949 sunt
563 3908 683 3948 non
709 3893 1056 3950 laeduntur?
1084 3892 1232 3958 Quid
1262 3892 1330 3947 de
1384 3894 1619 3949 mortuis
1651 3895 1726 3949 ab
1770 3894 1979 3950 Elisaeo
2031 3895 2087 3949 in
2123 3894 2304 3948 vitam
2339 3891 2673 3948 revocatis?
2713 3891 2864 3957 Quid
2911 3891 2983 3945 de
3030 3890 3099 3944 iis
3129 3906 3284 3961 quos
3315 3887 3582 3944 excitavit

204 3984 348 4039 vitae
397 3988 605 4038 auctor
636 3982 898 4038 Christus
929 3981 957 4036 ‘l
1021 3981 1173 4048 Quid
1201 3983 1270 4036 de
1301 3982 1592 4038 Tabitha?
1625 3983 1775 4049 Quid
1827 3983 1900 4038 de
1932 3999 2002 4038 eo
2047 3983 2210 4055 quod
2247 3983 2493 4052 contigit
2533 3981 2774 4036 Ananiae
2803 3984 2858 4034 et
2905 3979 3212 4050 Sapphirze
3241 3977 3268 4032 ?
3309 3976 3460 4043 Quid
3507 3975 3581 4031 de

204 4073 346 4129 aliis
371 4079 739 4128 mortuorum
763 4071 1239 4140 excitationibus,
1273 4087 1408 4144 quae
1434 4073 1510 4127 ad
1543 4073 1702 4128 hunc
1736 4089 1924 4145 usque
1947 4074 2101 4127 diem
2131 4088 2166 4126 a
2192 4072 2410 4126 sanctis
2443 4069 2858 4142 peraguntur?
2891 4068 2947 4123 Si
2980 4067 3266 4122 terminus
3296 4065 3577 4137 impletus

204 4166 358 4228 erat,
389 4162 694 4233 quomodo
725 4161 886 4234 quod
923 4161 1111 4217 fuerat
1132 4160 1445 4215 deﬁnitum
1487 4177 1606 4216 non
1639 4161 1746 4217 fuit
1777 4161 1854 4216 ad
1877 4160 2151 4216 effectum
2183 4159 2537 4232 perductum
2560 4158 2589 4210 ‘?

283 4251 342 4304 ε’.
392 4258 546 4304 Πᾶσα
588 4251 785 4304 παλαιὰ
815 4251 930 4322 (19)
960 4252 1100 4324 ὅρον,
1146 4249 1277 4308 πλὴν
1320 4256 1478 4323 μόνον
1516 4259 1606 4303 τοῦ
1647 4249 1694 4302 ἐν
1748 4259 1808 4323 τῇ
1846 4251 1873 4304 [

1997 4255 2048 4304 5.
2079 4250 2426 4306 Universum
2462 4248 2635 4303 Vetus
2677 4249 3116 4302 Testamentum
3167 4242 3350 4297 alium
3383 4241 3579 4297 termi-

207 4341 512 4415 παραϐάσει
546 4341 819 4415 ἁμαρτίας,
867 4360 895 4392 ‹‹
943 4348 984 4414 ῌ
1019 4338 1067 4392 δ’
1108 4339 1168 4391 ἀν
1199 4343 1308 4412 ὥρᾳ
1355 4343 1577 4413 φάγεσθε
1621 4340 1797 4394 iuratio:-

1987 4355 2065 4394 1m
2082 4337 2413 4395 secundum
2429 4337 2797 4409 propositum
2813 4350 2930 4389 non
2946 4331 3235 4402 agnoscit,
3253 4330 3369 4386 nisi
3390 4347 3577 4385 unum

203 4433 402 4497 νεῖσθε,
448 4452 476 4484 ›)
526 4434 660 4483 κατά
706 4433 952 4504 πρόθεσιν
1001 4430 1149 4482 ἄλλον
1197 4430 1288 4482 οῦκ
1338 4427 1515 4499 οἶδεν;
1549 4431 1592 4482 εἰ
1648 4427 1706 4483 δὲ
1756 4451 1793 4482 τ‹

1992 4447 2112 4496 um,
2155 4429 2256 4501 qui
2301 4434 2542 4499 peccato
2601 4443 2671 4481 ac
2724 4422 3201 4498 praevaricationi
3256 4421 3573 4476 statuitur:

205 4521 523 4592 ιτῖῦαγγὲλιον
570 4524 814 4594 κηρύττει
858 4522 994 4595 ὅρον,
1042 4520 1196 4571 εἰπεῖν
1247 4519 1340 4570 οῦκ
1386 4523 1512 4590 ἔχω·
1561 4522 1646 4572 ἕνα
1692 4517 1795 4571 οἶδε

1987 4522 2048 4574 In
2076 4519 2356 4589 quahora
2387 4515 2776 4578 comederitis,
2800 4513 3130 4568 moriemini
3154 4514 3199 4546 3°
3229 4511 3257 4566 ?
3285 4533 3309 4558 ››
3331 4513 3417 4564 An
3438 4526 3575 4566 vero

204 4611 501 4684 ἀκρότατον
552 4613 668 4682 ὅρον
722 4616 956 4682 Χριστοῦ
1008 4608 1279 4679 λέγοντος·
1337 4608 1656 4681 ἐρωτώμενος
1711 4611 1794 4682 γάε

1983 4608 2307 4678 vangelium
2332 4605 2966 4679 przedicetterminum,
2992 4599 3290 4657 afﬁrmare
3318 4615 3573 4672 nequeo.

202 4702 356 4769 παρά
409 4705 703 4775 Φαρισαίων
774 4704 890 4773 περὶ
959 4697 1239 4771 ἀνθρώπων
1299 4697 1602 4764 Γαλιλαίων,
1663 4699 1728 4748 ὧν
1787 4722 1792 4745 ε

1983 4714 2117 4752 num
2153 4697 2277 4752 scio
2310 4711 2661 4767 supremum
2703 4710 2738 4749 a
2764 4692 2990 4748 Christo
3022 4689 3350 4745 indicatum
3377 4689 3573 4742 termi-

206 4790 436 4850 ῐιιλάτος
480 4792 538 4841 τό
596 4790 728 4861 αἷμα
788 4790 919 4860 μετὰ
970 4795 1068 4838 τῶν
1134 4787 1325 4838 θυσιῶν
1384 4788 1527 4860 ἔμιξε
1584 4792 1672 4840 καὶ
1724 4787 1796 4840 οὓς

1982 4803 2088 4843 1m.
2116 4787 2509 4855 Interrogatus
2533 4785 2740 4840 enima
2758 4780 3066 4836 Pharisaeis
3091 4778 3164 4834 de
3187 4777 3297 4833 illis
3320 4777 3572 4832 Galilaeis

278 4966 323 5002 ⁸³
353 4967 493 5023 Gen.
526 4980 603 5030 1v,
633 4969 694 5020 10
724 4980 890 5037 seqq.
957 4966 1004 5000 ⁸³
1036 4966 1175 5020 Gen.
1209 4979 1287 5037 rx,
1313 4969 1361 5020 6.
1433 4965 1526 5019 ⁸³1
1561 4967 1699 5034 Reg.
1728 4980 1818 5027 xv,
1861 4971 1868 5016 ε

1972 4979 2100 5036 sqq.
2171 4964 2216 4997 ⁸⁴
2247 4962 2376 5028 Job,
2406 4980 2443 5028 1,
2483 4964 2565 5027 t8,
2599 4963 2674 5016 19.
2747 4959 2792 4994 ⁸⁵
2824 4959 2994 5014 Joan.
3030 4973 3121 5022 xv,
3161 4955 3242 5010 13.
3309 4955 3357 4990 ⁸⁸
3389 4955 3562 5010 Num.

196 5053 344 5109 xxv,
387 5043 418 5094 7
461 5053 625 5110 seqq.
659 5037 701 5071 ³⁷
745 5035 926 5093 Exod.
955 5053 1053 5100 xx,
1099 5039 1180 5091 t2.
1225 5035 1271 5071 ⁸³
1303 5037 1472 5093 Joan.
1515 5053 1552 5102 ι,
1591 5039 1678 5093 14.
1729 5037 1775 5071 ⁸⁹

579 5037 701 5110 1."
745 5035 926 5093 Exod.
955 5053 1053 5100 xx,
1099 5039 1180 5091 t2.
1225 5035 1271 5071 ⁸³
1303 5037 1472 5093 Joan.
1515 5053 1552 5102 ι,
1591 5039 1678 5093 14.
1729 5037 1775 5071 ⁸⁹
1811 5038 1946 5092 Gen.
1990 5035 2046 5100 ιτ,
2087 5039 2169 5090 17.

1777 5169 1982 5227 NOTAE
1995 5213 2007 5226 .

276 5306 388 5432 (tt?)
432 5303 844 5379 Supplendum
888 5304 1118 5361 videtur
1165 5306 1445 5363 τεθνήκασι
1485 5303 1573 5358 vel
1615 5303 1804 5359 simile
1921 5373 1946 5428 ἰ
1986 5302 2098 5373 (18)
2149 5301 2217 5356 Et
2265 5301 2360 5357 hic
2413 5301 2684 5358 vitiatum
2729 5300 2956 5356 textum
3013 5295 3353 5368 suspicatur
3412 5293 3576 5351 Gati-

281 5395 307 5432 r
359 5393 482 5432 um.
1945 5390 2102 5428 orus.

202 5390 482 5433 verbum.
1921 5390 2102 5428 IOX‘llS.

277 5449 389 5520 (l7)
431 5449 494 5504 in
523 5447 663 5504 cod.
704 5447 936 5504 lacuna.
965 5447 1052 5502 Ad
1088 5462 1276 5517 marg.
1311 5445 1476 5502 Catii.
1509 5447 1556 5499 οἱ
1595 5441 1806 5517 διᾱγαν.

932 5491 936 5502 .
965 5447 1052 5502 Ad
1088 5462 1276 5517 marg.
1311 5445 1476 5502 Catif.
1509 5447 1556 5499 οἱ
1595 5441 1806 5517 διᾶγαν.
1993 5445 2104 5516 (19)
2133 5445 2223 5500 Sc.
2267 5441 2522 5503 διαθήκη.
