4076 6202
448 227 587 283 1039

1660 222 1889 278 ΡΗΟΤΙΙ
1928 218 2403 276 PATRIARCHIE
2441 219 2554 279 ΟΡ.

3686 224 3822 279 1040

445 368 707 425 quorum
758 349 1115 417 sanguinem
1165 347 1383 403 Pilatus
1426 366 1564 405 cum
1609 348 1914 406 sacrificiis
1962 348 2095 401 mis-

2232 374 2234 389 ι
2294 348 2341 397 ἐν
2390 347 2593 420 Σιλωὰμ
2645 350 2838 422 πύργος
2890 351 3058 400 πεσὼν
3112 346 3421 416 ἀπέκτεινεν,
3474 350 3519 402 εἰ
3578 350 3833 423 ἁμαρτωο

446 444 562 499 cuit
591 443 639 476 9°
670 447 725 496 et
750 456 902 512 quos
936 439 1106 494 turris
1132 439 1189 492 in
1224 438 1375 494 Siloc
1408 439 1671 510 collapsa
1703 439 1999 494 occiderat
2027 439 2093 501 ’1,

448 549 524 588 an
556 530 820 586 omnium
856 530 1106 583 fuissent
1146 529 1527 598 iniquissimi,
1562 529 1819 597 negavit,
1862 526 2099 596 adjecit-

446 638 563 694 que
596 636 716 674 non
743 618 936 673 solum
967 618 1146 671 verba
1172 615 1271 670 illa
1299 639 1310 670 :
1338 639 1365 666 ‹‹
1396 618 1513 673 Nisi
1535 616 1944 690 pcenitentiam
1970 630 2100 683 ege-

446 711 570 766 ritis
614 710 662 744 ⁹²
692 730 718 757 ››
753 722 962 761 omnes
1015 706 1277 760 similiter
1336 706 1619 777 peribitis,
1653 706 1756 761 sed
1795 711 1851 760 et
1876 706 1968 759 ﬁci
2010 720 2098 759 ar-

447 797 612 853 boris
629 794 904 866 exemplo
931 795 1245 849 terminum
1272 796 1476 850 statuit
1514 795 1760 852 dicens:
1801 816 1821 843 «
1856 792 2101 848 Succide

447 887 609 943 illam
641 902 653 951 ;
690 892 751 940 ut
791 884 933 956 quid
968 882 1144 938 etiam
1178 888 1395 938 terram
1433 889 1687 954 occupat
1717 884 1764 917 9³
1785 882 1813 936 ἳ
1837 905 1865 932 ››
1893 881 2102 936 Simili-

448 980 537 1031 ter
567 981 623 1030 et
653 975 821 1029 divus
854 972 1173 1045 Apostolus
1220 972 1295 1027 de
1326 974 1395 1027 iis
1428 973 1530 1044 qui
1580 972 1842 1041 indigne,
1888 976 1949 1025 ut
1974 986 2100 1041 ego,

449 1069 832 1120 sacrosancta
861 1062 1143 1134 mysteria
1172 1062 1542 1133 participant,
1574 1062 1745 1116 infert
1766 1061 2057 1115 deﬁniens
2087 1072 2098 1110 :

454 1174 483 1206 ι(
541 1154 678 1208 Ideo
735 1152 901 1207 multi
934 1152 1155 1206 inﬁrmi
1207 1158 1263 1206 et
1314 1150 1638 1205 imbecilles
1684 1157 1737 1207 et
1796 1148 2105 1205 dormiunt

451 1243 619 1299 multi
650 1243 716 1296 9‘.
749 1263 769 1291 ι
807 1240 961 1308 Quid
992 1257 1131 1295 vero
1166 1240 1368 1303 David,
1416 1240 1623 1295 Christi
1674 1239 1775 1294 Dei
1823 1254 2099 1311 proavus,

451 1332 596 1387 dum
630 1333 759 1385 vitm
792 1332 1072 1384 humanae
1108 1345 1449 1383 mensuram
1483 1328 1855 1399 septuaginta
1879 1330 1980 1382 aut
2010 1342 2106 1381 oc-

452 1420 673 1490 toginta
703 1434 918 1482 annos,
968 1418 1120 1473 ultra
1150 1434 1307 1488 quos
1352 1416 1618 1471 laborem
1649 1417 1827 1471 nectit
1853 1416 1899 1449 9‘
1931 1431 1943 1481 ;
1978 1420 2104 1469 tum

453 1508 593 1564 alibi
627 1533 639 1564 :
674 1529 701 1559 «
735 1508 893 1562 Educ
936 1506 1009 1561 de
1058 1506 1331 1561 custodia
1384 1506 1652 1561 animam
1686 1520 1883 1558 meam
1915 1506 1961 1537 ⁹⁶
1996 1525 2022 1551 ››
2052 1509 2105 1557 et

451 1614 658 1654 rursus
692 1617 704 1656 ;
744 1619 767 1646 (τ
802 1597 883 1651 Ne
915 1611 1154 1651 revoces
1188 1611 1273 1649 me
1303 1595 1362 1649 in
1396 1594 1645 1649 dimidio
1676 1594 1906 1648 dierum
1943 1608 2109 1647 meo-

453 1704 587 1743 rum
620 1688 690 1751 ",
742 1707 764 1736 ιι
818 1691 929 1739 ut«
969 1685 1132 1737 Viros
1182 1684 1540 1752 sanguinum
1584 1687 1641 1738 et
1670 1682 1933 1747 dolosos,
1986 1696 2105 1735 non
2143 1697 2181 1750 Β

453 1774 856 1831 dimidiabunt
882 1773 1007 1828 dies
1036 1788 1175 1827 suos
1204 1774 1272 1836 ³⁸,
1311 1792 1333 1822 ››

525 1866 579 1919 6.
611 1863 751 1929 Quis
780 1863 928 1918 inter
958 1862 1259 1934 apostolos
1303 1865 1405 1915 aut
1431 1860 1692 1932 synodos
1723 1864 1826 1915 aut
1873 1863 2110 1914 sanctos

456 1955 675 2021 Patres,
710 1952 811 2024 qui
840 1952 1156 2006 terminum
1196 1950 1381 2006 istum
1404 1950 1619 2005 scribat
1650 1949 1676 2003 ?
1710 1948 1879 2014 Quod
1914 1948 1959 2002 si
1986 1963 2111 2002 ma-

458 2058 643 2113 gnum
660 2040 945 2097 Basilium
966 2040 1240 2107 afferant,
1274 2039 1427 2094 male
1445 2039 1615 2094 illum
1636 2038 1987 2107 intelligunt,
2012 2037 2111 2107 qui

457 2132 518 2187 id
543 2132 617 2186 de
648 2147 717 2186 eo
749 2130 1085 2202 Opinantur.
1114 2128 1343 2201 Ubique
1382 2128 1541 2183 enim
1574 2129 1655 2183 ita
1682 2127 1876 2193 docet,
1910 2143 1981 2182 ex
2010 2142 2111 2181 no.

457 2221 551 2276 bis
577 2220 855 2276 exsistere
899 2223 1170 2284 mortem,
1224 2234 1344 2272 non
1379 2221 1575 2272 autem
1619 2233 1689 2271 ex
1734 2216 1873 2271 Deo.
1923 2216 2109 2270 Locus

460 2322 601 2361 vero
630 2306 707 2360 ab
748 2306 818 2359 iis
852 2304 1064 2359 citatus
1099 2303 1392 2373 ejusmodi
1424 2307 1537 2358 est.
1584 2301 1958 2373 Propositum
1989 2308 2113 2356 erat

462 2399 663 2449 sancto
684 2393 1016 2455 ostendere,
1035 2408 1155 2447 non
1178 2408 1308 2447 esse
1326 2395 1497 2446 Deum
1522 2406 1760 2446 causam
1778 2389 2072 2445 malorum
2097 2407 2109 2457 ;

461 2482 860 2554 particulatim
884 2481 1043 2536 enim
1065 2480 1366 2535 disserens
1384 2480 1811 2534 demonstravit
1841 2485 2114 2533 nostrum

462 2570 709 2642 quidem
738 2586 872 2625 esse
902 2568 1206 2633 inﬁrmari,
1266 2568 1364 2623 Dei
1419 2573 1617 2623 autem
1658 2583 1891 2631 sanare,
1940 2567 2115 2639 juxta

464 2658 603 2713 illud
634 2674 647 2713 :
681 2678 707 2708 «
740 2661 868 2713 Non
891 2663 975 2711 est
1005 2656 1221 2712 malitia
1252 2656 1375 2710 sive
1417 2656 1671 2721 vexatio,
1710 2672 1897 2728 quam
1922 2654 2116 2710 Domi-

466 2762 581 2803 nus
614 2761 733 2802 non
757 2745 958 2801 fecerit
989 2747 1057 2799 99.
1085 2764 1112 2796 »

536 2854 855 2919 QU/ESTIO
884 2851 1083 2909 CCXLI
1560 2850 1815 2908 LXXVII.
1862 2850 2042 2920 Wolf.

2208 436 2415 488 λότατοι
2466 440 2670 489 πάντων
2723 434 2877 504 ἦσαν,
2929 433 3063 489 εἶπεν
3117 439 3281 510 ούχί·
3337 445 3426 492 καὶ
3476 439 3722 511 ἐπιφέρει
3777 440 3835 491 οὗ

2209 530 2360 598 μόνον
2416 532 2489 579 τό·
2541 549 2568 577 (ι
2608 527 2726 579 Ἐὰν
2773 532 2844 599 μὴ
2895 534 3270 599 μετανοήσητε,
3304 551 3332 582 ››
3376 534 3466 581 καὶ
3522 530 3669 592 ἑξῆς,
3706 528 3840 580 ἐι).ὶὰ

2212 621 2299 666 καὶ
2347 625 2419 687 τῷ
2477 625 2569 678 τῆς
2624 626 2789 678 συκῆς
2836 615 3229 691 παραδείγματι
3287 622 3373 670 τὸν
3422 620 3540 691 ὅρον
3595 621 3843 687 καθιστᾷ

2214 707 2442 777 φάσκων·
2500 726 2529 756 (ι
2570 705 2828 776 Ἐκκοψον
2886 707 3087 764 αὐτὴν·
3146 708 3228 759 ἶνα
3276 713 3325 759 τί
3377 712 3467 759 καὶ
3523 712 3618 760 τὸν
3680 714 3841 759 τόπον

2214 802 2500 869 καταργεί;
2557 794 2827 857 Ὡσαύτως
2896 800 2985 847 καὶ
3042 797 3067 847 ὁ
3128 798 3261 857 θεῖος
3332 796 3660 856 Ἀπόστολος
3734 796 3849 847 ἐπι-

2216 888 2353 957 φέρει
2402 884 2471 946 εἰς
2518 888 2636 946 τοὺς
2668 884 2780 936 κατ’
2823 883 2908 957 ἐμὲ
2957 883 3175 947 ἀναξίως
3226 894 3323 937 τῶν
3378 884 3671 959 ἀχράντων
3721 905 3848 956 μετ·

2216 978 2435 1045 έχοντας
2510 978 2813 1047 μυστηρίων
2887 974 3111 1047 ὁρίζωνο
3170 992 3199 1024 (ι
3260 978 3354 1028 Διὰ
3420 983 3577 1027 τοῦτο
3656 974 3849 1026 πολλοὶ

2217 1061 2446 1124 ἀσθενεῖς
2490 1067 2579 1115 καὶ
2630 1062 2893 1137 ἄρρωστοι
2941 1068 3030 1115 καὶ
3072 1072 3356 1136 κοιμῶνται
3388 1066 3577 1119 ἱκανοί.
3622 1088 3656 1113 n
3687 1070 3758 1116 Ti
3789 1062 3849 1116 τῖε

2217 1148 2382 1205 Δαυὶδ
2412 1154 2437 1202 ό
2480 1153 2742 1224 θεοπάτωρ
2788 1151 3152 1205 παλαιστιαῖον
3201 1154 3388 1227 ὁρίζων
3435 1158 3631 1225 μέτρον
3694 1151 3852 1205 ἐϐδο-

2215 1240 2540 1312 μηκοστὸνῆ
2588 1238 2947 1311 ὀγδοηκοστὸν
2986 1240 3034 1293 ἐν
3084 1238 3368 1314 δυναστείᾳ
3396 1248 3487 1294 καὶ
3535 1248 3853 1314 περαιτέρω

2215 1335 2373 1381 κόπον
2424 1326 2642 1391 συνδεῖς
2676 1326 2803 1382 εἶτα·
2853 1353 2879 1379 (ι
2916 1330 3165 1402 Ἐξάγαγε
3210 1330 3261 1382 ἐκ
3293 1331 3529 1402 φυλακῆς
3577 1338 3688 1389 τὴν
3739 1331 3853 1402 ψυ-

2216 1424 2323 1491 χήν
2370 1433 2492 1489 μου’
2538 1441 2565 1471 ››
2597 1423 2684 1471 καὶ
2715 1415 2883 1481 αὖθις·
2933 1440 2960 1471 ι(
2993 1425 3078 1478 Μὴ
3128 1419 3387 1493 ἀναγάγῃς
3426 1440 3489 1491 με
3540 1420 3588 1471 ἐν
3655 1422 3854 1492 ἡμίσει

2217 1510 2418 1581 ἡμερῶν
2448 1528 2545 1579 μου
2567 1528 2578 1539 ο
2620 1530 2647 1561 ››
2675 1513 2783 1574 καὶ,
2818 1528 2847 1559 ‹‹
2874 1505 3101 1583 ’Ἄνδρας
3133 1511 3363 1581 αἱμάτων
3395 1515 3483 1561 καὶ
3518 1505 3856 1571 donorum;

2218 1602 2289 1669 μὴ
2325 1599 2669 1669 ἡμισεύοντας
2696 1601 2786 1661 τὰς
2826 1599 3021 1671 ἡμέρας
3063 1598 3245 1652 αὐτῶν.
3279 1618 3309 1650 »

2292 1869 2358 1930 ζ’.
2409 1873 2501 1929 Τίς
2556 1875 2654 1919 τῶν
2708 1865 3029 1934 ἀποστόλων,
3086 1866 3213 1919 ἀλλὰ
3266 1866 3405 1942 [καὶ]
3457 1876 3561 1921 τῶν
3613 1889 3725 1921 συν
3783 1892 3857 1920 ων

2219 1959 2248 2018 ἣ
2283 1966 2382 2009 τῶν
2418 1957 2577 2028 ἁγίων
2625 1960 2863 2028 Πατέρων
2910 1958 3085 2018 ὁποῖος
3132 1958 3245 2030 ὅρον
3288 1959 3515 2031 γράφεις
3546 1957 3604 2010 Εἰ
3662 1956 3729 2010 δὲ
3762 1962 3857 2009 τόν

2220 2050 2377 2118 μέγαν
2452 2045 2713 2098 Βασίλειον
2784 2046 2897 2117 (20)
2946 2051 3196 2111 φήσουσι,
3256 2055 3425 2107 κακῶς
3493 2054 3721 2098 νοοῦσιν
3805 2050 3859 2098 οἱ

2221 2144 2373 2188 τοῦτο
2430 2133 2909 2206 ύπολαμϐάνοντες’
2970 2144 3246 2206 πανταχοῦ
3297 2137 3398 2210 γὰρ
3471 2136 3611 2188 οὕτω
3688 2132 3859 2199 395i-

2223 2226 2320 2287 ζει,
2355 2223 2406 2286 ἐξ
2436 2225 2580 2297 ἡμῶν
2612 2222 2739 2276 εἶναι
2770 2227 2852 2276 τὸν
2898 2225 3134 2291 θάνατον,
3166 2228 3255 2276 καὶ
3284 2223 3411 2295 ούχὶ
3452 2232 3544 2276 τοῦ
3578 2232 3751 2279 Θεοῦ.
3783 2225 3856 2277 Ὀ

2224 2311 2282 2366 δὲ
2313 2314 2538 2389 ἐπιφέρει
2567 2313 2630 2365 τὰ
2659 2321 2750 2365 τοῦ
2785 2316 2905 2386 ὅρου
2944 2314 3078 2384 (21),
3110 2318 3337 2365 τοιοῦτόν
3368 2313 3499 2365 ἐστι·
3538 2319 3751 2374 Σκοπὸς
3790 2312 3857 2372 ἦν

2223 2412 2294 2473 τῷ
2342 2402 2474 2475 ἁγίῳ
2520 2398 2707 2467 δεῖξαι,
2761 2403 2840 2454 ὅτι
2886 2402 2982 2454 ούκ
3030 2405 3170 2455 ἔστιν
3218 2406 3379 2463 αἰτιος
3425 2412 3525 2454 τῶν
3576 2412 3767 2454 κακῶν
3829 2406 3857 2455 ό

2226 2497 2374 2554 Θεὸς·
2407 2495 2541 2543 κατὰ
2569 2496 2720 2565 μέρος
2749 2494 2849 2565 γὰρ
2879 2488 3081 2555 διεξιὼν
3111 2489 3319 2557 ἔδειξεν,
3353 2494 3434 2544 ὃτι
3462 2494 3729 2566 ἡμέτερον
3758 2497 3856 2563 μὲν

2224 2585 2282 2633 τὸ
2324 2579 2628 2655 ἁρῥωστεῖν,
2663 2588 2794 2633 Θεοῦ
2845 2576 2903 2632 δὲ
2951 2585 3007 2632 τὸ
3058 2583 3371 2654 θεραπεύειν,
3415 2584 3555 2632 κατὰ
3600 2584 3687 2645 τὸ,
3736 2582 3856 2633 Οὐκ

2227 2671 2338 2722 ἔστι
2367 2671 2618 2735 κάκωσις,
2652 2669 2712 2728 ἢν
2747 2672 2932 2742 Κύριος
2956 2668 3051 2721 ούκ
3080 2668 3337 2728 ἐποίησεν.

2762 2853 3081 2901 ΕΡΩΤΗΣΙΣ
3120 2847 3289 2903 ΣΜΑ’.

465 3032 617 3100 Quid
642 3033 938 3104 signiﬁcat
960 3032 1115 3087 illud
1147 3051 1159 3087 :
1197 3052 1221 3083 ι
1272 3032 1383 3088 Vos
1403 3047 1479 3088 ex
1504 3039 1676 3100 patre
1703 3031 1936 3104 diabolo
1962 3030 2111 3087 estis:

2232 3032 2308 3104 ΤίΔ
2356 3026 2470 3104 ἐστι
2516 3028 2593 3092 τὸ,
2652 3045 2680 3077 (ι
2728 3025 2896 3098 Ὑμεῖς
2949 3026 3005 3079 ἐκ
3039 3034 3153 3104 .τοῦ
3223 3030 3444 3104 Πατρός⁸
3477 3035 3590 3104 τοῦ⁸
3650 3023 3851 3080 διαϐό-

784 3108 855 3168 et,
893 3124 921 3155 «
956 3103 1090 3172 Quis
1120 3110 1206 3160 est
1231 3103 1451 3159 diaboli
1475 3110 1649 3171 pater
1680 3101 1747 3157 1?
1768 3125 1794 3151 ››

2295 3098 2384 3150 λου
2431 3097 2562 3150 ἐστέ·
2592 3117 2620 3150 ››
2680 3096 2793 3163 καὶ,
2838 3100 2983 3161 «Τίς
3032 3097 3173 3151 ἐστιν
3219 3100 3244 3151 ὁ
3274 3096 3362 3151 τοῦ
3412 3096 3668 3152 διαϐόλου
3730 3107 3850 3153 Πα-

2296 3176 2393 3244 τόρ
2428 3170 2538 3241 (22)
2566 3186 2579 3237 ;
2613 3190 2640 3219 ))

715 3272 990 3323 Editarum
1022 3286 1052 3322 a
1076 3272 1271 3323 Wolfio
1304 3273 1571 3322 tricesima
1599 3273 1789 3335 quinta
1822 3271 1970 3334 (Cur.
2004 3270 2192 3319 Philol.
2220 3272 2255 3317 t.
2279 3269 2344 3324 V,
2370 3282 2421 3332 p.
2456 3268 2546 3317 675
2574 3268 2664 3316 678
2695 3266 2936 3317 Galland.
2966 3266 3097 3323 XIII,
3129 3269 3238 3323 703,
3271 3267 3380 3323 704,
3414 3281 3467 3316 n.
3506 3267 3580 3329 6).

538 3362 796 3416 Primum
822 3362 1065 3434 quidem
1089 3362 1184 3417 hic
1205 3363 1405 3417 obstat
1428 3362 1596 3428 illud,
1623 3361 1785 3433 quod
1812 3375 2114 3433 nusquam

466 3451 528 3505 in
559 3450 740 3504 sacris
774 3450 996 3505 Litteris
1028 3451 1116 3505 vel
1148 3450 1369 3521 antiqui
1412 3449 1501 3505 vel
1548 3451 1683 3505 novi
1713 3449 1969 3505 Foederis
2010 3464 2119 3503 no—

468 3553 606 3593 men
629 3544 1191 3602 commemoratum,
1231 3561 1249 3587 ι
1279 3544 1446 3609 pater
1489 3537 1790 3608 diaboli,»
1824 3542 2118 3601 occurrat,

468 3627 740 3699 quamvis
768 3626 967 3680 multis
1006 3628 1066 3681 in
1101 3627 1244 3681 locis
1274 3628 1448 3682 malae
1480 3626 1636 3682 illius
1675 3626 1986 3698 potestatis
2019 3628 2123 3681 fiat

468 3714 712 3770 mentio.
747 3718 912 3770 Nunc
930 3716 1079 3769 enim
1102 3716 1406 3780 Satanam,
1442 3732 1601 3771 nunc
1632 3715 2121 3779 diabolum,nunc

466 3809 815 3872 apostolum,
852 3811 952 3859 aut
995 3806 1259 3861 similiter
1306 3805 1620 3876 antiquum
1658 3804 1825 3860 illum
1869 3804 2119 3859 humani

469 3892 701 3962 generis
749 3894 979 3949 hostem
1020 3894 1079 3949 in
1133 3895 1316 3949 sacris
1356 3895 1626 3957 Litteris;
1680 3909 2118 3966 nonnunquam

469 3982 645 4037 etiam
668 3981 833 4037 illum
885 3984 981 4053 qui
1022 3999 1210 4055 prava
1240 3984 1368 4054 ejus
1403 3984 1633 4039 semina
1667 3984 1781 4039 sibi
1814 3983 2007 4037 inesse
2036 3998 2121 4037 se-

470 4087 588 4143 que
624 4072 698 4126 ad
723 4072 1064 4144 exemplum
1093 4072 1221 4143 ejus
1243 4073 1702 4138 conformatum,
1740 4072 1967 4144 probat,
2000 4094 2025 4120 ‹‹
2058 4072 2096 4125 ti

467 4158 615 4215 lium
647 4160 869 4215 diaboli
900 4183 927 4210 »
959 4162 1157 4216 vocari
1194 4162 1417 4218 videas.
1462 4165 1583 4217 Huc
1622 4166 1865 4233 spectat,
1895 4161 2055 4232 quod
2086 4176 2121 4215 a

470 4249 606 4304 divo
638 4250 817 4305 Paulo
847 4251 918 4306 ad
947 4251 1221 4321 Elymam
1253 4252 1468 4306 dicitur
1497 4274 1508 4305 :
1549 4272 1575 4302 (ι
1604 4250 1686 4305 ﬁli
1735 4253 1963 4305 Satante
2001 4252 2048 4304 ³.
2090 4269 2117 4301 ››

2302 3364 2509 3432 Πρῶτον
2558 3360 2646 3429 μὲν
2702 3356 3095 3429 ἀντιφθέγγεται
3146 3360 3203 3409 τὸ
3250 3353 3503 3429 μηδαμοῦ
3552 3366 3649 3417 τῆς
3707 3361 3849 3431 ἱερᾶς

2228 3449 2373 3519 ἡμῶν
2429 3452 2637 3521 Γραφῆς
2684 3452 2815 3518 μήτε
2865 3449 2997 3498 κατὰ
3045 3449 3111 3498 τὰ
3166 3446 3480 3521 παλαιότερα
3528 3456 3628 3510 τῆς
3683 3468 3848 3520 νομο-

2231 3538 2428 3599 θεσίας,
2461 3541 2592 3608 μήτε
2622 3538 2669 3587 ἓν
2696 3536 2825 3594 αύτῆ
2860 3543 2921 3608 τῇ
2952 3537 3136 3611 χάριτι
3166 3540 3407 3611 «πατέρα
3429 3544 3522 3589 τοῦ
3554 3532 3846 3589 διαϐόλούν

2228 3624 2397 3677 λαϐεῖν
2481 3628 2539 3677 τὸ
2620 3626 2765 3699 ῥῆμα
2829 3628 2886 3676 τὸ
2955 3624 3232 3699 εἰρημένον,
3294 3629 3465 3676 καίτοι
3539 3644 3604 3696 γε
3662 3626 3844 3679 tonet

2230 3714 2478 3776 πολλάκις
2523 3719 2641 3788 περὶ
2691 3721 2786 3774 τῆς
2831 3720 3060 3787 πονηρᾶς
3117 3713 3310 3775 ἐκείνης
3357 3711 3631 3786 δυνάμεως
3684 3736 3847 3767 κατα-

2231 3803 2498 3861 ϐέϐληνται
2555 3802 2718 3874 λόγοι.
2770 3803 2925 3855 Ἀλλὰ
2973 3806 3135 3855 Σατὰν
3180 3807 3269 3876 μὲν
3312 3808 3401 3856 καὶ
3456 3800 3709 3857 διάϐολον
3756 3812 3847 3857 καὶ

2233 3894 2559 3961 ἀποστάτην,
2611 3897 2699 3944 καὶ
2779 3894 2843 3944 τὰ
2914 3900 3151 3957 τοιαῦτα,
3207 3896 3292 3946 τὸν
3379 3896 3681 3966 ἀρχέκακον
3753 3903 3847 3947 τοῦ

2229 3987 2402 4054 γένους
2433 3984 2577 4054 ἡμῶν
2623 3980 2812 4053 ἐχθρὸν
2846 3983 3145 4055 εὑρίσκεται
3175 3984 3240 4034 τὰ
3288 3986 3458 4053 Λόγια
3488 3984 3846 4054 ὀνομάζοντα,

2230 4076 2319 4123 καὶ
2348 4072 2458 4122 υἱὸν
2500 4072 2605 4122 ἔσθ’
2639 4073 2721 4122 ὅτε
2765 4068 3011 4122 διαϐόλου
3061 4074 3151 4132 τὰς
3200 4074 3428 4144 πονηρὰς
3475 4072 3641 4124 αὐτοῦ
3686 4079 3852 4143 γονὰς

2231 4158 2277 4211 ἐν
2330 4160 2493 4230 ἐαυτῷ
2548 4156 2833 4221 δεικνύντα,
2889 4164 2978 4212 καὶ
3021 4168 3092 4230 τῷ
3144 4170 3449 4235 χαρακτῆρι
3498 4171 3595 4224 τῆς
3646 4162 3852 4224 πλάνης

2233 4245 2695 4322 διαμορφούμενον,
2730 4251 2798 4309 ὡς
2824 4252 2879 4299 τὸ
2911 4253 3039 4321 πρὸς
3072 4253 3156 4300 τὸν
3198 4249 3419 4321 Ἐλύμαν
3451 4250 3722 4323 εἰρημένον
3774 4260 3850 4320 τῷ

472 4341 586 4393 Hoc
618 4340 877 4410 primum
906 4316 1205 4412 est,vquod
1231 4360 1258 4391 «
1293 4347 1459 4410 pater
1492 4339 1713 4394 diaboli
1746 4360 1773 4391 »
1808 4355 2111 4411 nunquam

2232 4342 2472 4411 μακαρίω
2505 4337 2708 4408 Παύλῳ,
2747 4358 2774 4388 ι(
2805 4340 2882 4389 υἱὲ
2928 4334 3195 4390 διαϐόλου’
3234 4361 3262 4392 ››
3296 4337 3403 4390 ἀλλ’
3433 4339 3482 4392 ἓν
3529 4343 3620 4412 μὶῑν
3665 4349 3850 4403 τοῦτο,

470 4427 529 4483 in
571 4429 749 4484 sacris
772 4428 996 4484 Litteris
1016 4434 1538 4484 commemoratur.

543 4606 763 4662 Deinde
788 4606 1059 4663 Salvator
1090 4614 1289 4663 noster
1327 4624 1448 4663 non
1476 4607 1535 4662 id
1582 4608 1812 4677 agebat,
1854 4613 1916 4662 ut
1959 4606 2124 4662 doce-

471 4702 577 4761 ret,
604 4697 737 4769 quis
767 4697 1008 4751 tandem
1056 4697 1149 4752 ille
1177 4698 1398 4753 diaboli
1450 4704 1617 4769 pater
1660 4698 1752 4765 sit,
1800 4697 1901 4751 sed
1940 4702 1999 4750 ut
2034 4714 2125 4751 os-

472 4785 754 4849 tenderet,
788 4786 954 4855 cujus
1002 4786 1185 4841 Patris
1237 4786 1385 4841 filios
1443 4787 1735 4856 improbat
1780 4787 2121 4840 Judaeorum

473 4892 617 4945 gens
641 4892 700 4929 se
732 4880 787 4929 et
818 4891 964 4939 esse,
986 4881 1040 4929 et
1068 4875 1355 4946 appellari
1389 4876 1606 4930 fecerit.
1661 4875 1745 4929 llli
1778 4876 1935 4929 enim
1967 4891 2125 4929 nunc

472 4963 874 5019 Abrahamum
907 4968 925 4998 ³
972 4970 1202 5036 patrem
1250 4981 1312 5019 se
1376 4964 1597 5020 habere
1656 4964 2122 5035 proﬁtebantur;

544 5072 593 5105 9°
644 5072 778 5124 Luc.
820 5085 934 5133 xm,
990 5076 1030 5125 l.
1092 5071 1137 5106 9‘
1181 5070 1325 5126 ibid.
1367 5072 1425 5126 4.
1490 5072 1537 5105 ⁹²
1580 5069 1724 5124 ibid.
1772 5074 1821 5124 5.
1879 5071 1925 5103 ’³
1968 5069 2111 5126 ibid.

2244 5072 2297 5124 7.
2364 5070 2412 5105 ἰ
2446 5074 2463 5124 1
2503 5071 2633 5125 Cor.
2679 5084 2752 5133 χι,
2795 5072 2881 5125 30.

2232 4431 2289 4479 τό
2316 4424 2567 4499 μηδαμοῦ
2598 4428 3046 4499 κατονομάξεσθαι
3078 4432 3277 4501 πατέρα
3302 4425 3551 4481 διαϐόλου
3583 4440 3658 4501 τῷ
3692 4428 3850 4483 ideo)-

2232 4538 2355 4590 ματι
2387 4525 2448 4574 τῆ
2462 4537 2482 4577 ς
2513 4523 2733 4591 Γραφῆς.

2306 4609 2543 4680 Δεύτερον
2576 4602 2652 4668 δὲ,
2687 4605 2744 4656 οὗ
2778 4609 2892 4678 περὶ
2924 4612 3016 4657 τοῦ
3061 4610 3257 4679 πατρὸς
3310 4614 3401 4660 τοῦ
3452 4603 3729 4671 διαϐολου,
3768 4615 3853 4671 τίς

2234 4695 2360 4757 ὅλως
2402 4696 2513 4766 (23)
2562 4692 2643 4758 ἦν,
2695 4703 2766 4764 τῷ
2819 4702 3022 4763 Σωτῆρι
3076 4702 3348 4768 πρόκειται
3401 4702 3615 4757 σκοπός.
3686 4696 3853 4751 Ἀ).λά

2232 4790 2363 4845 τίνος
2391 4788 2582 4858 πατρὸς
2615 4779 2809 4845 παῖδας
2859 4784 3071 4846 ἑαυτούς
3116 4786 3140 4836 ὁ
3185 4794 3283 4836 τῶν
3334 4782 3605 4838 Ἰουδαίων
3665 4785 3848 4857 ἀγνω-

2234 4895 2341 4946 μων
2387 4873 2509 4933 λαὸς
2558 4874 2953 4945 παρεσκεύασαν
3002 4878 3090 4925 καὶ
3145 4870 3273 4925 εἶναι
3324 4879 3413 4925 καὶ
3462 4874 3847 4947 ὀνομάζεσθαι.

2240 4968 2335 5016 Καὶ
2370 4964 2472 5035 γὰρ
2523 4970 2609 5013 νῦν
2659 4965 2748 5035 μὲν
2798 4961 2964 5034 ἔλεγον
3010 4966 3212 5037 πατέρα
3256 4966 3398 5037 ἔχειν
3444 4968 3529 5016 τόν
3575 4965 3852 5039 ’Δϐραᾱιμ,

2956 5071 3004 5104 ⁸³
3064 5070 3219 5127 Psal.
3280 5083 3511 5137 Lxxxix,
3577 5076 3663 5126 11.
3725 5075 3851 5139 (Gr.

474 5141 649 5215 flebr.
682 5142 764 5197 XC
803 5144 880 5193 10.
930 5143 977 5176 9⁸
1018 5141 1169 5197 Psal.
1211 5157 1355 5207 σιω,
1406 5146 1458 5196 8.
1504 5144 1685 5209 (CXLII,
1726 5142 1758 5195 7
1801 5141 1927 5215 Ο’).Δ
1953 5142 2010 5215 _°7
2078 5141 2111 5215 P

2232 5186 2234 5197 .
2276 5157 2344 5209 αι,
2389 5146 2455 5197 25
2496 5142 2608 5213 (cu,
2655 5143 2721 5196 24
2761 5141 2868 5212 Ο’).
2911 5140 2959 5176 9⁸
2999 5141 3149 5197 Psal.
3194 5158 3306 5210 Liv,
3355 5143 3424 5197 24
3463 5146 3579 5215 (LV,
3621 5146 3693 5200 23
3736 5146 3850 5215 0’).

472 5213 520 5247 ⁹⁹
562 5214 743 5268 Amos
778 5227 855 5278 ui,
898 5216 948 5267 6.
984 5215 1200 5269 1.loan.
1234 5231 1350 5279 vni,
1392 5214 1477 5268 44.
1522 5216 1543 5249 ²
1582 5219 1704 5268 Act.
1745 5228 1865 5279 xm,
1910 5212 1993 5267 10.
2038 5214 2111 5267 ’.1

2232 5234 2259 5268 ι.
2292 5229 2409 5279 V111,
2443 5216 2494 5268 3.

2033 5309 2261 5368 NOTAE.

547 5407 970 5535 (ἓξέὧζιόᾶεὶιίἰ
1010 5412 1233 5464 textum
1260 5410 1503 5466 uberius
1546 5412 1829 5465 tractarat
1876 5408 2121 5465 Photius

477 5496 537 5552 q.
569 5496 785 5552 manu.

550 5553 657 5619 (2t)
698 5550 1001 5625 ἐπιφέροντα
1055 5560 1127 5625 τῷ
1189 5554 1289 5625 ὅρῳ
1356 5552 1491 5625 legit
1530 5551 1821 5625 Catiforus
1861 5553 2123 5625 Ani_mea

478 5620 799 5683 annotatio'
840 5620 1012 5681 fallit.
1078 5620 1350 5680 Fortasse
1408 5620 1791 5695 legendumé
1849 5620 1907 5676 δι
1954 5622 2121 5697 ἐπιφέ-

2230 5429 2410 5484 ρον-ται
2444 5415 2516 5484 τεῇ
2548 5408 2671 5484 ῥ’ρῳ,
2702 5408 2869 5481 quod
2900 5409 3338 5484 prmferendum
3372 5412 3626 5469 videtur.

2307 5481 2418 5552 (22)
2457 5464 2597 5535 Vide
2622 5464 3244 5561 supraquaastionem
3284 5464 3471 5540 {LVD
3482 5464 3646 5557 'qu
3687 5488 3743 5561 ej
3756 5505 3853 5544 us-

2233 5551 2371 5606 dem
2405 5551 2734 5618 argumenti
2758 5559 2865 5608 est.

2302 5623 2414 5696 (23)
2455 5623 2577 5685 ὅλως
2607 5622 2773 5680 Colb.
2804 5628 2979 5692 recte,
3013 5639 3122 5699 pro
3153 5627 3186 5678 ὅ
3204 5625 3371 5702 λόγος.
