4026 6196
123 308 278 365 1041

1212 312 1309 367 AD
1342 311 1885 370 AMPHILOCHIUM
1927 314 2254 381 QUAESTIO
2297 315 2526 371 CCXLI.

3362 313 3502 369 1042

119 443 214 487 νῦν
249 432 329 500 δὲ,
370 436 521 508 ἡμεῖς
573 439 780 503 Πατέρα
807 435 894 489 ἕνα
940 456 1126 510 εχομεν
1179 441 1264 490 τὸν
1294 443 1435 493 Θεόν.
1470 440 1614 510 Οὐχὶ
1655 436 1732 500 δὲ,

1848 456 2008 495 nunc
2033 440 2287 504 aiebant,
2307 457 2496 497 unum
2519 440 2812 496 habemus
2832 439 3061 494 Patrem
3082 440 3265 494 Deum
3294 440 3344 504 ις
3378 455 3497 496 non

127 529 338 597 Πατέρα
385 527 573 597 ἔχομεν
625 529 713 577 τόν
766 530 969 601 Πατέρα
1015 536 1105 579 τοῦ
1155 535 1309 582 Θεοῦ.
1347 534 1444 581 Καὶ
1493 531 1517 580 ὁ
1559 533 1734 602 Σωτὴρ

122 613 344 686 ἀπάγων
369 623 460 674 τῆς
490 623 752 690 πατρικῆς
809 615 856 667 ἐν
903 624 964 689 τῇ
999 617 1180 675 κλήσει
1227 622 1478 688 σχέσεως,
1531 616 1735 691 ἐπείπερ

126 707 279 756 αὐτοὶ
327 703 542 764 ἑαυτοὺς
592 700 941 775 διεσχίσαντο
1002 712 1092 759 καὶ
1142 703 1435 780 διετέμοντο
1483 715 1574 767 τῆς
1612 711 1736 780 πρὸς

125 795 284 847 αὐτόν
349 795 671 866 ὁμοιότητος,
745 794 981 868 τολμᾶτε,
1087 801 1237 869 φησι,
1303 797 1466 868 λέγειν
1523 797 1737 859 ἑαυτοὺς

125 886 277 945 υἱοὺς
343 883 472 937 εἶναι
529 891 622 936 τοῦ
679 889 894 958 πατρὸς,
959 887 1104 958 ὑμεῖς
1168 895 1259 939 τοῦ
1318 884 1566 940 διαϐόλου
1598 886 1732 944 ἐστέ.

127 971 281 1039 Εἶτα,
319 993 347 1026 «
385 978 483 1026 Καὶ
537 976 623 1034 τὰς
680 973 884 1035 ἐντολὰς
916 975 1075 1027 αὑτοῦ
1136 977 1298 1029 θέλετε
1343 984 1496 1029 ποιεῖ.
1535 997 1562 1025 ››
1592 977 1736 1048 Οὐχὶ

131 1087 152 1112 ι
182 1070 275 1115 τοῦ
302 1066 502 1135 πατρὸς
549 1059 794 1121 δηλονότι
845 1071 938 1116 τοῦ
990 1062 1256 1118 διαϐόλου.
1315 1087 1340 1114 n
1370 1073 1478 1118 Ποῦ
1506 1069 1606 1139 γὰρ
1638 1087 1736 1119 παι

125 1149 430 1227 ραδεδωκεν
483 1151 670 1215 ὶκεῖνος
725 1152 954 1223 ἐντολὰς,
1007 1154 1057 1215 ὃς
1106 1154 1230 1216 ὅλως
1275 1151 1398 1207 οὐδὲ
1426 1159 1733 1230 γνωρίζεται

131 1249 190 1313 τῇ
229 1247 434 1314 Γραφῇ,
485 1241 614 1294 ἀλλὰ
668 1244 761 1304 τὰς
805 1240 1002 1304 ἐντολὰς
1047 1252 1140 1296 τοῦ
1198 1239 1466 1309 διαϐόλου,
1520 1246 1574 1306 ὃς
1600 1244 1736 1297 ἔστιν

129 1333 380 1404 ὑμέτερος
445 1335 646 1405 πατὴρ.
715 1333 912 1394 Αἱτινές
1016 1333 1120 1384 εἰσι
1200 1338 1431 1405 πορνεία,
1495 1340 1732 1406 μοιχεία,

128 1421 318 1485 κλοπὴ,
349 1425 516 1492 φόνος,
579 1417 797 1490 ψεῦδος,
834 1426 925 1474 καὶ
991 1422 1125 1473 ὅσων
1186 1422 1350 1474 ἄλλων
1413 1422 1594 1483 ἐκεῖνος
1645 1443 1736 1475 κα-

129 1519 229 1562 κῶν
289 1513 515 1582 σπορεύς
557 1517 620 1582 τῇ
671 1517 851 1583 γνώμῃ
897 1515 1121 1583 γέγονεν,
1157 1517 1246 1564 καὶ
1287 1511 1524 1587 ἀρχηγὸς
1547 1512 1737 1584 τολμᾶ-

130 1602 254 1652 σθαι
295 1601 365 1651 τὰ
419 1597 707 1670 ἀτόλμητα,
766 1605 852 1651 καὶ
948 1603 1425 1675 καταπράττεσθαι.
1495 1607 1591 1654 Καὶ
1649 1605 1732 1666 τὸ,

130 1707 156 1739 ι(
189 1687 415 1748 Ἐκεῖνος
448 1686 533 1739 ἀπ’
578 1687 757 1762 ἀρχῆς
800 1688 1220 1763 ἀνθρωποκτόνος
1253 1692 1415 1755 ἐστὶν,
1470 1710 1500 1741 ››
1532 1691 1598 1750 εἰς
1618 1695 1736 1742 τίνα

125 1776 186 1828 ἃν
212 1777 522 1850 οἰκειότερον
575 1775 894 1848 ἁνενεχθείη,
940 1779 969 1837 ἣ
1018 1778 1084 1839 εἰς
1136 1778 1290 1831 αὐτόν
1324 1798 1383 1850 γε
1426 1782 1512 1831 τὸν
1557 1775 1736 1831 διάϐο-
1767 1792 1810 1846 Β

123 1866 230 1932 λον,
255 1865 314 1928 ὃς
479 1865 692 1939 γλώσσῃ
736 1869 821 1918 τὸν
853 1863 1030 1938 Ἀδὰμ
1074 1875 1166 1919 τοῦ
1193 1864 1519 1941 παραδείσου
1547 1867 1729 1931 ἐξέϐα-

123 1956 226 2021 λεν,
261 1959 356 2008 καὶ
421 1955 664 2028 πρόξενος
712 1955 872 2008 αὐτοῦ
928 1958 1150 2010 θανάτου
1205 1962 1295 2010 καὶ
1352 1960 1543 2032 φθορᾶς
1587 1962 1736 2029 γεγέ-

123 2064 316 2112 νηται;
371 2048 502 2106 Θεὸς
553 2047 655 2119 γὰρ
715 2048 932 2099 θάνατον
976 2046 1070 2098 οὐκ
1113 2048 1372 2110 ἐποίησεν,
1437 2044 1560 2100 οὐδὲ
1622 2052 1737 2120 τέρ-

123 2155 281 2188 πεται
312 2135 392 2186 ἔπ’
442 2133 669 2206 ἀπωλείᾳ
719 2135 920 2196 ζώντων
979 2136 1114 2206 (24).
1174 2141 1261 2197 Τίς
1327 2135 1386 2190 δὲ
1433 2138 1600 2209 ἔτερος
1651 2139 1734 2189 τόν

128 2226 354 2277 θάνατον
377 2219 411 2276 δ
419 2227 470 2275 ιὰ
498 2230 590 2275 τοῦ
632 2221 864 2294 ψεύδους
908 2223 1282 2296 ἐχαλκεύσατο,
1346 2231 1436 2277 καὶ
1473 2228 1607 2276 κατὰ
1637 2233 1734 2276 τῶν

130 2313 455 2385 σπλάγχνων
482 2320 572 2365 τοῦ
623 2310 798 2386 Ἀδὰμ
829 2319 923 2372 τὴν
968 2317 1180 2388 φθορὰν,
1230 2314 1272 2367 εἰ
1308 2320 1377 2386 μὴ
1411 2317 1437 2367 ό
1465 2312 1737 2385 παραδούς

125 2408 220 2474 μὲν
247 2407 338 2455 τὸν
366 2407 501 2474 ὅφιν,
559 2399 631 2454 δι’
679 2403 838 2454 αὐτοῦ
892 2399 952 2456 δε
1008 2407 1094 2456 τὸν
1127 2406 1479 2478 θανατηφόρον
1526 2405 1598 2456 ἰόν
1643 2413 1736 2466 τῆς

127 2494 200 2555 εἰς
230 2495 365 2546 Θεὸν
397 2489 739 2565 βλασφημίας
784 2500 845 2565 τῇ
887 2499 1117 2564 γυναικὶ,
1159 2498 1244 2546 καὶ
1297 2490 1392 2546 διὰ
1436 2497 1634 2555 ταύτης
1661 2501 1734 2564 τῷ

125 2578 309 2654 ’Λδαμ
339 2583 686 2656 κερασάμενος
721 2599 735 2649 ;

199 2671 292 2724 Ἐκ
370 2673 564 2723 τούτων
650 2666 737 2722 οὖν
800 2671 1036 2723 ἁπάντων
1096 2677 1185 2724 καὶ
1252 2671 1430 2744 ἐτέρων
1488 2675 1734 2724 τοιούτων

127 2757 402 2813 δείκνυται
430 2765 549 2832 περὶ
576 2767 664 2812 τοῦ
727 2756 976 2813 διαϐόλόυ
1017 2764 1103 2813 τὸν
1140 2766 1394 2834 σωτήριον
1441 2758 1735 2834 διαλαμϐά-

124 2867 228 2900 νειν
290 2848 467 2918 λόγον,
557 2853 645 2900 καὶ
691 2856 873 2900 τοῦτον
939 2853 1147 2921 Πατέρα
1196 2850 1568 2922 κατονομάζειν
1634 2859 1734 2902 τῶν

129 2935 442 3010 ἀγνωμόνων
507 2933 798 2992 Ἰουδαίων.
863 2943 964 2990 Καὶ
1020 2941 1119 3011 γὰρ
1171 2937 1399 2990 κάκεῖνοι
1461 2943 1547 2990 τὸν
1607 2943 1734 2992 Θεὸν

127 3024 522 3097 ἐφιλοτιμοῦντο
562 3029 764 3099 πατίρα
829 3027 1018 3090 καλεῖν,
1071 3032 1161 3080 καὶ
1223 3028 1292 3088 εἰς
1361 3029 1507 3090 υἱοὺς
1575 3028 1734 3080 αὐτοῦ

128 3114 535 3184 καταλέγεσθαι.
594 3114 682 3176 Εἰς
736 3111 833 3168 δύο
874 3113 933 3169 δὲ
985 3121 1166 3190 μοίρας
1212 3117 1434 3189 μερίζων
1475 3119 1500 3168 ό
1559 3122 1733 3189 Σωτὴρ
1767 3145 1807 3202 C

129 3207 220 3256 τόν
258 3207 496 3278 παρόντα
571 3204 742 3276 λόγον,
802 3205 1082 3277 συμπλέκει
1138 3209 1226 3278 μὲν
1292 3205 1444 3258 πάλιν
1514 3205 1734 3279 ἐκατέρῳ

131 3293 394 3367 ἑκάτερον.
452 3295 558 3349 Νῦν
583 3299 674 3365 μὲν
709 3295 1008 3366 προτάττων
1038 3298 1126 3346 τὸν
1186 3291 1446 3362 διάϐολον,
1494 3300 1582 3346 καὶ
1613 3296 1736 3346 ὑπο-

128 3385 331 3435 τάττων
356 3385 477 3443 τοὺς
540 3378 851 3450 Ἰουδαίους,
891 3391 978 3434 νῦν
1036 3379 1093 3435 δὲ
1163 3383 1273 3454 (25)
1343 3383 1735 3455 προκαταλέγων

130 3475 258 3533 τοὺς
289 3467 598 3536 Ἰουδαίους,
641 3467 751 3524 εἶτα
779 3470 981 3540 ἐπάγων
1046 3476 1132 3524 τόν
1177 3468 1438 3526 διάϐολον.
1496 3477 1582 3524 Διό
1620 3476 1737 3546 περὶ

127 3567 225 3613 τοῦ
268 3556 522 3613 διαϐόλου
568 3557 957 3633 προδιαλαϐὠν,
1009 3566 1099 3613 καὶ
1153 3559 1206 3612 ἐκ
1258 3569 1350 3622 τῆς
1408 3569 1508 3614 τῶν
1575 3564 1737 3633 ἔργων

131 3652 439 3721 συγγενείας
504 3654 594 3701 καὶ
644 3651 945 3720 ὁμοιότητος
1021 3647 1194 3713 δείξας
1260 3654 1381 3709 τοὺς
1445 3648 1737 3712 Ἰουδαίους

125 3741 335 3810 πατέρα
398 3741 538 3809 ἔχειν
604 3738 781 3801 αὐτὸν,
848 3737 1145 3810 μεταϐαίνει
1203 3740 1355 3791 πάλιν
1410 3739 1488 3791 ἐπ’
1549 3741 1739 3801 αύτούς

127 3831 249 3887 τοὺς
287 3823 605 3892 Ἰουδαίους,
649 3824 723 3878 δι’
763 3827 830 3878 ὧν
882 3833 971 3879 καὶ
1037 3830 1067 3886 ἡ
1104 3827 1192 3886 ὅλη
1235 3828 1504 3900 τοῦλόγου
1534 3834 1736 3901 γέγονεν

127 3914 369 3972 εἰσϐολὴ.
405 3921 507 3968 Καί
533 3935 709 3987 φησιν·
737 3914 896 3968 Ὀταν
923 3917 948 3967 ό
979 3913 1237 3978 Ἰουδαῖος
1276 3920 1334 3970 τὸ
1363 3915 1554 3988 ψεῦδος
1583 3919 1733 3990 λαλῇ,

125 4007 309 4077 ὥσπερ
341 4009 431 4056 καὶ
491 4006 638 4076 ὑμεῖς
702 4010 812 4057 νυνὶ
873 4004 1118 4077 λέγοντες⁸
1188 4030 1214 4056 ‹‹
1281 4010 1486 4079 Πατέρα
1549 4011 1736 4079 ἔχομεν

127 4097 219 4146 τὸν
241 4097 453 4159 em,»
502 4099 612 4157 καὶ,
647 4116 674 4143 ‹‹
724 4097 925 4167 πατέρα
975 4098 1162 4166 ἔχομεν
1210 4099 1295 4147 τόν
1340 4095 1596 4170 Ἀϐραὰμ,
1629 4119 1647 4144 ε
1683 4095 1737 4147 ἐκ

126 4192 232 4235 τῶν
298 4179 452 4234 ἰδίων
517 4181 673 4237 λαλεῖ.
734 4187 1009 4236 Τουτέστιν
1060 4183 1159 4236 ἀπὸ
1206 4184 1399 4244 κοιλίας
1443 4191 1613 4256 φωνεῖ,
1647 4187 1736 4235 καὶ

128 4273 226 4325 οὐκ
278 4271 338 4324 εκ
396 4280 493 4324 τῶν
541 4273 803 4344 κριμάτων
861 4281 952 4325 τοῦ
999 4277 1312 4345 Πνεύματος.
1369 4270 1572 4326 Ὀτιδε
1613 4272 1738 4344 ψεύ-

130 4381 261 4422 στης
283 4359 421 4423 ἐστὶ,
453 4365 540 4412 καὶ
587 4359 639 4423 ἐξ
691 4361 759 4412 ὧν
823 4361 972 4422 αὐτὸς
1016 4361 1396 4427 ἁλαξονεύεται,
1449 4359 1729 4425 δείκνυται,

128 4457 222 4504 καὶ
271 4449 328 4513 ἐξ
356 4450 424 4500 ὧν
451 4452 586 4502 ἔθετο
637 4449 800 4521 ἐαυτῷ
845 4455 1042 4526 πατέρα
1099 4449 1191 4504 διὰ
1233 4460 1328 4513 τῆς
1375 4461 1474 4504 τῶν
1504 4452 1735 4525 πράξεων
1770 4499 1814 4554 D

137 4543 148 4552 .
265 4545 275 4554 .
736 4547 756 4554 -
859 4539 871 4554 ,
963 4537 984 4554 α.
1023 4545 1032 4554 .
1307 4547 1317 4554 .
1365 4546 1373 4554 .
1507 4547 1513 4554 .

126 4543 460 4613 ὁμοιότητος,
502 4547 794 4613 περιφανῶς
850 4537 1235 4596 ἀναδείκνυται.
1295 4546 1380 4594 Διό
1433 4547 1522 4594 καὶ
1554 4561 1732 4614 φησιν,

121 4638 288 4693 Ὀταν
320 4638 347 4688 ὁ
393 4632 644 4698 Ἰουδαῖος
700 4641 758 4689 τό
785 4635 982 4709 ψεῦδος
1026 4639 1175 4705 λαλῆ,
1224 4641 1304 4692 ὅτι
1346 4639 1575 4711 ψεύστης
1624 4639 1736 4691 ἐστὶ

123 4733 217 4781 καὶ
278 4726 457 4790 αὐτὸς,
517 4730 607 4777 καὶ
664 4725 690 4778 ὂ
737 4732 906 4799 πατὴρ
939 4727 1120 4783 αὐτοῦ,
1178 4727 1271 4782 ’ον
1320 4731 1346 4781 ό
1407 4733 1603 4802 Σωτὴρ,
1668 4732 1738 4790 ὡς

125 4817 380 4876 πολλάκις
423 4818 648 4889 εἴρηται,
705 4819 793 4868 τόν
847 4813 1088 4869 διάϐολον
1143 4823 1230 4871 καὶ
1274 4819 1367 4870 οὐκ
1397 4817 1546 4870 ἄλλον
1586 4814 1732 4884 εἶναι,

123 4912 219 4960 καὶ
247 4905 573 4976 ἀπεφήνατο,
614 4910 702 4958 καὶ
741 4911 1128 4978 κατωνόμασεν.

200 5185 225 5223 ⁸
247 5183 436 5241 Joan.
473 5198 578 5240 vui
604 5184 694 5239 41.
726 5183 748 5218 ⁸
780 5181 972 5239 Galat.
1004 5198 1081 5249 iv,
1111 5182 1164 5237 4.

1850 545 2007 595 vero,
2035 529 2266 584 Patrem
2301 530 2597 586 habemus
2637 529 2730 583 Dei
2773 532 3024 584 Patrem.
3061 529 3196 583 Jam
3231 529 3501 585 Salvator

1845 625 2049 672 noster
2073 619 2317 674 eosdem
2341 637 2374 674 a
2397 625 2672 690 respectu
2701 623 2972 689 paterno,
2995 616 3097 688 qui
3120 618 3362 672 nomine
3383 618 3497 673 hoc

1844 706 2225 776 inferebatur,
2257 709 2648 773 abducturus,
2677 707 2964 780 quoniam
2991 705 3102 778 ipsi
3144 722 3204 760 se
3238 723 3270 760 a
3296 707 3498 763 simili-

1847 796 2048 851 tudine
2089 798 2217 867 ejus
2245 797 2677 863 abstraxerant,
2713 797 2794 852 ait
2822 813 2834 851 :
2865 811 2970 850 vos
2993 797 3178 850 Patris
3209 795 3362 852 ﬁlios
3391 812 3499 851 vos

1844 885 2010 957 ipsos
2041 886 2273 943 audetis
2305 887 2630 959 appellare,
2660 892 3021 942 cumtamen
3053 884 3268 940 diaboli
3299 886 3500 958 potius

1845 974 1950 1029 ﬁlii
1997 975 2160 1030 sitis:
2197 981 2254 1030 et
2298 992 2457 1042 mox,
2503 997 2527 1026 α
2566 981 2623 1031 et
2667 975 2951 1030 mandata
2983 974 3114 1043 ejus
3162 974 3352 1029 facere
3375 975 3503 1030 vul-

1845 1063 1938 1120 tis.
1975 1084 2001 1115 »
2035 1067 2160 1119 Non
2193 1080 2357 1124 sane.
2393 1086 2422 1117 «
2449 1064 2632 1136 patris
2667 1063 2928 1124 diaboli;
2970 1083 2996 1112 »
3041 1063 3144 1118 Ubi
3187 1065 3348 1118 enim
3401 1064 3497 1120 ille

1845 1158 2147 1224 praecepta
2198 1153 2383 1217 dedit,
2436 1154 2510 1208 de
2541 1169 2664 1225 quo
2713 1170 2784 1208 ex
2817 1153 3110 1223 Scriptura
3145 1152 3290 1207 nihil
3321 1153 3501 1224 quid-

1845 1257 2031 1312 quam
2064 1243 2346 1298 constat?
2371 1243 2470 1298 sed
2505 1241 2726 1297 diaboli
2759 1242 2960 1313 ipsius,
2993 1241 3088 1312 qui
3113 1248 3281 1312 pater
3308 1247 3502 1297 vester

1846 1336 1950 1394 est,
1984 1337 2298 1404 praecepta.
2321 1331 2626 1401 Ejusmodi
2647 1347 2787 1385 vero
2811 1335 2967 1396 sunt,
3001 1329 3299 1397 scortatio,
3333 1329 3500 1384 adul-

1846 1419 2080 1483 terium,
2123 1420 2367 1489 furtum,
2403 1421 2617 1485 caedes,
2651 1419 3060 1487 mendacium,
3117 1423 3174 1474 et
3202 1435 3337 1490 quae
3382 1418 3500 1474 alia

1847 1507 2008 1564 mala
2033 1510 2190 1564 idem
2220 1525 2326 1580 pro
2355 1510 2645 1565 sententia
2662 1526 2771 1564 sua
2797 1510 2962 1576 sevit,
2997 1509 3072 1563 ad
3102 1523 3290 1579 prava
3337 1524 3502 1579 qure-

1844 1598 1930 1651 vis
1953 1597 2234 1653 audenda
2249 1602 2307 1653 et
2326 1599 2724 1671 perpetranda
2746 1598 2864 1652 dux
2887 1603 2942 1653 et
2963 1603 3170 1653 auctor
3187 1597 3498 1652 exsislens.

1848 1686 1909 1742 ld
1949 1702 2090 1742 vero
2119 1689 2281 1759 quod
2334 1688 2550 1743 dicitur
2579 1707 2591 1746 :
2621 1710 2648 1739 ‹‹
2685 1687 2781 1742 Ille
2831 1688 2908 1742 ab
2968 1687 3133 1741 initio
3190 1685 3498 1741 homicida

1845 1775 1954 1831 fuit
1987 1792 2001 1842 ;
2031 1798 2060 1826 υ
2093 1776 2169 1831 ad
2198 1793 2382 1848 quem
2416 1777 2656 1833 tandem
2686 1775 3060 1848 potiorijure,
3089 1791 3275 1846 quam
3310 1776 3384 1830 ad
3415 1773 3500 1846 ip-

1846 1881 1983 1921 sum
2025 1866 2323 1921 diabolum
2359 1865 2661 1930 referetur,
2695 1865 2798 1938 qui
2825 1865 3034 1936 lingua
3063 1880 3176 1920 sua
3209 1863 3499 1918 Adamum

1844 1969 1874 2008 e
1915 1954 2196 2026 paradiso
2227 1954 2416 2024 ejecit,
2474 1955 2771 2026 mortique
2811 1959 2866 2008 et
2913 1952 3193 2024 perniciei
3223 1951 3495 2022 pararius

1844 2043 2112 2098 exstitit?
2146 2046 2298 2098 Deus
2352 2044 2514 2098 enim
2547 2052 2799 2098 mortem
2849 2058 2972 2098 non
3015 2040 3284 2096 condidit
3309 2055 3504 2110 neque

1845 2131 2164 2188 viventium
2210 2131 2471 2204 pernicie
2524 2131 2869 2188 delectatur.
2915 2130 3059 2196 Quis
3114 2135 3311 2185 autem
3349 2127 3500 2184 alius

1847 2225 2101 2276 mortem
2133 2237 2240 2293 per
2271 2221 2646 2276 mendacium
2695 2219 3022 2284 fabricavit,
3054 2218 3501 2290 perniciemque

1846 2310 2172 2365 visceribus
2203 2310 2405 2364 Adami
2448 2309 2664 2376 attulit,
2700 2309 2812 2364 nisi
2854 2309 2924 2374 is,
2971 2308 3075 2380 qui
3107 2313 3345 2379 sumpto
3386 2322 3504 2362 ser-

1845 2400 2037 2472 pentis
2068 2398 2295 2464 habitu,
2353 2415 2460 2470 per
2490 2399 2688 2470 ipsum
2749 2397 2917 2453 illum
2965 2395 3332 2452 mortiferum
3377 2394 3505 2450 bla-

1846 2488 2213 2559 sphemiaejn
2233 2491 2404 2543 Deum
2420 2488 3026 2559 conjectaa,venenum
3038 2485 3293 2558 primum
3313 2485 3498 2550 uxori,

1845 2578 2060 2634 deinde
2089 2593 2196 2650 per
2226 2593 2359 2632 eam
2391 2578 2623 2633 Adamo
2648 2577 2884 2632 miscuit
2914 2577 2942 2633 ?

1919 2670 2000 2722 Ex
2023 2666 2117 2721 his
2145 2667 2346 2739 itaque
2377 2667 2661 2722 omnibus
2691 2667 2943 2737 aliisque
2977 2663 3298 2732 similibus,
3321 2677 3505 2735 appa-

1844 2761 1931 2812 ret
1961 2756 2286 2812 Salvatoris
2320 2757 2505 2811 nostri
2549 2757 2736 2811 verba
2773 2755 2849 2811 de
2900 2754 3146 2810 diabolo
3186 2752 3373 2823 accipi
3404 2753 3505 2806 de-

1845 2846 2005 2910 bcre,
2039 2861 2297 2916 eumque
2322 2845 2476 2901 male
2517 2845 2861 2900 feriatorum
2891 2843 3234 2899 Judmorum
3270 2846 3500 2913 patrem

1845 2933 2154 3005 appellari.
2176 2934 2326 2987 Nam
2351 2939 2407 2988 et
2430 2932 2509 2987 illi
2531 2933 2715 2987 Deum
2738 2939 2966 3004 patrem
2987 2947 3162 2986 suum
3186 2928 3502 2986 ambitiose

1846 3021 2164 3091 vocabant,
2195 3022 2464 3092 interque
2495 3021 2648 3078 filios
2679 3021 2807 3090 ejus
2834 3019 3136 3074 numerari
3158 3017 3498 3088 cupiebant.

1847 3111 2112 3182 Cumque
2153 3113 2426 3166 Servator
2456 3114 2655 3165 noster
2680 3124 3018 3164 sermonem
3048 3109 3209 3164 hunc
3238 3122 3415 3161 suum
3441 3106 3502 3159 in

1846 3200 1968 3255 duo
2001 3198 2266 3254 membra
2287 3198 2630 3268 distinguat,
2659 3198 2910 3253 alterum
2926 3197 3093 3253 alteri
3115 3195 3331 3251 deinde
3361 3210 3503 3250 con-

1846 3290 2043 3354 nectit,
2061 3303 2219 3342 nunc
2241 3286 2485 3359 quidem
2517 3286 2828 3342 diabolum
2857 3286 3073 3358 priore,
3093 3284 3336 3340 Judreos
3362 3299 3501 3338 vero

1847 3376 2166 3448 posteriore
2222 3376 2354 3430 loco
2411 3375 2757 3440 collocans;
2803 3389 2959 3429 nunc
3014 3378 3214 3429 autem
3261 3372 3502 3426 Judaaos

1849 3481 2220 3538 praeponens,
2250 3464 2558 3520 diabolum
2591 3479 2726 3519 vero
2756 3463 3148 3534 subjungens.
3187 3464 3504 3532 Propterea

1848 3571 1986 3610 cum
2013 3554 2082 3608 de
2111 3554 2353 3610 diabolo
2383 3558 2560 3609 antea
2597 3553 2974 3608 disseruisset
2999 3557 3054 3606 et
3092 3567 3161 3607 ex
3195 3551 3501 3606 actionum

1847 3643 2254 3700 convenientia
2276 3649 2331 3698 et
2356 3642 2642 3698 affinitate
2676 3645 2910 3698 Judaeos
2943 3642 3173 3696 Patrem
3203 3639 3371 3694 illum
3403 3638 3504 3693 ha-

1849 3733 1987 3789 bere
2017 3733 2396 3796 ostendisset,
2430 3748 2570 3786 mox
2598 3731 2674 3786 ad
2704 3731 2946 3787 Iudaeos
2973 3730 3139 3801 ipsos
3171 3728 3500 3794 revertitur,

1849 3839 1884 3878 a
1915 3823 2130 3895 quibus
2147 3821 2344 3876 omnis
2363 3820 2462 3876 illa
2478 3828 2618 3876 nata
2640 3826 2760 3875 erat
2783 3820 3123 3891 disputatio.
3149 3818 3239 3873 Ait
3267 3817 3501 3888 itaque:

1849 3911 2102 3976 Quando
2117 3910 2358 3964 Judaaus
2378 3910 2758 3964 mendacium
2772 3908 3012 3979 profert,
3033 3907 3184 3961 sicut
3201 3922 3323 3969 vos,
3341 3919 3502 3958 nunc

1846 3999 2088 4070 quidem
2107 3998 2430 4063 dicentes,«
2448 4000 2677 4052 Patrem
2691 3997 2988 4052 habemus
3005 3999 3248 4058 Deum,»
3263 3997 3336 4058 et,
3359 4012 3386 4041 «
3403 4007 3505 4062 pa-

1847 4093 1995 4142 trem
2018 4086 2314 4141 habemus
2356 4085 2762 4141 Abrahamum
2797 4087 2839 4149 ⁵,
2870 4105 2898 4135 ››
2933 4084 3006 4138 de
3035 4081 3289 4154 propriis
3315 4080 3504 4152 loqui-

1848 4181 1961 4242 tur,
1994 4176 2108 4230 hoc
2135 4182 2240 4241 est,
2265 4190 2332 4230 ex
2348 4179 2551 4230 ventre
2584 4190 2712 4241 suo,
2744 4188 2865 4229 non
2889 4176 3092 4228 autem
3115 4188 3184 4226 ex
3213 4168 3508 4224 sententia

1847 4266 2098 4337 Spiritus
2152 4265 2436 4336 loquitur.
2495 4265 2667 4329 Quod
2727 4279 2864 4319 vero
2933 4263 3115 4317 homo
3153 4256 3499 4331 hujusmodi

1846 4354 2108 4410 mendax
2137 4355 2229 4418 sit,
2264 4357 2390 4408 tum
2432 4370 2500 4408 ex
2544 4352 2654 4408 illis
2686 4357 2954 4423 apparet,
3001 4350 3076 4406 de
3115 4348 3336 4421 quibus
3378 4347 3501 4416 glo-

1846 4443 2048 4509 riatur,
2085 4449 2198 4498 tum
2226 4459 2296 4498 ex
2327 4443 2448 4496 istis
2487 4441 2642 4498 clare
2685 4441 3050 4510 intelligitur,
3084 4454 3186 4510 per
3236 4453 3393 4509 quae,
3429 4435 3502 4490 si-

1848 4533 2088 4588 milibus
2127 4532 2304 4587 rebus
2334 4531 2704 4603 perpetratis,
2731 4534 2958 4586 Patrem
2987 4529 3095 4583 sibi
3125 4529 3250 4599 ipse
3270 4524 3498 4580 ascivit.

1847 4623 2161 4693 Propterea
2191 4619 2272 4676 ait
2301 4619 2818 4692 :quandocunque
2842 4618 3083 4674 Iudaeus
3109 4614 3494 4670 mendacium

1845 4711 2122 4784 loquitur,
2152 4714 2210 4766 et
2239 4711 2366 4782 ipse
2413 4709 2674 4764 mendax
2702 4715 2808 4775 est,
2843 4714 2899 4764 et
2953 4712 3120 4780 pater
3155 4706 3302 4777 ejus.
3332 4704 3504 4760 Illum

1848 4802 2007 4856 enim
2029 4803 2317 4868 Servator,
2352 4799 2514 4870 quod
2528 4798 2746 4869 saepius
2764 4796 3140 4853 admonitum
3160 4799 3263 4860 est,
3293 4792 3505 4849 diabo-

1852 4907 1994 4961 lum,
2029 4906 2149 4945 non
2179 4895 2378 4945 autem
2405 4887 2588 4944 alium
2618 4903 2746 4944 esse
2775 4893 2830 4942 et
2860 4892 3110 4943 testatus
3156 4888 3264 4952 est,
3298 4887 3356 4939 et
3388 4883 3504 4939 hoc

1849 4980 2088 5035 nomine
2112 4977 2453 5050 appellavit.

1706 5387 1925 5444 NOTAE.

199 5605 316 5680 (24)
337 5605 422 5662 Ita
448 5603 615 5666 Colb,
651 5618 762 5677 pro
801 5600 1284 5668 ἕπαπωλιαζόντων,

1937 5599 2051 5670 (25)
2079 5605 2167 5650 νῦν
2199 5594 2258 5652 δὲ
2287 5603 2407 5663 τοῦς
2445 5593 2762 5665 Ἰουδαίους,
2796 5599 2969 5661 Colb,
