4076 6202
537 315 677 371 1043

647 441 963 509 QUrES'I‘lO
997 440 1217 497 CCXLll
1262 439 1467 513 [CoisL
1514 442 1691 497 Taur.
1737 440 2083 509 LXXXVIII].

542 530 697 597 Quid
724 536 805 587 est
833 530 1234 593 Novilunium,
1273 530 1417 598 quid
1461 530 1770 592 Kalendae,
1797 530 1944 601 quid
1983 530 2116 583 Idus
2146 533 2195 583 et

1157 602 1305 673 quid
1341 603 1527 657 Nona?
1548 602 1576 657 ?

1799 313 2035 372 PHOTII
2074 312 2558 370 PATRIARCH/E
2598 312 2703 370 ΟΡ.

3803 313 3929 367 1044

2843 445 3158 493 ΕΡΩΤΗΣΙΣ
3199 437 3363 492 ΣΜΒ’.

2305 534 2367 582 Τί
2432 528 2543 581 ἐστι
2604 535 2895 602 Νουμηνία,
2960 535 3048 581 καὶ
3104 532 3155 579 τί
3187 526 3475 596 Καλάνδαι,
3526 534 3620 581 καὶ
3657 533 3713 579 τί
3767 524 3929 586 Εἰδοὶ,

2898 605 2987 653 καὶ
3016 606 3067 652 τί
3098 605 3285 653 Νόνναι
3316 617 3329 666 ;

1554 700 1705 749 Nunc
1736 700 1968 762 primum
2000 699 2140 748 edita
2168 711 2332 761 opera
2357 699 2414 746 D.
2451 700 2897 763 Hcrgcnroether.

611 782 720 847 Qui
750 784 1158 837 Romanorum
1190 780 1909 853 imperiodominabantur
1934 780 2200 852 quemvis

540 887 815 927 mensem
847 871 905 925 in
940 875 1056 926 tres
1096 870 1447 925 dividebant
1476 873 1696 940 partes,
1730 874 1786 925 et
1814 868 2195 925 novilunium

542 959 787 1032 quidem
835 960 956 1014 sive
1033 958 1189 1014 luna;
1235 959 1470 1014 initium
1523 958 1821 1014 vocabant
1879 957 2193 1022 Kalendas,

541 1048 758 1104 deinde
785 1063 1009 1103 nonam
1039 1048 1259 1102 mensis
1286 1048 1444 1103 diem
1469 1051 1684 1113 Nonas,
1709 1050 2196 1118 etpraetereater-

542 1138 682 1193 tiam
709 1141 935 1209 partem
956 1137 1256 1192 vocabant
1279 1136 1440 1201 Idus,
1459 1138 1563 1208 qui
1584 1135 1831 1209 quidem
1855 1135 2067 1192 Graecis
2086 1136 2193 1189 im-

544 1226 671 1282 buti
710 1231 877 1282 erant
927 1226 1154 1291 litteris,
1184 1243 1216 1279 a
1262 1226 1414 1281 lunae
1464 1225 1650 1298 plenae
1697 1225 1890 1297 specie
1942 1223 2194 1295 (species

542 1315 703 1371 enim
733 1315 960 1371 Graecis
993 1320 1084 1370 est
1116 1312 1296 1385 εἶδος),
1337 1315 1589 1371 Romani
1620 1330 1760 1370 vero
1793 1314 2130 1369 sacerdotes
2161 1330 2196 1367 a

544 1404 853 1469 sacriﬁcio,
888 1404 1049 1475 quod
1092 1404 1203 1458 illis
1255 1404 1468 1459 diebus
1524 1403 1888 1475 peragebant
1933 1406 2194 1474 quotque

545 1493 758 1549 ldulim
790 1493 1206 1559 nominabant,
1234 1510 1365 1565 quae
1390 1509 1503 1548 vox
1524 1492 1821 1562 signiﬁcat
1839 1490 2195 1547 sacriﬁcium

545 1599 617 1638 ex
648 1582 796 1637 albis
822 1583 1056 1637 ovibus.
1083 1584 1339 1638 Possunt
1362 1599 1499 1637 vero
1532 1588 1587 1637 et
1615 1582 1745 1637 alia;
1778 1581 1977 1636 multae
2010 1580 2083 1634 de
2106 1580 2194 1634 his

546 1672 794 1727 vocibus
820 1672 879 1725 in
913 1672 1179 1726 medium
1233 1672 1480 1742 proferri
1532 1671 1856 1727 artiﬁciosae
1901 1676 1950 1725 et
2006 1670 2195 1724 doctae

547 1760 1013 1830 observationes,
1037 1776 1173 1832 qum
1201 1760 1411 1831 majori
1439 1760 1560 1815 otio
1590 1766 1766 1831 atque
1798 1759 2089 1815 industria
2116 1759 2198 1813 in-

546 1848 836 1918 digerent.

987 1938 1312 2003 QUIESTIO
1357 1938 1601 1996 CCXLllI
1634 1938 1770 2009 (26).

884 2028 972 2084 De
995 2029 1203 2084 divina
1231 2034 1453 2083 natura
1492 2034 1545 2084 et
1585 2043 1854 2096 persona.

2381 781 2445 831 Οἱ
2472 780 2733 852 Ῥωμαίων
2759 781 2872 850 (27)
2908 788 3004 850 γῆς
3051 780 3478 851 καθηγησάμενοι
3526 780 3763 831 ἕκαστον
3800 787 3933 849 μῆνα

2308 869 2379 931 εἰς
2430 878 2561 944 τρεῖς
2615 866 2836 942 μερίδας
2881 868 3132 942 ἐμέριζον,
3208 874 3295 920 καὶ
3335 874 3427 926 τὴν
3484 871 3577 940 μὲν
3629 874 3929 939 νουμηνία-ι

2307 960 2422 1017 ἦτοι
2472 964 2557 1017 τὴν
2602 958 2923 1033 ἀρχιμηνίαν
2979 957 3188 1010 ἐκάλουν
3241 953 3519 1017 καλάνδας·
3574 959 3721 1029 μετὰ
3768 966 3935 1007 ταῦτα

2306 1044 2363 1101 δὲ
2392 1053 2483 1105 τὴν
2515 1048 2719 1106 ἐννάτην
2771 1055 2860 1100 τοῦ
2918 1051 3079 1119 μηνός
3132 1047 3342 1099 ἐκάλουν
3393 1050 3593 1111 νόννας,
3649 1051 3753 1097 καὶ
3814 1050 3934 1118 πρὶς

2306 1140 2507 1198 τούτοις
2567 1140 2643 1188 ἔτι
2702 1141 2794 1195 τὴν
2848 1141 3030 1209 τρίτην
3088 1142 3271 1209 μοῖραν
3336 1135 3553 1187 ἐκάλουν
3614 1133 3831 1200 εἰδοὺς,
3896 1155 3935 1186 οι

2302 1231 2391 1299 μὲν
2450 1227 2793 1288 ἑλληνίζοντες
2858 1225 2957 1279 ἀπὸ
3025 1234 3116 1278 τοῦ
3183 1226 3515 1295 πλησιφαοῦς
3582 1222 3775 1286 εἴδους
3851 1234 3936 1285 τῆς

2308 1317 2537 1382 σελήνης,
2575 1319 2623 1369 οἱ
2681 1314 2740 1369 δὲ
2788 1326 2886 1368 τῶν
2964 1316 3227 1388 Ῥωμαίων
3301 1318 3445 1387 ἱερεῖς
3522 1313 3626 1366 ἀπό
3708 1323 3816 1376 τῆς
3896 1316 3937 1365 έῖ

2304 1406 2474 1467 αὑτοῖς
2529 1408 2841 1479 ἱερουργίας,
2897 1406 2959 1463 ἦν
3012 1401 3237 1456 εἷδουλιν
3298 1403 3508 1456 ἐκάλουν
3570 1408 3674 1461 τὴν
3724 1402 3783 1454 ἐκ
3828 1404 3938 1453 λεν-

3536 1498 3631 1544 καὶ
3691 1492 3832 1549 οὖλη
3888 1490 3919 1545 s‘
3924 1512 3941 1544 ε

3769 1578 3941 1633 δεῖται

2304 1504 2404 1545 κῶν
2450 1494 2719 1567 προϐάτων
2771 1497 2957 1546 θυσίαν
3012 1498 3373 1565 σημαίνουσαν
3427 1510 3439 1522 ’

2304 1584 2463 1641 πολλή
2528 1587 2638 1636 ἐστι
2706 1589 2820 1656 περὶ
2886 1584 3047 1635 αὑτοῦ
3144 1582 3470 1653 τεχνολογία,
3560 1584 3690 1641 ἣτις

2305 1678 2621 1748 μακροτέρας
2654 1672 2850 1746 σχολῆς
2880 1678 2968 1726 καὶ
2995 1671 3276 1745 ἐπιμελείας
3307 1671 3446 1744 (28).

2860 1946 3173 1994 ΕΡΩΤΗΣΙΣ
3212 1939 3371 1994 ΣΜΓ.

2594 2034 2719 2103 Περὶ
2750 2031 2888 2090 Θείας
2919 2033 3120 2101 φύσεως
3150 2034 3238 2081 καὶ
3268 2030 3630 2091 ὑποστάσεως.

549 2125 703 2174 Nunc
735 2127 968 2188 primum
1001 2125 1139 2175 edita
1177 2140 1207 2175 a
1230 2127 1289 2175 D.
1320 2126 1760 2189 Hergenroether.
1785 2154 1846 2162 —
1873 2127 2183 2192 Dogmatica
2205 2133 2392 2192 contra
2421 2128 2826 2192 Monophysitas
2852 2142 2915 2176 ex
2938 2128 3120 2191 Cyrilli
3147 2127 3489 2177 Alexandrini
3512 2127 3703 2176 verbis
3736 2127 3943 2191 dogma

1817 2190 2205 2239 catholicorum
2237 2190 2634 2254 impugnante—8.

619 2279 746 2334 Una
775 2282 987 2333 natura
1012 2277 1183 2334 Verbi
1206 2278 1517 2334 incarnata
1543 2294 1726 2334 unam
1745 2279 1983 2351 quidem
2012 2278 2200 2334 solam

547 2366 901 2422 sententiam
933 2384 1143 2437 puram
1182 2366 1418 2439 praefert
1448 2368 1570 2422 sive
1616 2368 1673 2422 in
1709 2385 1891 2422 unum
1927 2367 2205 2424 convenit

548 2472 686 2510 cum
721 2456 790 2510 iis
812 2456 914 2527 qui
934 2456 1084 2509 duas
1107 2462 1353 2511 naturas
1375 2456 1849 2529 inseparabiliter
1869 2457 2200 2512 secundum

550 2559 869 2614 personam
888 2544 1085 2598 unitas
1110 2550 1393 2599 statuunt.
1415 2545 1597 2616 quue
1616 2546 2020 2617 patetexinde,
2037 2545 2201 2617 quod

551 2631 801 2702 Cyrillus
832 2637 1079 2704 utraque
1106 2632 1389 2704 loquendi
1419 2634 1611 2688 forma
1642 2635 1841 2702 utitur,
1870 2650 2062 2706 neque
2092 2635 2202 2689 for-

548 2720 775 2776 mulam
812 2737 931 2776 una
986 2727 1197 2775 natura
1228 2722 1401 2777 Verbi
1429 2722 1719 2778 incarnati
1763 2724 2052 2793 rejiciens,
2101 2740 2200 2779 ne-

548 2827 666 2883 que
684 2826 910 2881 negans
924 2810 1076 2865 duas
1104 2815 1349 2867 naturas
1379 2811 1850 2884 inseparabiliter
1870 2813 2199 2869 secundum

550 2915 868 2973 personam
897 2900 1112 2956 unitas.
1148 2904 1274 2956 Non
1309 2901 1501 2956 solum
1528 2918 1668 2957 vero
1710 2903 1981 2973 Cyrillus,
2013 2903 2117 2957 sed
2147 2908 2204 2959 et

548 2990 894 3062 quicunque
944 2995 1077 3061 post
1130 2990 1299 3045 illum
1332 3007 1367 3046 a
1407 2997 1575 3063 parte
1629 2993 1921 3048 catholica
1982 2997 2203 3047 stantes

548 3079 708 3133 fuere
735 3078 940 3148 agniti.
964 3079 1115 3135 Nihil
1142 3096 1286 3135 vero
1308 3081 1538 3143 mirum.
1567 3083 1631 3147 si,
1659 3082 1938 3153 quamvis
1959 3080 2060 3136 illa
2087 3096 2202 3135 vox

550 3183 764 3239 puram
801 3168 1228 3225 catholicorum
1258 3172 1611 3226 sententiam
1658 3171 1894 3234 indicet.
1931 3186 2096 3226 mens
2121 3176 2202 3225 ta-

552 3272 687 3311 men
704 3256 982 3312 haeretica
997 3256 1157 3313 illam
1173 3258 1247 3313 ad
1266 3260 1573 3330 propriam
1600 3276 1949 3331 perversam
1972 3259 2197 3330 opinio-

550 3360 688 3399 nem
716 3348 1043 3418 detorquet.
1082 3349 1308 3403 Etenim
1349 3354 1405 3403 ct
1441 3349 1589 3405 alias
1641 3365 1840 3405 sacras
1872 3365 2045 3405 voces
2073 3365 2202 3420 per-

553 3440 774 3489 vertere
806 3436 1031 3491 audent
1060 3436 1120 3490 hi
1171 3438 1273 3507 qui
1310 3437 1540 3492 malunt
1583 3454 1763 3510 prave
1796 3455 1971 3508 agere
2015 3454 2200 3510 quam

550 3521 797 3577 discere.
826 3524 979 3579 Nihil
999 3541 1134 3580 vero
1157 3525 1321 3580 aliud
1348 3526 1459 3588 isti,
1486 3528 1999 3598 quemadmodum
2022 3534 2075 3582 et
2100 3526 2197 3593 illi,

550 3608 826 3676 efﬁciunt,
860 3613 975 3667 nisi
1006 3614 1167 3684 quod
1201 3630 1453 3684 pravam
1489 3632 1660 3669 suam
1694 3616 2048 3671 sententiam
2076 3617 2204 3673 red-

550 3699 701 3753 dunt
727 3700 1123 3756 manifestam.
1148 3703 1235 3757 Ad
1258 3703 1373 3758 hoc
1394 3720 1531 3759 vero
1548 3705 1841 3776 improbae
1856 3707 2199 3778 eorum,qui

548 3792 774 3843 rectam
807 3791 1160 3846 sententiam
1195 3791 1353 3847 haud
1386 3794 1848 3864 amplectuntur,
1903 3802 2203 3851 vertentur

549 3880 728 3942 artes,
756 3883 819 3933 ut
845 3879 934 3934 vel
979 3883 1161 3935 Deum
1206 3880 1463 3936 Verbum
1504 3882 1698 3953 specie
1758 3888 1928 3939 tenus
1961 3900 2201 3939 carnem

548 3971 811 4036 gestasse
837 3967 1257 4040 blasphemant
1290 3970 1744 4027 Manichaeorum
1774 3972 1849 4028 ad
1878 3975 2084 4039 instar,
2112 3974 2203 4029 vel

550 4055 807 4110 Verbum
841 4056 902 4111 in
929 4073 1170 4113 carnem
1196 4063 1490 4114 mutatum
1520 4059 1608 4113 vel
1640 4062 1903 4131 corporis
1926 4066 2200 4116 naturam

552 4160 589 4200 a
638 4145 860 4201 Deitate
926 4146 1225 4213 invisibili,
1288 4150 1722 4219 supernaturali
1754 4157 1808 4205 et
1854 4150 2205 4221 incorporea

551 4233 732 4289 fuisse
762 4235 1105 4306 absorptam
1143 4235 1463 4292 afﬁrment.
1522 4238 1573 4294 Si
1608 4239 1810 4293 beatus
1863 4236 2115 4308 Cyrillus
2151 4242 2205 4293 et

554 4322 650 4377 alii
679 4324 935 4379 sexcenti
964 4340 1033 4379 ex
1075 4325 1347 4381 Patribus
1381 4342 1537 4397 saepe
1569 4333 1847 4382 naturam
1880 4344 1988 4399 pro
2018 4327 2203 4399 hypo-

552 4413 689 4467 stasi
708 4412 1027 4482 accipiunt,
1055 4429 1249 4484 neque
1276 4414 1431 4469 istud
1452 4416 1541 4469 his
1572 4414 1937 4471 confusionis
1954 4418 2203 4471 auctori-

551 4502 667 4557 bus
697 4506 782 4556 est
804 4502 1189 4572 prohibitum,
1217 4504 1527 4576 quomodo
1546 4520 1663 4560 non
1680 4504 1848 4560 nobis
1861 4504 2201 4561 orthodoxis

552 4589 739 4645 risum
759 4591 1108 4656 movebunt,
1125 4592 1271 4646 dum
1292 4593 1487 4664 Cyrilli
1511 4609 1719 4649 vocem
1739 4594 2051 4665 objiciunt,
2068 4610 2204 4665 quas

2382 2279 2441 2333 Ἠ
2474 2286 2570 2351 μία
2621 2284 2778 2352 φὺσις
2828 2286 2920 2331 τοῦ
2964 2284 3138 2350 Λόγου
3193 2283 3560 2353 σεσαρκωμένη
3624 2280 3753 2352 (29)
3819 2287 3941 2350 μίαν

2315 2372 2402 2441 μὲν
2504 2374 2661 2441 μόνην
2740 2365 2972 2421 διάνοιαν
3047 2371 3279 2441 καθαρὰν
3355 2367 3740 2440 προϐάλλεται,
3825 2374 3941 2427 ira:

2314 2463 2587 2532 συντρέχει
2653 2467 2756 2519 τοῖς
2824 2455 2920 2511 δὺο
3011 2461 3191 2529 φύσεις
3269 2460 3531 2530 ἡνωμένας
3604 2458 3945 2529 ἁχωρίστως

2311 2548 2428 2600 καθ’
2464 2550 2754 2599 ὑπόστασιν
2821 2544 3228 2618 δογματίζουσι,
3285 2553 3383 2600 Καὶ
3433 2554 3588 2599 τοῦτο
3655 2544 3832 2604 δῆλον
3898 2548 3944 2609 ἐξ

2311 2639 2377 2689 ὧν
2428 2657 2481 2690 τε
2539 2637 2788 2709 Χὺριλλος
2855 2637 3071 2707 ἑκατέρα
3110 2642 3371 2709 κέχρηται
3426 2636 3587 2706 λόγου
3656 2639 3936 2709 συνθήκῃ,

2311 2732 2442 2799 μήτε
2502 2730 2582 2790 τό,
2611 2732 2706 2797 μία
2746 2729 2897 2798 φύσις
2926 2736 3017 2778 τοὺ
3052 2733 3221 2797 Λόγου
3275 2731 3675 2798 σεσαρκωμένη,
3738 2748 3943 2801 παραυ

2311 2820 2569 2887 τοὺμενος,
2604 2821 2692 2867 καὶ
2722 2820 2778 2867 τό
2809 2812 2905 2868 δύο
2953 2819 3129 2887 φύσεις
3160 2814 3469 2887 ἀχωρίστως
3531 2817 3653 2867 καθ’
3692 2817 3943 2868 ὑπόστα-

2313 2925 2393 2958 σιν
2431 2908 2693 2977 ἡνωμίνας
2724 2905 2817 2957 οὑκ
2858 2904 3182 2977 ἀρνούμενος.
3239 2904 3313 2956 Οὐ
3353 2910 3506 2976 μόνον
3562 2900 3625 2956 δε
3651 2906 3940 2978 Rupilio;

2313 2993 2437 3046 ἀλλὰ
2498 2999 2587 3045 καὶ
2643 2996 2760 3045 ὅσοι
2825 2994 2930 3064 μετ’
2996 2994 3181 3045 ἐκεῖνον
3248 3002 3343 3053 τῆς
3396 2991 3644 3055 εὐσεϐοῦς
3719 2992 3941 3066 μερίδος

2313 3082 2666 3155 ἐγνώσθησαν.
2728 3079 2893 3135 Οὐδὲν
2948 3078 3006 3134 δὲ
3058 3086 3378 3155 θαυμαστόν,
3437 3083 3479 3135 εἰ
3544 3085 3797 3155 καθαρὰν
3847 3082 3941 3141 διε-

2310 3172 2506 3233 λοὺσης
2570 3176 2657 3229 τὴν
2722 3169 2981 3225 εὐσέϐειαν
3035 3180 3127 3234 τῆς
3167 3179 3335 3243 φωνῆς
3400 3172 3794 3243 όαὶρεσιώτης
3824 3181 3942 3232 νοῦς

2311 3265 2439 3333 πρός
2490 3266 2582 3319 τὴν
2647 3260 2843 3312 οἰκείαν
2899 3264 3094 3317 ταύτην
3170 3260 3553 3332 αἰχμαλωτίζει
3624 3266 3937 3317 κακόνοιαν.

2315 3356 2412 3404 Καὶ
2451 3352 2551 3425 γὰρ
2602 3355 2689 3401 καὶ
2736 3350 2891 3411 ἄλλας
2939 3352 3075 3422 ἱερὰς
3125 3352 3289 3421 φωνὰς
3344 3346 3685 3421 διαστρέφειν
3732 3355 3790 3403 τέ
3840 3352 3936 3403 εἱσι

2313 3443 2517 3511 θρασεῖς
2547 3440 2676 3490 οἱτό
2734 3447 3037 3511 κακουργεῖν
3080 3442 3177 3510 πρὸ
3245 3446 3335 3490 τοῦ
3375 3440 3656 3509 μανθάνειν
3700 3442 3936 3511 ἔμπροσ-

2314 3531 2391 3581 θεν
2424 3530 2631 3599 οἶγοντες
2661 3545 2672 3557 ·
2702 3533 2789 3579 καὶ
2820 3524 2968 3579 οὐδὲν
3026 3527 3175 3579 πλέον
3218 3523 3332 3578 οὐδ’
3383 3526 3529 3578 οὗτοι
3577 3529 3765 3603 ὥσπερ
3820 3526 3933 3580 οὐδ’

2312 3616 2491 3669 ἐκεῖνοι
2542 3616 2670 3674 πλῆν
2720 3623 2809 3667 του
2870 3612 3052 3667 δοῦναι
3107 3623 3194 3675 τῆς
3274 3611 3665 3687 κακεργάτιδος
3720 3625 3935 3688 γνώμης

2311 3706 2522 3776 ἔλεγχον
2550 3706 2841 3767 ἐξανύουσι,
2898 3710 3356 3775 Περιτραπησεται
3390 3700 3447 3755 δὲ
3490 3706 3697 3764 πάντως
3756 3706 3935 3766 αὐτοῖς

2311 3798 2341 3853 ἡ
2392 3798 2710 3865 κακοτεχνία
2765 3799 2836 3866 μὴ
2886 3799 2978 3851 τὴν
3011 3794 3168 3868 ὀρθὴν
3230 3793 3623 3865 ἀσπαζομένοις
3668 3791 3933 3855 διάνοιαν,

2316 3882 2419 3941 ἢέν
2474 3888 2731 3955 φαντασίᾳ
2785 3888 2871 3941 τὴν
2936 3885 3107 3953 σάρκα
3157 3887 3370 3956 φορέσαι
3424 3886 3511 3934 τόν
3580 3888 3717 3935 Θεὸν
3766 3890 3938 3954 Λόγον

2315 3968 2634 4044 δυσφημεῖν,
2698 3974 2869 4044 ὥσπερ
2931 3974 2979 4024 οὶ
3042 3971 3141 4023 ἀπὸ
3199 3976 3475 4034 Μανέντος,
3546 3972 3574 4029 ἡ
3649 3975 3936 4045 τετράφθαι

2313 4064 2397 4113 τόν
2430 4066 2598 4133 Λόγον
2652 4061 2720 4121 εἰς
2772 4063 2962 4135 σάρκα,
3021 4062 3049 4119 η
3104 4064 3233 4134 πρὸς
3280 4068 3369 4120 τῆς
3428 4060 3723 4132 ἁναφανοὺς
3766 4067 3939 4114 τεκαὶ

2314 4152 2603 4223 ὑπερφυοῦς
2631 4155 2718 4202 καὶ
2773 4149 3054 4222 ἀσωμάτου
3112 4152 3353 4210 θεότητος
3407 4153 3500 4207 τὴν
3552 4157 3647 4200 τοῦ
3686 4157 3939 4221 σώματος

2313 4242 2670 4298 καταποθῆναι
2701 4243 2875 4311 φύσιν.
2912 4240 2971 4290 Εἰ
3000 4245 3090 4297 τὴν
3122 4242 3275 4310 φύσιν
3307 4240 3331 4289 ὁ
3362 4240 3623 4310 μακάριος
3682 4239 3943 4312 Κύριλλος

2314 4333 2397 4379 καὶ
2426 4333 2604 4401 μυρίοι
2639 4328 2781 4379 ἄλλοι
2816 4336 2915 4379 τῶν
2949 4332 3186 4402 Πατέρων
3221 4326 3333 4378 ἀντὶ
3361 4328 3714 4387 ὑποστάσεως
3742 4328 3940 4379 πολλάο

2314 4437 2395 4477 κις
2423 4416 2920 4490 παραλαμϐάνουσιν
2951 4418 3059 4486 (30)
3092 4413 3387 4468 οὐδὲτοῦτο
3430 4422 3539 4476 τοῖς
3572 4424 3941 4487 συγχυτικοις

2316 4506 2669 4579 ἀπηγόρευται
2719 4514 2825 4566 πῶς
2887 4508 3010 4577 ἡμῖν
3078 4505 3136 4556 οὑ
3203 4511 3485 4562 κινησουσι
3560 4504 3772 4575 γέλωτα
3833 4514 3939 4565 τοῖς

2315 4591 2615 4667 όρθοδόξοις
2673 4600 2765 4653 τὴν
2815 4603 2905 4647 τοῦ
2958 4593 3210 4667 Κυρίλλου
3260 4598 3428 4665 φωνὴν
3486 4592 3815 4656 ἐπισείοντες
3848 4600 3939 4651 τήν

551 4694 731 4735 unum
745 4683 1024 4736 naturam
1051 4681 1225 4735 Verbi
1248 4662 1621 4737 incarnatam
1638 4683 1901 4738 afﬁrmat
1914 4682 1941 4737 ?
1959 4683 2015 4738 Si
2042 4684 2200 4739 enim

2318 4684 2563 4755 λέγουσαν
2623 4689 2745 4757 μίαν
2792 4686 2945 4755 φύσιν
2997 4690 3086 4735 τοῦ
3147 4688 3320 4753 Λόγου
3382 4687 3797 4754 σεσαρκωμένην
3835 4702 3849 4747 ;
3888 4684 3941 4735 Ei

550 4768 750 4825 videre
820 4770 952 4825 licet
1023 4770 1211 4843 Cyrilli
1301 4772 1786 4827 consuetudinem
1865 4789 2017 4843 saepe
2095 4789 2201 4843 pro

546 4857 855 4930 hypostasi
882 4866 1157 4914 naturam
1189 4864 1543 4923 sumentem,
1578 4860 1776 4931 potius
1798 4861 1971 4916 nobis
1993 4877 2201 4918 conso-

548 4951 651 5001 nat
670 4962 740 5003 ac
770 4946 1150 5017 suffragatus,
1182 4964 1367 5019 quam
1399 4948 1706 5019 apostatis.
1738 4952 2016 5005 Nostrum
2043 4952 2200 5006 enim

553 5038 645 5089 est
682 5039 738 5091 et
762 5036 1020 5105 cogitare
1049 5042 1103 5091 et
1142 5036 1332 5093 dicere
1382 5039 1573 5093 Unam
1609 5036 1778 5093 Verbi
1824 5038 2200 5096 incarnatam

2311 4776 2412 4845 γὰρ
2459 4776 2593 4824 ἔστιν
2656 4770 2784 4825 ἰδεῖν
2841 4776 2934 4830 τὴν
3011 4772 3262 4845 Κυρίλλου
3333 4772 3613 4828 συνήθειαν
3694 4777 3791 4823 καὶ
3848 4778 3938 4829 τὴν

2314 4866 2467 4935 φύσιν
2521 4862 2762 4922 πολλάκις
2807 4860 2919 4913 ἀντὶ
2986 4870 3081 4922 τῆς
3143 4862 3485 4921 ὑποστάσεως
3577 4860 3938 4932 παραλαμϐά-

2311 4971 2519 5017 νουσαν,
2577 4953 2700 5023 ἡμῖν
2748 4950 2935 5021 μᾶλλον
2993 4952 3387 5022 σνμφθέγγεται
3436 4950 3463 5006 ἡ
3520 4956 3628 5007 τοῖς
3700 4948 3937 5001 ἀποστά-

2314 5061 2428 5103 ταις
2526 5058 2539 5072 ⁶
2603 5042 2846 5113 ἡμέτερον
2906 5041 3007 5112 γάρ
3067 5038 3181 5090 ἐστι
3229 5043 3318 5090 καὶ
3369 5044 3567 5112 φρονεῖν
3617 5043 3715 5090 καὶ
3771 5038 3936 5110 λέγειν

2121 5148 2355 5204 ΝΟΤιΕ.

622 5267 732 5335 (’26)
758 5266 891 5321 Haec
921 5267 1181 5337 quaestio
1214 5282 1323 5323 nec
1355 5267 1415 5323 in
1447 5267 1809 5325 Coisliniano
1834 5283 1943 5325 nec
1966 5269 2026 5325 in
2056 5269 2203 5328 Tau-

551 5337 771 5409 rinensi
807 5337 1009 5409 codice
1042 5340 1349 5409 reperitur.

622 5408 735 5479 (27)
762 5408 915 5481 Fort.
946 5407 1208 5481 Ῥωμαῖοι.

621 5484 730 5549 (28)
754 5479 1019 5546 Photius,
1043 5479 1157 5551 qui
1185 5496 1274 5536 res
1310 5481 1650 5538 Latinorum
1682 5498 1896 5551 parum
1927 5488 2203 5540 accurate

621 5498 730 5549 tu)
754 5498 1019 5546 rnouus,
1055 5498 1157 5551 qui
1185 5498 1274 5536 res
1311 5498 1650 5538 Latinorum
1726 5498 1896 5539 arum
1927 5498 2200 5540 accurate

551 5551 736 5627 novit,
770 5552 864 5608 hic
893 5552 1017 5627 ipse
1048 5554 1243 5627 innuit
1265 5569 1327 5627 se
1360 5555 1597 5609 nonnisi
1641 5498 1831 5611 ogiter
1858 5570 1927 5611 ac
1951 5555 2200 5627 perfun-

554 5624 736 5697 ctorie
765 5622 1009 5696 quaesito
1064 5623 1438 5697 satisfecisse-
1495 5627 1781 5697 Caeterum
1831 5622 2036 5697 quoad
2080 5643 2207 5683 rem

557 5694 759 5753 confer
783 5694 856 5753 ea
868 5710 1000 5768 quia
1022 5695 1284 5770 disputat
1311 5694 1627 5753 Balsamon
1652 5696 1713 5753 in
1735 5694 2025 5755 canonem
2050 5698 2209 5755 Trul-

2312 5271 2520 5327 lanum
2545 5270 2614 5324 62
2638 5268 2953 5340 (Beveregii
2990 5268 3267 5340 Pandect.
3289 5281 3506 5340 canon.
3528 5270 3583 5340 At.
3617 5266 3755 5340 1A,,p.
3780 5270 3929 5333 230.)

2384 5342 2498 5413 (29)
2532 5338 2653 5397 Hac
2675 5338 2960 5413 loquendi
2985 5339 3179 5394 forma
3206 5338 3773 5413 utebaturrCyrill‘us
3800 5341 3924 5395 Lib.

2314 5410 2767 5483 ad'Reginaset'
2785 5410 2925 5467 alibi
2957 5428 2969 5478 ;
3000 5427 3131 5483 eam
3161 5411 3462 5483 arripuere
3494 5412 3930 5483 Monophysitze

2315 5484 2392 5539 ad
2426 5501 2603 5538 suum
2638 5482 2922 5555 placitum
2953 5482 3389 5555 stabiliendum'

2387 5556 2500 5626 (30)
2535 5552 2672 5609 Vide
2706 5555 3009 5609 Petavium
3042 5553 3432 5626 derTrinitate
3463 5552 3525 5626 l...
3561 5552 3649 5617 lV,
3690 5568 3743 5607 c.
3768 5557 3829 5617 ‘2,
3862 5569 3922 5608 n.

2318 5624 2406 5680 1οζ
2440 5628 2533 5697 ti;
2576 5628 2660 5684 De
2684 5627 2991 5682 Incarnat.
3029 5627 3083 5681 L.
3120 5625 3185 5682 II.
3214 5641 3271 5682 c.
3310 5627 3362 5689 3,
3394 5639 3455 5679 n.
3498 5624 3559 5680 3.
