4026 6196
183 327 331 383 1045

1113 329 1207 384 AD
1233 324 1786 386 AMPHILOCHIUM
1826 327 2153 398 QUESTIO
2193 331 2697 392 CXLII-CCXLIV.

3430 335 3568 392 1046

184 453 484 506 ὑπόστασιν
540 456 662 524 μίαν
728 459 821 505 τοῦ
901 455 1073 524 Λόγου
1157 457 1574 528 σεσαρκωμένην.
1639 453 1796 530 Ὀρᾴς

1909 457 2274 528 hypostasin.
2294 459 2492 527 Vides,
2521 477 2640 534 quo
2661 465 2838 535 pacto
2859 465 2996 517 sunt
3021 460 3188 533 impii
3229 464 3284 516 et
3313 459 3566 518 detesta-

185 544 330 604 ὅπως
404 542 508 595 εἰσὶ
585 540 874 603 θεοϐλαϐεῖς
941 548 1027 595 καὶ
1094 541 1414 603 ἀπόκλητοιο
1466 541 1631 596 ἐκεῖνα
1693 547 1794 618 γὰρ

187 637 282 686 καὶ
335 631 544 694 ἄκοντες
598 635 931 705 χαρίζονται,
981 631 1016 684 ἂ
1055 637 1126 704 μὴ
1177 633 1388 705 λέγουσι
1438 632 1800 706 συλαγωγοῡν-

188 740 290 787 τες,
341 719 588 772 κάκείνων
636 726 926 794 κατήγοροι
982 727 1233 793 γίνονται,
1285 725 1410 796 ὑπὲρ
1456 723 1522 774 ὧν
1579 728 1651 795 μὴ
1710 722 1797 786 ἐξ-

186 812 498 884 ομόσασθαι
525 815 744 884 μυρίους
774 810 1003 864 ὑπελθεῖν
1053 812 1481 885 σχηματίζονται
1523 814 1792 875 θανάτους.

187 904 297 959 Τὴν
343 901 498 972 φύσιν
540 902 642 973 γὰρ
693 901 743 952 οἱ
787 899 1057 973 Ἀκέφαλοι
1107 905 1267 972 ἤγουν
1323 904 1371 953 οἱ
1418 900 1519 953 ἀπὸ
1570 901 1793 974 Σεϐἠρου

191 989 264 1051 εἰς
309 986 408 1041 δύο
439 992 686 1061 τέμνουσι
715 991 914 1061 φύσεις,
946 994 1035 1042 καὶ
1077 995 1165 1049 τὴν
1213 993 1302 1063 μὲν
1339 990 1561 1044 καλοῦσι
1593 987 1790 1056 ἰδικὴν,

189 1081 286 1135 τὴν
337 1073 396 1130 δε
451 1077 693 1144 καθόλου,
753 1083 924 1131 καίτοι
979 1075 1144 1151 μηδὲν
1198 1080 1366 1140 αὐτοῖς
1417 1088 1507 1140 τῆς
1563 1078 1793 1144 ἐπινοίας

188 1169 392 1228 ταύτης
441 1170 572 1241 πρὸς
623 1171 717 1226 τὴν
771 1165 1010 1220 ἀσέϐειαν
1068 1168 1452 1229 συντελούσηςο
1509 1165 1632 1222 οὑδὲ
1689 1171 1790 1242 γὰρ

188 1259 284 1314 τὴν
344 1257 534 1308 ἄτοπον
595 1255 763 1308 αὑτῶν
823 1253 979 1319 δόξαν
1023 1265 1175 1310 τοῦτο
1230 1261 1289 1310 τὸ
1346 1257 1687 1330 κενολόγημα,
1733 1259 1792 1308 τὸ

189 1349 316 1416 μίαν
394 1347 548 1416 φύσιν
619 1344 704 1397 ἐπὶ
770 1353 1006 1420 Χριστοῦ
1073 1349 1458 1421 τερατεύεσθαι,
1521 1352 1795 1419 συγκροτεί

188 1437 282 1486 καὶ
375 1437 510 1486 κατά
600 1442 701 1487 τῶν
791 1431 1082 1508 ὀρθοδόξων
1157 1433 1307 1489 οὐδὲν
1389 1439 1789 1509 παρατάττεται.

186 1524 503 1595 Ἐρωτητέον
560 1520 618 1577 δὲ
674 1524 884 1593 αὐτοὺς,
946 1530 1177 1600 πότερον,
1232 1528 1388 1584 ἡνίκα
1446 1526 1658 1597 λέγουσι
1707 1529 1792 1578 τόν

185 1617 446 1688 Χριστόν,
515 1612 568 1666 ἐκ
637 1609 733 1666 δύο
809 1615 1026 1687 φύσεων,
1082 1613 1136 1667 ἐκ
1188 1619 1410 1690 ποτέρων
1470 1612 1567 1668 δύο
1616 1622 1792 1668 τοῦτον

185 1699 323 1754 εἶναί
401 1721 550 1775 φασι,
604 1711 724 1768 τῶν,
779 1705 847 1765 ὡς
917 1703 1098 1757 ἐκεῖνοι
1160 1704 1391 1776 λέγουσι,
1459 1713 1680 1778 μερικῶν
1757 1705 1786 1764 ἦ

180 1800 290 1844 τῶν
336 1800 540 1845 κοινῶν.
583 1792 642 1846 Εἰ
669 1795 758 1866 μὲν
794 1795 893 1866 γὰρ
941 1801 1040 1845 τῶν
1087 1802 1327 1868 μερικῶν,
1361 1803 1466 1855 πῶς
1507 1799 1789 1866 Νεστόριον
1823 1820 1862 1874 Β

179 1884 280 1934 οὑκ
357 1880 664 1957 ἐρυθριῶσιν
739 1881 988 1957 ὑϐρίζειν,
1045 1883 1106 1935 οὗ
1180 1887 1236 1935 τὸ
1313 1880 1486 1957 δόγμα
1549 1885 1788 1960 περιϐάλ-

176 1987 387 2036 πουσι;
441 1973 499 2022 τὸ
567 1972 669 2044 γὰρ
739 1971 792 2022 ἐκ
845 1969 943 2025 δύο
1020 1972 1358 2025 ὑποστάσεων
1432 1975 1786 2045 συντιθέμενον

181 2064 459 2132 σοφίζεται
514 2062 603 2132 μὲν
649 2063 741 2119 τὴν
795 2060 865 2123 εἰς
913 2060 961 2114 ἓν
1005 2066 1283 2136 πρόσωπον
1331 2063 1588 2127 σύνθεσιν,
1636 2059 1786 2115 οὐδὲν

176 2145 243 2202 δί
291 2151 443 2208 ἧττον
492 2151 585 2211 τὰς
635 2144 732 2201 δύο
780 2150 1098 2213 ὑποστάσεις
1149 2147 1533 2213 ἱδιοσυστάτως
1592 2151 1786 2223 εἰσάγει

174 2243 270 2290 καὶ
328 2235 639 2310 δογματίζει
693 2242 782 2290 καὶ
830 2242 998 2290 κοινόν
1050 2239 1394 2315 προϐάλλεται
1442 2242 1683 2313 μάθημα.
1715 2243 1784 2293 T6

172 2329 269 2400 μὶν
326 2330 428 2403 γὰρ
480 2325 535 2379 ἐκ
592 2323 690 2380 δύο
745 2336 930 2380 κοινῶν
1003 2331 1200 2400 φύσεων
1257 2331 1570 2400 συγκεῖσθαι
1618 2330 1782 2401 λέγειν

171 2421 262 2470 τόν
327 2419 558 2490 Χριστόν
608 2419 957 2488 καταισχύνει
1005 2421 1091 2470 τὸν
1137 2422 1421 2491 Νεστόριον
1482 2416 1628 2490 (ούδέ
1682 2422 1781 2492 γὰρ

173 2502 299 2559 οὐδ’
332 2505 387 2568 ἐξ
435 2504 667 2578 ἀνάγκης
716 2506 785 2568 εἰς
835 2503 1243 2570 ἰδιοσυστάτους
1285 2509 1602 2570 ὑποστάσεις
1646 2504 1783 2560 διαι-

172 2603 356 2670 ρεῖται
399 2599 456 2648 τὸ
511 2596 908 2668 συγκείμενον)’
974 2598 1032 2648 τὸ
1091 2593 1150 2649 δὲ
1201 2597 1257 2648 ἐκ
1314 2593 1410 2649 δύο
1471 2597 1652 2669 λέγειν,
1715 2601 1784 2660 ὡς

169 2685 396 2745 ἐκείνοις
470 2682 667 2756 ἀνάγκη
735 2683 918 2756 λέγειν,
1000 2686 1356 2753 ὑποστάσεων,

171 2774 394 2848 μᾶλλον,
451 2771 578 2825 ἀλλὰ
637 2780 729 2826 τοῦ
781 2779 1070 2847 Νεστορίου
1117 2777 1362 2847 κηρύττει
1412 2778 1467 2828 τὸ
1521 2781 1777 2851 φρόνημα·

169 2863 272 2917 κᾶν
320 2882 374 2916 τε
421 2864 521 2936 γὰρ
562 2860 616 2914 ἐκ
665 2859 762 2915 δύο
811 2883 888 2923 τις
918 2865 1273 2916 ’ὑποστάσεων
1304 2869 1429 2937 φαίη
1471 2868 1783 2937 συγκεῖσθαι

1438 2686 1532 2738 οὑκ
1614 2687 1781 2738 αὐτῶν

171 2956 265 3006 τὸν
297 2955 552 3026 Χριστὸν,
585 2953 680 3003 κᾶν
711 2971 764 3004 τε
808 2951 857 3004 ἐν
904 2949 1052 3019 δυσὶ,
1085 2953 1179 3004 κᾶν
1228 2972 1282 3006 τε
1317 2951 1412 3006 δύο
1443 2956 1779 3021 ὑποστάσεις,

170 3046 203 3102 ἡ
263 3046 555 3117 Νεστορίου
616 3043 880 3113 θεομαχία
950 3045 1258 3115 κρατύνεται
1320 3045 1492 3118 ὥσπερ
1563 3044 1646 3097 ἐάν
1705 3066 1783 3108 τις

171 3137 305 3205 φαίη
354 3136 445 3191 τὴν
477 3133 770 3184 ὑπόστασιν
814 3138 906 3183 τοῦ
948 3135 1119 3204 Λόγου
1166 3130 1212 3183 ἐν
1256 3131 1411 3205 ἑαυτῇ
1459 3138 1552 3192 τὴν
1587 3134 1783 3209 ἀνθρω-

172 3225 336 3279 πίνην
388 3222 790 3278 ὑποστήσασθαι
842 3223 1017 3293 φύσιν,
1068 3223 1163 3273 κᾶν
1220 3241 1273 3273 τε
1325 3220 1380 3273 ἐκ
1435 3219 1532 3275 δύο
1584 3227 1782 3296 φύσεων

175 3307 349 3373 εἶπον,
404 3310 496 3361 κᾶν
554 3328 607 3362 τε
677 3308 724 3361 ἒν
785 3306 934 3377 δυσὶ,
991 3312 1086 3362 κᾶν
1153 3330 1204 3362 τε
1271 3307 1388 3378 δύο,
1449 3313 1638 3384 ὁμοίως
1689 3319 1783 3370 τὴν

171 3399 297 3451 καθ’
354 3400 647 3451 ὑπόστασιν
720 3399 899 3451 ἕνωσιν
960 3398 1260 3472 ἀνομολογεί
1310 3404 1399 3453 καὶ
1451 3405 1510 3453 τό
1582 3401 1786 3466 εὐσεϐὲς

174 3487 527 3562 ἀνακηρύττει
585 3492 840 3561 φρόνημα·
906 3491 1174 3560 σύγκειται
1228 3491 1330 3562 γὰρ
1380 3491 1404 3542 6
1457 3495 1684 3566 Χριστός
1732 3496 1785 3545 ἔκ

172 3596 232 3630 τε
289 3584 384 3628 τοῦ
439 3583 572 3629 Θεοῦ
636 3581 812 3648 Λόγου
871 3582 960 3628 καὶ
1014 3587 1106 3639 τῆς
1173 3576 1497 3650 ἀνθρωπίνης
1567 3583 1782 3654 φύσεωςο

173 3670 263 3719 καὶ
317 3667 422 3740 γὰρ
494 3667 520 3716 ὁ
597 3670 784 3737 Λόγος,
844 3667 964 3741 ὅπερ
1024 3664 1164 3719 ἐστὶν
1240 3667 1554 3737 ὑπόστασις,
1615 3676 1787 3743 γέγονε

177 3754 339 3830 σὰρξ,
371 3763 463 3815 τῆς
495 3757 682 3828 σαρκὸς
730 3755 788 3807 ού
828 3759 1104 3828 πρόσωπον
1146 3757 1482 3829 εἰσαγούσης,
1525 3758 1652 3812 ἀλλὰ
1693 3765 1786 3820 τὴν

175 3843 510 3918 ἀνθρωπίνην
551 3846 704 3918 φύσιν
737 3842 1180 3916 ἀπαγγελλούσης.

733 3940 1046 3988 ΕΡΩΤΗΣΙΣ
1088 3935 1254 3988 ΣΜΔ’.

171 4027 310 4077 Τίνα
335 4029 489 4100 Δνούν
560 4023 899 4100 ἀναπτύσσειὲ
960 4027 1015 4100 τό
1048 4032 1168 4100 Hroﬁ
1199 4096 1206 4100 Δ
1235 4024 1552 4079 Ἀποστόλου
1609 4027 1786 4100 ῥητὸν,

253 4114 280 4145 ε
335 4093 608 4147 Ἐκάθισεν
669 4096 810 4168 ἡμᾶς
880 4093 930 4147 ἐν
983 4092 1133 4168 δεξιᾲ
1188 4096 1320 4168 (30⁸)
1375 4105 1466 4149 τοῦ
1515 4092 1647 4150 Θεοῦ
1700 4103 1788 4150 καὶ

250 4171 457 4240 Πατρός
480 4184 494 4233 ;
525 4185 553 4217 δ)

1906 545 2054 601 biles
2096 564 2109 613 ;
2135 563 2206 604 ea
2226 549 2386 605 enim
2403 553 2460 605 et
2487 550 2651 607 inviti
2679 550 3035 619 concedunt,
3060 565 3193 622 quae
3230 565 3345 606 non
3361 549 3567 606 dicunt

1905 635 2287 706 praedatores,
2322 643 2378 694 et
2407 638 2644 694 illorum
2673 644 3065 695 accusatores
3122 641 3404 705 evadunt,
3457 653 3562 710 pro

1904 723 2127 795 quibus
2153 741 2275 780 non
2303 727 2607 797 ejurandis
2663 735 2944 784 sexcenta
3002 743 3066 783 se
3109 727 3313 782 mortis
3345 742 3564 797 genera

1905 812 2208 870 subituros
2229 815 2597 885 confingunt.
2625 821 2908 873 Naturam
2943 819 3104 873 enim
3135 815 3416 887 Acephali
3447 817 3564 870 sive

1906 903 2207 959 Severiani
2230 905 2288 960 in
2311 905 2454 960 duas
2475 912 2678 963 secant
2706 913 2970 974 naturas,
3006 912 3061 962 et
3091 923 3275 962 unam
3319 905 3561 978 quidem

1902 998 2121 1049 vocant
2158 994 2540 1065 singularem,
2595 997 2841 1053 alteram
2889 997 3311 1062 uuiversalem,
3370 1010 3562 1068 quan~

1902 1097 2086 1154 quam
2122 1082 2266 1138 nihil
2308 1084 2571 1142 conferat
2600 1086 2678 1142 ad
2708 1086 3076 1158 impietatem
3111 1087 3222 1141 ista
3277 1086 3560 1141 inventio.

1904 1173 2101 1243 Neque
2123 1174 2280 1228 enim
2305 1174 2626 1230 absurdam
2654 1191 2862 1231 eorum
2889 1175 3222 1231 doctrinam
3251 1176 3379 1230 haec
3407 1189 3564 1230 vana

1903 1259 2136 1318 locutio,
2182 1277 2304 1334 qua
2345 1278 2468 1320 una
2514 1264 2574 1319 in
2633 1265 2856 1321 Christo
2906 1269 3120 1320 natura
3178 1263 3556 1333 conﬁngitur,

1902 1349 2160 1406 stabilire
2187 1356 2380 1422 potest
2411 1358 2466 1408 et
2493 1359 2702 1409 contra
2750 1353 3113 1409 orthodoxos
3158 1353 3373 1408 frustra
3419 1367 3562 1424 pro-

1901 1437 2103 1494 fertur.
2199 1441 2594 1506 Quaerendum
2668 1458 2809 1497 vero
2871 1458 2943 1497 ex
3005 1442 3091 1498 eis
3154 1448 3259 1509 est,
3321 1444 3561 1512 quando

1900 1527 2191 1584 Christum
2221 1529 2427 1585 dicunt
2453 1546 2523 1585 ex
2573 1531 2809 1586 duabus
2855 1532 3104 1598 naturis,
3137 1547 3207 1585 ex
3248 1531 3392 1585 utris
3422 1546 3560 1584 eum

1900 1634 2028 1673 esse
2053 1617 2324 1688 doceant,
2344 1635 2415 1675 ex
2437 1620 2975 1692 particularibusne
3017 1636 3094 1675 an
3124 1636 3191 1676 ex
3245 1620 3564 1676 communi-

1900 1707 2031 1764 bus.
2065 1711 2210 1764 Nam
2237 1709 2284 1764 si
2314 1724 2386 1764 ex
2425 1709 2898 1780 particularibus,
2926 1711 3235 1782 quomodo
3287 1726 3407 1766 non
3437 1725 3563 1765 eru-

1899 1797 2151 1853 bescunt
2187 1797 2518 1854 Nestorium
2550 1799 2781 1870 injuriis
2810 1798 3066 1864 afﬁcere,
3116 1799 3287 1870 cujus
3354 1799 3561 1854 doctri-

1898 1902 2039 1942 nam
2069 1886 2272 1943 fovent
2295 1892 2474 1960 atque
2507 1888 2999 1960 prosequuntur?
3049 1888 3212 1953 Quod
3278 1887 3438 1942 enim
3492 1903 3560 1943 ex

1897 1976 2134 2033 duabus
2174 1976 2601 2047 hypostasibus
2630 1976 2917 2048 componi
2965 1977 3268 2043 asseritur,
3323 1976 3562 2032 simulat

1895 2065 2138 2138 quidem
2160 2066 2734 2137 compositionemin
2781 2082 2963 2121 unam
2996 2082 3343 2138 personam,
3374 2066 3559 2121 nihilo

1895 2170 2032 2210 vero
2072 2155 2264 2210 secius
2304 2154 2456 2210 duas
2498 2155 2851 2226 hypostases
2911 2169 3016 2225 per
3079 2171 3141 2209 se
3191 2154 3560 2226 peculiariter

1895 2243 2521 2299 subsistentesinducit
2546 2249 2601 2300 et
2631 2243 2983 2315 praedicatet
3005 2259 3390 2298 communem
3416 2259 3558 2315 pra»

1893 2333 2002 2388 fert
2028 2333 2361 2388 doctrinam
2393 2333 2584 2388 dicere
2613 2331 2857 2404 quidem
2892 2332 3192 2388 Christum
3228 2332 3555 2388 exduabus

1893 2421 2319 2477 communibus
2343 2422 2568 2477 naturis
2599 2420 3004 2492 compositum
3044 2422 3378 2476 Nestorium
3411 2437 3558 2477 con-

1893 2510 2086 2568 fundit
2141 2527 2352 2584 (neque
2413 2511 2574 2566 enim
2627 2511 2966 2567 necessario
3021 2511 3078 2566 in
3140 2511 3292 2566 duas
3347 2526 3454 2583 per
3498 2530 3558 2566 se

1893 2600 2276 2657 subsistentes
2289 2615 2584 2672 personas
2602 2599 2881 2656 dividitur
2900 2615 3031 2656 com
3041 2601 3338 2672 positum),
3362 2599 3558 2657 dicere

1893 2695 2092 2746 autem
2120 2707 2191 2745 ex
2217 2690 2451 2746 duabus
2466 2689 2891 2760 hypostasibus,
2917 2690 3064 2746 sicut
3093 2689 3208 2745 illis
3240 2690 3434 2746 dicere
3461 2707 3559 2746 ne-

1893 2795 2058 2834 cesse
2083 2786 2189 2844 est,
2219 2795 2332 2834 non
2375 2795 2581 2835 eorum
2614 2779 2830 2852 potius,
2867 2779 2968 2834 sed
2991 2779 3235 2835 Nestorii
3264 2779 3557 2851 imprimis

1894 2869 2241 2924 sententiam
2267 2868 2712 2940 prmdicat;sive
2731 2868 2882 2922 enim
2917 2882 2991 2923 ex
3009 2867 3248 2922 duabus
3278 2869 3558 2937 hyposta—

1893 2957 2050 3012 sibus
2102 2957 2399 3012 Christum
2452 2956 2587 3027 quis
2657 2956 2817 3011 dicat
2862 2956 3286 3027 compositum,
3344 2957 3464 3010 sive
3497 2957 3556 3011 in

1893 3047 2151 3113 duabus,
2190 3047 2309 3101 sive
2339 3047 2488 3102 duas
2518 3047 2866 3117 hypostases,
2901 3046 3142 3101 Nestorii
3175 3045 3471 3101 stabilitur
3497 3046 3557 3100 in

1852 3157 1860 3195 '.
1893 3137 2076 3191 Deum
2109 3151 2354 3207 pugna;
2389 3134 2910 3206 quemadmodum
2943 3134 2990 3189 si
3014 3134 3148 3206 quis
3180 3133 3340 3191 dicat
3384 3134 3555 3190 Verbi

1895 3225 2243 3297 hypostasin
2282 3224 2340 3279 in
2388 3240 2449 3279 se
2492 3224 2822 3279 humanam
2881 3228 3242 3278 sustentasse
3271 3227 3553 3279 naturam

1897 3315 2020 3370 sive
2051 3330 2115 3369 ex
2148 3313 2388 3369 duabus
2421 3313 2658 3369 naturis
2701 3312 2822 3367 sive
2848 3313 2910 3367 in
2962 3311 3203 3368 duabus
3243 3313 3365 3367 sive
3405 3313 3558 3368 duas

1893 3410 2140 3460 naturas
2164 3403 2340 3468 dicat,
2362 3401 2630 3458 similiter
2662 3402 2944 3458 unionem
2964 3401 3394 3473 hypostaticam
3421 3417 3561 3457 con-

1897 3491 2086 3548 ﬁtetur
2101 3495 2158 3547 et
2174 3491 2599 3547 catholicorum
2615 3490 2838 3560 dogma
2855 3489 3238 3562 depraadicat.
3255 3489 3561 3563 Composi-

1898 3585 1990 3636 tus
2021 3581 2179 3636 enim
2205 3586 2291 3636 est
2349 3580 2611 3636 Christus
2669 3595 2740 3635 ex
2795 3582 2913 3634 Deo
2957 3578 3144 3635 Verbo
3195 3584 3250 3634 et
3289 3579 3561 3637 humana

1897 3673 2117 3728 natura
2151 3686 2163 3737 ;
2194 3685 2336 3725 nam
2361 3669 2633 3733 Verbum.
2669 3668 2834 3741 quod
2860 3673 2950 3724 est
2998 3668 3368 3740 hypostasis,
3420 3684 3559 3724 caro

1898 3759 2121 3816 factum
2153 3765 2240 3815 est
2267 3777 2282 3826 ;
2317 3760 2514 3815 carnis
2546 3764 2744 3814 autem
2773 3775 2916 3814 voce
2948 3773 3069 3814 non
3097 3773 3352 3830 persona
3376 3758 3556 3813 indu-

1900 3849 2062 3915 citur,
2098 3849 2200 3903 sed
2230 3849 2498 3904 humana
2529 3854 2738 3903 natura
2767 3848 3108 3904 denotatur.

2115 3935 2435 4004 QUESTIO
2466 3937 2713 3994 CCXLlV
2747 3937 2950 4008 [CoisL
2983 3938 3163 3992 Taur.
3186 3935 3339 4009 XCI].

1907 4026 2084 4094 Quem
2113 4041 2341 4082 sensum
2359 4025 2532 4082 habet
2548 4025 2708 4081 illud
2725 4026 2989 4094 Apostoli
3007 4026 3227 4080 dictum
3247 4040 3259 4079 :
3283 4046 3304 4074 ‹
3357 4025 3558 4080 Collo-

2074 4098 2231 4154 cavit
2257 4112 2359 4152 nos
2393 4097 2474 4152 ad
2497 4097 2764 4152 dextram
2803 4098 2904 4153 Dei
2933 4103 2988 4152 et
3014 4096 3220 4151 Patris
3253 4097 3293 4150 ⁸.
3319 4117 3346 4144 ››

402 4262 676 4314 Editarum
699 4278 731 4313 a
753 4263 949 4314 Wolfio
975 4265 1248 4316 tricesima
1278 4269 1429 4316 sexta
1453 4265 1599 4324 (Cur.
1630 4267 1816 4318 Philol.
1845 4273 1882 4319 t.
1911 4269 1972 4325 V,
2010 4281 2062 4330 ι).
2092 4267 2200 4323 679,
2233 4266 2341 4315 683.
2373 4263 2612 4321 Galland,
2639 4263 2768 4321 XIII,
2802 4278 2851 4327 p.
2877 4264 2986 4318 705,
3019 4264 3129 4318 706,
3170 4277 3221 4310 η.
3255 4264 3326 4320 8).

246 4361 371 4420 ὀτι
417 4361 530 4433 (31)
561 4367 828 4434 κρείττους
860 4361 1082 4434 ἀγγέλων
1125 4366 1438 4435 γεγενῆσθαι
1484 4362 1578 4417 διὰ
1616 4374 1709 4428 τῆς
1740 4365 1787 4418 ἐν

1969 4365 2412 4421 Praestantiores
2435 4363 2663 4432 angelis
2682 4377 2790 4416 nos
2819 4377 2919 4433 per
2937 4361 3264 4417 adventum
3297 4360 3469 4417 Verbi
3500 4362 3560 4417 in

175 4454 346 4520 σαρκὶ
401 4457 493 4502 τοῦ
550 4455 724 4523 Λόγου
790 4455 1084 4527 παρουσίας
1141 4455 1279 4524 ἡμᾶς
1335 4455 1365 4510 ἡ
1424 4456 1535 4506 θεία
1611 4461 1785 4530 Γραφὴ

173 4537 552 4615 διακέκραγεν,
601 4546 688 4593 καὶ
742 4539 790 4592 ἒν
864 4549 926 4614 τῇ
980 4540 1264 4594 ἀναστάσει
1325 4543 1635 4615 ἰσαγγέλονς
1685 4548 1789 4597 ἔσεο

175 4631 333 4684 σθαι.
370 4648 397 4680 (ι
432 4629 698 4683 Ἐκάθισεν
740 4633 840 4703 γὰρ
888 4632 1022 4703 ἡμᾶς
1071 4630 1118 4682 ἐν
1174 4628 1323 4703 δεξιᾴ
1375 4640 1467 4685 τοῦ
1511 4641 1644 4686 Θεοῦ
1701 4639 1790 4686 καὶ

177 4722 404 4792 Πατρός,
438 4738 465 4769 »
497 4720 561 4780 ὡς
612 4720 638 4771 6
689 4721 816 4781 θεῖος
852 4720 1052 4781 Παῦλος
1103 4719 1225 4792 βοᾷ,
1276 4726 1365 4774 καὶ
1414 4721 1548 4786 ἑξῆς.
1586 4728 1686 4776 Καὶ
1730 4724 1788 4776 ού

175 4810 422 4882 μάχεται
470 4815 655 4862 ταῦτα.
707 4815 790 4881 Τῷ
829 4813 918 4881 μὲν
961 4811 1063 4882 γὰρ
1114 4807 1456 4886 συνεδριάσαι
1499 4819 1571 4882 τῷ
1626 4815 1788 4887 θρόνῳ

172 4904 252 4969 τῷ
304 4905 543 4971 πατρικῷ
595 4901 654 4951 τὸ
706 4896 759 4961 ἐξ
804 4900 950 4970 ἡμῶν
980 4897 1324 4973 πρόσλημμα,
1374 4909 1468 4963 τῆς
1514 4900 1790 4973 ἀγγελικῆς

175 4991 275 5040 καὶ
333 4981 494 5049 δόξης
573 4983 732 5047 δῆλον
781 4988 862 5041 ὅτι
929 4993 1020 5041 καὶ
1069 4996 1224 5061 τιμῆς
1280 4990 1783 5063 ὑπερανεστηκαμεν.

175 5081 268 5148 Τῷ
322 5071 383 5128 δέ
410 5079 597 5148 μηκέτι
643 5072 832 5150 μηδενὶ
877 5085 976 5129 τῶν
1020 5085 1110 5150 τῇς
1143 5080 1332 5153 σακρὸς
1373 5077 1422 5131 ἐν
1450 5086 1511 5152 τῇ
1564 5080 1789 5133 ἀναστά-

259 5207 282 5246 ⁸
326 5206 545 5281 Ephes.
583 5223 647 5275 ιι,
673 5210 728 5267 6.

1899 4470 2141 4512 carnem
2175 4453 2360 4510 factos
2389 4468 2537 4518 esse,
2571 4457 2628 4507 et
2658 4451 2717 4506 in
2747 4451 3178 4507 resurrectione
3224 4450 3453 4522 angelis
3485 4451 3560 4506 si-

1902 4544 2071 4601 miles
2101 4543 2352 4609 futuros,
2382 4541 2636 4598 divinior
2658 4541 2949 4612 scriptura
2991 4544 3255 4596 testatur.
3284 4560 3312 4592 (ι
3378 4539 3563 4597 Collo-

1901 4634 2056 4690 cavit
2094 4632 2250 4687 enim
2285 4648 2396 4687 nos
2426 4632 2502 4687 ad
2517 4631 2781 4686 dextram
2817 4629 2918 4684 Dei
2945 4627 3216 4694 etPatris,
3250 4633 3354 4684 »ul
3385 4628 3560 4684 divus

1903 4723 2117 4779 Paulus
2134 4722 2371 4786 clamat,
2407 4725 2517 4778 etc.
2543 4723 2737 4792 Neque
2769 4735 2906 4774 vero
2925 4721 3053 4775 haec
3075 4735 3276 4774 secum
3307 4718 3559 4774 invicem

1901 4817 2190 4884 pugnant.
2209 4809 2583 4867 Manifestum
2611 4809 2772 4865 enim
2787 4812 2874 4864 est
2900 4823 3010 4863 nos
3040 4807 3193 4862 ultra
3219 4806 3557 4876 angelicam

1901 4901 2150 4970 gloriam
2167 4903 2221 4956 et
2259 4899 2613 4970 dignitatem
2653 4913 2723 4954 eo
2752 4898 2883 4969 ipso
2915 4900 3153 4953 evectos
3214 4911 3364 4963 esse,
3393 4896 3559 4967 quod

1899 4989 2064 5056 illud,
2106 4989 2268 5061 quod
2293 5005 2365 5046 ex
2391 4988 2565 5044 nobis
2609 4991 2991 5059 assumptum
3057 4991 3164 5053 est,
3227 4985 3286 5042 in
3340 4986 3558 5041 throno

1899 5080 2086 5137 Patris
2119 5077 2850 5143 estcollocatum.Quando
2881 5076 3098 5136 veroin
3121 5075 3557 5134 resurrectione

1763 5311 1990 5368 NOTZE.

260 5460 398 5536 (39')
435 5457 675 5536 Frustra
702 5459 1162 5536 _quidem__hanc
1214 5461 1405 5536 φράσιν
1453 5460 1513 5516 in
1545 5461 1798 5532 epistola

182 5529 358 5606 Pauli
402 5529 768 5606 quaesiveris.
803 5532 1024 5588 Similis
1050 5529 1258 5606 tamen
1284 5531 1364 5587 illi
1397 5537 1503 5606 est,
1533 5529 1663 5606 qua
1687 5536 1801 5589 Do-

181 5600 391 5658 minus
421 5600 620 5660 noster
652 5602 835 5660 utitur
871 5603 1115 5677 Apocal.
1150 5604 1239 5659 Ill.
1273 5607 1360 5661 2t.
1396 5605 1422 5657 6
1452 5600 1602 5656 νικῶν
1634 5600 1792 5658 δώσω

1908 5462 2046 5533 αὑτῷ
2068 5462 2288 5514 καθίσαι
2339 5460 2448 5534 μετ’
2498 5462 2622 5534 ἐμοῦ
2675 5459 2724 5512 ἐν
2776 5468 2847 5532 τῷ
2901 5461 3062 5535 θρόνῳ
3102 5480 3222 5533 μου,
3273 5479 3322 5513 κ.
3389 5478 3435 5511 τ.
3501 5457 3550 5512 λ.

1911 5533 2079 5591 Conf.
2107 5535 2320 5604 Ephes.
2357 5534 2420 5601 Il,
2472 5537 2522 5589 6.

1971 5605 2082 5667 (31)
2105 5601 2226 5658 Ὅτι
2251 5605 2415 5662 deest
2445 5604 2505 5662 in
2534 5604 2696 5662 Colb.
2730 5607 2788 5662 et
2835 5619 3042 5662 revera
3071 5601 3352 5659 abundat.
