4026 6196
524 292 663 348 1047

1740 293 1973 348 ΡΗΟΤιΙ
2014 288 2177 345 PATP

2287 287 2487 346 HCHE
2526 293 2637 350 ΟΡ.
3725 296 3816 351 illiti

522 419 662 475 nihil
705 434 935 481 eorum,
976 436 1103 491 quae
1132 420 1209 475 ad
1261 436 1471 493 corpus
1499 425 1811 493 pertinent,
1832 419 1920 473 vel
1940 431 2177 472 amove—

2290 434 2367 467 σει
2438 422 2569 489 μήτε
2643 418 3007 483 καθέλκεσθαι,
3068 414 3207 490 μηδὲ
3273 420 3674 492 παρασύρεσθαι,
3731 419 3823 490 μηδ’

521 515 635 572 tur,
676 509 763 564 vel
794 509 1209 575 contemnitur,
1258 511 1421 565 nulla
1463 527 1600 565 vero
1643 510 1820 565 etiam
1851 525 1929 572 re,
1992 522 2177 577 quam

521 598 785 668 corporis
809 604 1020 654 natura
1050 600 1198 654 alias
1239 600 1520 671 postulat,
1555 598 1709 654 idem
1746 597 2003 667 amplius
2030 594 2176 650 indi-

522 693 618 758 get
658 706 669 753 ;
713 687 773 741 id
804 688 1047 758 quidem
1072 690 1243 742 nobis
1267 688 1695 743 commercium
1719 686 2075 743 conditionis
2095 700 2179 738 re-

526 792 655 831 rum
681 776 1167 848 incorporearum
1199 777 1276 833 ita
1300 778 1565 847 largitur,
1601 782 1663 833 ut
1681 784 1735 832 et
1765 776 1984 831 similes
2001 789 2177 841 ange-

520 866 608 931 lis,
649 872 703 921 et
736 866 1067 938 superiores
1108 868 1317 923 iisdem
1359 869 1544 922 simus
1576 868 1773 922 futuri.
1842 865 2179 937 Superiores

522 956 763 1028 quidem
796 956 950 1021 ideo,
993 957 1155 1028 quod
1189 962 1402 1012 natura
1450 963 1649 1011 nostra
1699 971 1802 1028 per
1864 971 2020 1017 eum,
2077 953 2178 1024 qui

521 1045 682 1100 illam
711 1045 1059 1116 assumpsit,
1084 1046 1253 1115 juxta
1276 1048 1501 1101 Patrem
1564 1045 1853 1100 collocata
1897 1048 1987 1099 est
2020 1059 2032 1106 ;
2102 1041 2178 1096 ad

523 1134 964 1189 similitudinem
1008 1151 1145 1189 vero
1179 1137 1465 1190 mentium
1515 1134 2007 1205 incorporearum
2060 1147 2179 1202 per-

523 1223 682 1277 ducti
718 1240 730 1290 ;
762 1228 1077 1294 postquam
1119 1224 1194 1278 ab
1254 1224 1565 1279 affectibus
1598 1230 1653 1279 et
1692 1220 2179 1294 corruptibilitate

522 1312 601 1368 im
615 1329 845 1378 munes,
858 1320 912 1367 et
930 1330 963 1368 a
976 1315 1269 1385 corporeis
1290 1313 1698 1369 affectionibus
1711 1310 2177 1384 ,petulantiaque

522 1407 579 1457 et
609 1402 1027 1467 inconstantia,
1054 1404 1153 1457 cui
1186 1404 1488 1460 materiale
1520 1407 1809 1475 quodque
1848 1400 2177 1455 obnoxium

498 1499 627 1557 .est,
661 1492 829 1548 liberi
859 1493 1183 1547 evasimus.

590 1581 690 1635 Hic
724 1596 859 1634 vero
900 1581 1077 1635 etiam
1134 1580 1581 1635 observandum
1651 1584 1756 1645 est,
1816 1578 2010 1635 verbis
2042 1579 2173 1643 illis,

527 1672 759 1724 «Erant
790 1674 847 1723 ut
882 1668 1073 1738 angeli
1113 1669 1211 1723 Dei
1241 1671 1281 1732 ⁷,
1328 1692 1355 1717 ››
1430 1685 1550 1723 non
1616 1668 1890 1724 eamdem
1948 1673 2177 1722 naturae

516 1757 886 1826 dignitatem,
943 1758 1045 1811 sed
1100 1757 1158 1811 id
1214 1757 1411 1827 potius
1494 1757 1763 1821 indicari,
1814 1757 1978 1828 quod
2034 1756 2176 1811 nihil

518 1862 745 1908 eorum,
788 1844 1010 1917 quibus
1038 1845 1097 1899 in
1124 1862 1301 1901 carne
1342 1846 1575 1901 fuerant
1600 1846 1868 1909 obnoxii,
1900 1846 2173 1918 imposteo

520 1950 657 1989 rum
683 1934 871 1989 simus
886 1935 1496 2006 experturi,angelicaa
1526 1951 1666 1990 vero
1688 1934 2027 1991 indolentia
2045 1951 2178 2008 par-

520 2024 725 2095 ticipes
744 2031 799 2078 et
817 2040 852 2078 a
875 2025 1251 2095 passionibus
1273 2026 1572 2097 corporeis
1589 2025 1888 2079 immunes
1912 2026 2093 2080 vitam
2117 2026 2173 2079 in

517 2115 943 2169 resurrectione
966 2115 1171 2183 acturi,
1223 2116 1502 2185 quamvis
1543 2114 1776 2170 interim
1833 2114 2061 2183 angelis
2106 2130 2176 2169 eo

520 2203 707 2258 simus
724 2204 1080 2274 superiores,
1101 2204 1263 2275 quod
1283 2208 1549 2258 nostram
1568 2203 1872 2275 lapsorum
1897 2208 2174 2257 naturam

524 2293 621 2347 Dei
656 2292 829 2347 Filius
861 2292 1187 2363 assumpsit
1216 2298 1272 2348 et
1294 2293 1562 2357 redemit,
1598 2292 1837 2347 illorum
1868 2308 2008 2347 vero
2054 2308 2175 2347 non

520 2381 678 2435 item.
708 2380 887 2447 Cujus
916 2381 1160 2451 quidem
1214 2381 1295 2436 rei
1343 2381 1635 2435 rationem
1670 2382 1727 2435 in
1794 2398 1864 2436 eo
1909 2397 2175 2452 quaerere

520 2474 769 2540 oportet,
798 2469 1055 2540 quodilli
1081 2469 1449 2540 quidemnos
1488 2470 2003 2538 seduxerunt,nos
2036 2485 2175 2524 vero

522 2558 751 2613 seducti
778 2558 1338 2629 sumus;quodque
1388 2558 1465 2611 illi
1506 2559 1701 2614 varias
1751 2558 2177 2629 praerogativae

521 2646 876 2709 habuerunt,
898 2662 1021 2717 quo
1038 2646 1234 2701 minus
1257 2648 1813 2718 peccarent,quippe
1838 2648 1940 2718 qui
1961 2648 2175 2703 affecti-

522 2735 636 2790 bus
664 2735 859 2789 minus
882 2741 1163 2807 paterent,
1193 2735 1270 2790 ad
1302 2738 1483 2791 Deum
1508 2752 1647 2790 vero
1674 2735 1921 2807 pr0pius
1937 2738 2175 2792 accede-

520 2829 667 2888 rent,
708 2830 763 2879 et
792 2840 1039 2896 corpore
1065 2824 1325 2896 denique
1366 2831 1651 2880 carerent.
1680 2825 1768 2879 Ab
1805 2825 1987 2880 altera
2009 2830 2175 2897 parte

521 2912 698 2968 nobis
721 2912 967 2983 quidam
985 2913 1425 2969 miserationem
1447 2914 1637 2983 magis
1653 2914 2175 2987 conciliavit,quod

521 3001 673 3057 vitiis
702 3002 893 3071 magis
917 3001 1290 3073 petebamus,
1316 3003 1671 3074 corporique
1701 3002 1944 3057 obnoxii
1975 3010 2029 3059 et
2056 3003 2176 3058 alli-

523 3091 642 3161 gati
673 3107 909 3146 eramus
939 3109 958 3155 ;
988 3097 1112 3146 tum
1145 3107 1279 3145 vero
1307 3090 1622 3162 imprimis,
1648 3092 1803 3163 quod
1830 3108 1901 3147 ex
1920 3092 2054 3161 illis,
2074 3092 2175 3165 qui

519 3178 671 3251 lapsi
693 3186 881 3246 erant,
916 3180 1057 3234 tales
1084 3196 1202 3235 non
1233 3179 1413 3249 geniti
1437 3186 1594 3245 sunt,
1628 3197 1736 3251 per
1763 3196 1915 3252 quos
1946 3184 2175 3236 Numen

520 3269 1010 3337 benignissimum
1032 3269 1103 3323 ad
1126 3270 1361 3324 veniam
1378 3268 1581 3340 lapsus
1601 3268 1940 3324 faciendam
1960 3269 2177 3324 adduci

522 3364 768 3429 poterat.
796 3358 922 3412 Imo
951 3374 1085 3412 vero
1114 3357 1213 3423 illi,
1248 3359 1349 3429 qui
1374 3358 1566 3426 legem
1601 3357 1993 3422 violaverant,
2019 3375 2178 3414 eam-

523 3446 661 3500 dem
690 3444 906 3499 violare
933 3462 1169 3516 semper
1220 3453 1445 3501 amant.
1500 3447 1680 3502 Porro
1743 3463 1935 3521 neque
1963 3448 2177 3502 similia

523 3549 714 3605 neque
731 3534 930 3588 afﬁnia
944 3540 1100 3599 sunt,
1122 3534 1469 3600 angelorum
1488 3540 1761 3591 naturam
1782 3543 1837 3591 et
1862 3537 2174 3591 hominum

521 3620 684 3677 illam
731 3638 1057 3677 assumere.
1115 3622 1265 3687 Quid
1314 3624 1463 3677 enim
1521 3624 1635 3679 hoc
1693 3625 2011 3696 profuisset
2062 3624 2175 3679 illis

524 3711 771 3779 angelis,
803 3712 903 3783 qui
947 3727 1063 3765 non
1096 3720 1263 3767 erant
1289 3712 1437 3783 lapsi
1472 3712 1580 3768 ‘lSi
1606 3730 1745 3769 vero
1777 3715 1833 3769 in
1867 3714 2175 3785 lapsorum

522 3800 771 3872 gratiam
811 3800 867 3854 id
900 3799 1125 3857 factum
1147 3807 1318 3867 esset,
1356 3817 1575 3867 nonne,
1609 3803 1723 3859 hoc
1749 3802 1921 3868 facto,
1956 3802 2174 3874 illi,qui

520 3888 673 3961 lapsi
702 3904 819 3944 non
848 3895 1018 3944 erant
1043 3888 1368 3956 deterioris,
1407 3892 1785 3963 quamlapsi,
1821 3892 2178 3947 conditionis

522 3977 773 4033 fuissent
808 3980 835 4035 ‘I
858 3979 1136 4034 Praeterea
1170 3980 1419 4035 Verbum
1466 3982 1839 4036 incarnatum
1864 3986 1919 4037 et
1948 3981 2175 4036 virtutis

524 4072 580 4123 et
601 4068 830 4138 pietatis
858 4074 1154 4140 prmeepta
1181 4085 1289 4125 nos
1320 4069 1535 4131 docuit.
1569 4086 1673 4140 per
1694 4088 1848 4141 quia,
1880 4071 2175 4143 siquidem

524 4158 623 4214 illa
656 4159 1021 4229 pergratiam
1050 4160 1176 4228 ejus
1203 4160 1613 4223 observemus,
1634 4175 1840 4214 eorum
1874 4160 2180 4215 reddimur

522 4246 856 4319 participes,
881 4264 1009 4318 quae
1035 4252 1320 4319 perpetua
1347 4248 1515 4317 regni
1547 4248 1833 4303 ccelorum
1867 4250 2178 4304 htereditas

519 4352 759 4408 sperare
785 4336 1122 4405 jubet..lam
1147 4353 1281 4391 vero
1296 4336 1649 4405 angelorum
1666 4343 1879 4393 natura
1906 4345 1962 4392 et
2001 4338 2176 4392 virtu-

523 4426 591 4480 tis
623 4430 675 4480 et
704 4425 934 4497 pietatis
988 4426 1194 4480 notitia
1227 4432 1351 4481 erat
1419 4426 1719 4481 instructa.
1795 4426 2029 4481 Virtutis
2053 4429 2180 4498 qui-

521 4515 681 4578 dem,
722 4531 827 4569 ceu
869 4530 1020 4569 exeo
1064 4521 1235 4585 patet,
1265 4515 1425 4587 quod
1450 4516 1745 4579 homines,
1777 4516 1853 4571 ab
1906 4515 2004 4571 illa
2040 4533 2181 4572 avo-

523 4611 705 4670 catos,
750 4604 809 4658 in
848 4605 1144 4659 contraria
1169 4604 1372 4660 omnia
1409 4605 1806 4676 pellexerunt:
1838 4621 1943 4660 nec
1982 4606 2178 4661 minus

524 4694 775 4764 pictatis.
803 4696 1168 4763 Argumento
1194 4702 1281 4747 est
1302 4693 1415 4759 ille,
1450 4695 1551 4765 qui
1576 4693 1874 4749 clamabat
1900 4712 1913 4759 ;
1952 4714 1979 4746 ι(
2008 4694 2181 4750 Novi-

524 4786 599 4848 te,
631 4784 765 4855 quis
799 4783 877 4838 sis
922 4798 933 4836 :
970 4790 1211 4837 sanctus
1238 4783 1333 4839 Dei
1363 4785 1381 4818 τ
1414 4801 1426 4850 ;
1462 4805 1488 4833 ››
1529 4789 1605 4851 et,
1643 4807 1663 4833 ι
1704 4784 1922 4839 Venisti
1955 4790 2012 4839 ut
2045 4790 2180 4840 ante

522 4876 754 4943 tempus
782 4888 889 4927 nos
907 4870 1255 4941 afﬂigeres'.
1276 4894 1299 4923 ν
1328 4872 1678 4942 Cujusmodi
1710 4871 2021 4944 complura
2040 4872 2180 4928 alibi

522 4966 772 5016 exstant.
790 4964 989 5034 Itaque
1014 4963 1298 5017 Dominus
1313 4963 1529 5018 frustra
1541 4962 1890 5031 angelorum
1906 4968 2181 5018 naturam

592 5076 611 5109 "
646 5076 835 5131 Matth.
869 5093 1007 5142 xxu,
1038 5079 1123 5134 30.
1163 5080 1183 5112 ⁷
1210 5078 1342 5133 Luc.
1378 5094 1452 5141 tv,
1486 5078 1573 5133 34.
1607 5079 1639 5132 8
1675 5078 1871 5133 Matth.
1942 5094 2020 5143 1x,
2088 5077 2175 5133 29.

2289 506 2416 569 ὅλως
2438 508 2484 559 ἐν
2504 513 2665 581 χρείᾳ
2695 511 3052 561 καθίστασθαι
3082 517 3198 573 τῶν,
3236 510 3333 560 ὅσα
3365 513 3555 579 σακρός
3588 512 3721 579 φύσις
3745 512 3825 579 ι39.)

2289 593 2573 660 ἐδούλευεν,
2652 606 2745 660 τῆς
2838 607 2936 649 τῶν
3031 596 3321 668 ἀσωμάτων
3406 597 3591 659 λήξεως
3666 604 3832 671 χαρίζε-

2288 705 2375 737 ται
2419 692 2512 744 τὴν
2563 692 2883 759 συγγένειαν,
2926 690 3062 740 ὥστε
3116 688 3323 749 εἰκότως
3375 688 3489 758 (33)
3537 692 3621 739 καὶ
3672 689 3834 760 issine-

2288 775 2384 839 λοι,
2448 781 2533 829 καὶ
2598 782 2861 850 κρείττους
2932 782 3130 830 εκείνων
3199 776 3437 847 ἐσόμεθα.
3505 785 3585 845 Τῷ
3636 781 3714 848 μὲν
3766 784 3831 834 τήν

2290 867 2442 935 φύσιν
2519 867 2660 937 ἡμῶν
2739 865 2785 917 ἐν
2860 874 2932 936 τῷ
3000 864 3345 939 προσλαϐόντι
3408 862 3729 937 συνεδριάοαι
3780 875 3831 933 τῷ

2294 959 2478 1028 Πατρὶ,
2532 961 2819 1028 κρείττους.
2880 962 2952 1027 Τῇ
3015 952 3073 1007 δὲ
3147 957 3464 1007 καθέκαστον
3539 956 3673 1026 ἡμῶν
3734 954 3831 1007 ἀω-

2292 1045 2402 1116 Θείᾳ
2447 1050 2535 1096 καὶ
2584 1043 2852 1118 ἀφθαρσίᾳ
2897 1049 2986 1095 καὶ
3051 1053 3358 1115 σωματικῶν
3402 1046 3600 1095 πάντων
3647 1064 3722 1095 και
3764 1065 3834 1095 πα-

2292 1136 2391 1186 θῶν
2460 1140 2547 1187 καὶ
2630 1138 3016 1208 σκιρτημάτων,
3075 1138 3163 1186 καὶ
3228 1137 3526 1205 ταχύτητος
3581 1133 3838 1206 ἀπηλάχθαι

2292 1226 2573 1298 προσύλου,
2603 1230 2695 1282 την
2727 1228 2855 1297 πρὸς
2885 1228 3005 1288 τοὺς
3036 1223 3345 1296 ἀσωμάτους
3372 1229 3497 1288 νόας
3524 1224 3724 1281 ἰσότητα
3748 1224 3838 1275 ἀνε-

2291 1312 2591 1387 δεδεγμένοι
2623 1315 2735 1386 (34)
2748 1356 2759 1369 .

2362 1569 2725 1621 Ἐπισκεπτέον
2772 1564 2830 1619 δὲ
2868 1570 2947 1629 τὸ,
2982 1585 3011 1619 α
3046 1565 3289 1619 Ἔσονται
3332 1569 3402 1626 ὡς
3433 1565 3634 1637 ἄγγελοι
3665 1572 3793 1629 Θεοῦ,
3822 1586 3841 1617 ν

2290 1659 2348 1711 οὐ
2377 1663 2469 1717 τὴν
2504 1658 2765 1725 ἰσοτιμίαν
2805 1659 3048 1730 κηρύττει
3084 1665 3177 1717 τῆς
3216 1658 3438 1726 φύσεως,
3480 1655 3605 1707 ἀλλὰ
3640 1658 3691 1707 τὸ
3717 1650 3846 1725 μηδεν

2219 1771 2259 1822 Β
2288 1750 2538 1818 πάσχειν,
2574 1748 2639 1797 ὧν
2689 1749 2926 1816 ἔπασχον
2976 1750 3243 1818 πρότερον,
3298 1754 3581 1817 σαρκικῶν.
3615 1744 3845 1817 [lapath-

2291 1843 2417 1899 σίως
2479 1834 2535 1888 δε
2594 1845 2682 1896 τῆς
2733 1834 3006 1906 ἁγγελικῆς
3055 1834 3303 1895 ἀπαθείας
3361 1839 3453 1885 καὶ
3502 1834 3679 1895 αὐτοὺς
3722 1832 3760 1883 ἐν

2289 1926 2573 1978 ἀναστάσει
2644 1933 2741 1975 τῶν
2812 1932 3073 1995 σαρκικῶν
3142 1922 3566 1994 ἀπηλλαγμένους
3631 1922 3848 1974 πολιτεύε-

2289 2018 2432 2083 σθαι,
2492 2019 2758 2087 κρείττους
2816 2009 2873 2065 δὲ
2931 2018 3019 2064 καὶ
3076 2012 3235 2073 ἄλλως
3294 2011 3550 2083 ἀγγελων,
3612 2014 3684 2063 ὅτι
3732 2013 3846 2081 ἡμῶν

2285 2110 2374 2177 μεν
2434 2105 2825 2162 ὀλισθησάντων
2878 2108 2970 2160 τὴν
3026 2106 3179 2174 φύσιν
3240 2102 3477 2154 ἁνελαϐεν
3537 2104 3561 2153 ό
3613 2110 3696 2153 τοῦ
3743 2108 3847 2153 Θεοῦ

2286 2198 2401 2254 Υἱός
2435 2199 2525 2246 καὶ
2575 2194 2895 2259 ἀνεσώσατο,
2944 2191 3143 2243 ἐκείνων
3202 2188 3259 2243 δὲ
3318 2191 3513 2243 οὐκέτι.
3570 2197 3662 2243 Καὶ
3708 2190 3847 2249 ζητεῖν

2288 2281 2369 2336 δεῖ
2422 2289 2515 2341 τὴν
2564 2283 2757 2346 αἰτίαν,
2816 2283 2896 2333 ὅτι
2945 2281 3094 2331 αὐτοὶ
3134 2284 3224 2351 μεν
3279 2278 3594 2346 ἐπλάνησαν,
3638 2275 3847 2347 iii-"19%

2284 2381 2381 2424 τῶν
2432 2372 2805 2430 πλανηθέντων.
2864 2375 2964 2423 Καὶ
3018 2372 3096 2421 ὅτι
3150 2369 3298 2421 αὐτοὶ
3354 2372 3448 2441 μὲν
3504 2368 3683 2429 πολλὰς
3725 2367 3851 2438 ἀφορ-

2285 2466 2388 2535 μὰς
2434 2460 2579 2533 εἶχον
2627 2469 2717 2513 τοῦ
2768 2466 2838 2533 μὴ
2881 2459 3264 2532 ἐξαμαρτῆσαι,
3299 2462 3357 2511 τό
3408 2455 3671 2520 δυσπειθές
3712 2478 3758 2510 τε
3781 2462 3849 2508 καὶ

2285 2555 2342 2603 τό
2399 2551 2705 2611 πλησιάζειν
2755 2550 2942 2621 μᾶλλον
2995 2558 3107 2620 Θεῷ
3159 2554 3249 2600 καὶ
3302 2553 3359 2600 τὸ
3413 2548 3703 2620 ἀσώματον.
3753 2554 3848 2605 Τοῖς

2288 2638 2345 2693 δι
2387 2642 2552 2715 ῥοπήν
2602 2639 2738 2692 ἐλέου
2786 2643 3008 2713 παρέχει
3056 2642 3232 2690 καὶτὸ
3282 2638 3649 2709 εὐπαθέστερον
3692 2641 3847 2703 καίτῲ

2289 2738 2493 2802 σώματι
2566 2730 2906 2781 καθέλκεσθαί
2976 2748 3028 2779 τε
3095 2733 3182 2780 καὶ
3243 2724 3615 2794 συνδεδέσθαι,
3680 2731 3757 2777 καὶ
3806 2729 3847 2775 τό

2286 2820 2481 2891 μεῖζον,
2534 2821 2612 2870 ὅτι
2685 2818 2778 2870 οὐκ
2843 2818 3255 2888 ἐπιγεγέννηνται
3328 2816 3384 2867 ἐκ
3464 2825 3564 2869 τῶν
3635 2819 3848 2868 πεσόντων

2288 2910 2467 2983 ἕτεροι,
2517 2905 2587 2960 δι’
2632 2907 2719 2969 οὓς
2760 2906 2817 2958 ἂν
2863 2910 2947 2958 τόν
2994 2906 3350 2978 φιλάνθρωπον
3401 2906 3563 2958 εἷλκεν
3613 2910 3667 2957 τό
3700 2912 3852 2973 πτῶμα

2288 3002 2416 3071 πρὸς
2462 2998 2611 3051 ἔλεον.
2646 2997 2778 3049 Ἀλλ’
2810 2997 2959 3049 αὐτοί
3009 3015 3067 3066 γε
3098 2998 3145 3047 οἱ
3196 2994 3523 3069 παραϐάντες
3583 3000 3665 3053 τὴν
3714 2992 3852 3064 παρά·

2290 3086 2443 3139 ϐασιν
2488 3084 2771 3149 διαπαντός
2804 3090 3016 3157 μένουσι
3049 3090 3360 3158 στέργοντες.
3397 3084 3517 3137 ’Ἔτι
3564 3081 3671 3137 οὐδ’
3710 3086 3851 3155 ὅμοιον

2290 3174 2404 3229 οὐδ’
2444 3176 2591 3247 ἔγγὺς
2638 3174 2865 3246 ἀγγέλων
2911 3194 2965 3227 τε
3020 3177 3213 3246 φύσεως
3262 3180 3351 3225 καὶ
3400 3174 3671 3249 ἀνθρώπων
3714 3172 3852 3223 ἐπιλαο

2291 3266 2492 3320 ϐἐσθαι.
2525 3272 2587 3319 Τί
2610 3269 2711 3339 ’γὰρ
2740 3270 2829 3317 καὶ
2861 3269 3055 3321 ὤνησεν
3082 3268 3199 3326 τοὺς
3223 3264 3280 3316 οὐ
3311 3272 3571 3325 πεσόντας
3596 3281 3609 3327 ;
3640 3264 3677 3315 εἰ
3706 3260 3755 3314 δὲ
3781 3259 3851 3313 διὰ

2289 3361 2410 3418 τοὺς
2451 3360 2720 3423 πεσόντας,
2753 3363 2862 3416 πῶς
2903 3354 2961 3407 οὐ
2997 3359 3206 3425 χείρους
3237 3356 3283 3405 οἱ
3313 3359 3387 3425 μὴ
3442 3358 3738 3410 πεπτωκότες
3775 3358 3849 3400 τῶν

2288 3450 2629 3497 πεπτωκότων
2654 3445 2762 3515 (35)
2797 3445 2824 3502 ἢ
2864 3450 3017 3495 τοῦτο
3050 3442 3393 3515 ἐπεργαστέον
3420 3460 3433 3510 ;
3470 3441 3581 3494 "Eri
3614 3440 3850 3513 σαρκωθεὶς

2288 3537 2312 3586 ό
2348 3540 2514 3605 Λόγος
2544 3537 2605 3585 τά
2636 3553 2688 3585 τι
2734 3541 2827 3593 τῆς
2874 3531 3057 3605 ἀρετῆς
3090 3536 3177 3583 καὶ
3208 3536 3269 3583 τὰ
3310 3540 3409 3592 τῆς
3442 3530 3692 3591 εὐσεϐείας
3716 3530 3850 3600 51.1613-

2289 3644 2425 3696 ματα
2456 3626 2593 3694 ἡμᾶς
2629 3618 3010 3685 ἐξεπαίδευσεν,
3043 3618 3115 3672 δι’
3148 3622 3215 3671 ὧν
3251 3623 3379 3691 ἡμῖν
3428 3626 3629 3691 γέγονεν
3673 3627 3727 3690 τῇ
3754 3615 3849 3689 παρ’

2288 3713 2444 3765 αὐτοῦ
2491 3715 2679 3784 χάριτι
2727 3712 3101 3785 κατορθοῦντας
3150 3710 3285 3781 (36),
3318 3708 3353 3761 οὶ
3400 3712 3613 3761 ὑπέθετο
3658 3716 3737 3766 τῆς
3777 3714 3850 3755 τῶν

2288 3802 2513 3875 οὐρανῶν
2596 3800 2865 3873 βασιλείας
2938 3795 3236 3870 ἀδιάδοχος
3306 3798 3645 3871 κληρονομία.
3700 3797 3747 3847 Ἠ
3808 3790 3852 3844 δὲ

2290 3891 2531 3961 ἀγγελικὴ
2594 3893 2746 3961 φύσις
2812 3894 2900 3941 καὶ
2958 3898 3052 3949 τῆς
3110 3887 3299 3961 ἀρετῆς
3351 3893 3442 3940 καὶ
3497 3897 3590 3948 τῆς
3643 3883 3851 3939 εὐσεϐείας

2290 3978 2427 4050 εἶχεν
2484 3985 2573 4038 τὴν
2623 3988 2836 4050 γνῶσιν.
2883 3985 2986 4038 Τῆς
3031 3980 3119 4047 μὲν
3172 3976 3378 4050 ἀρετῆς,
3426 3976 3479 4039 ἐξ
3534 3978 3598 4026 ὧν
3644 3978 3748 4034 τοὺς
3785 3968 3850 4021 ὑπ’

2288 4071 2453 4130 αὐτῆς
2509 4070 2618 4138 (37)
2678 4067 3173 4137 ὑποσκελιζομένους
3227 4070 3354 4138 πρὸς
3410 4066 3650 4118 τάναντία
3696 4058 3850 4133 μεθείὶο

2288 4164 2369 4210 κέν
2419 4178 2470 4209 τε
2509 4162 2595 4209 καὶ
2635 4153 2990 4216 ὑπεδελέαζεν.
3032 4160 3128 4207 Καὶ
3172 4163 3268 4217 τῆς
3300 4155 3573 4214 εὐσεϐείας
3605 4150 3651 4205 δ’
3680 4153 3847 4221 ὁμοίως,

2288 4254 2377 4299 καὶ
2436 4247 2487 4309 ἐξ
2538 4247 2604 4297 ὧν
2658 4244 2821 4297 ἐϐόα·
2887 4268 2908 4294 ε
2955 4241 3093 4296 Οἶδά
3148 4264 3205 4296 σε
3261 4249 3342 4304 τίς
3394 4242 3478 4297 εἴ·
3532 4247 3555 4295 ό
3612 4244 3740 4311 ἅγιος
3782 4240 3849 4287 τοῦ

2291 4344 2441 4391 Θεοῦ·
2486 4361 2501 4383 ν
2539 4343 2647 4398 καὶ,
2682 4358 2709 4384 (ι
2744 4334 2922 4394 Ἦλθες
2956 4338 3052 4407 πρὸ
3098 4342 3283 4405 καιροῦ
3345 4333 3638 4405 βασανίσαι
3673 4334 3799 4399 ἡμᾶς·
3827 4345 3843 4369 ³

2289 4432 2377 4479 καὶ
2433 4429 2596 4499 μυρία
2650 4423 2797 4475 ἄλλα.
2845 4422 3004 4474 Ὠστε
3054 4423 3123 4484 εἰς
3168 4425 3336 4493 μάτην
3393 4424 3557 4480 αὐτὴν
3598 4430 3685 4472 τῶν
3728 4420 3850 4485 ἆοηέ-

2289 4516 2385 4567 λῶν
2416 4516 2685 4588 ὑπήρχετο
2710 4516 2884 4583 φύσιν.
2911 4512 3024 4564 Ἔτι
3050 4519 3339 4583 σαρκοῡται
3366 4514 3393 4563 ό
3420 4517 3608 4581 Λόγος,
3631 4504 3737 4560 όδόν
3754 4507 3847 4571 ἡμῖν

2291 4601 2364 4656 δι’
2388 4604 2453 4653 ὧν
2487 4606 2745 4675 ἔπραττεν,
2782 4597 3109 4665 ὑποδεικνὺς,
3146 4596 3218 4652 δι’
3253 4601 3311 4659 ἧς
3332 4602 3461 4672 ἡμῖν
3491 4602 3520 4658 ἡ
3549 4602 3669 4670 πρὸς
3694 4599 3762 4646 τὸν
3784 4593 3845 4641 οὗ·

2290 4697 2440 4767 ρανὸν
2472 4688 2659 4751 ἄνοδος
2688 4692 2913 4763 πορισθή
2926 4709 3093 4742 σεται.
3123 4696 3243 4750 Τοῖς
3276 4685 3333 4741 δε
3377 4686 3599 4759 δαίμοσι
3629 4688 3843 4754 πρόκειται

2292 4786 2357 4835 τὰ
2392 4784 2607 4853 ὁμογενῆ
2643 4782 2885 4851 τάγματα
2914 4787 3006 4841 τῆς
3038 4778 3273 4851 ἀρχαίας
3300 4778 3515 4840 λήξεως,
3544 4774 3611 4829 δι’
3636 4775 3694 4825 ὧν
3720 4770 3842 4843 trgi?

2293 4891 2464 4938 τουσι,
2511 4874 2602 4928 τὴν
2642 4874 3007 4941 μακαριότητα
3059 4864 3488 4941 προδεικνύοντα.
3539 4863 3665 4919 Ἀλλ’
3704 4860 3843 4911 ἐκεῖνα

2292 4966 2499 5032 ’γνώμης
2534 4957 2751 5029 ἀπονοίᾳ
2793 4960 2909 5010 οὗτε
2951 4957 3178 5021 ἕπονται,
3211 4958 3327 5008 οὔτε
3383 4958 3514 5030 πρὸς
3563 4954 3727 5009 αὖτοὺς
3760 4954 3839 4996 (κί’

2094 5202 2327 5260 ΝΟΤιΕ.

597 5326 710 5398 (32)
763 5325 871 5401 Pro
918 5329 1073 5401 φύσις
1127 5329 1290 5385 Colb.
1356 5332 1531 5401 φύσιν.
1593 5331 2186 5401 Νουιινιιωηιιθοιυω

525 5406 727 5526 puto:
775 5397 1020 5465 legerim
1058 5402 1226 5470 φύσει.
1271 5397 1542 5457 Fortasse
1567 5417 1711 5455 vero
1762 5416 1870 5471 pro
1898 5398 2185 5464 ἐδούλευεν,

548 5469 847 5526 θαθηάυω
890 5469 1061 5525 fuerit
1088 5469 1365 5526 ἐϐούλευεν.
1399 5472 1696 5526 suadebat.
1732 5475 1793 5526 Et
1830 5472 1915 5526 sic
1950 5473 2185 5526 retineri

548 5469 847 5542 egendum
890 5469 1061 5525 fuerit
1088 5469 1365 5538 ἐϐούλευεν,
1399 5472 1696 5529 suadebat.
1732 5469 1793 5528 Et
1830 5472 1915 5528 sic
1950 5473 2188 5528 retineri

528 5545 719 5615 possit
762 5542 937 5613 φύσις.

622 5615 712 5687 33)
775 5615 909 5666 ὥστε

599 5615 713 5762 (34)
752 5685 836 5742 Ita
906 5708 909 5740 ε

1011 5611 1220 5674 εἰκότως

1317 5614 1495 5685 Colb._
1546 5630 1672 5685 Apro

622 5617 712 5687 33)
775 5617 909 5666 ὥστε
1011 5617 1220 5674 εἰκότως
1317 5617 1477 5670 Colb.
1564 5630 1672 5685 pro
1763 5617 2185 5688 προστεθηκότω.

621 5687 713 5760 34)
752 5685 836 5742 Ita.
906 5684 1113 5758 scripsi
1179 5700 1288 5759 pro
1369 5682 1815 5760 ὰναδιὸειγμένοι,
1875 5703 1947 5743 ex
2005 5688 2189 5744 verbo

2300 5322 2654 5397 ἀναδέχομαι.

2394 5393 2501 5467 35⁷)’
2534 5393 2874 5465 Legendum
2902 5396 3046 5465 puto
3069 5393 3130 5446 εἰ.

2395 5457 2502 5553 365'
2528 5457 2717 5523 Malim
2756 5457 3096 5541 κατορθοῦσι,
3131 5467 3191 5519 ut
3221 5464 3507 5520 referatur
3547 5461 3619 5516 ad
3658 5457 3837 5513 antece'

2298 5543 2448 5596 deus
2483 5543 2627 5612 ἡμῖν.

2371 5612 2482 5685 (37)
2524 5611 2683 5673 αὐτῆς
2712 5609 2874 5666 Colb.
2910 5624 3014 5682 pro
3041 5608 3246 5669 αὐτούς.
