4026 6196
177 269 332 330 4049
1185 271 1281 328 AD
1319 221 1870 329 AMPHILocHwM

1912 269 2242 342 QUESTIO
2283 275 2540 334 CCXLV.
3408 283 3546 340 1050

178 405 514 474 στρέφονταεο
547 401 680 451 ὥστε
707 403 971 473 περίεργόν
999 397 1138 452 ἐστιν
1165 400 1392 472 ἀγγέλων
1413 406 1507 460 τὴν
1533 409 1624 453 τοῦ
1659 408 1793 454 Θεοῦ

1926 407 2032 458 erat
2056 407 2460 474 suscepturus.
2498 402 2928 459 lncarnabatur
2957 410 3245 476 prasterea
3275 404 3554 476 Verbum,

175 494 342 563 φύσιν
389 490 640 542 ὑπελθεῖν.
675 488 879 541 Μᾶλλον
921 486 980 542 δε
1027 490 1098 552 εἰς
1147 492 1308 562 μείζω
1347 496 1437 543 καὶ
1478 490 1792 566 βαρυτέραν,

176 581 324 652 εἰπερ
358 579 463 632 οἷόν
501 583 554 631 τέ
603 577 732 641 ἐστι,
768 586 863 638 τῆς
912 577 1248 651 ἀποκειμένης
1302 580 1480 642 αὐτοῖς
1517 580 1793 640 κολάσεως.

174 666 302 720 Ἔτι
360 666 584 738 ἀγγῦων
638 669 776 739 εἴπερ
827 666 1023 738 ἔμελλεν
1074 669 1099 719 ὁ
1151 673 1317 740 Λόγος
1367 672 1521 742 φύσιν
1577 670 1799 742 ὑπέρχε-

180 757 316 808 σθαι
362 755 499 828 (38),
542 764 650 816 πῶς
689 754 750 807 ἂν
800 757 1041 821 ὑπῆλθεν,
1085 762 1239 810 τόκου
1283 762 1354 830 μὴ
1404 761 1795 829 μεσιτεύοντος;

180 846 228 898 εἰ
255 842 314 898 δ’
343 846 516 907 ἁπλῶς
546 845 661 898 κατ’
695 847 954 898 οἱκείωσιν
981 851 1069 898 καὶ
1111 852 1365 918 σχετικὴν
1401 844 1617 899 σύνοδον
1648 854 1798 898 τοῦτο

178 944 396 1010 προσῆν
443 942 551 997 τοῖς
593 931 864 1008 δαίμοσιν,
899 933 1005 986 ἀλλ’
1043 934 1230 988 ἐκεῖθεν
1277 933 1632 1010 διερράγησαν
1659 936 1795 1007 (39).

180 1023 308 1077 ’Ἐτι
358 1029 492 1086 τίνος
541 1024 652 1095 (40)
712 1033 810 1076 τῶν
863 1031 1206 1077 πεπτωκότων
1255 1024 1474 1078 ἐποιεῖτο
1527 1030 1619 1084 τὴν
1666 1028 1802 1077 κατὰ

175 1117 238 1166 τὸ
271 1116 434 1187 ἄκρον
474 1113 732 1166 οἰκείωσιν
764 1129 777 1179 ;
816 1114 963 1185 Εὶμεν
997 1123 1095 1165 τῶν
1127 1113 1382 1180 ἑστώτων,
1415 1119 1504 1166 καὶ
1551 1119 1602 1166 τί
1639 1114 1699 1165 ἂν
1741 1117 1799 1166 τό

177 1206 458 1263 πεπτωκὸς
487 1207 652 1260 ὤνητο
678 1219 691 1268 ;
726 1203 956 1255 Ἐκείνων
1003 1206 1104 1277 γὰρ
1135 1208 1224 1256 καὶ
1254 1209 1374 1278 πρὶν
1403 1209 1652 1276 μενόντων
1687 1204 1800 1276 (41)

183 1290 236 1344 ἓν
290 1299 404 1353 τοῖς
438 1290 675 1364 ἀμείνοσι
708 1294 764 1343 τό
814 1288 1082 1364 δαιμόνιον
1124 1291 1468 1352 ταλανίζεται.
1509 1292 1566 1344 Εἰ
1607 1288 1664 1344 δὲ
1703 1301 1801 1344 τῶν

180 1386 556 1448 πεπτωκότων,
589 1389 690 1433 ποῦ
737 1384 794 1432 τὸ
843 1377 1088 1443 δίκαιον;
1139 1389 1251 1443 Πῶς
1306 1378 1356 1434 δ’
1403 1380 1462 1434 ἃν
1508 1381 1602 1433 ούκ
1647 1384 1800 1453 ἔσχεν

182 1477 377 1546 χώραν
409 1471 709 1542 ἐκλέγεσθαι
760 1474 816 1523 τό
857 1475 1269 1544 κατεγνωσμένον
1320 1471 1506 1543 Παύλῳ
1537 1493 1547 1504 ο
1584 1492 1611 1523 (‹
1648 1476 1803 1529 Ποίη-

188 1580 368 1632 σωμεν
399 1563 464 1613 τὰ
489 1562 625 1612 κακά
651 1577 664 1626 ;
701 1581 724 1610 ι)
760 1559 874 1612 Ἔτι
909 1557 966 1613 δε
992 1565 1146 1613 τόκου
1177 1568 1292 1621 ταῖς
1319 1559 1616 1632 ἀγγελικαῖς
1648 1558 1805 1612 δυνά.-

186 1669 319 1720 μεσε
367 1654 438 1721 μὴ
486 1651 861 1721 μεσιτεύοντος,
894 1645 1016 1700 οὐδὲ
1056 1652 1210 1720 φύσιν
1264 1646 1325 1708 ἦν
1370 1646 1591 1701 δυνατόν
1641 1649 1804 1701 αὐτῶν

187 1737 466 1790 ἀναλαϐεῖν
518 1742 603 1790 τὸν
653 1743 821 1809 Λόγον
874 1745 964 1789 τού
1019 1745 1172 1803 Θεοῦ,
1217 1736 1345 1790 ἀλλά
1397 1758 1514 1790 τινα
1565 1741 1650 1790 τὸν
1688 1737 1803 1790 καθ’
1835 1753 1872 1806 Β

187 1829 436 1880 ἕκαστον.
466 1826 558 1879 ’ον
590 1824 643 1878 δ’
687 1826 746 1877 ἀν
795 1825 990 1894 ἔλαϐεν,
1024 1833 1177 1898 μόνον
1209 1825 1396 1878 ἐκεῖνον
1441 1825 1501 1878 ἆν
1544 1831 1634 1878 καὶ
1680 1829 1806 1878 ἔσω-

193 1921 306 1979 ζεν.
374 1913 534 1968 Ὠστε
609 1914 896 1968 συνέϐαινεν
965 1914 1023 1965 ἂν
1080 1915 1234 1967 αύτόν
1286 1919 1530 1988 μυριάκις
1579 1914 1806 1986 ἀγγελων

186 2006 370 2077 ἄτομα
419 2005 529 2076 (42)
575 2002 921 2058 ὑποδύεσθαι.
966 2003 1169 2057 Μᾶλλον
1215 2002 1273 2057 δε
1318 2004 1520 2065 ἀνίλεως
1571 2008 1646 2062 ε’ίη
1693 2004 1804 2074 (i3)

188 2091 482 2166 δαιμόνων,
517 2091 563 2145 οἱ
602 2095 781 2153 πάσης
811 2097 997 2152 κακίας
1039 2093 1252 2154 ἑαυτούς
1283 2090 1557 2155 ἀπέδειξαν
1590 2097 1802 2168 ὄργανα.

1910 493 2067 547 viam
2109 492 2284 548 nobis
2315 509 2418 563 per
2446 510 2537 556 ea,
2571 509 2705 564 qum
2737 493 2975 562 agebat,
3009 499 3414 561 ostensurum,
3457 513 3560 568 per

1906 598 2089 654 quam
2120 582 2343 637 reditus
2376 581 2550 638 nobis
2581 583 2639 637 in
2659 582 2868 638 caelum
2891 588 3134 654 pateret.
3181 585 3562 641 Dtemonibus

1910 686 2046 726 vero
2079 671 2138 726 in
2160 671 2498 742 exemplum
2518 672 2802 744 propositi
2837 677 2977 727 sunt
2997 672 3220 726 similes
3244 673 3356 726 illis
3387 691 3568 744 ange-

1907 759 2102 816 lorum
2126 759 2383 824 ordines,
2409 761 2720 832 pristinam
2743 760 2944 816 sedem
2973 766 3228 827 tuentes,
3253 768 3424 833 atque
3447 763 3562 818 illis

1907 848 2072 920 ipsis,
2123 865 2258 922 quae
2308 854 2512 919 agunt,
2555 850 2712 906 viam
2750 849 2828 906 ad
2862 849 3203 906 beatitatem
3243 867 3562 906 common-

1909 943 2180 994 strantes.
2239 937 2323 993 Illi
2378 955 2540 1004 vero,
2595 945 2788 994 mente
2829 940 3040 1004 aversi,
3092 955 3201 994 nec
3230 948 3568 1012 sequuntur

1910 1027 2064 1091 illos,
2099 1043 2206 1082 nec
2233 1027 2312 1084 ad
2355 1027 2593 1083 eosdem
2646 1032 3086 1084 convertuntur.
3125 1029 3331 1100 Itaque
3360 1046 3567 1101 super-

1909 1132 2244 1172 vacaneum
2293 1115 2462 1181 foret,
2514 1117 2561 1172 si
2613 1118 2713 1172 Dei
2763 1123 2978 1172 natura
3012 1117 3174 1171 illam
3214 1118 3565 1186 angelorum

1911 1205 2267 1276 susciperet;
2288 1205 2409 1260 imo
2435 1206 2494 1261 id
2518 1206 2717 1278 ipsum
2743 1221 2989 1277 poenam
3010 1205 3424 1263 imminentem
3447 1225 3568 1264 ma-

1906 1293 2098 1364 jorem
2145 1299 2198 1349 et
2247 1295 2605 1364 graviorem,
2655 1293 2946 1366 siquidem
2989 1293 3123 1349 talis
3174 1295 3302 1350 dari
3351 1301 3563 1367 potest,

1911 1381 2201 1438 redderet.
2229 1383 2399 1448 Quod
2427 1383 2475 1438 si
2498 1389 2779 1456 praeterea
2802 1382 3052 1437 Verbum
3093 1385 3443 1452 angelorum
3464 1401 3564 1442 na-

1914 1475 2110 1526 turam
2129 1487 2433 1526 assumere
2451 1488 2715 1544 unquam
2731 1471 3348 1544 voluisset,quomodo
3363 1473 3421 1527 id
3440 1473 3567 1528 sine

1915 1559 2310 1616 intercedente
2339 1566 2514 1632 partu
2541 1561 2744 1633 aliquo
2769 1560 2898 1616 ﬁeri
2929 1561 3214 1633 potuisset
3243 1561 3270 1616 ‘I
3305 1562 3360 1618 Si
3387 1577 3568 1632 porro

1915 1654 2144 1704 tantum
2172 1665 2275 1718 per
2295 1649 2843 1721 appropriationem
2865 1649 3131 1722 aliquam
3147 1654 3205 1704 et
3222 1649 3568 1706 relationem

1916 1735 2190 1791 moralem
2209 1736 2465 1791 Verbum
2480 1735 2644 1791 illum
2664 1753 2727 1791 se
2749 1753 2886 1792 cum
2904 1735 3283 1792 daemonibus
3301 1753 3570 1792 commu-

1915 1825 2196 1892 nicasset,
2228 1824 2309 1880 illi
2348 1825 2438 1880 vel
2475 1826 2556 1881 sic
2589 1826 2667 1881 ab
2717 1842 2787 1881 eo
2835 1826 3080 1896 sejuncti
3131 1824 3398 1880 fuissent.
3443 1827 3574 1891 Qua.

1916 1930 2093 1986 porro
2120 1914 2191 1968 de
2236 1930 2417 1970 causa
2449 1915 2706 1970 Verbum
2739 1914 2941 1987 lapsos
2973 1914 3104 1969 illos
3149 1914 3262 1968 sibi
3314 1914 3572 1970 maxime

1918 2003 2353 2075 appropriasset
2381 2005 2410 2059 ?
2438 2003 2492 2060 Si
2521 2004 2740 2060 dixeris
2764 2021 2777 2058 :
2802 2005 2866 2058 In
2895 2003 3151 2073 gratiam
3179 2003 3441 2068 illorum,
3466 2003 3571 2076 qui

1916 2093 2227 2146 stationem
2260 2108 2434 2148 suam
2483 2093 2870 2159 retinuerant,
2921 2091 3067 2164 quid
3105 2091 3242 2146 inde
3270 2091 3572 2147 commodi

188 2183 269 2238 ad
287 2184 488 2254 lapsos
511 2180 1050 2253 pervenisset?lllis
1072 2183 1231 2236 enim
1265 2181 1504 2238 meliore
1531 2181 1868 2237 conditione
1884 2181 2114 2252 pridem
2142 2180 2493 2245 fruentibus,
2514 2181 2823 2236 daemones
2837 2182 2993 2236 vices
3019 2197 3159 2236 suas
3187 2181 3568 2236 miserantur.

190 2271 253 2328 Si
302 2286 446 2327 vero
476 2271 534 2326 in
575 2270 831 2341 gratiam
886 2270 1192 2343 lapsorum
1229 2289 1242 2335 ;
1273 2270 1584 2343 quomodo
1611 2270 1671 2326 id
1701 2270 1791 2327 fas
1823 2269 2029 2326 fuisset
2064 2269 2091 2323 ?
2123 2272 2329 2324 Nonne
2363 2271 2560 2342 potius
2605 2269 2660 2324 id
2708 2269 2926 2326 factum
2958 2274 3130 2334 esset,
3159 2270 3323 2341 quod
3356 2268 3572 2324 Paulus

191 2365 510 2418 aversatur
550 2376 562 2412 :
597 2382 624 2411 «
663 2360 972 2416 Faciamus
1004 2359 1158 2416 mala
1189 2361 1232 2414 9.
1277 2381 1302 2412 ν
1345 2359 1599 2425 Quando
1625 2360 1886 2432 denique
1917 2364 2123 2429 partus
2161 2358 2449 2428 angelicis
2499 2358 2686 2431 copiis
2715 2358 2939 2414 mederi
2971 2363 3030 2413 et
3072 2375 3184 2413 usu
3216 2358 3418 2414 venire
3450 2373 3571 2415 non

191 2449 416 2523 potuit,
447 2464 556 2505 nec
595 2453 875 2504 naturam
911 2447 1266 2517 angelorum
1303 2448 1564 2504 Verbum
1594 2449 1693 2504 Dei
1726 2463 2051 2514 assumere,
2085 2448 2188 2504 sed
2223 2464 2410 2504 unum
2437 2447 2698 2517 aliquem
2727 2464 2957 2514 eorum,
2991 2448 3204 2520 potuit.
3236 2449 3574 2514 Quemcun-

187 2556 314 2612 quc
364 2553 503 2595 vero
558 2553 767 2593 eorum
807 2539 1264 2609 assumpsisset,
1301 2537 1468 2594 illum
1519 2553 1707 2594 unum
1761 2537 2067 2593 salvasset.
2103 2540 2188 2593 lta
2243 2553 2384 2593 vero
2442 2537 2710 2594 futurum
2767 2541 2914 2606 erat,
2965 2543 3023 2591 ut
3067 2535 3166 2592 illa
3218 2535 3572 2606 angelorum

192 2626 590 2684 inilivisibilia
619 2626 832 2682 millies
858 2627 1206 2698 susciperet.
1243 2627 1436 2684 Satius
1477 2627 1677 2699 itaque
1721 2631 1866 2692 erat,
1893 2625 2238 2682 dtemonurn
2283 2641 2404 2682 non
2437 2626 2726 2696 misereri,
2760 2627 2865 2698 qui
2897 2641 2960 2682 se
2999 2626 3158 2696 ipsos
3184 2625 3384 2682 omnis
3435 2640 3575 2698 pra-

193 2715 405 2772 vitatis
435 2715 828 2773 instrumenta
865 2717 1297 2788 praestitissent.

753 2811 1067 2859 ΕΡΩΤΗΣῙΣ
1107 2813 1193 2859 ΣΜ
1203 2805 1271 2860 Ε’.

197 2919 356 2968 Διατί
398 2909 766 2985 διδασκόμεθα
797 2912 1193 2967 ἀποτάσσεσθαι
1235 2922 1307 2984 τῷ
1339 2919 1540 2985 Σατανᾴ
1564 2919 1653 2965 καὶ
1684 2912 1811 2984 ούχὶ

646 2993 750 3047 τοῖς
778 2994 1024 3058 πονηροῖς
1053 2985 1382 3059 ἀνθρωποις;

1921 2805 2237 2872 QU/ESTIO
2253 2805 2482 2863 CCXLV
2500 2804 2708 2878 [CoisL
2734 2805 2914 2861 Taur.
2932 2805 3088 2862 XCll.
3110 2806 3270 2862 Maio
3284 2805 3573 2877 CCXLIV].

1925 2911 2121 2979 Quare
2157 2912 2549 2982 praecipiatur
2578 2911 2738 2967 nobis
2769 2913 3128 2968 renuntiatio
3161 2914 3426 2976 Salanw,
3455 2927 3575 2967 non

2383 2991 2574 3038 autem
2604 2986 2811 3052 pravis
2844 2983 3197 3038 hominibus.

829 3083 1022 3134 Editaa
1045 3084 1188 3134 Maio
1216 3083 1383 3146 (Nov.
1431 3081 1564 3131 Coll.
1599 3086 1636 3131 t.
1668 3082 1748 3139 1X,
1788 3097 1839 3145 p.
1872 3081 1999 3142 114).
2031 3108 2092 3116 -
2126 3080 2200 3130 De
2229 3080 2697 3131 abrenuntiatione
2729 3080 2948 3129 diaboli.

274 3175 718 3246 Ἀποτασσὸμεθα
760 3182 832 3244 τῷ
877 3179 1078 3243 Σατανᾷ
1123 3177 1208 3224 καὶ
1255 3181 1364 3234 τοῖς
1403 3175 1573 3246 ἔργοις
1626 3173 1805 3237 αὐτοῦ,
1843 3172 1884 3225 C

196 3270 294 3318 καὶ
353 3263 483 3335 ούχὶ
529 3271 640 3324 τοῖς
684 3271 932 3336 πονηροῖς
978 3261 1285 3338 ἀνθρώποις,
1333 3269 1536 3337 πρῶτον
1587 3265 1676 3334 μὲν
1730 3262 1811 3312 ἶνα

198 3362 271 3428 μὴ

199 3452 306 3503 τῆς
356 3442 642 3512 ἀποταγῆς,
679 3448 854 3513 μισεῖν
901 3445 991 3492 καὶ
1043 3438 1463 3513 ἀποστρέφεσθαι
1515 3444 1603 3491 καὶ
1645 3438 1811 3513 ἐκτρέ-

333 3352 584 3426 ἀφορμάς,
618 3352 660 3404 εἰ
704 3357 791 3404 καὶ
841 3357 912 3424 μὴ
956 3351 1216 3423 εὐλόγους,
1250 3353 1305 3404 ἑκ
1349 3353 1536 3412 ταύτης
1578 3349 1809 3422 λάϐωμεν

201 3533 405 3586 πεσθαι
448 3535 537 3582 καὶ
587 3529 986 3582 ἀποτάσσεσθαι
1029 3533 1087 3581 τό
1133 3528 1405 3601 ὁμόφυλον,
1449 3531 1685 3602 Δεύτερον
1731 3524 1810 3593 δὲ,

1709 3617 1814 3688 οὐχ

200 3713 357 3782 ἡμεῖς
389 3705 448 3760 δε
480 3707 608 3760 ἀλλά
650 3713 739 3760 καὶ
770 3711 869 3780 πρό
916 3710 1060 3780 ἡμῶν
1109 3710 1153 3760 οἱ
1201 3704 1523 3760 διδάσκαλοι
1569 3711 1653 3758 καὶ
1686 3705 1812 3759 ἀπό·

200 3622 246 3673 εἰ
332 3619 736 3691 ἀπετασσόμεθα
817 3626 921 3680 τοῖς
1000 3626 1242 3692 πονηροῖς
1323 3617 1632 3691 ἀνθρώποις,

205 3797 409 3863 στόλοι,
465 3802 545 3858 τίς
601 3797 660 3848 ἂν
713 3806 810 3849 τῶν
866 3796 1180 3872 ἁμαρτωλῶν
1244 3800 1522 3860 ἐσέσωστο,
1583 3803 1674 3855 τῆς
1727 3797 1816 3866 μὲν

204 3886 482 3958 ἀποταγῆς
533 3891 620 3944 τὴν
683 3885 1018 3958 ἀποστροφὴν
1078 3889 1381 3951 τικτούσης,
1437 3893 1530 3947 τῆς
1609 3881 1667 3936 δὲ
1729 3887 1815 3940 τὴν

204 3983 516 4049 παραίνεσιν
563 3980 653 4027 καὶ
699 3971 1050 4027 διδασκαλίαν
1102 3975 1598 4049 συναναιρούσης,ᾖ
1642 3977 1732 4024 καὶ
1782 3974 1811 4030 ἡ

205 4064 496 4139 ἐπιστροφὴ
547 4069 636 4116 καὶ
682 4067 708 4122 ἡ
763 4064 1073 4136 μεταμέλεια
1125 4071 1542 4137 συναναιρεῖται;
1601 4061 1668 4133 γ’.
1718 4066 1818 4114 Καὶ

205 4159 285 4214 τίς
313 4153 373 4205 ἂν
420 4153 606 4214 ἐκεῖνος
636 4155 661 4205 ό
690 4153 870 4224 λέγων,
903 4155 1306 4226 Ἀποτάσσομαι
1347 4160 1456 4214 τοῖς
1495 4151 1816 4224 ἁμαρτωλοῖς

207 4245 238 4301 ἡ
313 4251 558 4315 πονηροῖς
635 4241 964 4317 ἀνθρώποις;
1023 4243 1064 4295 εἰ
1117 4246 1205 4314 μὲν
1278 4242 1417 4313 λέγοι
1473 4241 1652 4293 ἑαυτὸν
1720 4249 1818 4291 τῶν

207 4331 552 4406 ἁμαρτωλῶν,
616 4330 780 4403 ἐαυτῷ
851 4330 910 4382 ἂν
967 4330 1310 4384 ἀπετάττετο·
1363 4330 1406 4383 εἰ
1464 4327 1521 4382 δὲ
1579 4337 1677 4380 τῶν
1742 4324 1820 4380 δι-

205 4426 397 4486 καίων,
433 4424 515 4473 ἱνα
559 4421 722 4473 τᾶλλα
773 4421 929 4490 ἐάσω,
965 4419 1072 4472 ἀλλ’
1105 4421 1154 4472 ἐν
1202 4428 1368 4494 καιρῷ
1414 4427 1504 4479 τῆς
1551 4423 1822 4491 μετανοίας

1993 3173 2219 3227 Satanae
2244 3176 2300 3225 et
2335 3170 2619 3241 cperibus
2651 3170 2799 3241 ejus,
2833 3185 2954 3224 non
2995 3174 3195 3225 autem
3251 3168 3448 3242 pravis
3475 3169 3581 3226 ho-

1920 3259 2181 3315 minibus
2203 3259 2635 3324 renuntiamus,
2661 3258 2858 3331 primo
2881 3257 3146 3330 quidem,
3181 3275 3254 3313 ne
3289 3259 3579 3314 motivum

1919 3348 2197 3419 quamvis
2223 3363 2343 3403 non
2373 3346 2746 3413 rationabile,
2774 3363 2839 3401 ex
2874 3347 2990 3402 ista
3019 3347 3456 3403 renuntiatione
3484 3365 3580 3403 su-

1921 3453 2181 3503 mamus,
2245 3434 2612 3491 confratrum
2670 3435 2812 3492 odio
2876 3435 3420 3508 persequendorum
3487 3435 3581 3492 vel

1920 3525 2325 3591 vitandorum,
2350 3524 2441 3581 vel
2459 3524 2956 3598 repellendorum,
2979 3524 3069 3579 vel
3094 3525 3578 3596 rejiciendornm.

1920 3614 2192 3671 Secundo
2205 3613 2970 3682 autem,sirenuntiaremus
2993 3615 3191 3686 pravis
3211 3614 3578 3680 hominibus,

1923 3721 2031 3760 nec
2058 3720 2187 3770 nos,
2240 3719 2348 3760 nec
2395 3711 2530 3760 ante
2577 3719 2688 3759 nos
2729 3703 2996 3772 magistri
3022 3709 3078 3758 et
3124 3703 3398 3774 apostoli,
3444 3720 3582 3776 quis

1924 3799 2304 3866 peccatorum
2328 3793 2595 3849 salvatus
2610 3793 2813 3848 fuisset
2834 3792 2861 3847 ?
2879 3793 3312 3848 renuntiatione
3333 3792 3581 3865 quidem

1923 3883 2297 3940 aversionem
2333 3883 2722 3954 producente,
2766 3883 2869 3936 sed
2901 3888 2962 3937 et.
3001 3882 3480 3937 exhortationem
3525 3885 3584 3937 et

1924 3972 2372 4026 instructionem
2424 3969 2748 4035 destruent,
2803 3976 2858 4024 et
2899 3971 2980 4024 ita.
3038 3972 3493 4024 conversionem
3527 3973 3584 4024 et

1926 4057 2338 4131 paenitentiam
2372 4057 2632 4113 tollente.
2671 4058 2879 4122 Tertio,
2916 4064 2971 4111 et
2995 4057 3132 4126 quis
3157 4064 3243 4111 est
3279 4058 3382 4128 qui
3419 4058 3582 4113 dicat

1925 4148 2202 4204 renuntio
2247 4145 2676 4218 peccatoribus,
2729 4145 2818 4200 vel
2867 4145 3063 4216 pravis
3107 4145 3504 4202 hominibus?
3531 4145 3585 4200 si

1928 4237 2191 4308 seipsum
2223 4235 2364 4289 dicit
2418 4234 2569 4289 inter
2611 4239 2976 4304 peccatores,
3030 4249 3225 4288 nonne
3266 4234 3464 4305 seipso
3496 4250 3584 4289 re-

1930 4323 2228 4380 nuntiabit
2254 4323 2282 4376 ?
2313 4323 2358 4378 si
2381 4339 2515 4378 vero
2559 4322 2712 4378 inter
2745 4323 2957 4394 justos,
2983 4338 3056 4378 ne
3075 4321 3247 4394 plura
3279 4323 3494 4389 dicam,
3523 4323 3585 4379 in

1931 4422 2196 4485 tempore
2228 4412 2590 4483 poenitentiae
2612 4416 2669 4467 et
2698 4411 2926 4477 salutis,
2959 4411 3255 4484 superbiae
3285 4417 3342 4468 et
3390 4412 3585 4484 phari-

206 4514 307 4562 καὶ
376 4514 660 4584 σωτηρίας,
726 4507 992 4583 βάραθρον
1066 4508 1230 4580 ἐαυτῷ
1299 4508 1660 4581 μεγαλαυχίας
1734 4513 1812 4558 καί

1931 4505 2110 4560 saicae
2141 4503 2488 4574 perditionis
2520 4502 2814 4572 gurgitem
2853 4501 2959 4556 sibi
3001 4501 3289 4556 etfodiret.
3337 4501 3580 4569 Quarto,

211 4606 536 4674 γαρισαῖκῆς
583 4598 838 4660 ἀπωλείας
887 4594 1162 4671 διώρυττε.
1207 4594 1278 4650 δ’.
1321 4597 1442 4670 Ούχ
1490 4599 1515 4649 ό
1559 4598 1822 4670 ἄνθρωπος

211 4687 308 4740 ἀπ’
362 4686 556 4760 ἀρχῆς,
591 4685 698 4739 ἀλλ’
733 4689 758 4738 ὁ
799 4690 1023 4760 πονηρὸς
1058 4687 1317 4745 ἠπάτησε.
1350 4685 1401 4742 ε’,
1434 4685 1492 4738 Ὀ
1535 4689 1624 4758 μὲν
1665 4693 1824 4738 Σατα-

210 4783 304 4838 νᾶς
328 4781 424 4834 τὴν
470 4781 656 4828 κακίαν
695 4775 831 4828 ἐστὶν
862 4775 1234 4848 ἀμετάϐλητος.
1270 4774 1336 4840 ς’.
1368 4775 1448 4828 Ἐν
1487 4783 1547 4848 τῇ
1585 4774 1819 4848 ἀποταγῇ

211 4876 318 4919 τῶν
345 4873 437 4917 τού
469 4871 672 4918 Σατανᾶ
700 4867 859 4940 ἔργων
905 4870 990 4918 καὶ
1040 4866 1139 4917 ὅσα
1167 4867 1438 4937 ἅνθρωπος
1476 4866 1686 4938 πράξει,
1717 4864 1824 4918 ἐπεὶ

213 4955 409 5008 ἐκεῖθεν
431 4952 486 5006 ἐκ
519 4961 612 5016 τῆς
637 4952 837 5014 ἀπάτης
857 4957 916 5006 τὸ
946 4958 1172 5028 σπέρμα,
1196 4953 1244 5007 ἐν
1275 4953 1486 5014 ἐκείνοις
1505 4959 1822 5028 περιέχεται*

212 5047 292 5106 είς
317 5046 418 5117 γὰρ
449 5041 636 5096 ἐκεῖνον
661 5044 988 5118 ἀναφέρεται.

1932 4609 2053 4650 non
2086 4593 2268 4648 homo
2291 4607 2326 4646 a
2348 4591 2662 4662 principio,
2682 4590 2784 4645 sed
2810 4593 3057 4646 Satanas
3075 4590 3321 4661 decepit,
3345 4591 3582 4656 Quinto,

1935 4685 2184 4741 Satanas
2211 4681 2452 4754 quidem
2480 4681 2538 4735 in
2581 4680 2740 4735 malo
2756 4685 2846 4734 est
2873 4679 3259 4735 invariabilis.
3293 4681 3470 4736 Sexto
3495 4679 3586 4751 jin

1932 4772 2369 4829 renuntiatione
2433 4771 2668 4826 Satanae
2724 4768 3026 4839 operibus,
3096 4775 3150 4823 et
3205 4785 3584 4841 quascunque

1934 4863 2072 4918 facit
2101 4861 2305 4925 homo,
2333 4858 2630 4930 siquidem
2657 4858 2795 4912 hinc
2845 4855 3113 4911 falllaciaa
3146 4872 3371 4924 semen,
3405 4859 3588 4915 conti-

1935 4958 2169 5008 nentur.
2203 4951 2260 5005 In
2296 4949 2462 5004 illum
2489 4947 2649 5004 enim
2677 4946 3025 5003 relationem
3055 4945 3298 5003 habent.

1802 5141 2023 5200 NOTzE.

446 5239 540 5325 Sic
563 5240 762 5325 scribo
792 5255 926 5312 pro,
957 5241 1265 5325 ύτςέρχεταε.

313 5311 408 5386 39)
451 5314 532 5367 Ita
559 5311 731 5386 Colb._
753 5311 860 5383 pl‘o
890 5317 980 5364 καὶ
1010 5311 1328 5386 ἐρῥάγησαντ

316 5382 409 5454 40)
441 5387 593 5455 Τίνος
611 5382 830 5455 scripsi
879 5400 986 5455 pro
1017 5382 1173 5444 τινος.
1213 5385 1328 5438 Sed
1367 5382 1452 5437 vel
1501 5383 1584 5438 sic
1613 5396 1826 5440 sensus

215 5454 368 5523 hiat,
390 5453 506 5509 nisi
534 5453 1006 5530 subintellex'eris
1028 5456 1212 5530 χάριν,
1238 5456 1326 5510 vel
1355 5460 1709 5530 sequente'n
1728 5471 1830 5530 _vo-

219 5542 353 5582 cem
388 5532 728 5578 πεπτωκότων
758 5541 895 5598 cum
932 5525 1035 5582 illa
1055 5525 1293 5598 ἀγγέλων
1324 5534 1650 5597 permutes.
1691 5525 1827 5581 Mox

221 5599 393 5670 enim,
418 5599 608 5670 angeli
639 5598 700 5670 in
745 5596 971 5670 ἑστῶτας
995 5603 1052 5654 et
1079 5596 1412 5670 πεπτωκότας
1439 5598 1823 5670 distinguun-

222 5675 338 5726 tur.
375 5669 462 5725 lta
500 5668 643 5725 vero
689 5669 1012 5740 legendum
1064 5669 1237 5727 fuerit
1279 5675 1414 5732 τίνος
1459 5678 1557 5722 τῶν
1597 5668 1824 5741 ἀγγέλων

289 5240 384 5306 (38

291 5241 409 5454 lsi

1939 5253 2107 5311 quem
2137 5236 2479 5311 angelorum
2505 5235 2757 5311 chorum_
2771 5232 2884 5311 sibi
2913 5235 3352 5311 appropriasset
3381 5238 3411 5291 Υ

2011 5311 2128 5381 (41)
2152 5305 2244 5363 Sic
2276 5306 2518 5381 scribo,_
2541 5322 2680 5360 cum
2721 5305 2881 5381 Colb.
2918 5321 3026 5377 pro
3057 5310 3358 5381 ph_6vmv,
3403 5321 3589 5380 quam

1936 5376 2249 5438 lectionem
2280 5384 2472 5433 tamen
2505 5376 2559 5431 in
2598 5376 2872 5432 versione
2905 5376 3193 5447 expressi.

2011 5452 2117 5513 (42)
2147 5451 2237 5505 Sic
2280 5448 2600 5522 Colb.__pr_o
2625 5449 2825 5522 item,
2855 5448 3020 5520 quod
3037 5450 3160 5522 ihuc
3187 5467 3306 5505 non
3337 5448 3590 5522 quadrat

2008 5525 2398 5592 (42),Noster:
2449 5516 2682 5579 mam;
2749 5516 2893 5576 εῖδηῖ
2948 5521 3112 5592 nullo
3174 5516 3586 5592 sensu-:Colb.

1935 5590 2040 5668 pro
2074 5590 2189 5652 εἴδη
2222 5591 2399 5649 habet
2437 5595 2535 5650 εἴη.
2582 5592 2923 5664 Legendum
2963 5591 3159 5668 itaque
3219 5591 3444 5656 ἀνίλεως.
