4026 6196
493 220 623 275 1051

549 342 865 408 QUIESTIO
897 340 1141 395 CCXLVI
1187 338 1387 411 [CoisL
1421 338 1577 395 CLIX
1610 341 1784 394 Taur.
1824 337 2071 410 CLVIII].

572 433 758 498 Quare
785 430 1150 499 Con/essores
1181 436 1455 484 vocentur
1480 429 1765 485 Samonas
1788 433 1838 482 et
1868 427 2071 499 socii?

1715 213 1955 270 PHOTII
1994 212 2139 270 PATI

2253 208 2481 268 .acnzs
2510 212 2615 269 cr.
3008 164 3011 165 ί
3678 209 3773 272 is:

2776 340 3093 388 ΕΡΩΤΗΣῙΣ
3135 332 3317 416 ΣΜς.

2381 429 2529 478 Διατί
2556 423 2871 496 ὁμολογηταὶ
2901 423 3177 477 καλοῦνται
3207 426 3256 476 οἱ
3288 426 3402 498 περὶ
3431 429 3686 496 Σαμωνᾶνς

1682 499 1832 548 Edita
1862 514 1894 547 a
1926 498 2061 547 Maio
2093 498 2147 558 (1.
2180 510 2225 546 c.
2258 511 2312 561 p.
2342 497 2447 553 115,
2486 512 2538 560 q.
2565 497 2696 557 245),

562 592 942 649 Confessores
968 589 1069 661 qui
1103 594 1241 643 sunt
1263 588 1419 645 circa
1449 588 1691 644 Guriam
1718 594 2009 659 martyres
2040 604 2140 641 vo-

490 688 699 739 cantur
737 696 859 736 non
882 679 1046 751 quod
1077 678 1366 733 Christum
1410 678 1466 732 in
1502 678 1696 732 stadio
1728 675 2134 740 confessisint,

488 773 617 827 haec
648 776 733 826 est
760 770 918 824 enim
941 768 1277 823 communis
1305 768 1576 821 omnium
1601 772 1929 837 martyrum
1957 782 2139 821 remu-

489 861 653 926 latio,
709 859 813 913 sed
854 857 1015 929 quod
1060 856 1522 927 promissionum
1571 872 1723 927 quas
1756 855 1832 911 ad
1882 856 2135 909 invicem

491 950 764 1005 homines
807 946 1109 1001 habebant
1141 950 1312 1000 testes
1337 951 1391 998 et
1424 944 1784 1000 mediatores
1817 944 2136 1014 assumpti,

491 1056 699 1095 eorum
722 1038 823 1110 qui
854 1036 966 1091 illis
999 1034 1379 1090 considerant
1411 1051 1576 1107 spem
1604 1051 1724 1089 non
1757 1036 2136 1105 deceperunt,

491 1134 547 1184 et
603 1128 679 1183 ab
738 1126 847 1181 illis
904 1124 1005 1197 qui
1062 1140 1095 1179 a
1156 1124 1463 1195 promissis
1518 1124 1861 1178 defecerunt
1915 1123 2140 1193 justam

492 1232 733 1289 poenam
792 1214 1146 1285 cxpetivere.
1206 1212 1367 1268 Sicut
1424 1228 1565 1282 ergo
1625 1218 1798 1267 testes
1862 1211 2036 1280 rigidi
2088 1215 2144 1265 et

492 1303 879 1361 inexorabiles
912 1302 1377 1374 promissionum
1405 1318 1557 1373 quas
1584 1302 1660 1355 ad
1682 1301 1937 1355 invicem
1968 1299 2142 1354 habe-

496 1396 635 1451 bant
664 1394 940 1449 homines
990 1390 1148 1456 facti,
1186 1391 1392 1445 merito
1454 1390 1868 1445 confessorum
1923 1404 2142 1444 nomen

493 1484 682 1540 sortiti
714 1487 869 1536 sunt.

632 1570 953 1637 ouesrio
984 1568 1254 1623 CCXLVI!
1292 1567 1492 1639 [CoisL
1535 1568 1709 1623 Taur.
1749 1566 1997 1637 XCVIII].

846 1659 969 1712 Cur
1003 1657 1271 1712 Christus
1304 1656 1473 1712 cruci
1511 1656 1729 1725 afﬁxus
1760 1657 1788 1709 i’

2320 586 2667 659 Ὀμολογηταὶ
2716 580 2770 637 δ’
2816 585 2875 636 ἂν
2929 586 2978 636 οἱ
3027 589 3145 659 περὶ
3194 588 3409 659 Γουρίαν
3456 586 3690 658 μάρτυρες
3723 605 3791 636 u-

2252 674 2441 740 λοῖντο,
2489 674 2593 745 οὐχ
2640 675 2721 726 ότι
2770 678 2854 726 τόν
2900 677 3131 747 Χριστόν
3176 672 3223 724 ἓν
3275 669 3474 744 σταδίῳ
3522 669 3790 745 διωμολογὲ.

2253 782 2405 815 σαντο
2440 780 2452 792 ·
2487 767 2655 816 κοινόν
2680 766 2781 837 γὰρ
2828 762 3100 834 ἀγώνισμα
3144 770 3297 814 τοῦτο
3340 763 3535 813 πάντων
3574 770 3661 813 τῶν
3696 782 3797 833 μορ.

2250 855 2415 923 τύρων
2450 873 2462 885 ⁸
2520 851 2628 905 ἀλλ’
2685 854 2767 904 ὅτι
2818 862 2917 904 τῶν
2973 850 3256 924 ὁμολογιῶν
3308 851 3365 911 ἀς
3418 854 3540 925 πρός
3598 850 3797 912 ἀλλήλοις

2251 942 2513 1014 ἄνθρωποι
2565 944 2795 996 τίθενται
2842 940 3062 993 ἐπόπται
3100 946 3189 992 καὶ
3232 948 3446 1012 μεσίται
3496 940 3795 1015 παραλειφθέν-

3628 1026 3799 1092 ἐλπίδας

2252 1120 2558 1191 ἐψεύσαντο,
2618 1127 2708 1173 καὶ
2760 1125 2878 1185 τοὺς
2926 1120 3284 1181 ἀθετήσαντας
3339 1122 3407 1171 τὰ
3450 1119 3799 1191 ὁμολογηθέντα,

2250 1051 2351 1096 τες,
2411 1036 2526 1084 οὔτε
2584 1041 2683 1084 τὼν
2746 1036 3165 1085 πεπιστευκότων
3218 1031 3396 1092 αὐτοῖς
3470 1033 3560 1091 τὰς

2252 1214 2344 1268 τὴν
2391 1208 2604 1263 δικαίαν
2636 1207 2790 1269 δίκην
2838 1209 3138 1284 ἀπῄτησαν·
3173 1212 3240 1271 ὡς
3288 1205 3374 1261 οὖν
3410 1207 3619 1260 ἐπόπται
3662 1211 3802 1281 θερμοὶ

2252 1305 2341 1352 καὶ
2398 1298 2748 1371 ἀπαραίτητοι
2796 1308 2896 1351 τῶν
2943 1304 3068 1376 πρός
3123 1298 3369 1360 ἀλλήλους
3417 1305 3519 1358 τοῖς
3565 1298 3802 1372 ἀνθρώποις

2253 1388 2537 1461 ὁμολογιῶν
2586 1393 2934 1462 γεγενημένοι,
2986 1389 3192 1450 εἰκότως
3239 1394 3328 1447 τὴν
3380 1395 3479 1439 τῶν
3527 1388 3803 1459 agamus»

2254 1479 2539 1551 ὀνομασίαν
2573 1474 2607 1531 δ
2614 1478 3013 1553 ιεκληρώσαντο.

2798 1573 3114 1621 ΕΡΩΤΗΣΙΣ
3162 1565 3324 1621 ΣΜῖ.

2638 1662 2783 1710 Διατί
2817 1664 3139 1730 σταυροῦται
3170 1658 3193 1708 ό
3222 1660 3477 1730 Χριστός.

1658 1753 1812 1802 Edita
1839 1766 1871 1802 ο.
1901 1754 2036 1802 Maio
2065 1753 2117 1811 (1.
2157 1768 2202 1803 c.
2229 1768 2282 1818 p.
2315 1756 2423 1811 115,
2448 1768 2498 1818 q.
2531 1756 2668 1817 246),

560 1844 929 1913 Cruciﬁgitur
960 1844 1336 1898 incarnatum
1369 1842 1465 1897 Dei
1502 1842 1779 1906 Verbum,
1817 1844 1967 1897 Deus
1996 1842 2141 1915 ipse,

491 1941 554 1991 ut
606 1938 805 2006 aperte
855 1932 1080 1988 diaboli
1147 1932 1495 2002 injustitiam
1564 1932 1907 2000 redarguat,
1964 1937 2145 2004 utque

490 2040 667 2079 suum
691 2038 831 2092 erga
875 2023 1147 2077 homines
1190 2038 1459 2078 amorem
1510 2022 1873 2076 immensum
1904 2019 2145 2075 demon-

491 2118 652 2179 stret,
693 2129 765 2167 ne
797 2111 977 2167 etiam
1021 2110 1187 2165 multi
1220 2111 1526 2166 credentes
1566 2126 1697 2165 sese
1728 2109 1922 2165 dicere
1962 2112 2140 2164 Deum

490 2201 654 2258 facile
682 2218 811 2256 esse
840 2201 1215 2256 occasionem
1246 2200 1381 2254 inde
1411 2204 1652 2254 sumant
1691 2214 1821 2253 sese
1868 2199 2010 2253 deos
2067 2198 2147 2253 fa-

491 2291 676 2347 ciendi
708 2290 1085 2345 etfunestnm
1125 2305 1387 2345 errorem
1433 2288 1778 2352 inducendi,
1816 2293 1992 2360 utque
2032 2287 2145 2341 illis

492 2380 597 2450 qui
638 2379 872 2451 probris
902 2385 959 2433 et
1004 2379 1292 2447 angustiis
1322 2383 1377 2433 et
1419 2377 1590 2433 malis
1622 2377 1695 2432 ad
1752 2380 2007 2431 mortem
2043 2376 2146 2431 du-

491 2469 762 2524 centibus
797 2467 1144 2538 probantur,
1170 2468 1555 2538 semetipsum
1583 2466 1880 2537 patientiae
1903 2471 1959 2521 et
1990 2465 2145 2520 forti-

490 2556 714 2613 tudinis
745 2555 1085 2623 exemplum
1118 2571 1476 2626 proponens,
1508 2556 1745 2610 viriliter
1769 2561 1826 2609 et
1849 2560 2147 2623 gratanter

491 2644 824 2700 accidentia
857 2643 1005 2699 ferre
1038 2650 1351 2714 praeparet.
1390 2645 1458 2699 Ut
1500 2644 1677 2698 etiam
1715 2643 2147 2715 omnipotentia

490 2732 716 2788 virtutis
752 2749 875 2787 suae
917 2733 1107 2801 magis
1141 2732 1198 2786 in
1228 2731 1422 2787 lucem
1465 2732 1713 2803 prodeat
1741 2749 1751 2787 :
1800 2732 1868 2787 Vi
1899 2733 2060 2787 enim
2092 2737 2148 2787 et

493 2820 773 2877 manibus
818 2827 874 2876 et
906 2822 1087 2875 armis
1132 2826 1188 2876 et
1230 2822 1446 2892 pugnis
1498 2820 1910 2877 adversarium
1952 2823 2146 2893 (supe-

489 2912 664 2981 rare),
698 2910 997 2967 laudabile
1041 2910 1285 2981 quidem
1326 2915 1432 2976 est,
1466 2910 1569 2965 sed
1610 2911 1666 2965 in
1707 2910 1914 2967 ordine
1946 2927 2145 2965 rerum

491 3000 926 3055 ordinariarum
964 3006 1069 3064 est,
1118 3015 1226 3054 nec
1287 2998 1475 3053 ullum
1522 3000 1737 3054 divinae
1784 2999 2146 3071 operationis

491 3090 723 3159 signum
756 3089 995 3144 revelat.
1029 3089 1138 3144 Sed
1179 3094 1368 3144 morte
1400 3093 1651 3142 mortem
1686 3088 1881 3159 ipsam
1917 3094 1971 3143 et
2004 3088 2148 3143 infe-

489 3194 585 3234 ros
615 3183 669 3233 et
692 3177 1003 3233 diabolum
1026 3182 1079 3231 et
1111 3177 1479 3248 principatus
1506 3184 1560 3232 et
1583 3182 1904 3248 potestates
1937 3178 2145 3232 mundi

489 3268 819 3323 annihilare
858 3273 913 3322 et
942 3267 1195 3331 vincere,
1235 3266 1347 3321 hoc
1381 3271 1468 3322 est
1499 3267 1624 3321 sine
1659 3265 1845 3321 dubio
1874 3266 2145 3338 omnipo-

490 3358 683 3413 tentis:
726 3356 942 3411 divina:
970 3372 1103 3427 qum
1133 3373 1374 3411 omnem
1406 3372 1646 3411 sensum
1681 3363 1736 3412 et
1766 3362 2026 3411 mentem
2052 3374 2146 3411 su-

490 3450 675 3516 perat.
714 3446 897 3515 thue
923 3444 1332 3513 magnitudine
1359 3446 1655 3500 bonorum
1681 3446 1738 3499 in
1764 3462 1870 3501 nos
1890 3445 2145 3516 imperti-

492 3538 687 3589 torum
744 3533 1023 3598 exhibita,
1087 3534 1383 3589 debitores
1443 3551 1550 3590 nos
1609 3534 1739 3605 puri
1796 3551 1939 3605 erga
1978 3535 2142 3590 illum

492 3621 733 3686 amoris,
754 3622 947 3676 etvitas
968 3623 1298 3677 secundum
1330 3623 1687 3694 ipsiusleges
1712 3624 2142 3680 constituendas

490 3710 687 3766 faciat.
724 3712 801 3765 Ex
833 3711 1042 3781 quibus
1091 3711 1324 3766 lucrum
1374 3712 1451 3767 ad
1483 3729 1591 3767 nos
1620 3712 1780 3784 ipsos
1810 3713 2139 3777 revertitur,

489 3798 761 3869 regn1,id
798 3806 902 3865 est,
957 3800 1291 3868 haereditas,
1346 3802 1489 3857 etin
1539 3802 1941 3859 incﬁabilibus
1971 3803 2140 3875 quies

493 3893 549 3947 et
578 3892 865 3961 voluptas.

645 4067 966 4135 QUA'JSTIO
1000 4068 1300 4123 CCXLVIII
1334 4071 1538 4139 [CoisL
1580 4072 1757 4126 Taur.
1792 4069 1977 4137 XCIX,

1001 4158 1160 4214 Maio
1193 4158 1494 4232 CCXLVII]
1527 4161 1629 4230 (ι).

490 4255 765 4306 Editarum
788 4268 820 4305 a
845 4256 1040 4305 Wolﬁo
1062 4256 1329 4320 tricesima
1355 4258 1741 4320 septima(Cur.
1760 4258 1891 4305 Phil.

1920 4273 1970 4323 p,
2006 4258 2238 4323 685,686.
2272 4260 2512 4309 Galland.
2538 4261 2792 4317 x111,7o7,
2812 4263 2903 4323 ll).
2923 4288 2984 4298 -

2328 1851 2650 1918 Σταυροῦται
2697 1846 2980 1917 σαρκωθεὶς
3009 1846 3034 1897 ό
3080 1851 3172 1898 τοῦ
3221 1848 3349 1897 Θεοῦ
3383 1847 3553 1914 Λόγος
3593 1847 3673 1895 καὶ
3697 1844 3807 1907 Θεὸς,

2258 1934 2340 1984 ἱνα
2392 1933 2640 2005 λαμπρῶς
2692 1930 2978 1986 ἀδικοῦντα
3040 1930 3274 2005 διελέγξῃ
3332 1936 3419 1984 τὸν
3470 1928 3709 1997 διάϐολον,
3742 1935 3809 1982 καὶ

2258 2023 2341 2073 ἵνα
2388 2026 2443 2074 τό
2488 2025 2619 2095 πρός
2667 2020 2971 2097 ἀνθρώπους
3019 2021 3225 2097 φίλτρον
3268 2025 3585 2094 παραστήσῃ
3632 2018 3810 2095 ἀνυπέρ-

2257 2109 2459 2176 ϐλητον,
2514 2116 2602 2163 καὶ
2655 2113 2736 2163 ἶνα
2790 2116 2859 2183 μὴ
2924 2108 3083 2173 δόξαν
3132 2112 3342 2183 εὐχερὲς
3384 2114 3443 2162 τό
3488 2112 3636 2181 λέγειν
3689 2109 3812 2161 αὐτὸν

2257 2196 2385 2252 εἶναι
2437 2205 2585 2265 Θεὸν,
2619 2200 2823 2261 πολλοῖς
2856 2199 3059 2273 ἀφορμὴ
3114 2202 3424 2271 κατασταθῇ
3462 2201 3690 2251 θεοποιεῖν
3724 2198 3813 2250 ἑαν-

2254 2294 2395 2354 τους,
2424 2295 2514 2342 καὶ
2544 2290 2739 2347 πλάνην
2770 2298 3044 2361 καταργῶν
3091 2290 3287 2347 πλάνην
3318 2289 3575 2361 εἰσαγάγῃ
3607 2287 3809 2360 ὀλέθριον

2255 2384 2343 2431 καὶ
2385 2380 2467 2430 ῖνα
2494 2387 2598 2438 τοῖς
2625 2377 2671 2430 ἐν
2713 2378 2975 2454 ἐπηρείαις
3023 2383 3111 2430 καὶ
3142 2376 3445 2439 ἐπιϐουλαῖς
3481 2381 3567 2428 καὶ
3593 2382 3813 2427 atumem

2254 2472 2385 2540 πρὸς
2444 2469 2659 2521 θάνατον
2718 2467 2975 2540 ἁγούσαις
3048 2467 3450 2539 ἐξεταζομένης,
3503 2466 3668 2519 ἑαυτὸν
3710 2466 3811 2515 ὑπο-

2255 2564 2417 2629 μονῆς
2474 2562 2565 2610 καὶ
2621 2562 2896 2631 καρτερίας
2953 2554 3295 2630 παράδειγμα
3346 2559 3569 2629 προθεὶς,
3617 2558 3812 2628 γενναίως

2256 2650 2421 2719 φέρειν
2450 2652 2539 2698 καὶ
2584 2647 2914 2721 εὐχαρίστως
2944 2649 3324 2718 παρασκευάσῃ
3374 2648 3441 2697 τὰ
3471 2649 3806 2715 συμπίπτοντα’

2254 2740 2345 2787 καὶ
2398 2736 2479 2786 ἵνα
2528 2739 2585 2787 τὸ
2638 2737 3084 2789 πανσθενέστατον
3142 2734 3303 2787 αὐτοῦ
3355 2734 3546 2807 μᾶλλον
3588 2738 3807 2806 φανιρὼσζ

2256 2831 2348 2884 τῆς
2405 2819 2713 2896 δυνάμεως·
2779 2828 2836 2876 τό
2898 2828 2987 2897 μεν
3056 2827 3157 2898 γὰρ
3215 2823 3365 2897 ῥώμῃ
3428 2827 3517 2875 καὶ
3568 2826 3697 2895 χειρὶ
3744 2824 3813 2870 καὶ

2256 2913 2429 2973 ὅπλοις
2477 2918 2566 2966 καὶ
2622 2917 2926 2987 συμμάχοις
2968 2916 3054 2966 τόν
3109 2912 3407 2977 ἀντίπαλον,
3448 2912 3688 2964 ἐπαινετὸν
3724 2912 3810 2981 μὲν,

2256 3010 2355 3055 τῶν
2406 3005 2643 3065 συνήθως
2694 3000 2752 3055 δὲ
2793 2999 3261 3077 διαπεπραγμένων
3310 3007 3403 3054 καὶ
3458 2997 3601 3053 mitra
3645 2998 3811 3068 εἰσάγον

2259 3092 2528 3163 θεουργίας
2572 3091 2827 3165 ἐξαίρετον
2863 3109 2874 3120 ·
2907 3096 2965 3143 τὸ
3013 3088 3103 3143 διὰ
3152 3093 3403 3154 θανάτου,
3436 3089 3581 3142 αὐτόν
3608 3107 3656 3140 τε
3691 3089 3811 3139 θοίνα·

2254 3200 2340 3233 τον
2380 3186 2468 3233 καὶ
2524 3178 2660 3252 ᾅδην
2716 3187 2801 3234 καὶ
2851 3178 3092 3234 διάϐολον
3142 3185 3231 3232 καὶ
3276 3183 3372 3242 τὰς
3425 3178 3593 3253 ἀρχὰς
3630 3182 3707 3229 καί
3746 3178 3813 3235 τὰς

2256 3269 2493 3333 ἐξουσίας
2545 3279 2634 3323 τοῦ
2691 3276 2891 3343 κόσμου
2951 3274 3287 3345 καταργῆσαί
3336 3288 3395 3322 τε
3447 3274 3534 3320 καί
3584 3264 3813 3342 θριαμϐεῦ-

2258 3379 2366 3425 σαι,
2400 3368 2553 3412 τοῦτο
2604 3360 2663 3412 ἆν
2716 3364 2793 3419 εἴη
2836 3363 2899 3421 ὡς
2945 3359 3151 3421 ἀληθῶς
3191 3367 3279 3420 τῆς
3320 3360 3450 3433 ὑπὲρ
3496 3365 3604 3409 νοῦν
3647 3359 3722 3406 καὶ
3756 3356 3812 3405 ἓν-

2253 3468 2392 3501 νοιαν
2436 3456 2917 3524 παντοκρατορικῆς
2968 3444 3232 3519 δυνάμεως
3284 3454 3378 3499 τοῦ
3430 3452 3590 3500 Θεοῦ·
3632 3449 3708 3496 καὶ
3747 3444 3813 3493 ἱνα

2253 3543 2347 3596 τὴν
2397 3538 2676 3612 ὑπερϐολὴν
2738 3548 2837 3590 τῶν
2891 3537 2962 3597 εἰς
3016 3538 3156 3610 ἡμᾶς
3221 3535 3431 3607 ἀγαθῶν
3491 3531 3808 3605 ἐνδειξάμενθςρ

2252 3632 2528 3701 χρεώστας
2560 3636 2654 3690 τῆς
2697 3630 2925 3699 καθαρᾶς
2970 3630 3099 3701 πρὸς
3143 3626 3300 3678 αὐτόν
3340 3624 3551 3697 ἀγάπης
3587 3622 3810 3695 παραστέ·

2257 3735 2344 3788 σῃ,
2391 3722 2480 3767 καὶ
2523 3726 2618 3778 τῆς
2662 3720 2797 3769 κατὰ
2842 3719 2957 3776 τοὺς
3010 3715 3169 3768 αὐτοῦ
3222 3719 3409 3786 νόμους
3451 3714 3725 3771 πολιτείας*
3752 3704 3808 3758 δι’

2253 3806 2318 3855 ὧν
2368 3808 2424 3856 τὸ
2483 3803 2663 3879 κέρδος
2715 3806 2781 3867 εἰς
2834 3807 2967 3876 ἡμᾶς
3016 3805 3206 3867 αὐτοὺς
3254 3803 3640 3877 ἀναστρέφεται,
3686 3797 3808 3871 βαω⁸

2252 3893 2390 3955 λείας
2420 3897 2543 3966 ἡμῖν
2574 3895 2764 3969 κλῆρος
2811 3897 2883 3964 ὄν,
2916 3915 3003 3947 και
3052 3895 3101 3948 ἐν
3148 3890 3460 3966 ἀδιηγήτοις
3490 3889 3705 3963 διαγωγή
3740 3888 3807 3937 καὶ

2254 3982 2451 4036 ἀπόλαυ
2460 4004 2513 4036 σι
2523 4006 2561 4047 ς.

2796 4079 3114 4127 ΕΡΩΤΗΣΙΣ
3150 4072 3317 4129 ΣΜΙΪ.

3004 4260 3282 4321 Quomodo
3311 4256 3657 4309 concillianda
3679 4250 3805 4302 verba

1231 4320 1247 4366 Ι
1274 4318 1387 4368 Cor.
1415 4318 1523 4375 ζειν,
1557 4321 1634 4377 22,
1674 4336 1797 4369 cum
1826 4318 2015 4373 Matth.
2054 4335 2121 4377 ix,
2158 4322 2218 4369 22
2245 4339 2255 4381 ;
2290 4336 2399 4378 xui,
2433 4324 2511 4379 58,
2548 4328 2601 4372 et
2630 4318 2892 4373 similibus
2919 4318 3050 4374 locis
3080 4323 3107 4371 ἢ

492 4408 789 4484 Quomodo
812 4408 1038 4484 dictum
1066 4408 1222 4484 illud
1238 4409 1708 4484 apostolicum”:
1744 4410 1984 4484 (iSigua
2016 4427 2137 4484 non

2254 4419 2368 4473 Πῶς
2443 4412 2935 4484 πμϐιϐασθήσεται
3004 4416 3062 4465 τὸ
3135 4410 3484 4465 ἁποστολικόν
3553 4410 3707 4484 puni”.
3759 4402 3801 4451 τὸ

558 4480 949 4541 credentibus,
994 4480 1094 4535 sed
1124 4479 1443 4535 incredulis
1468 4494 1489 4547 ;
1532 4502 1559 4531 »
1591 4496 1717 4535 cum
1747 4481 1870 4535 illis
1903 4482 2138 4536 Domini

560 4552 823 4607 oraculis
855 4551 1165 4606 conciliari
1216 4558 1402 4621 potest
1438 4554 1478 4587 ¹¹
1516 4568 1527 4605 :
1563 4552 1732 4607 Fides
1775 4560 1878 4608 tua
1904 4554 2137 4610 salvum

560 4627 615 4695 te
642 4622 784 4695 fecit
802 4639 828 4695 ,j
850 4645 868 4671 ι
891 4629 944 4677 et
980 4637 991 4674 :
1030 4644 1055 4673 ι(
1085 4624 1212 4678 Non
1230 4626 1463 4692 poterat
1485 4624 1686 4687 facere
1705 4624 1879 4695 signa
1900 4632 2139 4695 propter

557 4693 1028 4766 incredulitatem
1087 4710 1313 4766 eorum;
1344 4715 1371 4747 »
1406 4695 1655 4766 itemque
1709 4693 1854 4761 alia,
1884 4693 2137 4752 eamdem

570 4766 921 4821 sententiam
953 4765 1317 4823 inculcantia
1358 4768 1425 4820 ¹².

561 4925 666 4989 Qui
695 4925 956 4982 discendi
990 4926 1187 4984 studio
1216 4927 1273 4983 in
1300 4927 1423 4983 haec
1452 4928 1713 5000 inquirit,
1734 4926 1813 4983 illi
1844 4926 2137 4984 dictorum

488 5028 699 5067 sensus
726 5030 839 5069 non
866 5014 1183 5073 difficulter
1213 5018 1453 5085 patebit.
1518 5017 1629 5072 Illis
1662 5017 1840 5085 enim,
1892 5018 2137 5090 quijam

486 5117 593 5175 per
616 5106 854 5173 tempus
882 5104 1124 5175 aliquod
1147 5108 1545 5172 crediderunt,
1580 5124 1688 5163 nec
1722 5107 1905 5162 dubio
1934 5107 2136 5179 aliquo

488 5192 562 5247 de
581 5192 1110 5264 magnoillo,quod
1132 5196 1498 5266 proﬁtemur,
1519 5198 1797 5267 mysterio
1821 5202 2134 5266 vexantur;

486 5278 753 5337 similiter
781 5297 923 5336 vero
964 5283 1142 5338 etiam
1170 5284 1304 5351 illis,
1337 5286 1440 5356 qui
1471 5285 1865 5342 incredulitati
1900 5285 2134 5358 penitus

558 5390 605 5425 ¹⁰
635 5392 650 5444 1
682 5390 809 5444 Cor.
839 5404 958 5453 xxv,
993 5392 1079 5443 '22.
1146 5391 1185 5424 “
1218 5392 1413 5448 Matth.
1445 5408 1501 5446 1x
1529 5396 1615 5447 22.

1698 5395 1741 5428 ί²
1770 5393 1973 5450 Matth.
2010 5411 2123 5460 xm,
2156 5393 2241 5450 58.

2322 4481 2557 4569 ‘ffé‘axot‘
2644 4505 2701 4569 (ί,
2734 4488 2811 4537 Τὰ
2888 4491 3080 4557 σημεῖα
3166 4483 3227 4535 οὐ
3306 4491 3419 4544 τοῖς
3496 4481 3798 4569 merula-sem

2320 4548 2449 4608 ἀλλὰ
2500 4562 2604 4616 τοῖς
2680 4548 2970 4618 ἀπίστοις,’
3004 4576 3032 4607 »
3110 4562 3220 4616 τοῖς
3275 4559 3601 4612 Δεσποτικοίς
3647 4548 3800 4617 λογίοις

2320 4635 2426 4687 τοῖς
2493 4627 2769 4699 λέγουσιν’
2820 4647 2857 4699 _«
2910 4627 2967 4679 Ἠ
3024 4630 3205 4687 πίστις
3275 4645 3369 4680 σου
3442 4626 3631 4699 σέσωκέ
3663 4636 3733 4699 ⁵ιη.
3762 4635 3795 4699 ,ι

2324 4703 2443 4771 Καὶ,
2508 4689 2705 4771 ((Ὀυκ
2768 4696 2998 4758 ἠδύνατο
3054 4706 3277 4757 ποιῆσαι
3348 4704 3539 4768 σημεῖα
3586 4689 3799 4771 ’διὰητήν

2322 4759 2570 4821 ἀπιστίαν
2594 4770 2760 4822 αὐτῶν
2787 4791 2798 4804 ·
2828 4790 2857 4823 ))
2884 4773 2975 4823 καὶ
3007 4771 3108 4822 ὅσα
3127 4770 3258 4821 ἄλλα
3277 4772 3371 4827 τὴν
3400 4759 3556 4826 αὐτὴν
3576 4759 3797 4817 ὑποϐάλλει

2322 4838 2561 4893 διάνοιαν
2586 4858 2599 4909 ;
3392 4866 3397 4867 ν

2318 4937 2401 5002 Τῷ
2451 4928 2775 5006 διερευνῶντι
2825 4930 3119 5003 φιλομαθῶς
3164 4930 3258 4983 οὐκ
3284 4925 3525 5002 ἐργώδης
3570 4932 3655 4979 τῶν
3691 4918 3795 4991 εἰρη·

2247 5023 2407 5091 μένων
2463 5022 2491 5077 ἡ
2537 5024 2879 5081 κατανόησις,
2937 5027 3053 5081 Τοῖς
3096 5038 3149 5072 τε
3186 5022 3286 5092 γὰρ
3340 5015 3449 5077 ἤδη
3480 5020 3643 5089 χρόνῳ
3679 5026 3794 5063 πεπυ

2251 5113 2516 5176 στευκόσι,
2566 5114 2657 5161 καὶ
2715 5106 2978 5182 μηδεμίαν
3038 5107 3348 5181 ἀμφιϐολίαν
3419 5111 3534 5181 περὶ
3581 5109 3663 5155 τοῦ
3704 5092 3792 5148 καθ’

2248 5200 2387 5269 ἡμᾶς
2444 5203 2741 5273 μυστηρίου
2812 5195 3283 5272 παραδεχομένοις,
3334 5199 3581 5255 ὡσαύτως
3628 5187 3677 5242 δὲ
3727 5186 3791 5235 καὶ

2248 5294 2355 5349 τοῖς
2430 5287 2631 5349 τελείως
2708 5295 2768 5361 τῇ
2846 5286 3072 5360 ἀπιστίᾳ
3144 5289 3558 5361 κεκρατημένοις,
3607 5283 3681 5331 καί
3734 5274 3786 5344 μὴ

2090 5494 2318 5549 ΝΟΤιΕ.

558 5586 639 5662 (1)
673 5586 835 5643 Hanc
874 5585 1267 5659 quaestionem
1299 5588 1425 5658 jam
1450 5588 1671 5644 editam
1703 5590 1893 5645 Maius
1932 5607 2141 5647 rursus
2170 5591 2328 5664 typis
2355 5592 2675 5651 mandavit
2708 5593 2869 5665 (Νου.
2904 5594 3065 5651 Coll.
3104 5597 3143 5651 t.
3184 5592 3264 5658 IX,
3299 5608 3357 5666 p.
3384 5591 3526 5661 116.)
