4026 6196
132 256 271 320 1053

1063 259 1156 317 AD
1197 259 1754 318 AMPHILOCHIUM
1793 259 2123 330 QU/ESTIO
2165 259 2606 318 CCXLVI-CCL.

3365 264 3500 319 1054

125 389 343 442 θελουσι
393 383 487 439 διὰ
537 393 636 439 τῶν
702 391 928 458 σημείων
967 390 1095 459 πρὸς
1141 392 1234 445 τὴν
1271 386 1532 440 εύσέϐειαν
1592 406 1742 462 χειρ-

1857 393 1986 442 sunt
2016 385 2282 450 obnoxii,
2313 401 2420 442 nec
2459 385 2535 440 ad
2567 384 2903 440 doctrinam
2933 387 3166 457 pietatis
3197 403 3300 458 per
3326 388 3503 444 mira-

125 479 498 548 αγωγηθῆναι,
529 478 669 528 κενὸν
726 481 816 528 καὶ
872 477 1092 548 μάταιον
1148 479 1176 534 ἡ
1229 485 1328 528 τῶν
1379 480 1606 548 σημείων
1633 475 1740 528 ἐπί-

126 563 319 628 δειξις.
360 572 480 626 Τοῖς
530 560 590 616 δέ
640 565 778 635 γεέν
825 573 886 637 τῇ
944 565 1164 638 ἀπιστίᾳ
1204 569 1294 637 μὲν
1351 567 1738 638 τεθραμμένοις,

124 654 241 708 εἶτα
281 656 454 727 ἠρέμα
499 673 604 714 πως
655 657 774 714 τοὺς
827 654 1110 726 λογισμούς
1162 658 1288 726 πρὸς
1334 659 1426 712 τὴν
1481 654 1740 707 εὐσέϐειαν

124 741 403 796 ἐνδιδόναι
435 739 872 814 διανισταμένοις,
905 747 1103 804 τούτοις
1143 744 1307 795 οἰκεία
1362 749 1452 796 καὶ
1508 748 1742 817 πρόσφο-

124 853 219 906 ρος
257 841 362 885 τῶν
420 828 732 907 παραδόξων
795 835 956 906 ἔργων
1006 834 1034 890 ἡ
1085 838 1389 905 φανέρωσις.
1441 836 1536 885 Διὰ
1591 840 1740 884 τοῦτο

125 929 221 974 καὶ
251 925 279 974 6
317 925 508 994 Κύριος
572 925 686 974 οὔτε
728 924 871 996 παρά
925 931 1024 973 τῶν
1063 923 1319 984 παντελῶς
1377 921 1610 974 ἀπίστων
1657 926 1741 973 πίο

128 1032 249 1065 στιν
291 1012 549 1073 ἐπιζητεῖ.
607 1007 762 1066 Ἥδει
806 1014 906 1083 γὰρ
952 1011 1057 1082 οὐχ
1114 1013 1366 1084 εύρίσκων
1412 1015 1460 1063 ἐν
1516 1011 1690 1071 αὐτοῖς
1725 1033 1736 1044 ·

125 1105 248 1154 οὗτε
306 1104 453 1175 παρά
508 1108 605 1152 τῶν
655 1100 939 1172 εἰλικρινῶς
994 1106 1432 1153 πεπιστευκότων.
1491 1100 1738 1174 Προειλη-

125 1211 210 1263 φει
260 1193 367 1264 γὰρ
427 1194 514 1242 καὶ
565 1192 758 1246 ταύτην
809 1195 1297 1261 προεισενεγκὸντων
1344 1190 1535 1245 αὐτῶν.
1584 1196 1741 1247 Ζητεῖ

124 1277 186 1332 δε
235 1280 363 1351 παρ’
413 1277 631 1342 ἐκείνων,
686 1276 733 1330 οἱ
791 1277 845 1341 ἐξ
883 1277 1124 1340 ἀσεϐείας
1171 1279 1241 1339 εἰς
1285 1277 1545 1330 εὐσέϐειαν
1583 1298 1742 1350 μετα-

125 1367 461 1440 ϐαλλόμενοι,
510 1365 616 1426 ἤδη
669 1367 782 1438 (44)
839 1371 930 1426 τὴν
962 1373 1139 1420 πίστιν
1177 1364 1456 1420 ὠδίνουσιν
1515 1367 1563 1420 ἐν
1617 1367 1741 1419 ἐαυ-

123 1464 258 1518 τοίς.
295 1464 421 1519 Τοῖς
448 1461 618 1510 τοίνυν
648 1464 858 1518 πιστοῖς
909 1456 967 1508 ού
1028 1453 1243 1509 δίδοται
1284 1459 1346 1508 τά
1396 1464 1606 1529 σημεῖα.
1652 1464 1744 1509 Πε-

123 1549 305 1617 ριττὸν
334 1547 456 1619 γάρ.
491 1543 632 1598 Ούδε
669 1552 774 1606 τοῖς
826 1543 1182 1617 ἀμεταϐλήτως
1235 1548 1454 1616 ἔχουσιν
1503 1544 1602 1596 ἀπὸ
1651 1553 1746 1607 τῆς

127 1638 403 1696 ἀπιστίας.
453 1634 537 1696 Εἰς
575 1639 715 1687 κενὸν
768 1637 891 1707 γὰρ.
939 1633 1096 1688 Ἀλλά
1147 1642 1254 1696 τοῖς
1308 1633 1360 1696 ἐξ
1401 1633 1644 1694 ἀπιστίας
1675 1634 1746 1696 εἰς

1849 475 2210 532 culaadduci
2226 476 2490 546 cupiunt,
2512 475 2824 544 signorum
2837 475 3269 531 demonstratio
3282 477 3504 534 frustra

1848 571 1903 620 et
1936 580 2082 620 vano
2126 569 2340 620 conatu
2397 563 2659 618 offertur.
2712 563 2928 619 Contra
2969 580 3105 619 vero
3145 564 3276 629 illis,
3309 566 3412 636 qui
3443 566 3503 621 in

1848 652 2260 709 incredulitate
2313 653 2544 708 educati
2593 653 2836 723 quidem
2897 657 3055 721 sunt,
3107 659 3315 724 postea
3366 670 3502 710 vero

1850 743 2073 798 sensim
2134 752 2391 797 mentem
2461 758 2629 796 suam
2682 741 2756 795 ad
2821 742 3094 813 pietatem
3164 747 3503 798 convertere

1851 831 2422 901 sustinent,operum
2439 828 2850 884 mirandorum
2868 830 3264 885 manifestatio
3277 847 3506 886 accom-

1849 920 2093 978 modata
2121 926 2176 974 et
2205 920 2476 990 proﬁcua
2507 925 2618 974 est.
2652 921 2964 989 Propterea
2996 924 3053 974 et
3087 920 3370 974 Dominus
3396 935 3505 975 nec

1849 1011 1927 1066 ab
1948 1009 2080 1072 illis,
2102 1008 2204 1080 qui
2234 1007 2472 1080 penitus
2502 1008 2992 1076 erantincreduli,
3020 1008 3200 1064 fidem
3219 1009 3501 1079 postulat;

1848 1104 2092 1154 noverat
2107 1097 2267 1153 enim
2299 1114 2361 1152 se
2384 1098 2544 1168 apud
2571 1098 2698 1152 illos
2724 1113 2839 1151 non
2863 1097 3237 1152 inventurum
3273 1115 3283 1152 :
3311 1114 3505 1170 neque

1849 1188 1923 1244 ab
1953 1189 2084 1253 illis,
2129 1188 2232 1258 qui
2273 1187 2497 1242 sincere
2528 1187 2895 1252 credebant;
2931 1193 3172 1242 noverat
3210 1189 3370 1242 enim
3402 1204 3504 1243 eos

1848 1276 1988 1332 ilam
2015 1276 2142 1346 jam
2172 1280 2308 1330 ante
2337 1277 2645 1346 probasse.
2676 1275 2940 1331 Postulat
2967 1291 3106 1330 vero
3134 1275 3212 1331 ab
3243 1276 3376 1341 illis,
3401 1281 3506 1349 qui

1851 1367 1929 1421 ab
1950 1365 2252 1437 impietate
2283 1366 2361 1419 ad
2393 1363 2674 1436 pietatem
2707 1365 2973 1419 conversi
3001 1365 3181 1420 tidem
3225 1366 3388 1436 apud
3417 1383 3506 1422 se-

1853 1456 2020 1526 ipsos
2053 1452 2477 1525 parturiebant.
2528 1453 2914 1508 Credentibus
2944 1454 3143 1526 itaque
3179 1454 3351 1524 signa
3380 1471 3504 1512 non

1854 1545 2156 1610 eduntur;
2199 1543 2258 1598 id
2311 1543 2466 1599 enim
2526 1558 3044 1614 supervacaneum
3096 1542 3277 1600 foret:
3311 1560 3504 1616 neque

1855 1633 1987 1699 illis,
2066 1633 2169 1704 qui
2236 1633 2313 1688 ab
2394 1633 2806 1688 incredulitate
2873 1633 3108 1688 avocari
3181 1649 3302 1688 non
3367 1650 3506 1705 pos-

124 1731 313 1776 πίστιν
360 1722 842 1795 μεταϐαλλομένοις.
873 1723 968 1775 Ὧν
1017 1728 1106 1776 καὶ
1168 1726 1194 1781 ἡ
1256 1728 1431 1783 πίστις
1483 1723 1747 1783 ἐπιζητεί-

1857 1730 2039 1788 sunt;
2105 1721 2323 1778 frustra
2406 1721 2565 1777 enim
2647 1720 2711 1777 id
2787 1721 2996 1788 ﬁeret;
3056 1721 3157 1776 sed
3207 1722 3320 1777 illis
3372 1728 3505 1779 tan-

123 1833 215 1865 ται
292 1811 754 1888 τελεσφορηθῆναι,
831 1817 920 1864 καὶ
993 1812 1427 1886 τελεσφορουμένη
1505 1812 1746 1886 πρόξενος

123 1907 329 1970 γίνεται
357 1911 454 1964 τῆς
500 1902 831 1962 ἀπολαύσεως
887 1909 987 1952 τῶν
1043 1903 1383 1973 θεοσημειῶν.
1450 1897 1617 1954 Οὐδὲν
1657 1899 1744 1954 οὖν

125 1988 468 2063 διαμάχεται
523 1999 614 2043 τοῦ
675 1993 953 2043 θεσπεσίου
1026 1990 1230 2043 [Ιαύλοῦ
1323 1992 1351 2049 ἡ
1405 1995 1542 2063 φωνὴ
1641 1999 1745 2052 τοῖς

125 2080 490 2151 tier/ython;
547 2081 777 2155 ῥήμασι.
840 2085 976 2152 Πρὸς
1029 2080 1140 2150 (45)
1193 2083 1282 2151 μεν
1334 2083 1433 2154 γὰρ
1497 2099 1744 2154 πεπωρω-

124 2175 318 2241 μένους
344 2173 440 2227 τὴν
470 2165 694 2241 καρδίαν
727 2171 820 2219 ούκ
877 2169 1027 2230 ἠξίου
1086 2164 1522 2241 παραδοξοποιεῐν
1579 2171 1604 2220 6
1659 2167 1742 2220 ἐπὶ

129 2263 376 2333 σωτηρίᾳ
422 2266 521 2310 τῶν
571 2255 852 2330 ἀνθρώπων
904 2260 1070 2309 πάντα
1112 2260 1347 2331 πράττων
1391 2263 1539 2318 Θεὸς.
1589 2259 1654 2309 Οἱ
1685 2255 1743 2310 δὲ

127 2348 425 2421 εἰλικρινῶς
479 2351 875 2408 πεπιστευκότες
931 2346 1024 2398 ούκ
1077 2343 1277 2399 ἐδέοντο
1335 2349 1528 2398 τούτων
1587 2347 1658 2406 εἰς
1685 2350 1742 2399 τὸ

129 2443 448 2488 πιστεῦσαι.
503 2435 822 2505 Ὑπὸλοιπον,
873 2439 1003 2508 πρὸς
1058 2438 1277 2496 ἑκείνους
1323 2438 1745 2508 θαυματουργίας

129 2532 216 2579 τὸν
250 2529 551 2596 τοῦγένους
579 2526 724 2596 ἡμῶν
774 2532 991 2596 Σωτῆρα
1043 2524 1309 2589 ἐπιτελεῖν,
1368 2525 1417 2576 οὶ
1482 2528 1625 2577 οὔπω
1654 2528 1742 2596 μὲν

131 2620 540 2674 πεπιστευκότες
567 2610 724 2676 ἦσαν,
776 2617 870 2671 τὴν
920 2610 978 2666 δὲ
1028 2623 1128 2666 τῶν
1161 2613 1393 2666 ἀπίστων
1443 2616 1514 2665 ἔτι
1563 2619 1743 2686 χώραν

131 2703 482 2778 ἀνεπλήρουν,
537 2704 675 2774 ὅμως
727 2705 961 2768 εζήτουν,
1029 2700 1101 2755 δι’
1160 2703 1227 2754 ὦν
1264 2706 1624 2771 πιστεύουσιν,
1656 2707 1745 2755 καὶ

131 2795 478 2866 χειραγωγὸν
520 2790 861 2864 λαμϐάνοντες
912 2794 978 2844 τά
1009 2800 1220 2864 σημεῖα,
1269 2791 1339 2854 είς
1378 2796 1472 2850 τὴν
1525 2801 1624 2844 τῶν
1661 2812 1745 2844 πι-

132 2903 270 2936 στων
304 2880 714 2954 μετηλλάττοντο
741 2889 926 2956 μοῖραν
939 2926 951 2938 .

679 3065 993 3114 ΕΡΩΤΗΣΙΣ
1033 3059 1208 3114 ΣΜΘ’.

129 3223 189 3275 Εἰ
251 3218 319 3279 ἦν
358 3223 389 3279 ἡ
457 3228 548 3292 γῆ,
617 3227 726 3282 πῶς
786 3218 1024 3306 ἐγένεςο;
1091 3219 1226 3290 λέγει
1281 3222 1406 3292 γάρ’
1471 3240 1498 3270 ‹‹
1569 3219 1628 3272 Ἠ
1683 3215 1742 3272 δὲ

811 3311 878 3363 ’νη
909 3311 989 3350 ην.
1035 3312 1062 3340 ››

1855 1815 2004 1876 tum,
2029 1812 2130 1883 qui
2158 1811 2234 1866 ab
2284 1810 2690 1866 icnredulitate
2727 1809 2804 1865 ad
2859 1810 3040 1865 ﬁdem
3074 1811 3502 1881 perducuntur.

1856 1903 2078 1956 Horum
2133 1901 2290 1956 enim
2331 1899 2480 1955 ﬁdes
2524 1900 2830 1971 perfectior
2881 1899 3050 1955 reddi
3102 1899 3300 1969 debet,
3353 1901 3506 1958 facta

1855 2007 1995 2047 vero
2026 1991 2338 2061 perfectior
2377 1989 2455 2044 ad
2495 1988 2753 2044 fructum
2816 2006 2886 2043 ex
2937 1988 3155 2044 divinis
3204 1990 3509 2046 miraculis

1854 2079 2217 2152 capiendum
2252 2077 2614 2148 perducitur.
2642 2077 2768 2132 Divi
2802 2079 3000 2148 itaque
3020 2077 3174 2132 Pauli
3197 2079 3507 2134 oraculum

1853 2185 1990 2224 cum
2025 2167 2214 2222 verbis
2257 2165 2553 2235 Evangelii
2581 2181 2700 2220 non
2724 2172 2971 2238 pugnat.
3013 2165 3070 2220 ln
3091 2183 3298 2222 eorum
3321 2167 3505 2234 enim,

1852 2259 1951 2329 qui
1982 2256 2161 2312 corde
2184 2256 2417 2327 penitus
2446 2254 2726 2310 obdurati
2752 2261 2936 2320 erant,
2962 2255 3210 2324 gratiam
3239 2257 3414 2322 Deus,
3446 2256 3507 2311 in

1849 2347 2166 2402 hominum
2209 2345 2463 2399 salutem
2510 2345 2714 2399 omnia
2742 2343 2988 2410 faciens,
3023 2344 3308 2400 miracula
3338 2346 3506 2402 edere

1854 2451 1972 2490 non
1991 2433 2340 2490 sustinebat.
2367 2433 2476 2499 Qui
2525 2449 2658 2487 vero
2700 2433 2927 2488 sincere
2957 2433 3351 2499 crediderant,
3388 2434 3506 2490 illis

1853 2525 1930 2580 ad
1957 2523 2319 2579 credendum
2345 2538 2464 2577 non
2495 2521 2863 2592 indigebant.
2910 2522 3276 2594 Relinquitur
3303 2524 3506 2596 itaque

1855 2613 2220 2670 Salvatorem
2276 2616 2544 2666 nostrum
2589 2626 2796 2666 eorum
2845 2627 3028 2666 causa
3080 2612 3368 2668 miracula
3403 2628 3507 2685 pa-

1856 2709 2062 2766 trasse,
2091 2702 2193 2774 qui
2218 2701 2488 2756 nondum
2513 2700 2904 2766 crediderant,
2930 2699 3032 2755 sed
3062 2700 3506 2757 incredulorum

1851 2792 2140 2848 hactenus
2177 2791 2379 2846 locum
2427 2795 2791 2861 occupantes
2839 2805 2909 2845 ea
2951 2791 3352 2862 requirebant,
3409 2807 3510 2861 per

1851 2897 1987 2952 quae
2019 2881 2098 2936 ad
2129 2880 2309 2934 ﬁdem
2342 2878 2739 2950 pervenirent,
2776 2879 3062 2934 miracula
3095 2883 3296 2934 autem
3328 2879 3510 2934 instar

1852 2969 2018 3024 ducis
2045 2968 2203 3023 nacti
2227 2970 2283 3024 in
2318 2966 2685 3022 credentium
2715 2973 2937 3022 ccetum
2973 2965 3502 3024 transferebantur.

1997 3057 2316 3122 QUESTIO
2349 3054 2820 3196 CCXLIgCgipgf.
2852 3055 3143 3112 CCXXIV.
3180 3057 3355 3111 Taur.

1851 3219 1918 3276 Si
1948 3226 2110 3275 terra
2127 3219 2246 3290 jam
2259 3223 2400 3274 esset
2417 3216 2699 3288 quomodo
2716 3217 2883 3285 facta
2903 3217 3114 3290 fuerit,
3140 3216 3297 3273 dixit
3310 3215 3459 3274 enim
3489 3230 3505 3274 :

2333 3285 2490 3342 terra
2511 3294 2706 3343 autem
2727 3291 2855 3343 erat
2881 3291 2995 3359 (46)
3019 3285 3047 3342 7

755 3388 911 3438 Edita
942 3401 974 3438 ἁ.
999 3388 1136 3438 Maio
1167 3387 1314 3451 (Nov.
1347 3388 1477 3438 Coll.
1515 3391 1550 3437 t.
1584 3389 1668 3446 IX,
1708 3389 1911 3453 p.116).
1948 3413 2006 3424 -
2037 3388 2095 3436 In
2127 3387 2252 3442 Gen,
2297 3399 2336 3442 Ι,
2362 3387 2408 3435 2.
2433 3386 2503 3434 De
2538 3388 2656 3434 ortu
2687 3389 2858 3434 terrae.

201 3480 442 3534 Ἱ-Ιλίθιον
474 3482 530 3531 τὸ
585 3477 824 3551 ἐρώτημα
884 3495 895 3507 ·

129 3569 388 3626 ἐποίησεν
421 3569 446 3620 6
469 3571 600 3630 Θεὸς
628 3571 713 3620 τὸν
741 3567 955 3640 ούρανὸν
986 3571 1076 3619 καὶ
1108 3571 1202 3625 τὴν
1227 3575 1344 3638 γῆν,
1380 3588 1406 3616 ››
1437 3567 1532 3619 ούκ
1573 3563 1744 3619 ἀίδιον

130 3656 420 3716 δηλονοντι
469 3659 562 3728 ἔφη
622 3661 710 3714 τὴν
765 3664 863 3728 γῆν
922 3671 934 3683 ⁸
969 3658 1062 3727 ἔφη
1116 3652 1176 3708 δὲ
1224 3656 1329 3728 οὐχ
1386 3658 1461 3708 ὅτι
1494 3652 1554 3714 ἧν
1598 3657 1627 3714 ἡ
1677 3665 1741 3728 γῆ

127 3746 433 3809 ἀπολύτως,
467 3744 574 3796 ἀλλ’
601 3747 680 3798 ὅτι
733 3741 793 3803 ἦν
853 3743 1314 3805 ἀκατασκεύαστος
1365 3746 1481 3796 ’ἔτι
1525 3747 1626 3817 γὰρ
1664 3743 1748 3796 ἀό-

962 3478 1118 3552 ὀγάρ
1177 3478 1350 3530 εἰπών·
1402 3498 1428 3530 ‹‹
1486 3478 1564 3531 Ἐν
1596 3477 1738 3552 ἀρχῇ

125 3856 299 3910 ρατος
333 3832 393 3893 ἦν
433 3833 751 3906 ἐπικειμένου
804 3841 897 3886 τοῦ
954 3829 1149 3896 ὕδατος
1207 3855 1219 3867 ·
1253 3839 1342 3887 καὶ
1391 3833 1748 3886 ἀκατασκεεύοιΔ

128 3945 280 3991 στος,
334 3923 558 3996 μηδέπω
612 3925 943 3995 κοσμηθεῖσα
993 3920 1198 3994 βλάστῃ
1278 3939 1290 3951 ·
1342 3927 1432 3976 καὶ
1485 3919 1631 3975 διατί
1657 3931 1746 3976 τοῦ

125 4018 308 4088 φωτὸς
356 4022 557 4085 πρῶτον
592 4009 752 4074 εἶδος,
799 4008 910 4064 εἶτα
984 4016 1042 4064 τὸ
1127 4013 1456 4084 ὑποκείμενον
1513 4016 1628 4071 ἤτοι
1691 4017 1746 4064 τὸ

123 4105 354 4163 ἡλιακὸν
413 4111 566 4175 σῶμα
617 4103 954 4165 ύπίστησεν;
1009 4101 1092 4152 ἵνα
1133 4102 1600 4174 θαυματουργὴσῃ,
1653 4121 1744 4172 φη·

126 4201 220 4248 σὶν
243 4195 270 4246 6
304 4192 579 4263 Θεολόγος,
604 4191 818 4264 μείζονα
848 4205 860 4216 ·
923 4185 1101 4247 ἐπειδὴ
1140 4192 1240 4261 γὰρ
1272 4197 1378 4251 τοῖς
1409 4189 1578 4250 α’λλοις
1623 4189 1746 4246 ύλην

121 4287 548 4357 προϋποστησας
623 4277 971 4344 εἰδοποίησεν,
1039 4278 1253 4352 ὕστερον
1333 4277 1477 4340 τάξιν
1544 4278 1748 4349 ἑκάστῳ

120 4377 223 4425 καὶ
280 4379 476 4444 σχῆμα
527 4375 614 4422 καὶ
660 4370 874 4441 μέγεθος
925 4369 1165 4439 περιθεὶς,
1227 4365 1446 4418 ἐνταῦθα
1513 4363 1747 4438 παραδο-

123 4461 344 4533 ξότερον
401 4465 498 4521 τῆς
550 4459 675 4519 ύλης
720 4461 777 4509 τό
851 4451 986 4516 εἶδος
1038 4460 1477 4530 προύπεστήσατο
1527 4472 1540 4486 ⁸
1607 4451 1748 4518 εἶδος

122 4553 237 4622 γὰρ
264 4548 419 4607 ἡλίου
439 4551 497 4600 τὸ
526 4555 646 4619 φῶς.

708 4641 1020 4690 ΕΡΩΤΗΣΙΣ
1059 4631 1153 4687 ΣΝ’
1166 4676 1178 4688 .

127 4727 201 4781 Εἰ
266 4728 324 4780 τὸ
393 4733 500 4798 φῶς
540 4727 566 4776 ὸ
633 4728 761 4787 Θεὸς
828 4721 1264 4811 ἐδημιούργησεν,
1329 4724 1423 4811 ούκ
1471 4721 1639 4804 ,αύτὸς
1690 4727 1746 4776 τὸ

285 4793 475 4858 σκότος
498 4796 754 4854 ἐποίησεν·
780 4793 983 4848 ἐναντία
1005 4793 1104 4868 γὰρ
1137 4802 1304 4846 ταῦτα
1342 4793 1599 4855 ἀλλήλοις.

1927 3477 2114 3534 Stulta
2143 3482 2234 3532 est
2263 3475 2391 3531 11th
2415 3474 2672 3547 qurestio
2702 3475 2839 3547 ;qui
2861 3474 3011 3530 enim
3039 3474 3186 3531 dixit
3215 3495 3226 3534 :
3261 3474 3328 3531 In
3357 3475 3508 3547 prin-

1854 3567 2010 3639 cipio
2042 3565 2264 3621 creavit
2292 3566 2442 3620 Deus
2464 3563 2679 3620 caelum
2714 3570 2770 3619 et
2792 3569 3029 3631 terram,
3059 3579 3179 3619 non
3207 3563 3509 3621 evidenter

1854 3661 2070 3713 terram
2103 3661 2386 3710 aeternam
2429 3669 2556 3710 esse
2597 3652 2743 3708 dixit
2777 3670 2789 3708 :
2819 3653 2968 3708 dixit
3001 3654 3156 3708 enim
3192 3669 3312 3709 non
3342 3653 3509 3725 quod

1853 3749 2011 3801 terra
2029 3750 2153 3801 erat
2171 3743 2461 3809 absolute,
2485 3742 2588 3798 sed
2619 3742 2784 3815 quod
2811 3748 2938 3798 erat
2967 3743 3262 3800 inornata.
3298 3742 3508 3799 Adhuc

1854 3835 2012 3890 enim
2035 3827 2349 3888 invisibilis
2377 3837 2520 3896 erat,
2540 3831 2711 3903 aquis
2729 3831 3106 3886 circumdata
3131 3837 3187 3888 et
3209 3832 3508 3902 inornata,

1854 3923 2016 3978 nullo
2075 3921 2255 3977 modo
2314 3923 2388 3976 ad
2443 3918 2959 3976 fructiﬁcationem
3021 3924 3377 3992 praeparata.
3439 3922 3506 3976 Et

1851 4027 2040 4082 quare
2065 4010 2308 4066 luminis
2339 4008 2604 4080 primum
2629 4007 2912 4063 visionem
2948 4017 3153 4079 postea
3185 4025 3322 4063 vero
3371 4023 3510 4079 sup-

1855 4101 2136 4171 positum,
2166 4099 2226 4153 id
2258 4102 2363 4162 est,
2409 4097 2554 4151 solis
2585 4096 2988 4151 substantiam
3035 4098 3355 4152 constituat
3385 4096 3412 4151 ‘?
3447 4101 3510 4152 ut

1856 4189 2108 4258 majora,
2132 4187 2272 4242 dicit
2292 4186 2652 4253 Theologus,
2674 4185 2849 4241 faciat
2869 4184 3182 4241 mirabilia.
3208 4183 3509 4256 Siquidem

1854 4277 1984 4333 aliis
2013 4276 2290 4343 formam,
2317 4273 2730 4346 praeexisteute
2768 4273 3034 4339 materia,
3069 4273 3252 4338 dedit,
3295 4278 3509 4345 postea

1853 4365 2120 4422 ordinem
2181 4365 2498 4434 unicuique
2537 4369 2592 4418 et
2649 4365 2871 4418 statum
2906 4368 2961 4417 et
3029 4361 3506 4432 magnitudinem

1853 4454 2167 4526 disposuit.
2205 4453 2302 4508 llic
2353 4459 2550 4507 autem
2612 4451 2779 4523 quod
2817 4456 2905 4507 est
2936 4451 3270 4507 mirabilius
3325 4455 3510 4508 mate-

1852 4543 1953 4599 riae
1972 4543 2228 4598 formam
2248 4543 2411 4614 prius
2427 4546 2604 4609 creat,
2623 4539 2812 4595 forma
2831 4541 2989 4596 enim
3007 4539 3149 4595 solis
3179 4544 3264 4595 est
3281 4538 3506 4595 lumen.

1855 4632 2180 4699 QUIESTIO
2219 4631 2348 4689 CCL
2387 4631 2588 4701 [CoisL
2638 4628 2938 4686 CCLXXV.
3008 4631 3185 4685 Taur.
3239 4629 3505 4702 CCLXV].

1855 4722 1921 4779 Si
1961 4724 2157 4778 tamen
2174 4723 2325 4775 Deus
2341 4721 2574 4784 creavit,
2610 4735 2726 4774 non
2751 4719 2875 4786 ipse
2891 4719 3161 4776 tenebras
3177 4717 3316 4789 fecit
3338 4736 3350 4783 ;
3386 4718 3509 4776 haec

2229 4791 2383 4848 enim
2415 4791 2573 4846 inter
2601 4806 2658 4846 se
2685 4794 2954 4860 pugnant
2987 4791 3122 4862 (47).

586 4894 737 4944 Edita
767 4907 800 4943 a
824 4893 960 4943 Maio
985 4894 1039 4953 (l.
1069 4906 1113 4942 c.
1148 4906 1199 4955 p.
1234 4891 1343 4948 117,
1380 4906 1432 4955 q.
1461 4892 1592 4953 249).
1615 4917 1676 4928 -
1700 4893 1776 4941 An
1805 4892 1943 4941 Deus
1972 4889 2306 4941 auctorlucis
2339 4888 2588 4939 tenebras
2610 4902 2788 4938 creare
2807 4888 3067 4951 potuerit.

206 4985 451 5040 Ἐναντία
507 4986 597 5056 μὲν
649 4983 906 5048 ἀλλήλοις,
988 4981 1095 5034 ἀλλ’
1163 4979 1422 5051 ἀναγκαῖα
1478 4988 1589 5042 τοῖς
1655 4979 1745 5032 ἀν-

123 5079 366 5150 θρώποις
418 5073 682 5148 ἀμφότερα
713 5090 724 5102 ·
781 5078 870 5125 καὶ
918 5080 1069 5124 τοῦτο
1102 5075 1190 5122 καὶ
1242 5065 1462 5123 ὸΔαϐιδ
1521 5068 1745 5142 ἕξυμνῶν

122 5172 221 5226 τὴν
248 5173 346 5218 τοῦ
392 5171 618 5222 ΙΙοιητού
664 5163 1046 5235 μεγαλουργίαν
1100 5161 1233 5232 λίγει
1292 5175 1305 5188 ·
1374 5180 1402 5211 ι(
1435 5158 1590 5212 ’Ἐθου
1621 5161 1742 5231 γὰρ,

119 5261 286 5329 φησὶ,
321 5258 533 5318 σκότος,
563 5258 651 5306 καὶ
682 5252 878 5325 ἐγένετο
908 5251 1018 5321 νὺξ,
1057 5272 1081 5302 υ
1139 5269 1190 5302 κ.
1239 5269 1283 5306 τ,
1314 5248 1360 5304 λ.
1424 5250 1536 5317 ἕως,
1571 5270 1598 5298 ‹‹
1632 5248 1745 5312 Ἐξο

1928 4983 2073 5036 Sunt
2097 4978 2342 5051 quidem
2399 4978 2550 5032 inter
2572 4994 2632 5032 se
2668 4977 2986 5041 contraria,
3023 4976 3127 5033 sed
3161 4977 3510 5034 hominibus

1855 5069 2038 5125 ambo
2067 5067 2418 5123 necessaria.
2447 5067 2566 5121 Hoc
2594 5066 2780 5122 David
2801 5065 3092 5122 Creatoris
3124 5067 3510 5136 magniﬁcen-

1856 5158 2018 5222 tiam,
2052 5155 2434 5229 proclamans
2462 5153 2602 5210 dicit
2637 5171 2646 5210 :
2689 5178 2708 5204 ι
2742 5154 2994 5211 Posuisti
3022 5156 3180 5211 enim
3209 5155 3504 5222 tenebras,

1854 5247 2064 5320 inquit,
2119 5251 2174 5301 et
2213 5244 2370 5300 facta
2419 5249 2505 5299 est
2535 5260 2673 5309 uox,
2719 5267 2746 5294 »
2779 5250 2835 5300 et
2868 5244 3096 5318 reliqua
3147 5261 3338 5319 usque
3379 5245 3503 5303 ad:

1710 5347 1937 5404 NOTAE.

198 5451 325 5522 (44)
356 5448 453 5504 Sic
484 5446 792 5522 Colbrpro
834 5445 962 5522 πῖπῖπηΣ

199 5515 322 5594 (45)
372 5524 501 5595 πρὸς
531 5515 798 5577 ἱιιιιάέει
830 5536 902 5575 ex
933 5517 1093 5574 Colb.
1146 5515 1312 5590 quod
1343 5531 1553 5572 sensus
1593 5531 1725 5587 pos-

120 5595 326 5739 mlaté)
355 5663 519 5720 Hanc
545 5662 1022 5720 dissertationem
1051 5661 1296 5719 Photius
1316 5659 1434 5717 fere
1462 5662 1646 5715 totam
1667 5673 1738 5714 ex

1857 5441 2234 5514 Theodoretq
2253 5439 2466 5514 q.7757in
2492 5441 2697 5514 Genes.
2727 5440 2901 5514 (Opp.
2928 5442 3021 5498 ed.
3047 5457 3187 5508 nov.
3211 5445 3250 5499 t.
3276 5445 3295 5498 Ι
3324 5441 3506 5514 hujus

1839 5514 2193 5582 Patrologiae
2215 5511 2415 5577 LXXX,
2451 5511 2561 5567 col.
2606 5512 2698 5568 83.

1927 5584 2040 5709 (4Ἱῖ
2204 5583 2426 5654 pariter
2463 5600 2535 5640 ex
2563 5584 2930 5642 Theodoreto
2961 5601 3019 5659 q.
3053 5591 3083 5641 7
3110 5586 3170 5642 in
3219 5584 3436 5643 Genes.
3461 5584 3504 5643 Ι.

1947 5673 2016 5712 co
2049 5697 2062 5712 .
2177 5697 2191 5710 .

1849 5673 1906 5716 ϐ.
1947 5673 2062 5713 001.
2102 5673 2191 5712 δι.
