4076 6202
564 257 590 311 1
599 256 705 311 055

1797 248 2035 310 PHOTlI
2076 246 2553 312 PATRIARCH/E
2591 252 2703 313 ΟΡ.

3801 262 3915 316 1056

564 401 585 430 ε
623 381 814 436 Exibit
861 379 1047 435 homo
1078 378 1154 435 ad
1181 395 1333 452 opus
1374 398 1549 437 suum
1591 388 1647 438 et
1686 382 1763 437 ad
1803 383 2203 453 operationem

2327 381 2589 434 ελεύσεται
2618 383 2888 454 ἄνθρωπος
2942 381 3024 434 ἐπὶ
3076 385 3133 433 τὸ
3161 380 3307 456 ἔργον
3358 388 3517 433 αὐτοῦ
3555 386 3650 434 καὶ
3706 380 3792 433 ἐπὶ
3842 390 3915 440 τήν

561 486 731 525 suam
763 485 951 541 usque
990 470 1066 523 ad
1099 484 1430 540 vesperam.
1458 492 1481 521 υ
1517 472 1687 537 Quod
1719 473 1837 526 sint
1867 474 2216 527 necessariae

562 559 823 614 tenebras
867 558 1108 613 evidens
1155 565 1285 625 est;
1327 560 1491 630 quod
1531 565 1731 616 autem
1767 577 1885 615 non
1929 563 2043 616 sint
2073 562 2217 615 sub-

563 649 802 713 stantia,
837 648 942 703 sed
991 664 1083 703 res
1137 651 1419 719 quaedam
1460 650 1862 716 accidentalis,
1908 650 2078 705 facile
2128 656 2217 704 est

561 737 673 793 hoc
703 737 1023 809 intelligere
1058 754 1071 803 ;
1106 742 1242 792 sunt
1272 739 1429 792 enim
1464 739 1591 794 cceli
1626 744 1682 794 et
1704 746 1864 795 terrae
1892 739 2215 795 adumbra-

560 826 659 881 tio.
712 827 1114 891 Quamobrem
1156 828 1458 883 evanescit
1489 834 1542 882 et
1579 829 1638 882 in
1688 828 1940 883 nihilum
1991 828 2211 890 evadit,

557 915 1083 971 redeuntelumine
1117 931 1130 980 ;
1154 915 1355 970 lumen
1372 923 1568 971 autem
1593 923 1683 972 est
1707 918 2044 973 substantia
2067 922 2122 971 et
2153 917 2212 971 in

560 1021 621 1061 se
653 1005 938 1060 subsistit.
984 1006 1187 1077 Itaque
1236 1010 1292 1060 et
1319 1007 1515 1061 oriens
1547 1006 1923 1078 splendescit,
1980 1012 2035 1061 et
2073 1022 2210 1061 cum

562 1094 856 1159 occiderit,
876 1110 1112 1148 rursum
1130 1095 1315 1149 oritur
1340 1100 1424 1160 ;et
1459 1112 1595 1150 cum
1621 1096 1850 1156 abierit.
1883 1096 2208 1150 revertitur.

560 1185 643 1238 Ex
683 1184 797 1238 hoc
836 1189 1037 1239 autem
1060 1183 1246 1238 discat
1274 1185 1409 1255 quis
1430 1184 1594 1256 quod
1627 1185 1883 1240 tenebrm
1913 1185 2032 1240 sint
2060 1184 2214 1239 acci-

559 1273 728 1327 dens.
758 1272 983 1327 Domus
1014 1272 1173 1327 enim
1209 1288 1325 1327 non
1346 1273 1575 1327 habens
1596 1273 1912 1345 lampades
1957 1274 2015 1328 in
2058 1279 2213 1328 tenev

560 1359 683 1415 bris
709 1366 799 1415 est
823 1365 946 1416 tota
973 1380 986 1426 ;
1020 1360 1291 1415 adductis
1318 1372 1513 1415 autem
1549 1361 1936 1433 lampadibus
1961 1361 2212 1416 illustra-

562 1454 652 1505 tur
693 1467 705 1504 :
749 1452 871 1505 Non
924 1449 1179 1504 tenebris
1231 1449 1344 1504 alio
1387 1450 1804 1519 migrantibus,
1839 1449 2083 1505 luminis
2110 1450 2212 1505 ad-

557 1543 739 1593 ventu
808 1538 1219 1607 pereuntibus.
1281 1541 1400 1592 Non
1480 1544 1617 1593 sunt
1680 1539 1859 1607 igitur
1952 1538 2208 1593 tenebrae

559 1626 898 1681 substantia
951 1627 1231 1696 quaedam
1292 1626 1550 1680 increata
1604 1642 1798 1697 neque
1840 1627 2019 1680 etiam
2073 1627 2210 1680 sub-

558 1715 775 1770 stantia
840 1720 1038 1769 creata
1080 1736 1090 1777 ;

558 1802 741 1859 abhis
763 1820 891 1875 quae
912 1804 1065 1857 facta
1092 1808 1229 1856 sunt
1255 1803 1606 1874 proveniens
1639 1808 1693 1857 et
1721 1804 2074 1874 sapientiam
2110 1804 2207 1858 Dei

558 1891 901 1963 praedicans.
932 1892 1135 1945 Statim
1169 1906 1309 1959 ergo
1338 1892 1630 1961 propheta
1648 1907 1714 1945 ex
1738 1892 1848 1946 hoc
1876 1891 2059 1945 Deum
2085 1891 2209 1946 lau-

557 1982 676 2046 dat,
716 2002 740 2031 α
767 1982 875 2046 Qui
902 1981 1055 2043 fecit,
1085 1980 1294 2051 inquit,
1336 1979 1539 2034 lumen
1570 1986 1623 2035 et
1657 1980 2013 2051 praeparavit
2053 1986 2208 2035 tene-

555 2070 783 2125 bras.»
839 2071 916 2124 De
970 2069 1192 2124 lumine
1233 2068 1477 2140 quidem
1537 2068 1964 2124 convenienter
2028 2068 2202 2125 dicit:

558 2160 673 2227 Qui
710 2161 854 2229 feeit
886 2176 899 2225 ;
931 2158 1005 2213 de
1048 2158 1305 2213 tenebris
1356 2165 1574 2223 autem,
1614 2158 2018 2227 Praeparavil.
2063 2160 2210 2213 Sunt

556 2248 717 2303 enim
743 2248 1019 2304 accidens
1061 2247 1364 2319 quoddam
1405 2248 1565 2318 quod
1586 2252 1645 2302 et
1685 2246 1954 2303 consistit
1980 2253 2037 2302 et
2092 2247 2208 2302 dis-

557 2338 823 2395 solvitur.

721 2426 1045 2493 QUIESTIO
1078 2425 1818 2569 CCLléglogf‘ldfCLXXVI.
1856 2428 2039 2482 Taur.

718 2586 908 2653 Quare
934 2587 1095 2656 feras
1130 2592 1180 2641 et
1212 2586 1449 2654 replilia
1473 2585 1681 2654 fecerit
1706 2586 1862 2642 Deus
1885 2586 1998 2657 (48)
2025 2587 2052 2642 ?

1159 1714 1263 1768 sed
1306 1731 1447 1768 usus
1512 1715 1762 1785 quidam
1813 1715 2203 1781 necessarius,

2319 1730 2453 1775 Θεοῦ
2496 1729 2585 1782 τήν
2637 1728 2819 1794 σοφίαν
2878 1725 3215 1793 κηρύττουσα
3260 1739 3273 1750 ⁸

2325 473 2574 543 ἐργασίαν
2601 471 2760 523 αὐτοῦ
2790 472 2879 531 ἕως
2932 472 3172 543 ἑσπέρας.
3234 492 3263 522 ›)
3317 471 3452 524 Ἀλλ’
3480 473 3560 523 ὅτι
3619 474 3720 543 μεν

2324 568 2468 611 καῖον
2499 564 2556 611 τό
2586 565 2789 625 σκότος,
2822 557 2979 618 δῆλον
3022 577 3033 589 ·
3085 562 3165 612 ὅτι
3207 557 3265 613 δὲ
3293 561 3386 612 ούκ
3426 560 3603 625 ούσία,
3641 559 3778 611 ἀλλὰ
3810 579 3917 631 mp-

2326 650 2561 713 ϐεϐηκός,
2612 657 2701 702 καὶ
2757 651 2979 703 ἐντεῦθεν
3036 654 3146 703 ἔστι
3194 650 3365 702 λαϐεῖν

3109 738 3202 793 διά
3242 761 3294 793 τε
3346 749 3497 793 τοῦτο
3564 746 3659 792 καὶ
3715 737 3916 813 φροῦδον

3412 668 3425 680 ·
3459 650 3692 725 ούρανοῦ
3719 655 3821 722 γὰρ
3847 660 3917 702 καλ

2323 748 2419 811 γῆς
2450 741 2587 792 ἐστιν
2635 740 2977 814 ἀποσκίασμα
3037 759 3048 770 '

2322 834 2520 899 γίνεται
2614 835 2703 881 καὶ
2804 830 2872 891 εἰς
2927 834 2985 882 τὸ
3042 834 3113 902 μὴ
3174 834 3227 882 ὅν
3283 826 3552 882 διαλύεται
3613 838 3713 882 τοῦ
3774 836 3918 900 φωτός

2325 918 2752 990 ἁνίσχοντος.Τὸ
2804 916 2863 972 δε
2908 928 3009 991 φῶς
3046 919 3202 971 οὐσία
3275 918 3380 971 ἐστὶ
3446 924 3537 971 καὶ
3592 921 3859 989 ὑφέστηκε
3906 939 3917 948 '

2324 1005 2523 1060 διὸκαὶ
2555 1006 2803 1082 δυόμενον
2853 1008 3064 1079 ἀνίσχει
3126 1025 3137 1037 ’
3198 1013 3287 1060 καὶ
3336 1008 3486 1059 ἀπιόν
3537 1008 3915 1080 ἐπανέρχεται·

2321 1102 2471 1168 γνοίη
2508 1095 2556 1149 δ’
2580 1100 2641 1149 οἷν
2670 1118 2745 1158 τις
2791 1096 3061 1150 κάντεῦθεν
3102 1100 3180 1149 ὅτι
3231 1101 3290 1149 τὸ
3338 1103 3523 1159 σκότος
3579 1097 3920 1168 ἐπισυμϐεϐη-

2322 1207 2403 1240 κεν
2444 1203 2456 1213 ·
2491 1184 2631 1247 οἶκος
2674 1191 2772 1261 γὰρ
2800 1191 2892 1239 οὐκ
2920 1190 3055 1258 ἔχων
3113 1191 3458 1258 φωταγωγούς
3540 1191 3778 1247 σκότους
3826 1185 3919 1238 ἔστι

2321 1277 2544 1349 πλήρης,
2597 1276 3022 1348 εἰσκομισθείσης
3071 1276 3131 1327 δὲ
3190 1272 3469 1347 λαμπάδος
3525 1276 3842 1347 φωτίζεται,
3870 1276 3915 1327 οὐ

2321 1374 2411 1417 τοῦ
2446 1370 2661 1425 σκότους
2690 1365 2874 1417 ἄλλοσέ
2914 1384 2985 1422 πη
3043 1363 3457 1437 μεταϐαίνοντος,
3527 1362 3666 1415 ἀλλὰ
3720 1367 3917 1435 πάμπαν

2322 1451 2357 1506 δ
2363 1454 2655 1526 ιολλυμένου
2678 1463 2739 1527 τῇ
2778 1462 2870 1506 τοῦ
2901 1457 3062 1525 φωτός
3118 1457 3402 1527 παρουσία.
3453 1452 3527 1505 Ού
3563 1458 3746 1504 τοίνυν
3798 1452 3920 1523 ἀγὲ-οι

2318 1565 2470 1606 νητος
2505 1544 2661 1596 ούσία
2717 1549 2775 1596 τό
2823 1549 3024 1607 σκότος,
3069 1547 3183 1595 οὔτε
3236 1547 3337 1613 μήν
3393 1548 3646 1613 γεννητή,
3726 1541 3831 1593 ἀλλ’
3877 1541 3919 1593 ἐκ

2319 1644 2418 1686 τῶν
2468 1642 2721 1705 γεννητῶν
2774 1636 3164 1704 συνισταμένη·
3214 1641 3417 1707 χρῆσις
3493 1631 3787 1703 ἀναγκαία,
3840 1640 3920 1684 τοῦ

3336 1721 3525 1773 αὐτίκα
3579 1729 3716 1792 γοῦν
3769 1726 3853 1772 καὶ
3899 1724 3917 1771 ο

2318 1818 2586 1887 προφήτης
2617 1818 2705 1864 καὶ
2736 1814 2958 1865 ἐντεῦθεν
3003 1814 3150 1882 ὑμνεῖ
3205 1815 3290 1863 τὸν
3322 1814 3470 1874 Θεὸν,
3530 1833 3560 1860 ‹‹
3599 1810 3661 1863 Ὀ
3710 1817 3918 1872 ποιήσας

2315 1905 2435 1973 γὰρ,
2461 1906 2614 1973 φησὶ,
2643 1910 2741 1973 φῶς
2783 1907 2871 1953 καὶ
2911 1902 3315 1961 κατασκευάσας
3365 1904 3573 1960 σκότος’
3619 1922 3649 1951 ››
3710 1898 3795 1951 ἐπὶ
3844 1905 3919 1969 μὲι

3290 1990 3316 2040 ό
3373 1994 3609 2051 ποιήσας
3673 2004 3689 2017 ⁸
3736 1988 3821 2040 ἐπὶ
3871 1986 3919 2040 δι

3271 2076 3573 2149 συμϐεϐηκὸ
3586 2099 3609 2140 ς
3660 2079 3769 2151 γάρ
3823 2076 3918 2127 ἐστι

2316 2001 2407 2043 τοῦ
2453 1995 2613 2063 φωτὸς
2670 1990 3001 2063 ἁρμοζόντως
3046 1990 3213 2054 εὶπὼς,

2316 2090 2406 2132 τοῦ
2452 2086 2691 2143 σκότους,
2739 2083 3143 2140 κατασκευάσας
3190 2096 3202 2108 '

2319 2172 2688 2241 συνιστάμενον
2728 2174 2817 2221 καὶ
2848 2165 2881 2221 δ
2889 2168 3203 2240 ιαλυόμενον.

2849 2425 3162 2475 ΕΡΩΤΗΣΙΣ
3202 2417 3359 2474 ΣΝΧ.

2387 2590 2535 2639 Διατί
2566 2587 2633 2638 τὰ
2658 2586 2815 2659 θηρία
2857 2586 2946 2633 καὶ
2976 2583 3043 2633 τὰ
3088 2580 3276 2653 ἑρπετὰ
3300 2597 3578 2636 πεποίηκεν
3629 2580 3655 2630 ὀ
3682 2584 3854 2642 Θεό;;

936 2682 1089 2732 Edita
1119 2697 1150 2731 a
1179 2683 1317 2732 Maio
1352 2682 1406 2743 (l.
1437 2697 1483 2730 c.
1518 2697 1551 2745 p
1583 2684 1690 2739 117,
1715 2684 1821 2741 118,
1856 2697 1905 2746 q.
1938 2684 2067 2745 250).
2088 2709 2147 2721 —
2172 2684 2247 2734 De
2277 2685 2401 2735 feris
2429 2688 2480 2733 et
2499 2682 2779 2747 reptilibus
2809 2693 2841 2729 a
2867 2680 2972 2729 Deo
3002 2679 3211 2729 creatis.
3235 2677 3363 2726 Gen.
3397 2692 3430 2732 ι,
3457 2678 3537 2724 20.

627 2774 797 2829 Pueri
857 2780 979 2827 tum
1044 2771 1554 2835 terriculamentis,
1596 2776 1723 2826 tum
1765 2773 1941 2827 etiam
1980 2772 2123 2827 loris
2160 2779 2218 2829 et

554 2864 738 2935 virgis
770 2862 1061 2931 indigent.
1090 2864 1153 2916 Et
1178 2876 1284 2932 per
1309 2860 1405 2916 illa
1435 2860 1680 2933 quidem
1705 2862 1869 2932 ipsos
1900 2867 2209 2929 terremus,

551 2969 652 3026 per
683 2953 799 3007 haec
825 2956 1021 3007 autem
1053 2950 1381 3005 erudimus.
1415 2953 1532 3005 Nos
1556 2965 1696 3019 ergo
1725 2950 1918 3006 sciens
1946 2954 2096 3006 Deus
2127 2951 2205 3006 ad

551 3041 944 3098 indolentiam
962 3055 1313 3112 propensos,
1334 3040 1484 3095 sicut
1502 3038 1799 3095 funiculos
1826 3040 2123 3112 quosdam
2150 3045 2206 3094 et

550 3129 828 3187 terricula
890 3130 1043 3185 feras
1096 3128 1270 3184 nobis
1310 3127 1658 3200 prteparavit
1689 3134 1752 3183 ut
1806 3130 1882 3184 ab
1941 3129 2053 3183 illis
2096 3134 2206 3183 ter-

2396 2780 2567 2826 Δεῖται
2617 2774 2682 2823 τὰ
2737 2766 2932 2823 παιδία
2985 2772 3074 2819 καὶ
3128 2766 3513 2841 μορμολυκείων
3556 2770 3653 2817 καὶ
3706 2767 3915 2837 ἱμάντων

2323 2870 2410 2917 καὶ
2448 2859 2657 2937 ῥάϐδων
2706 2882 2717 2894 ·
2752 2865 2840 2912 καὶ
2890 2866 2997 2920 τοῖς
3050 2861 3139 2930 μεν
3198 2856 3332 2909 αὐτὰ
3386 2851 3763 2927 δεδιττόμεθα,
3821 2862 3913 2913 τοῖς

2323 2951 2506 3005 δὲκαὶ
2571 2947 2906 3021 παιδεύομεν.
2980 2952 3079 3000 Καὶ
3141 2948 3281 3018 ἡμᾶς
3344 2949 3512 2997 τοίνυν
3583 2940 3913 3016 προειδώςό

2321 3046 2445 3103 Θεὸς
2477 3044 2545 3102 ὡς
2597 3040 2667 3102 εἰς
2715 3040 2975 3114 ῥᾳθυμίαν
3030 3035 3369 3099 ἐκκλίνοντας,
3420 3035 3525 3085 οἷον
3583 3035 3804 3104 ἱμάντας
3851 3050 3915 3083 τι·

2316 3134 2402 3192 νὰς
2432 3132 2460 3189 ή
2496 3128 2846 3205 μορμολύκεια
2884 3127 3359 3201 προκατεσκευάσεν
3419 3124 3544 3194 ἡμῖν
3604 3125 3677 3173 τὰ
3707 3124 3855 3193 θηρία
3895 3134 3906 3146 ·

550 3210 661 3287 riti,
703 3221 780 3276 ad
847 3218 1013 3274 illum
1055 3219 1423 3273 attrahamus
1480 3224 1534 3273 et
1584 3218 1662 3273 ad
1700 3218 1866 3272 illum
1920 3218 1981 3272 in
2038 3217 2201 3273 auxi-

2317 3222 2399 3272 ἵνα
2453 3223 2656 3280 τούτοις
2732 3219 2873 3289 ἡμᾶς
2936 3211 3320 3285 δεδιττόμενος,
3378 3214 3503 3286 πρὸς
3557 3211 3749 3263 ἑάυτόν
3806 3208 3910 3278 ἕλκε

546 3310 695 3366 lium
744 3309 1088 3364 vocandum
1148 3322 1577 3379 praeparemur.
1634 3307 1749 3362 Sed
1805 3307 2201 3379 quemadmo—

549 3400 698 3454 dum
757 3397 939 3453 adulti
1012 3396 1311 3451 infantiles
1362 3397 1605 3451 timores
1661 3402 1968 3467 spernunt,
2012 3395 2092 3451 ita
2145 3400 2201 3451 et

547 3488 652 3559 qui
696 3487 751 3542 in
811 3487 1023 3541 virtute
1056 3484 1390 3539 conﬁrmati
1438 3489 1579 3538 sunt
1620 3484 1880 3538 ferarum
1925 3500 2044 3538 non
2076 3501 2203 3555 per-

546 3577 863 3632 timescunt
912 3575 1208 3629 incursus.
1265 3572 1491 3627 Etenim
1525 3580 1661 3627 ante
1710 3572 2010 3627 Adamum
2041 3579 2197 3629 asta-

544 3669 692 3721 bant
728 3664 884 3732 ferae,
930 3670 1063 3718 ante
1095 3668 1420 3733 peccatum,
1465 3661 1801 3716 servitutem
1825 3678 1997 3717 suam
2016 3662 2199 3717 conﬁ-

546 3760 756 3819 tentes,
787 3759 840 3808 et
880 3769 1014 3807 cum
1057 3754 1175 3807 Noe
1208 3752 1265 3806 in
1307 3766 1445 3805 arca
1469 3750 1820 3805 habitabant
1846 3756 2055 3806 etcum
2085 3750 2201 3805 Da-

545 3843 663 3900 niel
697 3845 754 3898 in
780 3842 946 3898 fossa
967 3841 1169 3897 leones
1197 3856 1552 3912 quanquam
1585 3841 1714 3895 dira
1734 3840 1888 3895 fame
1918 3840 2195 3905 cruciati;

543 3934 750 4005 vipera
780 3932 980 3995 etiam,
1008 3930 1263 4003 Apostoli
1293 3946 1477 3984 manu
1505 3930 1782 3984 dentibus
1809 3936 2061 4001 arrepta,
2092 3944 2199 3984 nec

544 4022 772 4095 peccati
800 4020 1089 4077 ﬂaccitate
1121 4026 1176 4074 et
1230 4019 1469 4073 mollitie
1517 4017 1778 4085 inventa,
1814 4035 1943 4073 sese
1979 4023 2196 4073 statum

544 4112 743 4182 dejicit
767 4117 821 4166 et
852 4112 911 4164 in
936 4110 1137 4179 ignem
1159 4107 1344 4172 irruit,
1371 4108 1541 4179 quasi
1575 4107 1919 4179 sibimetipsi
1953 4122 2196 4178 poenam

543 4198 821 4271 inﬂigens
847 4215 917 4254 ex
940 4214 1008 4253 eo
1027 4197 1188 4269 quod
1206 4196 1263 4250 in
1289 4212 1506 4267 corpus
1542 4212 1661 4250 non
1680 4194 2042 4250 conveniens
2068 4211 2196 4250 sese

547 4289 864 4360 injecisset.
893 4287 1073 4342 Nobis
1113 4301 1254 4355 ergo
1277 4284 1567 4340 enervatis
1607 4285 1940 4354 providens,
1965 4284 2197 4339 deserta

544 4378 659 4433 illis
702 4378 834 4433 loca
890 4381 946 4430 et
1002 4376 1190 4430 noctis
1226 4380 1464 4445 tempus
1506 4373 1754 4444 partitus
1794 4378 1898 4427 est.
1951 4373 2196 4444 Reptilia

546 4472 748 4525 autem
770 4466 1038 4522 cavernis
1055 4464 1385 4533 assignavit
1424 4468 1484 4518 ut
1518 4462 1753 4517 nonnisi
1784 4461 2097 4516 difﬁculter
2118 4462 2196 4518 ab

548 4556 660 4612 illis
688 4554 1005 4611 hominum
1039 4569 1227 4623 genus
1271 4552 1694 4607 vulneraretur.
1732 4550 1956 4605 Accidit
1994 4556 2193 4605 autem

548 4644 875 4718 aliquando
905 4642 1205 4715 quosdam
1236 4641 1314 4696 ab
1341 4641 1450 4695 illis
1478 4639 1753 4707 sauciari,
1787 4645 1847 4694 ut
1879 4639 2191 4709 unusquis-

546 4750 659 4807 que
686 4734 905 4789 timens
938 4748 1011 4786 ne
1041 4731 1231 4785 simile
1272 4729 1565 4785 damnum
1612 4728 1871 4800 patiatur
1920 4728 1994 4783 ad
2028 4727 2193 4782 illum

545 4824 649 4895 qui
697 4826 893 4895 potest
940 4820 1171 4875 salvare
1217 4818 1302 4887 (id
1345 4818 1453 4890 est)
1510 4818 1587 4872 ad
1641 4818 1827 4871 Deum
1867 4816 2191 4885 confugiat.

543 4911 801 4969 Aliunde
832 4916 889 4966 et
923 4910 1023 4965 illa
1063 4908 1138 4964 ad
1170 4906 1357 4963 multa
1385 4904 1669 4961 salutaria
1707 4905 1969 4960 remedia
2016 4905 2197 4959 inser-

544 5002 733 5057 viunt.
756 5003 936 5055 Nemo
962 5014 1103 5067 ergo
1139 4998 1293 5053 feras
1321 4994 1585 5065 singulas
1613 4995 1996 5050 considerans
2026 4995 2197 5048 Crea-

544 5094 736 5146 torem
791 5087 1188 5160 reprehendat
1218 5086 1322 5141 sed
1374 5085 1612 5141 illarum
1665 5083 1974 5139 utilitatem
2003 5082 2192 5154 requi-

544 5185 656 5237 rat.
704 5178 929 5234 Etenim
979 5181 1037 5231 et
1066 5194 1283 5248 corpus
1317 5176 1653 5231 humanum
1726 5173 1975 5228 multam
2014 5171 2194 5227 habet

546 5269 799 5340 gratiam
828 5272 883 5322 et
935 5266 1312 5322 harmoniam
1363 5272 1418 5320 et
1468 5263 1765 5318 utilitatem
1798 5260 1855 5316 in
1902 5260 2190 5332 partibus,

546 5357 652 5414 sed
677 5356 855 5411 habet
884 5356 1063 5411 etiam
1103 5354 1375 5425 pituitam
1407 5358 1461 5407 et
1486 5351 1564 5406 ad
1597 5351 1749 5405 illius
1804 5349 2189 5405 secretionem

542 5461 832 5513 recessus,
861 5451 917 5503 et
951 5444 1103 5499 male
1132 5443 1389 5499 olentem
1422 5442 1691 5497 odorem.
1748 5438 1949 5494 Nullus
1992 5444 2191 5494 autem

2312 3314 2401 3362 καὶ
2425 3309 2596 3361 καλεῖν
2628 3307 2781 3359 αὐτὸν
2823 3306 2894 3366 εἰς
2952 3306 3265 3376 συμμαχίαν
3332 3300 3740 3372 παρασκευάζῃ.
3792 3296 3909 3351 Ἀλλ’

2314 3402 2485 3472 ὥσπερ
2519 3400 2568 3450 οἱ
2597 3397 2773 3449 τελειοι
2806 3404 2902 3447 τῶν
2929 3389 3189 3446 παιδικῶν
3252 3387 3512 3462 δειμάτων
3565 3394 3909 3460 καταφρονοῦ-

2314 3508 2416 3554 σιν,
2446 3488 2576 3540 ούτω
2626 3491 2715 3537 καὶ
2764 3487 2811 3536 οἱ
2868 3491 2962 3545 τῆς
3019 3481 3200 3556 ἀρετῆς
3242 3486 3483 3553 τρόφιμοι
3528 3480 3622 3537 τὰς
3674 3488 3774 3529 τῶν
3826 3478 3908 3531 θε-

2310 3583 2434 3652 ρίων
2488 3577 2545 3629 ού
2606 3572 2937 3647 δειμαίνουσι
2987 3569 3318 3644 προσϐολάςο
3367 3574 3455 3619 καὶ
3498 3570 3597 3641 γὰρ
3642 3576 3715 3637 τῷ
3750 3562 3907 3635 Ἀδὰμ

2310 3670 2410 3740 πρὸ
2464 3674 2560 3725 τῆς
2617 3664 2874 3737 ἁμαρτίας
2927 3663 3267 3733 παρειστήκει
3323 3662 3390 3709 τὰ
3437 3658 3597 3730 θηρία
3651 3661 3747 3713 τήν
3800 3652 3906 3705 δονΔ

2308 3756 2446 3808 λείαν
2497 3753 2878 3826 ὁμολογοῦντα·
2935 3755 3022 3801 καὶ
3090 3757 3160 3819 τῷ
3209 3754 3322 3800 Νῶε
3378 3745 3699 3816 συνῳκίζετο
3752 3744 3797 3795 ἐν
3850 3750 3903 3812 τῇ

2309 3844 2547 3915 κιϐωτῷ·
2578 3848 2667 3895 καὶ
2695 3851 2764 3911 τῷ
2808 3838 2997 3896 Δανιὴλ
3035 3837 3083 3890 ἐν
3131 3845 3202 3907 τῷ
3242 3836 3416 3907 λάκκῳ
3458 3837 3508 3886 οἱ
3557 3834 3769 3897 λέοντες,
3799 3836 3906 3883 καί·

2309 3955 2389 3987 τοι
2433 3934 2545 3986 λίαν
2592 3933 2963 4004 λιμώττοντες³
2996 3933 3085 3980 καὶ
3128 3928 3153 3979 ὸ
3207 3929 3324 3999 ἔχις
3367 3922 3426 3977 δε
3474 3932 3536 3995 τῇ
3590 3921 3903 3975 Ἀποστόλον

2309 4028 2454 4096 χειρὶ
2498 4026 2618 4081 τούς
2666 4018 2883 4080 ὀδόντας
2918 4016 3149 4089 ἐμϐαλὼν
3197 4020 3285 4067 καὶ
3334 4016 3358 4064 ὁ
3407 4021 3499 4072 τῆς
3553 4012 3815 4084 ἁμαρτίας
3856 4012 3905 4060 τὸ

2307 4120 2504 4185 χαῦνον
2541 4116 2630 4162 καὶ
2660 4109 2893 4182 χαλαρόν
2925 4107 3030 4178 οὐχ
3066 4108 3224 4178 εὑρὼν
3256 4099 3569 4160 ἀπεπήδησε
3614 4104 3909 4175 παραυτίκα

2308 4206 2397 4253 καὶ
2448 4203 2584 4252 κατὰ
2653 4207 2747 4260 τῆς
2799 4203 2968 4270 πυρᾶς
3038 4195 3218 4256 ἧλατο,
3279 4195 3451 4263 ὥσπερ
3520 4187 3678 4252 δίκας
3739 4190 3905 4241 ἑαυτὸν

2308 4292 2737 4366 εἰσπραττόμενος
2789 4289 2869 4339 ὅτι
2916 4293 2987 4353 τῷ
3015 4280 3321 4356 μηδαμόθεν
3366 4285 3693 4352 προσήκοντι
3756 4296 3904 4350 προσ-

2307 4380 2452 4434 έϐαλε
2508 4386 2727 4451 σώματι.
2778 4381 2875 4429 Καὶ
2916 4377 3062 4447 ἡμῶν
3113 4369 3171 4425 δε
3216 4372 3585 4446 ῥᾳθυμούντων
3637 4371 3778 4441 ὅμως
3821 4387 3905 4423 κη·

2309 4468 2523 4542 δόμενος
2591 4470 2616 4520 ὁ
2683 4470 2826 4532 Θεὸς,
2885 4469 3006 4524 τοὺς
3058 4462 3401 4536 ἐρημοτέρους
3458 4458 3673 4519 ἐκείνοις
3728 4462 3905 4515 τόπους

2306 4566 2395 4612 καὶ
2447 4569 2541 4620 τῆς
2593 4559 2777 4617 νυκτὸς
2836 4553 3169 4626 ἀπεκλήρωσε
3212 4553 3297 4601 τὸν
3348 4551 3550 4620 καιρόν,
3600 4554 3716 4608 τοῖς
3773 4547 3903 4620 ἑρπε-

2306 4657 2412 4709 τοῖς
2457 4645 2515 4700 δε
2544 4651 2666 4708 τοὺς
2712 4646 2760 4697 ἐν
2796 4652 2855 4716 τῇ
2888 4649 2952 4715 γῇ
3005 4644 3267 4712 κατένειμε
3296 4640 3599 4710 χηραμούς,
3647 4638 3787 4697 ὅπως
3834 4638 3898 4705 μὴ

2305 4740 2428 4814 ῥᾷον
2485 4736 2570 4789 ὑπ’
2621 4735 2809 4801 αὐτῶν,
2860 4742 2958 4784 τῶν
3014 4730 3293 4803 ἀνθρώπων
3339 4731 3657 4799 πημαίνοιτο
3712 4729 3770 4777 τό
3827 4728 3901 4792 γέ-

2304 4844 2423 4890 νος’
2463 4832 2735 4899 συγχωρεῖ
2791 4818 2848 4875 δε
2890 4821 2994 4874 ἔσθ’
3042 4822 3123 4872 ὅτε
3171 4820 3333 4881 τινὰς,
3378 4816 3463 4867 ὑπ’
3514 4815 3686 4867 αὐτῶν
3746 4833 3900 4880 παρασ

2305 4916 2658 4970 ϐλάπτεσθαι·
2714 4915 2781 4975 ὡς
2833 4910 2892 4963 ἂν
2934 4912 3146 4969 ἕκαστος
3201 4903 3388 4965 δεδιὼς
3442 4908 3571 4975 μήτι
3627 4902 3898 4975 παραπλή·

2307 5026 2417 5060 σιον
2470 5006 2634 5077 πάθῃ,
2688 5005 2817 5076 πρὸς
2865 5004 2950 5053 τὸν
2996 4995 3277 5070 δυνάμενον
3318 4994 3502 5054 σώζειν
3564 4995 3696 5045 Θεὸν
3749 5010 3899 5042 κατα-

2304 5099 2463 5168 φεύγῃ
2492 5116 2504 5128 ο
2540 5092 2698 5153 ἄλλως
2741 5110 2791 5143 τε
2836 5087 2893 5142 δε
2928 5095 3096 5140 ταῦτα
3141 5089 3230 5137 καὶ
3271 5088 3403 5156 πρὸς
3446 5080 3609 5133 πολλὰ
3654 5090 3757 5132 τῶν
3803 5078 3900 5131 ἁλε-

2303 5185 2523 5247 ξικάκων
2605 5182 2887 5255 φαρμάκων
2965 5175 3207 5229 συντελεῖ.
3280 5168 3486 5232 Μηδεὶς
3548 5174 3724 5222 τοίνυν
3787 5168 3899 5220 αὐτὸ

2302 5274 2418 5325 καθ’
2474 5272 2625 5324 ἑαυτό
2701 5273 2759 5321 τό
2834 5270 3010 5341 θηρίον
3074 5264 3342 5327 ἐξετάζων,
3402 5260 3774 5333 ὶπιμεμφέσθω
3837 5266 3899 5325 τῷ

2304 5369 2525 5433 Ποιητῇ,
2575 5358 2701 5411 ἀλλὰ
2751 5362 2844 5416 τήν
2895 5360 3077 5430 χρείαν
3137 5352 3481 5413 ἓπιξητείτω’
3545 5348 3653 5400 ἐπεὶ
3705 5353 3797 5399 καὶ
3850 5349 3896 5397 τὸ

2305 5462 2457 5526 σῶμα
2504 5454 2562 5503 τὸ
2594 5449 2909 5524 ἀνθρώπινον
2938 5445 3129 5504 πολλὴν
3168 5447 3281 5515 ἔχει
3321 5446 3411 5494 καὶ
3455 5441 3592 5513 ὥραν
3622 5443 3716 5491 καὶ
3748 5438 3900 5510 ἁρμοο

2112 5552 2341 5611 NOTAE.

616 5670 734 5747 (48)
764 5674 860 5727 Est
889 5668 1243 5725 Theodoreti
1268 5666 1423 5723 fetus
1454 5680 1513 5737 q.
1552 5666 1614 5718 18
1647 5663 1707 5721 in
1738 5665 1946 5719 Genes.
1972 5660 2086 5717 col.
2123 5664 2217 5718 98.
