4026 6196
91 263 233 319 105⁸7

84 395 205 441 νίαν
255 393 345 441 καὶ
389 397 490 440 τῶν
526 392 718 460 μορίων
765 392 860 446 τήν
907 392 1124 461 χρείαν·
1159 387 1266 439 ἀλλ’
1320 391 1433 460 ἔχει
1471 393 1561 440 καὶ
1612 393 1700 439 κό-
1730 395 1773 448 Α

84 479 261 551 ρνζαν
309 483 400 529 καὶ
450 476 662 529 πτύελον
704 481 794 528 καὶ
836 473 1058 534 δυσώδη
1098 482 1288 551 κόπρον
1315 495 1327 507 ⁸
1361 476 1467 529 ἀλλ’
1526 473 1701 536 οὐδεὶς

88 565 142 619 εὖ
193 575 393 641 φρονῶν
436 566 537 618 611:6
576 567 768 618 τούτων
819 561 1062 618 διαϐάλοι
1108 569 1167 619 τὸ
1219 570 1346 630 ζῶον
1372 584 1385 595 ⁸
1421 563 1561 637 δίχα
1597 568 1699 638 γὰρ

87 660 296 708 τούτων
327 655 538 727 βιῶναι,
568 663 670 706 τῶν
699 651 966 707 ἀδυνάτων
997 672 1008 684 ⁵
1044 651 1138 707 διὰ
1167 656 1268 728 γὰρ
1307 657 1500 707 τούτων
1539 651 1701 727 ἀρδό-

87 765 243 816 μενον
285 744 484 810 τέθηλε,
515 749 604 796 καὶ
654 745 875 815 αἳματος
926 749 1014 796 καὶ
1063 743 1348 816 φλέγματος
1397 749 1486 796 καὶ
1535 743 1704 815 χολῆς

88 835 372 908 ἑκατέρας·
421 831 526 884 ἀλλ’
567 835 740 904 ὥσπερ
789 829 884 884 διὰ
925 835 1118 884 τούτων
1164 837 1497 896 συνέστηκεν,
1544 833 1704 892 οὕτως

90 921 122 975 δ
129 927 188 974 ιὰ
217 927 421 975 τούτων
461 922 564 982 ἑνός
599 929 700 974 τῶν
743 922 1019 994 εἰρημένων
1060 920 1440 983 πλεονάσαντος
1482 922 1510 979 ἦ
1553 921 1705 973 ίλλεί·

87 1013 295 1081 φαντος
338 1007 646 1063 διόλλυται·
679 1016 769 1062 καὶ
814 1006 1106 1062 σκυταλίδα
1154 1013 1197 1062 εἰ
1239 1030 1314 1070 τις
1357 1010 1564 1082 ἐκτέμοι
1604 1019 1704 1061 τῶν

90 1099 374 1153 δακτύλων
421 1100 605 1170 ἅψεται
653 1100 815 1157 αὐτὴν
862 1099 1116 1160 παντελῶς
1172 1100 1469 1170 ἄχρηστον.
1527 1105 1703 1174 Προσ-

89 1197 208 1248 ήκει
271 1187 333 1243 δε
388 1185 480 1242 διὰ
533 1197 683 1241 τοῦτο
743 1193 834 1241 καὶ
881 1190 1015 1260 ἡμᾶς
1066 1193 1137 1260 μὴ
1195 1188 1321 1241 αύτό
1383 1188 1500 1240 καθ’
1554 1187 1704 1240 ἐαυτό

90 1278 514 1352 ἀπομερίζοντας
572 1285 662 1329 τοῦ
718 1280 906 1337 παντὸς
972 1278 1188 1329 ἕκαστον
1242 1281 1390 1350 μέρος
1451 1275 1704 1339 ἐξετάζειν

92 1377 184 1430 τῆς
229 1373 494 1429 κτίσεως·
528 1365 656 1418 ἀλλὰ
701 1367 876 1426 ζητεῖν
923 1371 1012 1419 καὶ
1049 1365 1346 1419 ἐπισκοπεῖν
1391 1366 1436 1418 εἰ
1486 1374 1558 1437 τῷ
1599 1385 1707 1418 x61-

89 1465 160 1527 νςῦ
206 1461 402 1529 χρείαν
432 1458 547 1508 τινὰ
593 1455 838 1508 συντελεῖ.
876 1460 976 1508 Καὶ
1020 1458 1084 1508 τὰ
1132 1457 1291 1530 θηρία
1327 1451 1567 1506 ἀἵδεῖται
1614 1459 1704 1526 μὲν

1023 262 1119 317 AD
1157 258 1706 319 AMPHILOCHIUM
1745 258 2068 328 QUAESTIO
2110 261 2284 329 CCLl,
2329 263 2536 320 CCLII.

3329 274 3466 330 1058

1814 403 2001 442 sanus
2038 404 2110 443 ex
2141 389 2256 444 hoc
2315 390 2494 446 vitam
2521 389 2842 446 accusabit.
2889 392 3022 448 Sine
3043 394 3200 450 enim
3226 394 3340 451 illis
3388 399 3468 452 vi-

1813 492 1949 532 vere
1973 477 2343 548 impossibile
2382 484 2471 535 est
2499 495 2513 545 ;
2545 495 2612 535 ex
2645 479 2755 536 hoc
2786 480 2946 536 enim
2978 483 3164 538 oritur
3189 485 3353 556 quod
3383 501 3473 542 re-

1811 563 2055 634 frigerat
2078 572 2136 620 et
2165 567 2523 638 sanguinem
2555 573 2613 623 et
2639 569 2940 635 ardorem,
2968 575 3024 624 et
3045 569 3223 627 bilem
3247 577 3473 630 utram-

1811 669 1943 726 que.
1965 655 2078 711 Sed
2109 655 2260 710 sicut
2286 672 2390 727 per
2420 657 2520 714 illa
2559 659 2851 723 consistit,
2894 658 2976 714 ita
3002 674 3074 714 ex
3112 660 3285 716 dictis
3350 677 3472 719 uno

1811 742 2463 814 velsuperabundante,
2495 745 2588 800 vel
2625 745 2938 802 deﬁciente
2969 747 3222 819 deperit.
3254 751 3310 805 Si
3336 753 3474 822 quis

1811 833 1972 888 enim
1995 848 2172 887 unam
2205 832 2372 904 digiti
2413 839 2645 906 partem
2674 835 3011 902 absciderit,
3045 837 3342 893 videbitur
3375 839 3476 896 illa

1813 921 2056 976 omnino
2079 919 2297 976 inutilis
2331 922 2804 993 ;convenitergo
2825 939 2936 979 nos
2973 941 3094 980 non
3129 927 3474 996 singulatim

1814 1024 2308 1082 unamquamque
2352 1011 2528 1066 totius
2584 1017 2814 1083 partem
2855 1013 3169 1069 creationis
3203 1016 3478 1072 conside-

1813 1113 1963 1162 rare,
2026 1097 2134 1154 sed
2214 1115 2481 1171 quaerere
2536 1105 2592 1156 et
2647 1101 2939 1172 inspicere
2985 1107 3178 1159 utrum
3239 1105 3479 1162 utilitati

1815 1188 2121 1242 communi
2152 1187 2355 1260 aliquo
2384 1189 2566 1244 modo
2593 1189 2935 1246 inserviant.
2977 1191 3138 1248 Ferae
3169 1193 3477 1249 hominem

1815 1275 2261 1348 pertimescunt,
2294 1284 2536 1348 propter
2572 1285 2923 1348 potestatem
2972 1280 3052 1335 illi
3087 1298 3266 1354 super
3288 1282 3420 1338 illas
3443 1299 3480 1339 a

1816 1364 2112 1436 principio
2141 1365 2368 1422 datam.
2395 1367 2545 1432 Quia
2568 1372 2770 1424 autem
2792 1367 2987 1438 legem
3006 1370 3274 1427 divinam
3289 1376 3480 1428 trans-

1817 1469 2056 1523 gressus
2095 1453 2221 1519 fuit,
2255 1455 2577 1526 aliquando
2604 1455 2770 1512 illum
2811 1467 3119 1530 spernunt.

93 1551 182 1598 τόν
213 1547 490 1619 ἄνθρωπον
521 1541 556 1597 δ
562 1547 616 1596 161
638 1549 729 1602 τήν
761 1543 814 1606 ἐξ
839 1542 1017 1619 ἀρχῆς
1045 1545 1185 1615 αὐτῷ
1219 1541 1464 1598 δοθεῖσαν
1495 1543 1735 1606 ἕξουσίαν
1781 1545 1895 1596 κατ’
1924 1543 2111 1595 αὐτῶν·
2144 1543 2569 1615 παραϐεϐηκότας
2608 1543 2667 1598 δε
2705 1549 2790 1598 τόν
2841 1549 2973 1600 θεῖον
3003 1552 3155 1620 νόμον
3209 1552 3349 1604 ἔστιν
3397 1555 3481 1605 ὅτε

93 1642 436 1709 καταφρονεῖ,

658 1744 970 1805 sparum:
1011 1737 1162 1794 me:

95 1852 214 1900 Τίνι
275 1849 303 1898 ὁ
360 1849 488 1908 Θεὸς
545 1848 752 1920 εἴρηκε·
824 1865 851 1895 ‹‹
911 1850 1215 1918 Ποιήσωμεν
1277 1848 1546 1921 ἄνθρωπον
1598 1844 1712 1898 κατ’

397 1935 566 1987 εἰκόνα
593 1936 846 2008 ἡμετέραν
878 1939 966 1986 καὶ
996 1933 1112 1987 καθ’
1144 1936 1392 2004 ὁμοίωσιν
1418 1953 1430 2001 ;

2377 1740 2698 1805 QUIESTIO
2741 1743 2936 1799 CCLlI.

1823 1844 2066 1901 Cuinam
2086 1846 2238 1901 Deus
2251 1845 2494 1903 dixerit:
2520 1848 2836 1906 Faciamus
2862 1854 3156 1910 hominem
3176 1854 3252 1910 ad
3272 1855 3487 1926 imagi-

1999 1950 2126 1990 nem
2166 1942 2215 1990 et
2255 1936 2703 1994 similitudinem
2737 1947 3001 1998 nostram
3041 1942 3201 2014 (49)?

787 2058 942 2108 Edita
966 2071 998 2108 a
1027 2058 1164 2108 Maio
1189 2059 1244 2121 (Ι.
1272 2075 1318 2108 c.
1349 2060 1671 2123 ρ.118.119,
1697 2072 1724 2120 q

1817 2057 1912 2120 51).
1939 2084 1998 2095 —
2025 2058 2341 2122 Explanatio
2363 2061 2418 2109 in
2449 2060 2578 2110 Gen.
2609 2063 2648 2120 Ι,
2682 2065 2762 2112 26.

171 2161 421 2218 Δηλονότι
476 2167 547 2230 τῷ
599 2160 862 2231 ὁμοουσίῳ
914 2165 1001 2212 καὶ
1054 2167 1335 2231 ταυτοφυεῖ
1389 2161 1533 2212 Υίεί·
1594 2160 1712 2211 τού-

1893 2156 2204 2213 Evidenter
2273 2174 2383 2215 suo
2417 2161 2917 2218 consubstantiali
2945 2168 3002 2218 et
3040 2164 3314 2234 ejusdem
3378 2183 3480 2224 na-

94 2272 200 2303 των
237 2253 343 2322 γὰρ
390 2254 480 2300 καὶ
511 2253 608 2320 μία
638 2245 862 2300 δύναται
889 2251 1131 2319 γενέσθαι
1176 2248 1344 2300 εἰκών.
1379 2251 1445 2302 Οἱ
1484 2245 1542 2300 δε
1581 2250 1712 2320 πρὸς

92 2344 222 2400 τοὺς
276 2337 530 2409 ἀγγέλους
573 2338 815 2410 εἰρῆσθαι
856 2345 1008 2390 τοῦτο
1054 2337 1519 2412 παραληρήσαντες
1575 2338 1712 2409 αἱρε-

95 2433 264 2490 τικοὶ,
295 2431 387 2478 καὶ
437 2430 569 2499 πρός
598 2445 658 2498 γε
704 2431 820 2487 τοῦς
857 2423 1110 2499 δαίμονας
1159 2429 1217 2479 16
1262 2425 1562 2500 ἀθεώτερον,
1594 2425 1710 2478 λίαν

95 2517 234 2569 εἰσὶν
280 2514 532 2572 ἀνόητοι·
579 2519 695 2566 τίνα
743 2518 845 2589 γὰρ
903 2519 1170 2567 κοινωνίαν
1222 2518 1334 2587 ἔχει
1381 2515 1529 2568 εἰκὼν
1579 2520 1712 2568 Θεοῦ

95 2610 192 2657 καὶ
233 2603 468 2676 ἀγγέλων
509 2604 538 2662 ἧ
587 2599 847 2670 δαιμόνων
872 2620 884 2669 ;
912 2605 1008 2656 Ὧν
1053 2607 1154 2676 γὰρ
1209 2604 1365 2658 ούσία
1412 2603 1712 2676 ἁσυγκρίτῳ

93 2695 234 2766 λόγῳ
286 2691 583 2764 διενήνοχε,
616 2697 691 2754 τίς
731 2697 949 2766 μηχανή
999 2696 1190 2746 τούτων
1221 2698 1314 2752 τήν
1354 2693 1516 2752 αύτὴν
1544 2693 1713 2746 εἰκόνα

96 2784 392 2848 ἐννοῆσαε;
442 2778 714 2835 Ἰουδαίων
782 2785 883 2856 γόρ
936 2784 996 2834 ἄν
1062 2803 1136 2843 τις
1193 2787 1281 2835 καὶ
1332 2781 1567 2854 γελάσειε
1618 2787 1710 2840 τὴν

95 2877 280 2924 νὶιοιαν
306 2893 320 2904 ·
355 2874 486 2944 πρός
514 2870 692 2923 ἑαυτὸν
721 2873 824 2943 γὰρ
869 2877 1020 2923 τοῦτο
1066 2874 1152 2924 τόν
1201 2875 1328 2924 Θεόν
1378 2890 1534 2943 φασιν
1575 2868 1709 2923 ἀπο-

98 2962 392 3030 φήνασθαι,
454 2963 588 3013 κατά
663 2980 778 3013 τινα
843 2965 1068 3033 μίμησιν
1129 2969 1227 3012 τῶν
1296 2964 1467 3012 καίτοι
1524 2959 1564 3012 εἰ
1621 2963 1706 3012 καὶ

97 3051 464 3112 πληθυντικῶς
527 3055 616 3102 καὶ
680 3052 739 3102 τό
794 3049 1059 3122 κελεύομεν
1134 3054 1222 3102 καὶ
1289 3052 1347 3102 τό
1410 3055 1710 3120 ποιήσωμεν

96 3144 430 3214 προφέρεται.
499 3138 606 3191 6111’
670 3134 761 3191 οὖν
815 3139 1001 3197 πολλὴν
1052 3141 1165 3211 ἔχει
1203 3142 1334 3212 πρὸς
1377 3138 1576 3197 ἄλληλα
1617 3143 1709 3196 τὴν

97 3228 359 3304 διαφοράν
395 3247 408 3260 ·
458 3231 517 3280 τό
555 3231 644 3301 μὲν
726 3231 829 3301 γὰρ
883 3247 1164 3300 ποισωμεν,
1225 3229 1398 3300 ὥσπερ
1461 3227 1542 3280 ἐπὶ
1597 3246 1711 3279 κοι-

96 3324 257 3391 νωνίᾳ
321 3327 419 3378 τῆς
481 3317 717 3391 πράξεως
789 3320 875 3368 τὸν
937 3317 1172 3388 ἰσότιμον
1238 3315 1382 3369 καλεῖ
1441 3334 1457 3350 ο
1529 3319 1585 3368 1'6
1649 3313 1708 3368 δὲ

1822 2249 1965 2300 tura;
1997 2245 2180 2311 Filio;
2205 2246 2445 2304 illorum
2483 2248 2644 2304 enim
2685 2265 2806 2306 una
2854 2257 3041 2322 potest
3093 2252 3218 2308 ﬁeri
3257 2254 3483 2326 imago.

1821 2335 2086 2390 Haeretici
2116 2341 2313 2392 autem
2345 2337 2450 2408 qui
2470 2336 2611 2393 illud
2646 2339 2725 2394 ad
2750 2343 3002 2410 angelos
3039 2341 3267 2398 dictum
3298 2343 3484 2400 fuisse

1821 2423 2002 2495 inepti
2031 2428 2404 2496 putaverunt,
2437 2433 2495 2482 et
2525 2427 2604 2482 ad
2634 2426 2962 2494 damones,
3003 2431 3161 2502 quod
3185 2433 3480 2504 majorem

1818 2511 2047 2568 redolet
2123 2513 2514 2586 impietatem,
2590 2517 2839 2574 omnino
2901 2525 3040 2576 sunt
3113 2521 3484 2594 insipientes.

1819 2601 2157 2666 Quamnam
2185 2604 2349 2659 enim
2365 2604 2583 2661 habeat
2610 2607 3106 2665 communitatem
3135 2609 3341 2682 imago
3385 2613 3484 2669 Dei

1819 2695 1876 2746 et
1911 2691 2264 2761 angelorum
2286 2698 2342 2749 et
2367 2693 2717 2752 daamonum
2749 2695 2778 2750 ‘I
2817 2697 3084 2762 Quorum
3144 2699 3486 2759 substantia

1819 2777 1899 2836 ita
1963 2779 2179 2849 diﬂ'ert,
2237 2788 2302 2838 ut
2345 2781 2511 2838 nullo
2576 2784 2758 2840 modo
2824 2785 2977 2842 inter
3028 2803 3090 2843 se
3145 2791 3485 2861 comparari

1817 2869 2656 2942 possint.quomodoillorum
2711 2873 2924 2930 eadem
2977 2875 3182 2946 imago
3232 2877 3482 2946 cogitari

1818 2958 2004 3030 poSsit
2033 2958 2060 3012 ?
2087 2959 2432 3014 Judaeorum
2464 2960 2766 3017 insaniam
2799 2978 2975 3019 nemo
3015 2969 3104 3020 est
3187 2965 3293 3036 qui
3358 2981 3481 3024 non

1818 3046 2103 3116 derideat,
2135 3048 2212 3102 ad
2242 3048 2627 3119 semetipsum
2654 3050 2812 3105 enim
2845 3051 3051 3108 dicunt
3091 3055 3280 3110 Deum
3334 3053 3483 3111 illud

1817 3135 2082 3191 locutum
2114 3135 2318 3203 fuisse,
2352 3137 2658 3208 proferens
2668 3139 2951 3208 faciamus
2975 3141 3052 3197 ad
3084 3141 3478 3201 imitationem

1818 3225 2054 3281 illorum
2083 3241 2220 3297 quas
2246 3225 2387 3280 dicit
2413 3228 2583 3282 etiam
2619 3226 2680 3283 in
2731 3227 2944 3299 plurali
3007 3246 3277 3299 numero,
3321 3248 3482 3290 man-

1817 3315 2030 3370 damus
2063 3332 2076 3382 ;
2107 3313 2214 3369 sed
2261 3313 2434 3370 adest
2486 3314 2638 3370 inter
2702 3315 2802 3373 illa
2871 3332 3094 3388 magna
3120 3318 3473 3379 differentia.

96 3409 371 3478 κελεύομεν
430 3407 459 3464 ᾖ
526 3407 809 3480 γράφομεν,
875 3406 917 3458 εί
976 3410 1066 3458 καὶ
1130 3405 1488 3466 πληθυντικῶς
1536 3405 1708 3476 ἔσχη-

1818 3403 2080 3458 Verbum
2105 3402 2265 3458 enim
2276 3404 2574 3472 faciamus
2587 3405 2758 3475 quasi
2780 3405 2857 3461 ad
2888 3406 3179 3462 actionem
3212 3424 3484 3466 commu-

99 3500 380 3569 μάτισται,
418 3493 522 3547 ἀλλ’
579 3492 820 3566 οὐδαμῶς
863 3494 1036 3568 ἐτέρου
1091 3494 1274 3554 κλῆσιν
1329 3495 1401 3557 εἰς
1434 3499 1707 3569 συνεργίαν

100 3583 334 3638 δίδωσιν
361 3583 542 3636 ἐννοεῖν
577 3602 590 3614 '

97 3677 338 3747 λύομεν,
391 3676 506 3744 ἔχει
553 3679 832 3748 πρόσωπον
897 3677 1110 3748 φανερόν
1167 3677 1297 3745 πρὸς
1357 3672 1382 3724 ὃ
1447 3673 1650 3743 λέγεται
1690 3691 1704 3706 ·

645 3583 810 3646 ἄλλως
842 3603 893 3636 τε
958 3588 1016 3636 τὸ
1047 3586 1136 3655 μεν
1190 3586 1452 3657 γράφομεν
1507 3589 1708 3636 11611111-

99 3762 259 3823 δῆλον
290 3765 394 3836 γὰρ
456 3765 524 3824 ὡς
580 3766 711 3836 πρὸς
766 3767 853 3814 τόν
903 3762 1227 3825 ύπεξούσιον·
1284 3761 1506 3814 ἐνταῦθα
1563 3759 1621 3814 δὲ
1650 3766 1709 3814 τό

99 3859 422 3922 ποιήσωμεν,
499 3852 730 3923 μάλιστά
802 3871 861 3922 γε
936 3848 1030 3904 διὰ
1103 3855 1195 3909 τήν
1269 3853 1546 3922 ἐπαγωγὴν
1619 3859 1710 3903 τοῦ

98 3943 210 3994 κατ’
263 3942 458 4004 εἰκόνα,
509 3936 756 4012 ούδαμώς
823 3936 1023 3993 δίδωσι
1078 3945 1355 4014 πρόσωπον
1409 3940 1528 3992 ἄλλο
1568 3943 1711 4012 παρά

96 4037 182 4083 τὸν
215 4033 338 4084 Υἱὸν
381 4035 472 4082 καὶ
521 4033 579 4082 τὸ
625 4032 878 4102 πανάγιον
931 4036 1138 4102 Πνεῦμα
1189 4029 1386 4095 ἐννοεῖν,
1419 4032 1512 4091 τὰς
1547 4031 1712 4100 μεγά-

769 4117 965 4190 ἀρχὰς,

95 4210 393 4280 κελεύομεν,
447 4213 538 4260 καὶ
610 4209 895 4280 γράφομεν,
970 4213 1060 4260 καὶ
1135 4209 1543 4280 προστάττομεν,

96 4121 185 4182 λας
302 4122 674 4191 πιστευόμενον
769 4118 965 4190 ἀρχὰς,
1065 4118 1113 4171 οἱ
1203 4118 1363 4190 λέγειν
1466 4119 1708 4170 εἰώθεσαν

1621 4226 1710 4259 και

95 4302 160 4350 τὰ
189 4299 394 4370 ὃμοια·
447 4299 713 4349 καίτοιτὰ
776 4295 997 4349 πλεῖστα
1049 4297 1224 4359 ἑνικῶς
1270 4299 1298 4355 ἠ
1364 4298 1474 4349 θεία
1532 4300 1706 4369 Γραφή

93 4391 340 4459 προφέρει
367 4385 584 4457 λέγοντα
637 4389 724 4438 τόν
775 4395 872 4438 τῶν
925 4385 1050 4438 ὅλων
1102 4391 1249 4439 Θεόν⁹
1300 4407 1327 4435 ‹‹
1387 4387 1574 4459 Καιρὸς
1605 4388 1706 4457 γὰρ

93 4480 283 4536 παντὸς
324 4477 440 4533 ἣκει
475 4473 696 4527 ἐναντίον
753 4474 900 4546 ἐμοῦ’
935 4495 964 4526 »
1009 4479 1120 4537 καὶ,
1170 4495 1194 4525 α
1243 4474 1596 4545 Ἐνεθυμήθην
1628 4475 1706 4525 ὅτι

95 4565 328 4623 ἐποίησα
351 4568 438 4617 τόν
461 4566 752 4638 ἄνθρωπον·
779 4583 807 4618 ν
843 4569 954 4627 καὶ,
987 4585 1010 4614 α
1057 4562 1356 4634 Ἀπαλείψω
1402 4567 1486 4615 τόν
1513 4564 1708 4636 ἄνθρω.

96 4675 209 4708 πον·
238 4675 267 4704 »
293 4660 406 4720 καὶ,
441 4674 468 4706 r1
499 4654 610 4707 Ούκ
636 4657 846 4706 ἔσονται
879 4655 982 4706 θεοὶ
1022 4653 1183 4725 ἕτεροι
1212 4652 1343 4710 πλὴν
1388 4651 1529 4723 ἐμοῦ·
1562 4674 1588 4700 »
1620 4657 1708 4704 καὶ

95 4750 282 4816 μυρία·
312 4743 546 4814 ὀλιγάκις
581 4739 640 4795 δί
677 4743 1035 4804 πληθυντικῶς
1094 4745 1420 4813 σχηματίζει
1472 4751 1570 4793 τῶν
1619 4750 1708 4802 τῆς
1741 4772 1785 4827 D

93 4830 332 4908 Τριάδος
359 4838 648 4906 προσώπων
679 4834 930 4904 ἐμφαίνων
971 4835 1056 4883 τόν
1107 4829 1344 4904 ἀριθμόν.
1397 4829 1596 4904 Ὠσπερ
1627 4834 1702 4895 τὸ,

99 4945 124 4973 ι(
152 4931 333 4983 Δεῦτε,
391 4927 476 4973 καὶ
523 4920 840 4981 καταϐάντες
883 4924 1188 4992 συγχέωμεν
1252 4922 1340 4980 τὰς
1377 4919 1642 4991 γλώσσας·
1676 4941 1703 4970 »

94 5020 183 5064 καὶ
215 5015 338 5085 περὶ
367 5011 428 5063 οὗ
457 5018 544 5062 νῦν
585 5012 610 5061 ό
665 5010 818 5081 λόγος
852 5027 864 5038 ’
905 5015 996 5060 καὶ
1039 5012 1140 5081 γὰρ
1187 5007 1406 5061 ἐνταῦθα
1436 5005 1614 5067 ἐπειδή
1649 5013 1706 5060 τό

91 5101 307 5172 λογικόν
367 5099 498 5160 ζῶον
542 5096 844 5152 διέπλαττεν
870 5099 896 5150 ό
949 5104 1078 5158 Θεός
1111 5118 1123 5130 ο
1163 5098 1188 5150 ὁ
1218 5103 1307 5150 καὶ
1361 5096 1706 5160 ἀνακαινίζειν

92 5193 226 5262 μετὰ
257 5187 447 5250 πολλὰς
503 5187 699 5261 ἔμελλεν
738 5188 914 5259 γενεὰς
971 5182 1088 5248 ταῖς
1145 5195 1234 5248 τῆς
1270 5187 1417 5259 ἁγίας
1477 5183 1706 5260 Τριάδος

93 5280 412 5337 ἐπικλήσεσι
469 5277 838 5351 τελεσιουργῶν
912 5279 971 5329 τὸ
1046 5278 1297 5348 πανάγιον
1402 5274 1703 5349 βάπτισμα,

90 5369 291 5442 μέλλων
325 5365 666 5443 δημιουργεῖν
713 5370 810 5425 τήν
854 5364 1020 5420 ἐκεῖνα
1066 5368 1133 5418 τὰ
1172 5369 1446 5442 μυστήρια
1473 5365 1706 5442 παραλη-

1819 3508 1958 3548 nem
1984 3491 2279 3564 aequalem
2303 3497 2492 3556 vocat,
2533 3493 2892 3551 mandamus
2919 3500 3118 3551 autem
3159 3497 3250 3552 vel
3271 3499 3480 3555 decer-

1817 3580 2314 3652 nimus,quamvis
2337 3581 2550 3652 plurali
2571 3597 2822 3639 numero
2846 3584 3100 3656 prolata,
3122 3586 3286 3643 nullo
3301 3588 3482 3645 modo

1818 3669 2003 3727 alium
2030 3670 2104 3724 ad
2145 3670 2440 3727 actionem
2472 3686 2862 3729 communem
2885 3675 3078 3731 vocari
3112 3683 3478 3749 supponunt.

1819 3760 2001 3815 Aliter
2031 3763 2230 3815 autem
2261 3759 2510 3816 verbum
2585 3761 2959 3818 decernimus
3009 3768 3066 3819 et
3123 3767 3480 3822 mandamus

1819 3848 1972 3904 clare
2000 3853 2251 3919 apparet
2276 3848 2350 3903 ad
2377 3848 2521 3919 quid
2549 3848 2842 3915 dicantur,
2876 3851 3183 3908 evidenter
3206 3855 3366 3909 enim
3399 3855 3477 3911 ad

1821 3937 2179 4008 subjectum.
2211 3937 2311 3990 Hic
2334 3942 2533 3992 autem
2548 3937 3124 4007 verbum/aciamus,
3153 3945 3477 4012 praesertim

1821 4031 2057 4096 propter
2078 4025 2221 4079 illud
2243 4025 2405 4096 quod
2429 4026 2704 4096 adjicitur
2723 4027 2804 4082 ad
2829 4028 3172 4098 imaginem,
3210 4032 3349 4086 nihil
3367 4032 3477 4087 ab-

1820 4114 2011 4169 solute
2050 4113 2151 4167 dat
2176 4113 2636 4180 excogitandum
2664 4115 2778 4168 nisi
2822 4115 3028 4171 Filium
3085 4122 3140 4172 et
3197 4119 3476 4189 Spiritum

1819 4206 2092 4257 sanctum
2119 4201 3096 4272 quibuscommittunturmaximae
3125 4211 3469 4276 potestates,

1818 4291 1921 4363 qui
1947 4291 2140 4345 dicere
2153 4296 2608 4354 consueverant,
2623 4292 2981 4348 mandamus
2995 4298 3048 4349 et
3086 4295 3472 4360 decernimus,

1818 4385 1874 4435 et
1902 4381 2196 4450 jubemus,
2231 4384 2286 4434 et
2308 4377 2422 4433 alia
2453 4379 2514 4433 id
2544 4395 2754 4451 genus.
2788 4383 3062 4437 Attamen
3120 4383 3475 4455 plerumque

1819 4473 2028 4525 sancta
2067 4467 2372 4538 Scriptura
2410 4467 2650 4524 exhibet
2681 4469 2867 4524 Deum
2916 4470 2976 4524 in
3039 4471 3326 4542 singulari
3368 4489 3474 4528 nu-

1818 4575 1982 4614 mero
2015 4560 2400 4630 loquentem:
2441 4578 2464 4607 1
2521 4559 2777 4629 Tempus
2838 4559 2997 4614 enim
3053 4561 3254 4616 omnis
3318 4563 3479 4618 venit

1819 4653 1956 4703 ante
1989 4663 2102 4703 me.
2134 4669 2249 4700 »——
2289 4666 2318 4698 «
2359 4647 2444 4701 Me
2477 4647 2718 4718 pcenitet
2748 4647 2892 4720 quia
2932 4649 3361 4706 fecihominem
3398 4668 3412 4717 ;
3450 4672 3474 4702 υ

1819 4743 1875 4794 et
1906 4756 1919 4793 :
1955 4760 1983 4788 ‹‹
2013 4735 2557 4792 Delebohominem
2597 4753 2612 4800 ;
2661 4759 2680 4785 ι
2714 4741 2808 4792 et:
2847 4760 2866 4787 ι
2897 4741 3020 4793 Non
3061 4746 3232 4795 erunt
3261 4739 3342 4794 dii
3379 4740 3477 4796 alii

1823 4831 2033 4898 praeter
2054 4841 2169 4891 me,
2203 4847 2229 4874 »
2266 4829 2320 4880 et
2347 4823 2464 4879 alia
2529 4823 2734 4879 multa.
2795 4825 3132 4897 Aliquando
3189 4833 3390 4884 autem
3418 4829 3478 4884 in

1819 4915 2029 4989 plurali
2071 4929 2320 4969 numero
2348 4913 2601 4984 loquens
2651 4928 2967 4970 numerum
3007 4915 3303 4973 Trinitatis
3349 4934 3476 4990 per-

1817 5003 2372 5073 sonarumtigurare
2390 5001 2640 5065 videtur,
2696 5005 2760 5056 ut
2789 5019 2927 5058 cum
2959 5003 3099 5061 dicit
3142 5022 3154 5061 :
3198 5026 3226 5058 »
3252 5007 3476 5074 Venite,

1815 5093 2256 5150 descendemus
2285 5096 2342 5146 et
2369 5089 2804 5146 confundamus
2834 5091 3072 5161 linguas
3112 5110 3336 5166 eorum,
3361 5116 3392 5151 ν
3424 5102 3482 5153 et

1817 5184 2057 5240 verbum
2090 5183 2160 5237 de
2187 5195 2302 5252 quo
2330 5180 2542 5248 agitur.
2579 5179 2678 5235 Hic
2727 5180 2888 5236 enim
2943 5199 3082 5240 cum
3129 5186 3481 5244 rationabile

1815 5271 2039 5330 animal
2055 5276 2310 5327 creasset
2329 5269 2502 5336 Deus,
2527 5269 2689 5341 quod
2715 5274 3178 5330 etrenovaturus
3194 5282 3320 5333 erat
3343 5283 3488 5349 post

1815 5364 2033 5420 multas
2067 5359 2498 5433 generationes,
2531 5358 2591 5413 in
2618 5358 2862 5416 nomine
2904 5367 3126 5420 sanctae
3180 5364 3481 5424 Trinitatis

1721 5468 1925 5526 ΝΟΤΙΕ
1938 5509 1952 5528 .

160 5572 180 5644 (
189 5573 280 5644 49)
314 5571 450 5644 Haec

96 5641 278 5711 Quod
310 5648 368 5700 et
393 5643 463 5699 de
491 5641 730 5700 duabus
761 5641 1155 5713 sequentibus
1197 5642 1374 5700 valet.

361 5751 600 5810 9111101..
632 5750 739 5808 Gn.
769 5747 856 5808 Cl.

478 5571 752 5698 quaestio,
778 5584 915 5642 quae
945 5569 1413 5654 exCTheodoreto
1435 5584 1498 5642 q.
1531 5573 1592 5626 t9
1620 5569 1680 5625 in
1712 5569 1920 5624 Genes.
1957 5565 2140 5638 p.102
2166 5563 2483 5636 desumpta
2510 5568 2619 5628 est,
2690 5563 2857 5623 deest
2896 5567 2958 5623 in
3001 5570 3178 5628 Coisl.
3206 5576 3264 5628 et
3293 5575 3468 5629 Taur.

530 5642 730 5698 uabus
761 5641 1155 5698 sequentibus
1197 5642 1374 5698 valet.
3084 5677 3096 5687 .

3168 5749 3237 5801 34
