4076 6202
592 262 735 318 1059

1806 256 2043 313 PHOTII
2084 256 2562 314 PATRIARCH/E
2605 256 2712 315 ΟΡ.
3847 266 3943 320 τωο

591 384 919 443 conﬁciens
959 383 1401 439 sanctissimum
1431 383 1753 455 baptisma,
1804 384 2218 452 generationen

2360 383 2588 455 ψομένην
2642 388 2819 457 φύσιν,
2879 383 3279 457 αἰνιγματωδῶς
3338 392 3427 439 καὶ
3504 390 3573 437 τό
3644 390 3831 439 ταυτὸν
3881 399 3943 454 τὶς

590 480 899 531 creaturus
924 488 1061 544 quas
1084 472 1200 527 ista
1218 472 1499 542 mysteria
1518 471 1832 544 acciperet,
1857 471 1915 525 in
1929 472 2248 541 aenigmate

588 568 645 621 et
677 564 964 619 unitatem
1007 561 1356 616 substantia:
1381 565 1437 616 et
1474 576 1795 617 numerum
1853 576 2246 632 personarum

585 652 979 709 demonstrat.
1014 652 1160 706 Cum
1200 651 1358 705 enim
1392 648 1553 718 dicit,
1583 650 1750 706 Dixit
1803 650 1977 715 Deus,
2033 648 2246 705 divina;

583 746 805 798 naturae
835 739 1327 796 communitatem
1358 739 1725 805 manifestat;
1770 738 2111 809 adjicienda
2142 755 2246 794 au-

584 834 699 886 tem
715 830 1022 898 faciamus,
1043 842 1440 901 personarum
1454 827 1936 899 multiplicitatem
1978 827 2243 884 declarat

586 921 803 977 Iterum
820 917 1077 974 dicendo
1090 933 1343 974 numero
1370 916 1655 987 singulari
1690 919 2005 987 imaginem
2034 916 2241 972 identi-

582 1014 761 1064 tatem
779 1011 1010 1063 natura:
1037 1006 1300 1063 exhibuit
1333 1022 1347 1072 ;
1380 1012 1643 1062 nostram
1669 1012 1869 1062 autem
1899 1006 2238 1076 adjiciendo

578 1097 1003 1170 hypostasium
1026 1094 1547 1167 multiplicitatem.
1581 1095 1796 1151 Omnia
1828 1095 1987 1150 enim
2030 1095 2239 1166 praavi-

577 1188 728 1243 dens
759 1188 913 1242 Deus
940 1185 1313 1255 etUnigeniti
1350 1185 1441 1241 sui
1482 1185 1978 1249 incarnationem,
2015 1183 2238 1240 scilicet

576 1276 925 1348 quodistam
940 1279 1221 1330 naturam
1242 1290 1314 1329 ex
1346 1273 1725 1329 sanctissima
1744 1273 1971 1342 virgine
1994 1290 2235 1329 assum-

574 1370 784 1437 pturus
797 1370 943 1430 erat,
960 1364 1168 1420 merito
1180 1363 1341 1419 illam
1358 1362 1757 1432 generationis
1774 1363 2234 1418 fundamentum

571 1453 796 1509 honore
810 1469 1031 1523 magno
1048 1452 1331 1521 dignatus
1352 1456 1458 1507 est.
1483 1452 1747 1507 Primum
1776 1451 2017 1521 quidem
2043 1451 2234 1507 consi-

569 1541 718 1598 lium
767 1542 1076 1599 creationis
1132 1540 1459 1613 praeposuit
1500 1545 1559 1595 ut
1597 1541 1993 1596 creandarum
2030 1556 2229 1596 rerum

568 1631 861 1687 rationem
882 1629 1391 1701 praesigniﬁcaret.
1418 1628 1631 1684 Postea
1663 1643 2056 1698 personarum
2088 1628 2225 1682 divi-

571 1719 767 1774 nitatis
785 1733 1107 1773 numerum
1144 1716 1565 1780 manifestavit,
1598 1721 1661 1772 ut
1717 1716 2008 1771 formatus
2044 1716 2229 1772 homo
2257 1735 2301 1790 Β

568 1806 889 1877 theologica
923 1810 1149 1862 secreta
1181 1810 1445 1860 sumeret
1473 1810 1529 1860 et
1558 1805 1661 1877 qui
1693 1811 1896 1860 sancto
1924 1804 2227 1876 baptismo

567 1895 851 1966 dignatus
877 1901 983 1962 est,
1013 1894 1169 1950 clare
1197 1900 1521 1964 cognoscat
1545 1892 1710 1966 quod
1732 1894 1836 1966 qui
1862 1892 2141 1949 formavit
2170 1898 2225 1949 et

565 1986 694 2058 ipse
725 1984 996 2048 salvavit,
1058 1989 1113 2039 et
1169 1982 1274 2055 qui
1339 1983 1588 2038 salvavit
1645 1987 1703 2038 et
1756 1984 1881 2054 ipse
1926 1982 2221 2039 formavit.

566 2076 861 2130 Prmterea
908 2079 972 2129 ut
1018 2076 1228 2128 auctor
1280 2072 1652 2128 formationis
1707 2072 1917 2138 factus,
1967 2073 2226 2128 ostendit

563 2165 929 2220 immensum
951 2177 1095 2232 erga
1120 2162 1227 2217 hoc
1271 2160 1503 2232 plasma
1557 2177 1823 2217 amorem
1873 2178 1887 2227 ;
1955 2162 2061 2218 sed
2113 2178 2223 2219 nec

564 2268 782 2310 manus
806 2252 1028 2308 habere
1054 2251 1433 2306 Divinitatem
1476 2250 1754 2316 dicimus,
1815 2267 1922 2307 nec
1972 2251 2221 2309 consilio

563 2342 847 2415 quodam,
875 2340 962 2397 vel
979 2340 1622 2411 praevisioneindigere,
1645 2345 1727 2405 ut,
1746 2342 2075 2396 secundum
2092 2342 2221 2399 Pla-

562 2431 721 2489 tonis
747 2429 950 2495 verba,
979 2428 1058 2485 ad
1088 2429 1408 2499 cogitatam
1438 2428 1696 2484 formam
1726 2429 2018 2485 facturam
2045 2446 2219 2486 suam

562 2523 955 2591 praepararet:
977 2518 1080 2573 sed
1096 2517 1347 2573 istorum
1367 2518 1837 2590 unumquodque
1862 2518 2217 2575 immensam

562 2609 664 2665 Dei
692 2623 836 2679 erga
860 2612 1161 2665 creaturas
1191 2606 1646 2663 sollicitudinem
1686 2606 2073 2664 demonstrat.

1086 2722 1422 2790 QUA'JSTIO
1460 2725 1679 2781 CCLIII.

704 2830 859 2901 Quid
884 2831 1171 2902 signiﬁcet
1206 2848 1219 2885 :
1257 2852 1286 2880 ‹‹
1319 2830 1412 2886 Ad
1435 2829 1748 2902 imaginem
1777 2851 1804 2879 ››
1839 2830 1952 2901 (50)
1979 2829 2006 2884 ?

2357 477 2537 534 οὐσίας
2566 478 2761 526 καὶτὸν
2802 483 2903 526 τῶν
2948 481 3240 549 προσώπων
3287 473 3692 547 παρεδήλωσεν
3726 474 3941 549 ἀριθμόν·

2357 559 2450 614 διὰ
2474 566 2562 634 μὲν
2624 567 2725 636 γὰρ
2783 564 2873 616 τοῦ
2939 564 3114 630 εἰπεῖν,
3180 562 3330 618 Εἶπεν
3392 568 3419 616 6
3483 569 3655 627 Θεὸς,
3704 570 3764 616 τό
3819 587 3944 620 κοιλ-υ

2354 659 2449 713 τῆς
2482 654 2616 713 θείας
2672 649 2938 711 δεδήλωκε
2986 656 3207 724 φύσεως·
3263 654 3551 726 ἐπαγαγὼν
3617 651 3685 707 δε
3715 674 3795 720 το,
3830 664 3946 715 [ἱείς-

2356 761 2542 813 σωμεν,
2602 741 2802 813 ἐνέφηνε
2856 751 2954 794 τῶν
3006 748 3298 814 προσώπων
3346 748 3431 795 τόν
3496 742 3750 816 ἀριθμόν
3810 763 3823 774 ·
3882 750 3943 796 :i-

2350 830 2426 882 λιν
2474 832 2628 883 εἰπὼν
2714 831 2890 893 ἑνικῶς
2959 832 3129 884 εἰκόνα
3216 835 3273 884 1'6
3338 836 3539 885 ταυτὸν
3623 843 3724 893 τῆς
3789 838 3945 905 φύσεως
4018 828 4019 843 “

2350 916 2539 982 ἔδειξεν
2600 941 2610 951 ·
2640 922 2890 993 ἡμετέραν
2941 916 3001 973 δε
3054 923 3315 993 προσθεὶς,
3384 926 3471 973 τὸν
3566 930 3684 973 τὼν
3762 925 3947 975 ὑποστά-

2351 1027 2476 1060 σεων
2506 1008 2723 1080 ἀριθμόν
2776 1025 2789 1039 ⁸
2846 1010 3052 1061 ἅπαντα
3111 1012 3213 1080 γὰρ
3272 1019 3509 1083 προορῶν
3566 1012 3597 1062 6
3662 1018 3769 1062 τῶν
3821 1012 3947 1064 asa-

2347 1118 2445 1150 των
2493 1101 2611 1158 Θεὸς
2662 1103 2750 1150 καὶ
2780 1102 2873 1156 τὴν
2922 1106 3015 1150 τοῦ
3071 1100 3392 1169 Μονογενοῦς
3436 1098 3945 1174 ένανθρὼπησιν,τ;.;

2346 1190 2538 1245 ταύτην
2592 1192 2684 1245 τὴν
2733 1190 2884 1258 φύσιν
2925 1190 2978 1239 ἐκ
3024 1190 3281 1258 πανάγνου
3340 1197 3434 1250 τῆς
3493 1191 3791 1263 Παρθένον
3826 1191 3947 1257 λτῷε,
4018 1238 4019 1247 γ

2344 1296 2451 1341 ται,
2502 1276 2642 1347 μάλα
2693 1276 2893 1335 εἰκότως
2948 1282 3037 1328 καὶ
3092 1276 3255 1335 αὐτὴν
3304 1284 3394 1328 τοῦ
3446 1281 3654 1348 γένους
3705 1285 3801 1336 τὴν
3852 1300 3947 1350 κρε-

2342 1362 2476 1417 πῑδα
2523 1374 2679 1437 τιμῆς
2717 1369 2973 1436 μεγίστης
3016 1365 3228 1427 ἠξίωσε.
3292 1373 3501 1439 Πρῶτον
3563 1371 3668 1439 μὲν
3710 1371 3815 1438 γὰρ
3844 1367 3946 1440 βενε

2340 1454 2432 1513 λην
2483 1462 2578 1515 τῆς
2644 1451 2995 1526 δημιουργίας
3050 1455 3345 1526 προέταξεν,
3398 1457 3481 1507 ἱνα
3533 1465 3641 1509 τοῦ
3708 1454 3939 1529 δημιουρ⁵

2339 1548 2589 1614 γουμένου
2645 1547 2702 1594 τό
2749 1542 2955 1613 λογικόν
3016 1546 3327 1616 προσημάνη
3393 1559 3405 1570 ’
3466 1541 3598 1596 εἶτα
3659 1553 3765 1596 τῶν
3818 1566 3943 1619 προς-

2341 1636 2488 1682 ὡπων
2518 1639 2611 1690 τῆς
2659 1635 2918 1692 Θεότητος
2960 1628 3302 1705 παρεδήλωσε
3356 1635 3442 1684 τόν
3484 1631 3758 1706 ἀριθμόν,
3802 1637 3877 1687 ἵνα
3896 1642 3944 1686 τε

2340 1729 2435 1780 τῆς
2490 1720 2747 1791 θεολογίας
2790 1722 2815 1772 6
2869 1720 3215 1793 πλαττόμενος
3278 1723 3563 1795 ἄνθρωπος
3644 1722 3784 1795 λάϐῃ
3841 1725 3937 1775 αἰνι-

2336 1829 2532 1880 γματα,
2565 1814 2651 1861 καὶ
2703 1810 2727 1860 6
2784 1817 2875 1861 τοῦ
2931 1816 3186 1880 παναγίου
3235 1808 3621 1882 βαπτίσματος
3666 1810 3942 1883 ἀξιούμενο;

2334 1904 2565 1970 γινωσκη
2603 1906 2776 1970 σαφῶς
2824 1899 2902 1949 ὅτι
2932 1900 2956 1949 6
3010 1897 3209 1958 πλάσας
3253 1904 3339 1950 καὶ
3373 1896 3644 1965 διέσωσε,
3699 1908 3792 1952 καὶ
3821 1904 3943 1952 όσώο

2336 2006 2427 2046 σας
2458 1986 2613 2045 αὐτὸς
2633 1991 2718 2037 καὶ
2748 1982 2993 2038 διέπλασε
3026 2005 3037 2015 '
3066 1991 3197 2059 πρὸς
3228 1983 3287 2039 δὲ
3325 1990 3533 2049 τούτοις
3596 1994 3696 2041 καὶ
3747 1992 3848 2042 οἷον
3870 1993 3940 2041 r3-

2331 2078 2548 2147 τουργός
2576 2082 2663 2135 τῆς
2690 2072 3020 2137 διαπλάσεως
3046 2080 3333 2147 γενόμενος,
3382 2073 3558 2139 ἔδειξε
3619 2083 3722 2135 τὴν
3762 2079 3940 2129 πλείονα

2330 2170 2446 2237 περὶ
2476 2162 2599 2216 τόδε
2627 2169 2684 2215 1'6
2712 2164 2929 2235 πλάσμα
2976 2164 3345 2239 φιλοστοργίαν
3398 2183 3411 2195 '
3466 2164 3587 2218 ἀλλ’
3630 2171 3757 2220 οὔτε
3780 2175 3933 2241 χείψ

2330 2256 2469 2325 ἔχειν
2497 2256 2552 2305 τὸ
2586 2258 2735 2305 Θεῑόν
2789 2272 2950 2325 φαμεν
2998 2256 3113 2307 οὔτε
3163 2251 3375 2307 δεῖσθαι
3419 2253 3632 2327 βουλῆς
3687 2276 3822 2315 τινος
3869 2264 3937 2307 ω

2328 2344 2662 2416 προθεωρίας,
2696 2344 2781 2393 ἱνα
2833 2345 2969 2394 κατὰ
3027 2346 3147 2403 τοὺς
3214 2343 3485 2405 Πλάτωνος
3568 2347 3779 2415 μύθους
3823 2350 3931 2419 πρὸς

2328 2437 2420 2489 τὴν
2446 2440 2540 2494 τῆς
2590 2431 2915 2503 ἐνθυμήσεως
2976 2429 3121 2484 ἰδέαν
3155 2436 3529 2506 κατασκευάσῃ
3598 2438 3661 2487 τὸ
3690 2441 3885 2506 ποίημα
3923 2454 3930 2460 ’

2329 2521 2455 2573 ἀλλὰ
2478 2525 2568 2573 καὶ
2618 2523 2811 2573 τούτων
2851 2522 3067 2573 ἕκαστον
3116 2526 3211 2581 τὴν
3260 2521 3469 2574 πλείονα
3514 2532 3620 2576 τοῦ
3673 2532 3810 2578 Θεοῦ
3838 2529 3929 2596 περὶ

2326 2613 2385 2661 τό
2414 2613 2543 2672 ζῶον
2576 2606 2891 2681 κηδεμονίαν
2924 2606 3098 2668 δηλοῖ.

2877 2732 3193 2781 ΕΡΩΤΗΣῙΣ
3241 2726 3395 2779 ΣΝΓ.

2728 2837 2791 2886 Τί
2819 2832 2932 2886 ἐστι
2957 2837 3014 2885 τὸ
3036 2856 3062 2884 ‹‹
3094 2834 3221 2887 Κατ’
3248 2834 3417 2887 εἰκόνα
3445 2853 3463 2906 ;
3501 2858 3529 2887 ››

1656 2928 1812 2977 Edita
1840 2942 1873 2978 a
1901 2929 2039 2979 Maio
2077 2929 2130 2988 (l.
2163 2944 2208 2980 c.
2243 2945 2293 2994 p.
2324 2933 2431 2987 119,
2466 2931 2572 2989 121,
2599 2945 2649 2994 q.
2682 2932 2811 2992 251).

627 3028 885 3094 Quidam
916 3027 994 3085 ad
1024 3026 1487 3084 invisibilitatem
1509 3027 1721 3083 animae
1747 3026 1947 3083 referri
1976 3026 2099 3082 ilud
2137 3028 2216 3084 ad
2248 3030 2286 3083 C

551 3118 869 3189 imaginem
901 3116 1181 3173 dixerunt
1213 3134 1226 3173 :
1260 3118 1365 3174 sed
1388 3118 1436 3173 si
1466 3118 1547 3174 ita
1572 3117 1663 3183 sit,
1693 3116 1877 3173 multo
1917 3116 2111 3187 magis
2135 3118 2216 3174 ad

550 3209 873 3279 imaginem
912 3212 1112 3263 essent
1151 3206 1343 3277 angeli
1385 3224 1398 3262 :
1446 3206 1694 3278 quidam
1736 3210 1937 3261 autem
1967 3206 2214 3262 omnino

551 3298 723 3355 stulte
777 3297 986 3352 dicunt
1044 3295 1486 3351 humanitatem
1533 3295 1611 3351 ad
1677 3296 2004 3367 imaginem
2064 3295 2214 3351 divi-

549 3402 689 3442 nam
767 3385 989 3441 factam
1047 3384 1250 3449 fuisse,
1310 3384 1540 3455 decepti
1598 3400 1665 3439 ex
1719 3399 1789 3439 eo
1845 3386 2011 3456 quod
2055 3400 2214 3456 saepe

547 3473 863 3529 dicaturin
902 3471 1211 3543 Scriptura
1260 3486 1433 3527 sacra
1462 3470 1536 3525 de
1595 3470 1716 3526 Deo
1776 3490 1788 3529 :
1843 3472 2025 3536 Oculi,
2089 3488 2207 3527 mav

544 3578 683 3626 nus,
712 3566 769 3617 et
797 3559 1036 3625 similia,
1070 3575 1192 3615 non
1249 3558 1637 3628 intelligentes
1682 3560 1847 3630 quod
1880 3562 2031 3614 Deus
2100 3560 2212 3616 ho-

543 3648 740 3705 mines
778 3664 882 3721 per
908 3647 1055 3703 alios
1110 3648 1386 3703 homines
1440 3646 1776 3719 alloquens,
1843 3648 2209 3704 audientium

541 3738 925 3794 imbecillitati
944 3752 1255 3792 sermones
1299 3735 1558 3801 metitur,
1593 3741 1649 3791 et
1677 3737 1820 3807 quia
1852 3752 1956 3808 per
2004 3737 2209 3793 oculos

541 3843 654 3884 nos
684 3826 976 3895 videmus,
1004 3826 1247 3883 visionis
1278 3825 1617 3882 facultatem
1656 3825 1715 3880 in
1747 3825 1844 3882 illo
1874 3826 2076 3882 oculos
2104 3843 2210 3884 no-

540 3916 811 3987 minavit,
866 3916 1019 3973 sicut
1076 3921 1131 3972 et
1184 3931 1382 3980 aures,
1434 3914 1717 3970 audiendi
1760 3915 2120 3982 facultatem,
2154 3922 2208 3972 et

538 4005 823 4079 loquendi
856 4022 945 4064 os.
977 4007 1252 4061 Attamen
1284 4004 1744 4059 immensitatem
1770 4005 1871 4059 Dei
1897 4020 1970 4060 ex
2010 4004 2207 4060 multis

538 4094 853 4167 Scripturas
876 4095 1019 4151 locis
1044 4095 1275 4150 discere
1295 4092 1467 4149 facile
1494 4100 1602 4148 est.
1620 4093 1869 4159 Quidam
1896 4108 2036 4163 ergo
2076 4110 2206 4150 ma-

538 4184 696 4256 gistri
716 4185 1210 4254 itaintelligebant
1239 4183 1405 4248 illud,
1443 4203 1466 4233 «
1493 4182 1569 4238 ad
1588 4184 1911 4252 imaginem
1927 4188 1983 4239 et
2005 4184 2203 4240 simili-

536 4274 805 4330 tudinem
816 4279 1104 4339 nostram,
1124 4271 1368 4337 scilicet,
1383 4293 1402 4321 ι
1421 4271 1587 4343 quod
1613 4287 1745 4326 cum
1761 4277 2063 4327 creaturas
2077 4287 2199 4326 sen-

2396 3033 2538 3091 Τινὲς
2568 3032 2625 3081 1'6
2684 3027 2901 3101 ἀόρατον
2945 3038 3037 3091 τῆς
3078 3029 3267 3103 ψυχῆς
3314 3034 3371 3083 τό
3427 3032 3543 3085 κατ’
3591 3034 3771 3086 εἰκόνα
3805 3033 3920 3107 εἰρέ-

2324 3138 2477 3171 κασιν
2509 3132 2521 3144 ·
2560 3118 2667 3169 ἀλλ’
2721 3118 2764 3170 εἰ
2806 3126 2980 3188 τοῦτο,
3056 3119 3226 3191 πολλῷ
3300 3120 3491 3192 μᾶλλον
3569 3123 3697 3175 κατ’
3770 3123 3915 3176 εἰκόνα

2324 3208 2566 3282 ὑπῆρχον
2619 3206 2677 3259 ἂν
2725 3210 2773 3259 οἰ
2817 3208 3022 3279 ἄγγελοι
3060 3228 3072 3240 ·
3122 3212 3255 3272 τινες
3303 3205 3363 3261 δε
3413 3210 3527 3262 λίαν
3593 3210 3824 3272 ἀνοήτως
3868 3214 3913 3261 τὸ

2324 3294 2639 3370 ἀνθρώπινον
2681 3296 2796 3348 κατ’
2872 3296 3044 3349 εἰκόνα
3120 3298 3257 3350 θείαν
3330 3302 3661 3370 γεγενῆσθαί
3761 3319 3909 3373 φασιν,

2324 3384 2668 3446 ὰπατηθέντες
2742 3384 2796 3437 ἐκ
2848 3394 2939 3437 τοῦ
3004 3385 3167 3458 Μγειν
3232 3386 3475 3448 πολλάκις
3524 3387 3617 3442 ἐπὶ
3642 3395 3768 3443 Θεοῦ
3836 3394 3909 3445 τὴν

2325 3476 2461 3527 θείαν
2494 3479 2698 3547 Γραφήν
2735 3474 3030 3548 ὀφθαλμοὺς
3059 3480 3148 3528 καὶ
3172 3484 3359 3552 χεῖρας
3412 3482 3503 3529 καὶ
3549 3483 3625 3530 τὰ
3653 3481 3821 3551 ὃμοια,
3847 3480 3904 3547 μὲ

2326 3558 2618 3623 συνιδόντες
2647 3564 2716 3623 ὡς
2754 3561 3041 3637 ἀνθρώποις
3094 3560 3167 3616 δι’
3226 3564 3506 3637 ἀνθρώπων
3566 3563 3906 3639 διαλεγόμενος

2322 3653 2501 3713 ό,Θεὸς
2554 3660 2615 3723 τῇ
2667 3660 2765 3703 τῶν
2807 3650 3098 3705 ἀκουόντων
3144 3652 3382 3726 ἀσθενείᾳ
3427 3658 3551 3716 τοὺς
3603 3656 3790 3729 λόγους

2320 3748 2427 3812 τρεῖ
2464 3757 2474 3768 ·
2507 3744 2594 3792 καὶ
2656 3736 2834 3798 ἐπειδὴ
2878 3737 2952 3792 δι’
3018 3740 3290 3814 ὀφθαλμῶν
3350 3745 3546 3816 ὁρῶμεν
3609 3747 3782 3817 ἡμεῖς,
3829 3748 3901 3798 τήν

2321 3828 2537 3886 ὀπτικήν
2569 3830 2727 3881 αὑτοῦ
2786 3825 3009 3901 δύναμιν
3058 3830 3356 3903 ὀφθαλμοὺς
3404 3831 3655 3903 ὀνομάζει
3705 3854 3718 3865 ·
3750 3835 3899 3902 ὥσπερ

2318 3922 2406 3969 καὶ
2433 3915 2537 3970 ὦτα
2588 3921 2645 3970 τό
2676 3916 2988 3970 ἀκουστικὸν
3022 3935 3034 3948 ·
3093 3924 3183 3971 καὶ
3244 3923 3301 3971 1'6
3354 3925 3687 3995 πρόσταγμα
3716 3927 3896 3993 στόμι’

2316 4011 2487 4058 καίτοι
2518 4010 2573 4058 τό
2630 4005 2977 4081 ἀπερίγραφον
3005 4016 3098 4060 τοῦ
3153 4016 3286 4061 Θεοῦ
3325 4009 3599 4082 πολλαχοῦ
3655 4021 3744 4072 τῆς
3790 4017 3899 4083 Γρα-

2316 4104 2409 4167 φῆις
2452 4099 2588 4148 ἔστιν
2636 4098 2874 4168 ἐκμαθεῖν
2929 4111 2943 4125 ·
2997 4100 3130 4159 τινες
3176 4103 3345 4150 τοίνυν
3409 4107 3506 4151 τῶν
3575 4097 3895 4154 διδασκαλίην

2312 4184 2475 4245 οὕτως
2496 4184 2711 4243 ἐνόησαν
2750 4188 2827 4249 τό,
2880 4205 2909 4237 (ι
2940 4186 3051 4238 κατ’
3102 4186 3273 4239 εἰκόνα
3328 4188 3579 4263 ἡμετέραν
3659 4197 3748 4244 καὶ
3801 4188 3897 4241 καθ’

2312 4272 2578 4343 ὁμοίωσιν,
2617 4294 2643 4323 ››
2666 4275 2746 4325 ὃτι
2772 4278 2864 4332 τὴν
2894 4278 3062 4326 κτίσιν
3092 4280 3183 4334 την
3216 4276 3474 4335 αἰσθητὴν
3501 4297 3555 4330 τε
3607 4286 3705 4332 καὶ
3732 4282 3895 4337 νοητήν

534 4363 739 4419 tientes
768 4367 824 4418 et
862 4360 1181 4417 rationales
1210 4360 1442 4415 fecisset
1462 4360 1566 4432 qui
1592 4364 1680 4415 est
1708 4359 1983 4416 omnium
2022 4360 2198 4426 Deus,

2328 4366 2599 4422 πεποιηκὼς
2658 4363 2683 4413 6
2742 4371 2838 4414 τῶν
2884 4364 3008 4416 ὅλων
3069 4368 3194 4426 Θεὸς
3237 4370 3323 4418 τόν
3377 4368 3654 4441 ἄνθρωπον
3710 4366 3894 4421 διέπλα-

532 4452 841 4508 hominem
873 4452 1083 4507 ultimo
1138 4449 1270 4505 loco
1314 4448 1468 4513 fecit,
1523 4450 1671 4504 sicut
1719 4448 2054 4521 quamdam
2111 4450 2199 4504 sui

532 4533 721 4614 ipsius
742 4540 1069 4611 imaginem
1100 4554 1331 4611 ponens
1352 4540 1413 4593 in
1435 4538 1635 4594 medio
1654 4545 2060 4594 creaturarum
2078 4538 2201 4595 ina-

532 4631 902 4687 nimatarum
925 4627 1374 4686 etsensibilium
1398 4634 1450 4683 et
1469 4627 1916 4684 rationabilium
1948 4632 2011 4682 ut
2042 4643 2197 4684 crea.

535 4724 679 4775 tura:
707 4719 991 4775 animatte
1022 4722 1080 4773 et
1099 4716 1449 4772 inanimatae
1483 4716 1566 4771 illi
1598 4716 1752 4773 sicut
1780 4716 2089 4788 quoddam
2110 4717 2198 4772 tri-

530 4805 743 4862 butum
769 4806 1086 4863 utilitatem
1114 4804 1442 4861 conferant.
1472 4805 1767 4860 Creaturas
1797 4812 1995 4860 autem
2027 4804 2199 4861 ratio-

532 4894 793 4951 nalesilli
828 4893 1198 4966 providendo
1229 4910 1405 4949 suam
1437 4910 1576 4965 erga
1615 4892 1901 4949 factorem
1946 4893 2199 4950 benevo-

528 4982 762 5039 lentiam
785 4984 1124 5040 ostendunt.
1161 4983 1416 5049 Quidam
1471 4988 1675 5039 autem
1719 4982 1903 5039 verba
1938 4983 2015 5039 ad
2052 4983 2196 5039 ima“

529 5073 720 5143 ginem
757 5072 855 5127 Dei
898 5072 975 5127 ad
1019 5072 1338 5144 imperium
1384 5070 1608 5128 factum
1658 5072 1842 5127 fuisse
1888 5072 2197 5128 hominem

530 5161 865 5231 signiﬁcare
895 5160 1176 5219 dicebant
1206 5180 1217 5217 :
1253 5161 1467 5232 adjecit
1495 5160 1672 5227 enim,
1703 5160 1981 5233 inquiunt
2022 5178 2036 5215 :
2074 5180 2103 5212 ‹‹
2137 5163 2197 5218 Et

530 5251 726 5323 praesit
755 5249 1015 5322 piscibus
1042 5250 1236 5315 maris,
1270 5251 1640 5323 iietreliqua.
1696 5250 1854 5306 Sicut
1884 5250 2045 5306 enim
2098 5249 2195 5306 ille

527 5339 711 5397 habet
738 5340 1009 5396 omnium
1047 5341 1395 5413 potentiam,
1436 5341 1518 5397 ita
1560 5345 1614 5396 et
1656 5340 1823 5397 dedit
1843 5340 2193 5399 hominibus

527 5429 591 5487 in
621 5434 925 5487 creaturas
952 5428 1322 5485 irrationales
1360 5428 1709 5502 potentiam.

2268 4826 2269 4829 ‘
2307 4812 2423 4881 περὶ
2463 4814 2643 4860 τοῦτον
2699 4804 3011 4881 κηδεμονίᾳ,
3076 4814 3161 4867 τὴν

2311 4469 2393 4503 σεν
2424 4453 2650 4522 ἔσχατον
2680 4470 2692 4482 ·
2732 4452 2836 4504 οἷον
2892 4471 3009 4505 τινα
3059 4453 3230 4507 εἰκόνα
3285 4457 3445 4508 αὐτοῦ
3475 4454 3523 4507 ἐν
3568 4461 3719 4530 μέσῳ
3761 4460 3894 4510 7:63:-

2307 4544 2406 4600 κὼς
2431 4548 2529 4592 τῶν
2558 4539 2781 4611 ἀψύχων
2804 4545 2891 4593 καὶ
2938 4541 3201 4600 αἰσθητῶν
3254 4549 3343 4597 καὶ
3395 4554 3591 4603 νοητῶν
3649 4563 3663 4577 ⁸
3720 4550 3797 4599 ἵνα
3841 4549 3895 4597 τὰ

2307 4632 2395 4700 μὲν
2446 4628 2639 4701 άψυχά
2690 4648 2743 4681 τε
2794 4635 2883 4683 καὶ
2927 4630 3148 4704 ἔμψυχα
3203 4635 3367 4705 τούτῳ
3405 4640 3677 4709 προσφέρῃ
3738 4640 3889 4709 ὥσπερ

2305 4720 2420 4770 τινὰ
2457 4723 2609 4792 φόρον
2654 4723 2746 4776 τὴν
2786 4724 2969 4792 χρείαν
3018 4735 3031 4749 ⁸
3088 4724 3143 4773 αἰ
3194 4718 3253 4775 δὲ
3295 4729 3477 4781 νοηταὶ
3534 4727 3723 4796 φύσεις
3766 4725 3810 4777 ἐν

3262 4817 3380 4886 περὶ
3427 4816 3512 4865 τόν
3584 4818 3889 4873 πεποιηκότα

2308 4893 2631 4948 δεικνύουσιν
2680 4901 2897 4953 εὖνοιαν.
2957 4901 3101 4962 Τινὲς
3168 4895 3227 4952 δὲ
3266 4904 3323 4953 τό
3381 4901 3496 4955 κατ’
3553 4903 3731 4956 εἰκόνα
3780 4909 3886 4957 Θεοῦ

2305 4988 2439 5037 κατὰ
2481 4988 2538 5037 τό
2567 4984 2790 5058 ἀρχικόν
2833 4989 3148 5059 γεγενῆσθαι
3202 4992 3289 5041 τὸν
3342 4992 3611 5064 ἄνθρωπον
3661 4997 3842 5067 ἔφησαν
3871 5006 3883 5022 ·

2306 5073 2532 5145 ἐπήγαγε
2556 5076 2679 5149 γὰρ,
2715 5080 2871 5147 φασίν
2902 5097 2913 5109 ο
2942 5098 2969 5127 ι(
2997 5082 3095 5130 Καὶ
3128 5076 3439 5151 ἆρχέτωσαν
3460 5088 3560 5131 τῶν
3585 5080 3785 5153 ἰχθύων
3808 5087 3884 5137 τῆς

2307 5163 2593 5227 θαλάσσης,
2622 5185 2651 5215 ››
2682 5183 2731 5215 κ.
2766 5185 2813 5218 τ,
2841 5164 2887 5219 λ.
2916 5164 3113 5242 ’Ὠσπερ
3157 5170 3258 5243 γὰρ
3288 5168 3445 5231 αὐτὸς
3485 5170 3597 5241 ἔχει
3656 5180 3757 5223 τῶν
3780 5170 3882 5223 ὅλων

2303 5257 2396 5310 τὴν
2453 5248 2780 5319 δεσποτείαν,
2821 5254 2955 5308 οὕτω
3003 5260 3088 5309 καὶ
3128 5253 3327 5310 δέδωκε
3378 5266 3451 5329 τῷ
3497 5258 3752 5333 ἀνθρώπῳ
3802 5267 3881 5312 τῶν

2304 5340 2499 5413 ἀλόγων
2520 5346 2613 5400 τήν
2643 5340 2755 5406 ίξου
2764 5346 2902 5399 σίαν.

2137 5536 2363 5594 NOTAE.

600 5642 713 5717 (50)
738 5644 883 5699 Cum
916 5641 1025 5697 hac
1052 5640 1404 5714 quaestione,
1439 5657 1623 5714 quam
1671 5642 2079 5701 eTheodoreto
2103 5660 2170 5717 q.
2205 5644 2345 5702 20in
2372 5643 3145 5719 Geues.decerpsitauctor,
3179 5648 3608 5724 oonferqumst.
3634 5652 3843 5712 XXXVI.
