4076 6202
78 284 240 343 1061

901 285 998 341 ΑΙ)
1035 280 1584 343 AMPHILOCHIUM
1623 275 1953 349 QU£STIO
1994 277 2228 347 CCLIII,
2271 277 2503 339 CCLIV.

3327 288 3471 346 1063

161 411 339 466 ’Ἐστι
386 417 562 486 μέντοι
613 417 702 465 καὶ
757 411 884 464 ἄλλα
931 413 1092 484 εὑρεῖν
1158 416 1222 474 ὣς
1253 413 1557 485 ἀρχετύπου
1622 429 1715 482 μι-

1889 406 2332 464 Possentetiam
2346 407 2596 464 inveniri
2617 407 2737 465 alia
2749 408 2922 481 quasi
2936 410 3242 484 archetypi
3267 428 3472 471 exem-

76 505 332 572 μήματοι
362 519 373 530 ·
437 498 750 574 δημιουργεῖ
804 503 901 574 γὰρ
945 505 1035 552 καὶ
1070 502 1337 573 ἄνθρωπος
1389 503 1524 552 κατά
1554 505 1714 571 μίμη⁸

83 608 180 641 σιν
215 596 318 642 τοῦ
350 595 694 650 πεποιηκότος
735 596 868 642 Θεοῦ
920 594 1009 641 καὶ
1060 589 1230 651 οἰκίας
1277 594 1365 642 καὶ
1417 595 1572 661 τείχη
1627 593 1716 641 καὶ

83 677 280 739 πόλεις
320 682 412 729 καὶ
455 677 683 749 λιμένας,
744 677 963 750 ούρανοῦ
1014 676 1381 750 ὶκωπὼματα,
1439 684 1528 731 καὶ
1567 677 1716 736 ἡλίου

83 771 188 818 καὶ
220 766 449 828 σελήνης
491 771 582 818 καὶ
642 765 873 840 ἀστίρων
925 772 1016 819 καὶ
1069 766 1348 842 ἀνθρώπων
1393 773 1482 820 καὶ
1521 767 1717 839 ἀλόγων

89 857 256 917 ζώων
307 856 503 916 εἰκόνας
535 874 548 888 ο
593 856 638 908 εἰ
680 861 769 908 καὶ
824 859 882 908 τὸ
921 864 1017 918 τῆς
1062 853 1414 932 δημιουργίας
1467 854 1717 930 διάφορον

89 947 331 1018 οἱφατον,
386 943 496 996 ἀλλ’
554 947 692 1017 ὅμως
751 941 1090 1018 δημιουργῶν
1166 948 1192 998 6
1261 948 1532 1021 ἄνθρωπος
1584 945 1717 1018 ἀμη-

89 1038 266 1104 γέπη,
331 1037 418 1086 τὸν
474 1034 660 1086 οἰκεῖον
749 1042 984 1106 μιμεῖται
1065 1041 1289 1094 ποιητὴν
1345 1039 1409 1096 ὡς
1461 1035 1609 1088 εἰκὼν
1657 1038 1717 1087 τὸ

94 1121 416 1196 ἀρχέτυπον
441 1139 453 1153 ·
485 1126 704 1197 καὶγὰρ
753 1126 782 1182 ἡ
824 1123 970 1175 εἰκὼν
1025 1127 1139 1196 ἔχει
1168 1127 1234 1176 τὰ
1284 1132 1376 1176 τοῦ
1415 1123 1717 1196 ἀρχετύπου

95 1208 416 1282 ἰνδάλματα
478 1228 490 1242 °
543 1211 670 1264 ἀλλά
729 1215 786 1264 τὸ
843 1216 933 1284 μεν
987 1221 1086 1265 τῶν
1147 1218 1340 1288 μορίων
1394 1209 1533 1274 εἶδος
1581 1215 1716 1285 ἔχει,

95 1303 200 1362 τὰς
251 1297 315 1353 δε
346 1300 596 1372 ἐνεργείας
639 1301 732 1352 ούκ
789 1304 922 1373 ἔχει·
973 1301 1247 1375 ἐστέρηται
1294 1305 1395 1376 γάρ
1426 1301 1613 1374 ψυχῆς
1643 1299 1716 1355 δι’

96 1391 162 1449 ἧς
189 1396 419 1441 κινεῖται
459 1393 515 1441 τό
583 1398 738 1462 σῶμα
805 1406 818 1417 ⁸
876 1391 1010 1443 οὕτω
1057 1391 1210 1444 πάλιν
1254 1396 1343 1443 καὶ
1398 1390 1665 1464 βασιλεύει
1692 1393 1717 1444 6

93 1480 384 1550 ἄνθρωπος
445 1482 536 1530 καὶ⁹
587 1483 750 1551 κρίνει
799 1483 933 1532 κατὰ
1005 1484 1232 1552 μίμησιν
1295 1488 1387 1532 τοῦ
1433 1489 1534 1532 τῶν
1591 1483 1718 1533 ὅλων

97 1575 245 1620 Θεοῦ
277 1585 290 1596 ·
324 1566 433 1618 ἀλλ’
483 1569 508 1619 6
684 1573 770 1621 καὶ
827 1573 1102 1643 μαρτύρων
1141 1574 1229 1621 καὶ
1281 1575 1586 1644 κατηγόρων
1615 1567 1718 1622 δεῖ-

95 1675 192 1708 ται
214 1660 312 1708 καὶ
332 1661 532 1728 μυρίων
587 1656 750 1708 ἄλλων
795 1656 843 1709 ἕν
891 1666 952 1730 τῇ
1002 1663 1276 1732 συγκρίσει
1341 1677 1351 1688 ·
1405 1655 1537 1723 ὁδὶ,
1571 1657 1718 1712 οὐδε-

1829 493 2017 564 plaria
2044 512 2057 550 :
2115 496 2247 555 fecit
2275 497 2436 553 enim
2473 497 2679 567 homo,
2720 499 3000 571 exemplo
3032 501 3131 556 Dei
3162 507 3473 570 creatoris,

1827 587 1883 638 et
1906 582 2122 641 domos
2167 590 2224 642 et
2274 601 2479 642 muros
2509 589 2565 642 et
2596 587 2768 643 urbes
2805 593 2863 643 et
2890 591 3122 659 portus,
3158 589 3292 646 caeli
3318 592 3480 648 simi-

1824 670 2118 740 litudines,
2154 680 2211 730 et
2232 672 2371 730 solis
2395 679 2452 732 et
2478 675 2636 731 luna
2665 681 2722 732 ct
2747 681 3046 733 astrorum
3073 682 3128 734 et
3158 679 3478 738 hominum

1826 768 1882 818 et
1927 763 2374 821 irrationalium
2411 765 2761 821 animalium
2805 766 3122 837 imagines.
3189 769 3482 834 Quamvis

1824 853 2142 912 ineffabilia
2155 853 2228 910 sit
2247 853 2306 910 in
2317 854 2627 926 operando
2643 854 2997 922 differentia,
3016 861 3281 914 attamen
3298 859 3480 916 homo

1827 944 2031 1016 aliquo
2055 943 2240 1000 modo
2265 958 2475 1000 creans
2505 960 2678 1000 suum
2709 943 2992 1002 factorem
3025 945 3295 1004 imitatur
3330 949 3483 1006 sicut

1826 1034 2030 1104 imago
2051 1049 2229 1089 suum
2257 1033 2677 1106 archetypum.
2701 1034 2930 1090 Etenim
2955 1035 3160 1105 imago
3177 1035 3362 1093 habet
3385 1051 3481 1094 ar-

1826 1122 2064 1195 chetypi
2088 1123 2440 1195 apparentia
2459 1122 2746 1194 ;partium
2769 1123 3013 1195 quidem
3033 1123 3261 1182 formas
3278 1126 3479 1196 habet,

1826 1211 2101 1268 virtutem
2131 1215 2330 1267 autem
2357 1226 2480 1267 non
2510 1211 2692 1267 habet
2720 1229 2733 1264 :
2776 1211 2984 1269 anima
3017 1213 3177 1270 enim
3209 1230 3326 1286 qua
3353 1232 3481 1273 sese

1829 1305 2026 1356 movet
2052 1315 2271 1372 corpus
2295 1299 2576 1374 privatur.
2613 1301 2705 1356 Sic
2728 1301 2944 1356 iterum
2969 1307 3181 1372 regnat
3211 1303 3394 1360 homo
3418 1308 3476 1361 et

1821 1389 2048 1460 judicat
2076 1388 2154 1444 ad
2180 1388 2575 1444 imitationem
2600 1388 2756 1444 illius
2772 1391 2876 1462 qui
2894 1396 2980 1446 est
3003 1392 3276 1447 omnium
3303 1395 3478 1448 Deus.

1830 1477 1924 1533 llle
1973 1477 2220 1549 quidem
2266 1476 2514 1532 testibus
2543 1484 2599 1532 et
2651 1479 3106 1536 accusatoribus
3164 1479 3394 1550 indiget
3425 1484 3483 1537 et

1825 1565 2027 1621 multis
2076 1564 2204 1620 aliis
2251 1565 2328 1620 ad
2356 1564 2798 1634 judicandum:
2858 1567 2955 1623 hic
3012 1572 3235 1635 autem,
3291 1569 3478 1626 nullo.

1827 1653 2042 1711 Omnia
2065 1653 2225 1709 enim
2259 1660 2585 1724 antequam
2625 1654 2783 1711 facta
2809 1656 2928 1711 sint
2952 1657 3282 1726 cognoscit.
3307 1657 3403 1714 Sic
3423 1663 3484 1714 et

98 1750 190 1807 νὸς
224 1767 238 1779 ο
269 1748 442 1797 πάντα
480 1749 582 1820 γὰρ
623 1751 713 1798 καὶ
763 1753 884 1820 πρὶν
930 1749 1172 1818 γενέσθαι
1216 1744 1354 1801 οἶδεν
1409 1765 1421 1777 ·
1454 1749 1590 1800 οὕτω
1627 1753 1717 1800 καὶ

1827 1743 2010 1799 homo
2041 1745 2193 1798 Deus
2239 1743 2579 1814 appellatus
2605 1748 2712 1810 est,
2742 1745 2886 1816 quia
2913 1749 2970 1800 et
2999 1745 3204 1815 imago
3231 1751 3482 1803 vocatus

105 1836 226 1896 θεὸς
258 1835 286 1886 6
319 1835 588 1909 ἄνθρωπος
619 1836 899 1907 ὠνομάσθη
962 1857 974 1868 ·
1024 1833 1164 1889 διότι
1207 1843 1297 1890 καὶ
1355 1837 1502 1890 εἰκὼν
1523 1836 1713 1896 ἐκλήθη

103 1931 247 1976 Θεοῦ
283 1942 296 1956 ⁸
321 1929 410 1976 καὶ
445 1926 546 1999 γὰρ
579 1925 604 1976 6
652 1924 856 1987 Παῦλος
880 1944 1037 1998 φησιν
1071 1944 1083 1955 ο
1121 1947 1148 1979 ι(
1202 1927 1358 2000 Ἀνὴρ
1387 1926 1479 1979 οὐκ
1529 1925 1716 1998 ὀφείλει

98 2012 605 2066 κατακαλύπτεσθαι
653 2018 746 2072 την
796 2014 1040 2087 κεφαλὴν,
1074 2015 1222 2068 εἰκὼν
1274 2021 1365 2068 καὶ
1421 2012 1552 2078 δόξα
1582 2023 1715 2068 Θεοῦ

93 2103 364 2176 ὑπάρχων
411 2140 424 2152 .
470 2123 494 2154 ν
529 2101 656 2154 ἀλλὰ
707 2103 860 2155 πάλιν
903 2106 929 2156 6
982 2108 1073 2176 μεν
1131 2108 1257 2165 Θεὸς
1294 2110 1384 2157 καὶ
1440 2110 1533 2163 τὴν
1561 2107 1716 2175 φύσιν

96 2189 250 2243 ἐστὶν
291 2193 415 2265 ὅπερ
445 2191 681 2244 καλεῖται
712 2209 727 2222 ⁸
761 2194 785 2244 6
831 2189 891 2245 δε
919 2194 1189 2268 ἄνθρωπος
1221 2197 1285 2254 ὡς
1311 2194 1459 2246 εἰκὼν
1489 2202 1717 2267 τοῦνομα

93 2284 258 2352 μόνον
357 2283 472 2352 ἔχει
513 2299 525 2314 ·
576 2281 729 2334 πάλιν
799 2280 1147 2357 ἀπερίγραφον
1219 2288 1408 2355 κυρίως
1458 2286 1549 2355 μὶν
1622 2289 1713 2336 καὶ

100 2368 314 2430 ἀληθῶς
343 2371 372 2422 6
400 2375 541 2432 Θεὸς·
604 2379 840 2443 μιμεῖται
889 2368 948 2424 δι
1003 2371 1130 2424 αὐτὸ
1191 2392 1303 2434 πως
1334 2378 1423 2424 καί
1466 2372 1710 2448 ὀάνθρὼ-

102 2477 251 2519 πινος
277 2458 531 2531 λογισμός
563 2477 575 2489 ·
647 2458 696 2511 ἄν
725 2459 908 2534 ἀκαρεῖ
960 2463 1062 2535 γὰρ
1101 2468 1394 2534 περινοστεῖ
1422 2463 1488 2513 τά
1534 2480 1588 2513 τε
1613 2460 1714 2532 ἑῷα

100 2552 198 2600 καὶ
227 2549 291 2599 τὰ
320 2547 540 2622 ἑσπέρια
561 2553 650 2602 καὶ
710 2552 774 2601 τὰ
801 2554 948 2601 νότια
1010 2555 1098 2602 καὶ
1153 2553 1220 2603 τά
1267 2547 1452 2625 βόρεια
1511 2554 1599 2602 καὶ
1639 2546 1708 2608 δὴ

99 2641 196 2688 καί
248 2638 314 2688 τά
363 2636 580 2710 οὐράνια
631 2643 722 2692 καὶ
769 2640 833 2690 τά
887 2639 1183 2710 ύποχθὸνια
1230 2659 1243 2672 ·
1297 2638 1404 2691 ἀλλ’
1457 2641 1482 2692 6
1527 2643 1618 2711 μεν
1643 2646 1707 2710 τῇ

101 2732 200 2776 τοῦ
225 2725 480 2798 λογισμοῦ
525 2730 653 2800 μόνῃ
707 2733 964 2800 φαντασίᾳ
1023 2744 1035 2756 ·
1071 2732 1202 2790 Θεὸς
1239 2725 1300 2781 δὲ
1334 2733 1424 2780 καὶ
1466 2736 1525 2800 τῇ
1555 2727 1712 2800 ούσίᾳ

103 2819 281 2886 statin)
340 2820 496 2887 σοφίᾳ
547 2819 634 2868 καὶ
689 2824 751 2889 τῇ
814 2813 1035 2872 δυνάμει
1063 2820 1122 2869 τό
1169 2815 1517 2892 ἀπερίγραφον
1548 2819 1660 2888 εχει
1694 2832 1707 2846 ⁸

107 2903 253 2976 εὖροι
279 2899 330 2955 δ’
377 2905 440 2954 οἶν
494 2923 570 2965 τις
624 2909 712 2957 καὶ
768 2905 941 2978 ἑτίραν
998 2911 1224 2979 μίμησιν
1257 2906 1623 2981 ἀκριϐεστέραν
1663 2903 1712 2957 ἕν

105 2999 171 3064 τῇ
198 2991 354 3064 ψυχῇ
401 3000 492 3045 τοῦ
536 2991 811 3068 ἀνθρώπου
886 3009 901 3024 ⁸
957 2997 1070 3068 ἔχει
1124 2999 1228 3071 γὰρ
1282 2996 1413 3054 αύτή
1468 2994 1517 3047 ἓν
1551 2995 1706 3067 ἑαυτῇ

1825 1836 1912 1888 est
1925 1831 2274 1887 Dei.Paulus
2287 1831 2446 1887 enim
2465 1831 2608 1887 dicit
2638 1850 2652 1885 :
2689 1853 2716 1885 (ι
2739 1833 2927 1889 Homo
2954 1849 3075 1890 non
3100 1834 3482 1907 debet-caput

1825 1919 2128 1991 cooperire
2159 1935 2296 1975 cum
2329 1921 2402 1976 sit
2453 1921 2651 1991 imago
2689 1927 2745 1978 et
2774 1922 2963 1991 gloria
3014 1924 3116 1980 Dei
3150 1925 3220 1978 ³³.
3269 1943 3297 1976 ››
3360 1923 3478 1980 Sed

1828 2012 1980 2066 Deus
2009 2008 2341 2064 secundum
2366 2013 2644 2066 naturam
2678 2027 2854 2066 suam
2879 2011 2964 2067 sic
2987 2017 3271 2079 vocatur;
3295 2013 3482 2069 homo

1823 2104 2024 2154 autem
2046 2098 2195 2153 sicut
2217 2097 2422 2167 imago
2433 2114 2657 2155 nomen
2684 2104 2918 2156 tantum
2934 2101 3138 2158 habet.
3164 2104 3314 2160 Item
3341 2116 3479 2158 vere

1823 2191 1880 2243 et
1925 2186 2160 2244 realiter
2199 2187 2744 2259 incircumscriptus
2775 2194 2862 2244 est
2885 2189 3040 2246 Deus
3070 2205 3082 2245 :
3115 2191 3231 2247 hoc
3269 2196 3470 2248 autem

1823 2275 2026 2348 aliquo
2057 2276 2520 2333 modoimitatur
2543 2277 2930 2347 intelligentia
2943 2278 3214 2336 humana
3226 2298 3243 2351 ;
3270 2280 3331 2336 in
3358 2296 3481 2336 mo.

1823 2368 2025 2420 mento
2053 2363 2213 2419 enim
2253 2368 2312 2420 et
2335 2363 2624 2421 orientem
2641 2370 2698 2421 et
2719 2365 3092 2422 occidentem
3115 2372 3173 2423 et
3204 2371 3478 2424 autrum

1819 2458 1878 2509 et
1905 2453 2366 2524 septentrionem
2399 2457 2454 2508 et
2502 2452 2762 2510 cmlestia
2799 2459 2853 2510 et
2924 2455 3316 2512 subterranea
3356 2472 3480 2527 per-

1819 2541 2001 2598 currit
2031 2559 2045 2596 :
2075 2541 2181 2598 sed
2209 2541 2306 2597 hic
2335 2542 2582 2614 quidem
2609 2541 2738 2599 sola
2779 2543 2995 2600 mentis
3019 2544 3477 2615 imaginatione;

1819 2631 1974 2686 Deus
2002 2635 2204 2686 autem
2234 2629 2569 2686 substantia
2598 2636 2655 2686 et
2685 2631 2984 2704 sapientia
3013 2638 3072 2688 et
3099 2632 3362 2706 potentia
3393 2634 3481 2688 in-

1819 2719 2297 2789 circumscriptus
2351 2724 2457 2774 est.
2494 2719 2746 2775 Inveniri
2801 2722 2982 2776 etiam
3046 2726 3240 2794 potest
3315 2721 3478 2777 aliud

1818 2808 2160 2880 exemplum
2172 2809 2318 2864 satis
2340 2807 2667 2880 perfectum
2680 2809 2741 2864 in
2755 2811 2963 2865 anima
2980 2811 3274 2868 hominis:
3298 2809 3480 2866 habet

1819 2897 1976 2953 euim
2019 2897 2117 2953 illa
2143 2897 2205 2952 in
2238 2897 2433 2968 seipsa
2471 2902 2529 2953 et
2559 2897 2743 2954 vitam
2770 2898 3126 2955 rationalem
3156 2904 3213 2954 et
3248 2899 3478 2955 anima-

1818 2986 1936 3042 lem
1969 3002 1984 3052 ;
2013 2991 2070 3042 et
2099 3001 2272 3041 mens
2305 2987 2462 3058 parit
2485 2985 2738 3042 verbum
2772 3003 2784 3041 :
2817 2988 2997 3043 verbo
3025 2992 3225 3043 autem
3263 2990 3481 3060 prmest

102 3085 198 3133 καὶ
229 3084 286 3132 τὸ
306 3081 511 3154 λογικὸν
549 3087 635 3136 καὶ
671 3089 730 3136 τό
763 3084 979 3145 ζωτικὸν
1007 3105 1020 3117 ο
1053 3091 1142 3138 καὶ
1197 3092 1348 3158 γεννᾷ
1386 3090 1475 3158 μὲν
1527 3087 1554 3138 ό
1597 3093 1710 3146 νοῦς

1827 3073 2076 3147 spiritus,
2109 3089 2232 3129 non
2263 3078 2579 3143 generatus
2620 3074 2772 3130 sicut
2808 3076 3080 3143 verbum,
3108 3075 3209 3131 sed
3239 3091 3482 3147 semper

103 3169 369 3242 τὸνλόγον
397 3188 410 3201 ο
459 3177 776 3245 συμπρόεισι
807 3170 866 3226 δε
917 3182 989 3245 τῷ
1043 3173 1179 3246 λόγῳ
1231 3182 1450 3248 πνεῦμα,
1483 3173 1542 3226 ού
1599 3193 1710 3245 γεν-

104 3265 328 3331 νώμενον
379 3263 613 3335 καθάπερ
656 3263 683 3314 6
735 3262 905 3333 λόγος,
964 3272 1442 3338 συμπαρομαρτοῦν
1496 3261 1551 3316 δ’
1609 3261 1702 3317 ἀεί.

105 3348 265 3402 Ἀλλὰ
303 3357 468 3402 ταῦτα
530 3353 596 3412 ὡς
639 3350 687 3402 ἄν
741 3351 896 3404 εἰκόνι
952 3358 1207 3425 πρόσεστι
1278 3361 1352 3424 τῷ
1410 3352 1701 3426 ἀνθρώπῳσ

109 3434 146 3490 δ
153 3442 198 3490 ιὸ
254 3437 615 3502 ἀνυπόστατός
671 3443 784 3493 ἑστι
823 3447 912 3495 καὶ
970 3443 997 3494 6
1039 3441 1190 3513 λόγος
1221 3447 1310 3495 καὶ
1351 3446 1409 3494 τὸ
1457 3450 1660 3514 πνεῦμα
1688 3463 1702 3476 ν

107 3526 194 3579 ἐπὶ
234 3524 291 3580 δι
337 3537 430 3591 τῆς
474 3528 627 3601 ἁγίας
677 3527 906 3603 Τριάδος
981 3538 1113 3605 τρεῖς
1159 3539 1369 3604 νοοῦμεν
1413 3534 1502 3593 τὰς
1584 3533 1708 3584 ὑπο-

111 3617 322 3679 στάσεις
347 3623 438 3671 καὶ
508 3617 831 3692 ἀσυγχύτως
885 3622 1150 3693 ἡνωμένας
1213 3625 1304 3674 καὶ
1331 3621 1450 3674 καθ’
1525 3620 1706 3681 ἰαυτὰς

107 3706 425 3779 ὑφεστώσας.

654 3841 966 3891 ΕΡΩῙἩΣΙΣ
1007 3835 1160 3890 ΣΝΔ’.

111 3935 332 4014 ’Δγ-αθὸν
403 3941 487 3989 τὸν
561 3942 690 3992 Θεὸν
729 3939 1085 4013 ὀνομάζοντες,
1164 3951 1272 4005 πῶς
1344 3942 1485 4013 αύτῷ
1558 3960 1702 4014 περι-

185 4008 361 4085 άπτετε
413 4012 671 4085 τοσαύτην
736 4008 1061 4085 ἀποτομίαν;
1125 4015 1396 4085 Ὠμότητα
1452 4008 1552 4084 γὰρ
1614 4008 1704 4085 καὶ

185 4077 424 4137 ἀπήνειαν
453 4085 510 4133 τὸ
569 4078 663 4134 διά
767 4077 969 4160 βρῶσιν
1037 4077 1215 4156 ὸλίγην
1281 4077 1544 4142 τοσαύτην
1621 4083 1703 4134 ἐπ·

184 4159 389 4232 ενεγςιεῖν
489 4155 775 4232 τιμωρίανς
807 4155 817 4160 ⁷
863 4155 924 4232 ού
965 4155 1490 4232 ᾔτοῖςὴμαρτηκόσι
1527 4159 1700 4228 μόνον,

184 4220 307 4274 ἀλλὰ
329 4228 417 4276 καὶ
445 4220 554 4287 τοῖς
575 4220 636 4288 ἐξ
657 4225 858 4279 ἐκείνων
890 4220 1336 4300 βεϐλαστηκόσὶν.

1822 3164 2136 3231 comitans,
2162 3166 2293 3219 Ηωο
2308 3167 2500 3219 autem
2527 3163 2739 3219 suntin
2773 3164 3040 3230 homine,
3065 3165 3216 3222 sicut
3241 3165 3302 3221 in
3331 3165 3480 3222 ima-

1819 3253 1976 3323 gine,
2035 3253 2237 3324 itaque
2309 3252 2714 3309 inconsistens
2753 3259 2840 3310 est
2908 3254 3156 3311 verbum
3214 3254 3368 3311 sicut
3423 3260 3480 3311 et

1817 3357 2012 3398 mens.
2043 3343 2106 3397 In
2135 3346 2341 3398 sancta
2366 3344 2640 3398 aute'l‘rm
2665 3342 2870 3400 initate
2901 3347 3017 3400 tres
3042 3343 3342 3400 credimus
3371 3344 3481 3416 hy-

1815 3435 2090 3504 postases
2133 3434 2188 3485 et
2225 3429 2613 3488 indivisibiler
2647 3431 2848 3489 unitas
2886 3438 2944 3490 et
3001 3433 3063 3488 in
3103 3447 3168 3490 se
3209 3431 3478 3504 singula-

1815 3522 1954 3576 riter
1991 3518 2405 3576 subsistentes.

2363 3829 2688 3898 QUASSTIO
2730 3831 2960 3890 CCLIV.

1815 3939 2048 3995 Bonum
2071 3952 2188 3994 esse
2199 3938 2385 3994 Deum
2401 3938 3117 4009 existimantes,quomodo
3135 3938 3229 3994 illi
3245 3944 3473 3996 tantam

1886 4009 2233 4065 attribuatis
2285 4011 2650 4065 severitatem
2682 4009 2710 4064 ‘l
2741 4009 3076 4066 Crudelitas
3113 4016 3197 4065 est
3239 4010 3394 4065 enim
3419 4017 3474 4066 et

1887 4080 2117 4136 duritia
2167 4086 2397 4134 tantam
2428 4088 2669 4148 propter
2698 4095 2938 4147 parvam
2973 4081 3475 4136 manducationem

1887 4152 2076 4223 infera
2105 4165 2364 4223 poenam,
2396 4166 2514 4205 non
2541 4152 2734 4206 solum
2765 4151 2884 4206 illis
2917 4150 3021 4223 qui
3058 4158 3472 4221 peccaverunt,

1888 4221 1985 4279 sed
2012 4228 2068 4278 et
2103 4221 2349 4277 illorum
2377 4224 2716 4290 posteritati
2740 4223 2881 4293 (51).

175 4319 324 4370 Edita
349 4334 384 4372 a
405 4321 542 4372 Maio
571 4323 627 4385 (l.
650 4337 695 4373 c.
727 4359 738 4372 .
771 4326 878 4382 121,
914 4326 1022 4384 122,
1059 4341 1110 4390 (ι,
1141 4326 1273 4387 253).
1307 4352 1365 4363 —
1393 4326 1465 4376 De
1489 4321 1998 4437 paggngmviisssllil?
2031 4331 2064 4368 a
2088 4319 2195 4369 Deo
2222 4319 2276 4367 in
2300 4318 2566 4368 Adamum
2596 4322 2647 4369 et
2676 4319 2792 4382 ejus
2817 4322 3060 4384 posteros
3095 4319 3406 4369 constituta.

185 4486 384 4552 Πρῶτον
431 4489 690 4556 προσήκει
759 4487 1035 4539 πεπεῖσθαι
1100 4490 1219 4548 τοῦς
1260 4485 1486 4540 εὐσεϐεῖν
1524 4505 1706 4560 προαι-
1747 4482 1790 4536 Ι)

108 4573 381 4643 ρουμίνους
436 4574 504 4634 ὡς
535 4579 634 4625 πᾶν
687 4574 858 4627 ὁτιοῦν
941 4576 1040 4628 ὑπὸ
1107 4583 1200 4627 τοῦ
1231 4580 1356 4629 Θεοῦ
1416 4583 1514 4627 τῶν
1581 4575 1706 4627 ὅλων

107 4646 367 4714 γὶνὸμένον
416 4643 793 4718 ἦκελευόμενον
851 4651 939 4698 καὶ
1018 4649 1161 4700 ὅσιον
1221 4653 1310 4700 καὶ
1369 4643 1573 4700 δίκαιον
1619 4652 1707 4698 καὶ

110 4729 302 4802 ἀγαθὸν
325 4737 415 4783 καὶ
445 4731 802 4809 φιλάνθρωπον
842 4751 855 4764 ·
891 4737 1066 4788 ἔπειτα
1123 4732 1315 4789 εἰδέναι
1358 4741 1467 4811 χρὴ
1504 4739 1568 4797 ὡς
1611 4741 1708 4796 πᾶς

109 4823 261 4892 νόμος
317 4820 358 4872 εἰ
414 4825 504 4873 καὶ
570 4828 687 4896 περὶ
746 4833 945 4900 μικρῶν
1011 4845 1160 4877 τινων
1229 4821 1546 4898 διαγορεύει,
1613 4830 1708 4883 τὴν

110 4914 236 4966 ἴσην
261 4911 369 4980 ἔχει
400 4906 624 4984 δύναμιν
652 4921 725 4984 τῷ
755 4915 819 4965 τά
849 4917 1076 4986 μέγιστα
1123 4913 1378 4968 κελεύοντι
1405 4912 1556 4990 δρᾴν,
1618 4920 1706 4968 καὶ

112 4995 454 5072 διαφερόντως
479 5001 600 5053 ὅταν
655 5002 788 5064 θεῖος
923 5003 950 5054 ὁ
1016 5007 1165 5075 νόμος

111 5091 500 5161 περιτέμνεσθαι
601 5089 834 5159 κελεύων,
912 5089 1160 5164 οὐδεμίαν

114 5183 190 5246 τῷ
217 5175 358 5237 πελας
395 5175 723 5250 ἐξεργάζεται
776 5177 978 5252 βλάϐην
1045 5200 1057 5212 ο

1234 5021 1246 5033 ·
1309 5003 1498 5056 αὐτίκα
1525 5011 1650 5076 γοῦν
1681 5023 1706 5074 9

1270 5091 1708 5167 παραϐαινόμενος

1131 5179 1240 5232 ἀλλ’
1293 5183 1430 5254 ὅμως
1485 5183 1510 5234 ό
1556 5202 1706 5254 νομο-

116 5268 264 5326 θέτης
289 5272 465 5338 φησὶν,
501 5287 530 5320 (ι
554 5266 674 5320 Ὀτι
721 5274 822 5328 πᾶς
852 5269 1022 5343 ἄρσην
1065 5268 1408 5342 ἀπερίτμητος
1457 5270 1507 5333 ὃς
1537 5271 1594 5324 ού
1622 5291 1707 5325 πε-

113 5355 489 5432 ριτμηθήσεται
514 5364 576 5429 τῇ
611 5359 780 5432 ἡμέρᾳ
828 5365 888 5430 τῇ
936 5354 1122 5431 ὀγδόη,
1163 5358 1650 5434 ἐξολοθρευθήσεται
1691 5380 1702 5394 ο

195 5453 431 5511 "ICor.
474 5471 558 5524 x1,
600 5460 654 5513 7.

1901 4478 2094 4534 Primo
2130 4477 2408 4534 convenit
2435 4493 2791 4550 persuasum
2828 4494 2956 4536 esse
2993 4477 3108 4534 illis
3136 4477 3240 4550 qui
3270 4476 3476 4549 pietati

1821 4566 2086 4623 colendae
2123 4565 2382 4634 student,
2423 4566 2589 4638 quod
2629 4568 3035 4640 quodcunque
3075 4567 3153 4622 ab
3192 4566 3477 4639 omnipoc

1820 4661 1974 4712 tente
2007 4658 2125 4711 Deo
2155 4655 2379 4711 factum
2413 4655 2506 4710 vel
2526 4656 2879 4712 mandatum
2905 4656 3004 4725 sit,
3035 4660 3094 4713 et
3117 4660 3394 4712 sanctum
3419 4660 3484 4712 et

1813 4744 2044 4816 justum
2087 4748 2146 4800 et
2174 4743 2404 4800 bonum
2437 4749 2495 4800 et
2523 4744 3068 4818 philanthropicum
3100 4750 3211 4802 est.
3251 4743 3476 4800 Deinde

1821 4833 1966 4890 scito
1995 4849 2148 4905 opus
2169 4839 2260 4889 est
2287 4849 2532 4890 omnem
2560 4834 2773 4904 legem,
2800 4835 3082 4906 quamvis
3111 4833 3186 4889 de
3213 4833 3476 4890 minimis

1819 4923 2002 4980 rebus
2021 4927 2262 4988 statuat,
2277 4922 2572 4994 aequalem
2586 4923 2804 4979 habere
2831 4923 3110 4980 virtutem
3125 4938 3195 4978 ac
3215 4921 3315 4978 illa
3334 4938 3473 4994 quas

1822 5011 2090 5068 maxima
2118 5010 2309 5067 facere
2327 5011 2518 5082 jubet,
2550 5018 2607 5068 et
2643 5012 2974 5068 eminenter
3000 5011 3252 5084 quando
3279 5012 3476 5081 agitur

1819 5101 1895 5158 de
1929 5100 2058 5173 lege
2097 5099 2320 5156 divina.
2351 5101 2436 5156 Sit
2464 5101 2525 5156 in
2563 5099 2909 5172 exemplum
2935 5100 3028 5157 lex
3059 5116 3192 5173 qum
3224 5100 3474 5156 circum-

1820 5189 1937 5246 cidi
1963 5204 2173 5245 omnes
2189 5188 2377 5259 jubet,
2406 5205 2592 5262 quam
2619 5189 2668 5244 si
2687 5189 2824 5262 quis
2850 5195 3255 5260 transgressus
3276 5189 3469 5258 fuerit,

1822 5277 2052 5334 nullam
2072 5276 2348 5349 proximo
2358 5277 2750 5334 offensionem
2770 5282 2998 5344 causat,
3017 5285 3279 5336 attamen
3300 5278 3474 5352 legis-

1821 5365 1974 5424 lator
2003 5366 2152 5424 dixit
2178 5381 2191 5421 :
2239 5386 2264 5418 ε
2297 5367 2470 5432 Quod
2498 5382 2678 5424 omne
2710 5367 3115 5425 masculinum
3154 5367 3470 5426 incircum-

1703 5567 1930 5629 NOTE.

194 5668 298 5743 (51)
337 5668 692 5729 Theodoreti
720 5674 858 5728 sunt
883 5669 1005 5729 fere
1043 5673 1252 5730 omnia
1275 5674 1358 5747 (q.
1400 5675 1469 5730 37
1494 5635 1568 5732 in.
1594 5677 1799 5734 Genes.
1833 5694 1895 5753 p.
1938 5679 2080 5746 131).
