4026 6196
610 271 769 329 1063

1740 282 1743 285 ‘
1824 267 2061 324 PHOTII
2101 267 2582 326 PATRIARCHE
2619 270 2739 328 CP.
3783 280 3871 335 «οδε

607 396 789 453 cisum
814 393 980 467 quod
1006 409 1129 450 non
1152 394 1575 451 circumcisum
1601 394 1772 451 fuerit
1789 394 1882 450 die
1905 398 2137 457 octava,
2171 410 2261 449 ex-

2377 400 2465 447 καὶ
2495 396 2555 453 ἢν
2583 399 2741 467 ὥρισε
2783 402 2893 457 τοῖς
2939 392 3274 468 ἀνδροφόνοις
3302 400 3389 448 καὶ
3440 405 3649 468 μοιχοῖς
3691 412 3871 471 massin-

609 484 1044 549 terminabitur,
1076 490 1132 539 et
1157 500 1341 555 quam
1363 484 1567 539 statuit
1584 484 1894 540 homicidis
1908 489 1963 539 et
1983 483 2267 539 adulteris

607 589 853 646 poenam
883 573 1160 629 eamdem
1192 572 1303 627 illis
1335 574 1500 644 ponit
1527 575 1589 628 ¹⁴.
1630 593 1657 624 ››
1693 574 1749 631 Si
1782 578 1981 630 autem
2012 573 2267 628 Marcion

607 667 664 720 et
674 664 725 734 ej
735 663 939 719 usdem
954 663 1265 733 impietatis
1281 662 1524 718 asseclaa
1546 669 1860 735 propterea
1878 662 2195 733 praesertim
2211 666 2267 717 et

608 750 801 820 legem
815 751 1295 819 etLegislatorem
1314 752 1510 821 ipsum
1530 752 1919 821 redarguunt,
1947 749 2265 819 Evangelio

607 839 815 910 lingua
830 855 1040 895 eorum
1057 840 1514 911 comprimenda
1542 845 1650 895 est.
1690 861 1713 891 ε
1739 839 1845 905 Qui
1882 839 2039 894 enim
2066 844 2264 894 mente

605 928 825 985 lasciva
855 927 1162 984 mulierem
1201 928 1412 984 viderit
1442 930 1595 985 sicut
1624 929 1857 985 adulter
1878 929 1957 983 ab
1983 928 2082 983 illo
2103 927 2263 997 judi-

607 1023 773 1074 catur
796 1019 863 1070 ιδ.
882 1021 1001 1082 set,
1027 1039 1048 1067 ι
1072 1017 1335 1082 Quidicit
1352 1017 1855 1081 fratrisuo,Raca,
1870 1034 2006 1073 reus
2019 1021 2263 1073 estcon-

609 1107 743 1163 cilio
781 1125 794 1173 ;
828 1112 883 1163 et
920 1105 1023 1178 qui
1056 1112 1273 1162 temere
1300 1106 1590 1172 irascitur,
1616 1123 1752 1163 reus
1790 1108 1896 1162 erit
1920 1106 2146 1177 judicio
2180 1110 2266 1171 ;et

606 1198 709 1270 qui
748 1196 914 1252 illum
967 1196 1198 1251 fatuum
1265 1197 1574 1261 vocaverit,
1630 1213 1766 1252 reus
1820 1197 1930 1251 erit
1981 1194 2263 1265 gehennae

604 1287 757 1356 ignis
779 1289 847 1338 ¹⁶.
882 1308 905 1337 ν
932 1286 1187 1352 Quidam
1214 1286 1376 1341 hunc
1394 1286 1639 1357 quidem
1672 1287 1902 1342 bonum
1936 1284 2259 1356 appellant,

607 1376 910 1432 crudelem
950 1380 1147 1431 autem
1183 1376 1406 1430 Veteris
1445 1376 1802 1431 Testamenti
1843 1374 2256 1445 legislatorem.

607 1468 738 1521 Haec
764 1471 964 1520 autem
996 1464 1125 1518 istis
1152 1464 1486 1519 secundum
1517 1464 1756 1519 illorum
1788 1480 2131 1519 mensuram
2156 1462 2261 1517 du-

605 1554 761 1610 riora
801 1560 938 1608 sunt
969 1570 981 1617 ;
1026 1568 1134 1607 nos
1161 1558 1360 1607 autem
1405 1559 1459 1606 et
1497 1553 1607 1608 has
1638 1550 1853 1607 et'illas
1886 1553 2061 1606 unius
2102 1552 2263 1621 leges

611 1645 854 1707 scimus,
882 1640 1278 1696 differentiam
1302 1647 1501 1695 autem
1529 1641 1658 1696 sola
1679 1640 2259 1695 effecitsubditorum

606 1732 888 1803 qualitas.

609 1818 829 1876 attulit.

681 1907 768 1963 Ad
797 1907 910 1962 hoc
940 1912 1137 1963 autem
1169 1911 1226 1962 et
1251 1906 1396 1962 illud
1429 1907 1937 1965 considerandum
1963 1912 2066 1971 est,
2101 1906 2267 1979 quod
2301 1904 2343 1959 Β

614 1996 728 2052 illis
766 1996 872 2067 qui
921 1996 1095 2067 primi
1134 1996 1295 2067 leges
1350 1997 1881 2067 transgrediuntur,
1936 1997 2063 2052 sine
2094 1995 2265 2051 venia

612 2085 963 2157 inﬂiguntur
986 2101 1180 2157 pinnae
1204 2102 1216 2141 :
1239 2086 1322 2141 ita
1352 2091 1416 2141 ut
1454 2084 1550 2142 alii
1578 2087 1885 2157 punitione
1917 2086 2041 2141 visa
2071 2088 2267 2140 trans-

613 2174 781 2245 gredi
806 2190 928 2230 non
949 2175 1231 2231 audeant.
1262 2176 1353 2231 Sic
1369 2174 1471 2247 qui
1493 2175 1655 2246 prius
1676 2176 1733 2230 in
1756 2174 2013 2231 Sabbato
2034 2174 2263 2245 lignum

612 2263 869 2333 collegit.
894 2263 972 2318 ab
990 2264 1153 2319 omni
1170 2263 1394 2335 populo
1408 2263 1705 2333 lapidatus
1718 2268 1824 2320 est.
1842 2264 2053 2319 Postea
2064 2267 2263 2318 autem

612 2351 807 2406 multis
856 2351 1101 2406 Sabhati
1145 2352 1335 2421 legem
1390 2352 1964 2421 transgredientibus
1999 2351 2265 2419 longani-

610 2439 1251 2508 mitertulitlegislator.
1280 2440 1375 2495 Sic
1408 2440 1548 2496 Cain
1570 2442 1673 2512 qui
1707 2446 1938 2512 primus
1960 2439 2265 2495 homicida

613 2528 741 2593 fuit,
774 2528 1245 2583 inexorabilibus
1283 2528 1474 2597 poenis
1513 2530 1948 2598 circumfertur,
1986 2530 2261 2600 quamvis

614 2622 820 2686 postea
846 2615 1015 2672 multi
1045 2616 1361 2672 homicidas
1394 2634 1605 2688 paenas
1630 2634 1750 2673 non
1770 2619 1967 2673 statim
1998 2618 2265 2673 dederint

614 2705 937 2776 Oportebat
964 2720 1106 2775 ergo
1138 2705 1463 2775 Adamum,
1490 2712 1731 2777 accepta
1761 2706 1890 2775 lege
1920 2711 1977 2761 et
1994 2706 2109 2761 hac
2140 2722 2262 2762 non

612 2809 891 2862 onerosa,
929 2794 1222 2866 siquidem
1261 2810 1329 2850 ex
1362 2796 1528 2852 omni
1572 2810 1785 2864 genere
1832 2795 2133 2852 fructuum
2159 2795 2265 2852 de-

612 2885 781 2941 derat
799 2884 1261 2952 abundantiam,
1284 2901 1405 2940 uno
1418 2884 1799 2941 solummodo
1820 2885 2121 2958 impedito,
2151 2901 2261 2957 pro

612 2972 826 3029 delicto
857 2974 935 3030 ad
985 2973 1295 3030 utilitatem
1334 2976 1578 3043 generis
1636 2976 1725 3029 sui
1757 2991 1965 3046 pinnas
2007 2975 2168 3030 dare.
2204 2974 2260 3031 Si

612 3068 813 3120 autem
852 3063 1038 3120 nimia
1069 3064 1157 3121 ira
1186 3070 1541 3128 commotus,
1574 3068 1638 3120 ut
1666 3064 1812 3119 dixit
1841 3065 2096 3121 Marcion
2127 3064 2261 3120 abo-

614 3152 934 3222 minabilis,
949 3158 1190 3226 propter
1209 3169 1458 3225 parvam
1478 3155 1906 3210 comestionem
1924 3154 2127 3209 mortis
2141 3169 2261 3223 pce-

613 3256 759 3297 nam
786 3242 996 3307 intulit,
1033 3242 1342 3314 quomodo
1379 3243 1663 3299 omnibus
1684 3242 2031 3298 hominibus
2056 3242 2132 3297 ad
2156 3242 2262 3297 im-
2292 3259 2331 3311 ρ

612 3331 890 3402 pietatem
933 3338 988 3387 et
1040 3331 1392 3402 injustitiam
1434 3333 1815 3398 irruentibus,
1860 3347 1981 3387 non
2023 3330 2257 3386 totalem

612 3418 1008 3489 perditionem
1034 3420 1311 3485 intulerit,
1333 3421 1436 3475 sed
1462 3437 1492 3475 e
1509 3427 1717 3477 contra
1742 3438 1918 3477 suum
1936 3420 2139 3475 Filium
2153 3420 2260 3475 de-

612 3506 782 3572 derit,
825 3514 880 3562 et
908 3524 1014 3579 per
1048 3509 1392 3578 passionem
1434 3509 1510 3564 ad
1538 3526 1771 3565 crucem
1799 3510 2047 3565 salutem
2074 3510 2259 3565 dona-

611 3597 778 3651 verit.
836 3596 1088 3651 Evidens
1128 3604 1213 3651 est
1256 3605 1453 3652 autem
1497 3598 1609 3653 illis
1651 3599 1755 3670 qui
1805 3600 1863 3653 in
1916 3599 2257 3653 divinorum

610 3683 820 3740 notitia
842 3691 1159 3740 versantur
1179 3686 1320 3740 nihil
1348 3702 1415 3740 ex
1441 3686 1625 3741 animi
1654 3688 2049 3743 inconstantia
2067 3688 2256 3743 facere

611 3773 798 3828 Deum
840 3792 852 3833 :
888 3774 1016 3829 haec
1055 3780 1142 3829 est
1180 3774 1340 3830 enim
1381 3776 1617 3848 proprie
1658 3777 1859 3847 passio
1891 3776 2128 3832 illorum
2156 3776 2256 3848 qui

605 3868 885 3918 naturam
924 3863 1269 3919 variabilem
1302 3864 1542 3929 habent,
1593 3880 1699 3920 nec
1736 3865 2003 3921 futurum
2047 3881 2257 3936 cogno-

609 3956 798 4007 scunt.
834 3954 987 4007 Deus
1024 3958 1223 4008 autem
1264 3958 1317 4008 et
1372 3970 1500 4024 quae
1533 3968 1652 4009 non
1686 3960 1824 4011 sunt
1865 3955 2013 4011 sicut
2042 3960 2097 4010 et
2125 3970 2257 4026 qua:

608 4038 761 4096 facta
788 4046 927 4096 sunt
944 4041 1122 4097 videt.
1151 4042 1353 4113 Itaque
1368 4042 1695 4114 praevidens
1715 4045 1868 4099 Deus
1889 4045 2052 4116 quod
2066 4043 2257 4099 Adam

606 4130 874 4185 mortalis
912 4130 1077 4186 fieret
1114 4136 1355 4201 propter
1394 4133 1923 4204 transgressionem
1967 4132 2254 4198 mandati,

603 4218 703 4275 tali
729 4219 901 4274 modo
931 4218 1084 4273 illius
1117 4226 1395 4275 naturam
1422 4221 1481 4275 in
1525 4222 1859 4277 masculum
1890 4226 1946 4277 et
1970 4222 2255 4277 feminam

601 4308 965 4381 praeparavit.
1020 4308 1362 4363 Mortalibus
1417 4309 1575 4363 enim
1618 4314 1676 4365 et
1740 4312 2122 4379 generatione
2179 4310 2257 4367 ad

604 4398 835 4469 generis
865 4397 957 4453 sui
987 4396 1363 4452 durationem
1402 4397 1829 4469 indigentibus,
1855 4400 1991 4454 talis
2023 4406 2108 4455 est
2131 4416 2257 4455 cor-

600 4502 818 4559 porum
844 4486 1175 4558 dispositio.
1215 4487 1567 4543 Immortalis
1596 4488 1755 4543 enim
1784 4496 1991 4544 natura
2020 4506 2141 4545 non
2173 4489 2257 4543 in-

2376 487 2570 543 ταύτην
2598 482 2667 543 δὴ
2722 488 2922 545 τούτοις
2966 484 3282 556 ἐπλήρωσεν.
3346 507 3372 533 »
3406 488 3465 538 Ei
3497 484 3556 539 δὲ
3606 494 3799 560 Μαρκίων
3824 500 3879 543 ω

2377 576 2425 624 οἱ
2488 582 2578 634 τῆς
2646 576 2812 636 αὐτῆς
2875 570 3190 635 δυσσεϐείας
3239 570 3331 626 διὰ
3385 585 3555 627 ταυτα
3602 577 3789 647 μάλιστα
3829 600 3881 630 τιν

2374 668 2525 734 νόμον
2583 670 2672 716 καὶ
2738 664 2890 717 αύτὸν
2956 664 3241 725 κακίζουσι
3303 668 3390 717 τόν
3438 669 3722 737 νομοθέτην,
3770 666 3805 718 ἐι
3828 689 3884 720 m

2378 750 2691 822 Εύαγγελίου
2734 754 3284 822 ἑπιστομιζέσθωσαν·
3325 773 3353 804 ‹(
3404 754 3465 805 Ὀ
3490 758 3589 828 γὰρ
3618 755 3885 828 λάγνωςόριὲι

2373 847 2596 910 γυναῖκα
2624 844 2691 897 ὡς
2720 845 2914 913 μοιχός
2944 841 3117 912 ἐκείνῳ
3147 848 3376 913 κρίνεται
3409 860 3423 872 ³
3461 865 3490 894 ››
3521 850 3626 907 καὶ,
3653 866 3677 894 (ι
3728 844 3773 895 Ὀ
3802 848 3887 917 pm

2373 929 2530 1000 λέγων
2578 934 2663 982 τόν
2720 927 2962 1003 ἀδελφόν,
2994 939 3201 1004 γραφῆς
3257 933 3544 995 ὑπεύθυνος
3589 954 3600 964 ·
3644 940 3723 985 καὶ
3761 936 3781 984 ό
3820 936 3886 991 sin:

2375 1016 2724 1090 ὀργιζόμενος,
2781 1023 2958 1091 ἔνοχος
2989 1028 3049 1091 τῇ
3104 1025 3276 1094 κρίσει
3308 1040 3319 1053 ·
3352 1027 3442 1073 καὶ
3483 1024 3511 1074 ό
3562 1026 3718 1096 μωρόν
3764 1023 3891 1079 auiam,

2374 1105 2513 1167 ἄξιος
2536 1115 2628 1168 τῆς
2648 1114 2853 1179 γεέννης
2881 1127 2892 1138 ’
2926 1130 2952 1157 ››
2980 1115 3026 1161 τί
3054 1112 3154 1181 γὰρ
3185 1113 3270 1161 τόν
3301 1112 3391 1180 μὲν
3454 1109 3642 1183 ἀγαθόν
3688 1111 3894 1182 όνομάζινο

2377 1214 2478 1259 σιν,
2514 1194 2683 1255 ἀπηνῆ
2720 1194 2777 1249 δὲ
2806 1202 2892 1249 τόν
2919 1208 3011 1259 τῆς
3042 1198 3272 1260 [Ιαλαιᾶς
3319 1202 3634 1270 νομοθέτην;
3677 1209 3811 1251 ταῦτα
3830 1204 3895 1271 γὲιι

2373 1287 2572 1335 ἐκείνων
2616 1289 2751 1337 κατά
2807 1291 2893 1338 τόν
2943 1290 3135 1339 τούτων
3177 1290 3293 1360 ὅρον
3343 1290 3583 1361 ὠμότερα
3640 1309 3651 1320 ·
3712 1291 3826 1359 ἡμεῖς
3862 1287 3898 1341 is

2372 1378 2460 1424 καὶ
2491 1377 2704 1435 τούτους
2733 1375 2999 1437 κάκείνους
3054 1379 3200 1447 ῖσμεν
3261 1380 3377 1436 τοὺς
3410 1384 3597 1448 νόμους
3627 1380 3722 1438 ἑνός
3750 1397 3760 1405 ’
3788 1384 3829 1428 τό
3862 1376 3899 1427 δε

2375 1457 2623 1535 διάφορον
2670 1466 2697 1520 η
2758 1473 2855 1515 τῶν
2916 1467 3357 1535 νομοθετουμένων
3400 1470 3613 1526 ποιότης
3651 1466 3899 1539 εἰργασπτπ·

2373 1551 2457 1601 οἶα
2486 1554 2585 1623 γὰρ
2623 1558 2779 1623 σοφός
2810 1549 3134 1612 διδάσκαλος
3165 1562 3275 1614 τοῖς
3313 1557 3403 1624 μὲν
3454 1554 3652 1607 ἀτελέσι
3700 1558 3755 1606 τὰ
3780 1555 3900 1611 suis.

2373 1647 2476 1698 τοῖς
2509 1636 2567 1691 δὲ
2593 1640 2889 1702 τελείοιςτὰ
2910 1642 3075 1694 τελεια
3106 1648 3483 1714 προσενήνοχε.

967 1730 1126 1784 Sicut
1200 1728 1358 1784 enim
1419 1729 1608 1785 bonus
1672 1729 1956 1797 magister
1998 1726 2359 1800 imperfectis
2408 1728 2652 1798 quidem
2709 1730 3073 1801 imperfecta,
3144 1731 3416 1801 perfectis
3461 1739 3654 1788 autem
3703 1732 3897 1804 perfecta

2453 1910 2587 1979 Πρός
2652 1905 2709 1961 δε
2776 1911 2980 1970 τούτοις
3046 1914 3327 1966 σκοπητίον
3383 1916 3475 1961 καὶ
3533 1919 3697 1969 τοῦτο,
3738 1914 3800 1962 ότι
3838 1915 3908 1960 τοὶς

2376 2002 2597 2067 πρώτοις
2642 1996 3025 2071 παραϐαίνουσι
3068 2001 3184 2057 τοὺς
3237 2003 3421 2069 νόμους
3475 1995 3612 2069 δίχα
3665 2004 3906 2067 συγγνώμη

2376 2083 2698 2155 ἐπιφέρονται
2748 2088 2800 2137 αἰ
2846 2091 3115 2160 τιμωρίαι,
3169 2089 3299 2139 ὥστε
3355 2092 3473 2147 τούς
3531 2087 3701 2147 ἄλλους
3739 2088 3906 2159 ὁρῶντας

2375 2178 2466 2229 τὴν
2517 2174 2727 2226 κόλασιν
2784 2179 2854 2246 μὴ
2906 2174 3241 2247 παραϐαίνειν
3287 2193 3300 2205 °
3354 2176 3523 2237 ούτως
3558 2179 3584 2227 ό
3676 2183 3838 2247 πρῶτος
3876 2174 3905 2223 ἐι

2376 2262 2617 2333 Σαϐϐάτῳ
2657 2264 2783 2325 ξύλα
2832 2264 3071 2325 συλλέξας
3132 2266 3233 2316 ύπὸ
3280 2269 3474 2326 παντὸς
3553 2272 3640 2317 τού
3677 2263 3783 2315 λαοῦ
3824 2282 3909 2313 κατ·

2374 2351 2587 2410 ελεύσθη
2620 2371 2630 2381 ·
2679 2358 2854 2427 χρόνῳ
2896 2354 2955 2405 δε
2994 2354 3207 2425 ύστερον
3239 2354 3434 2406 πολλῶν
3456 2360 3540 2406 τόν
3574 2360 3684 2427 περὶ
3706 2352 3907 2405 Σαϐϐάτιν

2372 2446 2523 2512 νόμον
2603 2441 3060 2515 παραϐεϐηκότων,
3155 2446 3504 2515 μακροθύμως
3597 2446 3621 2495 ό
3697 2443 3906 2513 νομοθέτὶἑ

2373 2534 2601 2600 ἤνεγκεν
2635 2531 2769 2582 ούτω
2799 2533 2925 2583 Κάὶν
2982 2540 3186 2604 πρῶτος
3228 2535 3483 2603 φονεύσας
3548 2532 3816 2589 ἀνηκέστοις
3858 2549 3907 2578 τιο

2372 2624 2591 2692 μωρίαις
2654 2619 3033 2691 περιϐάλλεται,
3103 2620 3298 2672 πολλῶν
3374 2626 3564 2692 φονέων
3628 2622 3811 2691 ύστερσν
3870 2617 3905 2668 ιλ

2372 2714 2673 2782 παραυτίκα
2734 2705 2926 2760 δόντων
2993 2712 3088 2771 τὰς
3152 2715 3410 2783 τιμωρίας
3472 2733 3484 2743 ·
3542 2707 3647 2762 ἔδει
3684 2714 3821 2762 τοίνυν
3844 2726 3904 2756 xz:

2371 2801 2457 2849 τὸν
2486 2795 2663 2869 Ἀδὰμ
2718 2794 2993 2871 δεξάμενον
3036 2803 3122 2850 τόν
3165 2804 3339 2870 νόμον,
3409 2805 3501 2851 καὶ
3546 2805 3692 2871 νόμον
3715 2801 3907 2867 κουφότα-

2370 2906 2451 2940 τον
2502 2889 2622 2958 (τῶν
2694 2884 3038 2940 παντοδαπῶν
3100 2890 3202 2962 γὰρ
3264 2896 3478 2960 καρπῶν
3542 2889 3676 2959 αύτῴ
3722 2883 3908 2939 ἐδεδνκει

2370 2980 2462 3034 τὴν
2522 2976 2787 3048 ἀφθονίαν,
2833 2977 2939 3038 ἐνὸς
2998 2974 3056 3030 δὲ
3102 2983 3260 3049 μόνου
3315 2980 3664 3052 ἀπηγορεύκει
3690 2982 3725 3047 ),
3774 2973 3908 3026 διιόντι

2373 3062 2524 3126 δίκας
2564 3074 2654 3118 τού
2712 3066 3149 3138 πλημμελήματος
3201 3067 3271 3127 εἰς
3315 3068 3561 3139 ὠφέλειαν
3607 3074 3692 3118 τοῦ
3740 3069 3905 3135 γένονς’
3978 3130 3979 3133 η

2374 3155 2415 3206 εἰ
2446 3152 2502 3207 δὲ
2528 3151 2855 3227 δυσόργητος
2878 3156 2967 3219 ὡν,
2991 3158 3055 3215 ὡς
3077 3158 3101 3206 ό
3125 3152 3438 3227 δυσώνυμος
3469 3160 3562 3228 ἔφη
3592 3160 3825 3227 Μαρκίων,
3844 3148 3907 3202 δια

2373 3243 2573 3318 βρῶσιν
2627 3245 2804 3315 ὀλίγην
2849 3249 2941 3302 την
2994 3252 3087 3296 τού
3137 3247 3357 3297 θανάτου
3414 3250 3665 3318 τιμωρίαν
3702 3244 3905 3311 ἐπήνεγκε,

2370 3344 2479 3395 πῶς
2510 3334 2745 3385 ἁπάντων
2779 3332 3058 3404 ἀνθρώπων
3090 3333 3161 3394 εἰς
3192 3333 3429 3385 ἀσέϐειαν
3487 3333 3811 3396 ἐξοκειλάντων
3836 3334 3907 3378 ω

2370 3429 2713 3495 παρανομίαν,
2780 3423 2839 3473 ού
2904 3422 3253 3493 πανωλεθρίαν
3306 3425 3625 3494 ἐπήνεγκεν;
3843 3438 3906 3467 ut

2370 3515 2455 3563 τόν
2490 3515 2604 3564 Υιόν
2634 3511 2795 3563 ἔδωκε
2825 3516 2915 3562 καὶ
2955 3516 3047 3569 τὴν
3102 3508 3195 3563 διὰ
3237 3520 3326 3563 τοῦ
3382 3514 3580 3577 πάθους
3625 3517 3705 3563 καὶ
3732 3514 3905 3579 σπείρω

2370 3598 2672 3673 ἐδωρήσατο
2708 3606 2971 3675 σωτηρίαν
3001 3617 3012 3629 ·
3038 3605 3210 3653 καίτοι
3250 3598 3413 3658 δῆλον
3457 3610 3567 3662 τοῖς
3622 3604 3682 3653 τὰ
3728 3602 3818 3651 θεῖα

2373 3687 2736 3761 παιδευμένοις
2768 3694 2834 3751 ως
2865 3687 3014 3741 ούδεν
3060 3689 3113 3741 ἐκ
3153 3690 3486 3762 μεταμελείας
3541 3697 3670 3743 ποιεῖ
3710 3692 3732 3740 ό
3779 3692 3900 3742 Θιός·

2369 3790 2519 3831 τούτο
2549 3783 2650 3851 γὰρ
2684 3776 2819 3831 ἴδιον
2876 3783 2933 3831 τό
2990 3782 3155 3841 πάθος
3184 3788 3279 3830 τῶν
3337 3786 3566 3852 τρεπτὴν
3622 3779 3813 3851 ἐχόντων
3838 3778 3901 3827 τὶν

2371 3873 2545 3941 φύσιν,
2579 3872 2648 3921 ἔτι
2683 3866 2740 3921 δὲ
2792 3872 2963 3920 καὶτὸ
3016 3869 3193 3941 μέλλον
3254 3868 3572 3940 ἀγνοούντων
3634 3887 3645 3898 ο
3678 3870 3699 3919 ό
3738 3864 3785 3919 δε
3816 3874 3903 3917 Θεος

2370 3960 2550 4009 καὶτὰ
2605 3962 2763 4029 μήπω
2814 3962 3128 4030 γεγενημένα
3166 3961 3230 4018 ως
3290 3955 3397 4016 ἤδη
3452 3962 3747 4030 γεγενημένα
3786 3955 3897 4025 όρᾲ·

2372 4042 2577 4098 διὸκαὶ
2630 4050 2715 4099 τόν
2767 4044 2939 4119 Ἀδὰμ
2992 4042 3250 4120 προειδὼς
3300 4049 3384 4099 ὅτι
3446 4050 3623 4109 Θνητὸς
3691 4051 3901 4116 γενήσεται

2369 4142 2461 4195 τὴν
2498 4135 2700 4195 ἐντολὴν
2734 4136 2991 4209 παραϐὰς,
3033 4140 3279 4196 τοιαύτην
3339 4138 3505 4190 αύτου
3534 4142 3619 4189 καὶ
3667 4140 3746 4193 την
3790 4137 3897 4203 φύσι»

2370 4227 2440 4285 εἰς
2472 4226 2620 4300 ἄρρεν
2652 4233 2739 4278 καὶ
2808 4227 2935 4284 θῆλυ
2976 4230 3435 4299 προκατεσκεύασε
3494 4247 3507 4259 ο
3564 4236 3655 4279 τῶν
3699 4227 3783 4296 γὰρ
3815 4223 3896 4271 97t-

2369 4326 2465 4367 τῶν
2519 4321 2607 4367 καὶ
2656 4312 2991 4377 παιδοποιίας
3015 4313 3267 4389 δεομένων
3301 4316 3376 4379 εἰς
3402 4337 3495 4374 την
3529 4325 3616 4368 τοῦ
3642 4318 3791 4385 γένους
3806 4307 3897 4361 διε·

3516 4401 3769 4461 διάπλασις
3828 4418 3837 4428 ’
3876 4398 3891 4449 ἐ

3717 4511 3727 4522 ·
3762 4491 3893 4539 τούτου

2368 4409 2525 4477 μονὴν
2632 4408 2660 4462 η
2714 4408 2928 4462 τοιαύτη
3019 4414 3117 4456 τῶν
3186 4407 3443 4477 σωμάτων

2366 4496 2466 4567 γὰρ
2526 4492 2779 4553 ἀθάνατος
2831 4498 2981 4565 φύσις
3028 4494 3087 4546 ού
3141 4490 3309 4546 δεῖται
3368 4502 3460 4547 τοῦ
3499 4494 3665 4551 θήλεον

601 4577 748 4645 digit
779 4576 1000 4632 femina
1042 4594 1053 4631 :
1080 4577 1260 4647 hujus
1282 4593 1467 4633 causa
1508 4579 1750 4634 Creator
1776 4594 2099 4651 corporum
2131 4580 2259 4652 qui-

2372 4586 2526 4655 χάριν
2575 4584 2599 4633 ό
2671 4587 2914 4647 Ποιητής,
2970 4587 3056 4634 τόν
3096 4586 3186 4655 μεν
3259 4592 3359 4634 τῶν
3445 4584 3685 4655 σωμάτων
3732 4578 3891 4651 ἀριθμὸν

600 4664 741 4723 dem
787 4681 1104 4722 numerum
1147 4666 1322 4722 simul
1371 4668 1665 4738 produxit,
1724 4669 1999 4724 mortalia
2056 4675 2255 4724 autem

602 4756 877 4813 animalia
906 4756 1049 4812 bina
1076 4774 1089 4821 ;
1134 4763 1188 4810 et
1220 4763 1539 4828 postquam
1574 4758 1805 4827 singula
1836 4758 2090 4814 formata
2120 4759 2252 4823 sint,

602 4844 715 4901 illis
752 4846 1224 4901 benedictionem
1252 4846 1327 4901 ad
1360 4846 1859 4918 multiplicandum
1891 4847 2105 4903 intulit.

679 4936 823 4991 Haec
855 4950 998 5005 ergo
1039 4935 1370 5006 praavidens
1392 4936 1560 4999 Deus,
1591 4952 1709 4991 non
1740 4936 1921 4991 modo
1952 4937 2009 4991 in
2036 4953 2257 4991 mascu-

604 5020 729 5076 lum
769 5029 824 5078 et
855 5025 1140 5078 feminam
1175 5023 1475 5079 hominem
1510 5024 1662 5087 fecit,
1692 5025 1794 5078 sed
1826 5030 1879 5079 et
1906 5024 1978 5078 de
2007 5026 2259 5079 mandu-

604 5110 837 5165 catione
860 5112 1182 5181 legemillis
1205 5113 1387 5167 dedit.
1422 5134 1447 5163 «
1492 5116 1630 5168 Ecce
1671 5113 1851 5175 enim,
1881 5113 2094 5184 inquit,
2122 5111 2259 5170 dedi

606 5198 779 5255 vobis
794 5202 1299 5257 omnemherbam
1320 5202 1665 5257 atl‘erentem
1689 5218 1911 5266 semen,
1943 5210 1995 5257 ct
2026 5209 2256 5269 caetera,

606 5292 673 5343 ut
704 5287 821 5342 sint
840 5288 1011 5343 vobis
1042 5289 1099 5344 in
1128 5306 1320 5345 escam
1344 5293 1408 5347 Π.
1438 5314 1465 5341 ››
1500 5292 1702 5347 Etheec
1725 5297 1859 5347 ante
1880 5292 2254 5348 mandatum.

606 5379 733 5435 Non
764 5390 906 5446 ergo
936 5379 1015 5433 ita
1044 5377 1221 5450 plena
1251 5385 1339 5436 est
1367 5380 1469 5436 iraa
1495 5381 1747 5453 punitio,
1781 5380 1888 5438 sed
1919 5385 2007 5437 est
2038 5381 2256 5439 modus

2367 4674 2495 4745 ὁμοῦ
2525 4676 2820 4745 παρήγαγε.
2851 4680 2946 4723 τῶν
2988 4668 3044 4723 δε
3091 4674 3283 4729 θνητῶν
3340 4674 3485 4735 ζώων
3518 4672 3609 4723 ἀνα
3648 4667 3768 4722 δύο·
3809 4662 3891 4713 καῖ

2366 4763 2581 4814 ἕκαστον
2646 4757 3189 4835 δημιουργησοίμενος,
3246 4769 3341 4822 τῆς
3407 4762 3570 4824 αὔξης
3632 4760 3779 4816 adrui;
3826 4758 3888 4806 Ti?

2368 4850 2599 4919 εὐλογίαν
2640 4854 3007 4922 προσήνεγκεν.

2437 4946 2613 4990 Ταῦτα
2668 4944 2838 4990 τοίνυν
2888 4947 3119 5011 προορῶν
3154 4941 3179 4990 ό
3222 4942 3353 5001 Θεὸς
3416 4940 3474 4992 ού
3516 4944 3657 5011 μόνον
3697 4934 3883 5004 simini?

2368 5034 2453 5080 καὶ
2481 5028 2606 5086 Οῆλυ
2636 5032 2720 5079 τόν
2762 5030 3028 5101 ἄνθρωπον
3084 5025 3375 5092 διέπλασεν,
3422 5028 3548 5080 ἀλλά
3577 5033 3656 5079 καὶ
3697 5029 3763 5076 τὸν
3804 5037 3881 5085 περ(

2368 5126 2456 5176 τῆς
2489 5115 2731 5188 βρώσεως
2760 5116 2933 5177 αὐτοῖς
2960 5120 3112 5189 νόμον
3142 5114 3348 5169 ἔδωκεν.
3383 5138 3409 5168 ι(
3454 5114 3591 5170 Ἰδού
3626 5116 3731 5185 γὰρ,
3754 5111 3877 5181 φπῖὶνρ

2369 5202 2540 5257 ἔδωκα
2578 5207 2698 5276 ύμῖν
2742 5209 2910 5258 πάντα
2952 5212 3143 5279 χόρτον
3218 5212 3473 5278 σπόριμον
3526 5210 3609 5256 καὶ
3663 5203 3758 5264 ἑξῆς
3797 5198 3877 5263 ὑμῖν

2370 5292 2579 5347 δέδωκα
2609 5294 2674 5355 εἰς
2706 5293 2905 5369 βρῶσιν
2941 5315 2954 5327 ·
3017 5316 3045 5347 ››
3094 5299 3181 5347 καὶ
3216 5304 3383 5346 ταῦτα
3432 5300 3531 5368 πρὸ
3578 5301 3659 5353 τῆς
3694 5286 3873 5341 ἐντολῆς’

2368 5383 2425 5436 ού
2476 5388 2647 5437 τοίνυν
2705 5382 2863 5457 ὀργῆς
2908 5386 2938 5443 ἡ
3006 5389 3231 5457 τιμωρία
3278 5382 3383 5436 ἀλλ’
3442 5384 3694 5455 οἰκονομία
3744 5376 3874 5443 σοῖαἶ

680 5582 923 5638 “Levit.
962 5597 1060 5645 xu,
1094 5587 1144 5638 3.
1178 5585 1221 5618 ³⁵
1256 5585 1457 5640 Matth.
1500 5602 1553 5651 v,
1598 5590 1686 5642 28.
1714 5590 1759 5624 ¹⁶
1794 5588 1935 5645 ibid.
1963 5594 2050 5644 22.
2091 5591 2132 5626 ¹“¹
2164 5593 2261 5648 Ger

2402 5610 2439 5657 ι,
2467 5594 2559 5647 29.
