4026 6196
57 319 214 377 1065

1109 316 1204 370 AD
1241 311 1782 373 AMPHILOCHIUM
1823 312 2150 379 QUASSTIO
2191 315 2396 372 CCLV.

3314 316 3450 375 1066

49 449 238 518 μεστή
275 445 359 496 ἵνα
389 445 491 519 γὰρ
523 447 726 516 μισήση
790 445 882 501 τήν
927 441 1184 516 ἁμαρτίαν
1232 447 1291 495 τὸ
1326 451 1425 495 τῶν
1484 441 1680 515 ἀνθρώ-

1798 439 2001 508 agendi
2023 439 2317 511 sapientia
2347 439 2582 512 plenus.
2638 440 2708 496 Ut
2768 439 2926 495 enim
2972 444 3285 512 peccatum
3349 459 3453 500 ex-

51 555 179 586 πων
225 539 374 605 γένος
425 536 494 594 ὡς
532 533 703 585 αἰτίαν
780 533 1000 584 θανάτου
1096 537 1455 605 γεγενημένην,

52 629 162 681 τὴν
192 623 498 696 παράϐασιν
549 630 638 681 τῆς
710 619 915 681 ἐντολῆς
990 619 1214 695 ἐπιφέρει
1286 629 1380 673 τοῦ
1456 623 1676 672 θανάτου

52 717 164 771 τήν
185 711 366 784 ψῆφον
397 713 422 764 ὀ
451 713 730 782 πάνσοφος,
770 717 922 762 τοῦτο
989 713 1078 781 μὲν
1108 713 1167 762 τὸ
1200 715 1318 784 περὶ
1370 715 1464 768 τὴν
1513 709 1679 782 ἁμαρ-

51 807 186 853 τίαν
215 819 595 872 μηχανωμενος
646 805 822 872 μῖσος,
876 800 1290 874 προευτρεπίζων
1341 796 1401 852 δε
1445 807 1516 868 τῷ
1545 803 1677 869 γένει

55 897 166 952 τῆς
209 895 482 964 σωτηρίας
523 892 580 942 τὸ
657 889 946 961 φάρμακον,
1025 894 1119 946 τήν
1193 898 1284 940 τοῦ
1362 895 1678 959 Μονογενοῦς

57 980 376 1054 ἐδανθρώπη
386 998 467 1031 σιν
522 995 534 1008 ⁶

1550 534 1680 603 μετά

593 974 664 1030 δι’
694 978 753 1038 ἧς
783 977 906 1049 ἡμῖν
959 979 988 1035 ἠ
1048 977 1100 1028 ir.
1151 987 1338 1053 νεκρῶν
1393 977 1678 1037 ἀνάστασις

57 1075 158 1120 καὶ
196 1071 226 1126 ἡ
259 1068 525 1120 ἀθανασία
577 1063 1129 1141 διαπεπραγμοίτευται
1189 1083 1202 1096 ⁸
1247 1073 1297 1119 τί
1355 1065 1414 1120 δε
1466 1072 1555 1118 καὶ
1587 1065 1678 1117 ἁπ-

61 1161 186 1218 ηνες
214 1159 245 1215 ἡ
271 1156 536 1228 ἀπόφασίς
564 1157 677 1227 ἔχει
705 1173 721 1226 ;
757 1176 786 1207 ιι
812 1161 878 1212 Γῆ
908 1151 972 1219 εἷ,
1001 1161 1090 1207 καὶ
1119 1156 1192 1216 εἰς
1214 1164 1314 1226 γῆν
1338 1155 1615 1227 ἁπελεύση.
1652 1177 1672 1202 ι

63 1247 203 1298 Ἀπὸ
261 1255 363 1316 γῆς
411 1265 490 1312 σε,
544 1249 723 1316 φησὶν,
780 1244 850 1306 εὶς
898 1241 1088 1316 ἀμείνω
1136 1244 1303 1315 πολλῷ
1366 1247 1520 1316 φύσιν
1555 1263 1678 1316 μετ-

63 1338 342 1388 εσκεύασα
419 1355 431 1368 υ
468 1337 574 1387 ἐπεὶ
603 1330 662 1386 δὲ
737 1332 960 1405 φύλαξαι
1033 1353 1134 1405 μου
1174 1339 1267 1392 τὴν
1343 1332 1546 1392 ἐντολήν
1585 1333 1680 1384 οὐκ

445 1426 569 1495 πρὸς
638 1426 730 1480 τήν
809 1425 1056 1494 προτέραν
1131 1421 1437 1494 ἐπανελεύση
1489 1423 1669 1493 φύσιν·

67 1512 302 1565 ἀνθοτου
338 1509 399 1564 δε
437 1517 525 1564 καὶ
567 1513 788 1584 σμικρὸν
829 1506 959 1563 εἶναι
1004 1507 1235 1562 δοκεῖτὸ
1262 1509 1548 1584 ἁμάρτημα
1580 1508 1680 1575 ;”Ο

65 1598 164 1664 μὲν
217 1596 426 1645 πάντων
504 1589 666 1644 ἔδωκε
745 1595 838 1648 τὴν
911 1589 1167 1661 ἐξουσίαν9
1220 1591 1326 1651 ἐνὸς
1411 1587 1469 1642 δε
1521 1596 1679 1662 μόνον

65 1683 315 1755 ἀπεῖρξε-δ
343 1700 354 1710 ·
385 1683 411 1732 ὁ
442 1678 500 1734 δε
527 1681 822 1733 καταλιπὼν
879 1680 1104 1747 ἅπαντα,
1158 1688 1338 1732 τοῦτον
1395 1685 1485 1733 καὶ
1527 1684 1680 1752 μόνον

64 1424 364 1489 ἠθέλησας,

67 1779 162 1823 καὶ
217 1781 424 1846 πρῶτον
480 1770 732 1844 ἐτρύγησε
781 1773 866 1821 τὸν
898 1773 1093 1843 καρπόν
1123 1787 1133 1799 ·
1186 1778 1337 1822 τοῦτο
1393 1772 1494 1842 γὰρ
1540 1774 1679 1838 αύτῷ

66 1868 163 1913 καὶ
209 1864 234 1912 ὁ
281 1865 544 1919 Δεσπότης
574 1858 860 1931 ἐμέμψατο.
890 1864 983 1918 Τίς
1011 1862 1135 1933 γὰρ,
1198 1865 1373 1931 φησιν,
1412 1857 1680 1930 ἀνήγγειλέ

72 1971 162 2003 σοι
185 1952 271 2002 ὅτι
301 1953 492 2021 γυμνὸς
523 1945 586 2014 εἰ,
621 1948 758 2020 εἰμὴ
795 1947 894 2000 ἀπὸ
925 1955 1014 2000 τοῦ
1066 1948 1218 2010 ξύλου
1246 1949 1306 2000 οὗ
1360 1948 1680 2020 ἐνετειλάμην

74 2060 164 2093 σοι
197 2044 389 2092 τούτου
417 2043 566 2111 μόνον
619 2042 690 2108 μή
753 2045 946 2110 φαγεῖν,
1002 2036 1088 2088 ἀπ’
1135 2038 1293 2090 αὑτοῦ
1345 2040 1524 2110 ἔφαγες
1553 2054 1568 2104 ;
1595 2034 1681 2090 δε-

73 2127 292 2187 δήλωκε
322 2124 382 2180 δε
427 2133 516 2180 καὶ
563 2128 588 2178 ὁ
639 2122 879 2186 διάϐολος
934 2131 1004 2198 μὴ
1093 2133 1270 2197 φαγεῖν
1341 2126 1527 2187 αὐτούς
1583 2125 1682 2177 ἀπὸ

1285 2233 1296 2245 ⁸
1346 2220 1408 2268 Τί
1441 2217 1520 2268 ὅτι
1552 2212 1683 2268 εἶπεν

72 2309 98 2358 ὁ
132 2311 293 2369 Θεὸς,
345 2305 420 2359 Ού
449 2310 520 2378 μὴ
557 2307 757 2376 φάγητε
787 2303 886 2356 ἀπὸ
937 2308 1128 2366 παντὸς
1194 2303 1345 2366 ξύλου
1391 2312 1482 2356 τοῦ
1513 2303 1560 2356 ἐν
1590 2325 1686 2356 πα-

71 2237 211 2278 τινος
243 2216 402 2270 ἄλλον
435 2215 607 2279 ξύλου.
635 2215 707 2268 Δι’
765 2215 830 2266 ὧν
885 2218 974 2286 ἔφη
1009 2223 1069 2286 τῇ
1121 2217 1231 2286 Εὕα

74 2393 357 2467 pathice);
388 2395 430 2447 εἰ
455 2398 556 2467 γὰρ
583 2390 720 2446 οἶδεν
761 2390 1104 2458 ἐδηδοκότας,
1163 2393 1254 2445 οὐκ
1311 2392 1370 2444 ἂν
1397 2394 1541 2464 ᾠήθη
1570 2399 1686 2467 περὶ

75 2489 289 2538 πάντων
318 2485 505 2544 αὐτούς
551 2492 648 2536 τῶν
697 2479 926 2556 δένδρων
976 2482 1231 2555 εἰληφέναι
1287 2488 1379 2540 τὴν
1437 2482 1639 2541 ἐντολήν
1670 2501 1682 2514 ·

76 2576 136 2627 ού
169 2578 344 2649 μικρὰ
381 2578 550 2626 τοίνυν
627 2575 658 2630 ἡ
708 2570 1004 2646 παράϐασις
1063 2587 1076 2602 '
1156 2577 1362 2644 πρώτου
1421 2575 1520 2645 γὰρ
1570 2592 1688 2645 μετ-

75 2663 285 2734 ἑλαϐον,
311 2664 370 2715 οὗ
401 2667 558 2735 μόνον
589 2666 660 2734 μὴ
694 2668 978 2733 μετασχεῖν
1006 2660 1399 2718 ἐκελεύσθησαν.

648 2882 959 2930 armum:
1000 2874 1159 2934 zNE'.

377 2991 528 3047 Τίνας
551 2986 696 3046 υἱούς
723 2992 855 3037 Θεοῦ
885 2982 1098 3040 κέκληκε
1127 2990 1360 3044 Μωυσῆς
1393 2999 1406 3048 ;

1787 529 2154 585 horresceret
2196 530 2512 586 hominum
2562 545 2754 600 genus
2813 533 2874 584 ut
2937 545 3184 585 causam
3246 533 3451 589 mortis

1787 616 2032 683 factum,
2066 626 2203 689 post
2231 620 2756 688 transgressionem
2796 618 3064 674 mandati
3103 621 3307 676 mortis
3354 623 3454 678 de-

1787 712 2010 763 cretum
2038 708 2135 779 qui
2174 713 2261 764 est
2291 709 2540 764 omnino
2571 708 2836 780 sapiens,
2870 708 3066 764 intulit
3093 713 3151 764 et
3179 709 3293 766 hoc
3319 713 3454 784 qui-

1786 795 1923 852 dem
1941 796 2146 852 odium
2179 798 2405 868 peccati
2443 797 2719 859 moliens,
2743 796 3092 852 hominibus
3132 803 3333 855 autem
3364 817 3454 857 sa-

1784 885 2039 942 lutarem
2079 885 2432 942 medicinam
2479 901 2840 958 praeparans,
2885 886 3125 953 scilicet,
3161 887 3453 958 Unigeniti

1787 973 1877 1028 sui
1909 973 2401 1042 incarnationem,
2466 990 2572 1048 per
2617 991 2804 1048 quam
2867 975 3040 1030 nobis
3091 991 3160 1032 ex
3201 977 3451 1033 mortuis

1787 1065 2138 1119 resurrectio
2177 1071 2233 1120 et
2270 1063 2692 1120 immortalitas
2735 1069 3027 1135 operatur.
3073 1066 3221 1130 Quid
3248 1071 3453 1122 autem

1787 1152 2019 1208 crudele
2035 1153 2212 1209 habet
2232 1154 2346 1209 hoc
2358 1153 2700 1209 decretum?
2728 1173 2756 1205 «
2771 1156 2950 1209 Terra
2979 1169 3060 1217 es,
3075 1159 3131 1210 et
3153 1155 3214 1209 in
3242 1160 3453 1211 terram

1787 1241 2098 1296 reverteris
2119 1243 2166 1278 ³⁸
2200 1263 2224 1292 υ
2254 1257 2285 1298 e
2309 1247 2460 1298 terra
2483 1247 2558 1311 te,
2585 1243 2794 1313 inquit,
2827 1242 2907 1297 ad
2930 1243 3117 1298 multo
3145 1244 3449 1300 meliorem

1789 1335 2066 1387 naturam
2081 1332 2434 1404 praeparavi,
2463 1332 2608 1403 quia
2635 1336 2834 1387 autem
2855 1346 2974 1386 non
3019 1331 3257 1387 voluisti
3287 1349 3456 1389 man-

1789 1419 1998 1476 datum
2029 1436 2229 1476 meum
2270 1435 2532 1486 servare,
2566 1419 2644 1476 ad
2667 1419 2928 1492 primam
2955 1426 3234 1476 naturam
3263 1437 3455 1477 rever-

1791 1508 1947 1576 teris,
1970 1523 2160 1580 quare
2191 1514 2393 1564 autem
2441 1524 2698 1580 parvum
2753 1525 2884 1564 esse
2934 1509 3209 1565 videatur
3247 1525 3452 1582 pecca-

1792 1595 1962 1652 tum?
2001 1597 2100 1653 Ille
2127 1598 2372 1670 quidem
2422 1598 2690 1653 omnium
2740 1597 2904 1653 dedit
2937 1599 3287 1668 potentiam,
3330 1615 3452 1655 uno

1791 1686 2174 1742 solummodo
2203 1686 2506 1743 interdixit
2534 1687 2658 1752 ;hic
2677 1687 3182 1743 autemomnibus
3211 1688 3449 1754 relictis,

1767 1773 1956 1829 illum
1987 1778 2044 1830 et
2069 1774 2265 1830 solum
2303 1780 2359 1830 et
2388 1775 2650 1846 primum
2681 1775 2903 1846 carpsit
2950 1773 3228 1831 fructum.
3267 1798 3295 1827 ‹‹
3329 1777 3450 1832 Hoc

1789 1863 1944 1918 enim
1966 1862 2046 1918 illi
2074 1863 2364 1920 Dominus
2383 1863 2789 1936 exprobravit.
2825 1863 2968 1930 Quis
2998 1864 3178 1930 enim,
3234 1865 3450 1938 inquit,

1791 1951 2075 2008 indicavit
2106 1953 2206 2008 tibi
2228 1951 2394 2024 quod
2424 1952 2626 2008 nudus
2651 1968 2833 2019 esses,
2863 1952 2976 2008 nisi
2998 1953 3162 2024 quod
3188 1970 3261 2009 ex
3291 1953 3454 2025 ligno

1791 2041 1865 2095 de
1878 2056 1993 2112 quo
2008 2056 2407 2112 prmeeperam
2429 2040 2528 2095 tibi
2545 2057 2616 2096 ne
2630 2040 2976 2096 comederes
2989 2043 3303 2098 comedisti
3320 2044 3362 2078 ¹⁹
3376 2041 3405 2096 7
3421 2063 3448 2094 ››

1793 2129 2222 2185 demonstravit
2249 2133 2451 2184 autem
2500 2134 2555 2184 et
2585 2128 2863 2185 diabolus
2893 2128 3024 2185 illos
3082 2145 3202 2185 non
3269 2146 3454 2186 come-

1793 2218 1951 2274 disse
1971 2219 2048 2274 ab
2079 2219 2196 2274 alio
2213 2218 2482 2290 quodam
2513 2217 2695 2287 ligno.
2724 2219 2928 2291 Itaque
2957 2218 3099 2273 dicit
3127 2221 3254 2274 Evm
3281 2237 3294 2275 :
3339 2222 3454 2276 Cur

1793 2308 2068 2381 praecepit
2097 2307 2268 2362 vobis
2305 2310 2458 2362 Deus
2509 2312 2572 2362 ut
2594 2322 2712 2362 non
2745 2307 3136 2364 comederetis
3175 2307 3250 2363 de
3287 2308 3455 2364 omni

1795 2399 1956 2466 ligno
1986 2395 2297 2469 paradisi?
2327 2397 2386 2452 Si
2408 2397 2566 2452 enim
2621 2396 2752 2452 illos
2790 2397 3124 2452 comedisse
3172 2398 3452 2464 scivisset,

1797 2503 1917 2544 non
1931 2493 2194 2559 putasset
2211 2487 2283 2542 de
2299 2487 2584 2542 omnibus
2607 2486 2928 2543 arboribus
2947 2486 3078 2543 illos
3101 2488 3456 2545 mandatum

1799 2577 2121 2648 accepisse.
2143 2579 2266 2632 Non
2285 2580 2376 2630 est
2390 2591 2569 2646 parva
2595 2591 2738 2646 ergo
2761 2576 3174 2647 transgressio:
3197 2577 3456 2648 primum

1798 2667 1957 2723 enim
1985 2665 2383 2738 apprehendit
2397 2680 2581 2737 quem
2597 2665 2793 2722 solum
2812 2681 2934 2722 non
2953 2666 3240 2737 attingere
3250 2667 3457 2740 jussus

1799 2755 2016 2812 fuerat.

1803 2878 2123 2946 QUxESTIO
2161 2879 2333 2934 CCLV
2381 2878 2582 2951 [CoisL
2635 2878 2834 2946 CCCV,
2912 2882 3092 2936 Taur.
3167 2879 3458 2950 CCXCIV].

1873 2987 2167 3052 Quasnam
2189 2986 2346 3055 ﬁlios
2384 2985 2485 3042 Dei
2517 2986 2810 3043 vocaverit
2843 2987 3075 3058 Moyses
3106 2987 3240 3058 (52).

661 3090 862 3140 Editaa
888 3089 1026 3139 Maio
1055 3089 1111 3150 (l.
1145 3103 1190 3137 c.
1225 3105 1280 3152 p.
1321 3090 1428 3144 123,
1462 3104 1513 3152 q.
1543 3091 1674 3146 254).
1702 3119 1765 3128 -
1795 3091 1866 3142 De
1895 3093 2036 3143 illius
2063 3093 2154 3142 Dei
2186 3093 2239 3140 in
2262 3095 2410 3142 textu
2438 3091 2565 3140 Gen.
2599 3103 2682 3149 VI,
2713 3094 2743 3141 2

156 3213 226 3262 Oi
282 3213 373 3280 μὲν
420 3212 540 3270 τοὺς
606 3205 851 3278 ἁγγελους
899 3207 1297 3270 ὑπονοήσαντες,
1347 3209 1637 3276 μαίνονται.

83 3302 232 3360 υἱούς
276 3294 338 3350 δὲ
365 3297 582 3354 κέκληκε
610 3303 697 3346 νῦν
725 3301 818 3347 τοῦ
850 3302 982 3348 Θεοῦ
1037 3297 1156 3354 τοὺς
1189 3292 1240 3344 ἐκ
1288 3300 1378 3345 τοῦ
1419 3296 1521 3351 Σήθ
1569 3314 1693 3348 κατ-

85 3392 377 3460 αγομένους
409 3405 422 3418 ·
461 3386 682 3438 εἰποῦσα
716 3387 818 3458 γὰρ
875 3385 904 3443 ἡ
965 3387 1136 3458 Γραφὴ
1168 3384 1305 3444 ὅπως
1330 3382 1383 3434 ἐκ
1409 3391 1499 3435 τοῦ
1541 3387 1644 3442 Σὴθ
1667 3385 1692 3435 ὁ

83 3481 246 3537 ἐνὼς
276 3478 541 3548 ἐγεννήθη,
586 3476 920 3548 προσέθηκεν·
979 3495 999 3522 ι
1036 3473 1204 3533 Οὗτος
1252 3472 1469 3531 ἤλπισεν
1515 3472 1694 3526 ἐπικα-

83 3568 296 3620 λεῖσθαι
317 3569 375 3618 τό
403 3570 562 3638 ἄνομα
591 3569 786 3638 Κυρίου
802 3570 893 3615 τοῦ
912 3570 1064 3616 Θεοῦ”
1102 3563 1172 3613 »ὁ
1205 3558 1264 3614 δὲ
1293 3561 1510 3623 Ἀκύλας
1538 3568 1688 3635 φησί⁶

83 3662 214 3710 Τότε
283 3656 478 3729 ἤρξατο
532 3654 702 3706 καλεῖν
761 3652 808 3704 ἐν
870 3651 1082 3724 ὀνόματι
1130 3656 1349 3724 Κυρίου’

86 3766 233 3799 τεται
283 3741 344 3797 δὲ
396 3747 459 3804 ὡς
507 3741 600 3796 διὰ
653 3748 746 3800 τήν
805 3739 1062 3794 εὐσέϐειαν
1133 3740 1278 3802 οὗτος
1338 3749 1542 3813 πρῶτος
1601 3750 1692 3802 τῆς

1428 3675 1454 3700 ι)
1533 3653 1693 3705 αἰνίτ-

90 3840 236 3895 Θείας
295 3837 657 3908 προσηγορίας
708 3834 970 3902 τετύχηκε
1013 3835 1101 3882 καὶ
1149 3831 1248 3881 ύπὸ
1291 3838 1389 3881 τῶν
1431 3841 1691 3902 συγγενῶν

87 3925 374 3996 ὠνομάσθη
436 3927 582 3984 Θεὸς*
639 3922 749 3973 ὅθεν
825 3922 872 3972 οὶ
947 3918 1002 3970 ἐκ
1065 3922 1250 3971 τούτου
1328 3921 1521 3991 φύντες,
1591 3923 1693 3972 υἱοὶ

88 4021 224 4067 Θεοῦ
252 4011 633 4086 ἐχρημάτιζον⁹
668 4006 754 4062 διὸ
810 4013 896 4061 καὶ
942 4010 968 4060 ὁ
1022 4011 1209 4079 Κύριος
1237 4005 1332 4060 διὰ
1372 4017 1462 4060 τοῦ
1497 4015 1691 4082 προφήι

89 4122 181 4154 του
209 4096 453 4155 Δαϐίδ’‹‹
500 4098 632 4171 Ἐγώ
691 4095 810 4150 εἶπα
843 4114 854 4126 ⁸
923 4101 1044 4149 Θεοί
1102 4095 1218 4148 ἐστε
1273 4101 1362 4148 καὶ
1429 4096 1693 4166 υἰοὶὙψί-

93 4211 220 4244 στου
248 4191 453 4250 πάντες·
492 4211 512 4238 ι
547 4192 656 4253 καὶ,
685 4208 708 4237 α
731 4186 791 4239 Ὀ
817 4189 940 4247 Θεὸς
967 4188 1087 4242 ἔστη
1110 4187 1158 4237 ἐν
1178 4192 1450 4256 συναγωγῇ
1479 4187 1620 4237 θεῶν’
1647 4183 1694 4236 ἐν

88 4286 232 4353 μσῳ
262 4275 324 4332 δέ
383 4279 527 4339 θεούς
573 4274 849 4345 διακρινεῖο
908 4296 934 4326 ››
1002 4276 1136 4326 ούτω
1188 4272 1247 4326 δὲ
1301 4273 1542 4346 ὀνομάζει
1580 4277 1696 4334 τοὺς

87 4373 378 4444 ἄρχοντας’
406 4372 494 4419 καὶ
523 4369 623 4442 γὰρ
646 4364 842 4435 έπάγει·
872 4388 899 4416 ‹‹
932 4364 1062 4424 "Em;
1091 4367 1214 4416 πότε
1261 4367 1456 4435 κρίνετε
1486 4359 1696 4415 ἀδικίαν

87 4465 181 4512 καὶ
240 4462 501 4531 πρόσωπα
556 4454 869 4528 ἀμᾱιρτωλῶν
926 4451 1254 4525 λαμϐάνει-ες
1320 4472 1348 4503 ι)
1404 4456 1494 4503 καὶ
1561 4451 1692 4514 ἑξῆς·

1732 3205 1772 3263 C
1876 3209 1984 3274 Qui
2001 3208 2247 3281 quidem
2266 3209 2514 3278 angelos
2531 3225 2659 3265 esse
2677 3209 2939 3265 sentiunt
2961 3210 3209 3282 turpiter
3235 3215 3456 3282 errant,

1802 3296 1954 3353 ﬁlios
1985 3303 2186 3354 autem
2213 3299 2451 3355 vocavit
2481 3299 2581 3354 Dei
2604 3297 2734 3355 illos
2760 3299 2863 3372 qui
2889 3315 2957 3354 ex
2981 3300 3119 3355 Seth
3149 3300 3263 3356 orti
3290 3304 3448 3357 sunt.

1807 3387 2013 3442 Dicens
2043 3387 2205 3443 enim
2237 3387 2540 3460 Scriptura
2570 3404 2740 3445 sacra
2770 3389 2935 3461 quod
2962 3404 3033 3444 ex
3083 3388 3226 3444 Seth
3259 3389 3460 3445 Enoch

1803 3482 1979 3532 natus
2005 3481 2113 3542 est,
2139 3476 2353 3546 adjecit
2384 3494 2398 3530 :
2433 3499 2460 3527 ‹‹
2496 3478 2606 3534 Iste
2633 3477 2880 3534 conﬁdit
2922 3477 3198 3534 invocare
3238 3493 3460 3534 nomen

1806 3565 2037 3620 Domini
2081 3565 2178 3620 Dei
2209 3567 2278 3618 ὀ.
2305 3587 2332 3614 ››
2365 3565 2580 3629 Aquila
2632 3570 2829 3621 autem
2891 3565 3031 3621 dicit
3066 3583 3076 3622 :
3112 3574 3252 3623 tunc
3300 3567 3462 3638 capit

1804 3656 2084 3710 invocare
2107 3671 2311 3712 nomen
2348 3655 2581 3712 Domini
2613 3655 2912 3722 ;ostendit
2939 3656 3326 3729 autemquod
3357 3672 3464 3729 per

1805 3744 2068 3816 pietatem
2085 3744 2190 3800 iste
2214 3745 2428 3816 primus
2450 3744 2710 3800 divinam
2731 3745 3174 3818 appellationem
3207 3745 3465 3802 obtinuit

1806 3837 1863 3889 et
1887 3849 1922 3888 a
1960 3833 2299 3905 parentibus
2334 3836 2485 3888 Deus
2506 3835 2967 3903 cognominatus
3009 3841 3113 3890 est.
3154 3835 3318 3891 Unde
3359 3835 3464 3908 qui

1807 3937 1879 3978 ex
1919 3922 2015 3977 illo
2047 3922 2168 3977 nati
2208 3927 2363 3986 sunt,
2413 3922 2512 3976 filii
2556 3923 2654 3978 Dei
2708 3923 3200 3978 nominabantur.
3258 3924 3464 3996 Itaque

1807 4011 2098 4066 Dominus
2121 4025 2225 4080 per
2249 4010 2606 4081 prophetam
2655 4010 2840 4066 David
2862 4011 3001 4067 dicit
3036 4033 3047 4066 :
3086 4031 3114 4063 «
3140 4014 3262 4081 Ego
3291 4012 3412 4067 dixi
3446 4029 3464 4066 :

1809 4099 1894 4153 Dii
1933 4099 2074 4154 estis
2106 4106 2160 4153 et
2187 4098 2290 4153 filii
2324 4099 2544 4154 Excelsi
2583 4115 2794 4156 omnes
2825 4101 2893 4151 ²¹.
2941 4119 2969 4150 »
3033 4103 3098 4155 Et
3157 4117 3169 4155 :
3225 4121 3249 4151 α
3309 4102 3464 4156 Deus

1807 4188 1962 4244 stetit
1999 4187 2053 4242 in
2084 4187 2332 4243 concilio
2361 4187 2612 4244 deorum
2653 4190 2721 4243 ".
2746 4189 2809 4244 In
2846 4187 3045 4245 medio
3071 4195 3272 4246 autem
3313 4189 3462 4245 deos

1803 4277 2048 4348 judicat.
2092 4298 2118 4324 ι»
2159 4277 2252 4330 Sic
2284 4277 2557 4332 nominat
2581 4277 2713 4333 illos
2742 4278 2845 4350 qui
2873 4279 3193 4351 imperant.
3237 4279 3464 4334 Etenim

1808 4365 2011 4436 adjicit
2060 4380 2128 4419 :«
2161 4366 2482 4437 Usquequo
2509 4365 2792 4436 judicatis
2845 4366 3197 4437 injustitiam
3230 4371 3285 4423 et
3337 4382 3467 4439 per-

1808 4470 1990 4510 sonas
2008 4460 2386 4526 peccatorum
2410 4455 2641 4510 sumitis
2661 4457 2706 4491 ²³
2728 4454 2756 4511 ?
2785 4475 2812 4507 »
2841 4461 2895 4512 et
2925 4461 3154 4512 caetera.
3200 4459 3264 4512 Et
3295 4457 3380 4512 sic
3406 4456 3466 4512 in

85 4553 180 4601 καὶ
231 4545 506 4617 πολλαχοῦ
551 4552 644 4604 τῆς
676 4549 879 4616 Γραφῆς
929 4543 1166 4614 εὑρήσεις
1217 4542 1360 4600 θεοὺς
1404 4543 1526 4602 τούς
1579 4537 1687 4593 δια·

1808 4543 2007 4598 multis
2057 4542 2368 4613 Scriptura
2399 4541 2544 4598 locis
2592 4543 2856 4600 invenies
2913 4544 3054 4599 deos
3085 4546 3282 4600 vocari
3336 4544 3467 4601 illos

87 4640 341 4710 φέροντας
400 4643 499 4686 τῶν
554 4633 750 4686 πολλῶν
803 4631 1082 4707 ἀνθρώπων
1141 4629 1550 4702 ὀνομαζομένους
1602 4644 1615 4658 ⁶
1650 4633 1697 4682 οἱ

84 4733 261 4780 τοίνυν
293 4730 385 4776 τοῦ
411 4725 514 4781 Σὴθ
575 4722 819 4792 ἀπόγονοι
867 4724 965 4773 εἴτε
1023 4719 1076 4772 ἐκ
1114 4727 1205 4772 τοῦ
1247 4721 1422 4782 Ἐνὼς,
1474 4717 1524 4778 ὃς
1568 4722 1699 4779 Θεὸς

88 4815 352 4872 ἐπεκλήθη
401 4821 621 4887 πρῶτος,
676 4811 936 4884 ἐκφύντες,
1006 4813 1103 4862 εἴτε
1133 4807 1305 4869 ἁπλῶς
1353 4810 1416 4868 ὡς
1465 4806 1699 4880 εὐσεϐείᾳ

89 4915 193 4957 τῶν
237 4903 295 4955 ἔκ
343 4910 434 4955 τοῦ
487 4904 612 4954 Κάῐν
659 4901 942 4971 τεχθέντων
1001 4895 1346 4971 διαφέροντες,
1409 4899 1513 4948 υἱοὶ
1561 4904 1694 4949 Θεοῦ

91 4993 388 5056 ἑκαλοῦδτο,
430 4996 518 5042 καὶ
542 4991 635 5043 οὐκ
655 4989 922 5061 ἐμίγνυντο
945 4995 1049 5048 τοῖς
1082 4987 1135 5038 ἐκ
1176 4995 1266 5038 τοῦ
1302 4988 1428 5038 Κάῑν
1481 4982 1574 5037 διὰ
1603 4994 1697 5044 τῆν

92 5082 465 5153 ἐπενεχθεῖσαν
503 5080 641 5149 αύτῴ
693 5080 837 5151 παρὰ
888 5083 978 5128 τοῦ
1033 5083 1164 5127 (-)εοῦ
1223 5083 1322 5126 τῶν
1363 5074 1488 5125 ὅλων
1549 5074 1694 5146 ἀράν·

91 5175 276 5244 χρόνῳ
345 5166 405 5221 δὲ
458 5170 670 5242 ὔστερον
737 5163 951 5225 εὐειδεῖς
991 5166 1298 5236 θεασάμενοι
1352 5166 1443 5225 τὰς
1492 5166 1546 5214 ἐκ
1611 5173 1700 5224 τῆς

92 5268 188 5312 τοῦ
242 5260 372 5312 Κάῐν
407 5262 702 5328 συγγενείας
751 5257 1055 5326 θυγατέρας,
1103 5259 1192 5304 καὶ
1240 5251 1698 5324 καταθελχθέντες,

94 5354 166 5412 ὡς
225 5349 384 5411 εἰκὸς,
452 5355 562 5408 τοῖς
625 5347 744 5420 παρ’
804 5345 970 5397 αὐτῶν
1037 5344 1358 5400 ἐπινοηθεῖσι
1425 5351 1702 5414 μουσικοῖς

1807 4647 2017 4688 omnes
2047 4630 2151 4703 qui
2177 4631 2256 4686 ab
2277 4631 2408 4686 aliis
2446 4632 2790 4688 hominibus
2843 4633 3309 4704 distinguuntur.
3357 4634 3467 4700 Qui

1808 4736 1949 4790 ergo
1963 4738 2032 4776 ex
2053 4719 2188 4776 Seth
2202 4721 2308 4775 orti
2329 4725 2465 4775 sunt
2493 4722 2615 4776 sive
2629 4737 2696 4776 ex
2721 4721 3210 4795 Enoch,quideus
3238 4723 3467 4793 primus

1810 4815 2074 4872 vocatur,
2107 4808 2231 4864 nati
2264 4808 2394 4872 sint,
2424 4808 2547 4864 sive
2573 4809 2955 4865 solummodo
3003 4810 3218 4882 pietate
3273 4827 3309 4867 a
3335 4810 3468 4866 ﬁliis

1809 4899 1954 4955 Cain
1993 4897 2352 4962 differentes,
2400 4897 2504 4952 ﬁlii
2542 4899 2641 4954 Dei
2668 4899 3052 4964 vocabantur,
3088 4905 3144 4955 et
3189 4915 3313 4956 non
3365 4900 3467 4956 mi-

1809 4988 2125 5044 scebantur
2154 5003 2294 5044 cum
2354 4986 2468 5043 illis
2521 4987 2626 5059 qui
2672 5004 2745 5043 ex
2809 4986 2950 5043 Cain
3001 4988 3464 5053 descendebant,

1808 5083 2052 5151 propter
2074 5077 2548 5133 maledictionem
2567 5082 2776 5133 contra
2807 5077 2970 5132 illum
3015 5095 3050 5134 a
3073 5079 3190 5134 Deo
3221 5075 3466 5134 illatam.

1809 5167 2111 5237 Temporis
2138 5171 2338 5221 autem
2364 5165 2638 5231 decursu,
2672 5166 2946 5238 pulchras
2991 5166 3261 5223 videntes
3316 5168 3482 5246 tilias.

1814 5256 1954 5311 Cain
1977 5258 2035 5309 et
2053 5254 2248 5310 multis
2272 5252 2510 5308 musicis
2531 5253 2942 5311 instrumentis
2965 5255 3043 5312 ab
3076 5256 3187 5311 illis
3215 5257 3470 5313 inventis

1813 5343 2058 5406 deliniti,
2087 5341 2258 5398 Jobal
2287 5342 2447 5398 enim
2481 5358 2554 5398 ex
2585 5342 2698 5397 illis
2729 5349 2894 5400 ortus
2926 5345 3275 5417 psalterium
3303 5351 3359 5402 et
3387 5345 3473 5401 ci-

170 5456 192 5487 ³
239 5455 381 5509 Gen.
439 5467 520 5518 ιιι,
571 5455 653 5508 19.
716 5453 760 5486 ‘9
841 5449 984 5504 ibid.
1041 5450 1124 5503 ιι.
1160 5451 1207 5483 ²⁰
1269 5450 1481 5504 Genes.
1543 5464 1616 5512 IV,
1647 5452 1687 5501 '2-

1798 5449 1839 5485 ²¹
1897 5448 2051 5504 Psal.
2109 5463 2297 5514 LXXXI,
2353 5450 2458 5503 6"
2513 5448 2662 5505 Psal.
2717 5456 2884 5518 cx,t.
2938 5453 2985 5487 "
3014 5451 3163 5509 Psal.
3208 5466 3396 5523 Lxxn,
3430 5453 3484 5504 2.

1663 5575 1705 5628 N
1715 5573 1894 5629 OTIE.

171 5676 285 5748 (:32)
320 5677 398 5731 Ex
419 5674 786 5734 Theodoreto
817 5677 1017 5747 quaest.
1058 5673 1123 5730 47
1151 5672 1214 5728 in
1242 5672 1454 5759 Genes.
1491 5686 1555 5744 p.
1587 5672 1691 5727 M7
1718 5687 1850 5744 seq.
