4076 6202
620 282 763 341 1067

1853 274 2093 333 PHOTII
2131 272 2617 331 PATRIARCHIE
2648 274 2757 334 CP.

3814 279 3901 333 ius

617 410 859 469 tharam
905 405 1149 471 invenit,
1178 409 1234 461 et
1258 409 1615 477 acceperunt
1640 403 1768 461 illas
1810 402 1922 460 sibi
1960 416 2194 465 uxores,
2222 402 2279 455 et

2395 400 2626 473 Ξργοίνοις
2686 402 2735 472 (ό
2783 401 2881 474 γὰρ
2940 396 3126 451 Ἰωϐὰλ
3182 395 3235 461 ἐξ
3300 397 3466 450 αὐτῶν
3530 396 3742 460 ἀνθήσας
3764 400 3897 470 pair:-

614 501 699 557 ita
726 498 970 554 illorum
996 495 1282 550 honestas
1305 499 1583 566 corrupta
1612 494 1734 553 fuit,
1764 498 1823 549 et
1858 509 1894 549 a
1924 492 2044 547 Deo
2068 505 2278 562 pmnas

614 580 1117 657 transgressionis
1148 597 1333 637 causa
1371 580 1682 646 dederunt,
1716 581 2101 654 perditionem
2132 582 2275 634 tota-

614 676 735 732 lem
759 672 1153 730 invenientes.
1186 670 1336 726 Illud
1354 672 1812 727 autemomnino
1846 667 2279 726 advertendum

616 770 704 822 est
717 762 957 831 scilicet,
993 774 1117 815 non
1139 758 1599 831 simpliciterillis
1611 758 1878 813 divinum
1901 756 2155 813 verbum
2184 770 2279 809 ex-

614 852 896 927 probrare
928 848 1385 921 peccatum,sed
1418 848 1678 903 zelumet
1698 849 1975 903 ardorem
2001 846 2061 901 in
2093 850 2281 901 trans-

614 940 943 1015 grediendo
984 961 997 993 :
1030 938 1146 994 hoc
1176 938 1335 994 enim
1372 937 1596 993 indicat
1635 936 1780 992 illud
1804 952 1816 991 :
1840 936 2046 993 Omnis
2083 934 2188 1006 qui
2218 934 2280 989 in

616 1031 796 1088 corde
813 1045 921 1085 suo
955 1026 1217 1082 studiose
1230 1026 1449 1096 cogitat
1475 1026 1705 1082 malum
1736 1026 2011 1081 omnibus
2041 1024 2274 1080 diebus.

618 1119 728 1187 Qui
766 1118 926 1175 enim
949 1116 1176 1189 peccati
1216 1114 1522 1172 victoriam
1572 1130 1729 1185 aegre
1772 1114 1988 1182 ferunt,
2042 1118 2280 1185 propter

617 1205 1334 1271 mentisimbecillitatem,
1367 1220 1489 1262 non
1516 1208 1716 1262 autem
1752 1220 1822 1260 ex
1856 1203 2080 1259 malitia
2105 1217 2276 1274 supe-

615 1298 744 1365 rati,
772 1301 979 1369 postea.
997 1300 1195 1351 autem
1209 1294 1416 1352 dolore
1430 1293 1624 1351 affecti
1638 1299 1692 1351 et
1713 1300 2017 1364 gementes
2059 1291 2279 1349 habent

614 1385 1033 1444 rationabilem
1073 1384 1271 1457 aliquo
1318 1384 1500 1441 modo
1532 1384 1996 1439 excusationem.
2031 1381 2142 1449 Qui
2175 1396 2277 1436 au-

613 1479 735 1533 tem
752 1475 831 1532 ad
847 1474 1136 1530 licentiam
1162 1480 1217 1529 et
1243 1474 1530 1531 malitiam
1551 1472 1899 1529 omnimode
1918 1470 2278 1527 inclinantur

614 1565 697 1623 ita
711 1570 768 1621 ut
784 1579 1015 1634 semper
1028 1578 1215 1618 novas
1244 1562 1484 1618 malitias
1508 1561 1672 1618 ideas
1693 1562 2047 1630 excogitant,
2080 1558 2276 1632 qualis

619 1654 810 1710 veniae
840 1652 957 1708 sint
985 1651 1153 1722 digni
1179 1657 1205 1705 ?

873 1861 1198 1929 ΟυΑΞδΤΙΟ
1231 1863 1431 1919 CCLVI
1467 1862 1644 1919 Coisl.
1692 1861 2022 1928 CCLXXVII,

1176 1953 1357 2008 τουπ
1402 1951 1717 2023 CCLXVHL

621 2060 768 2131 Lege
798 2059 1059 2114 nondum
1080 2059 1470 2129 promulgata
1501 2074 1622 2131 quae
1640 2059 1813 2131 jubet
1844 2060 2138 2116 honorare
2170 2074 2274 2129 pa-

695 2130 841 2187 trem
874 2136 929 2187 et
955 2136 1223 2195 matrem,
1269 2130 1557 2201 quomodo
1604 2130 1789 2187 Cham
1847 2138 1910 2187 ut
1971 2131 2275 2201 parricida

682 2202 1004 2273 judicatur
1040 2202 1154 2271 (53)
1188 2206 1215 2254 ?

2383 510 2494 565 ριον
2560 496 2649 542 καὶ
2714 490 2936 561 κιθάραν
2991 483 3327 559 κατέδειξεν),
3393 489 3707 559 ἓπεμίγησαν
3784 490 3901 549 citet;

2383 584 2473 631 καὶ
2502 576 2795 651 διέφθειραν
2856 582 2950 635 τὴν
3017 577 3211 629 οἰκείαν
3273 576 3548 648 εὐγένειαν,
3602 580 3685 628 καὶ
3734 577 3898 635 θεήλατοι

2384 673 2639 741 τιμωρίαν
2668 664 2929 734 ἐδέξαντο,
2962 671 3159 739 καρπός
3217 674 3309 727 τῆς
3356 670 3676 740 παρανομίας
3709 670 3786 723 τὴν
3827 686 3901 718 τιν-

2385 756 2631 831 ωλεθρίαν
2712 757 2979 828 εὑράμενοι

2389 847 2512 898 σθαι
2571 852 2706 919 χρὴ,
2748 848 2816 905 ὡς
2866 844 2971 915 οὐχ
3020 843 3196 902 ἁπλῶς
3238 844 3406 896 αὐτῶν
3451 843 3704 915 ἁμαρτίαν
3754 846 3776 895 ό
3826 848 3901 904 θεῖος

3074 772 3087 786 ο
3172 753 3329 806 ἐκεῖνο
3423 759 3601 826 μέντοι
3662 752 3900 827 emeram-

2384 934 2531 1006 λογος
2572 941 2878 1006 κατηγορεῖ,
2911 931 3039 985 ἀλλὰ
3081 937 3174 991 τήν
3214 933 3324 1005 μετ’
3364 931 3657 1004 ἔπιμελείας
3694 938 3771 985 καὶ
3802 953 3902 985 στου-

2386 1020 2485 1084 δῆς
2509 1026 2853 1095 παρανομίαν*
2912 1029 3062 1074 τοῦτο
3114 1023 3216 1094 γὰρ
3252 1017 3406 1078 δηλοῖ
3452 1025 3532 1085 τὸ,
3590 1028 3695 1081 Πᾶς
3729 1041 3795 1081 τις
3834 1020 3904 1073 διε·
3972 1046 3973 1055 ι

2383 1110 2642 1164 νοεῖταιέν
2672 1119 2734 1183 τῇ
2763 1108 2961 1183 καρδίᾳ
3016 1110 3177 1162 αὑτοῦ
3230 1108 3482 1182 ἐπιμελῶς
3540 1110 3621 1161 ἐπὶ
3664 1111 3724 1161 τὰ
3768 1114 3902 1180 πονηρὲ

2385 1205 2559 1262 πάσας
2603 1204 2698 1263 τὰς
2743 1203 2957 1273 ἡμέρας
3012 1202 3062 1252 οἱ
3100 1203 3190 1270 μεν
3237 1203 3337 1273 γὰρ
3385 1196 3798 1273 δυσχεραίνοντες
3848 1209 3901 1261 τῆς

2384 1288 2640 1363 ἁμαρτίας
2670 1296 2762 1349 τὴν
2802 1288 3102 1364 ὑπερϐολὴν,
3167 1284 3453 1361 ἡττώμενοι
3508 1285 3568 1341 δε
3626 1285 3710 1340 διὰ
3752 1293 3826 1345 τὴν
3850 1300 3904 1339 τω

2380 1387 2469 1431 νοῦ
2533 1380 2814 1453 ῥᾳθυμίαν,
2872 1379 2930 1431 οὐ
2984 1383 3255 1453 πονηρίαν,
3308 1377 3418 1431 εἶτα
3478 1378 3685 1450 ὕστερον
3714 1377 3904 1448 ἀλγοῦντεξ

2382 1472 2469 1520 καὶ
2496 1472 2750 1530 στένοντες
2800 1471 2989 1540 ἔχουσί
3046 1488 3162 1520 τινα
3216 1472 3425 1542 μετρίαν
3483 1466 3717 1539 ἁμηγέπη
3782 1474 3903 1539 παρεο-

2383 1572 2560 1616 τησιν⁹
2596 1554 2725 1610 οἱδε
2755 1558 2827 1618 εἰς
2875 1556 3163 1609 ἀκολασίαν
3207 1562 3297 1609 καὶ
3351 1561 3605 1629 πονηρίαν
3651 1558 3901 1608 παντάπαου

2383 1646 2758 1711 ἂποκλίναντες,
2836 1648 2967 1698 ὥστε
3012 1651 3103 1698 καὶ
3149 1651 3508 1716 προσεπινοεῖν
3582 1649 3799 1719 νεωτέρας
3842 1665 3905 1694 xz-

2309 1747 2351 1803 B
2382 1737 2498 1798 κιοίς
2528 1732 2689 1802 ἰδέας,
2721 1739 2870 1796 ποίας
2899 1734 3037 1798 ἄξιοι
3082 1740 3399 1807 συγγνώμης
3430 1753 3442 1803 ;

2918 1858 3237 1913 ΕΡΩΤΗΣΙΣ
3276 1858 3462 1943 mg".

2382 2065 2485 2112 Τοῦ
2540 2061 2699 2131 νόμον
2765 2062 2921 2128 μήπω
3017 2058 3243 2117 τεθέντος
3320 2055 3374 2118 ὃς
3481 2052 3757 2131 διαγορενει
3803 2060 3905 2131 τῳᾲτ

2455 2132 2542 2181 τὸν
2599 2128 2815 2201 ’πατέρα
2887 2132 2976 2180 καὶ
3050 2131 3144 2186 τὴν
3220 2131 3444 2201 μητέρα,
3520 2136 3623 2187 πῶς
3690 2128 3903 2197 extum;

2455 2200 2771 2276 πατραλοίας
2799 2204 3024 2273 κρίνεται
3052 2218 3070 2271 ς

1013 2315 1168 2365 Edita
1196 2327 1229 2364 a
1258 2314 1396 2363 Maio
1425 2313 1483 2376 (l.
1514 2327 1559 2363 c.
1592 2329 1642 2378 p.
1678 2314 1785 2370 123,
1812 2315 1918 2370 124,
1954 2328 2004 2377 q.
2041 2314 2171 2377 255).
2204 2340 2265 2350 —
2292 2314 2397 2363 Cur
2425 2312 2588 2361 Cham
2619 2309 2886 2374 parricidii
2918 2323 3039 2359 reus
3058 2308 3348 2372 judicatus.
3378 2308 3509 2359 Gen.
3544 2322 3593 2358 x.
3616 2309 3672 2357 28

693 2431 1043 2488 Naturaliter
1072 2432 1131 2488 in
1155 2432 1333 2487 corde
1364 2431 1733 2488 necessarias
1771 2431 1934 2503 leges
1986 2430 2285 2503 inscripsit

626 2524 799 2578 Deus.
833 2522 925 2576 Sic
952 2518 1095 2576 Cain
1118 2520 1560 2585 condemnavit,
1624 2520 1768 2592 quia
1832 2520 2001 2575 illum
2069 2524 2283 2576 natura

621 2608 877 2666 erudivit
905 2609 1071 2679 quod
1127 2608 1525 2665 homicidium
1560 2614 1646 2664 est
1688 2609 1955 2673 vetitum,
2020 2613 2284 2666 attamen

622 2697 760 2755 dolo
788 2702 959 2753 utens
986 2702 1051 2753 ut
1079 2696 1426 2770 adjumento
1446 2696 1622 2767 longe
1654 2713 1689 2753 a
1709 2697 2060 2770 parentibus
2096 2698 2285 2754 abdu-

623 2802 764 2844 cens
792 2786 1032 2842 fratrem
1071 2786 1376 2854 interfecit,
1403 2788 1463 2845 et
1492 2789 1610 2842 Deo
1650 2787 2070 2855 interrogante,
2106 2810 2133 2836 «
2174 2786 2285 2845 Ubi

624 2880 713 2933 est
736 2875 880 2932 Abel
904 2876 1230 2931 fratertuus
1261 2876 1329 2940 '1,
1362 2895 1389 2928 »
1428 2877 1785 2945 scirenegat,
1804 2875 2104 2932 evidenter
2143 2876 2286 2948 quia

622 2965 842 3023 sciebat
866 2964 1096 3021 malum
1128 2979 1259 3021 esse
1273 2964 1433 3037 quod
1466 2970 1819 3036 patraverat,
1849 2966 2153 3021 convictus
2185 2982 2287 3022 au-

620 3060 739 3113 tem
765 3070 801 3110 a
834 3055 994 3126 justo
1032 3053 1240 3109 Judice
1270 3054 1580 3109 confessus
1600 3058 1691 3108 est
1724 3054 1922 3125 majus
1941 3071 2116 3110 suum
2151 3069 2286 3111 esse

619 3148 933 3217 peccatum
972 3160 1158 3217 quam
1201 3146 1266 3197 ut
1293 3143 1529 3198 veniam
1558 3148 1898 3199 mereretur.
1929 3164 1957 3193 «
1989 3144 2172 3214 Major
2200 3147 2287 3199 est

621 3233 780 3289 enim
819 3233 1101 3305 iniquitas
1135 3248 1270 3289 mea
1297 3248 1479 3305 quam
1511 3238 1574 3289 ut
1598 3234 1838 3289 veniam
1882 3248 2112 3289 merear
2149 3234 2217 3287 ³⁵.
2255 3253 2282 3283 ››
2315 3260 2356 3318 C

620 3322 804 3378 Porro
833 3321 961 3392 ipse
1026 3322 1216 3379 Adam
1269 3321 1535 3377 divinam
1588 3321 1969 3392 praesentiam
2026 3322 2286 3378 sentiens

627 3425 759 3466 sese
789 3409 1160 3466 abscondere
1192 3411 1454 3474 tentavit,
1480 3410 1674 3465 sciens
1687 3416 1841 3465 certe
1863 3411 2027 3482 quod
2066 3410 2283 3467 furtum

620 3497 839 3553 malum
871 3502 976 3552 est.
1022 3498 1111 3553 Sic
1131 3497 1315 3553 Cham
1356 3497 1659 3569 parricidii
1703 3498 2143 3554 accusationem
2195 3500 2287 3555 in-

619 3586 812 3654 currit,
844 3590 1089 3658 propter
1119 3586 1263 3655 legis
1337 3585 1635 3643 naturalis
1723 3587 2281 3655 transgressionem.

620 3674 793 3741 Quod
812 3690 951 3729 vero
970 3674 1267 3730 honorare
1286 3679 1565 3747 parentes
1580 3679 1799 3731 natura
1817 3674 2044 3741 edocet,
2070 3680 2285 3732 testan-

634 3766 731 3818 tur
760 3762 947 3818 Cbam
978 3760 1183 3819 fratres
1221 3762 1321 3836 qui
1354 3778 1492 3818 cum
1546 3762 1734 3819 multo
1794 3762 2023 3835 pudore
2053 3768 2283 3837 patrem

633 3856 1017 3926 operuerunt.

841 3977 1165 4042 QUESTIO
1206 3974 1434 4033 CCLVlI
1464 3975 1668 4049 [σθαι.
1710 3976 2068 4041 CCLXXVIII,

1188 4067 1369 4121 Taur.
1406 4066 1738 4137 CCLXVIII].

628 4170 840 4241 Quare,
869 4170 1057 4230 Cham
1081 4172 1144 4228 in
1168 4178 1475 4242 peccatum
1509 4174 1687 4237 lapso,
1728 4173 1892 4242 ﬁlius
1916 4173 2080 4231 illius
2104 4175 2285 4231 male-

1233 4243 1475 4300 dicatur
1496 4245 1614 4313 (54)
1653 4244 1681 4297 ?

2460 2436 2533 2500 Τῇ
2599 2430 2753 2499 φύσει
2808 2431 2926 2487 τοὺς
2990 2425 3301 2497 ἀναγκαίους
3387 2430 3579 2499 νόμους
3632 2424 3851 2477 ἐντέθεικεν
3894 2426 3908 2470 6

2393 2524 2518 2578 Θεὸς
2550 2533 2563 2547 ⁸
2609 2517 2741 2570 οὕτω
2802 2519 2887 2568 τὸν
2937 2518 3066 2569 Κοίῑν
3123 2519 3442 2589 κατέκρινεν,
3512 2512 3766 2586 ἐπειδήπερ
3805 2511 3906 2563 with

2392 2611 2420 2667 ἡ
2469 2611 2622 2680 φύσις
2674 2603 2957 2659 ἐδίδασκεν
3023 2608 3088 2665 ὡς
3136 2606 3161 2657 ό
3206 2609 3356 2677 φόνος
3422 2607 3725 2677 παράνομον
3780 2601 3908 2652 αὐτίκα

2390 2705 2514 2768 γοῦν
2562 2693 2696 2768 δόλῳ
2755 2696 3093 2769 χρησάμενος
3145 2702 3397 2767 συνεργῷ,
3457 2693 3628 2767 πόρῥω
3671 2699 3754 2743 τῶν
3793 2708 3907 2759 γεγει-

2391 2791 2618 2844 νηκότων
2650 2784 2861 2855 ἀπάγων
2914 2782 3075 2835 ἀνεῖλε
3129 2786 3215 2834 τὸν
3276 2778 3522 2854 ἀδελφόν,
3580 2786 3773 2833 καὶτοῦ
3821 2783 3905 2829 Θεοῦ

2392 2877 2794 2947 πυνθανομένου,
2824 2893 2851 2924 ((
2881 2879 2988 2925 Ποῦ
3020 2870 3174 2925 Ἀϐελ
3216 2872 3241 2924 ό
3279 2868 3505 2944 ἀδελφός
3537 2890 3646 2939 σου,
3691 2891 3711 2921 ν
3750 2867 3904 2940 ἠρνήθξ.

2395 2961 2635 3021 δηλονότι
2691 2964 2755 3023 ὡς
2802 2961 3137 3034 ἐπιστάμενος
3190 2965 3350 3013 κακόν
3399 2958 3532 3014 εἶναι
3573 2964 3626 3012 τό
3673 2959 3903 3028 τολμηθὲν

2395 3051 2655 3124 ἕλεγχθεὶς
2711 3048 2770 3104 δὲ
2810 3053 2909 3104 ὑπὸ
2957 3057 3050 3102 τοῦ
3100 3046 3311 3102 δικαιου
3379 3056 3591 3122 Κριτοῦ,
3657 3046 3903 3119 ὡμολόγησα

2394 3143 2520 3216 ὑπὲρ
2547 3145 2861 3212 συγγνώμην
2886 3141 3258 3212 ἡμαρτηκέναι·
3320 3160 3343 3189 α
3396 3139 3601 3199 Μείζων
3626 3140 3713 3210 γὰρ
3748 3137 3771 3191 ἡ
3797 3133 3905 3203 ἀμερ-

2394 3235 2482 3283 τία
2506 3250 2606 3303 μου
2653 3238 2744 3282 τοῦ
2767 3228 3018 3302 ἀφεθῆναί
3059 3243 3140 3300 με·
3198 3248 3225 3279 ››
3268 3232 3358 3279 καὶ
3411 3232 3586 3299 μέντοι
3637 3230 3715 3277 καὶ
3747 3217 3905 3289 ὁἌδὰμ

2394 3328 2487 3381 τῆς
2544 3320 2678 3379 θείας
2768 3317 3058 3391 ἐπιφανείας
3146 3317 3459 3389 αἰσθόμενος
3522 3316 3740 3391 ἐπειράθη
3771 3312 3904 3370 λαθεῖν.

2394 3412 2482 3460 καὶ
2514 3405 2661 3469 εἰδὼς
2689 3409 2768 3459 ὅτι
2794 3404 2861 3465 δὴ
2920 3410 2978 3459 τὸ
3035 3406 3263 3460 κλέπτειν
3298 3410 3477 3459 κακόν
3528 3406 3653 3458 οὕτω
3691 3399 3745 3460 δὴ
3787 3400 3906 3465 diis}:

2394 3502 2485 3556 τὴν
2548 3505 2638 3549 τοῦ
2704 3501 3020 3570 πατραλοίου
3072 3500 3389 3571 κατηγορίαν
3478 3492 3676 3559 ἐδέξατο
3716 3496 3768 3552 ὡς
3799 3505 3905 3559 παρα·

2398 3585 2491 3647 ϐὰς
2520 3590 2606 3639 τὸν
2652 3595 2748 3648 τῆς
2791 3590 2992 3658 φύσεως
3037 3590 3190 3658 νόμον
3252 3604 3264 3615 ο
3308 3588 3389 3638 ὅτι
3442 3582 3611 3638 δὲκαὶ
3653 3585 3703 3633 τὸ
3727 3582 3906 3650 γεραίρειν

2397 3680 2512 3735 τοὺς
2549 3680 2918 3747 γεγεννηκότας
2948 3678 2977 3733 ἠ
3039 3678 3189 3747 φύσις
3253 3670 3530 3738 ἐδίδασκε,
3567 3675 3852 3745 μαρτυροῦσιν
3878 3662 3907 3710 si

2397 3772 2489 3816 τοῦ
2517 3768 2641 3836 Χὰμ
2668 3761 2882 3836 ἀδελφοὶ
2933 3766 2981 3815 οἱ
3031 3767 3161 3836 μετὰ
3211 3763 3399 3824 πολλῆς
3447 3760 3627 3822 αἰδοῦς
3666 3763 3738 3811 τὸν
3776 3755 3907 3821 πατέρι

2402 3853 2843 3925 συγκαλύψαντες.

2942 3983 3254 4030 ΕΡΩΤΗΣΙΣ
3294 3975 3454 4032 ΣΝΖ’.

2399 4179 2463 4228 Τί
2522 4172 2719 4232 δήποτε
2774 4180 2865 4226 τοῦ
2939 4176 3065 4246 Χὰμ
3139 4172 3464 4241 ὶπταικότος,
3541 4174 3565 4225 ό
3634 4170 3790 4222 ἐκείνου
3830 4165 3906 4213 ταῖς

3090 4246 3261 4319 ἠράθη
3298 4262 3312 4311 ;

1283 4350 1439 4399 Edita
1461 4364 1493 4400 a
1517 4350 1652 4400 Maio
1680 4350 1734 4411 (ι.
1769 4364 1814 4399 ο.
1848 4366 1899 4414 ρ.
1929 4353 2036 4408 124,
2071 4366 2122 4416 q.
2151 4354 2280 4415 256).
2304 4381 2363 4390 —
2390 4353 2498 4401 ﬁlio
2530 4353 2743 4402 Chaami
2775 4353 3069 4416 peccatoris
3092 4352 3391 4403 maledicto.

698 4468 919 4523 Omnes
953 4482 1093 4532 una,
1128 4465 1290 4522 ﬁnito
1342 4466 1593 4533 diluvio,
1649 4466 1861 4523 divinae
1899 4468 2287 4526 benedictioni

2486 4470 2645 4542 Κοινῇ
2679 4472 2863 4532 πάντες
2901 4472 3034 4542 μετά
3085 4474 3177 4529 τὴν
3225 4477 3318 4522 τοῦ
3365 4469 3718 4539 κατακλυσμοῦ
3760 4456 3907 4513 πιθα

622 4554 862 4612 fuerunt
893 4556 1225 4628 participes.
1251 4556 1466 4612 Timuit
1487 4571 1629 4626 ergo
1661 4556 1782 4612 Noe
1819 4556 2299 4615 maledictionem

622 4645 904 4700 inducere
923 4645 980 4699 in
1001 4645 1263 4718 aliquem
1288 4645 1393 4717 qui
1409 4646 1623 4701 divinae
1644 4645 2071 4703 benedictionis
2112 4648 2303 4705 fuerat

624 4735 917 4806 particeps
952 4750 964 4787 :
997 4736 1168 4805 cujus
1193 4751 1378 4791 causa
1402 4736 1559 4791 hanc
1591 4734 1713 4791 filio
1773 4735 1928 4791 illius
2000 4736 2299 4809 deposuit.

624 4824 822 4879 ethaac
845 4824 1076 4896 punitio
1096 4825 1260 4896 justa
1288 4829 1393 4880 est.
1427 4824 1575 4891 Quia
1604 4825 1765 4880 enim
1795 4840 1930 4880 cum
1964 4831 2117 4882 esset
2147 4826 2303 4882 ﬁlius

625 4916 859 4984 patrem
883 4913 1145 4979 oﬂeudit,
1164 4929 1262 4985 per
1285 4913 1757 4969 maledictionem
1782 4913 1885 4969 filii
1932 4915 2303 4986 punitionem

629 5001 875 5071 accepit.
910 5002 1005 5058 Ad
1035 5003 1147 5059 hoc
1179 5008 1379 5060 autem
1404 5009 1457 5059 et
1483 5002 1630 5058 illud
1670 5001 2184 5060 considerandum
2216 5010 2306 5062 est

631 5088 871 5162 quod,si
890 5089 1009 5161 ipse
1033 5092 1218 5148 Cham
1238 5091 1717 5148 maledictionem
1739 5091 2158 5164 accepisset,in
2175 5109 2309 5150 om-

632 5192 773 5233 nem
814 5193 988 5233 suam
1007 5180 1354 5252 progeniem
1378 5197 1559 5253 poena
1584 5181 2016 5238 exlenderetur.
2035 5183 2215 5239 Porro
2236 5198 2307 5239 ex

634 5266 734 5323 illo
764 5266 877 5322 orti
920 5270 1379 5342 sunththiopes
1415 5275 1472 5328 et
1505 5270 1761 5344 Egyptii
1803 5276 1858 5327 et
1899 5270 2084 5345 Libya
2111 5276 2235 5329 tota
2254 5276 2310 5329 et

636 5355 944 5412 Phoenicia
956 5362 1011 5414 et
1032 5357 1360 5430 palaestina.
1383 5363 1463 5417 Ne
1479 5364 1678 5418 autem
1695 5376 1877 5418 omne
1893 5376 2082 5433 genus
2111 5367 2311 5435 pcenat

713 5455 758 5490 ²⁴
791 5456 998 5522 Genes,
1032 5474 1105 5524 1v,
1134 5457 1167 5513 9
1198 5459 1244 5494 ³⁸
1271 5457 1389 5514 ibid
1424 5458 1512 5513 13.

2411 4569 2505 4622 τῆς
2536 4562 2673 4621 θείας
2730 4560 3015 4632 μετέλαχον
3062 4559 3317 4631 εὐλογίας
3374 4559 3625 4632 τολμηρὸν
3674 4558 3808 4607 τοίνυν
3972 4592 3973 4632 ἦ

2411 4647 2583 4702 ἐλαϐεν
2636 4650 2662 4700 ό
2701 4656 2814 4702 Νῶε
2872 4650 3081 4722 ἐπάγειν
3131 4648 3257 4723 ἀρὰν
3319 4658 3391 4720 τῷ
3445 4658 3535 4710 τῆς
3585 4650 3709 4704 θείας
3753 4635 3908 4703 εὐλογίιὲ

2413 4737 2767 4810 μετειληχότι·
2819 4741 3004 4791 τούτου
3052 4741 3214 4812 χάριν
3270 4748 3341 4809 τῷ
3397 4738 3585 4791 ἐκείνου
3612 4729 3747 4787 παιδὶ
3784 4728 3906 4821 te}???

2413 4828 2729 4899 περιέθηκεν·
2783 4830 2895 4899 ἔχει
2946 4824 3005 4881 δε
3052 4830 3082 4885 ἡ
3157 4831 3383 4902 τιμωρία
3435 4831 3491 4879 τό
3550 4823 3748 4878 δίκαιον
3792 4815 3905 4866 me:

2411 4919 2511 4989 Ἰάρ
2578 4918 2689 4977 υίὸς
2751 4917 2817 4969 ὧν
2884 4916 3165 4992 ἐξήμαρτεν
3225 4917 3294 4979 εἰς
3351 4921 3567 4987 πατέρα,
3622 4910 3705 4965 διὰ
3754 4913 3907 4962 τὶςτον

2416 5001 2607 5066 παιδός
2646 5004 2775 5069 ἀρᾶς
2830 5003 3049 5079 δέχεται
3100 5011 3373 5081 τιμωρίαν
3426 5008 3552 5079 πρὸς
3578 5000 3632 5057 δὲ
3667 5001 3814 5065 τούτῳ,
3838 5003 3907 5040 πῖθ’

2417 5098 2602 5152 πητέον
2633 5096 2864 5149 κάκεῖνο’
2905 5098 2972 5158 ὡς
3003 5095 3047 5148 εί
3081 5095 3232 5156 αὐτὸς
3271 5096 3296 5147 ό
3338 5098 3463 5168 Χὰμ
3488 5091 3680 5155 ἐδέξατο
3704 5091 3778 5143 τὴν
3818 5095 3905 5149 αρίνι

2417 5183 2484 5244 εἰς
2513 5184 2625 5237 ὅλον
2657 5184 2716 5236 ἂν
2773 5181 2921 5243 διέϐη
2979 5187 3038 5237 τὸ
3090 5188 3230 5257 γένος
3271 5186 3299 5243 ἡ
3345 5188 3584 5258 τιμωρίαι
3628 5179 3678 5231 ἐκ
3791 5170 3905 5262 τούτου

2418 5271 2745 5331 ἰϐλάστησαν
2795 5273 3037 5337 Αἰθίοπες
3082 5279 3171 5326 καὶ
3228 5274 3502 5346 Αἰγύπτιοι
3551 5274 3635 5322 καὶ
3685 5260 3905 5353 Λιϐὑηοπε·

2421 5381 2488 5414 σα
2517 5367 2607 5413 καὶ
2640 5366 2849 5421 Φοινίκη
2894 5367 2984 5417 καὶ
3036 5364 3377 5422 Παλαιστίνη’
3437 5363 3514 5415 ἱνα
3567 5361 3719 5411 τοίνυν
3740 5352 3795 5424 μὴ
3828 5352 3905 5394 ἀπε

2237 5573 2244 5585 ⁸
2274 5556 2499 5615 NOTAE.

713 5652 833 5727 (53)
865 5655 946 5711 Ex
984 5655 1351 5713 Theodoreto
1375 5652 1594 5726 q.57in
1644 5652 1855 5711 Genes.
1898 5672 1957 5729 p.
2001 5657 2120 5714 159.

2472 5659 2585 5727 (54)
2629 5658 2709 5713 Ex
2740 5657 3104 5717 Theodoreto
3129 5674 3187 5734 q.
3234 5661 3300 5715 58
3324 5659 3385 5716 in
3424 5647 3816 5725 Genes.p.162.
