4026 6196
116 315 284 372 1069

1019 314 1114 369 AD
1149 305 1703 370 AMPHILOCHIUM
1743 298 2066 380 QUESTIO
2107 265 2640 372 CCLVDCCLVIII.

3377 299 3511 377 i076

115 445 195 494 τὸ
263 444 406 513 γένος
466 437 717 514 περιϐάλῃ
782 446 843 511 τῇ
903 411 1150 514 τιμωρία,
1219 440 1291 502 εἰς
1354 444 1437 492 τὸν
1502 445 1746 492 νεώτατον

1860 438 2205 511 tingeretur,
2223 440 2282 496 in
2292 441 2582 513 juniorem
2592 441 2773 498 ﬁlium
2788 456 3024 517 poenam
3035 443 3294 502 immisit.
3309 447 3378 502 Et
3394 445 3510 504 hoc

117 533 250 583 υἱὸν
330 532 584 601 τιμωρίαν
646 527 951 601 παρέπεμψε
1025 545 1037 558 ·
1107 533 1196 582 καὶ
1261 537 1413 582 τοῦτο
1477 526 1536 582 δε
1610 525 1748 580 εἰδέ-

114 641 221 672 ναι
275 623 528 693 προσήκει
580 621 648 679 ὡς
700 616 992 692 πρόῥρησίς
1039 615 1178 670 ἐστιν
1231 617 1324 670 οὐκ
1381 617 1482 691 ἀρὰ
1530 624 1619 670 τοῦ
1669 614 1749 668 δι-

114 714 290 763 καίου
345 710 413 761 τὰ
457 709 689 782 ῥήματα·
761 703 940 765 ἐπειδὴ
987 710 1086 781 γὰρ
1132 707 1342 780 ἤμελλεν
1383 709 1408 760 ὸ
1442 706 1652 780 Ἰσραὴλ
1696 705 1750 757 ἐκ

112 807 226 851 τοῦ
259 802 376 870 Σήμ
421 798 662 867 κατάγων
716 797 773 848 τὸ
823 800 968 867 γένος
1018 804 1110 858 τῆς
1168 797 1517 856 Παλαιστίνης
1572 798 1750 867 κύριος

114 890 372 954 ἔσεσθαι,
401 889 596 944 ταύτην
649 881 710 938 δὲ
761 885 923 938 πάλαι
969 890 1134 958 ᾤκουν
1195 889 1244 939 οἱ
1273 885 1326 940 ἐκ
1371 893 1463 939 τοῦ
1501 887 1744 956 Χαναὰμ,

117 977 204 1040 εἰς
257 976 390 1050 ἀρὰν
459 978 788 1048 σχηματίζει
854 980 949 1033 τὴν
1007 976 1318 1051 πρὸρῥησιν,
1384 976 1748 1050 προαγορεύων

117 1070 222 1140 μὲν
279 1069 349 1119 τὰ
404 1063 642 1138 ἐσόμενα,
707 1060 1076 1137 δεδιττόμενος
1126 1062 1185 1118 δὲ
1231 1069 1348 1126 τοὺς
1387 1064 1604 1139 ὕστερον
1637 1061 1749 1116 ἐσο-

114 1161 321 1228 μένους
361 1159 435 1229 μή
490 1153 805 1228 πλημμελεῖν
860 1154 932 1216 εἰς
980 1160 1173 1226 γονέαςο
1229 1159 1320 1207 καὶ
1366 1161 1518 1206 τοῦτο
1571 1160 1748 1224 σαφῶς

114 1247 274 1316 ἡμᾶς
305 1246 336 1303 ἡ
369 1251 462 1296 τοῦ
510 1248 620 1314 Σήμ
661 1242 869 1314 εήλογία
918 1238 1185 1295 διδάσκω
1249 1265 1277 1294 (ι
1323 1242 1618 1314 Εὐλογητὸς
1643 1243 1744 1314 γὰρ

121 1337 328 1405 Κύριος
355 1335 381 1384 ὁ
410 1335 540 1395 Θεὸς
563 1340 631 1402 τῷ
662 1337 791 1403 Σήμ’
836 1333 984 1384 ἔσται
1035 1335 1256 1404 Χαναάμ
1309 1339 1446 1391 παῖς·
1491 1329 1746 1382 πλατῦναι

117 1425 148 1474 ὁ
184 1427 325 1485 Θεὸς
352 1431 423 1492 τῷ
457 1423 646 1494 Ἰάφεθ·
675 1425 764 1472 καὶ
790 1424 1159 1478 κατοικησάτω
1190 1419 1238 1472 ἐν
1289 1428 1394 1480 τοίς
1433 1424 1745 1490 σκηνώμασι

119 1521 221 1564 τοῦ
256 1517 392 1583 Σήμ·
421 1531 448 1562 »
477 1516 567 1562 καὶ
606 1517 695 1562 τοῦ
736 1510 904 1582 Ἰάφεθ
963 1514 1056 1567 τήν
1095 1509 1405 1580 πολυγονίαν
1445 1513 1740 1581 προείρηκε,

118 1609 222 1654 τοῦ
259 1598 323 1654 δὲ
348 1605 459 1672 Σήμ
484 1604 576 1658 τήν
599 1597 877 1652 εὐσέϐειανο
931 1602 1016 1650 τὸν
1056 1601 1157 1674 γὰρ
1192 1601 1320 1651 Θεὸν
1373 1596 1420 1649 ἐν
1480 1603 1586 1659 τοῖς
1616 1615 1742 1653 σκη-

118 1697 344 1763 νώμασι
387 1695 480 1741 τοῦ
525 1693 637 1759 Σήμ
707 1693 1040 1746 κατοικήσειν
1101 1693 1395 1762 προείρηκε·
1466 1703 1742 1756 κατῳκησε

1860 528 2008 583 scire
2024 531 2302 585 convenit
2316 546 2433 586 non
2448 546 2575 587 esse
2593 531 3058 588 maledictionem
3074 533 3172 587 sed
3187 533 3511 604 praedictio-

1859 632 1998 672 nem
2023 617 2207 674 verba
2216 619 2388 690 justi.
2415 621 2556 675 Cum
2578 621 2738 676 enim
2767 619 2944 677 Israel
2965 637 3038 676 ex
3058 620 3197 677 Sem
3221 622 3510 679 oriundus

1859 705 2174 762 Palaestina
2191 709 2483 779 potiturus
2497 710 2806 774 erat,hanc
2823 713 3026 766 autem
3044 709 3267 780 alonge
3279 710 3512 768 habita-

1857 795 2004 851 bant
2035 796 2133 858 ﬁlii
2163 798 2445 854 Chanaan
2467 798 2580 855 sub
2601 798 2798 855 forma
2828 799 3275 872 imprecationis
3303 800 3514 872 praedi-

1858 885 2114 942 ctionem
2145 885 2426 954 declarat,
2452 890 2816 945 annuntians
2846 889 3132 956 futurum,
3164 896 3219 945 et
3235 891 3509 947 timorem

1858 974 2149 1030 incutiens
2161 975 2272 1030 illis
2288 977 2612 1049 quipostea
2630 977 2809 1033 futuri
2833 983 3018 1044 erant,
3043 993 3116 1034 ne
3146 979 3207 1034 in
3230 984 3509 1050 parentes

1857 1069 2192 1136 peccarent,
2242 1069 2298 1121 et
2353 1064 2509 1121 clare
2564 1065 2680 1121 hoc
2736 1066 2910 1122 docet
2959 1069 3095 1124 Sem
3127 1067 3506 1126 benedictio:

1859 1173 1887 1201 «
1919 1153 2272 1209 Benedictus
2309 1155 2588 1210 Dominus
2616 1157 2770 1210 Deus
2804 1157 2940 1212 Sem
2973 1173 2986 1211 :
3029 1156 3139 1212 erit
3176 1156 3366 1214 Cham
3393 1175 3510 1215 ser-

1855 1257 1966 1296 vus
1997 1242 2126 1313 ejus
2151 1244 2220 1294 εδ.
2256 1242 2464 1298 Dilatet
2514 1246 2665 1299 Deus
2720 1244 2931 1316 laphet
2983 1249 3040 1300 et
3084 1245 3313 1302 habitet
3344 1248 3404 1302 in
3427 1251 3510 1304 ta-

1855 1329 2187 1386 bernaculis
2219 1330 2377 1386 Sem.
2416 1353 2440 1383 υ
2484 1331 2698 1404 Japhet
2733 1348 3121 1390 numerosam
3157 1335 3505 1407 progeniem

1855 1420 2252 1490 prophetavit,
2285 1420 2422 1475 Sem
2455 1421 2657 1476 autem
2685 1421 3191 1493 pietatem.Deum
3219 1428 3419 1479 autem
3446 1424 3506 1480 in

1855 1508 2256 1565 tabernaculis
2285 1510 2416 1565 Sem
2441 1510 2854 1567 habitaturum
2877 1512 3150 1583 praedixit
3173 1528 3185 1567 :
3210 1511 3507 1570 habitavit

1855 1603 2055 1652 autem
2095 1597 2155 1652 in
2191 1597 2540 1668 patriarcbis
2567 1615 2639 1655 ex
2668 1599 2805 1655 Sem
2845 1601 2987 1656 ortis
3019 1605 3074 1656 et
3111 1600 3172 1656 in
3200 1601 3505 1673 prophetis

1853 1685 1929 1740 ab
1955 1686 2078 1741 istis
2101 1685 2604 1744 descendentibus
2627 1705 2643 1754 ;
2674 1693 2728 1744 et
2754 1689 3019 1761 primum
3039 1689 3149 1744 sub
3173 1690 3435 1746 tentoriis
3449 1694 3506 1747 et

119 1776 189 1832 δε
219 1778 271 1830 ἓν
306 1785 417 1838 τοῖς
442 1783 532 1830 τοῦ
564 1781 675 1849 Σήμ
727 1780 1087 1850 πατριάρχαις
1114 1782 1203 1828 καὶ
1255 1776 1303 1827 ἐν
1332 1783 1437 1836 τοῖς
1464 1774 1517 1826 ἐκ
1545 1776 1739 1826 τούτων

1851 1774 2510 1846 posteainJerusalem.
2549 1777 2874 1833 Perfectam
2899 1782 3099 1834 autem
3133 1778 3504 1851 adimpletio-

118 1865 528 1939 βεϐλαστηκόσι
573 1871 877 1939 προφήταις,
928 1870 1018 1918 καὶ
1073 1865 1122 1918 ἐν
1167 1873 1228 1937 τῇ
1291 1873 1452 1937 σκηνῇ
1496 1867 1738 1937 πρότερον

118 1960 216 2008 καὶ
281 1954 332 2008 ἓν
393 1963 504 2018 τοῖς
555 1954 932 2029 Ἱεροσολύμοις
997 1955 1225 2026 ὕστερον·
1287 1951 1494 2027 ἀκριϐὲς
1547 1947 1606 2004 δὲ
1662 1956 1739 2004 τέ·

115 2045 208 2107 λος
240 2048 473 2123 ἔσχηκεν
525 2046 555 2102 ἡ
612 2049 900 2117 προφητεία
945 2047 1001 2096 τὸ
1049 2052 1144 2106 τῆς
1189 2043 1478 2114 οἰκονομίας
1534 2045 1734 2112 μυστή·

116 2153 259 2209 ριον”
329 2137 412 2188 ὅτε
461 2133 611 2195 αὐτὸς
663 2137 792 2196 Θεὸς
851 2138 1016 2205 Λόγος
1071 2134 1437 2206 ἑνηνθρώπησε
1484 2133 1571 2181 καὶ
1615 2132 1734 2181 ναὸν

118 2225 318 2278 ἑαυτοῦ
376 2225 797 2297 προσηγόρευσεν
846 2223 906 2281 ἦν
951 2223 1004 2273 ἐκ
1060 2224 1356 2296 σπέρματος
1422 2214 1589 2272 Δαϐἱδ
1645 2222 1736 2270 καὶ

120 2312 356 2386 Αϐραάμ
385 2311 534 2365 ἔλαϐε
593 2313 762 2386 σάρκα
812 2329 824 2341 ·
885 2309 940 2363 ἐκ
977 2318 1066 2364 τοῦ
1117 2315 1226 2383 Σὴμ
1281 2312 1382 2380 γὰρ
1434 2312 1523 2359 καὶ
1566 2306 1727 2362 οὗτοι.

1849 1879 1984 1918 nem
2001 1863 2611 1937 habuitprophetiain
2637 1866 2902 1939 mysterii
2919 1866 3308 1940 dispositione
3331 1868 3505 1925 mira-

1849 1951 1971 2018 bili,
1998 1968 2135 2008 cum
2155 1953 2283 2024 ipse
2314 1956 2467 2009 Deus
2495 1954 2750 2011 Verbum
2769 1955 3140 2012 incarnatum
3159 1961 3247 2012 est
3275 1961 3331 2012 et
3357 1961 3503 2013 tem-

1848 2040 2016 2112 plum
2057 2058 2232 2097 suum
2282 2043 2520 2098 vocavit
2567 2059 2749 2115 quam
2799 2061 2870 2099 ex
2922 2045 3148 2100 semine
3211 2045 3391 2101 David
3446 2048 3504 2102 et

1847 2129 2152 2185 Abraham
2200 2136 2610 2203 assumpserat
2645 2148 2907 2190 carnem.
2942 2136 3024 2188 Ex
3062 2134 3200 2189 Sem
3233 2128 3394 2190 enim
3443 2139 3500 2189 et

1844 2216 1959 2290 ipsi
1999 2219 2291 2288 originem
2329 2219 2653 2276 ducebant.
2685 2221 2973 2277 Chanaan
3012 2227 3214 2278 autem
3245 2222 3496 2279 servitus

1843 2307 1904 2363 in
1935 2307 2280 2364 Gabaonitis
2307 2307 2797 2381 adimpletionem
2825 2309 3104 2368 obtinuit.

111 2412 354 2472 κατῆγον
383 2405 442 2455 τὸ
467 2405 607 2473 γένος
635 2419 647 2431 °
681 2403 710 2458 ἠ
737 2398 796 2453 δὲ
829 2403 1047 2473 Χαναάμ
1076 2395 1286 2452 δουλεία
1310 2397 1357 2450 ἐν
1400 2402 1505 2457 τοῖς
1536 2395 1884 2459 Γαϐαωνίταις
1911 2400 1970 2450 τὸ
2007 2397 2153 2458 τέλας
2183 2394 2418 2462 ἓδέξατο.

683 2541 996 2591 ΕΡΩἸἮΣΙΣ
1034 2535 1200 2590 ΣΝΗ’.

117 2740 236 2792 Πῶς
286 2731 530 2804 ’Δϐραὰμ
568 2735 752 2792 πιστὸς
797 2730 1110 2803 ὀνομάζεται
1190 2729 1411 2804 εἰρηκὼς
1441 2735 1513 2798 τῷ
1594 2735 1728 2798 Θεῷ,

191 2827 222 2854 «
272 2800 420 2856 Κατᾶ
477 2800 528 2855 τί
586 2800 893 2874 γνώσομαι’
939 2809 1093 2854 τοῦτο
1179 2800 1256 2854 ὅτι
1351 2800 1730 2875 κληρονομήσω

190 2875 468 2943 αὑτήν;))

2069 2531 2386 2601 ΟυΕδΤΙΟ
2418 2532 2665 2588 CCLVIII
2699 2532 2902 2604 [CoisL
2933 2533 3261 2598 CCLXXIX,

2416 2623 2597 2679 Taur.
2631 2620 2928 2696 CCLXIX].

1838 2729 2129 2800 Quomodo
2157 2729 2468 2786 Abraham
2497 2729 2650 2797 ﬁdus
2683 2730 3024 2803 _appelletur
3073 2728 3178 2803 qui
3214 2729 3440 2803 dixerit
3474 2747 3488 2786 :

1839 2825 1868 2853 «
1902 2804 2062 2860 Unde
2093 2803 2245 2859 scire
2269 2817 2504 2871 possum
2537 2801 2695 2872 quod
2720 2800 3099 2870 possessurus'
3117 2802 3224 2858 sim
3249 2817 3382 2860 eam
3409 2800 3437 2856 ‘i’
3458 2820 3488 2853 »

622 2979 774 3031 Edita
807 2992 840 3030 a
869 2981 1006 3030 Maio
1037 2978 1091 3038 (Ι.
1123 2993 1174 3032 c.
1209 2993 1260 3042 p.
1294 2979 1402 3033 125,
1438 2993 1490 3043 q.
1527 2981 1655 3040 257).
1685 3005 1745 3014 —
1777 2979 1846 3029 De
1875 2978 2164 3030 Abrahami
2189 2976 2629 3041 interrogatione.
2661 2977 2900 3036 Gen.xv,
2933 2979 3015 3028 14.

189 3101 284 3162 Τὸ,
323 3116 348 3147 ε
383 3098 529 3149 Κατὰ
571 3102 622 3149 τί
667 3101 940 3169 γνώσομαι
975 3112 989 3159 ;
1024 3119 1052 3146 »
1097 3096 1190 3149 οὐκ
1222 3094 1560 3157 ἀπιστοῦντος
1581 3096 1720 3150 ἐστιν

1908 3097 2022 3151 Ηοο
2044 3093 2290 3150 verbum
2304 3093 2462 3149 unde
2480 3093 2628 3149 scire
2646 3109 2898 3166 possum
2922 3109 3044 3150 non
3063 3093 3350 3151 increduli
3378 3100 3484 3160 est,

113 3185 249 3238 ἀλλὰ
294 3187 478 3258 μαθεῖν
515 3188 794 3246 ποθοῦντος
842 3195 938 3247 τῆς
980 3185 1318 3258 κληρονομίας
1375 3190 1461 3238 τὸν
1509 3192 1717 3260 τρόπον.

112 3271 306 3332 ἐπειδὴ
369 3276 468 3347 γὰρ
531 3274 664 3348 ἑώρα
713 3275 886 3334 πλήθη
963 3281 1128 3348 μυρία
1207 3280 1301 3334 τὴν
1371 3275 1721 3334 Παλαιστίνην

109 3366 378 3430 οἰκοῦντα,
429 3367 610 3436 μαθεῖν
664 3363 911 3424 ἠϐούλετο
969 3369 1068 3417 τίνι
1124 3367 1297 3438 τρόπῳ
1360 3365 1721 3439 παραλήψεται

111 3464 208 3515 τῆς
255 3463 358 3526 τῆς
423 3453 617 3516 ἐκείνης
672 3452 996 3508 δεσποτείαν·
1057 3459 1197 3526 νόμῴ
1261 3453 1522 3526 πολέμον;
1584 3451 1722 3526 δίχα

107 3544 392 3617 seliget);
463 3544 666 3604 ζώντων
719 3543 959 3611 ἐκείνων;
1025 3544 1450 3619 ἀναιρουμένωνς
1523 3542 1720 3607 ἐξελαυ-

110 3638 339 3704 νομένων
374 3649 387 3699 ;
433 3635 614 3685 τούτου
667 3635 829 3706 χάριν
868 3635 998 3706 μετὰ
1036 3637 1130 3691 τὴν
1189 3635 1375 3686 θυσίαν
1416 3635 1441 3685 ὁ
1465 3641 1562 3685 τῶν
1594 3633 1719 3685 ὅλων

110 3723 292 3794 ὀφθεὶς
321 3725 465 3790 Θεὸς,
498 3744 525 3771 ‹‹
561 3728 848 3792 Γινώοκων,
902 3728 1054 3794 φησὶ,
1087 3727 1265 3794 γνώσῃ
1320 3724 1400 3774 ὅτι
1469 3725 1718 3796 πάροικον

108 3815 268 3864 ἔσται
290 3815 348 3862 τὸ
373 3814 580 3884 σπέρμα
605 3831 720 3876 σου,
754 3815 842 3864 καὶ
872 3811 1009 3874 ἑξῆς·
1048 3835 1073 3860 ››
1107 3813 1194 3871 ἕως
1219 3819 1329 3879 τοῦ,
1370 3834 1388 3860 ε
1428 3815 1586 3863 Οὔπω
1615 3815 1716 3886 γὰρ

110 3898 583 3972 ὼιαπεπλ.ήρωνται
646 3903 700 3953 αἱ
765 3901 1020 3975 ἁμαρτίαι
1089 3909 1190 3952 τῶν
1282 3900 1624 3975 Ἀμορραίων.
1689 3921 1716 3952 ››

109 3991 206 4044 Ἐκ
262 3997 359 4050 τῆς
409 3991 543 4050 θείας
602 3995 769 4042 τοίνυν
853 3989 1177 4064 ἀποκρίσεως
1239 3993 1350 4043 ἔστι
1393 3999 1584 4061 γνῶναι
1633 3993 1718 4042 τὸν

106 4083 306 4150 τρόπον
362 4085 452 4139 τῆς
522 4081 836 4150 ἐρωτήσεως·
922 4076 1104 4138 ἐπειδὴ
1155 4082 1256 4152 γὰρ
1318 4078 1444 4143 εἶπε,
1491 4101 1520 4131 ι(
1577 4083 1718 4133 Κατὰ

106 4172 160 4219 τί
186 4186 458 4239 γνωσομαι
489 4169 569 4220 ὅτι
596 4167 971 4243 κληρονομήσω
1021 4169 1183 4228 αὐτὴν
1217 4185 1231 4236 ;
1260 4188 1288 4220 ››
1321 4165 1589 4241 ἐδιδάχθη
1628 4173 1718 4241 μεν

106 4259 232 4308 ὅσον
294 4261 681 4327 παροικήσουσι
732 4262 942 4331 χρόνον,
1002 4264 1092 4311 καὶ
1159 4260 1297 4320 ὅπως
1384 4257 1719 4330 ταλαιπωρή-

107 4363 321 4406 σουσιν,
400 4345 524 4406 ὅσης
599 4343 658 4398 δε
729 4347 1115 4410 ἀξιωθήσονται
1202 4349 1545 4421 προμηθείας
1619 4355 1716 4398 τῶν

105 4436 201 4504 μὲν
271 4433 673 4506 πολεμησάντων
757 4436 945 4499 αὐτοὺς
1030 4436 1518 4508 κολασθησομένων,

103 4519 169 4575 δὲ
262 4524 327 4573 τὰ
418 4521 616 4575 ἐκείνων
709 4530 1144 4599 καρπωσομένωνο
1211 4530 1300 4578 καὶ
1383 4527 1463 4577 ὅτι
1521 4527 1713 4577 τούτων

104 4610 268 4671 αὐτὸς
295 4607 542 4681 οὐδεμίαν
608 4619 787 4686 πεῖραν
853 4612 1019 4667 λαϐὼν
1083 4614 1130 4665 ἐν
1190 4615 1365 4687 εἰρήνη
1433 4613 1714 4666 καταλύσει

102 4703 195 4751 τὸν
239 4698 380 4772 βίον·
436 4696 647 4764 ἐδίδαξε
707 4697 766 4754 δὲ
819 4707 909 4753 καὶ
948 4711 1038 4761 τῆς
1096 4702 1348 4765 ἀναϐολῆς
1392 4709 1478 4762 τήν
1517 4703 1708 4755 αἰτίαν·

103 4791 191 4839 ἱνα
220 4791 327 4860 γὰρ
358 4793 430 4859 μή
467 4808 540 4848 τις
585 4792 789 4862 τοπάση
840 4795 929 4842 καὶ
983 4788 1075 4843 διὰ
1105 4795 1161 4843 τὸ
1192 4793 1386 4854 πλῆθος
1443 4801 1541 4845 τῶν
1585 4791 1712 4844 ἔνοι-

103 4877 338 4926 κοὺντων
379 4879 452 4946 μὴ
511 4871 801 4933 δυνηθῆναι
843 4880 927 4928 τὸν
976 4882 1238 4935 Δεσπότην
1293 4883 1419 4931 Θεὸν
1465 4887 1556 4939 τῆς
1617 4885 1713 4949 γῆς

101 4965 308 5024 ἐκείνης
336 4960 664 5035 παραδοῦναι
683 4969 775 5023 τήν
797 4961 1126 5031 δεσποτείαν,
1165 4972 1343 5038 φησιν,
1375 4989 1404 5019 «
1433 4967 1711 5022 ’Ὁτιοῧπω

103 5052 234 5114 ἄξια
265 5051 616 5124 πανωλεθρίας
638 5050 986 5128 δεδράκασιν,
1021 5059 1070 5107 οὶ
1098 5055 1422 5131 Ἀμορῥαῖοι·
1457 5080 1477 5107 ³
1513 5059 1570 5110 οὗ
1597 5063 1706 5132 Χρὴ

99 5145 206 5212 γὰρ
269 5144 376 5214 πρὸ
429 5150 528 5202 τῆς
607 5142 863 5216 ἁμαρτίας
924 5142 978 5195 ἐκ
1039 5151 1376 5218 προγνώσεως
1435 5145 1710 5218 ἐνεχθῆναι

100 5235 198 5287 τήν
226 5234 502 5304 τιμωρίαν⁶
559 5232 638 5283 ὅτι
670 5229 729 5284 δὲ
787 5229 930 5304 εἶχον
981 5234 1094 5285 κατ’
1144 5233 1300 5286 ἐκεῖνο
1353 5243 1536 5309 καιροῦ
1567 5237 1704 5288 εὐσε·

103 5318 229 5385 ϐεῖς,
281 5314 442 5378 δῆλον
494 5322 548 5373 ἔκ
594 5340 648 5373 τε
697 5329 790 5374 τοῦ
856 5321 1136 5395 Ἀϐιμέλεχ
1189 5328 1278 5376 καὶ
1347 5322 1400 5376 ἐκ
1451 5333 1551 5377 τῶν
1612 5331 1705 5385 τὴν

177 5444 226 5478 ²⁶
253 5441 470 5500 Genes.
502 5460 578 5501 ιχ.
606 5449 694 5503 26.
726 5448 769 5482 ’τ
795 5447 1009 5504 Genes.
1040 5464 1140 5504 xv.
1172 5448 1257 5504 13.

1834 3186 1939 3240 sed
1971 3184 2293 3256 expetentis
2341 3183 2568 3239 discere
2616 3183 2974 3240 haareditatis
3015 3185 3284 3240 modum.
3319 3183 3488 3241 Post-

1830 3290 2008 3347 quam
2053 3274 2209 3329 enim
2253 3272 2495 3329 vidisset
2539 3272 2776 3345 populis
2819 3274 2897 3330 ab
2939 3273 3486 3330 innumerabilibus

1830 3363 2207 3420 Palaestinam
2228 3361 2502 3428 habitari,
2522 3362 2753 3418 discere
2781 3363 2964 3420 voluit
2980 3363 3289 3436 quomodo
3316 3368 3484 3420 terra:

1829 3453 2010 3523 hujus
2029 3451 2404 3508 dominatum
2425 3456 2766 3523 occuparet.
2793 3451 3078 3524 Bellij'ure
3097 3453 3126 3508 τ
3141 3451 3269 3508 sine
3288 3451 3487 3509 bello?

1830 3541 2163 3598 viventibus
2179 3540 2291 3596 illis
2302 3539 2330 3596 ?
2353 3540 2764 3612 interemptis?
2776 3541 3035 3613 expulsis
3047 3542 3076 3598 ?
3089 3543 3482 3614 Quapropter,

1828 3637 1964 3704 post
2009 3631 2388 3695 sacrificium,
2440 3630 2548 3703 qui
2596 3631 2855 3686 omnium
2886 3646 3087 3687 rerum
3121 3634 3271 3687 Deus
3320 3632 3484 3687 visus

1827 3725 2008 3787 erat,«
2038 3720 2442 3788 Praenoscens,
2459 3719 2666 3792 inquit,
2691 3735 3019 3792 cognosces
3039 3720 3200 3792 quod
3225 3720 3485 3793 peregri-

1827 3825 1975 3866 num
2004 3810 2273 3866 futurum
2305 3810 2379 3866 sit
2409 3824 2614 3865 semen
2634 3815 2801 3865 tuum
2818 3811 2888 3875 ’⁷,
2923 3827 2952 3861 ››
2986 3815 3042 3865 et
3063 3815 3271 3866 cetera
3290 3825 3483 3883 usque

1828 3900 1948 3956 ad:
2009 3921 2030 3949 ι
2066 3900 2344 3955 Nondum
2396 3899 2557 3955 enim
2612 3898 2926 3970 completas
2959 3904 3094 3954 sunt
3136 3898 3483 3972 iniquitates

1825 3989 2328 4044 Amorrheeorum.
2348 4008 2373 4039 ι)
2391 3987 2663 4058 Proinde,
2678 3987 3078 4043 exdivinailla
3091 3989 3482 4060 responsione

1826 4078 2100 4148 cognosci
2130 4081 2320 4148 potest
2344 4075 2946 4154 modusqumstionis.
2967 4076 3294 4148 Postquam
3320 4079 3481 4134 enim

1825 4166 2070 4222 dixisset
2101 4181 2113 4219 :
2153 4184 2180 4216 «
2213 4163 2378 4221 Unde
2411 4163 2555 4220 scire
2611 4180 2861 4237 possum
2890 4163 3058 4238 quod
3096 4181 3480 4236 possessurus

1825 4257 1936 4312 sim
1985 4270 2144 4323 eam,
2192 4274 2216 4306 ο
2247 4252 2453 4310 didicit
2509 4257 2657 4326 quot
2703 4252 2948 4325 quidem
2993 4269 3188 4310 annos
3226 4270 3473 4327 peregre

1825 4347 2359 4408 commorarentur,
2411 4341 2833 4412 afﬂigerentur,
2894 4348 3247 4416 quantaeque
3311 4342 3478 4413 digni

1616 4446 1714 4488 τῶν
1747 4449 1793 4504 D
1825 4437 2200 4490 censerentur
2217 4425 2625 4504 providentiae,
2649 4430 2949 4504 quosdam
2965 4431 3206 4504 quidem
3229 4447 3361 4488 cum
3384 4433 3476 4489 his

1822 4523 2171 4586 bellaturos,
2213 4519 2595 4592 castigandos
2648 4535 2775 4574 esse
2811 4538 2824 4587 ;
2876 4519 3027 4575 alios
3059 4535 3199 4577 vero
3232 4520 3474 4579 illorum

1823 4613 2073 4669 fortunis
2102 4611 2402 4668 fruiturus.
2439 4609 2845 4682 Atqueipsum
2877 4609 3022 4665 nihil
3050 4625 3118 4666 ex
3143 4610 3213 4666 iis
3240 4627 3476 4685 perpes-

1823 4718 1978 4767 sum,
2024 4701 2084 4756 in
2138 4716 2285 4774 pace
2319 4700 2591 4757 animam
2631 4697 2991 4756 eﬂlaturum.
3024 4697 3240 4755 Didicit
3292 4701 3475 4760 etiam

1821 4791 2002 4862 hujus
2013 4790 2313 4848 dilationis
2327 4805 2595 4855 causam,
2611 4799 2685 4844 ne
2699 4788 2831 4860 quis
2846 4788 3218 4861 conspiceret
3231 4797 3472 4862 propter

1824 4880 2263 4936 multitudinem
2306 4879 2640 4935 incolarum
2667 4892 2787 4933 non
2841 4877 3104 4950 potuisse
3154 4877 3474 4936 Dominum

1821 4971 2008 5025 Deum
2073 4969 2254 5040 hujus
2301 4975 2468 5024 terrae
2528 4967 2757 5022 tradere
2809 4965 3207 5034 dominatum,
3267 4967 3467 5025 dixit:

1824 5078 1852 5111 «
1892 5059 2042 5124 Quia
2064 5058 2334 5114 nondum
2357 5056 2517 5113 exitii
2537 5056 2723 5125 digna
2738 5054 3014 5112 fecissent
3039 5057 3395 5114 Amori-basi.
3443 5081 3465 5109 ι

1818 5149 1946 5203 Non
1972 5146 2130 5202 enim
2147 5148 2378 5218 oportet
2401 5143 2634 5200 venturi
2655 5141 2890 5198 sceleris
2911 5158 2982 5199 ex
3004 5147 3472 5218 praesumptione

1819 5235 1997 5292 solvis
2057 5249 2312 5305 pmnas;
2371 5238 2428 5290 et
2465 5234 2630 5308 quod
2681 5247 2753 5290 eo
2802 5238 3068 5306 tempore
3106 5234 3189 5308 pii
3247 5241 3467 5302 essent,

1817 5329 2050 5382 constat
2073 5340 2146 5381 ex
2172 5323 2517 5381 Abimelech
2547 5329 2726 5399 atque
2757 5342 2789 5384 e
2808 5325 3049 5383 Chebraa
3079 5326 3289 5384 incolis
3317 5341 3468 5399 quos

1673 5565 1897 5624 NOTiE.

177 5665 289 5738 (55)
321 5667 420 5722 Est
446 5666 798 5726 Theodoreti
827 5685 885 5743 q.
917 5673 985 5728 65
1013 5671 1075 5728 in
1103 5670 1317 5728 Genes.
1341 5672 1462 5728 171.
