4026 6196
567 293 705 351 1071

1738 258 1755 279 ⁸
1823 289 2060 347 puo'rn
2099 289 2581 349 PATRIARCHE
2625 293 2737 350 CP.
3742 302 3825 355 ira

574 418 782 476 audire
811 415 1103 490 potuisses
1137 414 1484 487 patriarchae
1514 416 1786 476 dicentes
1818 435 1831 473 :
1861 439 1889 466 ‹‹
1922 420 2040 473 Rex
2066 432 2127 472 es
2159 422 2218 473 tu

2346 418 2545 493 Χεϐρὼν
2577 419 2872 471 οἰκούντων·
2934 415 3000 471 ὧν
3084 420 3195 471 ἔστι
3242 420 3365 491 πρὸς
3417 422 3503 472 τὸν
3580 427 3828 497 «arguis-lo

574 510 753 565 aDeo
803 506 1023 561 missus
1071 505 1244 560 nobis
1289 505 1387 569 ;in
1438 506 1639 563 electis
1680 507 1967 580 sepulcris
2006 507 2221 562 nostris

576 596 757 668 sepeli
789 610 1005 665 corpus
1038 597 1222 649 tuum.
1253 615 1279 643 »

824 808 1148 876 QUIESTIO
1192 810 1384 865 CCLIX
1419 810 1625 882 [CoisL
1664 812 1977 880 CCLXXX].

577 918 764 985 Quam
822 918 896 972 ab
954 933 1192 973 causam
1254 918 1548 973 eluctetur
1604 919 1889 974 adversus
1942 919 2224 974 Jacobum

1194 991 1438 1057 angelus
1465 990 1595 1060 (56).

2331 507 2555 560 ἀκοῦσαι
2580 508 2845 580 λεγόντων*
2881 530 2907 558 ‹‹
2975 507 3223 568 Βασιλεὺς
3282 505 3329 561 εἶ
3389 514 3454 561 σὺ
3485 514 3615 583 παρὰ
3664 520 3764 565 Θεοὺ
3805 516 3832 565 .‘~.

2332 600 2474 669 ἡμῖν,
2534 600 2582 650 ἐν
2642 606 2750 660 τοῖς
2811 598 3060 658 ἐκλεκτοῖς
3103 603 3372 670 μνημείοις
3426 601 3565 670 ἡμῶν
3603 600 3736 670 θάψον
3783 612 3837 653 m

2328 691 2504 760 νεκρόν
2534 706 2647 743 σου.
2694 708 2721 737 ››

2872 816 3185 864 ΕΡΩἹἮΣΙΣ
3225 811 3389 865 ΣΝΘ’.

2474 924 2617 979 Τίνος
2672 922 2831 972 ἕνεκεν
2854 918 3119 971 ἐκπαλαίει
3158 927 3228 989 τῷ
3257 918 3442 973 Ἰακὼϐ
3480 922 3504 971 ὁ
3526 920 3712 991 ἄγγελος
3738 940 3748 989 ;

911 1096 1057 1145 Edita
1087 1108 1119 1143 a
1148 1096 1283 1145 Maio
1310 1096 1365 1155 (Ι.
1398 1110 1441 1145 c.
1478 1111 1527 1159 p.
1561 1098 1669 1152 125,
1705 1097 1811 1151 126,
1846 1112 1896 1160 q.
1925 1098 2067 1158 258V:
2103 1124 2164 1133 —
2188 1098 2260 1146 De
2287 1096 2462 1159 angeli
2497 1109 2617 1144 cum
2652 1094 2852 1144 Jacobo
2885 1095 3193 1143 certamine.
3229 1095 3357 1143 Gen.
3389 1109 3546 1151 χχιιι,
3572 1097 3642 1144 2t.

648 1196 792 1250 Cum
834 1194 1068 1250 fratrem
1103 1195 1333 1250 timeret
1361 1195 1609 1264 angelus
1639 1196 1689 1250 ei
1724 1196 2003 1250 virtutem
2037 1196 2220 1251 addit.

576 1284 795 1339 Eadem
839 1283 1015 1338 etiam
1048 1283 1121 1338 de
1166 1300 1347 1339 causa
1394 1284 1532 1339 huic
1564 1284 1875 1339 victoriam
1908 1285 2220 1350 concessit,

577 1373 705 1429 haec
746 1372 1185 1446 propemodum
1221 1374 1419 1427 diccns
1455 1390 1466 1427 :
1513 1374 1621 1438 Qui
1664 1390 1745 1427 me
1792 1374 1995 1437 vicisti,
2038 1374 2223 1428 homi-

577 1478 715 1518 nem
749 1464 919 1517 times
967 1460 994 1515 ?
1024 1465 1101 1518 Ne
1148 1478 1286 1517 vero
1330 1461 1425 1517 ille
1479 1463 1809 1533 superbiret
1858 1463 2045 1517 Deum
2085 1479 2119 1519 a
2163 1478 2225 1517 se

578 1552 797 1607 victum
829 1551 1011 1605 fuisse
1045 1556 1261 1622 putans
1289 1556 1446 1607 tactu
1478 1551 1717 1607 femoris
1740 1551 1987 1621 angelus
2024 1552 2228 1606 volun-

578 1644 790 1696 tariam
818 1640 997 1696 fuisse
1028 1640 1261 1694 cladem
1306 1656 1477 1695 suam
1522 1641 1796 1695 ostendit.
1841 1640 2026 1695 Tactu
2068 1641 2227 1696 enim

577 1729 818 1785 femoris
867 1728 946 1783 illi
1009 1733 1307 1799 torporem
1340 1729 1608 1784 obducit.
1660 1729 1985 1801 Postquam
2023 1733 2227 1786 autem

580 1817 1013 1889 angeliquisibi
1038 1818 1733 1889 apparueratpotentiam
1759 1818 1945 1881 novit,
1968 1819 2229 1875 Jacobus

2401 1190 2604 1246 Δεδιότι
2634 1196 2719 1244 τὸν
2744 1192 2961 1263 ἀδελφὸν
2995 1194 3188 1266 θάρσος
3244 1192 3495 1250 ἐντίθησι·
3547 1191 3631 1245 διά
3658 1214 3724 1245 τοι
3749 1205 3856 1247 τοῦτο

2329 1289 2416 1334 καὶ
2468 1292 2563 1343 τῆς
2610 1287 2756 1343 νίκης
2806 1282 2944 1352 αὐτῴ
3012 1289 3445 1356 παρακεχώρηκε·
3501 1291 3751 1355 μονονουχὶ
3800 1286 3857 1338 λε-

2328 1392 2449 1443 γων·
2483 1371 2600 1443 Ἐμὲ
2630 1376 2917 1431 νενίκηκας,
2978 1376 3065 1422 καὶ
3114 1372 3380 1445 ἄνθρωπον
3430 1368 3665 1432 δέδοικας
3694 1390 3705 1438 ;
3735 1376 3796 1423 ἱνα
3820 1372 3857 1425 δε

2330 1466 2400 1535 μὴ
2440 1466 2573 1533 μέγα
2631 1469 2786 1534 φρονῇ
2844 1456 2998 1522 δοξας
3051 1465 3365 1518 νενικηκέναι
3409 1464 3556 1525 Θεὸν,
3609 1470 3660 1533 τῇ
3692 1462 3771 1533 ἁφῇ
3800 1472 3861 1514 τοῦ

2332 1558 2506 1625 μηροῦ
2537 1553 2593 1601 τὸ
2627 1550 2915 1602 ἐθελούσιον
2948 1557 3038 1611 τῆς
3098 1552 3257 1611 ἣττης
3287 1547 3538 1607 ἐδήλωσε·
3574 1560 3629 1623 τῇ
3658 1554 3741 1623 γὰρ
3791 1553 3859 1621 ἀνῇ

2335 1648 2424 1691 τοῦ
2455 1647 2625 1713 μηροῦ
2657 1642 2743 1696 τὴν
2792 1639 2987 1710 νάρκην
3048 1638 3348 1712 εἰργάσατο.
3410 1644 3561 1699 Γνοὺς
3611 1636 3664 1691 δὲ
3696 1642 3863 1691 fcit-xi.

2336 1733 2567 1802 φανέντος
2598 1733 2690 1785 τὴν
2737 1724 2982 1799 δύναμιν,
3036 1733 3127 1785 τὴν
3182 1728 3414 1799 εὐλογίαν
3483 1729 3629 1780 αἰτεῖ’
3676 1731 3697 1779 ὁ
3736 1726 3866 1781 δὲκαὶ

2337 1823 2426 1877 τὴν
2476 1821 2685 1874 αἴτησιν
2743 1812 2940 1867 δίδωσι
3015 1822 3103 1868 καὶ
3153 1822 3245 1873 τὴν
3298 1824 3651 1891 προσηγορίαν
3704 1817 3865 1889 ἁμείξευ

577 1906 1049 1961 benedictionem
1104 1906 1180 1961 ab
1234 1922 1304 1960 eo
1362 1907 1564 1977 poscit,
1622 1924 1811 1979 quam
1859 1907 1953 1962 ille
2008 1908 2230 1981 petenti

2346 1902 2561 1976 διέμεινε
2606 1901 2664 1957 δὲ
2708 1911 2796 1957 καὶ
2867 1908 2996 1976 μετὰ
3052 1910 3143 1962 τὴν
3202 1907 3519 1979 ἐγρήγορσιν
3561 1908 3752 1979 ομηρος
3786 1927 3870 1973 ws-

579 1996 825 2060 annuit;
858 1996 1108 2067 ejusque
1141 2011 1357 2051 nomen
1398 2001 1605 2052 mutat.
1652 1996 1961 2053 Remansit
1986 1997 2073 2052 vel
2098 2002 2233 2069 post

579 2084 843 2154 vigiliam
898 2084 1087 2140 femur
1133 2085 1261 2155 ejus
1302 2090 1537 2157 torpore
1593 2086 1872 2142 affectum
1918 2103 1987 2141 ac
2030 2086 2233 2142 leviter

582 2174 884 2237 claudum,
908 2190 980 2229 ne
1012 2190 1234 2229 vanam
1263 2175 1584 2244 imaginem
1614 2175 1855 2231 duceret
1880 2177 1992 2231 hoc
2017 2177 2230 2231 visum.

585 2266 707 2330 Qua
761 2263 836 2318 de
895 2280 1083 2319 causa
1132 2280 1269 2319 cum
1321 2264 1745 2334 interrogasset
1811 2282 1932 2337 quo
1984 2265 2232 2335 angelus

584 2352 977 2425 appellaretur
1008 2352 1266 2418 nomine,
1321 2369 1442 2408 non
1480 2354 1674 2409 solum
1726 2355 1931 2426 petitio
1972 2370 2092 2410 non
2146 2371 2235 2409 ex-

585 2442 843 2509 auditur,
868 2442 972 2496 sed
992 2442 1170 2496 etiam
1189 2442 1319 2513 ipse
1343 2443 1700 2514 increpatur,
1737 2449 1797 2498 ut
1824 2449 2048 2498 natura;
2072 2459 2236 2498 men-

586 2546 785 2584 suram
819 2538 1255 2597 transgressus.
1296 2554 1322 2579 ‹‹
1345 2531 1479 2593 Cur,
1518 2532 1728 2603 inquit,
1774 2533 1989 2603 quaeris
2021 2547 2238 2586 nomen

586 2632 778 2671 meum
800 2618 845 2651 ³⁸
862 2640 887 2666 ›)
910 2619 1239 2690 Mirumque
1258 2624 1343 2673 est
1361 2624 1538 2690 atque
1558 2620 1654 2674 hic
1670 2621 1973 2674 notatione
1987 2621 2238 2689 dignum

582 2704 747 2776 quod
778 2706 1058 2761 eumdem
1090 2707 1412 2778 appellavit
1464 2714 1520 2763 et
1570 2709 1877 2763 hominem
1926 2714 1984 2763 et
2029 2709 2237 2775 Deum,

583 2793 729 2849 dixit
760 2796 918 2849 enim
951 2812 963 2849 :
1019 2814 1046 2845 «
1084 2796 1167 2850 Tu
1198 2796 1302 2866 qui
1356 2801 1563 2852 contra
1616 2800 1799 2852 Deum
1854 2797 2020 2852 fortis
2058 2796 2237 2863 fuisti,

584 2889 793 2939 contra
817 2882 1089 2939 homines
1133 2884 1511 2955 praavalebis,
1544 2908 1564 2935 ι
1603 2887 1953 2959 vocavitque
1981 2886 2242 2942 Jacobus

584 2990 805 3030 nomen
825 2974 937 3029 loci
955 2973 1112 3029 illius
1134 2974 1421 3039 Phanuel,
1445 2975 1677 3031 dicens:
1696 2997 1723 3025 ‹‹
1747 2976 1876 3031 Vidi
1901 2975 2242 3032 Deumfacie

586 3063 663 3119 ad
691 3062 925 3128 faciem,
966 3068 1023 3119 et
1066 3062 1233 3119 salva
1282 3064 1441 3121 facta
1476 3071 1567 3121 est
1605 3065 1813 3121 anima
1866 3081 1990 3123 mea
2011 3067 2080 3118 ²⁹.
2107 3086 2133 3116 »
2176 3098 2243 3106 —

584 3174 611 3202 «
644 3154 936 3225 Ortusque
961 3156 1047 3209 est
1068 3154 1119 3208 ei
1142 3154 1341 3210 statim
1372 3155 1459 3209 sol
1489 3159 1808 3227 postquam
1843 3160 2244 3225 transgressus

591 3248 681 3299 est
708 3242 975 3299 Phanuel
1003 3245 1070 3297 ³ο.
1105 3265 1132 3293 ››
1164 3244 1323 3309 Quas
1352 3244 1432 3299 ob
1466 3244 2084 3315 causasintelligimus
2117 3244 2243 3300 uni-
2276 3260 2317 3316 ο

589 3332 848 3401 genitum
891 3332 1103 3387 Filium
1121 3332 1213 3386 hic
1246 3332 1431 3388 Jacob
1472 3334 1848 3406 apparuisse.

675 3454 994 3517 QUzESTlO
1014 3452 1192 3509 CCLX
1215 3455 1411 3525 [CoisL
1448 3455 1641 3521 CCLX,
1684 3458 1863 3512 Taur.
1896 3458 2139 3530 CLXIX].

589 3559 713 3615 Cur
740 3560 942 3615 liberis
981 3562 1101 3615 suis
1135 3560 1498 3616 benedixisse
1526 3563 1774 3617 Jacobus
1804 3564 2059 3628 dicatur,
2113 3580 2244 3621 cum

870 3631 1169 3686 nonnullis
1190 3638 1348 3685 certe
1366 3632 1727 3689 maledixerit
1750 3635 1957 3703 ³⁰(5“ῖ’).

2340 2004 2441 2045 κῶν
2472 2014 2524 2046 τε
2563 1999 2651 2045 καὶ
2709 1994 3042 2061 ὑποσκάζων,
3102 1996 3183 2045 ῖνα
3234 2000 3303 2067 μὴ
3366 2002 3644 2067 φαντασίαν
3693 1993 3870 2065 ὑπολάϐῃ

2340 2088 2431 2142 τὴν
2463 2083 2599 2154 ὄψιν*
2636 2080 2728 2136 διὰ
2767 2090 2917 2135 τοῦτο
2964 2089 3053 2135 καὶ
3106 2082 3373 2155 ἐρωτήσας
3419 2090 3537 2137 τίνα
3583 2090 3872 2158 προσηγορίαι

2344 2176 2475 2245 ἔχει,
2510 2172 2567 2224 οὐ
2620 2177 2771 2244 μόνον
2827 2169 3171 2245 διαμαρτάνει
3228 2181 3323 2234 τῆς
3373 2174 3637 2239 αἰτήσεως,
3673 2172 3780 2225 ἀλλὰ
3814 2182 3873 2222 καὶ

2345 2262 2714 2319 ἐπιπληττεται
2774 2264 2838 2321 ὡς
2914 2260 3134 2335 ὑπερϐὰς
3191 2264 3255 2313 τὰ
3321 2268 3488 2336 μέτρα
3560 2270 3645 2321 τῆς
3711 2266 3873 2333 οὔπως·

2348 2374 2375 2401 ‹(
2395 2350 2506 2404 Ἰνα
2537 2356 2586 2402 τί
2615 2355 2736 2423 γαρ,
2761 2355 2940 2421 φησὶν,
2972 2350 3163 2422 ἐρωτᾷς
3180 2354 3235 2402 τό
3263 2355 3423 2422 ὄνομα
3450 2372 3548 2423 μου
3574 2370 3585 2418 ;
3626 2373 3651 2402 n
3678 2358 3878 2402 καὶτοὺτσ

2348 2439 2459 2492 ἔστι
2493 2442 2812 2512 θαυμαστον’
2840 2438 3212 2511 ἐπισημαντὼν
3241 2437 3299 2492 δὲ
3328 2439 3595 2493 κάνταῦθα
3619 2441 3689 2493 ὁτι
3728 2445 3796 2491 τὸν
3820 2439 3880 2490 rl-

2346 2533 2429 2582 τόν
2462 2528 2666 2582 ἐκάλεσε
2696 2534 2784 2580 καὶ
2813 2530 3081 2603 ἄνθρωπον
3112 2535 3201 2582 καὶ
3230 2537 3379 2582 Θεον
3416 2550 3443 2579 (ι
3481 2533 3879 2601 Ἐνισχύσαςγάιρ,

2348 2622 2464 2691 ἔφη,
2492 2622 2620 2689 μετὰ
2651 2626 2782 2671 Θεοῦ
2815 2624 2903 2669 καὶ
2934 2621 3064 2690 μετά
3096 2617 3377 2692 ἀνθρώπων
3407 2622 3499 2691 ἔσῃ
3536 2616 3753 2679 δυνατός·
3776 2640 3791 2666 ι
3819 2622 3882 2666 καὶ

2350 2707 2555 2759 ἐκάλεσε
2583 2711 2638 2760 τὸ
2666 2711 2824 2779 ὄνομα
2852 2715 2942 2759 τοι)
2974 2714 3133 2759 τόπον
3160 2707 3372 2759 ἐκείνοιν
3413 2705 3562 2769 Εἶδος
3589 2717 3728 2762 Θεον.
3759 2728 3779 2756 (ι
3827 2703 3883 2758 Ei-

2352 2793 2443 2849 δον
2471 2799 2595 2870 γὰρ,
2627 2803 2803 2869 φησὶν,
2838 2800 2959 2849 Θεὸν
3008 2802 3283 2869 πρόσωπον
3338 2802 3470 2869 πρὸς
3520 2805 3785 2870 πρόσωπον·
3823 2814 3883 2845 και

2352 2884 2520 2942 ἐσώθη
2546 2888 2574 2943 ἠ
2600 2885 2775 2956 ψυχή’
2806 2908 2823 2934 ι
2859 2892 2947 2937 καὶ
2978 2886 3147 2937 πάλιν
3178 2905 3205 2935 ‹(
3231 2885 3478 2939 Ἀνέτειλε
3503 2883 3551 2938 δ’
3574 2887 3704 2957 αὖτῲ
3722 2888 3743 2937 ὁ
3762 2885 3882 2943 ἣλιος,

2352 2976 2507 3031 ἡνίκα
2536 2977 2767 3043 παρῆλθε
2794 2977 2850 3026 τὸ
2892 2972 3031 3035 εἶδος
3063 2984 3149 3027 τοῦ
3209 2984 3344 3029 Θεοῦ
3389 2992 3402 3003 ⁶

2353 3066 2553 3115 πάντων
2579 3066 2896 3136 μανθάνομεν
2928 3066 2996 3126 ὡς
3030 3065 3055 3115 ὁ
3114 3069 3394 3136 μονογενὴς
3457 3066 3570 3125 Υἱὸς
3616 3063 3752 3138 ἐφάνη
3802 3062 3887 3111 πάνυ

2357 3161 2517 3204 ταῦτα
2544 3161 2615 3222 τῷ
2647 3151 2850 3206 Ἰακώϐ.

3472 2998 3491 3024 ι
3551 2972 3640 3026 διὰ
3668 2978 3824 3026 τούτων
3846 2968 3884 3020 δε

2926 3464 3238 3511 ΕΡΩΤΗΣΙΣ
3278 3456 3387 3511 ΣΞ.

2362 3572 2475 3625 llo);
2551 3563 2833 3635 εὐλογῆσαι
2907 3569 3026 3627 τοὺς
3101 3562 3293 3625 παῖδας
3370 3567 3396 3615 ὁ

3500 3563 3678 3617 Ἰακὼϐ
3737 3564 3886 3631 λέγεται

2849 3634 2995 3696 ἕίνοις
3026 3636 3416 3709 ἐπαρασάμενος
3438 3658 3450 3702 ;

710 3737 863 3785 Edita
886 3752 917 3787 a
946 3737 1082 3786 Maio
1107 3738 1261 3799 (Nov.
1294 3737 1421 3786 Coll.
1456 3742 1491 3787 t.
1527 3740 1563 3795 Ι,
1598 3754 1647 3803 ρ.
1686 3741 1775 3787 208
1804 3743 1962 3804 seq.).
2003 3770 2061 3778 —
2093 3742 2165 3791 De
2194 3742 2371 3793 Jacobi
2404 3743 2592 3791 ultima
2618 3743 2855 3791 oratione
2890 3757 2947 3791 ac
3009 3743 3490 3792 benedictionibus.
3524 3742 3644 3791 Gen.
3672 3754 3785 3787 xm.

662 3840 711 3892 Ι.
755 3836 956 3907 Neque
1015 3835 1158 3890 dirae
1201 3852 1388 3907 neque
1430 3837 1892 3904 benedictiones,
1937 3840 2058 3895 imo
2099 3857 2239 3896 vero

582 3923 863 3979 vaticinia
876 3930 1011 3979 sunt
1026 3925 1378 3997 patriarchae
1394 3942 1704 3981 sermones
1721 3929 1987 3983 extremi.
2006 3930 2237 3993 Adeste,

581 4011 792 4085 inquit,
828 4016 889 4067 ut
937 4012 1215 4068 certiores
1269 4029 1373 4069 vos
1427 4012 1646 4068 faciam
1687 4016 1832 4087 quid
1878 4017 2086 4088 cuique
2140 4034 2240 4087 po-

583 4101 814 4157 stremis
855 4101 1221 4173 temporibus
1244 4107 1601 4158 eventurum
1617 4104 1706 4159 sit.
1736 4107 1883 4160 Tum
1910 4105 2241 4161 facinorum

582 4207 825 4263 quoque
857 4191 1145 4257 meminit,
1197 4208 1332 4264 quae
1370 4192 1643 4247 nonnulli
1675 4198 2057 4264 patraverant
2086 4212 2242 4263 ;non

584 4280 745 4353 quod
778 4287 1015 4353 patrum
1049 4280 1271 4336 scelera
1303 4282 1667 4337 vindicentur
1698 4283 1756 4337 in
1788 4283 1944 4348 ﬁliis,
1979 4284 2085 4340 sed
2108 4287 2242 4357 quia

584 4369 728 4425 diris
756 4386 824 4425 ac
847 4370 1366 4425 benedictionibus
1402 4372 1733 4429 orationem
1769 4388 1941 4428 suam
1973 4374 2052 4429 ob
2084 4390 2243 4429 com-

2424 3841 2485 3892 α’.
2524 3841 2651 3892 Οὔτε
2683 3840 2805 3914 ἀραί
2832 3841 2959 3893 εἰσιν
3017 3846 3133 3894 οὔτε
3174 3841 3404 3911 εὐλογίαι
3466 3842 3592 3893 ἀλλὰ
3638 3838 3885 3914 προρρήσεις

2354 3933 2403 3981 οἱ
2429 3930 2710 3981 τελευταῖοι
2736 3940 2825 3981 τοὺ
2862 3933 3202 4005 Πατριάρχον
3234 3931 3399 4001 λόγοι·
3450 3955 3473 3981 ι
3510 3928 3883 4002 Συνάχθητεγάργ

2352 4026 2526 4091 ρησὶν,
2575 4020 2654 4070 ἱνα
2686 4018 2970 4090 ἀναγγείλω
3009 4022 3129 4091 ὑμῖν
3185 4026 3236 4071 τί
3295 4022 3649 4079 ἀπαντήσεται
3690 4018 3788 4088 ὑμῖν
3830 4014 3883 4063 ετ

2352 4106 2580 4178 έσχάτου
2605 4116 2701 4159 τὼν
2731 4110 2949 4181 ἡμερῶν·
2982 4131 3008 4157 υ
3033 4108 3264 4179 ἐμνήσθη
3295 4105 3355 4161 δὲ
3396 4116 3486 4161 καὶ
3514 4119 3608 4161 των
3632 4106 3741 4178 παρ’
3781 4108 3881 4154 ἐνίων

2350 4202 2717 4268 γεγενημένων,
2767 4198 2859 4249 οὐκ
2903 4194 3081 4255 ἐπειδὴ
3140 4195 3291 4257 δίκας
3343 4202 3394 4250 οἱ
3452 4195 3631 4257 παῖδες
3677 4192 3882 4262 εἰσεπρίῆ⁹

2351 4305 2496 4337 τοντο
2528 4293 2625 4335 τῶν
2659 4294 2917 4357 πατρικῶν
2964 4286 3374 4360 ἁμαρτημάτων,
3426 4286 3552 4338 ἀλλὰ
3604 4281 3881 4356 cingitis?”

2354 4375 2423 4435 εἰς
2477 4373 2603 4445 ἀρὰν
2657 4381 2745 4426 καὶ
2802 4375 3033 4445 εὐλογίαν
3078 4379 3197 4436 τοὺς
3250 4376 3441 4446 λόγους
3504 4377 3571 4437 εἰς
3637 4377 3782 4429 κοινὴν
3813 4374 3879 4419 τῶν

586 4474 831 4515 munem
860 4459 1183 4529 legentium
1219 4459 1529 4515 utilitatem
1553 4462 1791 4529 ﬁgurat.
1826 4463 1954 4517 Jam
1976 4480 2114 4518 vero
2134 4467 2236 4518 Ru-

2353 4464 2712 4535 ἐντενξομένων
2771 4464 3031 4535 ὠφέλειαν.
3104 4469 3203 4517 Καὶ
3268 4473 3340 4534 τῷ
3409 4469 3502 4537 μὲν
3564 4462 3750 4532 Ῥουϐὶμ
3796 4456 3881 4507 αὖθι

584 4548 762 4605 benio
793 4548 1195 4618 arrogantiam
1222 4549 1543 4622 exprobrat
1564 4555 1619 4605 et
1640 4550 1913 4607 ferociam
1940 4553 2242 4624 patrisque

588 4638 923 4694 thalamum
941 4638 1253 4694 violatum:
1286 4644 1678 4711 posterosque
1710 4640 1837 4710 ejus
1858 4658 2079 4712 paucos
2104 4659 2243 4713 prae-

589 4728 769 4784 dicit:
806 4729 865 4784 id
915 4729 1073 4784 enim
1124 4729 1380 4784 innuunt
1414 4728 1611 4794 verba,
1658 4730 1845 4785 instar
1900 4748 2069 4803 aquae
2122 4749 2242 4788 non

590 4817 843 4885 ferveas,
879 4818 941 4873 id
992 4823 1079 4873 est
1132 4818 1209 4873 ad
1268 4818 1691 4873 fecunditatem
1742 4835 1863 4875 non
1902 4820 2237 4877 incalescas.

587 4906 867 4963 Irascitur
894 4924 1135 4981 quoque
1167 4907 1427 4963 Simeoni
1454 4914 1633 4979 atque
1670 4908 1924 4973 Levinio,
1961 4911 2241 4967 Sicimita-

591 4997 1024 5066 ruminjustam
1050 5014 1253 5053 necem
1284 4998 1636 5070 deplorans;
1664 4998 2011 5069 deprecatur
2042 5006 2240 5057 autem

593 5086 921 5155 quominus
952 5088 1202 5157 ipsemet
1242 5087 1423 5143 ullam
1459 5088 1694 5143 sceleris
1735 5088 1862 5159 ejus
1898 5089 2240 5145 societatem

594 5172 875 5242 attingat:
909 5180 1033 5230 tum
1064 5176 1690 5233 maledicitaﬂectibus
1720 5192 1924 5232 eorum
1948 5177 2239 5250 improbis

2352 4551 2531 4604 άδειαν
2574 4552 2911 4624 ἐπιμέμφεται
2948 4558 3036 4605 καὶ
3105 4556 3413 4627 θρασύτητα
3458 4560 3545 4606 καὶ
3586 4558 3667 4611 τὴν
3714 4550 3771 4608 εἰς

2352 4651 2519 4713 τρῷαν
2564 4642 2709 4699 εὐνὴν
2749 4648 3103 4714 παρανομίαν·
3166 4644 3224 4694 οὗ
3265 4640 3333 4701 δὴ
3395 4644 3599 4714 ὀλίγους
3658 4644 3785 4692 αὑτοῦ
3815 4650 3877 4701 γε·

2351 4740 2465 4802 γενῆ
2478 4732 2600 4782 σθαι
2629 4736 2747 4791 τοὺς
2776 4730 3057 4801 ἀπογόνους
3082 4732 3336 4806 προλέγει·
3391 4742 3543 4784 τοῦτο
3572 4736 3661 4804 γὰρ
3705 4722 3874 4782 δηλοῖτὲ

2354 4840 2381 4869 ‹‹
2411 4819 2493 4879 Ὠς
2524 4816 2665 4891 ὕδωρ
2695 4825 2765 4891 μὴ
2820 4822 3079 4887 ἑκζέσαις,
3104 4844 3128 4869 ν
3165 4820 3277 4873 ἀντὶ
3310 4830 3422 4886 τοῦ,
3452 4828 3535 4879 Μὴ
3561 4815 3876 4892 ἐκθερμτθθείιες

2352 4910 2417 4970 εἰς
2476 4909 2802 4981 πολυγονίαν.
2854 4918 3063 4982 Νεμεσᾷ
3118 4908 3177 4963 δε
3228 4918 3317 4963 καὶ
3374 4921 3443 4979 τῷ
3496 4916 3672 4983 aqua,
3717 4910 3785 4954 καὶ
3826 4906 3872 4963 τῷ

2354 5003 2499 5062 Λενί,
2528 5009 2624 5051 τῶν
2682 5008 2956 5072 Σικιμιτῶν
3010 5006 3094 5053 τὸν
3154 4997 3339 5053 ἄδικον
3371 5001 3575 5074 ὄλεθρον
3619 4994 3869 5069 ὀδυρομῖιοέι

2350 5093 2673 5160 καὶεῦχεται
2723 5086 2989 5162 μηδεμίαν
3044 5096 3311 5142 κοινωνίαν
3362 5091 3429 5151 εἰς
3467 5097 3558 5147 τὴν
3612 5084 3861 5157 asparagi”

2351 5182 2491 5250 ἐχειν
2530 5178 2739 5237 ἐκείνην·
2775 5177 3029 5253 ἐπαρᾶται
3071 5184 3240 5251 μέντοι
3284 5180 3378 5231 οὐκ
3411 5182 3598 5241 αὐτοῖς,
3650 5175 3754 5227 ἀλλὰ
3797 5172 3869 5219 τθῖς

666 5271 713 5305 ³⁸
747 5270 955 5327 Genes.
989 5289 1171 5342 xxxn,
1204 5276 1292 5329 29.
1318 5277 1365 5311 ’9
1398 5274 1539 5330 ibid.
1575 5278 1668 5332 28.
1707 5278 1753 5310 ³⁰
1780 5274 1921 5330 ibid.
1953 5275 2021 5330 30
2040 5283 2092 5332 et
2117 5293 2236 5348 seq.

2362 5276 2571 5332 Genes.
2607 5293 2761 5332 χιιι.
2804 5283 2821 5332 l
2852 5293 3021 5350 seqq.

2158 5376 2384 5432 NOTAE.

668 5469 781 5539 (56)
807 5469 1250 5542 Haeqqutestio,
1282 5486 1419 5542 qua:
1470 5472 1526 5528 in
1581 5472 1713 5529 cod.
1742 5472 1977 5529 Taurin.
2020 5473 2245 5529 deside-

596 5538 779 5606 ratur,
811 5556 884 5617 ex_
922 5538 1387 5617 'l‘h’eodoreto'q.
1424 5544 1490 5597 92
1543 5544 1604 5599 in
1658 5544 1871 5601 Genes.
1906 5561 1965 5617 p.
2012 5546 2113 5600 199
2143 5546 2247 5600 de-

597 5618 833 5685 sumpta
860 5612 987 5669 fuit.

683 5680 796 5759 (5'7)
846 5685 946 5740 Est
996 5680 1342 5739 Theodoreti
1388 5699 1449 5757 q.
1508 5684 1543 5739 6
1591 5684 1651 5740 in
1717 5687 1903 5744 Exod.
1955 5692 1997 5745 t.
2056 5688 2247 5747 LXXX.

2360 5477 2560 5615 ρ’ἓτίῗ
2580 5545 2719 5600 Fere
2757 5545 2940 5601 verbo
2964 5550 3134 5601 tenus
3164 5562 3231 5602 ex
3250 5546 3609 5603 Theodoreto
3634 5556 3686 5612 q.
3717 5536 3791 5593 HO
3826 5528 3862 5579 in

2361 5618 2546 5672 Genes
2583 5634 2641 5689 p.
2685 5618 2814 5674 215.
