4026 6196
200 293 349 354 1073

201 428 453 495 πονηροῖς
474 420 639 473 αὐτῶν
671 421 864 474 πάθεσι
903 424 991 473 καὶ
1020 427 1083 488 τῇ
1153 420 1277 495 ὀργῇ
1334 429 1395 493 τῇ
1450 417 1662 493 μήνιδι·
1703 419 1810 474 ἐπι·
1840 422 1884 476 Α

202 515 400 584 θυμίαν
428 507 487 564 δε
509 515 599 569 τὴν
625 509 786 584 ὀργὴν
825 509 1079 562 ἐκάλεσεν·
1130 509 1183 562 ἐκ
1221 514 1412 571 ταύτης
1449 514 1549 586 γὰρ
1604 514 1633 568 ἡ
1677 511 1806 582 ὀργὴ

199 604 302 658 τήν
349 599 688 672 ἐτυμολογίαν
737 602 850 671 ἔχει
905 614 916 626 ⁸

201 688 508 762 ἀμύνασθαι
565 692 652 742 τὸν
720 687 928 760 ἐχθρόν·

980 599 1210 672 ὀρέγεται
1248 603 1349 672 γὰρ
1395 601 1420 652 6
1476 599 1811 673 ὀργιζόμενος

1017 694 1107 742 καὶ
1165 689 1293 748 αὑτὴ
1361 686 1420 742 δε
1486 691 1515 748 ἡ
1585 695 1812 764 τιμωρία

201 778 504 854 πρόρρησις
529 775 616 838 ἦν’
655 800 682 829 ι(
727 785 983 852 Διαμεριῶ
1011 781 1113 850 γὰρ
1167 779 1356 839 αὐτούς
1397 777 1444 830 ἐν
1483 777 1688 842 Ἰακὼϐ,
1723 784 1812 830 καὶ

205 865 489 942 διασπερῶ
518 868 711 930 αὐτούς
747 867 795 920 ἐν
845 867 1076 941 Ἰσραήλ·
1113 888 1140 918 ››
1181 867 1288 919 ἀλλ’
1329 871 1358 926 ἡ
1390 875 1480 920 τοῦ
1520 872 1647 921 Λευὶ
1679 867 1808 940 φυλὴ

205 953 308 1010 διὰ
334 963 426 1016 τὴν
451 959 613 1032 ἄκραν
645 953 906 1030 διεσπάρη
940 961 1094 1028 τιμήν
1121 975 1132 986 ·
1165 959 1298 1009 ὥστε
1327 960 1429 1030 ’γὰρ
1460 957 1652 1030 ἑκάστη
1680 957 1808 1030 φυλῇ

206 1054 444 1100 συνεῖναι
476 1049 696 1107 Λευίτας
733 1051 820 1098 καὶ
869 1048 1030 1120 ἱερέας
1073 1051 1161 1097 καὶ
1209 1051 1296 1104 τὴν
1335 1046 1457 1120 παρ’
1489 1046 1657 1098 αὐτῶν
1688 1047 1810 1118 ὠφέ-

203 1134 354 1189 λειαν
406 1138 759 1208 καρποῦσθαι,
815 1134 909 1187 ούκ
955 1133 1132 1186 ἔλαϐον
1180 1132 1316 1187 ἴδιον
1357 1135 1564 1209 κλῆρον,
1611 1133 1715 1185 ἀλλ’
1766 1131 1813 1184 ἐν

206 1225 411 1298 ἑκάστη
485 1224 614 1296 φυλῇ
687 1243 816 1286 τινες
902 1223 1075 1283 αὐτοῖς
1153 1222 1548 1295 ἀπενεμήθησαν
1622 1222 1810 1283 πόλεις,

204 1319 305 1367 καὶ
337 1322 432 1375 τῆς
481 1317 792 1386 προαστείου
837 1321 939 1384 ’γῆς
987 1315 1269 1386 ὡρισμένος
1299 1319 1512 1384 πήχεων
1560 1311 1810 1386 ἀριθμός·

203 1409 303 1457 καὶ
333 1406 362 1462 ἡ
399 1412 490 1456 τοῦ
517 1407 706 1475 Σιμεὼν
739 1401 869 1475 φυλὴ
916 1402 1010 1454 ούκ
1054 1399 1165 1473 εἶχε
1194 1401 1379 1474 κλῆρον
1407 1405 1814 1474 κεχωρισμένον,

204 1492 342 1545 ἀλλὰ
371 1497 502 1546 κατά
530 1498 623 1551 τὴν
669 1499 759 1544 τοῦ
795 1493 1132 1566 πατριάρχου
1163 1490 1451 1565 πρόρρησιν
1481 1491 1672 1563 μεταξύ
1719 1498 1815 1541 τῶν

203 1584 378 1636 ἄλλων
410 1583 574 1656 φυλῶν
609 1579 642 1635 δ
649 1601 834 1655 ιεσπαρ
839 1585 1007 1654 μένον.

285 1759 367 1832 β’.
425 1767 528 1813 Τοῦ
597 1756 655 1813 δε
717 1755 896 1812 Ἰούδα
964 1758 1183 1821 πολλοὺς
1243 1762 1477 1818 ἐπαίνους
1534 1753 1806 1820 διέξεισιν,
1852 1775 1896 1828 B

211 1870 242 1902 ιι
276 1845 482 1914 Ἰούδα,
528 1852 586 1901 σε
637 1849 942 1901 αἰνέσαισαν
994 1850 1043 1900 οἱ
1098 1844 1311 1920 ἀδελφοί
1365 1866 1479 1898 σουο
1543 1848 1596 1897 αἱ
1642 1849 1816 1917 χεῖρές

209 1958 316 1992 σου
362 1938 445 1990 ἐπὶ
489 1944 651 1990 νώτου
705 1946 804 1989 τῶν
850 1937 1054 2011 ἐχθρῶν
1103 1956 1196 1990 σου
1227 1954 1240 1967 ο
1274 1940 1703 2010 προσχωρήσουσι
1735 1953 1819 1986 σοι

206 2031 260 2082 οἱ
305 2030 412 2081 υἱοὶ
456 2036 546 2080 τοῦ
597 2033 792 2102 πατρός
847 2047 976 2079 σου·
1028 2029 1252 2094 σκύμνος
1289 2025 1488 2086 λέοντος
1525 2021 1723 2089 Ἰούδα,
1764 2023 1818 2074 ἐκ

209 2117 479 2191 βλαστοῦ,
525 2119 604 2169 υἱέ
647 2136 770 2189 μου,
816 2115 1020 2178 ἀνέϐης.
1053 2139 1081 2168 ››
1112 2115 1266 2168 Ἀλλὰ
1307 2117 1500 2167 τούτων
1545 2111 1694 2166 οὐδὲν
1748 2120 1818 2183 τῷ

212 2203 400 2262 Ἰούδα
457 2207 722 2278 ἁρμόττει,
779 2205 908 2258 ἀλλὰ
983 2213 1042 2277 τῇ
1114 2204 1168 2256 ἐκ
1221 2207 1404 2257 τούτου
1463 2201 1814 2276 βλαστησάση

209 2296 347 2368 φυλῇ
387 2313 398 2324 ⁸
461 2293 714 2367 βασιλικὴ
783 2297 882 2366 γὰρ
947 2291 1007 2352 ἦν
1084 2294 1240 2358 αὕτη,
1312 2299 1517 2363 πρώτου
1582 2296 1672 2364 μὲν
1728 2299 1820 2343 τοῦ

210 2381 388 2438 Δαϐὶδ
434 2382 863 2456 βασιλεύσαντος,
899 2379 1009 2435 εἶτα
1051 2391 1150 2434 τῶν
1195 2381 1246 2444 ἐξ
1276 2381 1487 2445 ἐκείνου,
1521 2385 1609 2432 καὶ
1640 2388 1819 2432 πασῶν

211 2471 275 2526 δε
322 2483 421 2525 τῶν
467 2472 630 2525 ἄλλων
673 2471 839 2544 φυλῶν
881 2469 942 2529 ἦν
990 2468 1364 2529 δυνατωτάτη’
1395 2475 1483 2522 καὶ
1519 2473 1617 2544 γὰρ
1667 2471 1821 2527 ἡνίκα

213 2559 388 2616 Δαϐἰδ
441 2563 466 2613 6
519 2560 768 2634 βασιλεὺς
825 2559 1180 2633 ἀριθμηθῆναι
1224 2559 1507 2632 προσέταξε
1548 2562 1631 2611 τὸν
1676 2557 1817 2622 λαόν,

209 2656 555 2726 τετρακοσίας
583 2649 841 2722 χιλιάδας
886 2658 978 2702 τοῦ
1025 2645 1200 2702 Ἰούδα
1238 2649 1370 2722 εὗρε,
1417 2656 1510 2700 τῶν
1552 2643 1609 2700 δὲ
1658 2646 1820 2698 ἄλλων

213 2741 388 2815 φυλῶν
440 2739 800 2801 ἐννεακοσίας·
835 2743 924 2791 καὶ
979 2743 1155 2810 μέντοι
1210 2736 1304 2789 κάν
1354 2745 1415 2811 τῇ
1475 2736 1647 2810 ἐρήμῳ
1705 2737 1822 2809 αρι-

215 2832 520 2903 θμηθέντες,
557 2829 764 2889 πλείους
812 2831 1060 2900 ὤφθησαν
1116 2836 1212 2879 τῶν
1252 2826 1416 2878 ἄλλων
1455 2826 1622 2898 φυλῶν
1645 2841 1658 2855 ’
1695 2824 1822 2878 ἀλλὰ

211 2924 273 2972 τό
330 2917 533 2993 ἀκριϐες
584 2928 680 2980 τῆς,
726 2917 1059 2993 προρρήσεως
1102 2921 1196 2975 τὴν
1249 2915 1463 2969 ἔκϐασιν
1516 2913 1690 2967 ἔλαϐεν
1738 2914 1820 2967 ἐπὶ

213 3016 313 3062 τοῦ
345 3014 604 3061 Δεσπότου
651 3015 906 3082 Χριστοῦ,
948 3006 999 3067 6;
1030 3005 1084 3058 ἐκ
1117 3005 1351 3078 βλαστοῦ
1383 3001 1560 3058 Ἰούδα
1606 3002 1821 3055 ἀνέτειλε

211 3099 353 3149 κατὰ
396 3100 482 3149 τὸν
530 3099 869 3171 πατριάρχην
917 3095 1126 3159 Ἰακὼϐ,
1167 3100 1255 3147 καὶ
1301 3097 1437 3146 κατὰ
1489 3097 1572 3146 τόν
1625 3097 1821 3165 προφή-
1852 3129 1892 3185 C

215 3205 316 3243 την
341 3185 560 3238 Ἡσαῖαν
585 3206 598 3217 ·
630 3209 650 3235 ε
680 3185 888 3248 Ἐξῆλθε
917 3181 1110 3260 ῥάϐδος
1141 3184 1198 3236 ἐκ
1225 3192 1320 3244 τῆς
1347 3185 1500 3258 ῥίζης
1524 3184 1705 3247 Ἰεσαὶ,
1733 3187 1822 3233 καὶ

215 3276 374 3336 ἄνθος
405 3273 460 3326 ἐκ
496 3283 590 3336 τῆς
627 3275 784 3349 ῥίζης
823 3273 976 3332 ἀνέϐη
1003 3293 1015 3306 ·
1040 3295 1067 3324 »
1101 3274 1241 3344 αύτῷ
1263 3269 1322 3325 δε
1347 3278 1436 3325 καὶ
1461 3276 1518 3324 τὸ
1551 3295 1578 3322 ‹‹
1612 3272 1823 3324 Ἀναπε-

217 3371 327 3417 σὼν
384 3367 448 3424 ὡς
504 3363 626 3416 λέων
675 3365 956 3436 ἐκοιμήθη,
1011 3363 1278 3436 ἁρμόττει,
1329 3367 1418 3414 καὶ
1475 3364 1539 3422 ὡς
1597 3363 1823 3432 σκύμνος

213 3453 414 3513 λέοντος
435 3470 446 3482 ·
480 3474 507 3502 »
537 3455 710 3527 ὥσπερ
740 3456 841 3526 γὰρ
875 3454 901 3505 ό
948 3453 1071 3505 Μῶν
1118 3448 1387 3505 καθεύδων
1437 3449 1549 3503 ἐστὶ
1593 3448 1820 3524 φοϐερὸς,

214 3544 380 3602 οῦτως
423 3543 448 3594 6
483 3546 797 3603 Δεσποτικός
846 3544 1064 3604 θάνατος
1110 3547 1200 3594 καὶ
1253 3549 1324 3611 τῷ
1373 3542 1573 3611 θανάτῳ
1616 3544 1706 3592 καὶ
1753 3547 1826 3609 τῷ

214 3629 448 3703 διαϐόλῳ
503 3636 774 3703 γεγένηται
803 3651 814 3662 ·
863 3631 1041 3684 λέοντα
1095 3633 1195 3702 γὰρ
1251 3629 1406 3682 αὑτὸν
1456 3634 1545 3681 καὶ
1599 3630 1824 3700 σκύμνον

212 3721 411 3780 λέοντος
455 3719 696 3778 κέκληκεν
744 3723 814 3782 ὡς
860 3719 1082 3772 Βασιλέα
1123 3723 1212 3771 καὶ
1258 3717 1512 3778 Βασιλέως
1555 3720 1694 3782 Υἱόν,
1735 3721 1824 3768 καὶ

213 3813 348 3862 Θεὸν
375 3813 464 3862 καὶ
495 3817 627 3862 Θεοῦ
659 3812 776 3862 Υὶόν
806 3827 818 3839 ·
851 3814 941 3862 καὶ
972 3811 1104 3861 κατά
1147 3812 1204 3860 τὸ
1256 3807 1572 3882 ἀνθρώπινον
1598 3823 1608 3836 ·
1645 3805 1699 3857 ἐκ
1737 3813 1826 3857 τοῦ

213 3893 386 3951 Δαϐἱδ
416 3901 517 3970 γὰρ
558 3897 864 3956 ἐϐλάστησε·
916 3902 1004 3949 καὶ
1050 3900 1118 3958 ὡς
1167 3899 1290 3958 Θεὸς
1342 3899 1440 3968 πρὸ
1489 3904 1588 3946 τῶν
1633 3895 1827 3946 αἰωνων

213 3986 272 4038 ἐκ
305 3994 394 4038 τοῦ
427 3990 628 4060 Πατρός
657 3985 924 4058 ἐγεννήθηο
964 3991 1054 4038 καὶ
1084 3989 1162 4050 τὸ,
1199 4004 1226 4036 ‹(
1258 3989 1348 4046 Τίς
1379 3985 1544 4058 ἐγερεῖ
1573 3983 1728 4034 αὐτόν
1755 3999 1768 4048 ;
1796 4003 1822 4034 ))

214 4080 308 4134 τὴν
353 4077 548 4147 ἄφατον
575 4075 734 4128 αὑτοῦ
765 4072 1000 4128 δείκνυσι
1033 4071 1255 4146 δύναμιν
1285 4094 1297 4105 -
1332 4073 1489 4135 αὐτὸς
1516 4075 1616 4145 γὰρ
1646 4071 1828 4123 ἑαυτὸν

215 4163 475 4223 ἀνέστησε
513 4168 650 4218 κατα
695 4169 788 4224 τὴν
839 4164 996 4217 αὐτοῦ
1047 4163 1356 4238 πρόρρησιν·
1411 4183 1439 4213 (ι
1485 4164 1693 4214 Λύσατε
1741 4163 1827 4212 τὸν

212 4257 338 4306 ναόν
363 4262 566 4320 τοῦτον,
596 4275 623 4306 ››
655 4260 744 4307 καὶ
773 4254 859 4316 ἐξῆ
873 4275 914 4315 ς.

288 4364 321 4415 7
347 4387 357 4398 .

213 4438 419 4506 καιρόν’
444 4453 471 4485 ιι
501 4433 612 4486 Ούκ
635 4432 856 4503 ἐκλείψει
884 4436 985 4505 γὰρ
1016 4435 1198 4506 ἄρχων
1221 4430 1272 4494 ἐξ
1294 4428 1487 4490 Ἰούδα,
1517 4451 1542 4480 ››
1577 4435 1665 4483 καὶ
1687 4430 1770 4492 ἐξῆ
1784 4450 1822 4491 ς’

218 4529 437 4593 σημεῖον
491 4525 593 4594 γὰρ
641 4530 794 4574 τοῦτο
855 4531 949 4582 τῆς
981 4530 1072 4573 τοῦ
1129 4526 1322 4594 Κυρίου
1375 4525 1668 4594 παρουσίας
1733 4539 1830 4571 σα-

418 4349 760 4419 Ιιροαγορεύει
811 4341 870 4396 δὲ
912 4349 999 4395 καὶ
1044 4351 1133 4403 τῆς
1189 4342 1486 4413 ἐπιφανείας
1533 4341 1693 4393 αὐτοῦ
1741 4343 1827 4392 τὸν

1866 4487 1908 4540 Ι)

216 4615 495 4682 φέστατον·
545 4611 770 4680 ἐξέλιπον
817 4614 920 4685 γὰρ
970 4620 1069 4663 τῶν
1113 4607 1380 4662 Ἰουδαίων
1430 4610 1534 4682 οὐχ
1579 4612 1626 4661 οἱ
1673 4609 1828 4681 βασι-

213 4700 322 4761 λεῖς
368 4704 523 4772 μόνον
572 4699 701 4752 ἀλλὰ
745 4706 834 4752 καὶ
893 4703 942 4752 οἱ
991 4698 1258 4774 ἀρχιερεῖς
1299 4705 1388 4751 καὶ⁹
1438 4702 1485 4751 οἱ
1524 4708 1824 4772 προφῆται⁵

216 4796 312 4842 τοῦ
356 4791 461 4862 ’γὰρ
517 4797 752 4863 Σωτῆρος
813 4792 957 4861 ἡμῶν
1009 4789 1273 4860 μέλλοντος
1330 4791 1618 4853 τίκτεσθαι,
1687 4787 1826 4841 ἀλλό-

217 4877 369 4950 φυλοι
422 4878 590 4930 αὐτῶν
639 4877 933 4952 ἐκράτησαν
974 4876 1226 4950 βασιλεῖς,
1271 4877 1351 4929 ἵνα
1400 4879 1424 4928 6
1473 4877 1678 4938 αἰώνιος
1726 4873 1829 4929 δει-

217 4969 328 5039 χθῇ
381 4967 626 5030 Βασιλεύς
671 4969 699 5025 ἡ
752 4976 850 5019 τῶν
899 4966 1052 5019 ἐθνῶν
1102 4963 1435 5040 προσδοκία’
1473 4971 1562 5017 καὶ
1608 4968 1708 5039 γὰρ
1740 4973 1829 5018 καὶ

218 5065 293 5128 τῷ
334 5055 580 5130 Ἀϐραὰμ
623 5062 712 5109 καὶ
761 5065 832 5127 τῷ
875 5059 1059 5110 Ἰσαακ
1097 5062 1186 5108 καὶ
1236 5064 1306 5125 τῷ
1339 5055 1528 5108 Ἰακὼϐ
1566 5057 1829 5126 ὑπέσχετο

218 5147 244 5197 6
315 5149 446 5207 Θεὸς
522 5145 570 5198 ἐν
627 5155 699 5216 τῷ
759 5151 1016 5219 σπέρματι
1082 5145 1249 5196 αὐτῶν
1308 5145 1605 5214 εὐλογήσειν
1666 5147 1831 5197 πάντα

218 5237 288 5286 τὰ
313 5236 435 5292 ἔθνη
479 5245 574 5296 τῆς
614 5244 716 5306 γῆς
741 5255 754 5268 ο
790 5243 940 5288 τοῦτο
985 5231 1044 5288 δε
1072 5239 1160 5286 καὶ
1192 5236 1412 5286 ἐνταῦθα
1455 5231 1772 5307 παραδηλῶν
1805 5237 1829 5286 6

220 5323 435 5388 Ἰακὼϐ,
470 5331 619 5397 φησί·
656 5348 682 5374 ‹‹
715 5325 825 5378 Ούκ
865 5325 1086 5395 ἐκλείψει
1112 5326 1316 5398 ἄρχων,
1354 5345 1380 5376 ››
1408 5328 1496 5375 καὶ
1528 5323 1643 5386 ἑξῆς
1669 5342 1679 5352 ⁸
1714 5325 1826 5386 ἕως,

216 5435 247 5467 ιι
285 5419 390 5468 Καὶ
412 5415 564 5477 αὐτὸς
584 5412 884 5491 προσδοκία
904 5415 1075 5468 ἐθνῶν
1099 5436 1126 5466 »
1151 5419 1240 5467 καὶ
1269 5410 1538 5468 Ἰουδαίων
1562 5416 1831 5466 συστάντα

1131 295 1230 349 ΑΙ)
1269 293 1826 366 AMPHILOCHIUM
1865 292 2190 363 QUAESTIO
2230 295 2462 362 CCLIX,
2488 295 2692 353 CCLX.

3436 298 3577 354 4071

1920 421 2144 493 iraeque
2163 421 2738 495 vindici.thuidem
2751 421 3091 494 cupiditatis
3103 421 3346 481 nomine
3358 439 3580 481 excan-

1917 511 2283 566 descentiam
2316 512 2572 583 appellat
2606 528 2618 566 :
2655 511 2815 568 illinc
2865 511 3092 584 quippe
3121 511 3358 568 ducitur
3405 529 3580 572 voca-

1917 599 2039 656 buli
2055 601 2548 657 excandescentia
2567 601 2715 658 ratio
2735 617 2747 665 ;
2768 600 2933 656 ardet
2951 602 3110 655 enim
3137 603 3578 659 excandescens

1919 689 2225 745 inimicum
2270 689 2591 745 ulciscendi
2639 689 2976 761 cupiditate.
3035 692 3223 761 Atque
3269 691 3394 746 haec
3447 692 3578 762 ipsa

1921 777 2066 834 ultio
2105 779 2450 834 vaticinium
2480 786 2624 835 erat.
2649 799 2672 829 α
2703 779 2974 834 Dividam
3006 780 3229 850 quippe
3275 796 3376 835 eos
3405 781 3463 836 in
3483 783 3579 838 Ja-

1921 867 2055 933 cob,
2093 868 2431 939 dispergam
2468 868 2527 923 in
2574 868 2773 924 Israel.
2809 888 2836 920 »
2868 871 3092 940 Reapse
3125 874 3322 924 tamen
3358 871 3577 927 Levinii

1922 957 2111 1012 tribus
2143 959 2361 1014 summi
2395 957 2641 1014 honoris
2673 959 2863 1027 gratia
2902 957 3170 1029 dispersa
3214 958 3318 1013 fuit
3352 975 3363 1015 :
3407 975 3576 1017 nam-

1920 1060 2040 1116 que
2062 1053 2122 1100 ut
2144 1047 2203 1101 in
2226 1046 2478 1115 singulis
2504 1046 2774 1102 tribubus
2815 1046 3028 1101 Levites
3056 1053 3248 1102 essent
3275 1063 3346 1102 ac
3387 1063 3579 1104 sacer-

1923 1133 2111 1200 dotes,
2138 1135 2528 1207 indidemque
2584 1135 2894 1190 utilitatem
2947 1135 3316 1205 perciperent
3345 1139 3416 1204 ⁸1,
3454 1153 3576 1194 non

1923 1228 2012 1279 est
2049 1223 2160 1278 illis
2191 1225 2494 1293 assignata
2521 1223 2842 1296 peculiaris
2868 1223 3184 1294 possessio,
3221 1226 3326 1281 sed
3358 1226 3419 1282 in
3435 1242 3580 1283 una-

1923 1328 2160 1384 quaque
2185 1313 2342 1369 tribu
2367 1313 2646 1384 quaedam
2670 1313 2849 1368 urbes
2872 1314 3169 1370 attributas
3199 1329 3336 1369 cum
3365 1315 3580 1371 subur-

1923 1401 2069 1457 bani
2102 1401 2212 1457 soli
2241 1401 2487 1458 deﬁnito
2515 1402 2854 1458 cubitorum
2897 1418 3170 1458 numero.
3205 1405 3346 1459 Tum
3395 1421 3463 1459 ne
3497 1406 3578 1462 Si-

1925 1493 2155 1546 meonis
2184 1490 2429 1563 quidem
2453 1491 2635 1547 tribus
2667 1492 2974 1563 proprium
3004 1507 3217 1561 agrum
3243 1492 3452 1548 sortita
3466 1499 3577 1559 est,

1927 1579 2035 1634 sed
2075 1583 2139 1633 ut
2203 1579 2544 1651 patriarcha
2599 1580 2966 1651 praadixerat,
2997 1580 3147 1635 inter
3178 1579 3326 1636 alias
3389 1579 3576 1636 tribus

1924 1667 2203 1739 dispersa
2229 1670 2298 1723 ".

1997 1759 2190 1826 2.Age
2203 1773 2339 1813 vero
2363 1757 2527 1814 Iuda:
2541 1757 2832 1829 plurimas
2845 1757 3055 1814 laudes
3076 1757 3300 1813 recitat.
3336 1779 3364 1807 «
3395 1759 3422 1813 J
3433 1757 3574 1823 uda,

1924 1845 2172 1902 laudent
2221 1852 2272 1902 te
2312 1847 2518 1902 fratres
2564 1848 2686 1912 tui;
2719 1863 2938 1902 manus
2987 1852 3104 1902 tute
3145 1846 3206 1902 in
3251 1848 3576 1904 cervicibus

1926 1936 2187 1992 hostium
2208 1940 2448 1992 tuorum
2469 1953 2482 2002 ;
2505 1936 2608 1991 ﬁlii
2632 1937 2819 2007 patris
2847 1936 2928 1991 tui
2955 1935 3206 1992 adorent
3232 1941 3303 1992 te.
3330 1937 3576 1993 Catulus

1926 2025 2114 2081 leonis
2133 2025 2320 2080 Judas
2344 2043 2356 2093 ;
2377 2041 2447 2080 ex
2475 2026 2763 2094 germine,
2783 2025 2866 2081 ﬁli
2890 2026 2991 2091 mi,
3011 2025 3320 2080 ascendas.
3343 2046 3370 2076 »
3396 2025 3575 2098 Atqui

1927 2114 2074 2172 nihil
2096 2114 2314 2170 horum
2343 2113 2510 2170 Iudas
2536 2115 2829 2184 congruit,
2855 2114 2957 2170 sed
2983 2119 3128 2170 orta:
3151 2130 3220 2170 ex
3262 2130 3334 2169 eo
3373 2114 3572 2180 tribui,

1926 2221 2062 2278 qum
2113 2203 2327 2276 regalis
2383 2203 2590 2267 evasit,
2652 2203 2838 2259 David
2899 2218 3037 2273 rege
3085 2204 3298 2273 primo,
3365 2203 3577 2259 deinde

1926 2294 2178 2366 posteris
2196 2293 2344 2365 ejus.
2385 2294 2520 2349 Hinc
2541 2293 2817 2349 omnium
2858 2293 3120 2348 tribuum
3161 2293 3581 2349 Potentissima

1927 2385 2075 2441 fuit:
2111 2399 2252 2440 nam
2284 2389 2343 2439 et
2381 2399 2519 2438 eum
2555 2398 2654 2439 rex
2702 2381 2891 2438 David
2931 2383 3230 2438 numerari
3287 2381 3579 2454 populum

1921 2472 2117 2546 jussit,
2150 2472 2590 2544 quadringenta
2625 2471 2809 2527 millia
2847 2470 3194 2526 Judteorum
3221 2471 3437 2542 reperit
3466 2493 3477 2534 ;
3511 2485 3583 2525 ex

1927 2563 2056 2619 aliis
2096 2578 2237 2617 vero
2288 2561 2550 2616 cunctim
2591 2560 2866 2616 tribubus
2930 2564 3236 2630 nongenta
3291 2559 3472 2615 millia
3512 2561 3580 2610 ³⁸.

1931 2653 2058 2708 Imo
2085 2656 2142 2707 et
2184 2650 2244 2706 in
2296 2651 2532 2706 deserto
2581 2665 2720 2706 cum
2775 2665 2990 2705 census
3028 2652 3325 2717 ageretur,
3385 2648 3586 2720 plures

1927 2740 2117 2796 Judaei
2145 2739 2369 2795 caeteris
2396 2737 2674 2793 tribubus
2699 2737 2988 2809 comperti
3011 2742 3169 2792 sunt.
3203 2735 3471 2792 Vaticinii
3503 2741 3582 2790 ta-

1931 2845 2060 2884 men
2107 2834 2380 2885 accurata
2439 2827 2588 2883 ratio
2629 2832 2807 2882 nacta
2844 2831 2930 2882 est
2969 2827 3194 2882 exitum
3235 2825 3295 2880 in
3355 2823 3583 2880 Christo

1929 2917 2204 2982 Domino,
2227 2917 2330 2988 qui
2355 2917 2428 2972 de
2444 2915 2611 2970 Iudae
2633 2915 2898 2984 germine
2919 2914 3179 2978 emersit,
3211 2917 3386 2984 prout
3411 2912 3584 2968 Jaco-

1928 3008 2044 3063 bus
2082 3005 2420 3080 patriarcha
2445 3011 2502 3061 et
2539 3006 2726 3061 Isaias
2758 3005 3045 3076 propheta
3081 3001 3532 3070 afﬁrmaverunt
3565 3018 3577 3055 :

1932 3097 2079 3152 Exiit
2098 3096 2265 3165 virga
2283 3095 2352 3149 de
2369 3093 2569 3150 radice
2595 3094 2821 3158 Jesstei,
2846 3099 2904 3149 et
2924 3093 3034 3148 ﬂos
3059 3092 3135 3148 de
3155 3091 3350 3147 radice
3377 3105 3581 3146 ascen-

1930 3187 2035 3242 dit.
2086 3185 2314 3241 Christo
2372 3189 2652 3256 prteterea
2684 3184 2868 3239 verba
2915 3185 3273 3252 congruunt,
3320 3203 3341 3230 ι
3386 3180 3458 3237 Ut
3495 3180 3586 3238 leo

1931 3275 2336 3349 procumbens
2379 3273 2600 3345 quievit
2638 3277 2701 3328 ut
2751 3272 2939 3328 leonis
3000 3271 3232 3328 catulus
3258 3272 3325 3324 ³⁴.
3370 3291 3397 3322 ››
3437 3273 3585 3326 Nam

1932 3364 2100 3421 sicuti
2135 3364 2226 3419 leo
2265 3364 2492 3419 cubans
2534 3361 2803 3417 terribilis
2841 3365 2946 3426 est,
2977 3361 3058 3416 ita
3084 3375 3246 3416 mors
3277 3358 3587 3416 Dominica

1934 3452 2108 3509 morti
2139 3469 2210 3508 ac
2248 3451 2488 3508 diabolo
2528 3451 2731 3506 terrori
2763 3450 2894 3506 fuit.
2933 3453 3184 3506 Leonem
3209 3449 3405 3521 ipsum
3428 3452 3592 3504 catu-

1932 3542 2180 3613 lumque
2217 3541 2407 3597 leonis
2438 3539 2720 3612 appellat,
2751 3554 2968 3611 nempe
2994 3543 3058 3593 ut
3086 3553 3286 3610 regem
3315 3538 3592 3610 regisque

1935 3631 2146 3696 ﬁlium,
2182 3633 2489 3702 Deumque
2521 3629 2617 3684 Dei
2649 3629 2880 3684 Filium.
2907 3629 3133 3684 Etenim
3171 3633 3233 3681 ut
3259 3627 3460 3690 homo,
3487 3627 3595 3682 Da-

1937 3720 2070 3777 vide
2107 3726 2272 3776 ortus
2294 3725 2422 3785 est;
2450 3725 2511 3774 ut
2546 3719 2723 3784 Deus,
2755 3723 2892 3774 ante
2923 3716 3144 3772 saecula
3177 3732 3212 3772 a
3235 3719 3398 3772 Patre
3429 3716 3596 3784 geni-

1939 3811 2196 3866 tus.Jam
2208 3809 2392 3866 verba
2407 3831 2434 3858 «
2451 3807 2592 3874 Quis
2611 3806 3135 3867 suscitabiteum.»
3152 3805 3449 3861 maximas
3462 3805 3593 3874 ejus

1940 3900 2090 3955 vires
2102 3901 2511 3955 demonstrant
2542 3914 2556 3950 :
2589 3895 2714 3968 ipse
2731 3896 2892 3952 enim
2910 3900 3096 3952 semet
3116 3899 3287 3966 prout
3311 3893 3596 3965 praedixe-

1937 3994 2028 4044 rat
2092 3986 2522 4044 exsuscitavit:
2564 4007 2593 4037 «
2653 3983 2870 4042 Solvite
2911 3984 3201 4056 templum
3253 3983 3368 4038 hoc
3404 3998 3417 4048 ;
3461 4002 3489 4032 »
3539 3986 3594 4036 et

1938 4076 2185 4148 reliqua.

2013 4345 2063 4398 3.
2107 4341 2296 4410 Pergit
2336 4345 2573 4411 tempus
2591 4339 2770 4396 etiam
2803 4339 3142 4412 praedicere,
3170 4354 3293 4410 quo
3331 4338 3431 4395 ille
3456 4346 3597 4396 ven-

1943 4437 2106 4488 turus
2136 4438 2260 4487 erat
2288 4447 2302 4485 :
2339 4450 2366 4482 «
2399 4432 2524 4486 Non
2565 4428 2801 4484 deﬁciet
2829 4429 3108 4501 princeps
3138 4444 3207 4483 ex
3244 4427 3396 4488 Juda
3437 4445 3451 4493 ;
3483 4451 3511 4478 »
3542 4434 3598 4485 et

1938 4521 2189 4594 reliqua.
2215 4521 2343 4578 Hoc
2375 4517 2535 4575 enim
2567 4517 2857 4574 indicium
2896 4517 3002 4573 fuit
3036 4515 3248 4574 Christi
3291 4517 3599 4587 praesentis

1938 4609 2484 4683 exploratissimum
2505 4631 2516 4663 :
2541 4623 2803 4680 namque
2826 4607 2988 4679 apud
3008 4607 3244 4662 Iudaeos
3260 4605 3600 4662 defecerant

1938 4717 2060 4758 non
2073 4715 2244 4769 reges
2271 4697 2714 4765 tantummodo,
2736 4696 2842 4752 sed
2872 4697 3051 4751 etiam
3079 4694 3388 4766 pontiﬁces
3415 4699 3597 4768 atque

1942 4790 2263 4862 propheta.
2300 4787 2525 4843 Etenim
2551 4785 2874 4842 Servatoris
2899 4784 3085 4840 nostri
3105 4785 3360 4839 instante
3393 4784 3597 4839 nativi-

1939 4885 2076 4945 tate,
2119 4877 2469 4948 alienigenas
2498 4891 2666 4946 reges
2682 4873 3172 4936 dominabantur.
3212 4878 3394 4928 utrex
3432 4877 3599 4930 aster-

1939 4984 2053 5024 nus
2094 4965 2593 5028 manifestaretur,
2637 4963 2901 5034 gentium
2961 4961 3318 5033 expectatio.
3364 4961 3515 5017 Nam
3543 4967 3599 5018 et

1941 5056 2288 5113 Abrahamo
2313 5054 2584 5110 etlsaaco
2611 5060 2664 5108 et
2693 5052 2916 5108 Jaeobo
2949 5051 3306 5122 promiserat
3333 5051 3507 5116 Deus,
3537 5050 3598 5106 in

1942 5145 2167 5202 semine
2203 5159 2414 5199 eorum
2462 5141 2910 5197 benedicturum
2952 5155 3017 5195 se
3058 5143 3263 5209 gentes
3306 5145 3497 5196 terrae.
3533 5139 3598 5194 Id

1942 5234 2145 5306 ipsum
2176 5232 2290 5288 hoc
2307 5231 2440 5288 loco
2461 5229 2776 5285 declarans
2795 5229 3058 5285 Jacobus
3079 5229 3194 5285 ait:
3225 5251 3254 5279 ‹‹
3288 5231 3415 5285 Non
3455 5229 3598 5285 deﬁ-

1940 5322 2343 5394 cietprinceps
2362 5338 2377 5386 ;
2394 5340 2422 5373 »
2445 5325 2502 5375 et
2520 5319 2975 5393 reliqua,~usque
2991 5318 3071 5375 ad
3089 5318 3302 5374 verba:
3329 5340 3357 5368 «
3387 5321 3451 5374 Et
3467 5319 3596 5390 ipse

1940 5411 2046 5469 erit
2073 5409 2436 5482 exspectatio
2459 5407 2758 5479 gentium:
2798 5429 2826 5456 »
2847 5408 3254 5481 populumque
3274 5406 3589 5464 Iudaicum

295 5569 338 5602 ³¹
402 5567 577 5622 Num.
632 5584 812 5637 xxxv,
844 5571 894 5622 4.
955 5569 1001 5602 ³²
1029 5567 1150 5623 Jos.
1219 5581 1340 5632 xix,
1389 5568 1442 5622 9.
1494 5565 1593 5620 ³³1
1655 5565 1839 5622 Paral.

1932 5581 2020 5633 .xr,
2081 5568 2158 5633 5;
2219 5565 2383 5620 Num.
2441 5581 2480 5628 ι,
2526 5563 2612 5621 27.
2674 5563 2859 5618 "Isa.
2909 5566 3075 5634 x1,7.
3126 5563 3171 5596 ³³
3205 5563 3375 5619 Joan.
3410 5573 3466 5625 ιι,
3497 5556 3587 5612 19.

213 5658 264 5693 ³⁸
292 5655 507 5713 Genes.
538 5673 687 5726 χιιι,
719 5659 804 5714 10.
