4076 6202
461 286 603 343 4075

1665 287 1905 344 PHOTII
1946 286 2433 346 PATBIARCHE
2470 289 2586 348 CP.

3696 272 3841 345 407's

449 413 797 471 constituet.
821 412 1107 484 Alligans,
1130 415 1343 487 inquit,
1365 416 1470 471 viti
1491 414 1725 471 asinam
1758 429 1952 484 suam,
1973 413 2109 469 vitis

2221 413 2359 466 λαόν.
2391 435 2416 465 ι(
2451 417 2716 485 Δεσμεύων
2748 416 2879 488 πρὸς
2927 412 3152 486 ἄμπελον
3186 417 3279 472 τὴν
3309 417 3421 467 ὄνον
3457 414 3646 481 αὐτοῦ,
3680 421 3838 487 φησὶ,

460 518 633 559 ramo
647 502 879 574 pullum
899 503 1081 559 asinae
1101 520 1244 559 suae.
1262 504 1431 569 Quod
1445 504 1688 575 quidem
1710 503 1837 559 vitis
1869 502 2109 558 nomine

460 592 773 647 denotetur
809 591 1005 657 lsrael,
1056 593 1277 664 passim
1305 593 1610 664 prophetae
1635 591 1871 648 docent.
1902 591 2109 663 Utique

461 680 649 736 David
678 681 798 737 ait:
838 702 861 730 «
918 682 1161 736 Vineam
1193 697 1265 736 ex
1314 684 1568 753 Egypto
1608 680 1957 737 transtulisti
1975 682 2044 734 ⁸⁷.
2082 702 2105 731 ι)

462 769 613 825 Tum
658 768 947 825 Dominus
1006 769 1065 825 in
1124 770 1456 839 Evangeliis
1489 792 1502 825 ι
1536 789 1563 821 ‹‹
1620 770 1807 825 Homo
1861 769 2110 841 quidam

459 856 700 913 vineam
739 857 1034 929 plantavit
1063 858 1130 913 ³⁸.
1194 878 1221 910 »
1281 859 1511 914 Pullum
1552 858 1695 913 dicit
1740 857 2110 913 ethnicorum

463 946 778 1019 populum,
813 953 1015 1019 utpote
1046 948 1243 1003 adhuc
1282 947 1600 1003 indocilem
1622 952 1679 1003 et
1698 946 1988 1003 domitore
2020 962 2113 1001 ca-

463 1038 712 1091 rentem.
756 1037 872 1091 Hoc
919 1037 1045 1108 ipse
1079 1036 1362 1092 Dominus
1394 1037 1603 1100 innuit,
1634 1052 1773 1092 cum
1806 1034 2114 1091 mandavit

465 1124 775 1197 discipulis
802 1129 864 1181 ut
881 1125 940 1180 in
967 1126 1287 1181 adversum
1312 1125 1618 1182 castellum
1635 1125 1805 1191 irent,
1832 1124 2115 1179 vinctam-

464 1228 583 1286 que
612 1213 879 1270 assinam
901 1214 1193 1270 solverent
1218 1230 1355 1270 cum
1382 1215 1548 1286 pullo
1570 1216 1716 1285 ejus,
1741 1230 1919 1285 quem
1938 1227 2115 1268 nemo

465 1302 686 1368 adhuc,
714 1302 926 1375 inquit.
954 1302 1254 1359 insederat
1275 1304 1342 1358 ⁸⁸.
1368 1307 1514 1360 Nam
1534 1318 1726 1376 neque
1752 1302 2112 1374 patriarcha,

464 1405 658 1464 neque
672 1391 1198 1464 legislator,neque
1218 1394 1510 1465 propheta
1529 1393 1735 1449 salutis
1746 1392 2117 1448 ethnicorum

464 1496 671 1537 curam
689 1488 1013 1550 gesserant.
1044 1482 1163 1537 Divi
1182 1489 1381 1538 autem
1404 1482 1658 1554 apostoli
1677 1480 1906 1538 erudire
1929 1480 2119 1535 ethni-

462 1585 567 1626 cos
592 1570 746 1641 jussi
776 1571 1081 1626 solverunt
1112 1571 1367 1635 asinam,
1402 1571 1461 1626 id
1498 1576 1587 1626 est
1610 1570 1928 1627 hominum
1954 1575 2119 1624 natu-

2219 509 2307 555 καὶ
2347 513 2407 575 τῇ
2442 504 2572 556 ἕλικι
2603 511 2693 564 τῆς
2737 502 2964 575 ἀμπελου
2996 506 3082 555 τὸν
3114 503 3281 555 πῶλον
3311 512 3406 565 τῆς
3438 508 3554 556 ὄνου
3583 505 3774 557 αὐτοῦ’
3807 522 3841 561 ι

2220 594 2296 644 ὃτι
2354 590 2412 645 δὲ
2470 592 2698 664 ἄμπελος
2753 594 2778 645 ό
2832 592 3049 663 ’ῐσραὴλ
3120 593 3432 663 ὠνομάζετο,
3491 597 3689 656 πάντες
3746 599 3837 665 μὲν

2220 683 2268 733 οἱ
2298 689 2560 754 προφῆται
2611 678 2972 733 διδάσκουσι¹
3005 686 3094 734 καὶ
3124 678 3292 734 Δαϐίδ
3321 699 3471 754 φησι·
3508 705 3537 731 n
3570 682 3837 753 ’Δμπελον

2222 770 2275 833 ἐξ
2309 772 2567 841 Αἰγύπτου
2599 780 2843 845 μετῆρας’
2876 790 2906 823 ι)
2934 776 3022 823 καὶ
3064 773 3089 822 ό
3132 774 3319 844 Κύριος
3347 768 3404 823 δι
3438 772 3485 823 ἐν
3519 778 3631 834 τοῖς
3665 772 3837 842 Εὐαγ-

2220 859 2426 930 γελίοις’
2459 881 2483 909 α
2518 859 2819 933 ’Ἄνθρωπός
2846 867 2921 919 τῖς
2959 860 3229 931 ἐφύτευσεν
3277 859 3570 931 ἀμπελῶνα·
3605 882 3633 909 ιι
3667 861 3841 913 πῶλον

2224 945 2282 1001 δι
2332 953 2417 1000 τόν
2464 948 2515 1011 ἐξ
2563 949 2714 1001 ἐθνῶν
2766 949 3009 1021 ὀνομάζει
3055 948 3199 1013 λαόν,
3241 952 3304 1009 ὡς
3354 945 3667 1021 ἀδάμαστον
3714 954 3843 1002 ὄντα

2223 1042 2312 1088 καὶ
2365 1034 2712 1109 πωλοδάμνην
2770 1038 2864 1089 ούκ
2916 1037 3227 1109 ἐσχηκότα’
3261 1045 3413 1090 τούτο
3486 1041 3588 1113 γὰρ
3651 1044 3743 1091 καὶ
3814 1042 3839 1091 ὁ

2227 1130 2415 1200 Κύριος
2471 1127 2682 1200 ᾐνίξατο
2754 1134 2865 1189 τοῖς
2941 1126 3253 1188 ἀποστόλοις
3316 1133 3699 1201 προστεταχὼς
3773 1129 3841 1189 εἰς

2224 1219 2318 1274 τήν
2376 1213 2618 1268 ἀπέναντι
2668 1221 2849 1287 κώμην
2924 1214 3161 1269 ἀπελθεῖν
3214 1221 3303 1269 καὶ
3355 1216 3514 1269 λύσαι
3569 1223 3667 1274 τὴν
3723 1223 3841 1269 ὄνον

2225 1308 2316 1363 τὴν
2370 1300 2649 1377 δεδεμένην
2700 1308 2916 1357 καὶτὸν
2957 1307 3148 1366 ταύτης
3192 1304 3378 1371 πῶλον,
3429 1304 3503 1378 ἐφ’
3553 1308 3626 1372 ὃν,
3682 1312 3843 1379 φησὶ,

2229 1391 2398 1455 οὐδεὶς
2453 1394 2732 1467 ἀνθρώπων
2791 1393 3044 1447 ἐκάθισε⁶
3100 1398 3218 1447 οὔτε
3288 1397 3389 1470 γὰρ
3466 1399 3841 1471 πατριάρχης,

2229 1487 2345 1536 οὔτε
2390 1486 2691 1555 νομοθέτης,
2738 1488 2854 1536 οὔτε
2900 1489 3166 1557 προφήτης
3214 1484 3350 1555 (58),
3392 1492 3487 1545 τῆς
3535 1493 3635 1536 τῶν
3685 1484 3846 1537 ἐθνῶν

2230 1571 2494 1647 ἐφρόντισε
2550 1577 2849 1647 σωτηρίας’
2904 1574 2953 1624 οἱ
3011 1570 3071 1625 δι
3137 1575 3264 1625 θεῖοι
3321 1571 3605 1625 ἀπόστολοι
3669 1594 3846 1647 προσ-

462 1674 593 1714 ram
624 1664 1007 1731 peccatorum
1038 1659 1176 1714 loris
1203 1664 1380 1715 antea
1406 1659 1744 1715 devinctam
1778 1676 1791 1713 :
1818 1657 2110 1714 solverunt

2229 1663 2507 1733 ταχθέντες
2573 1663 2903 1734 μαθητεῦσαι
2976 1664 3041 1713 τὰ
3123 1664 3263 1727 ἔθνη,
3323 1662 3517 1714 ἕλυσων
3744 1669 3845 1720 την

463 1752 521 1803 et
556 1747 809 1818 pullum,
845 1747 1278 1816 germinantem
1310 1748 1529 1803 scilicet
1572 1764 1643 1802 ex
1669 1763 1741 1803 ea
1776 1746 2065 1819 populum
2102 1762 2113 1799 :

462 1835 860 1907 impositisque
879 1837 930 1891 ei
956 1836 1325 1892 vestimentis
1344 1837 1487 1904 suis,
1522 1836 1580 1892 id
1602 1841 1707 1903 est,
1737 1852 1922 1909 quam
1954 1852 2119 1890 acce-

462 1930 694 1996 perant,
736 1925 922 1998 gratia
966 1925 1125 1998 (nam
1160 1931 1449 1998 quotquot
1478 1927 1536 1982 in
1576 1926 1803 1982 Christo
1834 1925 2117 1996 baptizati

463 2017 619 2080 sunt,
652 2012 947 2069 Christum
1002 2014 1326 2069 induerunt
1352 2015 1424 2087 ιο)
1482 2014 1734 2069 docilem
1796 2014 2118 2069 effecerunt

462 2118 621 2168 eum,
675 2104 779 2176 qui
831 2108 957 2159 erat
1004 2108 1175 2160 antea
1224 2104 1420 2176 pullus
1481 2104 1832 2167 indomitus,
1882 2104 2117 2175 ipsique

464 2191 786 2248 Dominum
816 2193 1256 2265 imposuerunt.
1287 2196 1433 2249 Tum
1466 2194 1747 2250 eumdem
1782 2194 1882 2249 viti
1914 2193 2118 2263 alliga-

460 2286 689 2348 verunt,
721 2281 783 2337 id
835 2288 923 2339 est
959 2282 1195 2339 sibimet
1224 2283 1368 2355 ipsis
1397 2300 1409 2337 :
1441 2298 1584 2339 nam
1615 2283 1833 2339 Judmis
1876 2283 2115 2338 oriundi

462 2371 736 2443 apostoli.
781 2374 986 2443 Neque
1031 2372 1313 2443 apostolis
1361 2378 1612 2441 tantum,
1670 2388 1875 2428 verum
1934 2372 2112 2427 etiam

460 2460 679 2516 horum
726 2460 1033 2533 discipulis
1062 2462 1322 2517 devincti
1369 2462 1577 2517 ﬁdeles
1614 2468 1796 2518 sunt:
1842 2462 1901 2518 id
1946 2462 2112 2534 quod

460 2549 793 2620 patriarcha
848 2550 1182 2620 praevidens
1248 2551 1373 2606 ait:
1429 2550 1691 2623 Alligans
1738 2551 1839 2607 viti
1879 2553 2109 2607 asinam

462 2653 660 2703 suam,
695 2654 985 2710 ramoque
1011 2639 1142 2694 vitis
1174 2638 1404 2711 pullum
1436 2640 1619 2695 asinae
1653 2657 1796 2696 suae.

2229 1754 2359 1814 ὤιον,
2412 1755 2650 1803 τουτέστι
2696 1759 2795 1802 τῶν
2846 1751 3125 1824 ἀνθρώπων
3174 1756 3267 1809 τὴν
3321 1753 3479 1823 φύσιν
3531 1756 3627 1810 τὴν
3685 1748 3848 1804 δεδε-

2227 1844 2381 1911 μένην
2445 1846 2559 1901 ταῖς
2614 1846 2710 1901 τῆς
2762 1839 3020 1912 ἁμαρτίας
3085 1847 3304 1911 σειραῖς
3361 1839 3550 1892 ἔλυσαν
3632 1835 3695 1891 δὲ
3748 1859 3844 1890 και

2226 1932 2311 1980 τόν
2364 1928 2528 1981 πῶλον
2584 1932 2670 1980 τόν
2726 1927 2780 1980 ἐκ
2831 1931 3028 1989 ταύτης
3086 1926 3486 2001 βεϐλαστηκότα
3540 1928 3684 1979 λαόν·
3747 1933 3843 1978 καὶ

2227 2017 2480 2080 ἐπιθέντες
2527 2018 2667 2088 αύτῷ
2699 2020 2765 2069 τὰ
2819 2019 3003 2089 ἱμάτια
3059 2020 3122 2070 τὰ
3177 2017 3388 2081 ἑαυτῶν,
3447 2021 3694 2069 τουτέστι
3742 2020 3843 2073 τήν

2225 2109 2386 2181 χάριν
2414 2108 2473 2167 ἧς
2502 2110 2690 2178 ἔτυχον
2724 2109 2863 2171 (ὅσοι
2904 2110 3002 2181 ’γὰρ
3035 2106 3107 2169 εἰς
3145 2110 3376 2179 Χριστὸν
3407 2104 3838 2167 ἐϐαπτίσθησαν,

2228 2200 2454 2269 Χριστόν
2483 2193 2831 2264 ένεδύσαντο),
2864 2195 3063 2254 εύήνιον
3095 2193 3358 2267 ἀπέφηναν
3400 2199 3488 2247 τόν
3518 2192 3841 2267 ἀδάμαστον

2223 2285 2407 2349 πῶλον,
2441 2290 2530 2337 καὶ
2561 2284 2872 2337 ἓπεκάθισαν
2917 2285 3055 2355 αύτῷ
3100 2288 3186 2337 τὸν
3220 2289 3505 2349 Δεσπότην,
3538 2289 3628 2336 καὶ
3661 2302 3842 2357 προσ-

2222 2370 2419 2431 έδησαν
2486 2375 2640 2427 ἀύτὸν
2704 2382 2767 2447 τῇ
2843 2374 3072 2447 ἀμπέλῳ,
3132 2379 3399 2426 τουτέστιν
3464 2372 3673 2433 ἑαυτοῖς
3702 2389 3714 2399 ’
3785 2370 3842 2434 ἐξ

2218 2460 2491 2517 Ἰουδαίων
2548 2467 2648 2537 γὰρ
2699 2466 2746 2516 οἱ
2791 2461 3095 2529 ἀπόστολοι,
3145 2463 3204 2515 ού
3244 2468 3396 2535 μόνον
3447 2459 3507 2515 δι
3554 2470 3663 2522 τοῖς
3711 2461 3841 2514 ἀπο-

2223 2554 2427 2615 στόλοις
2464 2555 2804 2625 συνῆφθησαν
2844 2554 2893 2605 οἱ
2946 2558 3360 2617 πεπιστευκότες,
3405 2551 3534 2604 ἀλλὰ
3581 2556 3674 2604 καὶ
3723 2560 3841 2614 τοῖς

2220 2651 2318 2693 τῶν
2388 2641 2687 2694 ἀποστόλων
2766 2643 3047 2714 μαθηταῖς·
3108 2647 3199 2693 καὶ
3272 2648 3426 2693 τούτο
3498 2648 3740 2713 προορῶν
3810 2643 3837 2692 ό

2219 2733 2559 2805 πατριάρχης
2602 2734 2716 2803 ἔφη·
2770 2750 2799 2781 ι(
2832 2733 3098 2803 Δεσμεύων
3145 2733 3277 2804 πρός
3319 2729 3544 2801 ἄμπελον
3590 2734 3683 2787 τὴν
3722 2734 3837 2781 ὄνον

2221 2821 2400 2885 αὐτοῦ,
2435 2826 2524 2873 καὶ
2567 2828 2629 2894 τῇ
2673 2820 2801 2873 ἕλικι
2838 2828 2932 2883 τῆς
2986 2818 3216 2892 ἀμπέλου
3253 2822 3341 2872 τόν
3389 2819 3555 2871 πῶλον
3588 2828 3683 2879 τῆς
3716 2823 3837 2871 ὄνον

2222 2910 2401 2964 αὐτοῦ.
2438 2932 2464 2959 ››

528 2998 581 3051 4.
624 2994 769 3051 Exin
809 2995 1150 3067 passionem
1183 3010 1427 3068 quoque
1454 2996 1759 3068 praedicit:
1796 3016 1823 3045 «
1868 2996 2110 3053 Lavabit

2294 2996 2359 3053 δ’.
2401 2996 2527 3051 Εἶτα
2557 3004 2645 3051 καὶ
2693 3001 2750 3050 τὸ
2800 3000 2965 3059 πάθος
3009 2997 3244 3073 προλέγει
3271 3015 3284 3028 ·
3319 3019 3347 3046 ‹‹
3382 2997 3570 3050 Πλυνεῖ
3614 2996 3665 3048 ἓν
3712 3002 3836 3070 οἴνῳ

457 3084 594 3142 vino
634 3083 850 3140 stolam
884 3100 1077 3150 suam,
1113 3085 1402 3155 sanguine
1436 3102 1563 3141 uvae
1595 3085 1841 3157 pallium
1883 3102 2057 3141 suum
2092 3108 2105 3141 :

456 3173 677 3231 hilares
705 3173 860 3230 oculi
891 3174 1020 3244 ejus
1063 3189 1099 3229 a
1133 3173 1291 3244 vino,
1335 3173 1579 3229 candidi
1623 3175 1848 3231 dentes.
1885 3176 2110 3245 Corpus

456 3262 703 3334 quidem
734 3261 865 3333 ejus
894 3260 1059 3317 stolae
1092 3262 1334 3317 nomine
1366 3261 1663 3331 indigitat,
1698 3263 1812 3319 vini
1866 3264 2110 3319 nomine

458 3352 815 3421 sanguinem
838 3370 850 3409 :
868 3365 1010 3405 nam
1025 3356 1441 3406 consecratum
1462 3351 1662 3406 vinum
1677 3353 1923 3422 sanguis
1934 3358 2023 3408 est
2040 3353 2107 3417 δι,

456 3444 604 3496 teste
629 3439 951 3494 Servatoris
976 3453 1273 3493 sermone.
1294 3441 1439 3493 Tum
1455 3440 1880 3510 evangelistam
1893 3441 2107 3497 docen-

458 3532 577 3585 tem
606 3526 909 3591 audimus,
939 3526 1098 3597 quod
1130 3542 1267 3581 cum
1309 3527 1508 3583 militis
1554 3528 1764 3586 lancea
1792 3530 1946 3586 latus
1976 3531 2107 3601 ejus

458 3615 743 3674 effossum
772 3620 877 3680 est,
906 3615 1150 3685 sanguis
1167 3621 1223 3670 et
1244 3619 1736 3689 aquaeruperit“
1770 3638 1782 3676 :
1818 3634 1955 3690 quae
1983 3636 2111 3675 sca-

459 3705 640 3763 tebras
669 3720 807 3760 cum
840 3706 901 3760 in
932 3720 1148 3775 corpus
1167 3703 1518 3770 difﬂuerent,
1553 3706 1773 3762 idcirco
1789 3709 1869 3762 ait
1902 3726 1915 3763 :
1958 3730 1983 3758 ‹‹
2013 3712 2110 3764 La-

456 3794 624 3850 vabit
652 3794 792 3849 vino
842 3794 1057 3849 stolam
1096 3810 1287 3861 suam,
1334 3811 1463 3851 uvas
1511 3796 1806 3865 sanguine
1865 3796 2106 3868 pallium

460 3900 639 3941 suum
678 3886 745 3941 ‘3.
790 3884 1012 3940 Deinde
1041 3885 1362 3941 ostendens
1394 3890 1739 3942 exorturum
1772 3903 1801 3941 e
1827 3888 2109 3960 passione

458 3974 770 4047 gaudium,
794 3997 814 4025 ι
835 3974 1070 4045 Hilares,
1090 3975 1304 4047 inquit,
1331 3974 1487 4030 oculi
1504 3976 1629 4047 ejus
1654 3976 1841 4032 avino
1876 3993 1887 4030 :
1913 3998 1941 4029 »
1968 3993 2109 4034 nam

455 4063 658 4120 ltetitia
676 4064 838 4120 orbis
854 4064 1178 4119 Servatoris
1205 4064 1408 4136 passio
1440 4072 1544 4119 est.
1571 4064 1742 4131 Quod
1769 4072 1970 4122 autem
1997 4067 2111 4123 hac

454 4152 651 4224 ﬁgura
660 4153 999 4226 passionem
1014 4154 1345 4225 patriarcha
1358 4153 1775 4223 designaverit,
1805 4156 1969 4211 testis
1984 4157 2110 4228 ipse

455 4241 748 4297 Dominus
780 4242 977 4297 dicens
1012 4258 1022 4295 :
1062 4262 1086 4293 α
1130 4242 1317 4309 Pater,
1361 4243 1407 4297 si
1437 4243 1565 4298 ﬁeri
1599 4248 1813 4316 potest,
1851 4249 2111 4301 transeat

455 4347 493 4388 a
542 4346 636 4386 me
682 4330 839 4386 calix
881 4332 1079 4386 iste“.
1149 4349 1180 4384 ν
1219 4333 1364 4386 Tum
1423 4332 1601 4389 etiam
1661 4333 1927 4389 Zebedtei
1976 4334 2110 4390 ﬁliis

456 4421 652 4478 aiebat
685 4435 697 4475 :
729 4440 758 4473 (ι
808 4421 1131 4475 Potestisne
1188 4420 1391 4477 bibere
1450 4421 1696 4477 calicem
1752 4438 1932 4495 quem
2001 4439 2108 4495 ego

455 4509 756 4566 bibiturus
785 4526 918 4565 sum
951 4511 996 4545 “
1013 4511 1040 4565 ?
1071 4530 1097 4562 »
1120 4513 1270 4580 Ergo
1290 4510 1605 4567 oculorum
1622 4510 1888 4568 hilaritas
1906 4528 2110 4569 conse-

458 4606 659 4655 cutam
686 4616 717 4655 e
743 4598 1019 4670 passione
1047 4598 1308 4655 lastitiam
1354 4598 1622 4656 denotat.
1663 4603 1933 4673 Namque
1974 4608 2107 4673 post

456 4687 798 4761 passionem
814 4688 1127 4743 missisunt
1154 4690 1209 4743 in
1235 4694 1581 4744 universum
1596 4690 1805 4745 orbem
1832 4690 2105 4763 discipuli

457 4776 707 4834 salutem
728 4777 1007 4834 ﬁdelibus
1031 4778 1282 4834 allaturi.
1324 4781 1453 4834 Jam
1475 4779 1763 4836 doctrinae
1786 4782 2105 4851 puritatem

457 4866 903 4939 claritatemque
928 4866 1375 4923 candidissimis
1407 4868 1685 4923 dentibus
1712 4872 2102 4941 comparavit.

463 4976 485 5006 ‹‹
513 4955 777 5021 Candidi,
806 4958 998 5027 inquit
1022 4957 1227 5011 dentes
1261 4957 1390 5028 ejus
1426 4974 1547 5029 prae
1578 4959 1724 5014 lacte
1755 4960 1824 5012 η.
1860 4979 1888 5010 »
1920 4959 2106 5032 Atque

458 5044 747 5101 hactenus
777 5046 1116 5117 patriarcha
1151 5046 1367 5103 Judam
1394 5048 1854 5104 commendavit.

2143 4366 2187 4421 D

2220 3093 2313 3148 τὴν
2358 3088 2547 3147 στολὴν
2589 3088 2765 3153 αύτού,
2801 3093 2889 3140 καὶ
2918 3087 2965 3139 ἐν
3014 3089 3199 3160 αἵματι
3249 3086 3509 3159 σταφυλῆς
3538 3091 3634 3143 τὴν
3692 3106 3838 3161 περι-

2221 3176 2373 3237 ϐολὴν
2435 3178 2593 3230 αὐτοῦ
2631 3195 2643 3207 ·
2708 3182 2988 3237 χαροποιοὶ
3044 3179 3093 3228 οἱ
3177 3175 3430 3237 ὀφθαλμοὶ
3498 3176 3663 3228 αὐτοῦ
3730 3175 3753 3227 ό

2220 3270 2379 3320 οἵνου’
2426 3272 2547 3328 ,καὶ
2620 3266 2792 3319 λευκοὶ
2866 3268 2915 3318 οἱ
2988 3262 3196 3327 ὀδόντες

2220 3360 2308 3429 μέν
2365 3364 2518 3427 σῶμα
2592 3356 2748 3407 αύτοῦ
2817 3356 3005 3413 στολὴν
3080 3355 3363 3425 ὀνομάζει·
3417 3357 3475 3405 τὸ
3554 3351 3614 3407 δι
3700 3356 3835 3427 αἷμα

2219 3443 2370 3497 οἶνον·
2419 3440 2599 3502 ἐπειδὴ
2647 3449 2735 3497 καὶ
2785 3446 2871 3496 τὸν
2917 3447 3169 3515 μυστικόν
3218 3441 3350 3495 οἶνον
3403 3444 3534 3515 αἷμα
3583 3442 3833 3501 κέκληκεν

2220 3536 2244 3585 ό
2290 3539 2547 3594 Δεσπότης
2594 3535 2727 3604 (59)’
2779 3531 3028 3603 ἀκούομεν
3074 3530 3133 3585 δὲ
3180 3538 3269 3586 καὶ
3318 3540 3409 3585 τοῦ
3455 3533 3834 3604 εὐαγγελιστοῦ

2221 3620 2570 3682 διδάσκοντος
2613 3624 2680 3683 ὡς
2732 3630 2822 3674 τοῦ
2874 3628 3197 3695 στρατιώτου
3246 3629 3308 3694 τῇ
3355 3620 3528 3693 λόγχη
3581 3620 3837 3683 νύξαντος

2219 3711 2378 3764 αύτοῦ
2431 3716 2523 3769 τὴν
2579 3711 2818 3784 πλευρὰν,
2871 3710 3078 3773 ἐξῆλθεν
3131 3711 3263 3782 αἷμα
3310 3715 3398 3762 καὶ
3454 3707 3603 3782 ὕδωρ
3639 3726 3652 3739 ’
3688 3710 3835 3761 οὗτοι

2704 3182 2988 3251 χαροποιοὶ
3044 3179 3093 3228 οἱ
3177 3175 3430 3249 ὀφθαλμοὶ
3498 3176 3663 3228 αὐτοῦ
3730 3175 3834 3229 ἀπό

3270 3265 3453 3317 αύτοῦο
3502 3287 3523 3314 ι)
3605 3268 3695 3316 καὶ
3772 3270 3834 3317 τό

2220 3796 2279 3852 δὲ
2330 3802 2380 3851 οἱ
2431 3805 2637 3873 κρουνοὶ
2690 3797 2782 3851 διὰ
2838 3808 2929 3852 τού
2990 3804 3233 3872 σώματος
3274 3798 3681 3873 κατερρύησαν·
3740 3796 3836 3850 διὰ

2218 3896 2370 3941 τοῦτο
2414 3894 2503 3941 καί
2550 3908 2677 3961 φησι
2706 3906 2718 3918 '
2756 3911 2784 3938 ‹‹
2818 3888 3002 3941 Πλυνεῖ
3043 3889 3093 3940 ἐν
3125 3893 3243 3960 οἴνῳ
3275 3893 3367 3947 τὴν
3416 3889 3609 3947 στολὴν
3642 3889 3830 3953 αὐτοῦ,

2219 3983 2307 4029 καὶ
2373 3976 2420 4029 ἐν
2492 3979 2676 4048 αἵματι
2741 3977 2999 4050 σταφυλῆς
3066 3983 3158 4036 τὴν
3224 3976 3500 4052 περιϐολήν
3575 3977 3769 4031 αὐτοῦ.
3806 3999 3833 4028 ι)

2218 4063 2345 4119 Εἶτα
2420 4064 2621 4129 δεικνύς
2710 4072 2799 4125 τὴν
2868 4065 2969 4118 ἀπό
3035 4074 3126 4119 τοῦ
3200 4068 3399 4127 πάθους
3471 4070 3834 4138 γενησομένην

2220 4157 2557 4232 εὐφροσύνην
2607 4176 2633 4207 (ι
2685 4160 2985 4229 Χαροποιοὶ.
3043 4160 3220 4227 φησὶν,
3271 4157 3319 4207 οἱ
3358 4155 3614 4226 ὀφθαλμοὶ
3664 4155 3834 4206 αὐτοῦ

2221 4246 2320 4297 ἀπό
2370 4248 2528 4297 οἴνου·
2570 4266 2596 4293 ››
2640 4244 2926 4319 εὐφροσύνη
2980 4247 3082 4316 ’γὰρ
3128 4252 3219 4304 τῆς
3256 4244 3561 4315 οἰκουμένης
3617 4248 3675 4295 τό
3732 4264 3835 4296 σω⁴

2218 4340 2396 4408 τὴριον
2445 4336 2629 4395 πάθος.
2655 4333 2776 4387 Ὀτι
2823 4330 2881 4386 δι
2928 4334 3059 4385 ούτω
3105 4337 3160 4385 τὸ
3209 4335 3374 4394 πάθος
3415 4333 3647 4397 ἐκάλεσε,
3696 4336 3832 4407 μάρ-

2217 4445 2307 4486 τυς
2369 4423 2525 4485 αύτός
2582 4424 2605 4474 ό
2667 4426 2854 4496 Κύριος
2905 4423 3085 4493 λέγων’
3151 4444 3175 4472 ιι
3230 4425 3418 4493 Πάτερ.
3480 4422 3524 4473 εἰ
3577 4418 3831 4487 δυνατόν,

2218 4512 2511 4587 παρελθέτω
2565 4514 2621 4564 τό
2661 4516 2909 4585 ποτήριον
2949 4518 3100 4564 τοῦτο
3144 4511 3232 4562 ἀπ’
3285 4510 3430 4582 ὶμοῦ²
3465 4532 3493 4558 n
3541 4511 3679 4561 οὕτω
3742 4514 3831 4561 καὶ

2218 4610 2325 4664 τοῖς
2369 4604 2501 4662 υἱοῖς
2550 4604 2640 4673 ἔφη
2689 4597 2970 4653 Ζεϐεδαίου
2997 4618 3008 4629 ·
3040 4622 3067 4650 ‹‹
3098 4602 3326 4653 Δύνασθε
3374 4607 3509 4651 πιεῖν
3558 4603 3619 4651 τό
3664 4605 3832 4657 ποτηο

2218 4713 2326 4765 ριον
2357 4692 2382 4744 ό
2435 4694 2532 4762 ἐγὼ
2577 4690 2739 4763 μέλλω
2786 4698 2954 4756 πιεῖν;
2993 4710 3020 4742 ››
3062 4694 3120 4743 τὸ
3165 4695 3335 4742 τοίνυν
3380 4692 3674 4761 χαροποιόν
3728 4698 3829 4741 τῶν

2219 4780 2511 4852 ὀφθαλμῶν,
2564 4784 2656 4838 τὴν
2713 4782 2843 4852 μετά
2899 4783 2957 4831 τό
3032 4781 3199 4842 πάθος
3269 4780 3588 4852 εὐφροσύνην
3646 4775 3827 4836 δηλοῖ*

2218 4873 2345 4942 μετά
2396 4872 2493 4942 γὰρ
2548 4872 2605 4921 τό
2660 4871 2824 4930 πάθος
2875 4872 2963 4921 καὶ
3015 4874 3109 4926 τὴν
3159 4869 3468 4935 ἀνάστασιν,
3519 4866 3593 4929 εἰς
3646 4874 3829 4920 πᾶσαν

2218 4958 2582 5017 ἀπεστάλησαν
2632 4962 2724 5015 την
2772 4957 3075 5029 οἰκουμένην
3124 4960 3171 5009 οἱ
3215 4958 3450 5029 μαθηταὶ
3501 4962 3595 5015 τὴν
3655 4976 3829 5014 σωτη-

2215 5054 2332 5121 ρίαν
2384 5051 2747 5121 προσφέροντες
2802 5054 2911 5108 τοῖς
2967 5050 3296 5099 πιστεύουσι·
3348 5055 3445 5108 τῆς
3509 5042 3569 5098 δέ
3619 5066 3679 5117 γε
3744 5043 3827 5099 δι-

530 5198 578 5234 ³⁷
617 5197 992 5265 Psal.Lxx1x,
1048 5205 1100 5256 9.
1160 5200 1206 5236 ⁸⁸
1250 5202 1381 5257 Luc.
1451 5217 1550 5265 xx,
1605 5206 1656 5259 9.
1708 5202 1755 5236 ³9
1790 5203 1925 5257 Luc.
1976 5216 2091 5266 xix,

2221 5244 2233 5256 .
2292 5203 2338 5237 ⁸ο
2364 5200 2555 5257 Galat.
2608 5216 2690 5265 ιιι,
2744 5201 2831 5255 27.
2881 5199 3162 5255 “Matth.
3219 5214 3375 5264 xxvr,
3427 5200 3517 5255 28.
3567 5200 3618 5235 ⁸³
3647 5201 3828 5257 lare.

456 5314 517 5366 x,
545 5298 635 5355 38.
676 5297 724 5334 ⁴⁸
752 5299 889 5355 Gen.
925 5314 1080 5364 χιιι,
1111 5298 1199 5353 tt.
1259 5301 1307 5337 ιδ
1334 5299 1539 5357 Matth.
1580 5315 1730 5365 uvr,
1783 5299 1878 5358 39.
1917 5300 1965 5336 “
2000 5299 2110 5356 Mal

2251 5315 2341 5365 xx,
2375 5302 2464 5355 22.
2525 5300 2573 5335 ⁴⁶
2604 5299 2811 5355 Genes.
2858 5314 3007 5363 χιιι,
3054 5296 3139 5353 t2.

2031 5449 2259 5508 ΝΟΤΕ.

533 5576 645 5648 (58)
672 5576 891 5647 Excipe
927 5578 1131 5631 tamen
1157 5576 1311 5630 certe
1340 5575 1554 5632 Jonam
1585 5576 1666 5633 ad
1695 5575 1967 5633 ethnicos
2021 5574 2307 5633 Ninivitas
2360 5576 2639 5634 missum.

533 5657 645 5729 (59)
671 5656 881 5713 Recole
911 5653 1098 5711 Photii
1124 5655 1518 5727 quaestionem
1543 5656 1635 5711 73.
