4026 6196
1635 181 1664 208 ἡ

215 314 361 372 1077

1296 316 1390 372 ΑΙ)
1430 315 1974 373 AMPHILOCHIUM
2015 315 2344 385 QUESTIO
2384 317 2585 374 CCLX.

3449 320 3590 376 1078

212 436 516 500 δασκαλίας
543 441 602 491 τό
642 435 846 501 διειδες
881 444 970 492 καὶ
1018 443 1076 493 τό
1108 437 1353 514 διαφανὲς
1388 441 1714 502 λευκοτάτοις
1753 439 1967 494 ὀδοῦσιν
2007 441 2276 495 ἀπείκασε·
2328 465 2348 493 ε
2385 447 2574 496 Λευκοὶ
2617 445 2739 516 γὰρ,
2783 446 2960 516 φησὶν,
3004 443 3052 494 οἱ
3083 438 3290 505 ὀδόντες
3333 445 3506 498 αὐτοῦ
3555 449 3586 505 ἥ

205 529 368 601 γάλα.
405 549 433 580 ν
454 536 707 582 Τοσαῦτα
735 534 825 602 μὲν
851 535 1155 604 προείρηκεν
1182 533 1207 583 6
1231 533 1568 606 πατριάρχης
1600 531 1821 604 εὐλογῶν
1850 535 1936 585 τόν
1967 529 2192 586 Ἰούδαν.

287 618 346 671 ε’.
398 625 500 671 Τοῦ
553 614 612 671 δε
667 617 940 671 Ζαϐουλὼν
1019 625 1294 695 προείρηκε
1376 625 1470 679 τὴν
1562 620 1811 690 παράλιον
1841 624 1886 676 Α

204 711 446 766 οἴκησιν·
485 714 579 760 τοῦ
632 704 691 760 δὲ
747 709 970 781 Ἰσάχαρ
1020 713 1114 768 τὴν
1156 714 1431 780 γηπονίαν·
1478 716 1567 762 τοῦ
1595 707 1655 762 δὲ
1690 711 1808 774 Δὰν,

202 800 350 850 κατὰ
415 801 504 870 μέν
555 815 722 862 τινας,
776 801 840 850 τὰ
895 799 994 850 ὑπὸ
1065 806 1158 852 τοῦ
1217 799 1438 872 Σαμψὼν
1499 801 1814 871 γεγενημένα

203 886 263 940 ἔκ
323 890 516 948 ταύτης
543 889 645 961 γὰρ
696 883 758 945 ἧν
803 896 896 948 τῆς
938 887 1125 960 φυλῆς·
1185 890 1573 963 συνηρίθμηται
1617 884 1678 940 δε
1723 893 1813 939 καὶ

201 983 324 1038 τοῖς
355 982 591 1049 Κριταῖς·
634 981 723 1028 καὶ
755 973 848 1029 διὰ
883 985 1056 1040 τοῦτο,
1085 983 1262 1049 φησὶν,
1295 981 1416 1050 ἔφη·
1467 995 1496 1029 (ι
1528 980 1626 1030 Δὰν
1652 983 1816 1049 κρινεῖ

201 1069 303 1118 τὸν
340 1064 528 1118 ἑαυτοῦ
555 1064 676 1116 λαὸν
705 1066 832 1117 ὡσεὶ
861 1069 951 1118 καὶ
981 1071 1080 1138 μία
1109 1067 1224 1137 (60)
1257 1066 1388 1138 φυλὴ
1421 1069 1468 1118 ἓν
1507 1065 1736 1140 Ἰσραήλ·
1783 1084 1810 1115 ›)

199 1157 339 1207 ἔνιοι
371 1151 432 1208 δέ
475 1173 605 1226 φασι
633 1156 699 1206 τὰ
725 1156 860 1206 κατὰ
885 1159 978 1213 τὴν
1019 1157 1260 1208 Λάῑσσαν
1311 1160 1405 1214 τὴν
1433 1162 1522 1206 νῦν
1571 1151 1813 1208 Πανεάδα

199 1243 530 1316 καλουμένην
617 1246 1065 1317 προσαγορεύσαι·
1149 1243 1390 1307 ἐξαπίνης
1490 1246 1592 1318 γάρ
1680 1262 1813 1305 τινες

200 1332 316 1385 ἀπὸ
363 1335 562 1394 ταύτης
613 1332 904 1406 ὁρμώμενοι
960 1341 1056 1395 τῆς
1109 1333 1291 1406 φυλῆς,
1351 1335 1514 1406 ταύτῃ
1581 1330 1814 1404 προσϐα-

197 1422 381 1483 λόντες
430 1431 490 1496 τῇ
550 1421 714 1488 πόλει,
762 1422 894 1475 εἶλόν
933 1441 987 1475 τε
1032 1426 1168 1475 κατὰ
1218 1425 1410 1498 κράτος
1459 1428 1547 1476 καὶ
1595 1423 1810 1493 ᾤκισαν,

198 1516 302 1564 καὶ
357 1516 451 1570 τὴν
496 1512 688 1564 οἰκείαν
735 1513 869 1584 αὑτῇ
950 1516 1310 1586 προσηγορίαν
1377 1511 1644 1566 ἐπέθεσαν.
1716 1513 1814 1564 Δὰν

196 1604 314 1677 γὰρ
363 1602 526 1660 αὐτὴν
569 1601 834 1654 ἐκάλεσαν·
884 1601 983 1672 ἐγὼ
1026 1598 1085 1655 δὲ
1132 1598 1280 1674 οἶμαι
1318 1605 1377 1654 τό
1431 1604 1560 1654 θεῖον
1609 1608 1816 1673 Πνεῦμα

199 1694 387 1766 ὥσπερ
447 1693 514 1743 τὰ
567 1696 684 1765 περὶ
733 1698 825 1743 τοῦ
877 1698 1112 1765 Σωτῆρος
1157 1693 1325 1762 ἡμῶν,
1374 1692 1510 1743 οὕτω
1557 1695 1646 1743 καὶ
1697 1696 1815 1765 περὶ

196 1789 307 1834 τοῦ
355 1781 730 1852 Ἀντιχρίστου
797 1777 892 1833 διὰ
941 1787 1033 1832 τοῦ
1095 1783 1432 1853 πατριάρχου
1499 1781 1554 1832 ἐκ
1619 1783 1816 1841 ταύτης

201 1865 409 1928 δηλοῦν
429 1866 576 1942 [οοά.
606 1864 803 1942 δηλῶν]
831 1876 923 1931 τῆς
948 1867 1301 1943 προρρήσεως.
1327 1888 1354 1921 «
1380 1871 1478 1922 Δὰν
1503 1871 1627 1942 γὰρ,
1661 1873 1812 1939 φησὶ,

1997 625 2044 676 5.
2079 627 2197 692 Age
2275 636 2417 677 vero
2483 622 2793 678 Zabulonis
2846 621 3213 677 maritimum
3265 623 3588 679 incolatum

1924 712 2200 783 praedixit
2225 712 2514 781 ;lsachari
2546 710 2915 780 agricolandi
2945 709 3210 766 studium
3249 727 3261 775 ;
3312 711 3590 767 Danisde-

1922 801 2121 874 nique,
2168 807 2229 857 ut
2255 801 2492 875 quidam
2510 804 2847 869 autumant,
2885 815 3018 870 qua:
3044 797 3323 855 Samsoni
3368 799 3593 856 accide-

1922 896 2083 946 runt.
2098 893 2179 946 Ex
2197 891 2312 948 hac
2324 892 2480 948 enim
2505 892 2553 946 is
2570 890 2730 946 tribu
2754 889 2879 954 fuit,
2901 888 3182 960 idemque
3202 888 3261 943 in
3288 887 3591 945 Judicibus

1921 986 2408 1037 connumeratur.
2441 981 2811 1050 Quapropter
2831 977 3047 1032 dicitur
3082 994 3096 1032 :
3139 996 3168 1029 ι(
3195 977 3319 1033 Dan
3363 977 3592 1049 judica-

1920 1068 2007 1124 bit
2026 1070 2314 1142 populum
2329 1069 2725 1137 suum,instar
2746 1066 2920 1122 unius
2939 1066 3122 1122 tribus
3148 1067 3206 1122 in
3224 1066 3438 1122 lsraele
3462 1067 3508 1103 ⁴⁷
3529 1111 3542 1124 ,
3560 1088 3587 1115 ››

1922 1157 2029 1213 Alii
2077 1159 2287 1214 dicunt
2351 1155 2810 1214 commemorari
2871 1170 2943 1210 ea
3001 1171 3138 1226 quas
3216 1155 3591 1225 contigerunt

1921 1246 2137 1303 Laissas
2167 1263 2328 1304 nunc
2361 1245 2614 1303 Paneadi
2679 1245 2869 1301 dictas.
2908 1243 3166 1316 Repente
3224 1244 3386 1300 enim
3441 1260 3587 1301 non-

1922 1336 2067 1392 nulli
2091 1353 2162 1393 ea
2191 1337 2349 1393 tribu
2374 1336 2613 1393 oriundi
2641 1335 2850 1390 urbem
2863 1334 3022 1389 hanc
3043 1333 3250 1399 adorti,
3273 1333 3328 1388 vi
3347 1339 3585 1406 captam

1923 1425 2036 1496 ipsi
2067 1426 2464 1493 incoluerunt,
2486 1439 2786 1496 suumque
2829 1423 2880 1479 ei
2935 1438 3156 1478 nomen
3218 1423 3585 1492 indiderunt,

1924 1517 2044 1571 Dan
2075 1514 2293 1571 scilicet
2313 1515 2660 1572 vocitantes.
2687 1513 2808 1582 Ego
2829 1527 2972 1567 vero
3005 1512 3274 1567 existimo
3314 1511 3588 1568 divinum

1924 1604 2206 1676 Spiritum
2247 1604 2419 1661 sicuti
2458 1620 2554 1659 res
2597 1602 2927 1658 Servatoris
2955 1602 3160 1671 nostri,
3193 1601 3274 1657 ita
3312 1617 3404 1657 res
3442 1617 3590 1674 quo-

1924 1709 2035 1766 que
2055 1693 2397 1750 Antichristi
2421 1693 2538 1749 hoc
2564 1691 2846 1748 vaticinio
2858 1690 3192 1762 patefacere
3211 1709 3230 1762 3
3252 1711 3279 1740 ‹‹
3304 1693 3429 1746 Dan
3443 1690 3590 1747 scili-

1924 1786 2033 1849 cet,
2057 1782 2269 1856 inquit,
2305 1782 2598 1854 judicabit
2624 1781 2916 1854 populum
2952 1795 3150 1845 suum,
3195 1779 3380 1835 instar
3409 1779 3587 1835 unius

1924 1871 2112 1929 tribus
2149 1872 2210 1928 in
2233 1871 2466 1928 Israele.
2512 1892 2539 1923 »
2585 1870 2759 1928 Sicuti
2785 1872 2856 1926 de
2899 1869 3068 1925 Iudas
3110 1868 3268 1924 tribu
3310 1869 3589 1924 Servator

197 1966 377 2030 κρινεῖ
403 1962 490 2010 τόν
511 1957 694 2010 ἑαυτοῦ
716 1957 839 2010 λαόν
869 1960 992 2010 ὡσεὶ
1022 1963 1112 2010 καὶ
1144 1958 1272 2030 φυλὴ
1304 1963 1402 2031 μία
1433 1957 1480 2010 ἓν
1511 1958 1742 2032 Ἰσραὴλ.
1785 1977 1810 2008 ν

1931 1960 2226 2033 pullulans
2275 1961 2567 2017 mundum
2626 1958 2904 2023 servabit,
2953 1957 3035 2013 ita
3077 1957 3152 2013 de
3204 1957 3380 2013 Danis
3443 1955 3594 2013 tribu

195 2047 412 2121 Ὠσπερ
439 2049 558 2120 γὰρ,
595 2053 747 2113 φησι,
793 2046 845 2098 ἐκ
888 2056 985 2109 τῆς
1020 2056 1110 2100 τοῦ
1136 2045 1316 2102 Ἰούδα
1363 2047 1524 2121 φυλῆς
1575 2050 1600 2100 ὁ
1639 2052 1810 2120 Σωτὴρ

201 2135 530 2210 βλαστήσας
574 2132 832 2198 διασώζει
881 2141 976 2195 τὴν
1027 2137 1351 2209 οἰκουμένην,
1409 2138 1571 2199 οὕτως
1621 2135 1674 2188 ἐκ
1723 2144 1814 2197 τῆς

200 2233 308 2279 τοῦ
347 2227 445 2278 Δὰν
503 2224 660 2298 φυλῆς
711 2229 822 2297 ὄφις
873 2225 1096 2299 ὀλέθριος
1148 2225 1479 2289 ἐξελεύσεται·
1521 2233 1675 2278 τοῦτο
1709 2227 1811 2297 γὰρ

198 2315 369 2386 λέγει·
404 2334 433 2364 ‹‹
478 2319 579 2367 Καὶ
629 2316 898 2385 γενηθήτω
945 2317 1043 2368 Δᾰν
1075 2319 1185 2388 ὄφις
1231 2315 1306 2388 ἔφ’
1357 2313 1484 2368 ὁδοῦ
1527 2317 1813 2388 καθήμενος

202 2404 302 2456 ἐπὶ
358 2402 538 2475 τρίϐου
597 2401 800 2456 δάκνων
851 2408 1066 2477 πτέρναν
1121 2405 1301 2458 ἵππου·
1353 2410 1443 2458 καὶ
1497 2412 1732 2458 πεσεῖται
1786 2405 1812 2456 6

206 2496 406 2553 ἱππεὺς
452 2497 545 2551 τὴν
591 2497 853 2566 σωτηρίαν
886 2491 1143 2566 ἀναμένων
1181 2499 1392 2569 Κυρίου·
1443 2518 1469 2543 ››
1496 2491 1677 2552 ἐπειδὴ
1711 2497 1812 2567 γὰρ

205 2582 442 2643 ἀπάταις
520 2577 883 2643 παντοδαπαῖς
959 2587 1282 2656 κεχρημένος
1363 2590 1607 2656 πειρᾶται
1695 2587 1814 2644 τοὺς

205 2674 645 2745 φενακιζομένους
702 2670 934 2746 ἀγρεύειν
985 2672 1056 2733 εἰς
1107 2672 1332 2746 ὄλεθρον,
1415 2677 1524 2745 ὄφει
1575 2677 1677 2725 τινὶ
1726 2673 1816 2724 αῦ-

203 2765 305 2814 τόν
356 2758 629 2824 ἀπεικάζει
684 2763 827 2835 παρά
877 2780 980 2813 τινι
1030 2761 1192 2836 τρίϐῳ
1245 2762 1520 2835 φωλεύοντι
1562 2767 1653 2814 καὶ
1711 2769 1817 2824 τοῖς

203 2856 475 2923 παριοῦσι
534 2849 906 2922 λυμαινομένῳ·
959 2849 1115 2903 ἱππον
1166 2847 1224 2904 δὲ
1263 2849 1410 2924 οἶμαι
1452 2851 1622 2904 καλεῖν
1662 2851 1816 2904 αὐτόν

204 2942 273 2992 τὸ
329 2947 505 3011 σῶμα,
555 2938 802 2996 ἐπιϐάτην
843 2936 902 2992 δε
932 2944 1025 3000 τὴν
1057 2939 1264 3012 ψυχήν·
1307 2943 1365 2992 τὸ
1397 2938 1457 2994 δὲ
1486 2941 1558 3002 εἰς
1581 2940 1818 2994 τούπίσω

208 3036 417 3097 πεσεῖν,
458 3033 724 3081 τουτέστιν
775 3028 958 3081 ὕπτιον
997 3031 1205 3082 κεῖσθαι
1252 3033 1340 3082 τὸν
1382 3032 1598 3083 θάνατον
1643 3049 1815 3103 παρα-

208 3115 397 3176 δηλοῖ·
456 3125 658 3170 τοιοῦτο
712 3121 814 3192 γὰρ
857 3128 955 3170 τῶν
1011 3121 1293 3172 τεθνεώτων
1337 3123 1396 3172 τὸ
1455 3127 1664 3191 σχῆμα·
1727 3116 1819 3171 διὰ

209 3204 280 3260 δὲ
345 3214 443 3268 τῆς
489 3210 704 3278 πτέρνης
761 3212 853 3267 τὴν
913 3206 1116 3266 ἀπάτην
1173 3208 1403 3281 ᾐνίξατο·
1461 3204 1639 3267 ἐπειδὴ
1699 3211 1819 3270 τοὺς

207 3299 311 3368 μὲν
369 3293 623 3366 έξαπατᾷ,
693 3303 800 3358 τοῖς
858 3293 916 3349 δι
971 3296 1335 3368 παγχαλέποις
1393 3295 1618 3372 ἐπιφέρει
1668 3297 1820 3349 κολά-

213 3401 347 3445 σεις·
401 3381 496 3436 διὰ
548 3382 607 3437 δὲ
636 3392 726 3437 τοῦ
777 3387 936 3437 ἵππου
967 3390 1024 3438 τὸ
1067 3394 1222 3458 σῶμα
1249 3386 1482 3459 ᾐνίξατο,
1524 3385 1584 3438 οὗ
1623 3382 1818 3438 δακνο-

1923 2049 2207 2105 exitiosus
2233 2050 2448 2120 anguis
2469 2048 2708 2104 exsiliet.
2725 2047 2786 2102 ld
2804 2046 2962 2101 enim
2990 2044 3171 2101 verba
3193 2046 3464 2111 innuunt,
3489 2045 3594 2100 ﬁat

1925 2141 2048 2194 Dan
2077 2153 2321 2210 serpens
2345 2138 2405 2194 in
2432 2138 2548 2201 via,
2581 2137 2877 2208 projectus
2916 2137 2976 2189 in
3016 2135 3246 2201 semita,
3303 2133 3588 2189 mordens

1921 2227 2057 2300 equi
2083 2226 2428 2283 calcaneum
2455 2243 2468 2282 :
2500 2231 2625 2282 tum
2643 2229 2873 2281 corruet
2895 2238 3098 2296 eques,
3130 2221 3291 2294 quia
3339 2222 3588 2278 Domino

1921 2314 2290 2387 exspectabit
2319 2315 2590 2371 salutem.
2631 2313 2915 2382 Quoniam
2956 2311 3347 2368 Antichristus
3399 2311 3590 2368 omni-

1923 2404 2119 2462 modis
2173 2403 2329 2460 dolis
2388 2407 2560 2458 utens
2596 2401 2816 2458 illectos
2873 2401 3213 2474 pertrahere
3254 2400 3472 2456 nitetur
3527 2401 3587 2456 in

1922 2493 2240 2565 interitum,
2268 2493 2426 2549 hunc
2465 2491 2709 2548 colubro
2741 2493 3054 2563 comparat
3085 2491 3256 2561 juxta
3313 2489 3589 2546 semitam

1922 2583 2194 2649 latitanti,
2226 2581 2676 2654 viatoribusque
2707 2580 2953 2636 exitium
3004 2578 3299 2635 inferenti.
3351 2579 3587 2651 Equum

1924 2671 2042 2728 dici
2065 2687 2100 2727 a
2121 2671 2461 2742 patriarcha
2480 2685 2696 2743 corpus
2722 2684 2938 2725 censeo
2960 2689 2972 2734 ;
2994 2669 3274 2742 equitem,
3307 2668 3585 2724 animam-

1927 2759 2098 2828 Quod
2120 2763 2321 2816 autem
2338 2764 2493 2815 retro
2515 2758 2750 2825 decidit,
2765 2758 2826 2814 id
2851 2764 2937 2814 est
2969 2758 3222 2830 supinus
3257 2756 3584 2829 projicitur,

1929 2865 2090 2906 mors
2118 2849 2402 2904 nimirum
2435 2847 2695 2903 innuitur
2725 2863 2737 2902 :
2767 2847 2864 2903 hic
2919 2851 3010 2902 est
3039 2847 3199 2902 enim
3223 2845 3586 2900 exanimato-

1927 2936 2910 3008 rumhabitus.Calcaneodenique
2926 2935 3201 2991 fraudem
3239 2932 3534 3003 significat
3571 2947 3586 2996 ;

1928 3029 2070 3100 quia
2094 3027 2367 3083 videlicet
2415 3025 2809 3081 Antichristus
2891 3023 3040 3079 alios
3105 3021 3380 3094 decipiet,
3440 3019 3589 3077 alios

1927 3116 2326 3173 acerbissimis
2366 3113 2672 3187 suppliciis
2723 3111 3027 3168 cruciabit.
3087 3114 3271 3184 Equo,
3330 3114 3396 3166 ut
3441 3109 3586 3174 dixi,

1928 3222 2147 3278 corpus
2171 3205 2461 3275 innuitur;
2494 3219 2616 3276 quo
2637 3201 2784 3258 lasso
2815 3206 2872 3257 et
2901 3205 3204 3272 corrupto,
3243 3215 3406 3255 mors
3445 3213 3592 3254 con-

1929 3296 2195 3369 sequitur
2235 3312 2249 3350 :
2280 3310 2417 3366 quae
2441 3298 2638 3350 tamen
2670 3291 2920 3348 fortibus
2945 3290 3070 3362 spei
3083 3289 3340 3346 fructum
3362 3288 3532 3345 aﬁ'erl
3571 3307 3586 3347 :

1927 3385 2106 3456 hujus
2137 3400 2276 3439 vero
2302 3383 2426 3456 spei
2466 3382 2716 3447 fructus,
2741 3380 2927 3436 salus.

211 3478 375 3548 μένου
408 3478 496 3525 καὶ
531 3471 979 3548 διαγθειρομένου,
1011 3476 1226 3536 θάνατος
1253 3484 1474 3547 γίνεται,
1503 3479 1625 3537 τοὺς
1649 3484 1740 3536 τῆς
1771 3471 1976 3536 ἐλπίδος
2009 3481 2110 3535 τοῖς
2131 3475 2448 3546 ὑπομένουσι
2463 3471 2694 3543 κομίζων
2719 3472 2967 3544 καρπούς·
2991 3471 3191 3541 καρπός
3217 3465 3276 3521 δὲ
3291 3475 3383 3529 τῆς
3410 3469 3588 3520 τοιαύ-

215 3583 316 3624 της
341 3559 550 3625 ἂλπίδος
591 3565 622 3621 ἠ
666 3569 922 3636 σωτηρία.

293 3653 373 3716 ς’.
425 3652 665 3724 Προλέγει
703 3661 775 3723 τῷ
807 3650 916 3706 Γὰδ
954 3656 1048 3716 τὰς
1078 3653 1318 3726 ἐσομένας
1356 3655 1495 3726 αὐτῷ
1540 3657 1683 3730 παρὰ
1724 3663 1824 3706 τῶν

211 3741 516 3813 λῃστρικῶν
594 3737 790 3813 ίφόδων
875 3741 1165 3803 ἐπιϐουλάς·
1243 3751 1397 3797 τοῦτο
1479 3746 1582 3815 γὰρ
1665 3743 1820 3815 λέγει,

217 3852 248 3883 α
313 3835 657 3902 Πειρατήριον
708 3835 999 3904 πειρατεύει
1048 3832 1222 3885 αὐτόν·
1285 3855 1312 3883 ››
1376 3836 1716 3909 προαγόρεύει
1765 3829 1824 3886 δὲ

215 3924 313 3972 καὶ
374 3923 467 3978 την
521 3918 766 3992 ἰσομένην
819 3920 981 3974 αὐτοῦ
1046 3926 1212 3980 νίκην·
1267 3945 1296 3973 ‹‹
1351 3928 1451 3976 Καὶ
1499 3924 1656 3984 αὐτὸς
1699 3925 1821 3996 γὰρ,

217 4014 381 4081 φησι,
434 4011 761 4081 πειρατεύσει
802 4009 957 4062 αὐτόν
1003 4013 1138 4062 κατὰ
1176 4007 1363 4073 πόδας·
1412 4034 1440 4061 ››
1473 4015 1724 4073 ὡσαύτως
1765 4007 1824 4063 δὲ

215 4102 312 4150 καὶ
344 4104 438 4149 τοῦ
468 4099 634 4171 Ἀσὴρ
664 4102 758 4156 τὴν
791 4103 1063 4172 σιτοφόρον
1109 4106 1310 4175 χώραν·
1360 4105 1450 4153 καὶ
1498 4107 1588 4152 τοῦ
1617 4101 1825 4172 Νεφθα-

215 4187 340 4258 λεὶμ
381 4190 474 4244 τὴν
519 4186 590 4248 εἰς
621 4185 818 4248 πλῆθος
849 4184 1107 4241 ἐπίδοσιν·
1149 4197 1302 4242 τοῦτο
1334 4192 1436 4264 γὰρ
1473 4193 1588 4261 ἔφη·
1638 4211 1665 4238 ‹‹
1710 4191 1824 4240 Στέ-

215 4277 383 4347 λιχος
414 4273 671 4347 ἀνειμένον
718 4273 994 4339 ἐπιδιδοὺς
1037 4277 1085 4329 ἐν
1124 4287 1196 4350 τῷ
1225 4285 1506 4351 γεννήματι
1553 4277 1755 4338 κάλλος·
1794 4299 1820 4328 ››

217 4362 337 4419 εἶτα
416 4372 508 4418 τοῦ
573 4365 766 4436 Ἰωσὴφ
827 4369 910 4418 τόν
960 4369 1160 4438 φθόνον,
1207 4372 1296 4420 καὶ
1343 4371 1431 4428 τὰς
1487 4363 1823 4425 παντοδαπὰς
1857 4401 1901 4455 D

217 4451 496 4517 ἐπιδείξας
568 4452 862 4520 ἐπιϐουλὰς,
936 4459 1028 4513 τὴν
1078 4458 1215 4509 θείαν
1278 4459 1423 4529 ὑμνεί
1487 4453 1821 4528 κηδεμονίαν,

222 4541 301 4597 δι’
385 4545 445 4603 ἧς
495 4547 614 4606 τοὺς
683 4543 1097 4616 πεπολεμηκότας
1160 4545 1383 4604 ἐνίκησε.
1449 4570 1468 4596 ε
1551 4544 1822 4620 Συνετρίϐη

217 4635 350 4707 γὰρ,
405 4636 555 4705 φησὶ,
613 4635 744 4705 μετὰ
789 4636 1015 4706 κράτους
1069 4638 1133 4686 τὰ
1186 4635 1310 4698 τόξα
1357 4636 1544 4700 αὐτῶν,
1605 4640 1694 4687 καὶ
1752 4635 1827 4698 ὲξο

221 4722 384 4779 ελύθη
415 4729 568 4794 νεῦρα
607 4719 907 4794 βραχιόνων
949 4731 1140 4797 χειρῶν
1182 4724 1369 4792 αὐτῶν,
1401 4721 1493 4777 διὰ
1521 4732 1680 4796 χεῖρα
1727 4721 1828 4776 δυ-

220 4813 426 4864 νάστου
483 4809 694 4864 Ἰακώϐ·
778 4809 964 4864 ἐκεῖθεν
1021 4813 1046 4864 6
1094 4816 1434 4885 κατισχύσας
1495 4832 1552 4865 σε
1611 4813 1819 4887 Ἰσραὴ)

222 4903 376 4974 παρὰ
406 4906 539 4952 Θεοῦ
588 4906 678 4951 τοῦ
713 4904 909 4974 Πατρός
959 4919 1076 4953 σου·
1113 4907 1202 4954 καὶ
1233 4901 1486 4960 ἐϐοήθησέ
1515 4922 1600 4954 σοι
1643 4904 1667 4954 6
1699 4906 1830 4964 Θεὸς

224 4993 252 5043 ὁ
301 4989 449 5057 ἐμός·
504 4993 592 5041 καὶ
650 4987 901 5060 εὐλόγησέ
949 5009 1004 5042 σε
1059 4990 1293 5061 εὐλογίαν
1346 4991 1566 5064 οὐρανοῦ
1617 4993 1826 5056 ἄνωθεν,

225 5083 321 5132 καὶ
348 5077 582 5149 εὐλογίαν
621 5086 718 5140 τῆς
765 5077 998 5150 ἐχούσης
1047 5082 1232 5146 πάντα,
1275 5102 1300 5131 ιι
1333 5085 1422 5133 καὶ
1461 5081 1597 5144 ἑξῆς·
1647 5077 1720 5134 δι’
1761 5078 1828 5132 ὧν

303 5233 348 5267 δ’
379 5230 503 5287 Jos.
545 5246 666 5298 xu,
706 5231 802 5287 47.
851 5231 899 5267 ⁴⁸
932 5229 1144 5287 Genes.
1168 5248 1320 5299 xux,
1352 5235 1553 5301 24,25.

2004 3654 2056 3708 9.
2074 3652 2240 3709 Gado
2254 3651 2484 3708 futuras
2504 3667 2540 3707 a
2567 3651 2865 3706 latronum
2879 3647 3324 3706 incursionibus
3340 3645 3593 3702 insidias

1933 3743 2254 3800 ominatur.
2291 3742 2524 3798 Idenim
2545 3740 2710 3798 aiunt
2748 3739 2960 3806 verba,
3000 3737 3438 3809 «direptioeum
3455 3735 3593 3790 diri-

1933 3834 2072 3906 piet.
2105 3853 2129 3884 ν
2155 3833 2302 3887 Tum
2333 3831 2514 3888 etiam
2549 3830 2867 3886 victoriam
2896 3828 3150 3900 spondet
3180 3842 3194 3882 :
3219 3826 3371 3896 ipse,
3403 3824 3592 3896 inquit

1934 3938 2077 3979 mox
2116 3921 2352 3994 diripiet
2406 3920 2596 3975 illum.
2665 3920 2848 3974 Asero
2920 3917 3188 3973 similiter
3239 3912 3589 3983 frugiferum

1933 4026 2141 4081 agrum
2162 4009 2428 4081 praedicit
2449 4007 2854 4079 ;Nephtalimo
2881 4005 3104 4061 sobolis
3120 4005 3586 4060 incrementum:

1933 4099 2015 4154 sic
2045 4098 2204 4153 enim
2231 4096 2633 4165 intelliguntur
2665 4095 2867 4159 verba,
2908 4095 3142 4150 caudex
3198 4090 3472 4153 emissus,
3518 4104 3592 4145 ex

1932 4204 1993 4243 se
2006 4187 2260 4257 gignens
2281 4185 2738 4257 pulchritudinis
2761 4198 3024 4256 germen.
3043 4180 3264 4237 Deinde
3294 4178 3591 4234 infensam

1931 4275 2487 4348 Josephoinvidiam
2506 4275 2824 4345 variasque
2857 4272 3131 4345 pandens
3151 4269 3418 4334 insidias,
3446 4266 3594 4322 divi-

1931 4381 2075 4422 nam
2096 4363 2823 4427 celebratProvidentiam,
2854 4378 2975 4434 qua
2995 4365 3182 4416 tectus
3217 4355 3591 4414 adversarios

1933 4473 2074 4514 suos
2152 4453 2474 4527 superavit.
2538 4473 2563 4504 α
2629 4452 2869 4508 Contriti
2923 4456 3080 4516 sunt,
3141 4448 3353 4520 inquit,
3415 4460 3592 4502 arcus

1933 4561 2162 4609 eorum,
2179 4560 2192 4611 ;
2207 4543 2422 4615 dilapsi
2446 4548 2582 4598 sunt
2603 4540 3157 4598 nervibrachiorum
3180 4549 3592 4607 manuumque

1935 4651 2142 4692 eorum
2173 4649 2279 4706 per
2316 4648 2566 4688 manum
2616 4631 2876 4704 potentis
2927 4628 3130 4685 Jacob.
3171 4626 3332 4682 Illinc
3378 4623 3480 4697 qui
3538 4630 3592 4678 te

1937 4724 2182 4781 roborat
2207 4722 2382 4779 lsrael
2419 4738 2456 4777 a
2493 4722 2610 4776 Deo
2637 4720 2819 4776 Patris
2860 4719 2964 4774 tui.
3007 4716 3339 4789 Opitulatus
3361 4718 3448 4769 est
3485 4712 3592 4769 tibi

1940 4815 2093 4881 Deus
2133 4829 2301 4868 meus
2338 4809 2674 4871 :benedixit
2703 4809 2800 4864 tibi
2818 4805 3222 4862 benedictione
3257 4803 3388 4859 caeli
3418 4802 3594 4858 desu-

1940 4919 2066 4975 per,
2109 4906 2396 4973 terrasque
2426 4897 2838 4957 benedictione
2852 4895 3056 4951 omnia
3077 4890 3436 4949 continentis
3463 4891 3510 4927 η
3531 4905 3589 4956 ;››

1941 4997 1997 5048 et
2025 4991 2275 5064 reliqua.
2310 4989 2535 5056 Quibus
2556 4986 2838 5044 omnibus
2869 4984 3060 5040 verbis
3083 4986 3270 5038 Deum
3294 4997 3472 5036 suum
3497 4995 3594 5036 ce-

1940 5079 2330 5154 lebravit,qui
2350 5094 2413 5136 se
2441 5078 2607 5135 fratri
2628 5074 2966 5133 adversario
2992 5072 3360 5146 superiorem
3395 5068 3596 5128 reddi-

1872 5386 2096 5444 ΝΟΤιλΕα

302 5537 420 5613 (60)
452 5542 538 5595 lta
566 5537 787 5595 habent
813 5537 944 5613 LXX
980 5537 1349 5613 interpretes,
1379 5555 1533 5613 quos
1563 5539 1833 5613 sequitur

228 5608 510 5684 Plautius;
541 5624 740 5684 neque
779 5608 964 5666 ullam
989 5608 1345 5684 varietatem
1393 5608 1501 5684 ego
1529 5608 1729 5684 reperi
1769 5610 1832 5667 in

228 5680 610 5744 Holmesiana
620 5680 975 5740 diversarum
986 5681 1292 5740 lectionum
1308 5680 1510 5755 magna
1520 5680 1830 5755 farragine.

1939 5540 2154 5594 Textus
2183 5542 2384 5594 tamen
2413 5536 2534 5594 Lat.
2575 5536 2857 5606 vulgatus
2884 5533 3222 5606 habetalia,
3267 5528 3406 5602 quia
3441 5527 3593 5606 lecta

1941 5608 2050 5738 {ﬁt
2087 5610 2146 5666 in
2177 5607 2465 5667 Hebraico
2502 5600 2830 5682 archetypo
2894 5605 3178 5664 vicesima
3215 5600 3325 5676 pro
3379 5600 3594 5674 quarta

2035 5697 2155 5740 era.
