4076 6202
410 284 549 341 10⁸19

1646 282 1882 339 ΡΗΟΤΙΙ
1922 278 2407 335 ΡΑΤΒΙΑΒΟΗᾸΕ
2445 280 2553 339 CP.

2344 160 2375 191 ‘

3650 282 3800 338 1080

408 409 530 466 dit:
574 409 885 481 ﬁliumque
908 408 1129 480 pariter
1168 425 1361 475 suum,
1411 414 1613 465 contra
1663 424 1847 481 quem
1907 410 2070 461 tanta

2195 404 2421 457 Ξιπάντων
2467 407 2665 479 ύμνησε
2714 410 2800 459 τόν
2864 407 3049 459 οἰκεῖον
3111 410 3261 471 Θεὸν,
3332 408 3388 469 ὃς
3472 411 3562 458 καὶ
3630 408 3795 460 αὐτόν

407 499 660 555 fratrum
692 498 864 553 turba
890 498 1326 568 conjuraverat.
1374 501 1548 568 Hanc,
1575 499 1783 569 inquit,
1828 494 2069 551 tutelam

408 594 621 645 nactus
639 605 703 644 es
731 592 973 661 propter
994 593 1155 643 tuum
1180 604 1323 659 erga
1354 595 1629 660 parentes
1656 588 1943 642 studium.
1979 584 2070 639 Sic

411 679 571 735 enim
594 678 881 746 intelligas
904 675 1082 732 verba
1116 697 1126 735 :
1155 682 1395 749 propter
1422 677 1898 733 benedictionem
1931 673 2072 728 ube-

412 784 548 824 rum
576 776 633 823 et
661 766 877 831 vulvas,
897 766 1373 822 benedictionem
1398 768 1581 838 patris
1609 766 1935 837 matrisque
1958 770 2070 818 tuae

415 858 470 912 Is
510 856 669 912 enim
700 855 858 911 senis
896 856 1079 927 patris
1094 855 1399 912 sollicitam
1424 872 1629 912 curam
1648 854 1829 927 gessit
1864 851 2071 924 :quid-

414 945 563 1018 quid
585 949 786 1001 autem
809 944 957 1016 patri
975 944 1126 1009 fecit,
1149 944 1208 1000 id
1240 945 1474 1017 utrique
1500 944 1727 1017 parenti
1749 956 2071 999 commune

415 1034 629 1090 dicitur
662 1052 675 1089 :
711 1046 974 1106 namque
1006 1038 1064 1089 et
1090 1040 1279 1090 mater
1318 1034 1595 1090 eamdem
1627 1049 1833 1089 curam
1862 1030 2071 1086 fuisset

418 1128 682 1196 experta,
706 1123 822 1178 nisi
840 1123 1014 1177 citius
1029 1123 1149 1179 vita
1167 1124 1532 1179 excessisset.
1554 1122 1772 1178 Deinde
1798 1125 2074 1193 precatur

417 1214 469 1269 ei
499 1212 832 1285 preclaram
864 1211 1114 1278 famam,
1147 1216 1329 1284 atque
1368 1216 1433 1267 ut
1460 1212 1623 1284 apud
1654 1226 1865 1267 omnes
1894 1208 2072 1265 incla-

414 1306 635 1358 rescat:
660 1320 688 1352 «
706 1300 1059 1372 Exsuperes,
1079 1301 1291 1373 inquit,
1328 1301 1767 1357 benedictiones
1786 1299 2070 1354 montium

416 1390 837 1455 immobilium,
859 1388 1331 1461 desideriumque
1350 1390 1636 1446 clivorum
1650 1394 2067 1445 aeternorum.»

416 1482 549 1536 Haec
568 1478 712 1535 ﬁent
741 1480 802 1536 in
828 1481 1021 1552 capite
1050 1479 1317 1550 Josephi,
1342 1480 1402 1535 in
1423 1480 1639 1534 vertice
1655 1494 1915 1550 quorum
1946 1477 2071 1548 ipse

414 1569 538 1626 dux
563 1574 650 1625 est
670 1567 938 1624 fratrum.
963 1568 1131 1624 Haud
1151 1568 1511 1624 vocabulum
1538 1570 1678 1629 θίνας
1709 1566 1943 1639 Aquila,
1966 1566 2073 1621 sed

416 1657 636 1731 βουνούς
677 1658 892 1728 posuit.
939 1658 1116 1713 Sicuti
1176 1673 1317 1727 ergo
1358 1657 1571 1729 procul
1622 1655 2074 1727 conspiciuntur

2183 499 2445 568 κρείττονα
2500 504 2591 549 τοῦ
2645 497 3060 567 πεπολεμηκότος
3103 495 3349 567 ἁπεφηνεν
3382 493 3633 567 ἀδελφοῦ,
3696 503 3792 550 καὶ

2184 588 2267 636 τόν
2324 588 2433 636 υἱόν
2492 585 2702 657 ἄμαχον
2757 583 2919 649 ἔδειξε
2986 589 3129 659 παρά
3200 588 3459 638 τοσούτων
3550 583 3791 658 ἀδελφῶν

2182 672 2622 729 ἐπιϐουλευθέντα.
2675 678 2878 735 Ταύτης
2923 672 2999 743 δὲ,
3050 680 3202 746 φησὶ,
3234 684 3324 734 τῆς
3353 672 3673 746 κηδεμονίας
3706 696 3793 728 τε-

2182 767 2449 834 τύχησας,
2482 774 2571 824 τῆς
2622 765 2689 826 εἰς
2724 769 2842 825 τούς
2887 769 3255 835 γεγεννηκότας
3286 768 3560 838 θεραπείας
3590 768 3791 836 μισθόν

2179 855 2544 925 κομισάμενος·
2579 862 2730 906 τούτο
2778 856 2880 927 γὰρ
2909 854 3064 924 λέγει,
3101 876 3123 902 α
3158 853 3354 907 Ἐνεκεν
3398 854 3636 925 εὐλογίας
3687 877 3793 926 μα-

2184 944 2319 994 σθῶν
2376 948 2465 994 καὶ
2512 949 2729 1016 μήτρας9
2787 944 3017 1014 εὐλογίας
3066 948 3257 1017 πατρός
3305 963 3398 995 σου
3446 949 3536 995 καὶ
3582 948 3790 1018 μητρός

2185 1050 2299 1083 σου·
2342 1052 2369 1081 »
2396 1037 2705 1104 γηρωκόμος
2734 1036 2835 1105 γὰρ
2872 1039 2961 1084 τοῦ
2990 1036 3184 1107 πατρὸς
3216 1030 3502 1093 σπουδαῖος
3534 1032 3784 1104 ἐγεγόνειο

2181 1123 2246 1173 τὰ
2276 1116 2333 1173 δε
2362 1122 2435 1183 εἰς
2465 1122 2619 1173 αὐτὸν
2648 1125 2979 1194 γεγενημένα,
3004 1124 3153 1174 κοινά
3182 1122 3343 1175 αὐτοῦ
3367 1142 3422 1174 τε
3450 1128 3536 1175 καὶ
3569 1131 3662 1182 τῆς
3684 1142 3791 1194 μη-

2180 1214 2302 1284 τρός
2330 1208 2459 1262 εἶναί
2483 1227 2639 1282 φησι·
2670 1214 2866 1272 ταύτης
2894 1213 2995 1283 γὰρ
3035 1209 3096 1261 ἂν
3112 1218 3202 1271 τῆς
3230 1207 3542 1282 κηδεμονίας
3567 1211 3787 1268 κάκείνη

2183 1298 2500 1369 ἀπήλαυσεν,
2534 1301 2576 1352 εἰ
2624 1304 2694 1371 μή
2731 1301 2913 1353 θᾶττον
2955 1298 3133 1362 ἐξῆλθε
3162 1307 3253 1352 τοῦ
3305 1298 3445 1372 βίου’
3490 1299 3604 1353 εἶτα
3644 1300 3793 1353 6x93-

2182 1408 2339 1460 χεται
2396 1389 2536 1459 αύτῷ
2586 1391 2936 1464 περιφάνειαν,
2988 1391 3121 1441 ὥστε
3160 1391 3401 1459 γενέσθαι
3454 1390 3605 1442 αὐτὸν
3644 1393 3797 1461 παρὰ

2183 1483 2342 1529 πᾶσιν
2373 1476 2649 1550 ἐπίσημον.
2680 1501 2707 1528 ‹‹
2734 1478 3150 1552 ’Υπερισχύσαις
3186 1481 3310 1551 γὰρ,
3340 1484 3518 1551 φησὶν,
3548 1481 3679 1551 ὑπὲρ
3709 1479 3799 1531 εὖ-

2182 1566 2357 1637 λογίας
2395 1567 2549 1639 ὀρέων
2577 1572 2806 1639 μονίμων
2834 1574 2924 1619 καὶ
2960 1570 3235 1639 ἐπιθυμίας
3284 1569 3434 1619 θινῶν
3479 1572 3723 1620 αἰωνίων·
3765 1590 3795 1619 n

2183 1659 2388 1708 ἔσονται
2427 1655 2510 1709 ἐπὶ
2547 1657 2768 1728 κεφαλῆς
2810 1658 3026 1729 Ἰωσὴφ,
3055 1662 3145 1709 καὶ
3184 1656 3263 1708 ἐπὶ
3294 1664 3526 1729 κορυφῆς
3556 1655 3623 1708 ὧν
3657 1660 3800 1728 ἡγή-

421 1761 527 1801 seu
565 1745 747 1801 colles
790 1761 896 1800 seu
942 1749 1195 1811 montes,
1241 1745 1455 1801 horum
1481 1745 1671 1800 instar
1736 1744 2075 1815 patriarcha

2195 1765 2311 1798 τατο
2344 1742 2599 1817 ἀδελφῶν·
2648 1750 2705 1797 τό
2751 1743 2810 1798 δε
2857 1748 3000 1805 θῖνας
3038 1748 3064 1796 6
3111 1745 3332 1806 Ἀκύλας
3362 1744 3585 1817 βουνούς
3615 1748 3797 1819 ἡρμή-

417 1839 583 1906 optat
606 1834 1003 1905 conspicuum
1030 1835 1154 1890 ﬁeri
1184 1834 1506 1906 Josephum
1546 1838 1727 1906 atque
1801 1833 2073 1890 omnium

421 1922 917 1979 illustrissimum.

498 2104 550 2157 7.
595 2102 854 2173 Denique
888 2101 1300 2172 Benjaminum
1328 2100 1475 2156 dixit
1512 2100 1722 2172 lupum
1796 2115 2075 2172 rapacem

426 2196 669 2264 propter
698 2207 834 2247 eam
854 2208 991 2263 quae
1039 2191 1285 2262 contigit
1312 2191 1451 2245 huic
1478 2190 1653 2245 tribui
1684 2190 1936 2245 cladem.
1980 2189 2079 2244 Id-

424 2282 581 2337 circo
620 2280 838 2352 adjecit
880 2296 892 2334 :
950 2299 977 2331 «
1018 2282 1183 2335 Mane
1243 2279 1533 2344 comedet,
1588 2295 1838 2351 vespere
1877 2278 2079 2335 cibum

422 2368 736 2424 distribuet
765 2370 832 2420 ‘9.
871 2389 898 2416 »
912 2371 1058 2424 Nam
1094 2368 1287 2441 primo
1311 2369 1614 2441 alteroque
1631 2383 1960 2437 congressu
1985 2383 2081 2422 su-

419 2460 684 2531 periores
716 2459 1082 2529 Beniamitae,
1118 2459 1195 2513 ad
1243 2465 1576 2513 extremum
1610 2458 1877 2513 funditus
1908 2456 2081 2512 deleti

420 2547 677 2613 fuerunt,
703 2547 909 2619 paucis
935 2547 1268 2603 admodum
1282 2548 1562 2618 exceptis,
1583 2548 1804 2619 quibus
1836 2548 2083 2601 victores

421 2635 830 2692 misericordia
849 2636 1137 2691 commoti
1160 2636 1412 2690 feminas
1428 2635 1674 2707 quidem
1690 2635 1749 2691 in
1777 2635 2080 2690 matrimo-

420 2726 589 2782 nium
615 2725 695 2781 ob
734 2729 1088 2781 sacramenti
1128 2725 1477 2796 religionem
1509 2740 1631 2780 non
1688 2725 2080 2789 tradiderunt,

426 2814 595 2871 aliter
624 2820 823 2870 tamen
841 2815 925 2870 eis
951 2814 1192 2884 nuptias
1225 2814 1717 2870 conciliaverunt.
1749 2814 1949 2885 Neque
2003 2819 2086 2868 ta-

425 2920 563 2961 men
596 2904 986 2960 nesciendum
1014 2909 1100 2959 est
1144 2903 1464 2959 nonnullos
1487 2904 1601 2959 hoc
1630 2903 1977 2959 vaticinium
2009 2903 2087 2958 ad

426 2994 630 3051 divum
670 2994 915 3050 Paulum
942 2994 1192 3050 traxisse
1225 3011 1237 3049 :
1266 2994 1364 3049 hic
1390 2994 1550 3049 enim
1571 2993 1697 3065 lupi
1726 2993 1841 3048 ritu
1870 2991 2087 3047 noxius

2182 1852 2377 1887 νευσενο
2425 1831 2606 1893 ἐπειδὴ
2656 1840 2826 1887 τοίνυν
2857 1835 3117 1909 πόρρωθεν
3145 1836 3361 1908 ὁρῶνται
3393 1842 3484 1887 καὶ
3514 1838 3563 1887 οἱ
3604 1834 3799 1907 βουνοί

2184 1928 2273 1975 καὶ
2321 1926 2385 1975 τὰ
2433 1928 2548 1995 ὅρη,
2598 1927 2802 1986 τούτοις
2839 1923 3221 1998 παραπλησίως
3268 1925 3481 1995 εύχεται
3527 1931 3799 1998 γνώριμον

2185 2014 2340 2065 αύτὸν
2365 2016 2605 2085 γενέσθαι
2633 2020 2724 2065 καὶ
2754 2017 2959 2067 πάντων
2989 2019 3441 2088 περιφανέστατον.

2258 2103 2320 2162 ζ’.
2352 2106 2449 2155 Τὸν
2500 2099 2558 2155 δε
2615 2108 2849 2175 Βενιαμὶν
2900 2103 3049 2154 λύκον
3096 2103 3311 2177 ἅρπαγα
3344 2103 3562 2160 κέκληκε
3604 2100 3704 2155 διὰ
3732 2108 3797 2155 τό

2190 2190 2517 2263 συμϐεϐηκός
2559 2194 2723 2253 πάθος
2772 2200 2833 2264 τῇ
2906 2194 3092 2244 τούτου
3156 2191 3307 2264 φυλῇ,
3364 2195 3450 2244 Διὸ
3535 2191 3791 2263 ἐπήγαγε·

2189 2300 2215 2330 (‹
2265 2284 2335 2333 Τό
2382 2284 2602 2355 πρωῑνόν
2646 2280 2841 2345 ἔδεται,
2891 2287 2981 2333 καὶ
3028 2281 3098 2343 εἰς
3145 2285 3202 2332 τό
3252 2281 3470 2353 ἑσπέρας
3525 2277 3801 2334 διαδώσεε

2188 2375 2400 2440 τροφήν·
2444 2392 2473 2422 »
2492 2370 2540 2421 ἐν
2584 2372 2684 2442 γὰρ
2734 2378 2796 2441 τῇ
2855 2376 3029 2442 πρώτῃ
3088 2375 3178 2422 καὶ
3231 2366 3450 2443 δευτέρᾳ
3507 2370 3792 2443 συμπλοκῇ

2189 2463 2522 2523 νενικηκότες,
2598 2460 2812 2531 ὕστερον
2868 2455 3039 2530 ἄρδην
3098 2457 3380 2522 ἀπώλοντο,
3435 2459 3567 2517 πλὴν
3620 2460 3802 2533 εύαρι-

2194 2549 2397 2617 θμήτων
2444 2557 2591 2600 τινῶν
2620 2547 2819 2618 ὀλίγων,
2877 2548 2965 2609 ούς
2991 2550 3040 2599 οἱ
3065 2553 3380 2607 νενικηκότες
3424 2548 3799 2621 οἰκτείραντες,

2194 2633 2376 2688 δοῦναι
2428 2640 2515 2708 μὲν
2565 2638 2743 2698 αὐτοῖς
2776 2645 3030 2707 γυναῖκας
3067 2633 3160 2689 διὰ
3194 2640 3281 2689 τόν
3312 2639 3463 2707 ὁρκον
3492 2634 3797 2705 ὑπείδοντο,

2194 2726 2376 2794 ἑτέρως
2424 2723 2474 2777 δ’
2519 2726 2695 2787 αὐτοῖς
2753 2729 2840 2777 τὸν
2878 2728 3046 2795 γάμον
3104 2726 3537 2798 ἐμηχανήσαντο·
3599 2724 3805 2780 εἰδέναι

2195 2810 2253 2865 δὲ
2282 2819 2389 2885 χρὴ
2424 2817 2487 2874 ὡς
2525 2834 2655 2876 τινες
2699 2811 2857 2873 τήνδε
2904 2820 2995 2873 τὴν
3022 2814 3310 2889 πρόρρησιν
3351 2816 3424 2877 εἰς
3475 2819 3563 2868 τόν
3610 2818 3807 2870 θεσπέ-

2197 2922 2306 2955 σιον
2358 2902 2556 2956 ΙΙαύλον
2615 2904 2855 2955 εἰλκυσαν
2911 2905 3045 2975 (61)·
3096 2904 3254 2956 λύκου
3312 2908 3409 2977 γὰρ
3480 2900 3638 2962 δίκην
3690 2905 3806 2957 ἐλυ-

2194 2997 2401 3063 μαίνετο
2458 2998 2549 3050 τὴν
2607 2992 2920 3050 Ἐκκλησίαν
2977 2996 3113 3045 κατὰ
3176 2997 3293 3053 τοὺς
3369 2996 3545 3053 οἴκους
3616 2993 3801 3045 εἰσπο-

426 3084 701 3140 Εοοιοεὶω
722 3083 896 3138 fuitin
930 3083 1500 3155 domosirrumpens
1525 3100 1538 3149 ;
1564 3086 1773 3155 postea
1799 3098 1933 3137 vero
1967 3080 2088 3153 spi-

2195 3086 2481 3155 ρευόμενος,
2537 3082 2749 3155 ὕστερον
2800 3079 2859 3134 δε
2911 3087 3004 3139 τήν
3066 3087 3418 3154 πνευματικὴν
3482 3087 3680 3155 τροφὴν
3733 3091 3799 3152 τῇ

424 3173 659 3230 ritalem
682 3189 883 3229 escam
905 3174 1033 3229 orbi
1060 3173 1379 3229 distribuit.
1411 3176 1737 3245 Postquam
1768 3173 1897 3228 hinc
1921 3174 2086 3226 Jaco-

424 3262 540 3335 bus
580 3262 845 3327 dixisset,
870 3278 1168 3334 suumque
1191 3262 1421 3318 obitum
1448 3261 1861 3326 nuntiavisset,
1897 3258 2087 3331 pergit

424 3352 619 3407 dicere
644 3350 959 3406 historicus
988 3370 999 3405 :
1030 3350 1299 3406 Collectis
1326 3352 1388 3405 in
1408 3350 1627 3405 lectulo
1659 3350 1932 3421 pedibus,
1958 3349 2090 3405 ani-

352 3474 355 3475 ν
422 3455 589 3497 mam
629 3440 768 3510 egit,
810 3445 866 3494 et
886 3439 962 3495 ad
989 3439 1285 3511 populum
1325 3456 1504 3494 suum
1539 3440 1849 3510 appositus
1878 3444 1983 3493 est.
2026 3438 2087 3493 ld

424 3528 627 3601 ipsum
648 3527 983 3583 Abrahamo
1005 3544 1247 3599 quoque
1274 3528 1504 3582 dixerat
1534 3528 1876 3583 communis
1897 3529 2085 3582 Deus:

425 3619 561 3673 «Tu
582 3632 719 3671 vero
747 3616 945 3671 abibis
989 3618 1065 3671 ad
1118 3622 1315 3687 patres
1366 3621 1521 3681 tuos,
1574 3615 1730 3671 bona
1789 3620 2087 3671 senectute

426 3705 686 3761 nutritus
727 3706 793 3759 ⁸ο.
828 3724 854 3755 ››
900 3705 1041 3760 Hinc
1080 3705 1261 3760 etiam
1296 3706 1587 3760 Dominus
1618 3703 2085 3761 Sadducaeorum

428 3794 903 3850 incredulitatem
935 3794 1299 3866 coarguebat
1342 3794 1547 3849 dicens
1588 3811 1600 3848 :
1634 3793 1847 3865 «quod
1887 3799 2086 3849 autem

432 3883 649 3939 mortui
673 3884 988 3939 surrecturi
1027 3884 1164 3949 sint,
1209 3899 1407 3939 nonne
1435 3884 1660 3953 legistis
1692 3893 1717 3941 ?
1759 3885 1879 3954 Ego
1939 3886 2089 3937 Deus

432 3972 757 4028 Abrahami
788 3978 844 4029 et
883 3973 1060 4029 Isaaci
1090 3978 1148 4029 et
1174 3973 1380 4030 Jacobi
1413 3974 1486 4029 δι.
1526 3994 1554 4025 ››
1595 3975 1722 4028 Non
1779 3977 1870 4027 est
1911 3974 2086 4038 Deus,

433 4066 808 4118 mortuorum
824 4065 993 4128 Deus,
1016 4063 1122 4119 sed
1150 4062 1494 4119 viventium.
1517 4083 1544 4114 »
1570 4062 1685 4135 Ipsi
1707 4061 1895 4132 gloria
1908 4061 1968 4116 in
1983 4056 2089 4115 sre-

434 4150 594 4210 cula.
626 4153 839 4208 Amen.

578 4274 901 4342 QUESTIO
938 4274 1394 4421 CCLXlC[éllo)ig)l(.J
1417 4275 1725 4344 CCLXXXI,
1763 4279 1943 4335 Taur.

510 4454 661 4522 Quid
691 4454 791 4513 hoc
818 4456 1080 4511 ostendat
1110 4456 1325 4511 rubum
1357 4456 1569 4512 ardere
1597 4471 1698 4512 nec
1728 4455 2016 4512 comburi.

2195 3170 2463 3243 οἰκουμένη
2520 3167 2759 3224 διέδωκε.
2810 3178 2989 3223 Ταῦτα
3034 3179 3124 3223 τοῦ
3158 3170 3345 3225 Ἰακωϐ
3374 3171 3659 3244 εἰρηκότος,
3709 3178 3801 3223 καὶ

2194 3264 2281 3317 τὴν
2335 3260 2526 3311 οἰκείαν
2584 3260 2818 3318 τελευτὴν
2894 3264 3269 3331 μεμηνυκότος,
3357 3262 3382 3310 6
3458 3265 3801 3332 συγγραφεύς

2196 3351 2307 3420 ἔφη’
2370 3369 2392 3397 a
2440 3353 2538 3401 Καί
2590 3347 2777 3422 ἐξάρας
2807 3353 2920 3408 τούς
2964 3345 3132 3410 πόδας
3165 3349 3325 3401 αύτού
3369 3348 3453 3400 ἐπὶ
3481 3354 3575 3406 τήν
3619 3349 3807 3407 κλίνην

2196 3436 2407 3499 ἐξελιπε,
2435 3442 2525 3488 καὶ
2568 3439 2852 3507 προσετέθη
2886 3441 3010 3508 πρὸς
3056 3441 3141 3489 τόν
3183 3437 3304 3489 λαὸν
3353 3437 3532 3489 αὐτοῦ’
3566 3458 3595 3489 ν
3646 3448 3807 3491 τοῦτο

2198 3523 2256 3578 δε
2311 3532 2397 3577 καὶ
2453 3530 2575 3597 πρὸς
2623 3529 2739 3586 τούς
2795 3525 3035 3598 Ἀϐρααμ
3090 3528 3114 3577 ό
3170 3535 3266 3578 τῶν
3325 3526 3452 3577 ὅλων
3501 3529 3596 3598 ἔφη
3657 3533 3807 3589 Θεὸς

2201 3636 2228 3667 ‹‹
2277 3618 2341 3667 Σύ
2402 3612 2461 3667 δε
2505 3613 2761 3686 ἀπελεύση
2794 3619 2923 3687 πρὸς
2956 3619 3071 3675 τούς
3098 3620 3321 3689 πατέρας
3370 3634 3463 3667 σου
3516 3616 3566 3667 ἐν
3602 3616 3811 3689 εἰρήνη,

2196 3709 2404 3776 τραφεὶς
2461 3704 2507 3755 ἐν
2550 3708 2703 3775 γήρει
2758 3703 2917 3773 καλῷ·
2983 3726 3005 3754 n
3048 3703 3272 3756 ἐντεῦθεν
3305 3706 3441 3756 καὶό
3486 3709 3678 3779 Κύριος
3720 3714 3809 3763 τήν

2197 3802 2294 3844 τῶν
2326 3788 2699 3845 Σαδδουκαίων
2740 3790 2982 3843 ἀπιστίαν
3039 3789 3305 3862 διήλεγξεν
3350 3792 3589 3863 εἰρηκώς·
3628 3816 3655 3844 α
3689 3794 3815 3846 Ὀτι

2200 3879 2257 3934 δε
2305 3880 2588 3953 ἐγείρονται
2640 3883 2687 3932 οἰ
2734 3886 2903 3954 νεκροὶ
2951 3881 3044 3933 ούκ
3092 3880 3337 3951 ἀνέγνωτε
3369 3898 3383 3946 ;
3419 3881 3551 3952 Ἐγὼ
3605 3884 3631 3933 6
3684 3890 3816 3944 Θεὸς

2200 3970 2439 4043 ’Λϐραὰμ
2489 3975 2579 4021 καὶ
2620 3970 2800 4022 Ἰσαὰκ
2846 3974 2936 4021 καὶ⁹
2981 3969 3185 4023 Ἰακώϐ.
3235 3992 3255 4018 ι
3301 3970 3412 4021 Ούκ
3456 3972 3599 4022 ἔστιν
3627 3974 3653 4023 6
3684 3978 3815 4033 Θεὸς

2200 4063 2328 4122 Θεὸς
2372 4068 2581 4134 νεκρῶν,
2634 4056 2762 4109 ἀλλὰ
2818 4058 3042 4119 ζώντων.
3090 4061 3240 4129 Αύτῷ
3301 4060 3331 4117 ἡ
3380 4054 3514 4120 δόξα.
3570 4060 3645 4123 εἰς
3694 4067 3813 4122 τούς

2199 4149 2407 4211 αἰῶνας.
2436 4149 2625 4220 Ἀμήν.

2751 4279 3063 4326 ΕΡΩΤΗΣΙΣ
3103 4274 3256 4330 ΣΞΑ’.

2126 4458 2262 4525 DTi
2316 4450 2469 4509 δηλοῖ
2544 4456 2623 4518 τὸ,
2676 4457 2764 4510 τήν
2825 4450 2984 4524 βάτον
3056 4453 3301 4505 καίεσθαι
3367 4457 3455 4504 καὶ
3510 4458 3578 4524 μὴ
3652 4474 3818 4506 κατα-

2860 4524 3102 4576 καίεσθαι
3131 4540 3144 4589 ;

1283 4632 1483 4683 Editaa
1518 4633 1653 4683 Maio
1682 4634 1834 4695 (Nov.
1862 4633 1992 4683 Coll.
2024 4636 2061 4681 t.
2090 4632 2173 4687 IX.
2206 4647 2256 4695 p.
2292 4632 2417 4681 126).
2452 4658 2513 4666 —
2537 4630 2705 4679 Exod.
2757 4643 2842 4685 III,
2875 4632 2921 4678 2.

518 4748 639 4806 Ηοο
672 4749 770 4805 Dei
810 4749 1135 4823 potentiam
1178 4757 1357 4821 atque
1398 4765 1656 4805 amorem
1711 4751 1768 4804 in
1820 4750 2095 4805 homines

443 4837 947 4912 proclamatquod
963 4838 1179 4894 rubum
1214 4839 1316 4911 qui
1348 4838 1614 4906 lignosus
1638 4844 1763 4894 erat
1795 4854 1908 4893 non
1940 4853 2096 4893 com-

443 4927 640 4983 bussit
678 4927 1178 4997 inexstinguibilis
1211 4926 1703 4997 ignis.Praaterea
1759 4943 1973 4983 censeo
2022 4927 2098 4983 ab

2276 4752 2379 4805 Τήν
2421 4754 2510 4799 τοῦ
2543 4754 2675 4799 Θεοῦ
2717 4743 2939 4818 δύναμιν
2987 4752 3075 4799 καὶ
3120 4748 3506 4821 φιλανθρωπίαν
3542 4754 3815 4822 κηρύττει,

2209 4838 2288 4888 ὅτι
2329 4833 2643 4911 φρυγανωδη
2686 4833 2847 4889 οὖσαν
2899 4836 2992 4888 ούκ
3020 4835 3264 4894 ἀνήλισκε
3293 4841 3349 4889 τὸ
3394 4837 3652 4892 ἄσϐεστον
3684 4849 3814 4913 πύρ-

2209 4924 2355 5003 οἷμαι
2415 4923 2473 4977 δε
2515 4922 2587 4978 δι’
2629 4925 2785 4977 αύτού
2827 4921 3267 4997 παραδηλούσθαι
3306 4932 3393 4978 καὶ
3426 4929 3506 4978 ὅτι
3536 4930 3562 4979 6
3595 4930 3817 5003 Ἰσραήλ

442 4982 558 5075 hoc
588 4982 764 5072 Israel
811 4982 1367 5089 repr‘aesentariuqui
1398 5016 1477 5072 ab
1523 5017 1811 5088 Egyptiis
1860 4982 2101 5071 vexatus

2195 4982 2207 5009 ν
2261 4985 2268 4997 ,
2902 4982 2909 4997 ,
3031 4982 3035 4983 ν
3676 4986 3687 5003 ι
3772 4982 3779 4986 .

2208 4994 2307 5066 θπό
2358 5023 2455 5065 τῶν
2511 5015 2805 5083 Αἰγυπτίων
2870 5013 3315 5086 ἐπιϐουλευόμενος
3373 5016 3467 5066 ούκ
3542 5015 3816 5076 ἀναλωθή-

444 5111 789 5164 nontamen
825 5106 1118 5175 periturus
1153 5112 1298 5174 erat,
1323 5104 1611 5161 veletiam
1640 5106 1846 5161 Filium
1890 5105 2100 5173 Unige-

442 5196 634 5252 nitum
648 5194 771 5266 qui,
788 5199 1108 5264 postquam
1126 5200 1398 5250 naturam
1417 5194 1746 5251 humanam
1762 5196 2105 5266 sumpsisset

444 5289 626 5357 atque
654 5283 710 5337 in
732 5282 864 5337 sinu
886 5282 1132 5353 virginis
1160 5284 1571 5350 habitavisset,
1600 5285 1651 5340 ei
1683 5285 1977 5356 integram
2014 5284 2103 5339 vir

2214 5121 2377 5155 σεται”
2421 5105 2495 5155 ἔτι
2545 5101 2603 5156 δὲ
2641 5108 2729 5155 καὶ
2776 5106 2844 5165 ὡς
2879 5105 2903 5155 6
2944 5109 3229 5175 Μονογενὴς
3282 5103 3685 5176 ἐνανθρωπήσας
3726 5115 3819 5160 καὶ

2213 5195 2525 5266 παρθενικὴν
2574 5192 2845 5254 ἐνοικήσας
2899 5190 3084 5257 νηδύν,
3126 5192 3336 5264 φυλάξει
3386 5199 3479 5252 τήν
3536 5200 3820 5269 παρθενίαν

2215 5284 2491 5357 ἀκήρατον·
2529 5287 2656 5353 φασὶ
2705 5280 2763 5335 δέ
2809 5302 2938 5344 τινες
2982 5282 3026 5333 ἐν
3074 5281 3221 5354 βάτῳ
3260 5292 3478 5355 φανῆναι
3528 5289 3615 5337 τόν
3662 5292 3819 5354 Θεὸν,

524 5393 572 5427 ⁴⁶
608 5389 801 5446 Judic.
827 5404 904 5445 xx
932 5408 947 5459 ;
974 5406 1098 5448 xxi.
1148 5391 1195 5429 ⁵ο
1233 5390 1451 5448 Genes.
1495 5409 1584 5457 xv,
1625 5392 1713 5449 t5.
1764 5393 1810 5429 51
1847 5391 2033 5450 Marc.
2072 5390 2269 5451 1:11.26

2092 5496 2328 5555 NOTAE.

519 5597 629 5665 (6t)
664 5600 725 5651 In
763 5595 855 5651 his
876 5596 1273 5668 Hieronymus
1302 5612 1370 5668 ep
1401 5597 1517 5658 38,.

452 5672 531 5726 De
561 5667 1049 5725 benedictionibus
1070 5667 1279 5725 Jacob.

1574 5602 1619 5665 l,
1644 5600 1720 5654 set
1758 5601 1968 5671 quaest.
2003 5597 2062 5653 in
2083 5598 2294 5655 Genes.
2325 5609 2433 5652 nec
2462 5610 2585 5651 non
2612 5595 2673 5650 in
2698 5594 2991 5669 opusculo
3012 5595 3178 5671 quod
3210 5597 3342 5668 ejus
3365 5611 3589 5656 nomen
3608 5599 3826 5673 iactat,
