4026 6196
222 261 369 315 ﬂBf

1096 261 1194 316 AD
1232 260 1793 319 AMPHILOCHIUM
1832 259 2165 329 QUIESTIO
2195 260 2722 319 CCLXI-CCLXIII.

3444 273 3596 329 1082’

215 390 316 437 καὶ
368 385 463 437 ούκ
517 383 566 436 ἓν
619 384 755 456 ἄλλῳ
791 393 954 458 φυτῷ,
989 383 1083 438 διὰ
1133 391 1190 439 1'6
1222 393 1293 460 μὴ
1329 385 1590 440 δύνασθαί
1628 408 1745 440 τινα
1773 387 1828 440 ἐκ

1938 385 2246 455 ginitatem
2299 389 2574 444 servavit.
2639 390 2854 445 Dicunt
2912 391 3158 463 quidam
3213 395 3398 451 Deum
3452 398 3586 456 rubi

215 471 393 546 βάτου
423 473 620 546 γλύψαι
650 480 772 528 Θεόν
793 495 805 508 ·
841 475 970 537 εἰκὸς
993 478 1094 549 γὰρ
1137 474 1198 535 ἦν
1230 475 1522 541 Ἰουδαίους
1558 482 1649 530 καὶ
1674 485 1826 531 τοῦτο

213 563 507 634 τολμῆσαι,
539 566 678 638 εἴπερ
707 562 756 615 ἒν
786 563 924 636 ἄλλῳ
948 567 1092 636 ὤφθη
1125 573 1288 637 φυτῷ.

776 873 1090 920 ΕΡΩΤΗΣΙΣ
1130 867 1274 922 ΣΞΠ.

537 1043 596 1096 Ἡ
628 1044 881 1118 λέπρωσις
909 1054 1004 1108 τῆς
1034 1050 1217 1119 χειρὸς
1245 1051 1297 1099 τί
1324 1043 1515 1114 δηλοῖ;

1934 475 2183 547 quidem
2206 493 2324 533 non
2353 483 2552 534 autem
2575 479 2730 534 alius
2755 479 2974 550 plantae
3003 481 3260 538 formam
3292 484 3581 554 induisse,

1935 565 2074 636 quia
2111 581 2229 620 non
2272 572 2466 638 potest
2512 583 2583 623 ex
2623 569 2771 624 rubo
2811 568 3004 624 caalari
3045 571 3220 626 Deus.
3261 574 3585 632 Verisimile

1935 660 2024 711 est
2038 656 2065 710 J
2075 656 2282 712 udteos
2298 656 2411 712 hoc
2428 662 2652 714 tentare
2669 674 2923 715 ausuros
2942 659 3128 716 fuisse
3151 661 3197 716 si
3223 664 3377 720 Deus
3391 663 3450 719 in
3467 665 3586 722 alia

1935 743 2144 815 planta
2170 746 2329 801 visus
2354 752 2530 803 esset.

2044 870 2369 936 QUESTIO
2410 872 2878 1015 εοιχιὲ
2915 873 3260 945 CCLXXXII,
3297 879 3475 936 Taur.

2219 1049 2558 1119 Leprosz'tas
2595 1065 2801 1107 manus
2823 1051 2965 1123 quid
2989 1037 3290 1123 signiﬁcet.

1217 1154 1380 1204 Edita
1408 1168 1442 1204 a
1468 1155 1605 1204 Maio
1631 1155 1687 1218 (Ι.
1713 1168 1758 1204 c.
1789 1155 1878 1202 126
1908 1169 1966 1218 q.
2007 1155 2202 1217 271).—
2241 1156 2403 1206 Exod.
2437 1171 2508 1215 ιν,
2539 1159 2585 1205 6.

281 1268 369 1320 Ἐν
430 1266 662 1340 εὐσεϐείᾳ
713 1271 900 1342 τραφὲν
942 1273 1000 1321 τό
1049 1273 1194 1341 γένος
1240 1278 1332 1322 τοῦ
1381 1270 1570 1323 Ἰακωϐ
1608 1271 1680 1330 εἰς
1730 1277 1822 1330 τὴν

201 1360 482 1429 Αἴγυπτον
557 1357 876 1415 εἰσελήλυθεν
911 1380 923 1392 ο
986 1357 1093 1410 ἀλλ’
1170 1359 1276 1411 ἐκεῖ
1346 1369 1444 1411 τῶν
1526 1361 1822 1432 Αἰγυπτίων

197 1448 465 1518 μετέμαθε
533 1451 627 1504 τὴν
697 1445 934 1499 ἀσέϐειαν
967 1465 978 1476 ·
1035 1456 1126 1508 τῆς
1203 1447 1399 1501 ἐκείνων
1477 1447 1534 1502 δὲ
1590 1447 1823 1512 δουλείας

199 1534 504 1605 ἀπαλλαγεν
557 1538 811 1608 μετέμαθε
867 1541 954 1588 τόν
1012 1546 1112 1588 τῶν
1166 1537 1290 1589 ὅλων
1346 1543 1492 1591 Θεόν’
1555 1536 1822 1597 δεδήλωκε

198 1630 386 1677 τοίνυν
435 1621 527 1678 διὰ
573 1634 662 1686 τῆς
713 1624 1031 1688 ἀλλοιώσεως
1073 1635 1168 1689 τῆς
1211 1631 1408 1700 χειρὸς,
1451 1634 1536 1686 τὴν
1565 1628 1820 1700 λέπρωσιν

199 1715 386 1767 αὐτῶν
429 1719 520 1766 καὶ
566 1719 661 1772 τὴν
706 1717 982 1788 κάθαρσινο
1034 1719 1164 1787 πρὸς
1206 1714 1266 1768 δὲ
1294 1719 1494 1780 τούτοις
1525 1723 1615 1769 καὶ
1654 1719 1819 1792 ἕτερον

201 1806 468 1876 ᾠκονόμει
523 1806 548 1856 ό
608 1808 757 1867 Θεός·
801 1802 982 1864 ἐπειδὴ
1033 1807 1134 1878 γὰρ
1191 1805 1362 1877 ἔμελλε
1416 1809 1501 1858 τὸν
1555 1811 1665 1879 περὶ
1719 1817 1819 1859 τῶν

2007 1271 2332 1327 Educatum
2359 1271 2418 1326 in
2449 1273 2662 1342 pietate
2677 1274 2885 1331 Jacobi
2928 1289 3116 1344 genus
3147 1278 3466 1350 ngyptum
3499 1281 3583 1336 in-

1931 1375 2200 1429 gressum
2235 1366 2377 1416 erat.
2422 1361 2524 1416 Hic
2557 1378 2695 1417 vero
2720 1364 3130 1434 Egyptiorum
3154 1363 3582 1439 didicitimpie-

1929 1454 2110 1508 tatem
2153 1467 2166 1515 ;
2209 1465 2454 1522 quorum
2503 1451 2738 1507 servitio
2776 1452 3093 1508 liberatum
3134 1469 3341 1510 rursus
3369 1456 3582 1514 didicit

1926 1540 2198 1595 omnium
2239 1555 2433 1595 rerum
2478 1541 2676 1595 Deum.
2721 1541 2991 1597 Ostendit
3026 1543 3226 1610 igitur,
3271 1560 3378 1616 per
3416 1546 3575 1603 hanc

1927 1644 2144 1684 manus
2195 1627 2696 1694 immutationem,
2740 1630 2950 1685 horum
2990 1635 3045 1686 et
3076 1631 3478 1703 leprositatem
3523 1639 3581 1690 et

1926 1718 2366 1790 purgationem.
2401 1717 2807 1791 Prmtereaque
2849 1718 3013 1774 aliud
3053 1721 3236 1777 etiam
3274 1723 3581 1781 constituit

1931 1809 2081 1862 Deus
2117 1823 2256 1862 cum
2274 1805 2434 1861 enim
2466 1822 2652 1879 prope
2690 1812 2849 1863 esset
2882 1812 2944 1864 ut
2975 1808 3196 1864 Hebraei
3218 1809 3279 1865 in
3305 1810 3578 1883 leprosos

195 1895 413 1968 λεπρῶν
457 1895 652 1946 τιθέναι
689 1900 842 1967 νόμον
892 1900 982 1946 καὶ
1022 1893 1349 1967 ἀκαθάρτους
1393 1898 1607 1958 τούτους
1650 1916 1817 1970 προσ-

1924 1895 2116 1966 legem
2147 1895 2362 1953 ferrent
2387 1911 2609 1968 eosque
2649 1896 2998 1952 immundos
3030 1897 3419 1964 declararent,
3451 1900 3573 1957 alia

203 1987 503 2056 ἀγορεύειν,
557 1987 706 2058 ἔτερα
781 1981 874 2037 διὰ
947 1988 1140 2037 τούτων
1211 1986 1491 2058 οἰκονομῶν
1566 1987 1817 2062 ἐλέπρωσε

199 2082 305 2126 τοῦ
361 2075 636 2145 νομοθέτου
693 2079 786 2132 τὴν
844 2081 1003 2148 χεῖρα
1055 2079 1148 2132 τὴν
1201 2078 1265 2127 τά
1316 2075 1481 2128 τέλεια
1536 2074 1818 2129 πεπαιδευ-

194 2169 387 2234 μένην,
452 2159 726 2215 διδάσκων
786 2166 850 2224 ὡς
921 2160 1071 2216 οὐδὲν
1138 2173 1237 2216 τῶν
1307 2167 1551 2216 τοιούτων
1607 2165 1818 2224 τάληθεῖ

191 2252 344 2323 λόγῳ
399 2250 711 2326 ἀκάθαρτον·
763 2260 870 2314 πῶς
919 2255 1017 2327 γὰρ
1078 2251 1366 2327 ἀκάθαρτον
1417 2257 1473 2305 τό
1529 2253 1810 2326 ἀκούσιον,

193 2338 294 2394 διὸ
343 2342 375 2398 ἠ
435 2342 502 2392 τά
551 2342 790 2412 θαύματα
843 2341 1012 2394 ἐκεῖνα
1059 2342 1387 2415 ἐργασαμένη
1443 2339 1611 2410 δεξιὰ,
1655 2343 1813 2416 λεπρά

188 2435 452 2505 πρότερον
492 2434 736 2502 γενομένη
778 2439 889 2491 ταῖς
937 2433 1262 2504 θεοσημείαις
1308 2434 1628 2504 ύπούργησε·
1660 2441 1811 2486 τούτο

189 2516 258 2572 δὲ
291 2523 385 2571 καὶ
428 2523 515 2571 τὸν
544 2521 824 2591 νομοθέτην
855 2517 1136 2573 ἐπαίδευσε
1169 2525 1237 2592 μὴ
1273 2526 1408 2594 μέγα
1439 2529 1658 2595 φρονεῖν,
1703 2521 1811 2574 ἀλλ’

190 2606 400 2662 εἰδέναι
428 2612 522 2667 τὴν
553 2611 708 2681 φύσιν
757 2619 848 2670 τῆς
893 2610 1248 2683 λεπρωθείσης
1296 2610 1809 2684 ἀναμιμνησκόμενον

191 2695 400 2760 δεξιᾶς.

756 2827 1069 2875 ΕΡΩἸἮΣΙΣ
1109 2821 1254 2877 ΣΞΓ.

310 3001 464 3050 Διατί
500 2996 765 3057 ἠϐουλήθη
799 2999 824 3051 ό
850 3000 1062 3072 ἄγγελος
1089 3000 1274 3054 ἀνελεῖν
1303 3004 1387 3054 τὸν
1419 3007 1682 3069 Μωύσῆνς

1142 3107 1296 3157 Edita
1319 3122 1352 3158 a
1384 3108 1521 3158 Maio
1551 3107 1604 3169 (ι.
1636 3122 1680 3158 c.
1701 3123 1752 3172 p.
1785 3109 1893 3164 126,

268 3224 331 3276 Ἣ
378 3227 512 3294 γυνη
554 3224 644 3295 μεν
691 3221 911 3276 ἐτόπασε
955 3220 1049 3276 διὰ
1091 3228 1150 3276 τὸ
1201 3226 1409 3297 θάτερον
1457 3233 1556 3276 τῶν
1602 3221 1808 3276 παίδων

189 3311 555 3385 ἀπερίτμητον
607 3308 756 3377 εἶναι,
808 3309 895 3364 διὸ
945 3318 1034 3366 καὶ
1084 3313 1274 3365 αύτίκα
1324 3319 1586 3386 περιέτεμε
1615 3329 1626 3342 ⁸
1677 3316 1810 3375 τινες

189 3399 255 3456 δε
314 3421 466 3472 φασι,
533 3397 676 3454 διότι
733 3399 810 3453 ἐπ’
864 3399 1116 3475 ἐλευθερίᾳ
1165 3405 1415 3475 πεμφθεὶς
1469 3411 1568 3455 τῶν
1618 3403 1808 3475 ὁμοφύ-

183 3491 316 3556 λων,
382 3494 623 3543 κοινωνόν
678 3499 767 3551 τῆς
819 3486 946 3543 ὁδοῦ
1003 3491 1220 3562 ἐπήγετο
1275 3496 1363 3550 τὴν
1411 3493 1668 3564 ὁμόζυγα,
1721 3491 1805 3552 ούς
1836 3493 1876 3550 C

185 3579 367 3653 ἐχρῆν
420 3576 649 3632 συνιδεῖν
694 3581 773 3632 ὅτι
824 3586 1001 3632 πεῖσαι
1044 3584 1130 3632 τὸν
1178 3577 1443 3639 κηδεστὴν
1493 3579 1806 3653 βουλόμενος

185 3673 266 3733 ὡς
334 3669 431 3722 ούκ
489 3667 737 3742 ἀμελήσει
793 3677 887 3731 τῆς
941 3673 1208 3741 γυναικὸς,
1264 3666 1378 3722 οὐδ’
1434 3669 1596 3730 αὐτῆς
1647 3670 1804 3728 οἶλλην

187 3763 541 3834 προτιμήσει,
601 3761 797 3816 ταύτην
851 3759 1160 3828 ἠναγκάσθη
1236 3761 1639 3830 συνεπάγεσθαι,
1697 3759 1806 3812 ἀλλ’

189 3849 258 3902 ού
309 3856 766 3920 καταφρονητικῶς
817 3844 1070 3899 διακονῶν
1117 3855 1189 3918 τῷ
1237 3849 1353 3918 θείῳ
1391 3851 1760 3922 προστάγματι
1789 3867 1800 3878 ·

191 3937 401 3990 αὐτίκα
445 3944 572 4007 γοῦν
621 3935 790 3987 λαϐὼν
839 3941 940 4009 ⁸τὴν
991 3935 1227 4008 ἀφορμὴν
1273 3943 1364 3988 τού
1407 3937 1648 4007 ἀγγελου,
1686 3940 1806 3988 ταύ-

189 4047 300 4084 την
355 4023 681 4099 ἀναστρέψαι
732 4028 860 4098 πρὸς
909 4029 1028 4087 τούς
1084 4026 1304 4086 οἰκείους
1351 4025 1635 4099 προσέταξε
1670 4043 1682 4056 ·
1717 4031 1806 4078 καὶ

191 4118 284 4168 ὅτι
335 4119 492 4167 τοῦτό
539 4113 680 4166 ἐστιν
734 4112 936 4182 ἀληθὲς,
990 4116 1020 4172 ἡ
1071 4116 1276 4187 ἱστορία
1334 4111 1624 4166 διδάσκει⁸
1677 4118 1806 4186 μετά

188 4208 304 4278 γὰρ
353 4207 448 4262 τήν
507 4200 682 4266 ἔξοδον
729 4208 822 4261 τὴν
867 4202 919 4266 ἐξ
972 4203 1238 4274 Αἰγύπτου
1287 4199 1578 4255 διαϐάντων
1637 4203 1805 4254 αὐτῶν

189 4299 296 4352 τὴν
333 4293 586 4366 Ἐρυθρὰν
633 4294 903 4345 θάλασσαν
947 4297 1036 4344 καὶ
1081 4293 1149 4354 εἰς
1192 4295 1249 4344 τὸ
1295 4297 1492 4344 Σίναιον
1540 4296 1652 4366 ὅρος
1699 4313 1804 4344 πα-

189 4388 556 4457 ραγεγονότων
615 4380 824 4454 ἀφίκετο
886 4385 976 4434 σὺν
1035 4389 1095 4454 τῇ
1151 4386 1361 4452 γυναικὶ
1409 4386 1496 4434 καὶ
1555 4389 1660 4442 τοῖς
1707 4379 1805 4434 δύο

190 4477 388 4527 παισὶν
432 4472 458 4522 ὁ
505 4467 768 4531 κηδεστὴς
810 4475 938 4544 πρός
982 4470 1135 4522 αὐτόν
1163 4488 1175 4500 θ
1230 4471 1500 4544 τοιγάρτοι
1542 4470 1661 4523 ἄλλο
1709 4490 1807 4522 κα-

191 4560 541 4621 τασκευάζων
588 4563 614 4612 ό
662 4559 898 4632 ἄγγελος,
932 4556 1094 4623 ἔδειξε
1140 4564 1232 4619 τὴν
1277 4561 1537 4635 ῥομφαίαν
1578 4565 1800 4632 γυμνήν·

193 4646 388 4708 ἐπειδὴ
435 4653 537 4725 γὰρ
587 4651 612 4702 ὁ
653 4655 812 4721 μέγας
860 4656 1088 4709 Μωύσῆς
1137 4645 1328 4701 ἐδεδίει
1371 4653 1457 4701 τόν
1498 4655 1704 4721 Φαραὼ,
1737 4652 1804 4712 ὡς

190 4739 476 4810 πολλαχοῦ
530 4742 588 4790 1'6
662 4735 779 4799 δέος
830 4734 1080 4804 ἐδήλωσε,
1131 4746 1218 4789 νύν
1273 4741 1362 4810 μὲν
1413 4737 1590 4808 λέγων·
1644 4757 1674 4790 ‹‹
1717 4744 1806 4799 Τίς

1922 1985 2076 2040 Deus
2093 1984 2720 2056 providensleprosam
2737 1985 3294 2055 eﬁ'ecitlegislatoris
3323 2005 3573 2045 manum

1923 2090 2059 2146 qua:
2091 2075 2167 2129 ad
2198 2079 2391 2129 tantas
2404 2089 2495 2128 res
2513 2079 2653 2146 apta
2678 2080 2822 2138 erat,
2848 2075 3071 2130 docens
3091 2075 3228 2130 nihil
3246 2077 3356 2132 tale
3371 2093 3577 2134 revera

1924 2162 2304 2218 immundum
2332 2178 2482 2218 esse.
2505 2164 2632 2228 Quo
2650 2168 2825 2235 pacto
2849 2163 3006 2218 enim
3033 2164 3192 2234 quod
3225 2180 3344 2220 non
3363 2171 3575 2237 sponte

1922 2250 1989 2306 ﬁt
2013 2251 2396 2306 immundum
2429 2251 2502 2304 sit
2523 2251 2553 2303 ‘I
2574 2252 2762 2316 Quam
2788 2252 2868 2307 ob
2890 2267 3134 2308 causam
3155 2268 3284 2324 qum
3301 2254 3572 2311 totmira-

1921 2341 2402 2413 biliaperegerat,
2422 2342 2548 2398 hinc
2568 2342 2774 2399 dextra
2794 2342 3031 2414 leprosa
3070 2344 3230 2414 prius
3247 2343 3401 2400 facta
3421 2360 3570 2416 ope-

1921 2447 2048 2487 ram
2078 2438 2284 2503 postea
2297 2432 2830 2503 navavitprodigiis
2843 2431 3088 2487 divinis.
3107 2432 3227 2488 Hoc
3239 2449 3483 2507 quoque
3495 2433 3570 2489 le-

1921 2519 2262 2591 gislatorem
2316 2521 2516 2592 ipsum
2560 2523 2706 2576 Deus
2753 2521 3009 2587 edocuit,
3062 2536 3186 2576 non
3237 2522 3567 2593 superbire,

1919 2609 2176 2682 propriae
2190 2613 2416 2666 naturae
2438 2610 2741 2676 scientem,
2761 2611 3096 2683 dextraeque
3118 2615 3289 2667 antea
3317 2610 3570 2684 leprosaa

1919 2698 2086 2755 haud
2114 2699 2553 2755 immemorem.

2030 2823 2355 2889 ΟυιἘΞΤΙΟ
2385 2821 3243 2964 ΟΟιΧῐὲΙΟῗιέἃιῂῖΣΟΙιΧΧΧΠΙ.
3279 2825 3458 2880 Taur.

1924 3001 2052 3070 Qua
2081 3000 2150 3054 de
2168 3015 2350 3056 causa
2366 2998 2622 3056 voluerit
2638 3000 2887 3070 angelus
2897 3000 3162 3056 occidere
3175 2999 3412 3070 Moysen
3432 3000 3569 3071 (63).

1924 3122 1976 3171 q.
2013 3107 2143 3168 272).
2169 3133 2227 3142 —
2256 3105 2420 3155 Exod.
2457 3120 2528 3162 ιν,
2559 3107 2636 3154 24.

1992 3223 2162 3288 Quia,
2206 3227 2267 3278 ut
2306 3220 2560 3291 conjecit
2597 3221 2814 3292 Moysis
2846 3236 3013 3288 uxor,
3055 3238 3216 3278 unus
3253 3239 3284 3279 e
3325 3222 3568 3280 duobus

1919 3313 2118 3383 pueris
2137 3311 2589 3367 incircumcisus
2606 3315 2730 3366 erat
2750 3328 2766 3381 ;
2799 3309 2936 3366 ideo
2966 3326 3210 3384 quoque
3239 3313 3438 3368 statim
3462 3313 3570 3368 cir-

1918 3402 2201 3458 cumcidit
2220 3419 2357 3458 eum
2380 3420 2397 3473 ;
2417 3401 2504 3457 vel
2523 3402 2662 3474 quia
2685 3406 2748 3456 ut
2778 3401 2905 3458 aliis
2927 3401 3140 3474 placet,
3170 3403 3391 3458 missus
3407 3405 3565 3475 Moy-

1917 3505 2010 3546 ses
2047 3491 2121 3547 ad
2176 3491 2651 3563 emancipandos
2693 3490 3031 3563 populares,
3077 3493 3306 3548 sociam
3337 3491 3564 3548 itineris

1915 3580 2237 3654 conjugem
2264 3596 2468 3636 secum
2501 3579 2688 3635 duxit.
2730 3580 2803 3634 At
2845 3579 2925 3635 illi
2967 3579 3288 3652 intelligere
3323 3581 3566 3637 debuis-

1913 3675 2044 3727 sent
2081 3673 2314 3742 Moysen
2354 3670 2434 3726 ita
2471 3669 2682 3726 fecisse
2715 3676 2777 3725 ut
2806 3685 3009 3725 socero
3051 3687 3161 3726 suo
3201 3686 3560 3743 persuasum

1913 3765 2068 3816 esset
2105 3759 2228 3816 fore
2261 3766 2322 3817 ut
2363 3759 2494 3831 ipse
2544 3758 2788 3814 minime
2819 3775 3062 3814 uxorem
3110 3760 3433 3830 negligeret
3460 3776 3563 3818 nec

1913 3849 2094 3906 aliam
2115 3849 2418 3921 praeferret
2445 3867 2460 3918 ;
2480 3863 2667 3919 quare
2687 3848 2847 3902 illam
2867 3864 3071 3903 secum
3091 3847 3303 3904 ducere
3319 3854 3560 3906 coactus

1913 3943 2020 4003 est,
2063 3938 2168 3993 sed
2225 3953 2605 4009 nequaquam
2652 3942 2997 4006 contemptu
3048 3935 3233 3990 divini
3274 3938 3562 3994 mandati.

1915 4028 2122 4083 Statim
2178 4026 2376 4096 igitur,
2429 4030 2674 4096 accepto
2729 4024 2926 4094 angeli
2983 4025 3230 4096 impetu,
3288 4027 3566 4097 praecepit

1916 4115 2085 4170 uxori
2118 4119 2180 4170 ut
2210 4113 2280 4169 ad
2309 4120 2539 4185 patrem
2573 4129 2751 4168 suum
2783 4113 3018 4168 rediret.
3053 4112 3222 4176 Quod
3255 4112 3436 4167 fuisse
3466 4129 3561 4169 ve-

1915 4219 2047 4259 rum
2102 4202 2351 4258 historia
2413 4204 2678 4256 testatur.
2736 4201 2982 4268 Etenim,
3026 4204 3155 4272 post
3210 4199 3436 4256 exitum
3491 4215 3561 4256 ex

1915 4294 2188 4364 IEgypto,
2211 4307 2346 4346 cum
2371 4290 2554 4345 Judaei
2573 4289 2842 4346 Rubrum
2865 4305 3018 4344 mare
3038 4288 3410 4359 trajecissent
3426 4303 3562 4360 per-

1914 4382 2332 4452 venissentque
2359 4379 2436 4434 ad
2471 4379 2627 4434 Sinai
2655 4383 2940 4443 montem,
2970 4392 3136 4432 socer
3178 4377 3402 4450 Moysis
3423 4393 3562 4433 cum

1913 4471 2042 4543 ejus
2069 4470 2314 4526 muliere
2339 4468 2702 4540 duobusque
2725 4467 2922 4539 pueris
2944 4482 3083 4522 eum
3110 4466 3273 4522 adiit.
3308 4466 3562 4522 Proinde

1914 4561 1991 4616 ad
2022 4559 2182 4615 aliud
2205 4564 2477 4629 spectans
2499 4557 2747 4626 angelus
2764 4556 3018 4612 ostendit
3035 4555 3268 4612 nudum
3291 4554 3560 4624 gladium

1915 4652 2058 4706 Cum
2076 4649 2234 4704 enim
2265 4649 2633 4704 Pharaonem
2661 4648 2889 4702 timeret
2915 4660 3174 4716 magnus
3197 4645 3450 4716 Moyses,
3487 4661 3557 4703 ac

1915 4745 2139 4795 metum
2167 4752 2432 4810 persaepe
2457 4737 2586 4809 jam
2627 4735 3048 4791 declaravisset
3087 4735 3269 4790 modo
3307 4734 3554 4791 dicens:

194 4831 310 4903 εἰμι
356 4828 457 4899 ἐγὼ
509 4829 590 4880 ὃτι
639 4831 965 4902 πορεύσομαι
1011 4832 1141 4902 πρὸς
1196 4831 1382 4902 Φαραὼ
1443 4826 1663 4900 βασιλέα
1710 4828 1806 4880 Αἰ-

1924 4851 1943 4880 ε(
1960 4830 2101 4894 Quis
2117 4845 2247 4882 sum
2261 4843 2372 4897 ego
2391 4831 2452 4882 ut
2468 4825 2675 4881 vadam
2689 4823 2767 4880 ad
2782 4824 3142 4880 Pharaonem
3158 4823 3560 4895 Egyptiorum

190 4921 444 4990 γύπτου;
482 4938 506 4967 ν
559 4924 646 4967 νύν
691 4913 787 4968 δέ’
842 4936 870 4966 (ι
922 4921 1274 4989 Προχείριται
1321 4915 1468 4968 ἄλλον
1521 4913 1803 4989 δυνάμενον

191 5009 252 5060 ὃν
313 5005 688 5069 ἑξαποστελεῖςο
749 5028 772 5056 ν
841 5010 930 5058 ναὶ
981 5005 1155 5058 πάλιν
1218 5025 1246 5056 ιι
1305 5007 1650 5078 Ἰσχνόφωνος
1714 5006 1844 5059 καλε*

193 5091 621 5169 βραδύγλωσσός
677 5092 783 5165 εἰμι
838 5093 954 5164 ἐγώ·
1018 5117 1044 5142 ››
1105 5092 1302 5146 ἀπειλεῖ
1353 5092 1492 5164 αύτῷ
1550 5099 1802 5170 τιμωρίαν

189 5186 217 5235 ό
275 5182 512 5254 ἄγγελος,
564 5181 704 5254 φόϐῳ
764 5180 917 5253 φόϐον
988 5181 1281 5248 ἐξελαύνων,
1338 5190 1408 5253 τῷ
1465 5183 1666 5254 μείζονι
1717 5187 1802 5236 τὸν

188 5273 460 5335 ἐλάττονα,
517 5276 802 5344 μονονουχὶ
875 5270 1034 5342 λέγων
1105 5268 1197 5324 διά
1253 5279 1346 5333 τῆς
1405 5277 1804 5344 γεγυμνωμένης

266 5381 314 5415 ⁸²
343 5378 527 5434 Exod.
554 5394 635 5445 ιιι,
674 5384 725 5435 Η
766 5383 823 5435 et
853 5393 1023 5451 seqq.
1055 5380 1102 5414 ⁵⁸
1131 5377 1318 5435 Exod.
1350 5394 1425 5444 ιν,
1461 5384 1543 5436 10.

1913 4934 2114 4988 regem
2155 4918 2201 4952 ⁵²
2239 4917 2266 4970 ‘I
2305 4937 2332 4968 »
2376 4914 2560 4971 modo
2594 4931 2660 4970 :«
2698 4913 2854 4983 Elige
2893 4913 3074 4969 alium
3116 4912 3325 4967 fortem
3364 4911 3560 4969 virum

1914 5023 2093 5079 quem
2110 5006 2316 5073 mittes,
2343 5027 2362 5054 ι
2385 5019 2712 5076 rursusque
2729 5021 2742 5058 :
2759 5024 2786 5054 «
2803 5001 3198 5074 lmpeditioris
3216 5007 3272 5057 et
3288 5001 3562 5058 tardioris

1913 5096 2126 5165 liuguae
2153 5110 2263 5165 ego
2286 5111 2439 5161 sum,
2471 5095 2544 5163 ⁵³,
2574 5116 2601 5142 υ
2629 5092 2708 5148 ab
2737 5092 2839 5147 illo
2861 5106 3069 5162 pcenas
3096 5091 3352 5163 sumpsit
3381 5106 3560 5162 ange-

1912 5183 2019 5250 lus,
2081 5190 2242 5239 metu
2296 5187 2520 5238 metum
2576 5179 2897 5252 expellens,
2961 5179 3184 5250 majore
3248 5181 3560 5245 minorem,

1913 5288 2100 5346 prope
2131 5271 2382 5328 modum
2406 5271 2574 5328 nudo
2603 5269 2804 5340 gladio
2842 5268 3045 5325 dicens
3078 5284 3092 5324 :
3123 5288 3152 5321 α
3185 5269 3560 5326 Pharaonem

1762 5479 1990 5545 NOTIE.

189 5575 388 5725 Ρξξέ
449 5576 531 5632 Ex
610 5575 972 5633 Theodoreto
1031 5591 1092 5649 q.
1141 5577 1207 5632 10
1285 5576 1346 5632 in
1390 5575 1573 5633 Exod.
1629 5575 1669 5632 l.
1728 5592 1780 5632 c.

1969 5576 2082 5651 (63)
2119 5579 2215 5634 Est
2250 5576 2594 5634 Theodoreti
2634 5592 2692 5651 q.
2737 5576 2804 5632 14
2843 5574 2903 5631 in
2945 5574 3123 5632 Exod.
3171 5571 3299 5645 .lfc.
3331 5587 3391 5644 p.
3423 5568 3550 5626 242.
