4076 6202
424 252 568 310 1083

1667 252 1902 309 PHOTII
1944 248 2433 309 PATRIARCHE
2470 251 2577 311 ΟΡ.

3657 258 3806 315 ίοει

423 379 614 447 times,
646 379 847 451 potius
890 394 985 435 me
1018 376 1227 435 timeas
1260 379 1366 450 qui
1417 378 1521 434 tibi
1574 378 1668 434 vel
1698 377 2062 435 invisibiliter

2180 380 2455 451 ῥομφαίας·
2512 399 2539 431 ((
2580 380 2638 433 Εἰ
2684 384 2769 432 τόν
2820 385 3005 455 Φαραὼ
3054 375 3321 445 δέδοικας,
3369 382 3563 455 μᾶλλον
3612 381 3799 438 δεῖσον

422 468 672 525 vulnera
701 467 967 539 inﬂigere
992 483 1265 540 possum.
1305 488 1329 518 ν

565 682 885 747 QUIESTIO
927 679 1414 823 ροιχέἓὶὲίςῧῇι.
1456 680 1701 746 CCCVI],
1748 682 1921 736 Taur.

532 863 654 927 Qua
684 861 757 917 de
775 876 953 918 causa
968 858 1710 1000 ﬁget-eth
1729 860 1963 930 exsequi

2182 467 2267 539 ἐμὲ
2308 472 2394 521 τὸν
2440 473 2530 521 καὶ
2577 468 2812 543 ἀοράτως
2860 490 2946 524 σοι
2989 476 3084 529 τὴν
3128 471 3327 543 πληγὴν
3375 472 3583 546 ἐπάγειν
3634 472 3796 527 δυνά-

2181 576 2351 628 μενον.
2380 579 2409 609 ))

2724 690 3039 738 ΕΡΩΤΗΣΙΣ
3081 686 3231 739 ΣΞΔ’.

2181 862 2328 910 Διατί
2372 861 2648 930 φεύγουσιν
2680 859 2970 938 ἐπιτελέσαι
3014 864 3299 936 προσέταξε
3342 871 3434 917 τοῦ
3468 868 3673 938 Πάσχα
3703 872 3797 924 τήν

2870 952 3050 1006 εορτην
3075 954 3087 1003 ;

1108 1038 1261 1087 Edita
1280 1037 1455 1088 aMaio
1485 1038 1539 1099 (1.
1577 1050 1623 1086 c.
1656 1052 1713 1100 p.
1752 1038 1975 1093 127-129,
2012 1036 2277 1099 q.273).—
2291 1037 2361 1087 De
2393 1042 2659 1101 praecepto
2674 1038 2839 1088 Exodi
2880 1055 2967 1097 xu,
3000 1043 3077 1089 11.

494 1159 555 1211 ln
613 1159 968 1228 perpetuum
1022 1152 1199 1209 voluit
1256 1153 1333 1209 ab
1398 1154 1469 1208 iis
1524 1152 1770 1209 obtineri
1834 1165 2070 1207 conser-

416 1245 670 1300 vationis
737 1243 1111 1308 memoriam,
1180 1242 1434 1315 ideoque
1490 1242 1638 1297 dixit
1690 1240 1996 1310 legislator
2049 1256 2062 1294 :

418 1351 446 1381 «
500 1332 560 1388 Si
608 1331 993 1401 interrogabit
1046 1330 1204 1386 ﬁlius
1249 1336 1389 1387 tuus
1442 1331 1648 1386 dicens
1696 1346 1707 1385 :
1774 1328 1927 1394 Quid
1984 1334 2072 1383 est

416 1421 644 1479 Pascha
696 1422 724 1477 ‘I
796 1422 1125 1493 respondes
1198 1440 1210 1474 :
1268 1422 1333 1476 In
1383 1420 1679 1476 hodierna
1733 1419 1829 1474 die
1874 1418 2071 1475 eduxit

416 1516 615 1582 patres
642 1516 875 1567 nostros
905 1510 1188 1565 Dominus
1235 1514 1385 1565 Deus
1416 1511 1491 1565 de
1528 1510 1777 1580 IEgypto
1818 1508 1890 1575 Μ,
1925 1529 1952 1557 ››
2014 1512 2070 1563 et

416 1606 644 1657 caetera.
674 1600 1077 1666 Quamobrem
1103 1600 1391 1670 jubentur
1428 1600 1532 1671 qui
1563 1600 1673 1654 has
1698 1596 1877 1652 ferias
1909 1612 2068 1653 exse-

413 1697 700 1763 quuntur,
734 1690 957 1745 itineris
983 1696 1135 1744 veste
1157 1687 1534 1745 circumdari.
1574 1708 1603 1739 α
1627 1690 1814 1743 Renes
1846 1694 2071 1743 vestros

2251 1151 2589 1223 Ἀείμνηστον
2640 1152 2906 1213 ἠϐουλήθη
2977 1155 3311 1227 φυλαχθῆναι
3366 1166 3457 1218 τῆς
3521 1164 3797 1231 σωτηρίας

2178 1244 2271 1298 τὴν
2311 1248 2539 1313 μνήμην·
2594 1239 2681 1295 διὸ
2737 1249 2828 1296 καὶ
2874 1246 3164 1316 νομοθετῶν
3195 1245 3379 1317 ὓεγεν·
3422 1270 3449 1297 ιι
3498 1248 3616 1301 Ἐὰν
3664 1246 3795 1319 ipso

2178 1336 2315 1402 τηση
2352 1350 2408 1383 σε
2454 1334 2479 1382 6
2510 1335 2617 1393 υἱός
2663 1352 2759 1384 σου
2801 1334 2977 1404 λέγων·
3012 1340 3075 1388 Τί
3119 1334 3231 1387 ἐστι
3274 1340 3331 1388 τό
3366 1340 3603 1408 Πάσχας
3637 1337 3793 1410 ἰρεῖς,

2177 1418 2296 1471 Ὀτι
2349 1419 2396 1471 ἐν
2450 1429 2512 1493 τῇ
2587 1427 2812 1494 σήμερον
2860 1425 3032 1496 ἡμέρᾳ
3105 1423 3323 1496 ἐξήγαγε
3389 1430 3510 1487 τοὺς
3566 1431 3799 1499 πατέρας

2180 1511 2325 1580 ἡμῶν
2370 1513 2557 1584 Κύριος
2602 1513 2627 1562 6
2683 1514 2814 1573 Θεὸς
2869 1510 2924 1563 ἐκ
2967 1520 3059 1573 τῆς
3105 1513 3392 1584 Αἰγύπτου,
3438 1536 3466 1567 ››
3512 1520 3601 1568 καὶ
3653 1516 3795 1579 ἑξῆς.

2178 1600 2375 1649 Τούτου
2448 1600 2609 1670 χάριν
2686 1600 3090 1673 παρακελεύεται
3164 1605 3359 1660 ταύτην
3431 1602 3801 1665 ἐπιτελοῦντας

2180 1690 2273 1743 τὴν
2331 1686 2512 1760 ἑορτὴν
2563 1690 2893 1760 περικεῖσθαι
2942 1693 2999 1740 τὸ
3058 1698 3149 1751 τῆς
3205 1687 3515 1764 ὁδοιπορίας
3576 1701 3793 1766 σχῆμα·

414 1779 807 1849 αοοίηεθιίεεδ.
837 1779 989 1834 »Ηοο
1012 1783 1219 1849 putem
1242 1777 1607 1833 vocabulum
1636 1778 1878 1833 Pascha
1910 1776 2062 1839 Phile

2186 1794 2208 1823 α
2256 1773 2530 1827 Ἔστωσαν
2586 1777 2686 1849 γὰρ
2745 1778 2800 1827 αἱ
2848 1776 3033 1848 ὀσφύες
3083 1779 3227 1851 ὑμῶν
3284 1781 3722 1853 περιεζωσμέναι,
3766 1803 3799 1833 is

415 1868 834 1939 interpretatur
846 1868 1133 1923 sacriﬁcia
1146 1883 1254 1938 pro
1273 1866 1527 1923 transitu
1546 1867 1869 1938 ;Josephus
1883 1870 2071 1921 trans-

417 1957 781 2026 gressionem
805 1974 818 2023 ;
838 1957 1238 2028 Symmachus
1256 1957 1759 2026 transgressiones
1779 1954 2074 2022 ;Theodo-

417 2046 531 2101 tius
551 2047 809 2113 Phasek,
841 2047 967 2117 ipso
996 2046 1291 2102 Habraico
1323 2062 1465 2101 usus
1496 2045 1827 2116 verbo,quo
1896 2044 2075 2113 signi-

414 2134 626 2191 ﬁcatur
645 2135 1166 2191 exterminatorem
1194 2150 1231 2189 a
1257 2134 1667 2206 primogenitis
1696 2134 2074 2189 Hebraeorum

415 2223 795 2280 abstinuisse.
827 2226 857 2279 ,Ι
867 2224 983 2279 ussi
1005 2223 1243 2280 fuerant
1268 2224 1427 2279 enim
1446 2223 1803 2279 fasciculum
1819 2221 2075 2294 hyssopi

414 2328 669 2379 sumere,
760 2318 1148 2385 mactataeque
1244 2312 1371 2369 ovis
1457 2328 1666 2368 cruore
1749 2311 2074 2391 immersis,

411 2405 610 2473 postes
636 2407 692 2457 et
716 2401 896 2457 limen
914 2402 1157 2465 illinere,
1194 2408 1257 2456 ut
1277 2418 1418 2457 cum
1440 2401 1777 2457 immineret
1798 2401 2074 2456 extermi-

410 2496 583 2547 nator
602 2490 1001 2561 percutiendis
1019 2491 1451 2561 Egyptiorum
1469 2489 1888 2561 primogenitis,
1906 2504 2073 2545 cruo-

410 2594 529 2634 rem
550 2578 869 2649 aspiciens,
892 2578 1265 2634 Hebraaorum
1295 2579 1510 2635 domos
1543 2579 2066 2647 transgrederetur.

412 2664 489 2721 Iis
518 2666 760 2737 quidem
800 2666 987 2736 signis
1020 2684 1141 2722 non
1181 2682 1334 2738 opus
1365 2673 1489 2723 erat
1520 2667 1747 2739 experti
1801 2668 2065 2738 corporis

413 2755 642 2825 angelo,
674 2755 776 2811 sed
807 2755 1025 2811 Judaais
1064 2760 1127 2812 ut
1168 2756 1437 2827 symbolo
1473 2758 1567 2812 Dei
1609 2756 2068 2811 sollicitudinem

409 2844 725 2911 discerent,
744 2860 971 2917 nosque
1000 2844 1104 2917 qui
1122 2847 1356 2916 Agnnm
1374 2845 1508 2902 labe
1542 2850 1841 2901 carentem
1856 2845 2068 2900 immo-

410 2933 626 2999 lamus,
675 2934 834 2990 hunc
885 2933 1092 3004 ﬁguris
1144 2934 1634 3007 praedescriptum
1668 2950 2061 2989 novrssemus.

408 3053 475 3063 —
504 3022 619 3078 Nec
646 3038 712 3078 ex
753 3022 970 3078 ovibus
1010 3039 1196 3095 agnos
1230 3023 1425 3078 solum
1459 3038 1695 3078 sumere
1721 3021 1911 3094 jubet,
1959 3020 2063 3076 sed

2181 1870 2271 1915 καὶ
2318 1863 2462 1926 ἑξῆς·
2495 1864 2552 1917 τό
2593 1861 2651 1916 δι
2694 1868 2892 1937 Πάσχα
2944 1868 2968 1918 6
3019 1870 3107 1937 μὲν
3158 1867 3319 1921 Φίλων
3351 1871 3645 1942 ἡρμήνευσε
3678 1868 3805 1924 δια-

2183 1951 2427 2027 ϐατήρια·
2475 1955 2499 2005 ό
2546 1951 2604 2006 δε
2649 1956 2969 2020 Ἰὡσηππος,
3014 1955 3342 2031 ὑπερϐάσια·
3391 1960 3416 2009 ό
3475 1955 3535 2011 δε
3582 1967 3801 2032 Συμμα-

2182 2061 2303 2113 χος,
2349 2041 2691 2115 ὑπερϐάσεις·
2723 2045 2748 2095 6
2791 2040 2849 2095 δὲ
2894 2040 3201 2117 Θεοδοτίων,
3248 2049 3435 2119 eam,
3486 2048 3649 2107 αὐτὴν
3701 2054 3799 2107 τήν

2181 2129 2422 2202 Ἑϐραίαν
2483 2133 2717 2191 τεθεικώς
2784 2138 2986 2204 φωνήν·
3052 2143 3296 2205 σημαίνει
3369 2132 3427 2189 δε
3496 2140 3557 2189 τὸ
3610 2141 3800 2210 ὄνομα,

2183 2227 2282 2269 τῶν
2337 2218 2585 2294 Ἐϐραίων
2654 2226 2993 2296 πρωτοτόκων
3062 2227 3155 2280 την
3216 2230 3480 2297 σωτηρίαν
3510 2243 3521 2254 ·
3580 2246 3803 2300 παρεκε-

2183 2307 2400 2361 λεύσατο
2448 2313 2545 2385 γὰρ
2600 2309 2801 2382 δέσμην
2850 2313 3105 2363 ὑσσώπου
3146 2311 3316 2365 λαϐεῖν
3361 2320 3450 2366 καὶ
3498 2324 3570 2386 τῷ
3610 2318 3802 2387 αἵματι

2183 2405 2274 2449 τοῦ
2332 2400 2577 2470 θυομένου
2631 2399 2894 2473 προϐάτου
2946 2399 3280 2473 ἐμϐάψαντας
3323 2408 3447 2466 τούς
3522 2407 3803 2477 σταθμούς

2182 2485 2462 2558 ἔπιχρίσαι
2489 2488 2617 2558 [καὶ]
2649 2494 2743 2546 τὴν
2772 2489 2940 2560 φλιὰν,
2972 2491 3055 2542 ἵνα
3084 2492 3206 2543 ὅταν
3233 2490 3419 2565 ἐπιστῇ
3450 2494 3475 2545 6
3508 2492 3799 2566 ὀλοθρεύων

2180 2576 2408 2638 πατάξαι
2452 2580 2518 2628 τὰ
2546 2582 2854 2651 πρωτότοκα
2888 2598 2987 2630 των
3030 2579 3352 2651 Αἰγυπτίων,
3388 2578 3512 2633 ἰδὼν
3542 2586 3601 2635 τὸ
3636 2586 3796 2655 αἷμα,

2179 2664 2371 2737 ὑπερϐῇ
2416 2674 2514 2717 τῶν
2560 2665 2805 2741 Ἐϐραίων
2850 2670 2943 2727 τὰς
2993 2668 3182 2739 οἰκίας,
3236 2674 3329 2721 οὐκ
3381 2667 3561 2729 ἐπειδὴ
3622 2676 3801 2725 τοιού-

2177 2773 2275 2805 των
2308 2751 2474 2807 ἐδείτο
2510 2760 2736 2827 σημείων
2781 2758 2809 2813 ἡ
2859 2754 3140 2829 ἀσώματος
3184 2762 3359 2830 φύσις,
3414 2758 3543 2828 ἀλλ’,
3574 2763 3655 2813 ὅτι
3698 2760 3797 2814 δια

2176 2850 2265 2893 τού
2325 2842 2585 2914 συμϐόλου
2638 2840 2745 2896 ἔδει
2792 2844 3067 2916 μᾶικεῖνους
3114 2848 3297 2918 μαθεῖν
3354 2852 3449 2907 τὴν
3508 2857 3601 2901 τοῦ
3651 2858 3792 2903 Θεοῦ

2174 2928 2508 3003 κηδεμονίαν,
2553 2938 2642 2986 καὶ
2678 2935 2812 3004 ἡμᾶς
2858 2938 2979 2997 τούς
3016 2938 3103 2987 τόν
3146 2938 3363 3010 ἄμωμον
3409 2938 3595 3011 Ἀμνόν
3636 2942 3792 2992 θύον-

2172 3040 2263 3082 τας
2317 3030 2506 3092 γνῶναι
2556 3018 3019 3096 προδιαγράφοντα
3073 3029 3158 3077 τὸν
3206 3029 3385 3079 τύπον·
3437 3047 3531 3079 ουκ
3582 3027 3637 3080 ἐκ
3690 3039 3790 3081 τῶν

407 3112 669 3168 etiamex
701 3112 896 3183 capris
926 3112 1149 3177 haedos,
1171 3127 1291 3168 non
1322 3118 1383 3168 ut
1407 3117 1731 3169 mactarent
1750 3116 2062 3182 utrumque

2175 3109 2445 3184 προϐάτων
2494 3108 2554 3164 δε
2606 3117 2758 3184 μόνον
2810 3114 2969 3187 ἄρνας
3017 3113 3189 3167 λαϐεῖν
3246 3115 3457 3187 κελεύει,
3514 3116 3644 3169 ἀλλὰ
3698 3126 3790 3173 καὶ

408 3201 605 3262 simul.
636 3200 741 3257 sed
773 3206 835 3257 ut
862 3201 963 3272 qui
996 3217 1169 3258 ovem
1200 3202 1465 3267 haberet,
1499 3218 1715 3272 agnum
1750 3205 2057 3264 mactaret,

403 3291 508 3363 qui
536 3306 677 3347 vero
716 3305 837 3346 non
868 3290 1135 3360 haberet,
1170 3291 1437 3347 hzedum.
1472 3291 1573 3347 Die
1612 3292 1846 3347 decimo
1887 3288 2059 3361 primi

402 3380 627 3435 mensis
673 3379 845 3449 jubet
894 3380 1123 3436 hostias
1166 3381 1479 3436 desumere
1521 3397 1658 3451 quae
1706 3385 2062 3451 pararentur

402 3474 536 3524 ante
567 3468 804 3532 festum.
839 3474 895 3524 et
931 3474 1147 3539 quarto
1192 3468 1429 3524 decimo
1459 3468 1551 3524 die
1590 3468 1703 3524 sub
1742 3483 2059 3540 vesperum

401 3562 823 3626 mactarentur,
886 3557 1032 3629 quia
1088 3556 1345 3613 christus
1389 3574 1635 3629 vespere
1683 3558 1904 3613 Judaeis
1950 3563 2060 3613 tra-

403 3646 558 3704 ditus
586 3652 671 3702 est
696 3662 870 3717 ;cum
896 3646 1262 3701 silvestribus
1289 3646 1535 3718 intybus
1567 3647 1821 3703 hostiam
1864 3662 2060 3703 come-

403 3735 544 3791 dere
572 3733 891 3790 debebant.
918 3750 1211 3790 memores
1254 3735 1647 3791 amarissimaa
1694 3736 1755 3790 in
1803 3737 2060 3807 Egypto

402 3824 553 3880 vitae.
602 3831 818 3895 Azyma
862 3823 1204 3894 signiﬁcant
1238 3840 1360 3881 non
1397 3825 1836 3881 solumitineris
1862 3825 2059 3880 celeri-

402 3917 605 3979 tatem,
640 3928 977 3983 cmnamque
1010 3913 1424 3984 improvisam,
1452 3914 1555 3969 sed
1587 3915 1765 3971 etiam
1793 3913 2057 3982 Judaeos,

401 4007 465 4057 ut
493 4018 601 4074 par
630 4007 773 4067 erat,
803 4001 944 4057 nihil
963 4002 1188 4073 vestigii
1210 4018 1240 4058 e
1277 4004 1545 4059 moribus
1581 4002 1828 4074 z‘Egytiis
1861 4018 2058 4059 secum

398 4090 706 4148 allaturos.
740 4091 1009 4147 Sicenim
1043 4090 1334 4147 Dominus
1357 4093 1769 4163 interpretatur
1801 4092 2009 4147 dicens
2040 4115 2058 4157 ς

402 4199 429 4232 ‹‹
458 4181 716 4236 Cavetea
734 4179 1021 4236 fermento
1044 4180 1377 4237 scribarum
1392 4186 1448 4237 et
1470 4182 1987 4252 pharismornm“.
2028 4204 2055 4231 ››

393 4269 696 4342 Jussitque
735 4285 839 4325 eos
882 4270 987 4340 qui
1018 4269 1095 4325 ad
1141 4271 1283 4339 agni
1314 4270 1673 4327 sacriﬁcium
1720 4286 1894 4341 pares
1930 4284 2051 4325 non

396 4365 615 4422 essent,
652 4357 879 4415 vicinos
931 4358 1044 4414 sibi
1078 4362 1277 4414 socios
1328 4360 1643 4425 asciscere,
1677 4367 1733 4415 et
1764 4376 1884 4415 una
1914 4375 2053 4414 cum

394 4450 479 4506 eis
504 4448 799 4545 Pascham
824 4448 1157 4545 immolare.
1195 4449 1286 4506 Sic
1330 4450 1461 4506 illos
1510 4448 1844 4545 fraternam.
1869 4449 2058 4505 chari-
2088 4490 2134 4545 Β

392 4540 576 4594 tatem
627 4536 801 4591 docet
858 4540 916 4591 et
968 4534 1031 4591 in
1084 4552 1375 4608 pauperes
1440 4537 2054 4594 commiserationem.

395 4624 618 4681 idcirco
632 4623 786 4695 jussi
814 4622 1053 4680 fuerunt
1082 4625 1357 4680 carnium
1392 4625 1860 4681 redundantiam
1894 4640 2055 4680 com-

393 4713 631 4782 burere,
664 4719 726 4768 ut
770 4717 1125 4783 cogerentur
1170 4713 1381 4786 inopes
1426 4713 1505 4770 ad
1572 4715 2051 4770 communionem

395 4803 702 4862 feriarum.

465 4979 602 5036 Haec
649 4981 852 5037 omnia
900 4985 1247 5039 nostrorum
1292 4986 1431 5037 sunt
1462 4980 1881 5052 mysteriorum
1921 4981 2052 5037 aeni-

392 5073 603 5140 gmata.
632 5068 895 5126 Linimus
912 5071 1071 5127 enim
1094 5077 1149 5128 et
1168 5087 1275 5128 nos
1302 5087 1507 5127 cruore
1538 5070 1721 5127 nostri
1745 5070 1894 5139 Agni
1928 5086 2049 5126 non

389 5158 585 5215 solum
606 5158 809 5223 limen,
845 5160 949 5216 sed
973 5160 1147 5216 etiam
1178 5161 1326 5217 duos
1347 5177 1590 5233 quoque
1618 5164 1817 5231 postes
1844 5176 1857 5225 ;
1889 5159 2055 5229 ﬁgu-

389 5252 512 5305 rate
528 5246 776 5320 quidem
796 5247 1069 5320 linguam
1099 5255 1157 5306 et
1190 5250 1364 5307 labra
1380 5250 1741 5308 mundantes
1754 5254 1811 5306 et
1834 5254 2052 5307 sancti-

463 5399 513 5435 “
552 5397 735 5455 Exod.
758 5416 857 5471 xu,
891 5402 979 5456 51.
1013 5403 1060 5437 ⁵³
1086 5400 1232 5457 ibid.
1270 5402 1329 5455 11
1374 5402 1420 5436 ⁵⁸
1448 5400 1652 5460 Matth.
1680 5417 1797 5468 xvr,
1827 5402 1915 5456 11.

2171 3198 2225 3251 ἐκ
2265 3208 2363 3252 τῶν
2412 3201 2572 3272 αἰγῶν
2622 3199 2843 3274 ἰρίφους·
2896 3202 2989 3255 οὐκ
3043 3204 3125 3255 ἶνα
3176 3207 3314 3257 κατὰ
3363 3209 3549 3259 ταυτὸν
3598 3206 3788 3261 ἐκεῖνον

2172 3290 2423 3354 θύσωσιν,
2482 3288 2587 3341 ἀλλ’
2634 3291 2714 3342 ἶνα
2770 3292 2796 3341 ό
2850 3293 2938 3362 μὲν
2987 3291 3266 3364 πρόϐατον,
3313 3297 3397 3346 τόν
3440 3293 3613 3368 ἁρνόν·
3647 3298 3676 3347 6
3729 3294 3790 3349 δε

2168 3383 2238 3451 μὴ
2287 3382 2444 3450 ἔχων.
2473 3383 2559 3432 τὸν
2608 3382 2775 3452 ἔριφον
2827 3382 2983 3453 θύσῃ·
3018 3389 3081 3453 τῇ
3115 3378 3305 3455 δεκάτη
3342 3379 3403 3436 δε
3448 3392 3539 3436 τοῦ
3570 3392 3786 3455 πρώτου

2167 3471 2330 3540 μηνὸς
2360 3474 2632 3540 παρεγγυᾴ
2678 3476 2827 3521 τοῦτο
2873 3469 3045 3523 λαϐεῖν
3094 3471 3158 3521 ἶν’
3203 3471 3484 3545 εύτρεπίση
3539 3478 3643 3547 πρὸ
3695 3485 3790 3537 τῆς

2168 3556 2368 3630 ἑορτῆς·
2396 3564 2458 3629 τῇ
2494 3553 2552 3609 δε
2594 3554 3141 3631 τεασαρεσκαιδεκάτη
3188 3562 3412 3619 τυθῆναι
3453 3566 3581 3635 πρὸς
3631 3563 3790 3617 ἐσπε-

2166 3665 2260 3717 ραν
2285 3662 2296 3674 ·
2328 3647 2406 3697 ὅτι
2453 3651 2542 3697 καὶ
2572 3648 2597 3697 6
2638 3652 2904 3709 Δεσπότης
2948 3652 3049 3706 τὴη
3099 3647 3318 3723 ἑσπέραν
3364 3658 3472 3711 τοῖς
3501 3649 3788 3714 Ἰουδαίοις

2168 3731 2473 3807 παρεδόθη·
2531 3737 2660 3807 μετὰ
2724 3732 2982 3811 πικρίδων
3040 3733 3090 3789 δ’
3151 3738 3279 3791 αύτό
3354 3737 3650 3811 βρωθῆναι,
3713 3743 3788 3803 εἰς

2170 3822 2457 3895 ἀνάμνησιν
2514 3833 2608 3887 τῆς
2666 3823 2714 3876 ἐν
2769 3825 3017 3898 Αἰγύπτῳ
3076 3830 3395 3902 πικροτάτης
3450 3830 3629 3891 ζωῆς·
3689 3828 3787 3884 διὰ

2170 3909 2229 3965 δὲ
2272 3921 2369 3965 τῶν
2402 3912 2613 3985 ἀζύμων
2643 3912 2702 3965 ού
2751 3919 2903 3985 μόνον
2947 3923 3042 3977 τῆς
3089 3913 3391 3992 ὁδοιπορίας
3420 3922 3480 3970 τὸ
3523 3923 3785 3992 σύντομον

2168 4006 2344 4054 καὶτὸ
2393 4011 2487 4065 τῆς
2537 4011 2732 4077 τροφῆς
2775 3994 3324 4076 αὐτοσχέδιον,’ἀλλὰ
3352 4013 3442 4061 καὶ
3481 4011 3559 4061 ὅτι
3615 4030 3785 4084 προσο

2169 4096 2283 4149 ἠκει
2333 4089 2499 4163 μηδεν
2564 4095 2715 4163 ἴχνος
2767 4102 2861 4154 τῆς
2934 4095 3300 4166 Αἰγυπτιακῆς
3352 4097 3618 4161 πολιτείας
3672 4100 3786 4153 ἕπεο

2168 4183 2430 4255 φέρεσθαι·
2485 4182 2620 4234 οὑτω
2670 4185 2770 4256 γὰρ
2829 4184 2855 4234 6
2912 4186 3101 4257 Κύριος
3151 4188 3463 4260 ἡρμήνευσε·
3527 4206 3558 4239 ‹‹
3608 4195 3784 4259 Προσ-

2168 4273 2335 4341 έχετε,
2392 4270 2568 4342 λέγων,
2618 4269 2717 4323 ἀπὸ
2770 4280 2866 4333 τῆς
2924 4273 3097 4345 ζύμης
3145 4283 3245 4327 τῶν
3286 4280 3639 4351 Γραμματέων
3688 4284 3783 4332 καὶ

2168 4364 2483 4431 Φαρισαίων·
2526 4380 2554 4411 )›
2608 4358 2836 4413 ἑκελευσε
2888 4357 2946 4414 δε
2994 4368 3081 4415 καὶ
3133 4367 3254 4424 τούς
3301 4369 3373 4436 μὴ
3427 4361 3783 4440 διαρκούντας

2168 4448 2233 4508 εἰς
2288 4451 2473 4502 θυσίαν
2520 4448 2784 4521 προϐάτου
2841 4450 3156 4522 παραλαϐεῖν
3220 4458 3341 4516 τούς
3394 4460 3633 4525 γείτονας
3686 4462 3782 4510 καί

2166 4542 2297 4590 κατά
2347 4542 2533 4589 ταυτὸν
2585 4540 2742 4590 θῦσαι
2800 4542 2858 4591 τὸ
2914 4542 3131 4613 Πάσχα,
3194 4539 3528 4616 φιλαδελφίαν
3584 4545 3781 4607 αὐτοὺς

2164 4624 2483 4680 ἐκπαιδεύων
2549 4632 2634 4680 καὶ
2693 4631 2776 4680 τόν
2854 4629 2923 4690 εἰς
2995 4635 3117 4692 τούς
3175 4636 3395 4693 πένητας
3464 4632 3619 4685 ἔλεον·
3680 4631 3782 4687 διὰ

2162 4725 2313 4769 τοῦτο
2365 4717 2763 4791 παρακελεύεται
2817 4723 2906 4770 καὶ
2958 4722 3025 4771 τὰ
3058 4724 3423 4793 περιττεύοντα
3470 4731 3571 4773 τῶν
3611 4733 3779 4797 κρεῶν

2162 4809 2560 4872 κατακαίεσθαι,
2591 4810 2753 4879 ταύτῃ
2783 4809 3192 4879 καταναγκάζων
3219 4810 3411 4872 αύτούς
3435 4810 3607 4864 καλεῖν
3648 4817 3779 4875 τούς

2165 4894 2432 4967 δεομένους
2462 4896 2532 4955 εἰς
2562 4900 2827 4948 κοινωνίαν
2856 4916 2946 4958 της
2977 4897 3172 4972 ἑορτῆς.

2178 4992 2410 5040 ’Ταῦτα
2463 4981 2521 5038 δε
2578 4986 2746 5037 πάντα
2801 4994 2900 5037 τῶν
2962 4988 3219 5058 ἡμετέρων
3290 4990 3403 5041 ἐστι
3460 5010 3778 5063 μυστηρίων

2162 5075 2463 5146 αἰνίγματα·
2512 5078 2732 5147 χρίομεν
2794 5078 2893 5149 γὰρ
2960 5081 3048 5127 καὶ
3107 5079 3251 5149 ἡμεῖς
3307 5085 3379 5148 τῷ
3439 5080 3627 5152 αἵματι
3679 5091 3780 5135 τοῦ

2163 5166 2412 5236 ἡμετέρου
2447 5163 2637 5235 Ἀμνοῡ
2684 5164 2740 5213 ού
2790 5168 2940 5233 μόνον
2989 5170 3081 5223 τὴν
3140 5165 3289 5237 φλιὰν
3335 5167 3463 5220 ἀλλὰ
3513 5174 3603 5222 καὶ
3651 5176 3777 5234 τοὺς

2166 5250 2262 5304 δύο
2316 5252 2601 5323 σταθμούς,
2655 5252 2790 5303 κατὰ
2839 5254 2929 5323 μεν
2976 5255 3033 5305 τό
3089 5255 3342 5328 ὁρώμενον
3385 5261 3480 5314 την
3536 5257 3779 5328 γλῶτταν

1954 5519 1998 5575 Ν
2005 5514 2196 5576 ΟΤιΕ.

463 5599 579 5699 '(64)
609 5606 1088 5681 Est‘Theodoreti
1114 5639 1175 5695 q.
1214 5626 1301 5693 24,
1339 5624 1398 5678 in
1431 5624 1639 5691 Exod.,
1664 5639 1725 5696 p.
1756 5624 1863 5680 250
