4076 6202
246 279 385 338 1088

1217 277 1314 334 AD
1351 273 1908 334 AMPHILOCHIUM
1947 271 2274 341 QUA‘ISTIO
2313 274 2592 333 CCLXIV.

3474 281 3614 338 1086

246 411 336 459 xui
377 409 443 459 τά
493 405 648 478 χείλη
696 407 1027 478 καθαίροντές
1080 423 1133 456 τε
1184 409 1271 456 καὶ
1327 403 1648 474 ἁγιάζοντες·
1708 403 1840 453 κατά

1953 400 2217 468 ﬁeantes,
2262 417 2468 459 revera
2499 406 2700 459 autem
2729 417 2840 475 pro
2861 401 3066 459 limine
3098 405 3477 475 intellectum,
3505 424 3612 479 pro

250 493 309 548 δὲ
363 498 426 548 τό
469 498 746 567 νοούμετον
798 491 912 545 ἀντὶ
957 493 1101 564 φλιᾶς
1127 501 1186 544 τό
1216 490 1444 562 λογικόν·
1487 491 1600 544 ἀντὶ
1649 488 1707 543 δὲ
1746 499 1846 542 τῶν

248 582 347 637 δύο
384 586 651 655 σταθμῶν,
699 587 756 636 τό
794 578 1065 653 θυμοειδὲς
1097 586 1187 633 xui
1225 580 1619 653 ἐπιθυμητικόν·
1655 579 1847 655 ἀρμοτ-

242 693 316 726 τει
367 671 426 726 δὲ
474 675 598 744 ἡμῖν
629 677 716 724 καὶ
757 674 813 722 τὸ
843 677 974 744 μήτε
1017 671 1152 738 ὠμὰ,
1188 675 1320 742 μήτε
1350 670 1598 743 ἐψημένα,
1633 670 1841 733 ἐσθίειν,

243 759 352 812 ἀλλ’
382 759 519 812 ὁπτά
570 765 719 832 πυρί·
752 763 868 811 οὔτε
923 761 1022 832 γὰρ
1063 763 1200 831 μόνῳ
1239 767 1311 829 τῷ
1355 759 1550 831 ὄμματι
1598 757 1845 832 προσϐλέ-

240 868 422 922 πομεν,
483 847 612 900 ἀλλὰ
667 853 760 906 τὴν
819 844 1054 900 διάνοιαν
1099 847 1393 921 ἐρευνῶμεν,
1450 851 1566 900 οὔτε
1616 851 1718 920 μὴν
1762 845 1845 898 ἀν-

244 940 529 1013 θρωπίνους
586 937 874 1009 λογισμοὺς
925 945 1028 998 τοῖς
1070 939 1220 999 θείοις
1261 940 1600 1009 ἂπεισάγομεν
1642 937 1835 1008 λογοις·

241 1035 393 1081 τοῦτο
443 1030 544 1100 ’γὰρ
597 1031 686 1079 καὶ
729 1026 949 1088 Ἠσαίας
986 1034 1136 1078 τινῶν
1184 1031 1558 1101 κατηγόρησεν,
1608 1029 1671 1085 ὡς
1720 1023 1843 1076 ἀνα-

243 1118 526 1188 μιγνύντων
582 1112 742 1168 ὕδατι
791 1118 877 1168 τόν
929 1111 1081 1167 οἶνονο
1140 1113 1265 1166 ἀλλὰ
1316 1119 1454 1186 μόνῳ
1492 1116 1746 1188 χρώμεθα
1772 1122 1844 1184 τῷ

248 1207 367 1276 θείῳ
421 1209 570 1279 πυρὶ,
626 1213 682 1277 τῇ
742 1211 834 1256 τοῦ
886 1209 1142 1275 παναγίου
1186 1207 1477 1271 Πνεύματος
1517 1205 1724 1276 χάριτιο
1786 1208 1843 1255 τό

248 1291 306 1346 δὲ
334 1298 407 1366 μὴ
463 1293 756 1346 καταλιπεῖν
809 1302 909 1345 τῶν
938 1302 1096 1368 κρεῶν
1127 1293 1200 1356 εἰς
1237 1298 1330 1350 τὴν
1376 1294 1671 1367 ὑστεραίαν,
1713 1293 1844 1345 οὕτω

244 1390 476 1455 νοοῦμεν
509 1384 589 1435 ὃτι
641 1384 665 1434 ό
717 1381 908 1454 μέλλων
949 1381 1062 1455 βίος
1093 1391 1191 1434 τῶν
1241 1381 1510 1454 συμϐόλων
1559 1382 1616 1434 ού
1652 1378 1840 1434 δεῖται⁶

245 1471 378 1524 αὐτὰ
425 1475 526 1548 γὰρ
577 1474 770 1547 ὁρῶμεν
826 1470 873 1523 ἒν
943 1471 1112 1544 ἐκείνῳ
1169 1480 1241 1543 τῷ
1298 1474 1590 1545 πράγματι·
1653 1474 1719 1522 τὰ
1785 1467 1843 1523 δὲ

245 1561 374 1613 ὀστᾶ
417 1568 510 1613 τοῦ
563 1559 826 1634 προϐάτου
878 1560 1243 1633 συντρίϐουσιν
1295 1564 1343 1613 οἱ
1399 1571 1570 1623 κακῶς
1614 1563 1678 1612 τὰ
1734 1561 1845 1612 θεῖα

242 1658 480 1711 νοοῦντες
539 1655 710 1722 Λόγια
765 1655 854 1702 xui
884 1650 956 1712 εἰς
985 1655 1075 1708 τὴν
1118 1650 1308 1703 οἰκείαν
1359 1650 1493 1702 αύτὰ
1538 1655 1844 1722 πειρώμενοι

1955 490 2194 546 duobus
2226 491 2500 562 postibus
2531 492 2798 549 animum
2821 497 2876 549 et
2901 493 3275 564 cupiditates.
3308 497 3443 552 Haec
3468 513 3616 572 quo-

1955 595 2071 652 que
2107 597 2118 636 :
2155 601 2182 632 «
2230 581 2358 637 Non
2398 583 2722 638 comedetis
2760 597 2832 638 ex
2870 597 2942 638 eo
2981 583 3236 639 crudum
3275 586 3444 658 quid,
3503 602 3613 644 nec

1955 675 2192 726 coctum
2232 686 2410 741 aqua,
2467 671 2570 726 sed
2641 676 2871 728 tantum
2912 688 3116 728 assum
3160 673 3282 743 igni
3322 677 3392 742 ⁸⁷,
3434 696 3462 727 ››
3532 677 3611 733 ad

1953 773 2064 813 nos
2093 760 2389 830 pertinent
2417 760 2522 832 qui
2575 776 2695 816 non
2750 761 2830 817 ad
2875 761 3129 834 speciem
3168 767 3401 819 tantum
3427 765 3613 838 respi-

1954 846 2163 912 cimus,
2181 846 2285 903 sed
2301 854 2561 905 mentem
2581 851 2762 905 etiam
2781 850 3162 921 indagamus,
3177 867 3288 908 nec
3307 853 3608 912 humanas

1952 937 2212 992 rationes
2263 935 2480 992 divinis
2535 937 2907 994 asciscimus.
2975 940 3148 1004 Quod
3194 941 3370 997 etiam
3429 942 3609 999 Isaias

1951 1024 2317 1097 quibusdam
2355 1026 2746 1098 exprobravit,
2791 1028 2964 1100 quasi
2994 1029 3203 1086 vinum
3253 1047 3392 1087 eum
3448 1047 3610 1105 aqua

1951 1113 2334 1172 miscuissent
2360 1132 2376 1181 ;
2408 1115 2511 1172 sed
2537 1116 2664 1172 solo
2711 1117 2916 1173 divino
2945 1117 3080 1188 igne
3110 1119 3355 1186 utimur,
3390 1120 3610 1177 scilicet

1955 1204 2141 1259 sancti
2191 1203 2440 1276 Spiritus
2487 1207 2696 1275 gratia.
2727 1238 2792 1245 —
2824 1207 2994 1272 Quod
3035 1223 3154 1263 non
3208 1215 3480 1282 oporteat
3529 1209 3605 1267 ad

1952 1297 2257 1364 posterum
2302 1294 2459 1348 diem
2488 1293 2753 1366 linquere
2782 1310 2986 1351 carnes
3027 1295 3110 1351 sic
3167 1296 3549 1368 intelligimus
3585 1321 3596 1353 :

1956 1383 2164 1436 futurae
2190 1382 2321 1437 vitae
2350 1398 2468 1438 non
2493 1398 2643 1454 opus
2673 1399 2803 1438 esse
2833 1384 3142 1454 symbolis.
3169 1385 3331 1442 Idem
3353 1402 3605 1459 sequen-

1954 1467 2033 1525 tia
2063 1469 2384 1526 declarant.
2420 1472 2566 1527 Ossa
2597 1471 2756 1527 enim
2787 1473 2924 1543 agni
2955 1478 3270 1530 conterunt
3300 1476 3406 1547 qui
3448 1475 3606 1532 male

1953 1558 2196 1613 oracula
2217 1559 2414 1614 divina
2443 1559 2797 1629 intelligunt,
2833 1567 2890 1616 et
2919 1561 2998 1617 ad
3021 1563 3390 1636 impietatem
3432 1581 3605 1622 suam

1952 1661 2024 1701 ea
2046 1645 2261 1702 referre
2290 1652 2599 1702 conantur.
2643 1647 2812 1714 Quod
2845 1665 2965 1704 non
3005 1657 3277 1720 oporteat
3307 1652 3502 1708 solum
3534 1670 3606 1710 ex

243 1743 541 1813 μεταφέρειν
601 1737 854 1792 ἀσέϐειαν·
917 1743 973 1791 τό
1029 1736 1086 1791 δὲ
1144 1744 1215 1812 μὴ
1267 1743 1418 1811 μόνον
1471 1741 1525 1791 ἐκ
1572 1736 1840 1813 προϐάτων

1951 1734 2185 1799 ovibus,
2219 1735 2323 1790 sed
2354 1735 2533 1791 etiam
2565 1753 2637 1792 ex
2669 1735 2856 1792 haedis
2880 1737 3107 1794 hostias
3131 1739 3462 1808 desumere,
3489 1742 3605 1798 hoc

245 1827 372 1879 ἀλλὰ
418 1833 506 1880 καὶ
546 1828 602 1890 ἐξ
652 1826 836 1903 ἐρίφων
885 1827 1184 1900 λαμϐάνειν,
1226 1833 1318 1886 τὴν
1365 1830 1504 1881 θείαν
1548 1827 1702 1880 πάλιν
1751 1847 1842 1885 κη-

242 1919 412 1992 ρύττει
456 1916 858 1990 φιλανθρωπίαν·
908 1917 965 1969 ού
1011 1920 1110 1992 γὰρ
1155 1921 1307 1989 μόνον
1360 1918 1485 1989 ὑπὲρ
1539 1913 1756 1969 δικαίων
1817 1918 1842 1968 6

244 2009 474 2080 Χριστὸς
544 2000 672 2057 ἀλλὰ
742 2010 833 2058 xui
887 2007 1012 2079 ὑπὲρ
1087 2005 1390 2081 ἀμαρτώλον
1455 2009 1512 2058 τὸ
1594 2011 1842 2079 σωτήριον

243 2097 596 2167 ὑπομεμένηκε
670 2095 852 2157 πάθος
907 2097 1076 2168 ἔριφον
1157 2099 1259 2167 γὰρ
1337 2097 1463 2166 ὑπὲρ
1535 2095 1842 2170 ἁμαρτωλοῦ

244 2183 269 2234 6
321 2201 475 2254 νομος
521 2186 828 2256 προσφέρειν
881 2181 1128 2234 ἐκέλευσε·
1185 2187 1274 2234 xui
1316 2191 1412 2235 τῶν
1466 2183 1610 2234 θείων
1651 2179 1709 2236 δὲ
1747 2205 1844 2256 μυ-

246 2275 472 2344 στηρίων
520 2273 568 2324 οἱ
639 2270 1128 2344 μεταλαμϐάνοντες,
1199 2272 1247 2322 οἱ
1302 2273 1392 2342 μὲν
1453 2273 1522 2332 ὡς
1580 2271 1841 2346 προϐάτου

242 2359 775 2433 μεταλαμϐάνουσιν,,
804 2359 893 2412 ἅτε
943 2356 1009 2418 δὴ
1052 2359 1244 2413 τελείαν
1289 2363 1381 2418 τὴν
1431 2358 1613 2436 ἀρετὴν
1661 2381 1843 2421 κεκτη-

241 2455 405 2522 μένοιο
466 2451 515 2501 oi
566 2446 624 2502 δε
663 2452 732 2511 ὡς
783 2447 979 2523 ίρίφου,
1041 2445 1133 2501 διὰ
1184 2454 1458 2520 μετανοίας
1505 2447 1842 2522 ἐξαλείφοντες

241 2541 334 2600 τὰς
385 2546 483 2590 τῶν
521 2537 908 2613 ἁμαρτημάτων
956 2534 1196 2598 κηλῖδας·
1248 2538 1384 2590 οὕτω
1432 2542 1520 2590 καὶ
1570 2539 1594 2590 6
1653 2543 1842 2612 Κύριος

242 2630 388 2699 ἡμῶν
437 2628 532 2680 οὐκ
579 2626 634 2679 ἐκ
690 2631 896 2680 σιτίνων
949 2633 1102 2699 μόνον
1158 2626 1288 2680 ἀλλὰ
1334 2627 1426 2679 καί
1478 2627 1534 2679 ἐκ
1598 2631 1839 2701 κριθίνων

241 2721 364 2777 τοὺς
424 2715 833 2777 συνεληλυθότας
884 2717 1055 2791 ἄρτων
1113 2713 1371 2792 διέθρεψε·
1438 2723 1529 2770 xui
1589 2719 1713 2790 ἡμῖν
1781 2715 1841 2771 δὲ

244 2802 560 2859 διεκελευσεν
637 2809 777 2878 ἔχειν
835 2808 928 2868 τὰς
991 2807 1190 2879 ὀσφύας
1263 2811 1677 2880 περιεζωσμένας
1751 2812 1840 2860 καὶ

241 2899 360 2956 τοὺς
401 2892 570 2958 πόδας
624 2891 1037 2968 ὑποδεδεμένόυς
1087 2900 1170 2948 xoi
1198 2900 1320 2958 τοὺς
1365 2896 1588 2968 λύχνους
1633 2901 1839 2969 καιομέ-

242 3003 378 3049 νους,
484 2987 550 3047 ὡς
632 2985 833 3046 οἰκέτας
917 2981 1178 3044 δεσπότην
1258 2990 1657 3059 προσμένοντας
1733 2986 1838 3039 ἀλλ’

239 3069 469 3148 Ἑϐραῖοι
659 3075 729 3137 ὡς
780 3073 1088 3146 Αἰγυπτίων
1150 3073 1589 3148 ἀπαλλαττόμενοι
1638 3080 1728 3128 καὶ
1767 3075 1838 3138 εἰς
1870 3105 1911 3162 C

237 3168 335 3221 τὴν
394 3167 696 3218 Χαναναίων
760 3171 859 3235 γῆν
931 3163 1256 3236 εἰσαγόμενοι
1333 3171 1486 3216 τοῦτο
1566 3165 1712 3236 εἶχον
1779 3169 1838 3218 τό

243 3259 453 3325 σχῆμασ
487 3254 634 3326 ἡμεῖς
679 3249 740 3307 δὲ
781 3255 852 3315 ὡς
899 3252 1122 3307 ἐντεῦθεν
1161 3253 1233 3314 εἰς
1262 3254 1429 3327 ἕτερον
1472 3256 1840 3328 μεθιστάμενοι

239 3341 377 3414 βίον.

311 3433 408 3484 Διὰ
463 3438 615 3484 τοῦτο
661 3437 749 3484 xui
799 3433 922 3504 ἡμῖν
953 3433 979 3484 6
1021 3433 1150 3493 θεῖος
1179 3431 1582 3505 παρακελεύεται
1635 3432 1840 3496 Παῦλος

240 3519 400 3593 βοῶν·
461 3542 485 3570 (ι
537 3520 885 3594 Ἐκκαθάρατε
948 3526 1042 3580 τὴν
1125 3521 1349 3575 παλαιὰν
1417 3522 1606 3593 ζύμην·
1670 3544 1700 3576 »
1747 3528 1837 3576 xui

239 3609 354 3674 ἑξῆς
408 3609 580 3663 εἰπών·
639 3629 668 3661 ι(
727 3608 888 3664 ’Ὥστε
945 3610 1265 3686 ἑορτάζωμεν
1309 3615 1412 3682 μὴν
1454 3609 1502 3662 ἐν
1543 3612 1683 3685 ζύμῃ
1739 3632 1838 3666 πα·-

237 3699 381 3770 λαιᾷ,
440 3696 579 3771 μηδὲ
630 3699 678 3752 ἐν
728 3700 867 3773 ζύμῃ
923 3704 1111 3762 κακίας
1163 3705 1252 3753 καὶ
1295 3705 1565 3774 πονηρίας,
1625 3699 1730 3754 ἀλλ’
1787 3701 1836 3755 ἐν

240 3787 466 3860 ἀζύμοις
556 3788 881 3862 εἰλικρινείας
935 3795 1024 3842 καὶ
1079 3787 1340 3852 ἀληθείας.
1399 3813 1428 3840 ››
1499 3789 1724 3846 ’Ἄνωθεν
1777 3789 1836 3845 δε

236 3895 603 3950 προμεμηνυκε
646 3883 739 3938 τὴν
785 3887 885 3931 τῶν
939 3880 1090 3931 ἐθνῶν
1155 3884 1416 3953 σωτηρίαν
1471 3881 1496 3931 6
1545 3885 1699 3942 Θεόςο
1746 3887 1835 3936 καὶ

236 3969 342 4040 γὰρ
399 3967 755 4040 προσηλύτους
804 3967 1220 4040 μεταλαγχάνειν
1276 3975 1368 4020 τοῦ
1410 3970 1611 4040 Πάσχα
1671 3989 1836 4042 προσ-

237 4055 406 4118 έταξε.
447 4061 629 4128 Γιόραν
657 4059 760 4129 ’γὰρ
799 4059 885 4108 τὸν
933 4055 1258 4132 προσήλυτον
1289 4054 1542 4127 ἐκάλεσεν,
1590 4063 1678 4110 καὶ
1726 4059 1836 4111 ἶσος

234 4149 420 4217 νομέας
470 4145 609 4216 αὐτῷ
665 4143 968 4217 μετέδωκεν·
1036 4165 1064 4196 «
1121 4143 1307 4198 Ἔσται
1342 4147 1466 4220 γὰρ,
1522 4151 1700 4217 φησὶν,
1766 4149 1834 4209 ὡς

236 4233 514 4305 αὐτόχθων
545 4241 632 4295 τῆς
669 4242 787 4306 γῆς·
821 4255 849 4288 ››
871 4239 960 4286 xui
992 4237 1050 4286 τό
1081 4253 1111 4285 ‹‹
1144 4233 1224 4287 Ἐν
1263 4233 1404 4306 οἰκίᾳ
1435 4240 1532 4306 μιᾷ
1564 4232 1834 4311 βρωθήσε-

234 4343 342 4386 ται,
386 4344 415 4373 ››
456 4323 802 4395 φυλάττουσιν
840 4326 888 4376 οἱ
926 4329 1127 4389 πιστοὶ,
1178 4322 1226 4375 ἐν
1265 4327 1393 4397 μόνη
1435 4331 1496 4395 τῇ
1547 4323 1834 4397 Ἐκκλησία

233 4421 336 4465 τῶν
391 4414 536 4466 θείων
588 4411 1058 4486 μεταλαμϐάνοντες
1095 4417 1420 4486 μυστηρίων,
1469 4415 1558 4474 τὰς
1624 4409 1685 4466 δε
1733 4422 1830 4466 τῶν

235 4503 505 4574 αἰρετικῶν
598 4505 905 4574 συναγωγὰς
989 4498 1412 4574 βδελυττόμενον
1503 4506 1569 4554 τὰ
1658 4506 1832 4574 μέντοι

233 4595 543 4666 πρωτότοκα
589 4595 679 4644 καὶ
718 4599 816 4643 τῶν
844 4589 1118 4664 προϐάτων
1163 4595 1252 4643 xui
1297 4599 1398 4643 τῶν
1445 4589 1580 4664 βοῶν
1609 4595 1833 4667 προσφέ-

234 4681 423 4754 ρεσθαι
474 4682 855 4752 νενομοθέτηκε,
923 4689 1019 4742 τῆς
1079 4689 1179 4732 τῶν
1251 4685 1585 4756 πρωτοτόκων
1641 4679 1832 4742 αύτούς

236 4773 498 4843 σωτηρίας
551 4767 976 4841 ἀναμιμνήσκων·
1024 4765 1148 4822 ούδε
1193 4772 1293 4843 γὰρ
1338 4769 1492 4831 αὐτὸς
1521 4777 1622 4821 τῶν
1670 4771 1832 4841 θυμά-

229 4877 330 4910 των
409 4855 598 4924 ἐδεῖτο,
654 4858 785 4911 ἀλλὰ
840 4864 934 4918 τὴν
991 4859 1192 4912 ἐκείνων
1246 4859 1487 4931 ὠφελειαν
1557 4857 1834 4931 ίπραγμα-

228 4948 425 5000 τεύετο·
479 4955 629 5001 τοῦτο
682 4944 742 5000 δὲ
791 4953 881 5000 καὶ
931 4947 1088 5010 αὐτὸς
1135 4949 1161 5000 ό
1210 4951 1365 5021 νόμος
1415 4944 1586 5006 δηλοίο
1635 4967 1665 5000 (ι
1717 4948 1831 5000 Ἐὰν

226 5039 333 5110 γὰρ
361 5035 597 5110 ἐρωτήσῃ
629 5055 687 5089 σε
713 5038 737 5089 6
767 5039 880 5099 υἱός
913 5057 1028 5103 σου,
1060 5042 1123 5090 Τί
1147 5037 1258 5090 ἐστι
1294 5045 1446 5090 τούτο
1472 5055 1485 5105 ;
1520 5056 1548 5088 λ)
1576 5041 1667 5090 καὶ
1694 5035 1826 5102 ἑξῆς,

228 5127 326 5188 ἔως
365 5133 478 5192 τοῦ,
523 5146 551 5178 «
591 5130 686 5179 Διά
727 5134 879 5180 τοῦτο
909 5126 1007 5198 ἐγὼ
1049 5129 1154 5180 θύω
1197 5135 1268 5198 τῷ
1301 5131 1474 5201 Κυρίῳ
1503 5131 1604 5179 πᾶν
1636 5123 1830 5179 διανοῖ-

222 5233 321 5284 γον
375 5233 599 5289 μητραν,
647 5218 712 5267 τὰ
771 5214 1020 5290 ἀρσενικὰ
1070 5221 1159 5268 καὶ
1215 5223 1313 5269 πᾶν
1359 5218 1685 5288 πρωτότοκον
1729 5223 1828 5266 τῶν

225 5305 356 5355 υἱῶν
409 5322 504 5356 σου
549 5303 904 5378 λυτρὼσομαι”
955 5309 1042 5358 xui
1074 5308 1222 5358 ἔσται
1253 5305 1321 5367 είς
1368 5312 1580 5376 σημεῖον
1624 5302 1707 5356 ἐπὶ
1733 5311 1828 5366 τῆς

223 5395 411 5465 χειρός
470 5411 565 5446 σου
618 5397 708 5445 xui
772 5391 1054 5446 ἀσάλευτον
1114 5399 1214 5468 πρὸ
1271 5393 1563 5466 ὀφθαλμῶνο
1616 5391 1665 5444 ίν
1725 5395 1823 5466 ⁴γόιρ

1865 4460 1910 4514 D

299 5596 344 5631 ⁸⁷
382 5596 565 5654 Exod.
607 5613 701 5664 xu,
733 5598 788 5652 9.
819 5598 864 5635 ³⁸
904 5598 926 5652 I
967 5599 1095 5655 Cor.
1127 5612 1184 5664 v,
1215 5597 1268 5652 7.
1303 5598 1350 5632 ⁵³
1380 5595 1526 5654 ibid.
1557 5599 1608 5652 8.
1651 5597 1698 5632 ⁸ο
1733 5594 1918 5652 Exod.

1950 1840 2159 1880 rursus
2175 1824 2440 1880 divinum
2455 1825 2514 1880 in
2531 1825 2805 1881 homines
2825 1826 3151 1898 proclamat
3171 1845 3458 1897 amorem,
3483 1847 3607 1888 non

1953 1914 2110 1969 enim
2147 1914 2340 1970 solum
2387 1930 2496 1987 pro
2547 1915 2720 1986 justis
2768 1915 3052 1983 Christus,
3113 1918 3216 1973 sed
3266 1919 3444 1976 etiam
3503 1937 3606 1994 pro

1952 2002 2366 2075 peccatoribus
2405 2003 2726 2060 salutarem
2773 2005 3007 2076 pertulit
3047 2009 3413 2079 passionem.
3456 2012 3606 2067 Nam

1948 2092 2194 2148 haedum
2222 2109 2326 2164 pro
2362 2093 2776 2165 peccatoribus
2801 2093 2894 2150 lex
2925 2093 3138 2151 offerre
3163 2096 3344 2168 jussit
3380 2115 3393 2154 :
3427 2115 3498 2154 ex
3538 2099 3609 2154 iis

1950 2186 2151 2238 autem
2173 2183 2272 2254 qui
2304 2198 2475 2239 sacra
2507 2181 2792 2255 mysteria
2819 2183 3196 2256 participant,
3229 2185 3328 2241 alii
3364 2188 3608 2260 quidem

1951 2269 2127 2342 quasi
2157 2271 2217 2326 in
2242 2274 2476 2342 partem
2497 2272 2638 2342 agni
2661 2273 2922 2338 veniunt,
2972 2278 3173 2344 utpote
3193 2275 3464 2332 virtutem
3490 2275 3608 2332 exi-

1951 2360 2138 2415 miam
2164 2358 2388 2431 adepti,
2421 2359 2520 2416 alii
2552 2376 2690 2416 vero
2738 2362 2907 2433 quasi
2945 2363 3004 2416 in
3031 2367 3262 2435 partem
3290 2365 3466 2431 haedi,
3496 2365 3608 2421 sei-

1949 2447 2195 2520 licetqui
2213 2449 2563 2520 paenitentia
2575 2448 2836 2505 maculas
2855 2457 3225 2522 peccatorum
3240 2452 3602 2510 oblitterant.

1951 2536 2044 2592 Sic
2070 2537 2228 2593 enim
2253 2537 2540 2593 Dominus
2561 2543 2765 2593 noster
2780 2553 2898 2594 non
2920 2553 2951 2594 e
2973 2539 3356 2596 frumentario
3384 2541 3600 2610 solum,

1949 2626 2053 2682 sed
2084 2628 2253 2683 etiam
2285 2643 2356 2682 ex
2386 2626 2720 2684 hordeaceo
2753 2643 2906 2700 pane
2947 2629 3188 2686 turbam
3217 2631 3516 2698 enutrivit,
3548 2637 3605 2688 et

1947 2715 2122 2771 nobis
2142 2716 2510 2788 prmscripsit
2539 2717 2781 2774 lumbos
2804 2718 3032 2774 cinctos
3063 2718 3303 2785 habere,
3335 2725 3392 2776 et
3419 2721 3606 2792 pedes

1948 2809 2266 2870 ealceatos,
2327 2809 2383 2861 et
2423 2805 2728 2861 lucernam
2762 2821 3078 2863 accensam
3122 2813 3185 2864 ut
3235 2808 3476 2864 famulis
3499 2809 3604 2866 do-

1950 2893 2182 2949 minum
2195 2896 2699 2966 exspectantibus.
2719 2897 2788 2952 Ut
2808 2896 2988 2966 igitur
3001 2896 3230 2952 Hebraei
3251 2898 3324 2952 de
3351 2899 3603 2971 [Egypto

1949 2983 2106 3039 exire
2174 2982 2346 3054 jussi,
2407 2983 2854 3056 migrantesque
2929 2984 2989 3040 in
3068 2985 3356 3042 Chanaan
3440 2986 3602 3044 hunc

1950 3071 2179 3128 cultum
2209 3071 2526 3138 habebant,
2554 3072 2888 3130 habeamus
2914 3079 2970 3130 et
2991 3090 3100 3131 nos
3123 3075 3223 3146 qui
3247 3091 3321 3132 ex
3347 3075 3462 3134 hac
3481 3076 3605 3134 vita

1949 3161 2006 3216 in
2040 3159 2290 3218 alteram
2321 3161 2672 3232 migramus.

2019 3423 2149 3488 Qua
2177 3420 2215 3476 d
2225 3437 2250 3476 ε
2263 3436 2447 3478 causa
2471 3423 2527 3477 et
2538 3435 2648 3477 nos
2663 3420 2838 3476 divus
2850 3422 2926 3479 ad
2934 3422 3206 3480 hortatur
3223 3424 3459 3494 Paulus,
3479 3425 3598 3484 cla-

1947 3527 2108 3568 mans
2130 3530 2142 3567 :
2162 3531 2190 3564 ιι
2210 3512 2539 3584 Expurgate
2568 3515 2734 3568 vetus
2753 3509 3088 3568 fermentum
3123 3514 3228 3580 53,»
3269 3519 3326 3570 et
3354 3514 3595 3588 reliqua,

1947 3601 2179 3658 dicens:
2199 3624 2226 3652 ι(
2250 3602 2450 3674 Itaque
2480 3601 2794 3674 epulamur
2824 3616 2946 3658 non
2977 3604 3033 3658 in
3065 3604 3246 3660 veteri
3279 3602 3600 3672 fermento,

1945 3706 2055 3746 nec
2083 3692 2143 3746 in
2169 3690 2408 3747 malitiae
2449 3695 2506 3746 et
2552 3692 2675 3748 vitii
2733 3692 3042 3758 fermento,
3104 3692 3208 3748 sed
3247 3692 3311 3748 in
3366 3694 3597 3767 azymis

1945 3779 2300 3836 sinceritatis
2325 3781 2709 3854 veritatisque
2735 3784 2804 3834 ⁸³.
2839 3803 2867 3834 »
2902 3787 2944 3838 A
2970 3782 3146 3854 longe
3177 3783 3598 3854 praenuntiavit

1945 3869 2253 3939 gentilium
2299 3870 2550 3926 salutem
2607 3874 2762 3927 Deus
2808 3872 2911 3944 qui
2964 3872 3295 3943 proselytos
3350 3872 3596 3930 Paschaa

1943 3959 2070 4013 fieri
2088 3959 2405 4030 participes
2413 3959 2605 4029 jussit.
2629 3961 2848 4016 Etenim
2863 3960 3231 4032 proselytum
3249 3959 3594 4032 appellavit,

1944 4048 2116 4119 eique
2157 4046 2311 4120 juris
2363 4047 2822 4120 mquabilitatem
2848 4049 3030 4104 dedit.
3062 4069 3091 4100 «
3122 4051 3237 4104 Erit
3275 4047 3453 4119 enim,
3497 4049 3595 4106 in-

1942 4137 2089 4208 quit,
2124 4143 2187 4191 ut
2218 4141 2384 4191 terrae
2411 4135 2712 4209 indigena.
2762 4139 2880 4192 Hoc
2911 4141 3101 4193 autem
3130 4137 3362 4193 Pascha
3390 4137 3447 4192 in
3479 4153 3596 4195 una

1942 4225 2126 4281 domo
2148 4225 2492 4281 eomedetur
2511 4227 2580 4294 5°,
2614 4245 2642 4276 »
2673 4225 2986 4282 observant
3015 4224 3221 4281 ﬁdeles
3241 4225 3346 4298 qui
3378 4241 3494 4282 una
3531 4225 3596 4282 in

1943 4313 2192 4370 ecclesia
2227 4330 2528 4370 sacrorum
2560 4315 2872 4387 participes
2905 4315 3314 4388 mysteriorum
3339 4319 3498 4383 sunt,
3537 4318 3597 4372 et

1941 4403 2014 4461 ab
2085 4403 2376 4460 haereticis
2453 4403 2843 4461 conventibus
2911 4405 3256 4462 abhorrent.
3322 4405 3597 4463 Attamen

1940 4493 2340 4565 primogenita
2369 4493 2568 4550 ovium
2614 4499 2672 4550 et
2699 4495 2886 4551 boum
2939 4493 3136 4550 offerri
3158 4493 3418 4551 Hebraeis
3447 4509 3598 4566 pras-

1941 4583 2095 4654 cepit
2163 4583 2470 4650 Dominus,
2537 4588 2600 4638 ut
2655 4582 3057 4656 primogenita
3095 4598 3304 4639 eorum
3361 4587 3596 4641 servata

1941 4673 2122 4728 fuisse
2152 4671 2297 4727 iisin
2317 4672 2667 4728 memoriam
2689 4677 3015 4729 revocaret.
3040 4671 3208 4729 Nullo
3221 4671 3382 4728 enim
3407 4672 3594 4730 modo

1941 4762 1994 4818 ei
2037 4761 2289 4817 victimis
2311 4777 2464 4832 opus
2495 4767 2637 4828 erat,
2660 4761 2775 4818 hoc
2822 4768 3023 4819 autem
3062 4762 3141 4819 ad
3173 4761 3594 4820 Haebraeorum

1943 4850 2252 4907 utilitatem
2303 4850 2629 4922 spectabat.
2681 4851 2850 4917 Quod
2917 4852 3076 4907 idem
3153 4851 3411 4908 ostendit
3475 4850 3592 4908 lex.

1946 4942 2266 5010 «Cumque
2310 4939 2756 5008 interrogaverit
2787 4944 2840 4995 te
2890 4939 3046 4994 ﬁlius
3087 4945 3224 4996 tuus
3263 4939 3462 5006 :Quid
3506 4942 3596 4997 est

1939 5029 2055 5085 hoe
2086 5029 2152 5092 ⁶¹,
2178 5047 2206 5080 ››
2225 5031 2282 5083 et
2296 5026 2524 5099 reliqua
2551 5044 2743 5100 usque
2766 5028 2843 5083 ad
2872 5027 3015 5084 hoc:
3042 5027 3309 5085 «Idcirco
3341 5028 3594 5086 immolo

1940 5117 2197 5174 Domino
2227 5131 2407 5173 omne
2423 5117 2583 5188 quod
2603 5117 2791 5188 aperit
2806 5117 3048 5174 vulvam
3070 5117 3386 5174 masculini
3413 5135 3592 5176 sexus

1938 5214 1993 5264 et
2023 5206 2228 5264 omnia
2268 5206 2668 5278 primogenita
2718 5206 2979 5262 ﬁliorum
3019 5223 3292 5264 meorum
3337 5208 3587 5276 redimo,

1937 5302 1996 5355 et
2021 5298 2127 5354 erit
2161 5296 2341 5367 igitur
2386 5295 2558 5367 quasi
2597 5295 2835 5364 signum
2866 5296 2928 5352 in
2994 5312 3182 5353 manu
3234 5301 3358 5367 tua,
3414 5298 3590 5372 quasi

1938 5401 2276 5460 appensum
2297 5384 2395 5457 qui
2425 5383 2506 5441 ob
2535 5384 3016 5443 recordationem
3045 5385 3197 5445 inter
3215 5386 3423 5445 oculos
3448 5390 3588 5446 tuos

1951 5600 2056 5661 xii,
2090 5593 2180 5648 46.
2215 5593 2256 5628 ⁶¹
2305 5589 2485 5648 Exod.
2526 5591 2647 5653 xiii,
2676 5589 2764 5646 14.
