4026 6196
513 253 648 307 108Ἱ
1717 251 1957 305 PHOTlI
1998 250 2478 306 ΡΑΤΒΙΑΗΟΗᾸΞ
2516 251 2617 306 GP.

2264 250 2478 305 RCHXE
2516 251 2617 306 GP.
3734 253 3837 307 “ﬁ

509 394 579 434 eo
614 376 779 449 quod
818 377 877 431 in
939 391 1119 431 manu
1166 375 1298 431 forti
1354 375 1553 431 eduxit
1597 391 1706 432 nos
1747 375 2036 431 Dominus
2080 376 2153 432 de
2191 378 2231 430 A
2262 380 2406 450 χειρὶ
2436 380 2664 449 κραταιᾷ
2692 375 2910 446 ἐξήγαγέ
2945 394 3001 428 σε

2262 380 2406 450 χειρὶ
2436 380 2664 449 κραταιᾷ
2692 375 2910 446 ἐξήγαγέ
2945 394 3001 428 σε
3048 377 3241 445 Κύριος
3269 374 3322 437 ἐξ
3352 374 3654 446 Αἰγύπτου.
3700 398 3725 424 υ
3748 380 3844 432 Τοι·

506 469 777 539 }Egypto.
819 465 1071 521 Proinde
1108 465 1229 520 haec
1255 465 1461 521 omnia
1500 481 1620 520 non
1669 481 1773 536 pro
1804 481 1865 521 re
1898 467 2147 529 Domini,
2260 469 2442 539 γάρτοι
2477 468 2669 517 τούτων
2713 466 2930 517 ἕκαστον
2972 485 3002 516 ο

2260 469 2442 539 γάρτοι
2477 468 2669 517 τούτων
2713 466 2930 517 ἕκαστον
2972 465 3030 516 ού
3056 471 3152 526 τῆς
3178 472 3269 517 τοῦ
3308 469 3435 517 Θεού
3476 470 3667 538 χρείας
3707 470 3843 527 ἕνεκα,

510 554 615 611 sed
653 571 761 626 pro
790 553 996 626 populi
1023 554 1360 609 commodis
1394 559 1737 610 evenerunt.
2263 554 2387 606 αλλά
2408 562 2503 616 τῆς
2532 561 2623 606 τοῦ
2647 553 2774 606 λαοῦ
2806 554 3001 625 ἐγένετο

2263 554 2387 606 ἀλλὰ
2408 562 2503 616 τῆς
2532 561 2623 606 τοῦ
2647 553 2774 606 λαοῦ
2806 554 3001 625 ἐγένετο
3034 553 3300 625 ὠφελείας.

598 677 919 743 ΟΗΑΞΞΤΙΟ
953 677 1172 734 CCLXV
1208 679 1224 748 [
1257 677 1433 733 Coisl.
1479 678 1837 743 CCLXXXIV,
1878 679 2055 735 Taur.
2808 685 3002 731 EPﬂTf

2808 683 3122 731 ΕΡΩΤΗΣΙΣ
3163 677 3306 732 ΣΞΕ.

1164 748 1504 820 CCLXXIII].

507 856 794 929 Quomodo
814 856 1144 929 intelligere
1195 856 1614 929 oporteat/mc
1636 858 1901 927 Apostoli
1928 856 2106 929 verba
2137 875 2148 914 :
2266 863 2379 917 Πῶς
2407 860 2609 929 νοητέον
2640 859 2698 907 τό
2726 857 2825 907 ὑπὸ
2857 856 3002 929 roof,

2266 863 2379 917 Πῶς
2407 860 2609 913 νοητέον
2640 859 2698 907 τό
2726 857 2825 907 ὑπὸ
2857 864 2948 908 τοῦ
2976 856 3294 909 Ἀποστολου
3337 856 3631 929 εἰρημένον,
3669 876 3699 903 ιι
3742 857 3855 906 Πάν-

578 948 606 979 ‹‹
640 928 847 983 Omnes
873 929 937 981 in
966 928 1161 995 Moyse
1193 928 1476 995 baptizati
1506 926 1724 983 sumus.
1756 949 1782 977 »
1814 935 1867 983 et
1900 928 2148 997 reliqua,
2332 947 2410 987 τες
2450 928 2520 999 εἰς
2561 931 2645 979 τόν
2682 934 2907 999 Μωυσῆν
2951 926 3002 979 ἐς

2332 947 2410 987 τες
2450 928 2520 999 εἰς
2561 931 2645 979 τόν
2682 934 2907 999 Μωυσῆν
2951 926 3357 999 ἐϐαπτίσθημεν,
3382 926 3422 976 Vn
3454 926 3546 979 xm
3578 928 3724 995 ἑξῆς,
3762 929 3853 985 ἕως·

573 1014 747 1069 usque
765 1000 844 1055 ad
859 1021 887 1049 «
916 999 1033 1054 Hic
1056 1014 1187 1055 vero
1207 1000 1352 1067 lapis
1378 1006 1498 1054 erat
1527 999 1793 1055 Christus
1816 999 1948 1069 (65).
1977 996 2037 1049 »ί
2337 1022 2365 1049 ι(
2398 999 2455 1050 'u
2485 996 2544 1051 δὲ
2571 1003 2736 1071 πέτρα
2766 996 2827 1057 ἦν
2851 1002 2876 1050 6
2908 1006 3002 1073 Xpi

2337 1022 2365 1049 ι(
2398 999 2455 1050 'll
2485 996 2544 1051 δι
2571 1003 2736 1071 πίτρα
2766 996 2827 1057 ἦν
2851 1002 2876 1050 6
2908 1004 3138 1073 Χριστός
3170 1017 3182 1065 ;
3213 1022 3239 1049 ››

903 1107 1056 1156 Edita
1083 1120 1114 1155 a
1146 1107 1281 1155 Maio
1306 1107 1359 1168 (l.
1396 1120 1440 1155 c.
1470 1122 1520 1169 p.
1553 1108 1660 1162 129,
1694 1107 1802 1163 130,
1832 1121 1883 1169 q.
1917 1107 2047 1166 274).
2085 1104 2224 1155 —In
2266 1105 2282 1152 Ι
2313 1106 2431 1154 Cor.
2470 1120 2519 1163 x,
2558 1108 2602 1161 1,
2629 1106 2675 1161 4,
2709 1110 2761 1155 et
2788 1105 2953 1155 Exod.
2987 1121 3002 1153 ι

2266 1105 2282 1152 l
2313 1106 2431 1154 Cor.
2470 1120 2519 1163 x,
2558 1108 2602 1161 1,
2629 1106 2675 1161 4,
2709 1110 2761 1155 et
2788 1105 2953 1155 Exod.
2987 1120 3095 1162 xm,
3126 1106 3205 1164 21,
3242 1120 3346 1160 xxv,
3383 1106 3461 1153 22.

574 1224 781 1294 Figura
820 1227 986 1279 erant
1045 1239 1338 1279 novarum
1387 1223 1648 1294 antiquae
1693 1239 1785 1279 res
1840 1227 1896 1278 et
1936 1220 2153 1277 umbra
2331 1225 2498 1282 Τύπος
2540 1218 2598 1279 ἦν
2646 1229 2745 1273 τῶν
2784 1226 2905 1274 νέων
2950 1225 3002 1273 τό

2331 1225 2498 1282 Τύπος
2540 1218 2598 1279 ἦν
2646 1229 2745 1273 τῶν
2784 1226 2905 1274 νέων
2950 1225 3014 1273 τὰ
3046 1221 3257 1288 παλαια,
3310 1227 3399 1273 καὶ
3432 1225 3560 1272 ama}
3733 1221 3757 1271 ό
3794 1228 3860 1271 νό-

499 1315 736 1387 quidem
777 1314 890 1378 lex,
934 1329 1149 1384 corpus
1192 1329 1327 1367 vero
1382 1313 1691 1384 quoddam
1736 1312 1945 1381 gratia.
2005 1312 2150 1365 Cum
2261 1331 2374 1382 μος,
2444 1314 2594 1382 σῶμά
2650 1330 2700 1361 τι
2748 1307 2804 1362 δὲ
2855 1312 2884 1367 ἡ
2945 1331 3002 1381 χι

2261 1331 2374 1382 μος,
2444 1314 2594 1382 σῶμά
2650 1330 2700 1361 τι
2748 1307 2804 1362 δὲ
2855 1312 2884 1367 ἡ
2945 1313 3122 1383 χάρις·
3177 1307 3356 1368 ἐπειδὴ
3418 1315 3592 1362 τοίνυν
3658 1306 3860 1361 ἐδίωκον

498 1403 677 1474 igitur
696 1402 2154 1475 persequerenturilebraeosngyptiiJiquetrans-
2262 1403 2377 1459 τοὺς
2419 1399 2686 1472 Ἑϐραίους
2734 1402 2782 1451 οἱ
2828 1400 3000 1470 Αἰγύπ-

2262 1403 2377 1459 τοὺς
2419 1399 2686 1472 Ἑϐραίους
2734 1402 2782 1451 οἱ
2828 1400 3124 1470 Αἰγύπτιοι,
3173 1396 3445 1460 διαϐάντες
3493 1396 3555 1450 δε
3605 1405 3697 1456 τήν
3731 1400 3860 1471 Ἐρν·

501 1494 687 1563 gressi
730 1498 868 1549 sunt
896 1509 1056 1547 mare
1089 1492 1377 1556 Rubrum,
1414 1496 1466 1549 et
1500 1507 1709 1547 amara
1742 1491 2151 1562 Aigyptiorum
2265 1492 2387 1564 θρόιν
2434 1490 2702 1542 θάλασσαν
2759 1492 2806 1541 οἱ
2867 1489 3002 1561 Ἑϐρι

2265 1492 2387 1564 θράν
2434 1490 2702 1542 θάλασσαν
2759 1492 2806 1541 οἱ
2867 1489 3096 1561 Ἑϐραῖοι
3156 1499 3244 1550 τῆς
3313 1496 3504 1563 πικρᾶς
3564 1498 3667 1540 τῶν
3717 1489 3863 1559 Αὶγυο

503 1584 780 1639 servitute
809 1581 1039 1637 liberati
1075 1587 1233 1647 sunt,
1263 1582 1457 1650 ﬁgura
1486 1580 1939 1651 fuitbaptisterii
1966 1594 2149 1645 mare,
2261 1583 2378 1631 τίων
2413 1578 2790 1649 ἀπηλλάγησαν
2824 1576 3002 1630 δεσπο·

2261 1583 2378 1631 τίων
2413 1578 2790 1649 ἀπηλλάγησαν
2824 1576 3148 1641 δεσποτείας,
3197 1582 3354 1630 τύπον
3390 1581 3504 1649 ἔχει
3536 1587 3597 1636 τῆ
3610 1599 3633 1639 ς
3674 1578 3863 1649 κολυμ·

504 1673 748 1745 Spiritus
804 1671 993 1726 sancti
1033 1671 1245 1737 nubes,
1298 1670 1507 1725 Christi
1542 1670 1855 1725 Salvatoris
1896 1669 2149 1739 Moyses,
2184 1655 2227 1709 Β
2264 1665 2461 1741 ϐἡθρας
2503 1669 2531 1725 ἡ
2588 1669 2841 1719 θάλαττα·
2892 1668 2921 1725 ἦ
2958 1665 3002 1720 δί

2264 1665 2461 1741 ϐἡθρας
2503 1669 2531 1725 ἡ
2588 1669 2841 1719 θάλαττα·
2892 1668 2921 1725 ἦ
2958 1665 3016 1720 δε
3053 1667 3252 1737 νείρέλη,
3309 1674 3400 1718 τοῦ
3458 1670 3788 1738 Πνεύματος⁴
3841 1668 3861 1717 6

500 1762 685 1818 crucis
718 1760 906 1830 virga,
950 1759 1169 1815 diaboli
1208 1760 1456 1825 Pharao,
1491 1758 1838 1814 daemonum
1869 1756 2150 1829 Egyptii,
2264 1752 2323 1807 δὴ
2353 1763 2604 1824 Μωύσῆς,
2659 1765 2750 1809 τοῦ
2790 1764 2997 1831 Σωτῆρο

2264 1752 2323 1807 δε
2353 1763 2604 1824 Μωύσῆς,
2659 1765 2750 1809 τοῦ
2790 1764 3027 1831 Σωτῆρος
3058 1762 3312 1829 Χριστού’
3366 1764 3459 1807 τοῦ
3512 1764 3751 1825 σταυροῦ
3794 1753 3863 1820 δε,

496 1850 680 1905 divini
722 1849 831 1903 cibi
861 1864 1103 1914 manna,
1132 1848 1528 1920 redemptoris
1562 1848 1875 1917 sanguinis
1920 1862 2081 1918 aqua
2120 1862 2150 1901 e
2263 1848 2291 1903 ἡ
2319 1843 2533 1919 ῥαϐδοςο
2573 1854 2664 1898 τοῦ
2716 1843 2963 1899 διαϐόλου

2263 1848 2291 1903 ἡ
2319 1843 2533 1919 ῥάϐδος
2573 1854 2664 1898 τοῦ
2716 1843 2963 1899 διαϐόλου
3003 1843 3081 1909 δὲ,
3123 1848 3147 1898 6
3194 1852 3398 1920 Φαραώ’
3430 1855 3532 1897 τῶν
3582 1844 3863 1913 δαιμόνων,

498 1954 663 1993 saxo.
712 1941 779 1993 Ut
818 1937 976 1993 enim
1033 1937 1112 1992 illi
1167 1942 1492 2009 postquam
1521 1936 1875 2005 transgressi
1913 1936 2153 1990 fuerunt
2261 1938 2310 1986 oi.
2361 1935 2657 2007 Αἰγύπτιον
2691 1940 2746 1988 τό
2793 1934 2851 1988 δὲ
2890 1938 3002 2008 μοξνε

2261 1938 2310 1986 oi.
2361 1935 2657 2007 Αἰγύπτιον
2691 1940 2746 1988 τὸ
2793 1934 2851 1988 δὲ
2890 1938 3075 2008 μάννα,
3129 1945 3223 1997 τῆς
3272 1938 3407 1995 θείας
3438 1945 3660 2008 τροφῆς
3706 1940 3764 1988 τό
3819 1933 3868 1988 δέ

496 2027 764 2083 Rubrum
796 2044 959 2083 mare
991 2026 1270 2083 inusitato
1291 2026 1426 2082 cibo
1457 2031 1513 2082 et
1543 2025 1972 2081 mirabilifonte
1994 2023 2150 2079 fruiti
2260 2030 2353 2086 τὴς
2396 2030 2583 2098 πέτρας
2630 2022 2796 2098 ὕδωρ,
2841 2034 2933 2077 τοῦ
2980 2045 3002 2077 ο

2260 2030 2353 2086 τὴς
2396 2030 2583 2098 πέτρας
2630 2022 2796 2098 ὕδωρ,
2841 2034 2933 2077 τοῦ
2980 2030 3242 2099 σωτηρίου
3283 2027 3525 2097 αἳματος·
3560 2028 3737 2096 ὥσπερ
3773 2029 3865 2099 γὰρ

494 2119 752 2187 sunt,sic
775 2134 883 2173 nos
901 2122 1221 2189 postquam
1237 2115 1661 2189 perbaptisma
1684 2114 1892 2169 salvati
1922 2114 2142 2169 fuimus
2260 2112 2440 2165 ἐκεῖνοι
2478 2117 2609 2184 μετὰ
2644 2119 2699 2167 τὸ
2742 2112 2990 2173 διαϐῆναι

2260 2112 2440 2165 ἐκεῖνοι
2478 2117 2609 2184 μετὰ
2644 2119 2699 2167 τὸ
2742 2112 2990 2173 διαϐῆναι
3031 2118 3123 2173 τὴν
3165 2115 3415 2188 Ἐρυθρὰν
3458 2114 3736 2166 θάλασσαν
3783 2121 3868 2165 καὶ

494 2207 835 2271 divinorum
868 2205 1622 2279 mysteriorumparticipes
1646 2203 1784 2259 facti
1810 2220 2040 2258 sumus.
2258 2210 2349 2263 τῆς
2424 2203 2565 2265 ξένης
2648 2212 2843 2276 τροφῆς
2900 2209 2987 2255 και

2258 2210 2349 2263 τῆς
2424 2203 2565 2265 ξένης
2648 2212 2843 2276 τροφῆς
2900 2209 2987 2255 καί
3040 2210 3131 2255 τοῦ
3188 2201 3489 2277 παραδόξου
3558 2201 3867 2261 ἀπήλαυσαν

2258 2292 2506 2363 νάματος,
2561 2292 2721 2353 οὕτως
2764 2294 2915 2364 ἡμεῖς
2946 2294 3078 2364 μετὰ
3110 2295 3166 2343 τό
3228 2296 3484 2366 σωτήριον
3551 2290 3857 2365 βάπτισμα,

2258 2389 2357 2432 τῶν
2386 2383 2531 2434 θείων
2557 2381 3019 2454 μεταλαγχάνομεν
3058 2386 3379 2453 μυστηρίων.

606 2509 924 2576 QUESTIO
960 2507 1792 2649 CCLXEEE‘gglfoLXXXV,
1825 2509 2007 2563 Taur.
2796 2510 3108 2562 ΕΡΩΤΗΣΙΣ
3151 2506 3321 2589 ΕΣς’.

508 2686 807 2753 Quomodo
852 2688 1144 2743 incolume
1170 2687 1503 2759 sit_aequum
1536 2686 1675 2755 ﬁliis
1713 2700 1824 2754 pro
1878 2684 2149 2753 patribus
2262 2691 2377 2746 Πῶς
2406 2688 2463 2737 τό
2488 2680 2692 2737 δίκαιον
2722 2686 2966 2759 σώζεται,
2994 2706 3002 2759 ξ

2262 2691 2377 2746 Πῶς
2406 2688 2463 2737 τό
2488 2680 2692 2737 δίκαιον
2722 2686 2966 2759 σώζεται,
2994 2693 3095 2759 τῶν
3121 2681 3326 2737 παίδων
3350 2686 3475 2759 ὑπερ
3500 2694 3599 2737 τῶν
3629 2691 3865 2759 πατέρων

1119 2757 1346 2829 punitis
1386 2757 1518 2826 (66).
2853 2757 3002 2818 κολας

2853 2757 3208 2829 κολαζομένων
3252 2773 3266 2823 ;

1354 2862 1508 2912 Edita
1542 2876 1574 2913 a
1600 2863 1737 2913 Maio
1773 2862 1826 2921 (1.
1864 2876 1909 2911 c.
1942 2876 1994 2925 p.
2028 2863 2135 2919 129,
2168 2863 2275 2919 130,
2304 2877 2355 2927 q.
2380 2864 2510 2925 275).
2556 2891 2614 2901 —
2646 2863 2810 2913 Exod.
2835 2879 2923 2920 xx,
2958 2865 3002 2912 5.

562 2982 809 3055 Majores
841 2981 999 3054 apud
1063 2981 1252 3036 Deum
1284 2985 1423 3035 sunt
1489 2980 1667 3035 mina;
1726 2979 1965 3050 poenis;
2008 2978 2147 3034 dicit
2178 2978 2218 3034 C
2331 2983 2555 3042 Μείζους
2605 2988 2702 3032 τῶν
2754 2980 3002 3032 κολάσεων

2331 2983 2555 3042 Μείζους
2605 2988 2702 3032 τῶν
2754 2980 3012 3032 κολάσεων
3057 2983 3200 3051 παρὰ
3248 2988 3320 3051 τῷ
3370 2983 3479 3049 Θεῷ
3546 2980 3603 3030 αἱ
3659 2976 3864 3030 ἀπειλαί

494 3071 653 3127 enim
686 3089 699 3127 ε
738 3091 765 3123 α
797 3070 1149 3142 Quicunque
1190 3068 1637 3125 incircumcisus
1669 3068 1775 3122 erit
1817 3068 2143 3135 masculus,
2258 3071 2526 3142 φησὶγάρ·
2559 3091 2587 3120 ‹‹
2622 3076 2730 3130 Πᾶς
2760 3070 3002 3144 ἀπερίτμι

2258 3074 2385 3141 φησί
2405 3071 2526 3142 γάρ’
2559 3091 2587 3120 ‹‹
2622 3076 2730 3130 Πᾶς
2760 3070 3107 3144 ἀπερίτμητος
3152 3071 3321 3141 ἄρσην
3351 3070 3402 3129 ὃς
3431 3068 3491 3120 ού
3542 3071 3867 3140 περιτμτθη-

484 3176 593 3216 nec
615 3156 2145 3223 circumcideturdieoctavo,exterminabitur.nSed
2259 3178 2402 3211 σεται
2446 3167 2504 3230 τῇ
2553 3161 2721 3234 ἡμέρᾳ
2768 3168 2827 3231 τῇ
2882 3156 3002 3231 ὀγδί

2259 3178 2402 3211 σεται
2446 3167 2504 3230 τῇ
2553 3161 2721 3234 ἡμέρᾳ
2768 3168 2827 3231 τῇ
2882 3156 3069 3231 ὀγδόη,
3106 3158 3627 3230 ἐξολοθρευθήσεται·
3704 3180 3727 3207 ν
3764 3156 3864 3207 ἀλλ’

483 3247 2140 3321 viderepossumusquosdamcircumcisosdiversetamen
2254 3250 2394 3299 ἔστιν
2454 3245 2582 3301 ἰδεῖν
2628 3254 2749 3309 τούς
2808 3252 2897 3320 μὲν
2952 3269 3002 3301 πε

2258 3250 2394 3299 ἔστιν
2454 3245 2582 3301 ἰδεῖν
2628 3254 2749 3309 τούς
2808 3252 2897 3320 μὲν
2952 3253 3411 3324 περιτετμημένους
3457 3247 3508 3298 ἐν
3559 3256 3623 3318 τῇ
3689 3246 3860 3318 ἐρήμῳ

484 3337 544 3393 in
572 3338 805 3392 deserto
844 3337 1231 3408 interemptos
1259 3356 1271 3405 ;
1306 3337 1455 3391 alios
1479 3353 1636 3399 vero,
1670 3335 2142 3402 incircumcisos,
2255 3332 2517 3409 διαφόρως
2571 3336 2945 3413 ἀναιρεθέντας

2258 3332 2517 3409 διαφόρως
2571 3336 2945 3413 ἀναιρεθέντας
3006 3343 3127 3399 τούς
3181 3334 3238 3390 δὲ
3294 3336 3709 3409 ἀπεριτμητους,
3778 3340 3861 3386 καὶ

486 3439 594 3497 pro
619 3426 836 3496 pcenis,
861 3442 930 3481 ea
948 3432 1301 3480 consecutos
1335 3442 1469 3493 quae
1495 3425 1824 3495 majoribus
1850 3425 2145 3496 promissa
2253 3433 2348 3487 τῆς
2394 3436 2493 3477 τῶν
2553 3432 2817 3501 προγόνων
2873 3426 3002 3498 ἐπαγ

2258 3433 2348 3487 τῆς
2394 3436 2493 3477 τῶν
2553 3432 2817 3501 προγόνων
2873 3426 3182 3498 ἐπαγγελίας
3252 3426 3366 3478 ἀντὶ
3434 3434 3527 3485 τῆς
3602 3431 3857 3496 τιμωρίας

485 3512 735 3567 fuerant.
758 3513 874 3567 Hos
893 3514 1049 3567 enim
1091 3514 1655 3568 circumciditJosue
1683 3514 1967 3584 Galgalis.
2001 3515 2143 3567 Bur-
2251 3520 2611 3586 τετυχηκότας
2678 3516 2914 3586 (τούτους
2965 3537 2997 3586 γ

2258 3520 2611 3586 τετυχηκότας
2678 3516 2914 3586 (τούτους
2965 3518 3064 3588 γὰρ
3117 3514 3165 3566 έν
3220 3514 3504 3586 Γαλγάλοις
3566 3515 3591 3565 ὁ
3657 3515 3856 3573 Ἰησοῦς

485 3599 2142 3657 susdomibusl‘ermentumhabentibusruinamminatus
2250 3605 2553 3679 περιέτεμε),
2663 3604 2816 3655 πάλιν
2894 3612 3002 3664 ταῖς

2258 3605 2553 3679 περιέτεμε),
2663 3604 2816 3655 πάλιν
2894 3612 3006 3664 ταῖς
3084 3604 3341 3675 ἐχούσαις
3420 3604 3595 3671 ζύμην
3667 3603 3853 3662 οἰκίαις

484 3688 706 3753 est,sed
726 3704 841 3743 non
865 3689 1128 3743 immisit.
1156 3689 1374 3744 Deinde
1392 3690 1569 3744 etiam
1586 3691 1688 3761 qui
1708 3707 1922 3760 pueros
1938 3690 2140 3759 dilige-
2247 3692 2597 3767 πανωλεθρίαν
2648 3693 2941 3758 ἠπείλησεν,

2258 3692 2597 3767 πανωλεθρίαν
2648 3693 2941 3758 ἠπείλησεν,
3005 3691 3113 3744 ἀλλ’
3167 3692 3261 3744 οὐκ
3305 3692 3588 3763 ἐπήγαγεν·
3642 3699 3734 3744 καὶ
3782 3692 3850 3744 iv—

479 3776 647 3841 bant,
680 3778 791 3833 hos
824 3782 994 3833 terret
1020 3778 1222 3843 minis,
1254 3778 1531 3849 dicitque,
1571 3799 1598 3829 «
1626 3778 1884 3834 Visitans
1924 3779 2137 3851 iniqui-
2246 3784 2414 3834 ταῡθα
2456 3787 2626 3834 τοίνυν
2666 3785 2735 3842 ὡς
2768 3781 3002 3854 φιλόπαιέ

2258 3784 2414 3834 ταῡθα
2456 3787 2626 3834 τοίνυν
2666 3785 2735 3842 ὡς
2768 3779 3083 3854 φιλόπαιδας
3129 3778 3426 3834 δεδίττεται
3461 3788 3577 3841 ταῖς
3617 3780 3845 3839 ἀπειλαῖς

480 3870 663 3924 tatem
712 3873 947 3939 patrum
995 3868 1055 3922 in
1084 3867 1241 3925 ﬁlios
1308 3868 1369 3923 in
1436 3869 1672 3924 tertiam
1738 3876 2134 3942 quartamque
2244 3875 2332 3922 καί
2362 3891 2536 3943 φησινι
2572 3894 2599 3921 ‹‹
2652 3868 2974 3933 Ἀποδιδούς

2258 3875 2332 3922 ιαί
2362 3891 2536 3943 φησινι
2572 3894 2599 3921 (ι
2652 3868 2974 3933 Ἀποδιδούς
3004 3869 3259 3944 ἁμαρτίας
3302 3874 3541 3943 πατέρων
3583 3868 3671 3922 ἐπὶ
3707 3876 3846 3922 τέκνα

480 3958 929 4026 generationem
971 3973 1178 4012 eorum
1224 3957 1327 4030 qui
1366 3957 1616 4012 oderunt
1648 3974 1743 4013 me
1772 3960 1840 4013 θ’.
1885 3980 1911 4007 ››
1954 3962 2132 4013 Porro
2243 3958 2324 4011 ἐπὶ
2374 3965 2552 4034 τρίτην
2600 3965 2689 4012 καὶ
2743 3963 2992 4033 τετάρτην

2258 3959 2324 4011 ἐπὶ
2374 3965 2552 4034 τρίτην
2600 3965 2689 4012 καὶ
2743 3963 2992 4033 τετάρτην
3044 3963 3218 4031 γενεὰν
3278 3966 3389 4021 τοῖς
3439 3966 3671 4031 μισοῦσί
3708 3978 3784 4031 με·
3814 3980 3842 4009 ν

475 4046 761 4103 adhibere
801 4047 980 4102 ﬁdem
1010 4047 1147 4101 huic
1170 4047 1333 4101 nudo
1368 4047 1546 4102 verbo
1569 4047 1821 4119 impium
1846 4064 1973 4103 esse
2001 4050 2131 4118 ipse
2241 4050 2320 4100 ὃτι
2370 4055 2651 4122 προσέχειν
2698 4058 2876 4121 γυμνῷ
2928 4058 2999 4120 τῷ

2258 4050 2320 4100 ῖτι
2370 4055 2651 4122 προσέχειν
2698 4058 2876 4121 γυμνῷ
2928 4058 2999 4120 τῷ
3028 4051 3300 4124 γράμματι
3334 4047 3532 4111 ἀσεϐὲς,
3576 4049 3736 4109 αὐτὸς
3776 4043 3841 4097 δι’

475 4136 2128 4202 Deusdocet,contrariaostendens;dicitetenim:cNon
2241 4134 2306 4187 ὧν
2366 4137 2611 4190 τάναντία
2660 4135 2910 4190 διδάσκει
2960 4140 2985 4189 ό

2258 4134 2306 4187 ἷιν
2366 4137 2611 4190 τάναντία
2660 4135 2910 4190 διδάσκει
2960 4140 2985 4189 ό
3018 4142 3160 4201 Θεὸς,
3214 4134 3393 4195 δῆλονσ
3430 4158 3459 4189 ››
3492 4138 3607 4190 Ούκ
3657 4136 3839 4187 ἀποθα-

473 4226 815 4281 occidentur
843 4225 946 4280 ﬁlii
973 4241 1081 4297 pro
1108 4225 1400 4297 patribus,
1436 4242 1546 4280 nec
1588 4232 1783 4296 patres
1825 4242 1931 4296 pro
1972 4225 2123 4290 ﬁliis,
2238 4233 2445 4279 νούνται
2500 4230 2601 4301 γὰρ
2652 4224 2837 4289 παῖδες
2886 4229 3002 4300 ὑπὲρ

2258 4233 2445 4279 ιοῦνται
2500 4230 2601 4301 γὰρ
2652 4224 2837 4289 παῖδες
2886 4229 3011 4300 ὑπὲρ
3059 4231 3312 4300 πατέρων,
3355 4231 3539 4299 φησιν,
3571 4223 3699 4279 ούδέ
3746 4244 3835 4276 πα-

472 4314 576 4369 sed
611 4315 1025 4387 unusquisque
1060 4330 1171 4385 pro
1210 4321 1454 4386 peccato
1498 4331 1608 4369 suo
1660 4314 1943 4369 morietur
1983 4315 2049 4367 ⁸³.
2096 4334 2122 4365 ››
2161 4329 2204 4383 D
2239 4319 2378 4386 τέρες
2416 4318 2542 4389 ὑπερ
2575 4313 2797 4369 παίδων·
2850 4316 2956 4367 ἀλλ’

2258 4319 2378 4386 ’έρες
2416 4318 2542 4389 ὑπερ
2575 4313 2797 4369 παίδων·
2850 4316 2956 4367 ἀλλ’
3006 4318 3223 4378 ἕκαστος
3283 4315 3331 4367 ἐν
3389 4324 3452 4389 τῇ
3509 4313 3625 4387 ἰδία
3684 4314 3829 4366 οῶτοῡ

472 4405 540 4458 Et
578 4403 639 4459 in
673 4404 931 4459 Ezechiel
966 4420 978 4459 ε
1026 4423 1049 4453 ‹‹
1103 4403 1256 4468 Quid
1296 4408 1383 4459 est
1413 4404 1572 4475 quod
1635 4403 1785 4459 inter
1818 4420 1923 4459 vos
1956 4420 2126 4474 para-
2237 4404 2469 4476 ἁμαρτίᾳ
2516 4403 2868 4457 ἀποθανεῖται·
2942 4426 2969 4456 ››

2258 4410 2469 4476 ιμαρτίᾳ
2516 4403 2868 4457 ἀποθανεῖται·
2942 4426 2969 4456 »
3031 4410 3118 4457 καὶ
3177 4402 3270 4457 διὰ
3326 4404 3589 4468 Ἐζεκιήλο
3653 4426 3682 4453 ν
3752 4404 3829 4458 Τίς

470 4492 666 4550 bolam
696 4493 985 4549 vertitisin
1016 4493 1583 4565 proverbiumistud
1607 4493 1905 4549 dicentes:
1932 4497 2123 4549 Patres
2235 4495 2355 4566 ὑμῖν
2395 4493 2664 4567 παραϐολὴ
2726 4495 2864 4552 αῦτη
2922 4494 3002 4566 λεγ

2258 4502 2355 4566 υμῖν
2395 4493 2664 4567 παραϐολὴ
2726 4495 2864 4552 αὓτη
2922 4494 3188 4566 λεγόντων·
3256 4497 3320 4547 Οἱ
3374 4499 3595 4565 πατέρες
3651 4497 3823 4565 ἔφα-γον

470 4582 856 4637 comederunt
914 4597 1095 4636 uvam
1155 4582 1455 4645 acerbam,
1504 4585 1557 4636 et
1606 4582 1807 4637 dentes
1862 4581 2122 4636 ﬁliorum
2234 4582 2489 4655 ὃμφακας,
2542 4588 2630 4635 καὶ
2670 4586 2718 4635 οἱ
2768 4580 2971 4643 ὀδόντες

2263 4603 2489 4655 μφακας,
2542 4588 2630 4635 καὶ
2670 4586 2718 4635 οἱ
2768 4580 2971 4643 ὀδόντες
3014 4592 3113 4635 τῶν
3162 4586 3284 4635 υἱῶν
3334 4580 3701 4655 αἰμοδίασανς
3752 4587 3821 4631 2ιῶ

468 4671 907 4743 obstupescunt.
934 4671 1075 4725 Vivo
1098 4686 1226 4740 ego,
1255 4670 1397 4725 dicit
1428 4669 1732 4735 Dominus,
1767 4670 1813 4725 si
1839 4672 1945 4725 erit
1974 4670 2124 4725 ultra
2234 4671 2348 4743 ἐγὼ,
2383 4673 2516 4744 λέγει
2566 4675 2750 4745 Κύριος
2786 4676 2811 4724 ό
2845 4676 2986 4738 Θεὸς,

2258 4677 2348 4743 γὼ,
2383 4673 2516 4744 λέγει
2566 4675 2750 4745 Κύριος
2786 4676 2811 4724 6
2845 4676 2986 4738 Θεὸς,
3038 4673 3079 4725 εἰ
3109 4676 3255 4725 ἔσται
3295 4674 3324 4730 ἠ
3360 4672 3630 4744 παραϐολὴ
3677 4671 3813 4728 αὕτη,

466 4760 637 4816 vobis
675 4760 988 4833 parabola.
1028 4760 1246 4815 Haecin
1272 4760 1656 4831 proverbium
1684 4760 1744 4814 in
1768 4759 1950 4815 Israel
1981 4777 1993 4826 ;
2019 4760 2122 4815 sed
2234 4759 2360 4812 ἀλλὰ
2416 4770 2514 4812 τῶν
2568 4766 2830 4833 φαγόντων
2896 4766 2982 4814 τόν

2258 4760 2360 4812 ιλλὰ
2416 4770 2514 4812 τῶν
2568 4766 2830 4833 φαγόντων
2896 4766 2982 4814 τόν
3035 4766 3245 4834 ὄμφακα
3309 4758 3717 4833 αἱμοδιάσουσιν
3769 4757 3809 4807 οἱ

471 4850 917 4907 comedentium
945 4848 1222 4907 acerbam
1248 4865 1414 4904 uvam
1438 4848 2117 4919 obstupescuntdentes.
2232 4846 2457 4912 ὀδόντεςο
2516 4852 2594 4901 ὅτι
2642 4857 2810 4902 πᾶσαι
2883 4853 2935 4902 αἱ
2982 4851 3002 4921 xl

2264 4846 2457 4912 δόντες
2516 4852 2594 4901 ὅτι
2642 4857 2810 4902 πᾶσαι
2883 4853 2935 4902 αἰ
2982 4850 3160 4921 ψυχαὶ
3214 4850 3333 4923 ἐμαί
3386 4851 3508 4903 εἰσι’
3574 4874 3598 4898 ››
3647 4853 3725 4900 καὶ
3757 4851 3813 4898 τὰ

470 4939 614 4992 Ecce
644 4940 803 4994 enirn
844 4956 1054 4995 omnes
1094 4939 1307 4995 anima:
1339 4954 1487 4993 mere
1528 4943 1667 4993 sunt
1696 4940 1762 4992 ⁸⁸.
1794 4959 1820 4989 ››
1857 4940 2119 5009 Quaeque
2231 4939 2342 5002 ἑξῆς
2382 4936 2441 4992 δε
2486 4942 2679 4998 ταύτην
2728 4945 2820 4999 τὴν
2871 4943 2998 4992 ἕννοι

2258 4940 2342 5002 Si;
2382 4936 2441 4992 δε
2486 4942 2679 4998 ταύτην
2728 4945 2820 4999 τὴν
2871 4943 3061 4992 ἔννοιαν
3108 4942 3239 5011 ἔχει’
3288 4941 3386 5011 ἐγὼ
3423 4937 3483 4993 δὲ
3514 4942 3656 5011 οἶμαι
3699 4936 3805 5006 grii-

474 5034 803 5096 sequuntur
841 5029 995 5084 hunc
1026 5028 1252 5084 habent
1278 5044 1544 5083 sensum.
1590 5028 1711 5096 Ego
1752 5034 1943 5083 autem
1972 5034 2117 5099 puto
2228 5029 2310 5081 λον
2359 5033 2454 5085 τὴν
2516 5030 2652 5080 θείαν
2695 5028 2997 5100 φιλανθρωπ

2258 5048 2310 5081 ον
2359 5033 2454 5085 τὴν
2516 5030 2652 5080 θείαν
2695 5028 3082 5100 φιλανθρωπίαν
3129 5028 3386 5101 ἐμφαίνειν
3440 5034 3533 5087 τὴν
3594 5025 3800 5081 ἀπειλεῖ·

478 5112 681 5187 potius
722 5115 994 5172 divinum
1018 5118 1076 5172 in
1108 5118 1382 5174 homines
1415 5133 1683 5174 amorem
1710 5117 2118 5189 repraesentari
2227 5120 2496 5192 πρόκειται
2540 5120 2659 5189 γάρ·
2712 5140 2739 5168 ι(
2800 5125 2907 5179 τοῖς
2953 5137 3002 5190 με

2258 5120 2496 5192 ’ρόκειται
2540 5120 2659 5189 γάρ·
2712 5140 2739 5168 ι(
2800 5125 2907 5179 τοῖς
2953 5123 3175 5190 μισοῦσί
3213 5136 3294 5190 με’
3358 5140 3383 5167 n
3433 5122 3670 5170 τουτέστι
3718 5131 3799 5185 μα-

539 5294 588 5329 ”
632 5293 816 5349 Exod.
850 5310 945 5360 xx,
983 5298 1032 5349 ὅ.
1074 5296 1120 5330 ⁸³
1161 5298 1325 5353 Deut.
1370 5313 1532 5363 χειν,
1564 5298 1649 5354 16.
1694 5298 1740 5332 ⁸⁸
1774 5295 1979 5351 Ezech.
2020 5311 2137 5351 xvu
2175 5298 2229 5349 2.

2007 5439 2243 5496 NOTAE.

581 5547 669 5620 65)
704 5548 785 5603 Ex
816 5541 1181 5620 Theodoreto
1210 5562 1272 5618 q.
1295 5547 1363 5620 27
1392 5545 1452 5620 in
1486 5547 1693 5620 Exod,
1727 5564 1785 5620 p.
1828 5550 1951 5620 258.

539 5616 659 5696 (66)
683 5622 766 5677 Ex
795 5616 1165 5674 Theodoreto
1195 5616 1255 5689 qi.
1298 5618 1364 5673 40
1403 5618 1463 5673 in
1490 5618 1672 5675 Exod.
1714 5616 1754 5675 f.
1784 5619 1987 5686 LXXX,
2022 5635 2081 5691 p.
2114 5619 2239 5678 266.
