4026 6196
121 307 276 362 1089
979 307 1069 362 ΑΙ)
1103 307 1658 364 AMPHILOCHIUM
1691 307 1711 368 (

1903 307 2014 364 ΤΙΟ
2047 309 2636 366 CCLXV-CCLXVIII.
3353 313 3493 370 1090

111 433 380 504 2999::qu
455 438 563 492 τοίς
637 433 898 504 πατράσιν
977 433 1312 506 ἡμαρτηκόσι
1341 449 1352 460 ·
1415 435 1701 507 μακροθυμι

1911 431 2046 488 iuis.
2083 433 2666 492 Ultimaenimverba
2694 439 2834 492 sunt
2865 457 2890 486 α
2923 436 3026 508 qui
3056 436 3305 494 oderunt
3319 454 3438 506 me,
3469 459 3495 486 ›ι

111 525 218 572 καὶ
255 526 461 575 παισίν.
489 521 550 574 Εἰ
579 517 638 572 δὲ
667 523 716 572 οἱ
759 524 958 592 ἔκγονοι
987 525 1076 573 καὶ
1105 523 1154 573 οἱ
1207 519 1452 592 ἀπόγονοι
1501 525 1590 578 τὴν
1637 530 1701 573 τῶ

1906 527 2044 588 ,est,
2079 524 2310 594 patiens
2349 540 2460 594 ego
2517 525 2578 580 in
2617 529 2816 596 patres
2853 528 3218 596 peccatores,
3273 526 3496 597 patiens

111 615 402 681 προγόνων
457 609 744 672 ζηλώσαιεν
791 615 1059 678 πονηρίαν,
1119 614 1236 662 τότε
1288 609 1460 673 ἐπάξω
1511 615 1606 668 τὴν
1661 631 1701 662 τι

1923 610 1985 666 in
2011 611 2189 666 filios.
2222 612 2280 668 Si
2321 617 2523 669 autem
2555 613 2748 684 prima
2779 613 3166 685 secundaque
3191 615 3497 686 progenies

109 703 356 772 μωρίαν.
427 719 458 751 (ι
511 706 676 752 noram
731 702 854 772 γὰρ,
923 705 1100 772 φησιν,
1169 700 1300 760 ἔλεος
1355 699 1421 760 εἰς
1485 697 1699 772 χιλιάδα

1910 699 2020 756 ritte
2052 701 2291 758 malitias
2314 703 2534 758 aemula
2553 702 2746 766 fuerit,
2769 707 2906 759 tunc
2925 702 3018 758 his
3043 717 3254 774 poenas
3281 702 3500 760 immit-

109 793 214 839 καὶ
279 785 550 862 μυριάδας
597 795 706 850 τοῖς
761 777 1006 860 ἀγαπώσί
1059 808 1140 860 με.
1173 809 1200 841 »
1251 789 1408 860 Εύροι
1455 785 1506 840 δ’
1550 789 1612 840 ἄν
1657 807 1699 840 τι

1911 805 1970 844 m
2001 810 2012 854 ;
2031 805 2318 862 namque,
2336 789 2476 846 dicit
2493 791 2802 858 Dominus,
2821 813 2848 840 «
2871 791 3330 848 Misericordiam
3345 791 3499 848 facio

109 879 214 926 καὶ
281 879 379 933 τὴν
433 878 670 948 ἱστορίαν
719 878 1008 948 σύμφωνον·
1037 881 1245 948 πέμπτῃ
1287 877 1390 948 γὰρ
1439 880 1590 946 γενεᾴ
1631 874 1699 926 ἀνι

1953 878 2140 934 millia
2175 878 2270 933 his
2299 879 2404 952 qui
2433 880 2686 950 diligunt
2721 895 2816 935 me
2839 882 2906 934 σε.
2941 901 2970 930 ››
3018 880 3186 946 Quod
3223 881 3501 953 praesenti

111 963 306 1022 ϐησαν
347 966 396 1016 οἱ
443 967 550 1017 υἱοὶ
587 964 800 1038 Ἰσραὴλ
847 963 899 1027 ἐξ
951 965 1254 1036 Αἰγύπτου·
1306 963 1436 1016 ἀλλά
1484 971 1590 1025 τοῖς
1642 972 1701 1016 τοῖ

1913 984 1918 1020 μ
1946 967 2194 1024 historia
2211 967 2380 1024 facile
2396 971 2650 1025 constat.
2675 968 2892 1034 Quinta
2934 969 3095 1025 enim
3121 970 3503 1040 generatione

113 1053 436 1125 Αἰγυπτίων
485 1053 534 1106 ἐν
583 1053 830 1126 Αἰγύπτῳ
881 1049 1278 1114 δεδουλευκότες
1319 1055 1453 1114 θεοῖς
1501 1053 1594 1105 οὐκ
1645 1056 1703 1106 ἔτι

1913 1055 1952 1110 ii
2005 1055 2180 1112 Israel
2227 1055 2302 1111 de
2355 1056 2608 1128 Egypto
2653 1057 3098 1123 ascenderunt;
3148 1059 3254 1130 qui
3301 1061 3503 1114 autem

115 1161 224 1194 σαν
279 1139 450 1208 δίκας,
485 1147 602 1196 οὔτε
631 1145 680 1196 οἱ
721 1147 931 1217 πατέρες
960 1141 1128 1194 αύτῶν
1170 1145 1288 1194 οὔτε
1317 1144 1366 1194 οἱ
1395 1144 1705 1216 προπάτορες

1919 1145 2260 1216 gyptiorum
2309 1145 2422 1200 diis
2477 1146 2538 1200 in
2593 1149 2840 1216 Egypto
2905 1145 3314 1212 inservierant,
3383 1161 3505 1202 non

114 1233 286 1285 αὐτοὶ
335 1229 400 1284 δὲ
447 1233 766 1293 ζηλώσαντες
795 1236 890 1290 τὴν
929 1231 1129 1284 ἐκείνων
1179 1229 1416 1284 ἀσέϐειαν
1461 1231 1704 1287 ἓκολοὶσθι

1912 1232 2072 1288 ultati
2136 1237 2296 1300 sunt,
2345 1249 2542 1306 neque
2581 1240 2780 1306 patres
2845 1250 3076 1300 eorum,
3133 1250 3244 1290 nec
3301 1239 3502 1306 patres

115 1339 248 1374 σαν·
313 1323 386 1384 ὡς
449 1324 580 1394 μετὰ
627 1323 891 1379 τοσαύτην
965 1321 1258 1392 εὐεργεσίαν
1329 1326 1418 1372 καὶ
1467 1324 1534 1374 τὰ
1580 1324 1705 1393 μυρί

1913 1325 2112 1388 ttrum,
2141 1321 2244 1376 sed
2293 1321 2406 1394 ipsi
2447 1337 2656 1394 poenas
2687 1322 2978 1378 dederunt
3007 1323 3208 1378 aemuli
3239 1327 3503 1395 paternas

117 1413 387 1484 Θαύματα
435 1415 528 1469 τὴν
577 1409 813 1463 ἀσέϐειαν
869 1411 962 1463 οὐκ
1009 1409 1366 1470 ἐκπτύσαντες·
1425 1411 1474 1462 οἱ
1523 1406 1582 1462 δὲ
1629 1413 1707 1461 τοί

1913 1410 2194 1481 ipietatis,
2231 1411 2328 1481 qui
2363 1417 2494 1482 post
2535 1415 2701 1467 tanta
2727 1411 3035 1478 beneﬁcia,
3077 1415 3326 1484 postque
3379 1417 3503 1468 tam

115 1520 224 1552 των
283 1497 474 1561 παῖδες
525 1503 610 1552 τὸν
661 1507 878 1572 Σωτῆρα
931 1503 1062 1552 Θεὸν
1111 1501 1445 1570 ἠγαπηκότες
1480 1507 1575 1560 τῆς
1622 1517 1705 1570 πρε

1923 1498 2040 1554 ulta
2105 1499 2378 1572 prodigia
2427 1500 2788 1571 impietatem
2835 1516 2961 1556 non
3007 1505 3378 1572 respuerant.
3433 1502 3507 1557 At

117 1597 352 1660 γονεκῆς
413 1589 722 1647 ἀπήλαυσαν
783 1591 1170 1660 ὑποσχέσεως·
1243 1593 1332 1640 καὶ
1409 1589 1606 1660 ὁρῶμεν
1685 1607 1707 1639 τ

1913 1603 2070 1642 )rum
2095 1588 2200 1643 ﬁlii
2241 1593 2566 1660 postquam
2599 1589 2964 1646 Salvatorem
2992 1593 3178 1646 Deum
3203 1593 3503 1654 amarunt,

121 1675 366 1749 ἀψευδὲς
417 1687 512 1739 τῆς
569 1681 692 1750 πρὸς
739 1681 860 1736 τοὺς
919 1681 1140 1751 πατέρας
1189 1681 1526 1748 γεγενημένης
1586 1675 1711 1748 ἐπαγ

1915 1695 1926 1730 ι
1951 1676 2108 1732 fruiti
2125 1683 2265 1734 sunt
2279 1694 2414 1750 qua:
2440 1679 2712 1750 patribus
2723 1679 3026 1751 promissa
3043 1684 3229 1746 erant,
3249 1695 3505 1752 quaeque

117 1767 335 1838 γελίας·
371 1769 435 1818 τὰ
477 1769 578 1840 γὰρ
609 1769 724 1823 ἔθνη
779 1763 872 1818 διὰ
917 1773 1007 1817 τοῦ
1063 1769 1360 1840 σπέρματος
1387 1765 1624 1838 Ἃϐραάμ
1652 1773 1707 1822 τῆ

1913 1765 1968 1820 si
2026 1767 2429 1837 comperimus
2491 1783 2629 1823 vere
2681 1767 3015 1839 majoribus
3081 1768 3503 1840 praenuntiata.

123 1857 380 1927 εὐλογίας
409 1859 713 1928 τετύχηκεν·
743 1851 922 1912 ἐπειδὴ
957 1860 1126 1907 τοίνυν
1163 1859 1250 1908 τὸν
1294 1859 1500 1927 μόσχον
1543 1853 1713 1927 amna

1918 1853 2060 1926 )puii
2097 1855 2258 1910 enim
2305 1871 2411 1928 per
2440 1872 2645 1913 semen
2681 1856 2980 1914 Abraham
3031 1856 3508 1914 benedictionem

121 1953 473 2018 προσκυνεῖν,
505 1944 806 2020 προαπειλεῐ
831 1951 924 2001 τὴν
956 1949 1228 2018 τιμωρίαν.

1919 1943 2572 2018 >tinuerunt,propterea
2583 1945 2763 2016 igitur
2773 1946 2940 2018 quod
2951 1945 3192 2002 vitulum
3207 1947 3509 2004 adoraturi

1855 2037 2076 2098 essent,
2117 2033 2262 2090 tales
2291 2035 2442 2090 Deus
2479 2050 2692 2106 pmnas
2724 2035 3008 2092 minatur.

695 2130 1010 2177 urorum:
1051 2122 1200 2178 237:.
1987 2123 2302 2187 QUAESTIO
2335 2122 3162 2195 CCLXV11[Coisl.CCXXXVI,
3203 2126 3380 2182 Taur.

2569 2212 2882 2285 CCLXXV].

495 2309 558 2357 Τί
587 2303 696 2356 ἐστι
727 2303 1132 2375 ἑξεικονισμένον
1163 2301 1348 2374 βρέφος
1373 2316 1388 2368 ;

2169 2301 2323 2368 Quid
2349 2301 2424 2357 sit
2453 2301 2848 2371 informatum
2873 2301 3030 2372 fetus
3057 2302 3166 2374 (67)
3192 2303 3220 2357 *ἒ

1049 2401 1204 2450 Edita
1226 2412 1258 2448 a
1291 2399 1428 2449 Maio
1453 2398 1509 2460 (l.
1546 2411 1592 2448 c.
1629 2411 1682 2462 p.
1707 2399 1816 2456 130,
1845 2413 1898 2461 q.
1924 2399 2055 2459 276).
2083 2426 2144 2434 —
2173 2399 2338 2449 Exod.
2375 2413 2481 2456 xxi,
2509 2401 2594 2454 22.

201 2515 348 2566 Φασὶ
415 2517 509 2562 τοῦ
567 2515 803 2580 σώματος
863 2508 911 2560 ἐν
961 2517 1024 2581 τῇ
1083 2513 1259 2582 μήτρα
1313 2503 1744 2573 διαπλασθέντος,

1926 2506 2100 2563 Aiunt
2127 2506 2379 2578 quidam
2404 2505 2662 2578 corpori,
2681 2505 2882 2562 statim
2903 2505 3168 2578 atquein
3199 2509 3365 2564 utero
3395 2507 3511 2564 for-

127 2607 246 2655 τὸτε
287 2599 672 2673 ἐμψυχούσθαι
727 2603 784 2651 τὸ
837 2597 1073 2672 ἔμϐρυον·
1109 2601 1198 2649 καὶ
1253 2597 1354 2668 γὰρ
1405 2601 1494 2648 καὶ
1546 2598 1605 2648 τὸ
1655 2615 1712 2647 το

1921 2600 2072 2660 atur,
2115 2597 2380 2652 animum
2411 2594 2624 2651 afﬂari.
2657 2595 2884 2652 Etenim
2915 2609 3134 2668 corpus
3160 2595 3370 2652 Adam.
3389 2595 3511 2668 pri-

125 2688 317 2760 Ἀδὰμ
373 2697 529 2760 σῶμα
585 2692 831 2761 πρότερον
884 2683 1160 2738 διέπλασεν
1221 2686 1246 2736 ὁ
1305 2687 1446 2750 Θεὸς,
1512 2681 1622 2735 εἶτα
1674 2681 1715 2734 ἐν

1925 2701 2024 2740 um
2077 2683 2354 2741 formavit
2401 2683 2578 2752 Deus,
2641 2683 2858 2740 deinde
2907 2683 3154 2740 immisit
3215 2685 3507 2742 animam.

127 2783 376 2852 εςνύσησε
453 2782 548 2835 τὴν
615 2777 822 2847 ψυχήν·
877 2774 1066 2826 κελεύει
1141 2779 1312 2826 τοίνυν
1377 2775 1402 2825 ὁ
1465 2773 1715 2844 νομοθέτῃ

1921 2773 2125 2846 recipit
2151 2773 2332 2842 igitur
2367 2773 2664 2843 legislator
2693 2789 2706 2828 :
2733 2773 3020 2830 Simulier
3049 2774 3332 2845 quaedam
3361 2790 3511 2846 pras-

124 2871 392 2940 γυναικὸς
449 2869 730 2938 ἐγκύμονος
799 2863 848 2916 ἐν
902 2865 1052 2936 μάχῃ
1127 2862 1502 2936 ἀμϐλωσοὶσης,
1564 2862 1607 2914 εἰ
1657 2863 1714 2934 με

1917 2879 2074 2930 ians,
2097 2863 2244 2919 inter
2259 2863 2582 2920 rixandum
2597 2863 3250 2936 percussa,abortivum
3263 2863 3507 2936 quidem

125 2958 568 3028 ἐξεικονισμένον,
633 2958 872 3007 τουτέστι
951 2957 1346 3025 μεμορφωμένον
1422 2950 1614 3013 ἐξέλθοι
1687 2969 1715 3002 τ

1919 2953 2074 3018 cerit,
2117 2952 2298 3025 idque
2355 2953 2483 3022 jam
2524 2953 2932 3018 informatum,
2983 2952 3046 3008 id
3111 2955 3200 3008 est
3239 2952 3509 3023 quadam

128 3047 356 3122 βρέφος,
419 3049 572 3118 φόνον
629 3043 901 3096 καλεῖσθαι
957 3047 1046 3094 καὶ
1102 3047 1252 3114 φόνου
1314 3038 1468 3098 δίκην
1532 3041 1718 3112 ὑπέχει

1922 3045 2132 3112 :scepta
2143 3040 2403 3096 hominis
2423 3041 2616 3096 forma
2633 3041 2854 3106 exierit,
2869 3039 3190 3096 habebitur
3205 3039 3512 3096 homicida

127 3141 218 3189 τὸν
276 3131 609 3208 δεδρακοτα·
649 3132 706 3184 ἂν
761 3129 818 3184 δε
869 3135 964 3204 μὴ,
1009 3135 1159 3202 φόνου
1212 3133 1300 3202 μὲν
1351 3127 1598 3201 ἀφίεσθαι
1630 3149 1643 3160 ·
1687 3147 1714 3180 ο

1919 3145 2040 3201 que
2095 3129 2402 3184 homicida
2456 3129 2738 3200 punietur
2783 3129 3061 3186 facinoris
3113 3128 3374 3186 molitor.
3409 3129 3509 3186 Sin

123 3229 226 3300 γὰρ
257 3224 512 3297 ἔμψυχον
543 3221 872 3294 ἐξημϐλώθη·
907 3221 1102 3292 ζημίαν
1129 3217 1188 3272 δέ
1215 3239 1331 3270 τινα
1357 3223 1530 3270 τίνειν.

1919 3219 2045 3286 iter,
2076 3234 2212 3274 reus
2236 3218 2311 3274 de
2339 3217 2498 3274 caede
2518 3218 2758 3290 quidem
2807 3217 3168 3283 absolvetur,
3201 3233 3322 3274 non
3349 3217 3509 3274 enim

1371 3325 1376 3330 ·
1853 3307 2028 3364 vivus
2057 3307 2251 3364 infans
2281 3311 2488 3380 partus
2519 3307 2645 3372 erit,
2675 3307 2776 3363 sed
2803 3305 3072 3379 quadam
3103 3311 3308 3363 tamen
3329 3319 3512 3378 pinna

1857 3396 2227 3453 multabitur.

695 3493 1005 3543 ΕΡΩΤΠΣΙΣ
1045 3485 1201 3540 ΣΞΗ’.
1999 3485 2320 3552 ΟΙΠΕΞΤΙΟ
2353 3487 2644 3543 CCLXVIII
2668 3485 2864 3558 [CoisL
2896 3485 3133 3552 CLXXI,
3183 3487 3367 3542 Taur.

1778 3575 1818 3628 c
2559 3573 2796 3648 CLXX].

315 3675 428 3730 Τὴν
461 3673 656 3728 σκηνὴν
683 3673 734 3720 τί
759 3663 957 3726 δήποτε
985 3667 1226 3737 γενέσθαι
1252 3663 1564 3738 προσέταξεν
1589 3682 1602 3728 ;
1860 3663 1905 3732 Q

1923 3663 2088 3721 uade
2123 3679 2300 3722 causa
2362 3665 2816 3721 tabernaculum
2871 3665 3007 3732 ﬁeri
3058 3665 3215 3722 Deus
3249 3664 3513 3736 praescri-

2511 3753 2694 3825 pserit
2727 3753 2860 3825 (68).

691 3865 844 3914 Edita
876 3878 909 3914 a
935 3864 1070 3912 Maio
1104 3861 1152 3924 (l.
1181 3876 1226 3912 c.
1251 3877 1304 3924 p.
1343 3863 1560 3922 131-133,
1593 3875 1646 3924 q.
1672 3860 1802 3922 277).
1839 3887 1893 3896 —
1929 3861 2002 3910 De
2029 3859 2396 3912 tabernaculo.
2431 3859 2598 3910 Exod.
2627 3875 2768 3916 τινι,
2797 3861 2820 3908 1
2856 3873 2966 3923 seq.

203 3980 388 4039 Αύτός
433 3978 460 4028 ὁ
491 3974 616 4035 Θεὸς
667 3972 839 4025 αἰτίαν
872 3967 1157 4029 δεδήλωκε.
1193 3991 1220 4018 ι(
1257 3973 1354 4021 Καὶ
1385 3973 1620 4030 ποιήσεις
1647 3969 1749 4040 γάρ

1935 3971 2086 4023 Deus
2114 3969 2240 4039 ipse
2271 3984 2514 4024 causam
2543 3967 2730 4023 attulit
2751 3967 2954 4023 dicens
2988 3983 3000 4022 :
3028 3987 3056 4018 «
3083 3969 3151 4022 Et
3181 3965 3364 4022 facies
3393 3965 3511 4022 mei

129 4089 246 4142 μοι,
311 4069 498 4140 φησιν,
559 4063 822 4134 ἀγίασμα,
877 4064 968 4111 καὶ
1021 4059 1320 4130 ὀφθήσομαι
1373 4054 1420 4106 ἐν
1468 4058 1608 4127 ύμῖν·
1663 4075 1719 4106 κο

1927 4056 2292 4118 nctuarium,
2321 4061 2376 4112 et
2403 4055 2691 4112 habitabo
2709 4055 2770 4110 in
2789 4055 2990 4110 medio
3005 4059 3288 4121 vestrum,
3309 4069 3517 4110 secun-

129 4163 392 4216 ποιήσεις
442 4155 577 4204 κατά
628 4153 798 4202 πάντα
846 4151 946 4200 ὃσα
993 4148 1090 4218 ἐγὼ
1147 4143 1386 4218 δείκνυμί
1448 4165 1527 4196 σοι
1579 4143 1627 4195 ἐν
1679 4163 1719 4196 τι

1921 4161 2008 4200 1m
2025 4143 2331 4216 exemplar
2355 4144 2516 4214 quod
2543 4143 2646 4199 tibi
2671 4144 2732 4198 in
2757 4149 2952 4198 monte
2987 4146 3384 4198 monstratum
3401 4147 3511 4208 est,

131 4253 266 4320 ὄρει,
311 4247 378 4296 τὸ
429 4237 772 4316 παράδειγμα
809 4247 900 4298 τῆς
940 4245 1132 4296 σκηνῆς
1183 4241 1272 4288 καὶ
1318 4239 1374 4286 τὸ
1413 4229 1718 4308 παράδειγμ

1927 4233 2306 4289 militudiuem
2325 4231 2694 4290 tabernaculi
2707 4236 2760 4287 et
2775 4231 3218 4288 similitudinem
3235 4246 3517 4286 vasorum

129 4319 234 4390 τῶν
289 4339 492 4386 σκευῶν
543 4329 724 4391 αὐτῆς.
773 4351 794 4378 ι
855 4322 1068 4384 Ἐπειδὴ
1122 4327 1222 4397 γὰρ
1278 4323 1326 4376 ἐν
1379 4332 1450 4394 τῷ
1490 4326 1596 4397 ὄρει
1635 4329 1716 4375 Σιν

1967 4323 2193 4378 cultum
2223 4323 2354 4393 ejus
2385 4323 2506 4377 ⁸⁸.»
2555 4321 2700 4376 Cum
2759 4321 2918 4376 enim
2969 4321 3028 4376 in
3085 4323 3288 4376 monte
3354 4319 3517 4376 Sinai

131 4433 298 4484 νόμον
354 4417 622 4484 ἐδεδώκει,
661 4417 792 4478 εἰκὸς
833 4413 892 4469 δὲ
930 4416 991 4473 ἧν
1039 4435 1180 4476 τινας
1225 4415 1558 4466 ύποτοποίσαι
1613 4432 1721 4484 περι

1927 4427 2054 4484 gem
2086 4411 2368 4476 dedisset,
2423 4410 2864 4482 verisimileque
2889 4415 3042 4466 esset
3071 4409 3370 4482 quosdam
3398 4425 3517 4464 cre-

129 4481 446 4589 γῆράφθαι
533 4511 590 4561 τὸ
671 4513 836 4573 Θεῐον,
913 4503 1142 4557 ἐκέλευσε
1226 4505 1466 4576 γενέσθαι
1537 4507 1719 4560 σκηνὴι

1923 4481 2084 4558 turos
2110 4499 2621 4571 circumscriptam
2649 4481 2778 4555 esse
2801 4499 3034 4554 numini
3060 4481 3512 4564 habitationem,

133 4587 338 4657 ἓκείθεν
399 4603 492 4658 τήν
563 4597 752 4650 οἰκείαν
835 4596 1136 4666 ποιούμενος
1203 4591 1518 4664 ἐπιφάνειαν,
1579 4591 1723 4644 ἐκπαι

1931 4590 2039 4645 ssit
2083 4588 2207 4644 ﬁeri
2263 4587 2738 4656 tabernaculum,
2797 4587 2954 4644 unde
3011 4587 3246 4659 propria
3301 4603 3370 4644 ac
3415 4603 3517 4660 pe-

135 4691 288 4746 δεύει
339 4692 430 4742 τὸν
461 4689 580 4740 λαὸν
612 4691 706 4744 τήν
757 4682 1036 4738 εὐσέϐειαν.
1067 4680 1266 4755 Ὠσπερ
1307 4685 1407 4754 γὰρ
1457 4686 1550 4739 τὴν
1599 4679 1725 4752 im}?

1923 4678 2068 4734 iliari
2099 4677 2581 4734 manifestatione
2621 4677 2918 4750 populum
2955 4677 3236 4750 pietatem
3282 4675 3513 4732 doceat.

131 4781 402 4854 γεῦμένπν
478 4775 856 4846 ἀπειληφότων,
937 4776 1058 4824 νεὼν
1133 4771 1371 4842 γενέσθαι
1447 4769 1721 4844 προσέταξε

1927 4781 2056 4840 ique
2087 4783 2218 4832 nos,
2259 4767 2481 4840 quibus
2509 4767 2808 4839 promissa
2837 4765 3142 4840 persoluta
3183 4771 3342 4830 sunt,
3373 4769 3517 4822 tem-

131 4877 232 4924 καὶ
289 4871 390 4928 τὰς
445 4867 584 4928 θείας
632 4863 957 4936 λειτουργίας
1009 4859 1060 4912 ἐν
1111 4861 1274 4930 τούτῳ
1318 4860 1554 4930 γίνεσθαι
1595 4877 1721 4930 προο

1933 4874 2033 4912 um
2057 4857 2278 4912 habere
2301 4857 2477 4926 jussit
2518 4859 2672 4912 Deus
2711 4857 2772 4911 in
2803 4871 2925 4928 quo
2956 4855 3194 4924 liturgia
3233 4855 3517 4926 quaedam

137 4960 346 5024 έταξεν,
389 4959 470 5008 ἵνα
498 4959 570 5028 μὴ
605 4949 770 5012 ἀδεῶς
811 4957 966 5002 τοῦτο
999 4945 1218 5022 δρῶντες
1249 4955 1306 5020 τῇ
1343 4957 1442 4999 τῶν
1475 4944 1727 5018 δαιμονίω

1935 4951 2222 5010 rvaretur,
2267 4961 2340 5000 nc
2386 4961 2556 5000 sacra
2598 4945 2826 5016 absque
2865 4943 3194 5000 reverentia
3237 4941 3520 4999 facientes

133 5051 480 5116 περιπέσωσι
539 5043 726 5116 πλάνῃ,
783 5039 916 5091 οὕτω
987 5043 1080 5095 τὴν
1159 5039 1348 5108 ἔρημον
1424 5033 1723 5088 διαϐαίνουα

1931 5034 2037 5088 cile
2063 5033 2123 5088 in
2139 5033 2486 5089 daemonum
2505 5033 2738 5088 insidiis
2769 5032 3130 5100 caderemus,
3157 5031 3242 5088 sic
3261 5031 3521 5087 Hebraeis

203 5107 214 5124 .
681 5107 690 5116 .
1183 5107 1189 5108 ,
1254 5107 1261 5108 ,

137 5141 356 5197 σκηνὴν
415 5134 656 5206 γενέσθαι
713 5128 1016 5204 προσέταξε,
1083 5125 1368 5200 μεταϐῆναι
1444 5129 1531 5178 καὶ
1597 5125 1726 5184 αύτή

1931 5129 2167 5180 :sertum
2207 5123 2656 5180 transeuntibus
2689 5125 2846 5178 Deus
2875 5121 3244 5194 praescripsit
3274 5129 3338 5178 ut
3367 5127 3521 5178 esset

135 5227 513 5299 δυναμένους·
573 5224 664 5274 καὶ
717 5217 1060 5292 ἀπαιρὸντων,
1121 5217 1368 5288 ἡγεῖσθαι
1425 5215 1725 5286 προσέταξει

1931 5212 2354 5276 bernaculum;
2387 5211 2568 5284 idque
2587 5211 2690 5284 qui
2712 5209 2978 5269 valerent
3003 5215 3401 5284 asportarent,
3433 5215 3521 5267 ut-

137 5321 230 5371 ῖνα
277 5319 354 5388 μή
407 5313 636 5372 ζητῶσιν
675 5307 828 5360 πάλιν
871 5307 1036 5370 θεοὺς,
1078 5303 1126 5356 οἳ
1175 5307 1618 5380 προπορεύσονται
1669 5304 1727 5356 cui

1931 5319 1985 5360 1e
2016 5307 2388 5376 asportantes
2409 5301 2718 5368 anteirent,
2734 5317 2808 5358 ne
2825 5317 3030 5358 rursus
3050 5301 3152 5376 qui
3171 5317 3243 5358 ex
3269 5299 3521 5359 Hebrazis

217 5435 268 5469 ⁵⁵
305 5427 495 5486 Exod.
527 5441 624 5492 xx,
661 5425 716 5480 6.
758 5425 804 5460 ⁶⁶
846 5421 1020 5478 Exod.
1062 5421 1217 5494 xxv”?
1259 5421 1314 5474 8.

1724 5510 1950 5567 ΝΟΤίΕ.

217 5655 344 5785 (6'9
383 5653 465 5708 Ex
523 5647 892 5706 Theodoreto
938 5661 1002 5719 q.
1057 5647 1128 5702 48
1177 5645 1237 5702 in
1283 5643 1466 5702 Exod.
1523 5643 1668 5701 Vide
1717 5647 1731 5701 1

141 5729 294 5788 LXX
349 5740 450 5800 ,p.
480 5723 607 5778 2‘71.

2095 5645 2178 5699 Ex
2233 5641 2603 5700 Theodoreto
2655 5655 2716 5714 q.
2757 5641 2920 5698 60in
2975 5641 3162 5696 Exod.
3193 5641 3252 5694 T.
3295 5637 3518 5702 LXXX,

349 5755 450 5795 ,μθ
483 5755 607 5778 ἀεὶ.
1875 5755 1934 5788 re
1967 5755 2090 5770 navo

448 5814 694 5870 Ρλτιιοι.
735 5809 846 5866 Gn.
889 5807 974 5864 Cl.

3041 5801 3110 5854 35
