4076 6202
567 275 704 338 1091

567 407 1004 480 praecedebant.
1048 403 1158 460 sibi
1191 405 1336 463 deos
1361 412 1717 479 quaererent,
1747 411 1948 480 utque,
1988 408 2216 480 populo

567 497 886 560 assidente,
903 495 1252 552 assiderent.
1271 497 1558 552 Praeterea
1571 497 2216 554 habettabernaculum

567 585 741 659 quasi
781 585 1100 642 creationis
1161 587 1505 654 imaginem.
1543 589 1610 642 Ut
1655 587 1834 654 enim,
1893 591 2214 658 postquam

565 676 784 732 emtum
811 679 868 730 et
891 679 1112 731 terram
1145 674 1378 730 fecisset
1401 677 1572 746 Deus,
1597 675 1656 732 in
1684 675 1882 732 medio
1905 675 2218 731 collocavit

565 753 1034 832 ﬁrmamentum,
1089 780 1214 836 quo
1254 769 1704 822 secernerentur
1742 765 2008 824 cmlestia
2045 770 2215 820 terre-

565 855 807 920 stribus,
853 854 1018 912 haud
1059 853 1246 921 aliter,
1285 859 1606 926 postquam
1649 855 2060 912 sanetuarium
2087 869 2214 909 esse

563 959 756 1000 unum
781 939 1267 1016 praascripsisset,
1335 943 1396 1000 in
1453 945 1652 1000 medio
1687 945 1816 1015 ejus
1854 945 1998 1016 poni
2041 942 2216 1013 jussit

563 1033 936 1106 velumquod
953 1037 1108 1090 esset
1133 1047 1242 1105 pro
1271 1033 1670 1090 ﬁrmamento.
1695 1033 1791 1089 Sic
1811 1049 1952 1089 arca
1975 1033 2034 1088 in
2065 1031 2212 1088 duas

563 1123 754 1180 divisa
769 1127 856 1178 est
883 1126 1116 1194 partes;
1147 1125 1376 1193 partem
1403 1125 1602 1180 autem
1631 1137 1764 1194 qua:
1783 1121 1954 1192 juxta
1981 1125 2212 1190 portam

560 1216 682 1268 erat
697 1211 1104 1268 sanctuarium
1117 1211 1460 1284 appellavit,
1477 1211 1820 1268 interiorem
1835 1227 1976 1266 vero
1989 1211 2212 1266 Sancta

563 1305 905 1358 sanctorum
939 1319 952 1370 ;
995 1305 1178 1373 utque
1243 1301 1384 1358 dicit
1423 1301 1611 1357 David
1653 1319 1666 1360 :
1731 1323 1760 1350 α
1800 1300 2028 1356 Caelum
2081 1298 2212 1354 cceli

562 1391 836 1456 Domino,
879 1397 1096 1447 terram
1137 1395 1338 1448 autem
1375 1390 1538 1446 dedit
1573 1390 1708 1445 ﬁliis
1733 1390 2048 1446 hominum
2077 1391 2146 1458 ⁸⁷,
2179 1409 2206 1442 ››

557 1479 642 1535 sic
679 1480 932 1536 exterior
956 1481 1278 1536 sanctuarii
1315 1495 1458 1552 pars
1489 1480 1632 1536 data
1661 1484 1752 1534 est
1782 1477 2206 1550 sacerdotibus,

558 1569 802 1625 interior
833 1585 972 1626 vero
1015 1569 1236 1626 intacta
1274 1569 1581 1634 remansit,
1623 1569 1891 1640 nullique
1941 1583 2210 1639 unquam

555 1658 766 1729 patuit,
839 1659 950 1714 nisi
1018 1673 1260 1714 summo
1316 1657 1600 1728 pontiﬁci,
1657 1663 1710 1713 et
1787 1657 1970 1712 semel
2029 1657 2210 1712 modo

555 1747 906 1818 quotannis.

627 1835 726 1891 llic
761 1839 929 1892 erant
967 1835 1286 1892 simulacra
1335 1835 1656 1891 Cherubim
1687 1836 1791 1907 qui
1829 1835 2210 1906 incorporeas

553 1930 879 1998 potestates
917 1925 1272 1997 ﬁgurabant.
1309 1925 1372 1980 In
1397 1925 1594 1981 medio
1619 1941 1768 1982 arca).
1801 1924 2036 1980 tabulas
2057 1925 2208 1994 legis

553 2016 861 2071 includens
878 2020 934 2072 et
955 2031 1170 2071 urnam
1189 2031 1328 2070 cum
1345 2029 1590 2080 manna,
1615 2020 1672 2070 et
1695 2013 1926 2084 virgam
1959 2015 2209 2070 Aaronis

552 2105 965 2176 germinatam.
999 2105 1102 2160 Hic
1131 2109 1510 2176 quoqueerat
1539 2103 2017 2176 propitiatorium
2045 2105 2209 2175 quod

550 2196 828 2266 expansis
852 2194 980 2259 alis,
1005 2194 1284 2266 tegebant
1310 2193 1650 2250 Cherubim.
1677 2195 1808 2248 Haec
1833 2193 1986 2249 inter
2003 2194 2210 2249 omnia

549 2301 612 2340 se
653 2288 807 2340 Deus
847 2284 1292 2339 manifestatum
1334 2283 1537 2339 dabat.
1593 2285 1737 2338 Cum
1777 2281 1936 2338 enim
1993 2287 2210 2338 natura

547 2374 750 2428 divina
779 2389 969 2446 neque
1001 2387 1286 2444 corporea
1319 2373 1409 2436 sit,
1461 2387 1660 2443 neque
1687 2373 1960 2443 figurata,
2001 2387 2112 2426 nec
2137 2388 2207 2428 ea

549 2479 797 2535 prorsus
819 2463 916 2520 cui
949 2462 1162 2518 similis
1197 2463 1400 2533 imago
1431 2467 1714 2527 struatur,
1743 2465 1898 2518 Deus
1928 2461 2208 2533 praecepit

548 2553 822 2614 maxima
851 2554 942 2610 sui
972 2555 1162 2626 ipsius
1183 2553 1444 2622 insignia
1471 2553 1885 2625 repraesentari
1913 2551 2202 2623 symbolis

547 2659 684 2713 quas
721 2641 1254 2698 tabernaculiintus
1273 2646 1496 2698 essent.
1531 2641 1760 2698 Indices
1791 2642 1949 2698 enim
1971 2641 2200 2712 legisla-

547 2731 722 2788 tionis
784 2735 955 2788 erant
1005 2731 1266 2798 tabulae;
1309 2730 1624 2788 sacerdotii
1683 2729 1868 2800 virga,
1913 2730 2104 2786 victus
2141 2731 2202 2784 in

545 2821 778 2878 deserto
815 2835 1062 2886 manna,
1099 2819 1664 2892 prophetiarumque
1697 2819 2196 2890 propitiatorium.

545 2909 688 2966 Inde
727 2909 888 2966 enim
902 2909 1248 2980 prophetiae
1269 2908 1484 2968 edebat
1505 2911 1680 2964 Deus.
1698 2907 1840 2974 Quas
1865 2907 2044 2978 igitur
2075 2907 2199 2964 velo

545 2998 706 3056 intus
736 3000 970 3056 fuerant
993 2997 1580 3064 collocata,coelestia
1593 2997 1949 3062 referebant,
1982 3002 2040 3054 et
2069 2998 2198 3054 ideo

541 3103 686 3161 pars
699 3088 800 3146 illa
815 3091 1028 3148 Sancta
1040 3093 1382 3146 sanctorum
1401 3087 1836 3160 appellabatur.
1855 3087 1974 3142 Hoc
1986 3087 2199 3144 beatus

541 3179 764 3236 Paulus
785 3183 1032 3236 testatur
1069 3179 1310 3236 dicens:
1345 3201 1372 3230 ‹‹
1399 3181 1526 3234 Non
1551 3177 1712 3234 enim
1753 3176 1812 3232 in
1855 3179 2200 3234 manufacta

541 3273 748 3326 sancta
785 3269 957 3324 Jesus
985 3267 1242 3326 introivit
1265 3266 1627 3338 exemplaria
1660 3281 1954 3330 verorum,
1999 3265 2106 3322 sed
2137 3266 2198 3322 in

541 3359 741 3428 ipsum
779 3357 1003 3412 coelum
1026 3359 1094 3412 ⁸⁸.
1130 3379 1158 3410 ››
1192 3357 1332 3424 Quae
1365 3363 1567 3413 autem
1596 3356 1742 3410 citra
1773 3355 1972 3412 velum
2004 3359 2195 3420 erant,

543 3445 837 3504 terrestria
873 3445 1398 3517 repraesentabant.
1435 3443 1538 3500 Hic
1559 3447 1702 3509 erat,
1731 3443 1978 3500 australi
2007 3449 2192 3516 parte,

540 3533 972 3589 candelabrum
1037 3539 1266 3606 septem
1321 3549 1394 3590 ex
1431 3531 1750 3588 hastilibus
1790 3536 2087 3598 constans,
2144 3537 2198 3586 et

539 3638 719 3692 super
757 3622 1174 3680 candelabrum
1205 3623 1466 3678 lucernae
1505 3625 1756 3692 septem,
1789 3625 2020 3692 septem
2049 3620 2195 3678 heb-

542 3711 816 3766 domadis
854 3711 980 3766 dies
1019 3711 1382 3782 figurabant.
1425 3713 1500 3766 Ex
1537 3709 1762 3766 boreali
1805 3713 1985 3780 parte,
2019 3725 2196 3766 aurea

543 3816 754 3856 mensa
771 3817 957 3872 supra
973 3816 1182 3872 quam,
1201 3799 1298 3856 Dei
1317 3801 1504 3872 jussu,
1529 3815 1718 3872 panes
1737 3799 2197 3874 imponebantur

539 3889 880 3954 duodecim,
912 3905 1230 3962 auremque
1269 3888 1486 3962 phialae
1519 3889 1707 3944 thuris
1733 3893 1790 3943 et
1813 3887 1952 3944 salis
1979 3889 2192 3962 plenae.

541 3979 698 4034 Inter
715 3978 1144 4036 candelabrum
1159 3983 1215 4034 et
1229 3993 1504 4034 mensam
1527 3977 1710 4034 altare
1725 3993 1796 4033 ex
1814 3993 1960 4034 auro
1982 3977 2191 4034 stabat.

541 4069 675 4124 Haec
713 4069 1013 4126 ordinatio
1067 4073 1190 4124 erat
1235 4067 1493 4124 fructum
1547 4083 1700 4140 quos
1755 4067 1985 4123 homini
2041 4071 2195 4124 terra

539 4158 786 4232 prasbet.

1781 277 2015 340 PHOTII
2055 267 2527 340 PATRIAHCHE
2565 279 2677 344 cp.

3781 297 3800 354 ί
3811 303 3883 357 ΟΞιέ

2249 409 2294 462 Α
2327 417 2446 460 τῶν·
2511 416 2598 462 καί
2649 411 2996 484 αύλιζομίνων
3035 415 3308 467 ἵστασθαι·
3365 413 3476 488 εἶχε
3533 415 3592 471 δὲ
3643 423 3766 482 αὕτη
3821 437 3888 488 τῆς

2325 503 2540 559 κτίσεως
2587 505 2679 558 τὴν
2711 501 2880 554 εἰκόνα
2911 519 2922 534 ·
2953 505 3128 576 ὥσπερ
3173 507 3275 577 γὰρ
3320 509 3406 557 τόν
3453 507 3668 581 οὐρανόν
3705 519 3784 564 καὶ
3821 521 3886 572 τὴν

2323 596 2421 656 γῆν
2471 586 2872 664 δημιουργήσας
2909 594 2932 644 6
2977 597 3110 654 Θεὸς
3151 599 3310 666 μέσον
3353 598 3544 654 ἔστησε
3571 601 3629 650 τό
3671 607 3890 674 στερέωμα

2327 671 2398 728 δι’
2431 677 2590 732 αὐτοῦ
2624 677 2864 754 διορίσας
2909 685 2974 734 τὰ
3003 685 3108 735 ἅνω
3137 691 3235 735 τῶν
3283 687 3442 750 κάτω,
3479 687 3616 738 οὕτω
3657 695 3744 746 τήν
3787 711 3891 748 σιε-

2323 771 2414 824 νὴν
2465 773 2590 838 μίαν
2639 771 2940 844 προστάξας
2987 775 3250 843 γενέσθαι,
3281 773 3330 824 ἐν
3373 779 3518 846 μέσῳ
3571 771 3890 848 διαταχθῆναι

2323 855 2516 912 κελεύει
2563 861 2621 910 τό
2681 865 3070 933 παραπέτασμα
3117 861 3166 913 ἐν
3219 866 3366 933 τύπῳ
3415 872 3504 916 τοῦ
3559 873 3886 938 στερεοὶματος·

2321 949 2409 998 καὶ
2441 943 2513 998 δι’
2557 947 2718 998 αὐτοῦ
2763 945 2986 1022 διῄρητο
3037 953 3066 1008 ἡ
3119 951 3362 1014 κιϐωτός·
3411 959 3500 1004 καὶ
3547 958 3610 1007 τὸ
3659 961 3788 1031 παρὰ

2325 1037 2484 1106 θύραν
2531 1040 2680 1110 μέρος
2737 1038 2970 1090 ἐκάλεσεν
3027 1039 3156 1110 ἅγια
3189 1061 3201 1073 ·
3259 1047 3318 1094 τό
3377 1039 3436 1096 δὲ
3487 1051 3579 1095 τοῦ
3637 1053 3888 1118 παραπετά-

2323 1141 2516 1196 σματος
2547 1121 2710 1190 ἔνδον,
2744 1125 2904 1198 ’Ἅγια
2947 1127 3128 1198 ἁγίων·
3159 1135 3245 1182 καὶ
3275 1133 3448 1205 ὥσπερ
3491 1130 3630 1203 λέγει
3673 1136 3696 1184 6
3737 1135 3886 1188 Δαϐίδ-

2321 1233 2352 1264 ι(
2399 1213 2456 1265 Ὁ
2507 1214 2722 1287 οὐρανός
2773 1223 2864 1268 τοῦ
2916 1217 3136 1292 ούρανοῦ
3189 1228 3258 1289 τῷ
3312 1225 3506 1292 Κυρίῳ,
3567 1227 3664 1278 την
3719 1221 3774 1276 δὲ
3815 1237 3890 1296 γὲν

2321 1297 2480 1356 ἔδωκε
2527 1311 2632 1364 τοῖς
2675 1306 2806 1364 υἱοῖς
2855 1313 2954 1357 τῶν
3003 1305 3307 1381 ἀνθρώπων,
3353 1331 3376 1360 ν
3411 1311 3546 1361 οὕτω
3595 1318 3684 1366 καὶ
3731 1317 3782 1364 τό
3821 1317 3890 1376 ἔξω

2319 1393 2408 1462 μὶν
2461 1400 2550 1443 τού
2602 1397 3070 1467 καταπετάσματος
3121 1397 3384 1455 εἰσητιτὸν
3439 1396 3500 1457 ἦν
3549 1409 3665 1462 τοῖς
3714 1404 3889 1476 ἱερεῦσι,

2319 1483 2384 1532 τὰ
2415 1477 2474 1532 δὲ
2503 1478 2648 1534 ἔνδον
2681 1483 2934 1554 άψαυστα
2965 1482 3026 1543 ἧν
3065 1490 3154 1538 καὶ
3185 1483 3378 1540 ἄδυτα·
3415 1491 3500 1540 τὸν
3543 1489 3788 1564 ἀρχιερέα
3815 1499 3888 1562 γὰο

2321 1573 2472 1641 μόνον
2497 1571 2638 1634 ἅπαξ
2665 1579 2756 1624 τοῦ
2783 1575 2928 1636 ἔτους
2963 1579 3114 1646 νόμος
3145 1573 3206 1634 ἧν
3233 1577 3468 1630 εἰσιέναι.

2393 1837 2488 1890 Ἦν
2535 1835 2594 1890 δι
2645 1837 2746 1890 ἐκεῖ
2794 1841 2859 1892 τὰ
2906 1849 3006 1892 τῶν
3051 1843 3318 1916 Χερουϐὶμ
3361 1843 3726 1916 εἰκονίσματα,
3765 1851 3894 1900 τύπον

2320 1936 2418 1979 τῶν
2451 1925 2740 2000 ἀσωμάτων
2787 1925 3054 2003 δυνάμεων
3101 1932 3374 2004 ἐπέχοντα·
3419 1935 3468 1986 ἓν
3511 1940 3662 2008 μέσῳ
3705 1935 3760 1989 δὲ
3799 1943 3894 1990 τού-

2319 2036 2416 2067 των
2469 2019 2498 2074 ὴ
2559 2016 2776 2080 κιϐωτός
2831 2022 2926 2080 τὰς
2973 2021 3174 2082 πλάκας
3227 2026 3432 2094 ἔχουσα
3475 2034 3564 2076 του
3613 2031 3788 2098 νόμου,
3827 2033 3896 2078 καὶ

2319 2111 2410 2163 τὴν
2455 2108 2678 2178 στάμνον
2717 2115 2807 2159 τού
2861 2110 3048 2180 μάννα,
3081 2115 3169 2162 καὶ
3211 2116 3304 2170 τὴν
3351 2111 3547 2186 ῥάϐδον
3595 2116 3788 2187 Ἀαρὼν
3825 2121 3896 2172 τήν

2321 2193 2702 2265 βλαστήσασαν
2731 2213 2744 2226 ·
2793 2196 3020 2250 ἐπέκειτο
3069 2196 3128 2251 δὲ
3175 2200 3304 2269 αύτῇ
3357 2205 3416 2253 τὸ
3465 2202 3768 2276 ἱλαστήριον
3807 2213 3898 2264 ταῖς

2319 2283 2532 2356 πτέρυξι
2589 2293 2688 2336 τῶν
2741 2287 3002 2359 Χερουϐὶμ
3062 2291 3442 2362 σκιαζόμενον·
3475 2291 3524 2342 ἐν
3573 2296 3742 2364 τούτῳ
3795 2291 3898 2345 διὸ

2317 2381 2416 2422 τὼν
2491 2373 2616 2424 ὅλων
2683 2379 2808 2435 Θεὸς
2879 2380 2972 2434 τὴν
3039 2377 3230 2430 οἰκείαν
3307 2378 3604 2452 ἐπιφάνειαν
3685 2383 3896 2434 ἐποιεῖτο·

2317 2458 2494 2520 ἐπειδὴ
2523 2465 2624 2534 γὰρ
2673 2465 2702 2520 ἡ
2761 2466 2874 2518 θεία
2911 2468 3061 2536 φύσις
3103 2465 3330 2530 ἀνείδεός
3377 2488 3428 2522 τε
3470 2475 3562 2522 καὶ
3617 2469 3900 2542 ἀσχημάτιο

2318 2570 2456 2618 στος,
2507 2557 2596 2604 καὶ
2648 2561 2740 2614 τῆς
2785 2557 3030 2616 τοιαύτης
3081 2557 3264 2617 οὐσίας
3323 2558 3520 2622 εἰκόνας
3577 2563 3902 2632 τεκτῄνασθαι

2313 2643 2642 2692 παντάπασιν
2677 2637 2952 2708 ἀδύνατον,
2986 2647 3052 2696 τὰ
3097 2645 3332 2717 σύμϐολα
3383 2656 3480 2700 τῶν
3526 2655 3786 2720 μεγίστων
3821 2649 3900 2700 αὖ·

2357 2737 2374 2742 -.
2474 2725 2494 2748 ι)
2613 2737 2630 2744 ..
2731 2733 2746 2744 -ν
3337 2739 3346 2748 ρ
3625 2739 3638 2746 -
3857 2741 3864 2748 .

2311 2747 2410 2779 των
2462 2747 2664 2802 οωρεων
2725 2727 2868 2782 ενδον
2918 2735 3126 2786 κεῖσθαι
3181 2735 3534 2808 προσεταξεν·
3579 2756 3636 2788 αι
3689 2741 3774 2810 μεν
3817 2757 3900 2808 gap

2311 2818 2502 2879 πλάκες
2561 2823 2654 2878 την
2707 2822 3012 2891 νομοθεσίαν
3065 2819 3316 2880 ἐδηλουν·
3373 2829 3464 2884 την
3520 2827 3802 2900 ἱερωσύνην
3855 2823 3898 2876 δὲ

2310 2909 2340 2964 ἠ
2391 2905 2608 2980 1ῥάϐδος·
2649 2911 2706 2960 τὸ
2748 2904 2806 2962 δε
2849 2912 3014 2981 μάννα
3045 2915 3136 2968 τὴν
3181 2912 3232 2964 ἐν
3286 2915 3458 2984 ἐρήμῳ
3503 2920 3724 2986 τροφήν·
3759 2919 3812 2967 τό
3853 2911 3898 2966 δε

2309 3015 2364 3067 γε
2428 2996 2728 3070 ἱλαστήριον
2781 3005 2876 3058 τῆς
2931 3005 3246 3072 προφητείας
3297 3001 3550 3074 σύμϐολον
3609 3001 3691 3062 ἦν·
3739 3003 3896 3056 ἐκεῖθεν

2235 3117 2274 3174 C
2307 3087 2406 3158 γὰρ
2461 3087 2514 3136 αἱ
2561 3084 2876 3160 προρῥησεις
2925 3087 3152 3158 ἐγίνοντο
3185 3106 3196 3119 ·
3250 3093 3312 3142 τὰ
3360 3095 3449 3163 μὲν
3499 3088 3589 3144 οὖν
3633 3090 3776 3146 ἔνδον
3823 3101 3896 3144 τοῦ

2309 3177 2798 3248 καταπετάσματος,
2849 3185 2946 3230 τῶν
2997 3178 3246 3254 οὐρανίων
3295 3177 3407 3252 εἶχε
3463 3185 3648 3236 τύπον·
3701 3181 3784 3236 διό
3827 3187 3897 3234 καὶ

2306 3263 2472 3335 ’Ἅγια
2515 3273 2613 3316 τῶν
2645 3265 2804 3336 ἁγίων
2849 3267 3139 3338 ὠνόμαστο·
3173 3278 3428 3344 μαρτυρεῖ
3477 3267 3534 3322 δε
3565 3280 3720 3324 τοῦτο
3765 3277 3844 3322 καὶ
3879 3275 3896 3321 ο

2309 3355 2564 3428 μακάριος
2615 3353 2815 3416 Παῦλος
2859 3355 3036 3426 λέγων·
3095 3377 3121 3407 (ι
3171 3358 3247 3408 Ού
3299 3361 3398 3432 γαρ
3451 3359 3522 3420 εἰς
3571 3367 3902 3434 χειροποίητα

2309 3443 2436 3512 ἅγια
2489 3442 2718 3501 εἰσῆλθεν
2777 3445 2800 3494 6
2861 3448 3092 3518 ἳριστός
3147 3445 3404 3500 ἀντίτυπα
3459 3457 3556 3498 τῶν
3645 3449 3894 3510 ἀληθινῶν,

2310 3529 2416 3582 ἀλλ’
2461 3531 2532 3592 εἰς
2581 3531 2735 3584 αὐτόν
2767 3535 2852 3584 τόν
2897 3533 3132 3606 οὐρανόν·
3169 3555 3193 3585 ι
3229 3537 3293 3586 τὰ
3340 3533 3398 3587 δὲ
3429 3540 3618 3588 τούτου
3667 3537 3804 3600 ἐντος
3845 3539 3902 3588 εὶ-

2307 3625 2433 3672 κόνα
2479 3623 2616 3692 ἔφερε
2659 3629 2757 3672 τῶν
2789 3619 3046 3692 ἐπιγείων·
3083 3620 3196 3694 εἶχε
3241 3620 3298 3676 δὲ
3341 3631 3506 3676 ταῦτα
3549 3625 3778 3698 λυχνίαν
3827 3631 3900 3696 μὲν

2309 3707 2354 3760 ἐν
2405 3717 2474 3778 τῷ
2527 3715 2678 3780 νοτίῳ
2745 3713 2884 3784 μέρει
2935 3709 3276 3778 ἐπτάκαυλον,
3327 3711 3648 3784 ἰσαρίθμους
3693 3719 3902 3786 ἔχουσαν

2305 3797 2532 3870 λύχνους
2583 3799 2950 3868 ἐπικειμένους·
3000 3796 3218 3858 ἐδηλουν
3267 3797 3326 3854 δὲ
3379 3801 3522 3854 οὗτοι
3565 3813 3672 3854 τῶν
3721 3807 3900 3874 ἡμερῶν

2304 3897 2398 3948 τῆς
2445 3883 2738 3960 ἑϐδομάδος
2783 3891 2869 3939 τόν
2911 3886 3150 3962 ἀριθμόν·
3203 3891 3462 3960 τράπεζαν
3515 3888 3576 3943 δε
3621 3891 3670 3944 ἐν
3707 3903 3778 3964 τῷ
3829 3891 3904 3964 βο-

2304 3981 2421 4054 ρείῳ
2465 3983 2697 4048 χρυσῆν,
2745 3975 2816 4047 ἐφ’
2873 3977 2936 4038 ἧς
2989 3979 3180 4052 οῖρτους
3233 3979 3518 4052 προσέταξε
3567 3983 3902 4054 προσκεῖσθαι

2307 4063 2650 4138 δυοκαίδεκα,
2705 4071 2793 4118 καὶ
2846 4065 3030 4138 φιάλας
3085 4073 3301 4144 χρυσᾶς
3352 4069 3566 4143 πλήρεις
3633 4071 3904 4122 λιϐανωτοῦ

2303 4161 2392 4208 καὶ
2447 4155 2618 4208 ἁλῶν·
2659 4154 2707 4206 ἐν
2757 4153 2817 4208 δε
2867 4165 2938 4228 τῷ
2985 4161 3128 4228 μέσῳ
3177 4167 3270 4220 τῆς
3317 4177 3369 4210 τε
3415 4158 3640 4230 λυχνίας
3691 4167 3780 4212 καὶ
3831 4169 3908 4218 τῆς

539 4248 819 4324 τραπέζης,
860 4255 1099 4322 χρυσοῦν
1143 4249 1302 4299 ἔκειτο
1350 4249 1758 4320 Θυσιαστήριον·
1794 4251 1960 4298 ταῦτα
2007 4242 2056 4297 δ’
2101 4243 2161 4304 ἦν
2209 4249 2547 4318 συντάγματα
2591 4253 2690 4298 τῶν
2741 4244 2840 4298 ἀπὸ
2879 4253 2978 4318 γῆς
3037 4253 3142 4308 τοῖς
3201 4245 3491 4322 ἀνθρώποις
3537 4245 3906 4325 δεδωρημνων

539 4347 772 4414 καρπῶν.

609 4431 858 4486 ᾹΞοουῐῑι
897 4431 1100 4482 autem
1139 4425 1320 4482 altare
1352 4425 1429 4480 ad
1451 4425 1618 4497 quod
1638 4423 1896 4480 victimae
1925 4423 2190 4482 adduce-
2225 4427 2268 4481 D

539 4517 774 4582 bantur,
812 4531 1016 4572 coram
1061 4513 1469 4582 tabernaculo,
1502 4514 1645 4570 foris
1677 4513 1950 4570 exstabat
1982 4529 1994 4580 ;
2031 4515 2190 4570 unde

539 4607 922 4681 perspicuum
948 4611 1036 4660 est
1077 4603 1204 4660 haec
1245 4619 1687 4676 supervacanea
1719 4603 1919 4668 fuisse,
1953 4603 2190 4678 Deoque

535 4695 886 4768 injucunda.
905 4697 1034 4750 Haec
1051 4693 1286 4766 operari
1300 4709 1470 4750 sacra
1489 4697 1639 4749 Deus
1663 4693 1952 4749 concessit
1971 4693 2191 4749 Iudaeis

537 4786 614 4842 ob
655 4802 862 4842 eorum
891 4783 1320 4854 inﬁrmitatem,
1353 4783 1458 4838 sed
1491 4783 1680 4838 solum
1709 4787 1874 4838 extra
1913 4782 2186 4840 taberna-

537 4876 764 4942 culum,
783 4875 940 4930 velut
957 4873 1336 4930 interioribus
1350 4888 1466 4928 non
1487 4871 1840 4936 necessaria,
1863 4887 1970 4928 nos
1989 4877 2186 4927 autem

536 4963 826 5020 solemnia
849 4961 1442 5020 nostrainterioribus
1461 4961 1860 5034 exsequimur,
1889 4963 2008 5017 Deo
2033 4961 2184 5026 thus,

533 5053 1038 5124 luem-uarumque
1091 5051 1416 5118 flammam,
1487 5057 1542 5108 et
1595 5051 1920 5122 mysticum
1961 5066 2186 5104 mensae

535 5139 850 5198 offerentes
885 5141 1268 5198 sacriﬁcium.
1297 5141 1630 5212 Longitudo
1663 5140 2030 5196 tabernaculi
2063 5145 2189 5196 erat

537 5231 774 5300 triginta
811 5229 1166 5296 cubitorum,
1195 5231 1438 5288 latitudo
1478 5231 1706 5302 decem,
1749 5230 1912 5302 quod
1939 5229 2186 5285 edocere

533 5319 704 5376 facile
743 5323 847 5385 est,
867 5335 1006 5374 nam
1035 5321 1242 5390 viginti
1273 5321 1506 5376 tabulas
1539 5337 1676 5392 pars
1704 5319 1980 5376 australis
2009 5319 2188 5373 habe-

533 5409 652 5478 bat,
673 5415 725 5466 et
751 5409 998 5466 totidem
1031 5409 1304 5466 borealis.
1323 5409 1578 5466 Tabulas
1607 5409 1802 5466 caeteri
1834 5411 2186 5480 interpretes

533 5499 842 5557 columnas
861 5497 1247 5570 appellarunt.
1263 5499 1410 5556 Cum
1429 5515 1566 5556 vero
1589 5513 1968 5571 unaquaeque
1991 5495 2189 5554 tabula

607 5679 652 5714 ⁶⁷
680 5675 845 5735 Psal.
882 5691 1038 5750 cxm,
1073 5679 1159 5734 16.
1191 5675 1240 5712 ⁶⁸
1265 5675 1441 5732 Hebr.
1481 5691 1560 5740 1x,
1601 5677 1690 5728 24.

2377 4427 2483 4500 Πρὸ
2537 4421 2594 4477 δι
2631 4431 2725 4486 τῆς
2772 4433 2968 4486 σκηνῆς
3007 4425 3102 4488 ἔξω
3131 4429 3186 4478 τὸ
3235 4425 3467 4498 χαλκοῦν
3511 4430 3910 4502 θυσιαστήριον,

3645 4517 3810 4576 δηλοῖ
3865 4515 3916 4570 δε

2303 4611 2450 4656 τοῦτο
2501 4607 2713 4678 περιττὰ
2760 4603 2888 4656 εἶναι
2925 4613 3092 4660 ταῦτα
3144 4611 3232 4658 καὶ
3286 4610 3356 4678 μὴ
3413 4604 3614 4679 ἀρεστὰ
3663 4617 3740 4679 τῷ
3789 4615 3910 4676 Θεῷ-

2303 4517 2359 4566 τό
2417 4516 2480 4566 τὰ
2535 4519 2925 4592 προσφερόμενα
2985 4511 3269 4588 δεχόμενον
3340 4517 3594 4588 θύματα·

2303 4695 2412 4748 ὅθεν
2477 4693 2816 4748 ἐπιτελεῖσθαι
2877 4699 2966 4768 μὲν
3045 4695 3178 4747 αὐτά
3233 4701 3604 4768 συνεχώρησεν
3683 4695 3780 4750 διὰ
3841 4704 3912 4754 fi":

2302 4780 2569 4836 Ἰουδαίων
2609 4782 2893 4850 ἀσθένειαν,
2929 4785 3021 4848 ἔξω
3067 4781 3126 4837 δὲ
3174 4795 3369 4846 σκηνῆς
3413 4789 3482 4846 ὡς
3510 4785 3608 4838 οὒκ
3663 4785 3912 4859 ἀναγκαῖα

2301 4881 2409 4934 τοῖς
2455 4869 2600 4924 ἔνδον
2631 4891 2642 4902 ·
2679 4875 2824 4945 ἡμεῖς
2872 4869 2930 4926 δὲ
2996 4878 3088 4932 την
3135 4881 3244 4936 τοῖς
3291 4871 3434 4926 ἔνδον
3495 4873 3914 4948 ἀπονεμηθεῖσαν

2299 4963 2619 5038 λειτουργίαν
2671 4963 3028 5036 ἐπιτελοῦμεν·
3067 4965 3304 5038 θυμίαμα
3351 4969 3449 5037 ’γὰρ
3506 4971 3598 5016 καὶ
3647 4967 3914 5040 λυχνιαῖον

2301 5061 2402 5124 φῶς
2467 5057 2817 5128 προσφέρομεν
2877 5061 2946 5124 τῷ
3015 5057 3122 5124 Θεῷ
3179 5059 3268 5105 καὶ
3337 5059 3428 5112 την
3501 5063 3780 5126 μυστικὴν
3839 5065 3916 5116 τὶς

2299 5141 2562 5216 τραπέζης
2621 5145 2952 5216 ἱερουργίαν·
3003 5145 3281 5217 τριάκοντα
3351 5139 3410 5194 δὲ
3469 5149 3700 5214 πήχεων
3763 5143 3822 5204 ἓν
3871 5163 3916 5194 το

2299 5239 2466 5304 μῆκος
2529 5237 2620 5292 τῆς
2679 5239 2892 5299 σκηνῆς,
2953 5235 3040 5284 καὶ
3091 5227 3220 5284 δέκα
3274 5235 3330 5284 τὸ
3390 5229 3550 5308 εὖρος·
3619 5239 3722 5288 καὶ
3783 5241 3916 5288 τοῦτο

2301 5321 2618 5391 καταμαθεῖν
2669 5319 2888 5381 εὐπετές·
2939 5323 3104 5372 εἴκοσι
3136 5324 3234 5394 γὰρ
3283 5317 3506 5383 σανίδας
3555 5319 3682 5394 εἶχε
3739 5329 3798 5376 τό
3845 5331 3914 5374 νο-

2301 5428 2406 5460 τιον
2451 5413 2624 5482 μέρος,
2657 5414 2745 5460 καὶ
2775 5413 3029 5470 τοσαύτας
3057 5415 3116 5462 τὸ
3164 5408 3390 5484 βόρειον·
3427 5409 3662 5475 σανίδας
3701 5411 3766 5468 δί
3817 5417 3916 5470 τοὺς

2301 5496 2516 5558 στύλους
2565 5498 2838 5572 ὠνόμασαν
2887 5501 2936 5552 οἱ
2987 5499 3130 5552 ἄλλοι
3183 5499 3515 5573 έρμηνευταί·
3573 5501 3826 5563 ἑκάστης
3871 5497 3918 5552 6's
