4026 6196
108 234 239 295 1093

1050 231 1145 295 AD
1186 237 1736 296 AMPHILOCHIUM
1778 226 2107 307 QUESTIO
2150 238 2483 300 CCLXVIII.

3315 243 3455 301 1094

105 362 307 426 σανίδος
341 372 525 438 πῆχυν
556 363 792 438 ἐχούσης
829 371 919 419 καὶ
951 369 1139 440 ἣμισυ,
1186 370 1462 443 τριάκοντα
1487 372 1685 440 πήχεις

1819 382 1856 422 n
1884 368 2357 440 sesquicubitum
2385 367 2863 442 protenderetur,
2893 367 3101 439 viginti
3139 368 3322 439 igitur
3358 376 3455 426 ta-

105 457 160 507 αἱ
212 458 367 509 εἰκοσι
420 451 627 516 σανίδες
676 454 948 531 ἐπλήρουν
1028 458 1161 509 οὕτω
1223 457 1378 521 πάλιν
1436 460 1496 509 τὸ
1553 460 1684 531 πρὸς

106 541 307 617 δυσμὰς
349 543 637 597 ἀποϐλέπον
684 545 738 607 ἐξ
785 542 897 617 εἶχε
938 543 1159 609 σανίδας
1207 550 1266 599 τὸ
1321 546 1447 598 αύτὸ
1502 550 1685 620 μέτρον

105 633 324 705 ἐχούσας
348 639 440 687 καὶ
470 630 567 687 δύο
609 638 818 706 γωνίαςο
853 631 1063 688 δώδεκα
1093 632 1151 688 δὲ
1181 641 1377 707 πήχεις
1405 634 1460 687 ἑκ
1491 638 1686 687 τούτων

107 728 433 796 συναγόμενοι
479 725 528 775 οἱ
566 727 656 796 μεν
697 721 827 776 δέκα
865 727 920 776 τὸ
964 722 1110 778 ἔνδον
1140 729 1289 799 μέρος
1332 724 1607 798 ἕπλήρουν,
1641 726 1690 777 οἱ

106 809 167 865 δὲ
203 812 342 865 ἄλλοι
387 808 485 865 δύο
535 820 637 865 τῶν
696 811 945 888 ἑκατέρων
1002 814 1232 889 πλευρῶν
1286 816 1379 874 τὰς
1446 813 1691 888 ἁρμονίας

104 898 366 973 ἐδέχοντο·
425 900 480 953 ἐκ
523 905 698 973 μέντοι
728 909 820 954 τοῦ
869 901 996 973 ἑῴου
1047 907 1237 975 μέρους
1283 907 1370 961 τὴν
1404 905 1562 978 θύραν
1608 921 1692 975 γε·

105 992 278 1045 νέσθαι
311 990 641 1065 προσέταξεν,
685 992 768 1043 ἵνα
790 995 880 1044 καὶ
918 991 1070 1052 αὐτὸς
1094 990 1331 1064 ἀνίσχων
1356 994 1382 1044 ὁ
1414 991 1557 1054 ἣλιος
1586 994 1691 1045 οἶόν

106 1101 217 1133 τινα
271 1081 623 1154 προσκύνησιν
678 1083 946 1154 προσφέρῃ
995 1087 1101 1141 τοῖς
1156 1080 1499 1154 προπυλαίοις
1548 1081 1695 1142 εὐθὺς

107 1172 264 1223 ἐκεῖσε
308 1172 401 1232 τὰς
446 1168 654 1229 ἀκτῖνας
705 1168 998 1241 ἐκπέμπων·
1039 1175 1130 1222 καὶ
1178 1172 1227 1222 οὶ
1278 1178 1350 1241 τῷ
1395 1178 1510 1242 Θεῷ
1555 1176 1693 1243 μόνῳ

106 1258 420 1334 λατρεύοντες
449 1260 663 1311 ὄπισθεν
705 1260 791 1311 τὸν
837 1257 979 1317 ἣλιον
1022 1261 1193 1330 ἔχωσι
1242 1262 1374 1331 πρὸς
1420 1264 1514 1318 τὴν
1571 1279 1696 1319 σκη-

106 1353 193 1405 νὴν
246 1352 599 1423 τετραμμένοι,
655 1351 745 1399 καὶ
792 1352 864 1420 μὴ
932 1356 1135 1413 τοῦτον,
1193 1346 1320 1400 ἀλλὰ
1363 1353 1453 1401 τὸν
1510 1353 1695 1403 τούτου

112 1441 329 1499 Ποιητήν
354 1444 705 1510 προσκυνῶσι’
742 1432 1025 1509 δρυφακτῷ
1063 1441 1233 1489 τοίνυν
1263 1440 1293 1495 ἡ
1328 1442 1495 1497 σκηνὴ
1525 1457 1697 1511 προσ-

346 1522 565 1585 σανίδας
643 1527 890 1578 πάντοθεν
976 1528 1181 1597 ἔχουσα
1264 1531 1697 1600 συνηρμοσμένας

105 1615 356 1675 ἀλληλαιςο
390 1615 535 1687 εἶχον
568 1611 627 1667 δὲ
654 1618 743 1666 καὶ
784 1617 876 1675 τὰς
926 1613 1107 1687 βάσεις
1138 1613 1371 1689 ἀργυρᾶς
1411 1620 1500 1669 καὶ
1543 1637 1697 1690 κεφα-

105 1533 264 1597 εῴκει,

1792 456 1951 513 bulae
1991 459 2052 513 in
2087 460 2324 531 triginta
2365 459 2596 515 cubitos
2644 463 2815 516 erant
2863 463 3182 531 protensae.
3231 461 3457 516 Rursus

1795 560 1935 617 qum
1964 563 2107 619 pars
2138 547 2371 620 respicit
2397 548 2474 605 ad
2488 548 2879 616 occidentem,
2922 564 3025 604 sex
3054 548 3316 605 habebat
3367 554 3459 605 ta-

1796 636 1968 692 bulas
2006 637 2218 693 eadem
2250 652 2550 705 mensura,
2606 637 2885 710 duosque
2914 637 3186 709 angulos.
3234 641 3317 694 Ex
3368 638 3460 694 his

1798 725 1921 781 duo
1937 725 2132 783 decim
2161 725 2376 783 cubitis
2398 726 2479 784 ita
2505 727 2853 793 distributis,
2881 726 3091 784 decem
3128 726 3464 799 implebant

1799 814 2136 873 interiorem
2209 822 2441 888 partem
2512 817 2705 873 caeteri
2780 817 3033 873 laterum
3117 817 3463 889 juncturam

1800 904 2222 977 suscipiebant.
2270 907 2349 962 Ex
2389 921 2458 962 ea
2520 921 2663 963 vero
2701 910 2867 979 parte
2918 922 3051 978 quae
3107 906 3347 978 respicit
3385 906 3467 962 ad

1801 993 2114 1057 orientem,
2146 999 2384 1066 portam
2415 1009 2543 1050 esse
2574 995 2773 1066 jussit,
2807 1000 2871 1051 ut
2917 994 3044 1067 ipse
3101 993 3299 1051 oriens
3376 994 3467 1050 sol

1803 1080 2188 1148 osculatione,
2220 1084 2384 1139 utita
2408 1083 2632 1150 dicam,
2681 1083 3040 1140 vestibulum
3112 1083 3465 1155 complecte-

1803 1175 1979 1236 retur,
2005 1172 2201 1228 statim
2230 1172 2431 1229 radios
2453 1172 2797 1241 immittens,
2850 1178 3030 1246 utque
3082 1172 3187 1245 qui
3216 1173 3464 1228 unicum

1806 1262 1989 1316 Deum
2019 1260 2325 1318 adoraturi
2345 1267 2559 1328 essent,
2575 1262 2653 1318 ad
2671 1262 3125 1319 tabernaculum
3173 1262 3462 1329 conversi,

1807 1350 2099 1406 orientem
2138 1357 2353 1421 atergo
2384 1351 2573 1407 solem
2613 1352 2972 1424 exciperent,
3003 1367 3113 1408 nec
3158 1367 3318 1421 eum,
3361 1351 3467 1407 sed

1808 1439 1937 1511 ejus
1975 1439 2305 1496 Creatorem
2328 1440 2665 1498 adorarent.
2694 1440 2982 1498 Tabulato
3007 1441 3252 1513 quidem
3272 1440 3466 1497 taber-

1808 1528 2089 1584 naculum
2113 1528 2301 1585 simile
2314 1536 2456 1595 erat,
2482 1531 2795 1586 columnas
2814 1530 3207 1603 undequaque
3241 1530 3466 1587 habens

1809 1617 1958 1674 alias
1996 1618 2123 1674 aliis
2148 1622 2340 1689 aptas.
2379 1620 2450 1674 lis
2475 1624 2644 1676 erant
2681 1625 2975 1690 argenteae
2994 1620 3191 1686 bases,
3233 1619 3468 1691 capitis-

106 1702 245 1766 λίδας
273 1707 539 1766 ὡσαύτως·
572 1708 663 1756 καὶ
691 1703 846 1756 αὗται
878 1699 936 1756 δί
979 1703 1159 1766 ἔξωθεν
1207 1709 1297 1756 καὶ
1325 1702 1530 1758 ἔνδοθεν
1560 1707 1697 1765 ἦσαν

1819 1722 1924 1780 que
1954 1712 2297 1776 tegumenta
2324 1724 2396 1764 ex
2436 1709 2648 1765 eodem
2682 1709 2941 1775 metallo,
2996 1709 3217 1782 illaque
3255 1709 3471 1765 extrin-

106 1795 396 1867 εἰλημμέναι
442 1802 655 1865 χρυσῷ·
699 1796 786 1845 τὸν
838 1790 896 1845 δε
945 1798 1126 1869 ὄροφον
1180 1790 1319 1865 εἶχεν
1357 1795 1410 1857 ἐξ
1454 1796 1701 1869 ύφασμιί-

106 1904 202 1936 των
266 1883 529 1947 ποικίλων,
582 1882 637 1935 ἔκ
695 1879 958 1955 διαφόρων
1015 1888 1493 1957 κατεσκευασμένον
1550 1905 1700 1959 χρω-

105 1975 305 2046 μάτων*
343 1976 402 2024 τὸ
442 1976 531 2045 μεν
577 1974 679 2045 γὰρ
727 1968 788 2030 ἧν
829 1970 1099 2046 ἁλουργόν
1155 1974 1213 2023 τὸ
1260 1968 1319 2025 δὲ
1367 1970 1635 2047 ῥοδοειδᾶς
1666 1978 1697 2035 ᾖ

104 2060 431 2134 κοκκοϐιφέςσ
483 2064 542 2114 τὸ
596 2058 655 2115 δὲ
703 2062 931 2132 ὑακίνθῳ
962 2066 1286 2135 προσεοικός”
1333 2064 1363 2119 ἠ
1408 2058 1467 2115 δε
1495 2061 1704 2135 βύσσος

104 2157 198 2210 τήν
240 2152 423 2209 λευκὴν
472 2147 583 2222 εἶχε
632 2153 820 2223 χρόαν·
861 2153 952 2202 καὶ
998 2156 1159 2202 ταῦτα
1207 2146 1267 2203 δε
1294 2159 1394 2207 τῶν
1433 2156 1701 2228 τεσσάρων

108 2244 385 2312 στοιχείων
441 2236 502 2298 ἧν
553 2239 854 2311 αἰνίγματα·
911 2240 937 2291 ὁ
993 2242 1082 2312 μὲν
1156 2241 1398 2301 ὑάκινθος
1469 2250 1541 2313 τῷ
1591 2241 1703 2317 ἀέρι

105 2334 396 2403 προσέοικε·
438 2332 496 2380 τὸ
538 2325 599 2381 δε
643 2325 914 2403 ῥοδοειδες
950 2331 980 2387 ἤ
1016 2327 1328 2401 κοκκοϐαφες
1363 2338 1433 2401 τῷ
1464 2336 1609 2403 πυρί’
1643 2336 1702 2385 τὸ

106 2417 167 2473 δὲ
195 2419 448 2493 οἳλουργόν
494 2420 676 2490 μηνύει
723 2422 816 2481 τὴν
862 2418 1150 2472 θάλασσαν’
1201 2418 1364 2477 ἐκείνη
1406 2422 1504 2491 γὰρ
1534 2424 1703 2493 τρέφει

104 2513 192 2561 τὸν
229 2508 445 2580 κόχλον⁷
495 2506 547 2570 ἐξ
574 2508 635 2569 ἧς
662 2511 721 2560 τὸ
765 2514 1013 2560 τοσοῦτον
1054 2512 1254 2579 γίνεται
1300 2517 1515 2581 χρῶμα·
1558 2510 1588 2567 ἡ
1645 2506 1705 2561 δὲ

105 2598 311 2670 βύσσος
356 2602 444 2656 τὴν
491 2604 611 2670 γῆν,
666 2600 722 2653 ἐκ
774 2600 967 2659 ταύτης
1007 2600 1108 2670 γὰρ
1150 2602 1352 2669 φύεται*
1385 2603 1473 2651 καὶ
1505 2595 1706 2674 δέρρεις

106 2686 166 2742 δε
198 2684 311 2759 εἶχε
340 2692 580 2759 τριχίνας
610 2685 950 2759 ἐπικειμένας,
1001 2692 1090 2740 καὶ
1130 2691 1304 2759 μέντοι
1334 2693 1422 2742 καὶ
1457 2684 1707 2765 διφθέρας

104 2777 367 2847 ποικίλας,
399 2778 531 2829 ὥστε
558 2780 649 2828 καὶ
675 2780 760 2828 τὸν
792 2777 934 2827 ὑετὸν
966 2774 1251 2852 ἀπείργειν,

181 2871 285 2920 Καὶ
328 2874 437 2928 τοῖς
483 2867 674 2934 ἱερεῦσι
711 2861 769 2917 δὲ
813 2861 1143 2917 παντοδαπὸν
1173 2867 1444 2940 περιέθηκε
1487 2887 1703 2939 κοσμον,

101 2961 192 3009 τὸν
242 2959 333 3028 μὲν
378 2954 500 3006 λαὸν
554 2953 985 3012 καταπλήττοντα
1032 2964 1102 3025 τῷ
1152 2952 1387 3031 διαφόρῳ
1428 2964 1518 3011 τοῦ
1564 2962 1706 3031 ali"

98 3065 291 3119 ματος,
324 3044 511 3105 αύτούς
558 3040 617 3098 δὲ
667 3048 787 3107 τούς
820 3046 982 3118 ἱερέας
1033 3040 1360 3099 διδάσκοντα
1403 3047 1538 3108 ὅπως
1593 3051 1703 3121 χρὴ
1745 3071 1787 3127 C

98 3141 197 3195 τὴν
252 3133 442 3207 ψυχὴν
498 3131 793 3207 ἐξωραίζειν
844 3139 934 3186 καὶ
1010 3141 1244 3207 κοσμεῖν·
1303 3131 1570 3194 ὑποδύτην
1649 3133 1708 3189 δι

98 3225 253 3278 καλεί
318 3229 404 3276 τὸν
460 3218 721 3301 ἐνδότερον
769 3229 1107 3295 χιτωνίσκον·
1171 3219 1453 3284 ἐπενδύτην
1509 3221 1567 3277 δὲ
1622 3228 1707 3279 τὸν

96 3323 316 3388 χιτῶνα
351 3315 437 3366 τὸν
482 3311 740 3389 ἐξώτερον*
787 3314 1080 3365 ὑακίνθινον
1113 3309 1171 3366 δὲ
1215 3320 1396 3366 τοῦτον
1425 3314 1709 3387 προσέταξε

94 3405 368 3479 γενέσθαι*
418 3398 625 3478 ποδήρη
673 3399 734 3456 δὲ
772 3407 1166 3478 προσηγόρευσε
1223 3404 1287 3464 ὡς
1330 3408 1495 3477 μέχρι
1540 3403 1710 3478 ἄκρων

97 3503 205 3546 τῶν
254 3488 436 3545 ποδῶν
486 3487 753 3552 διήκοντα·
802 3489 1077 3566 ἀπήρτησε
1125 3489 1184 3546 δὲ
1240 3494 1424 3547 τούτου
1462 3488 1710 3554 κώδωνας

94 3589 352 3657 χρυσοῦς
406 3585 497 3633 καὶ
533 3582 775 3656 ῥοΐσκους
819 3582 903 3635 ἵνα
940 3581 1006 3642 εἰς
1034 3584 1091 3637 τὸ
1142 3578 1338 3637 ἄδυτον
1368 3586 1454 3635 καὶ
1494 3579 1713 3635 ἀνάκτο-

92 3693 192 3745 ρον
251 3679 345 3732 τῆς
396 3679 590 3731 σκηνῆς
641 3670 834 3735 εἰσιὼν,
890 3675 975 3723 καὶ
1027 3675 1120 3729 τὴν
1170 3670 1271 3725 ἀπὸ
1317 3674 1507 3725 τούτων
1548 3671 1713 3725 ἐπιτε-

92 3764 362 3837 λουμένην
405 3760 548 3832 ἠχὴν
593 3756 959 3833 εἰσδεχόμενος
998 3763 1129 3834 μετὰ
1177 3757 1323 3823 δέους
1366 3765 1457 3821 τὴν
1487 3760 1713 3833 λειτουρη

91 3856 224 3925 γίαν
277 3848 484 3909 ἐπιτελῆ
529 3849 596 3910 εἰς
620 3852 829 3922 μνήμην
881 3856 973 3903 τοῦ
1013 3854 1437 3925 προστεταχότος
1472 3848 1715 3921 ἀφικνού-

350 3935 447 3991 διοὶ
488 3958 569 3995 τοι
608 3946 760 3995 τοῦτο
790 3943 879 3995 καὶ
919 3936 1239 4015 ὀποδήρης,
1271 3947 1361 3993 τοῦ
1408 3939 1555 4015 ἀέρος
1603 3940 1716 4011 εἶχε

90 4038 157 4084 τὸ
198 4038 428 4105 χρῶμα·
470 4029 709 4089 ὑάκινθος
758 4024 818 4081 δὲ
863 4025 925 4088 ἦν
966 4031 1029 4090 ὡς
1077 4030 1138 4083 ἄν
1186 4029 1253 4090 εἰς
1300 4037 1481 4083 τοῦτον
1513 4028 1714 4104 ἀφορῶν

86 4122 391 4192 μετάρσιος
439 4121 665 4193 γίνηται·
716 4115 939 4173 ἐπέκειτο
970 4114 1028 4171 δὲ
1057 4125 1118 4191 τῇ
1152 4116 1343 4192 κεφαλῇ
1392 4114 1601 4191 κίδαρις
1631 4120 1716 4171 τὸν

87 4210 330 4285 οὐρανὸν
360 4210 678 4281 μιμουμένη·
729 4204 1045 4261 ἕπεκάλυπτε
1077 4202 1135 4260 δὲ
1164 4212 1254 4260 καὶ
1293 4210 1466 4261 ταινία
1503 4210 1560 4259 τὸ
1600 4211 1718 4279 μέτ-

86 4319 267 4365 ωπον,
332 4299 397 4357 ἣν
444 4299 634 4371 μίτραν
675 4295 814 4351 εἶπον
864 4297 912 4349 οἱ
952 4291 1362 4370 Ἑϐδομήκοντα·
1414 4293 1526 4368 εἶχε
1570 4292 1621 4364 δ’
1667 4299 1716 4350 ἂν

83 4394 251 4463 μέσῳ
349 4386 486 4444 αὕτη
563 4384 776 4439 πέταλον
831 4392 1070 4458 χρυσοῦν
1127 4384 1539 4458 ἐγγεγραμμένον
1595 4389 1719 4459 ἔχον

83 4486 187 4534 τοῦ
246 4482 397 4533 Θεοῦ
451 4475 714 4549 ἄφραστον
767 4472 929 4548 ὄνομα
979 4475 1005 4526 ὅ
1054 4474 1301 4529 καλοῦσιν
1360 4475 1587 4551 Ἑϐραῖοι
1648 4496 1722 4532 τε·

80 4566 552 4644 τραγράμματονο
621 4563 883 4621 εὐλάϐειαν
953 4561 1012 4617 δε
1078 4568 1164 4619 τὸν
1220 4564 1341 4619 λαὸν
1401 4562 1722 4621 ἕκπαιδεύων

81 4655 164 4711 δι’
224 4656 555 4726 αἰνίγματος
606 4661 759 4707 τοῦτο
814 4650 1132 4714 δεδήλωκεν·
1192 4653 1532 4727 Ἐπιγροίψεις
1597 4658 1721 4729 γὰρ,

79 4752 294 4821 Ῡησὶν,
329 4743 463 4797 αὐτὸ
493 4742 733 4817 ἁγίασμα
764 4748 985 4817 Κυρίου.

163 4834 463 4893 ἐκελευσε
502 4829 560 4886 δὲ
609 4832 881 4906 αὐτῷκαὶ
930 4829 1209 4907 ἐφεστρίδα
1251 4836 1510 4905 γενέσθαι,
1570 4837 1630 4896 ἣν
1678 4838 1727 4889 οἱ

77 4923 550 4999 Ἐδῗδομηκοντα,
606 4918 850 4997 ἐπωμίδα
900 4921 1165 4979 ἐκάλεσανο
1220 4921 1269 4975 ἐν
1319 4920 1379 4977 δὲ
1422 4932 1533 4993 ταῖς
1573 4930 1727 4983 Βασι-

74 5018 273 5077 λείαις
362 5010 691 5084 εὑρίσκομεν,
765 5009 945 5086 ἐφοὺδ,
1027 5012 1187 5075 αὐτὴν
1259 5016 1395 5067 κατὰ
1463 5018 1555 5074 τὴν
1630 5023 1728 5073 τῶν

70 5108 213 5181 Ἐϐρ
223 5108 375 5157 αίων
459 5100 690 5173 γλῶτταν
772 5102 1159 5176 ὠνομασμένην⁸

87 3960 255 4014 μῖνος
272 3956 285 3969 ⁸

1243 5103 1373 5162 αὕτη
1428 5102 1567 5175 εἶχεν
1653 5104 1731 5176 ἐφ’

75 5196 371 5267 ἑκατέρου
425 5194 515 5263 μὲν
567 5195 708 5263 ὤμου
763 5187 859 5244 δύο
912 5191 1088 5255 λίθους
1148 5191 1433 5255 πολυτελεῖς
1511 5195 1732 5266 ἔχοντας

74 5296 196 5339 τῶν
285 5281 468 5356 φυλῶν
537 5283 630 5342 τὰς
714 5286 1074 5357 προσηγορίας
1153 5282 1584 5357 ἐγγεγραμμένας
1661 5291 1732 5355 τῷ

75 5377 308 5434 στήθει
363 5367 428 5424 δὲ
456 5372 517 5422 τὸ
566 5368 873 5444 καλούμενον
915 5372 1111 5445 λογεῖον
1154 5376 1250 5432 τὴν
1292 5372 1506 5446 λογικὴν
1540 5391 1735 5446 συγκα-

162 5540 226 5576 6°
266 5532 477 5593 Exod.
507 5547 702 5601 xxvm,
736 5533 823 5588 17.

1811 1812 1982 1851 secus
2011 1801 2069 1854 et
2106 1813 2178 1852 ex
2215 1797 2475 1854 interiori
2514 1802 2680 1870 parte
2725 1814 2871 1855 auro
2909 1798 3201 1855 distincta.
3223 1800 3468 1855 Tectum

1811 1902 1882 1941 ex
1920 1887 2084 1942 varia
2123 1889 2353 1942 textura
2373 1887 2708 1957 constabat,
2727 1886 2983 1943 diversis
3023 1887 3324 1944 coloribus
3371 1888 3471 1944 de-

1809 1976 2057 2050 pictum,
2082 1980 2247 2047 parte
2277 1992 2345 2032 ex
2362 1977 2479 2033 alia
2503 1992 2892 2049 purpureum,
2909 1977 3032 2033 alia
3058 1993 3318 2043 roseum,
3353 1978 3471 2035 alia

1812 2080 1991 2121 cocco
2004 2064 2273 2131 tinctum,
2299 2065 2415 2122 alia
2430 2066 2913 2137 hyacinthinum,
2936 2066 3054 2122 alia
3066 2066 3353 2123 referente
3383 2066 3470 2124 al-

1810 2153 1956 2210 bum
1971 2154 2141 2226 byssi
2155 2154 2435 2211 colorem.
2453 2157 3287 2228 Haecquatuorelementorum
3301 2162 3469 2213 erant

1812 2242 2586 2315 symbolallyacinthusaeri
2601 2244 2800 2300 similis
2813 2248 3129 2312 est,roseus
3143 2246 3470 2302 coccineus-

1812 2348 1883 2387 ve
1922 2332 2085 2388 color
2104 2332 2245 2401 igni,
2270 2348 2604 2405 purpureus
2624 2349 2759 2390 vero
2772 2350 2928 2391 mare
2958 2333 3257 2404 signiﬁcat
3286 2351 3299 2402 ;
3324 2333 3473 2390 illud

1813 2420 1971 2479 enim
1998 2421 2181 2478 nutrit
2199 2423 2495 2479 concham
2516 2438 2724 2500 exqua
2752 2427 2880 2480 tam
2918 2423 3169 2496 pulcher
3203 2423 3474 2481 nascitur

1814 2509 2015 2576 color;
2056 2516 2440 2583 repraesentat
2465 2511 2687 2584 byssus
2718 2516 2938 2569 terram
2999 2530 3030 2569 e
3069 2528 3191 2586 qua
3238 2513 3423 2569 oritur
3457 2529 3470 2579 ;

1814 2599 1997 2673 pelles
2025 2601 2205 2659 etiam
2237 2600 2503 2658 crinibus
2541 2603 2821 2659 confectae
2860 2602 2977 2657 illis
3032 2601 3473 2674 superinductte

1814 2691 2368 2763 erant,exuviteque
2385 2691 2678 2748 distinctae
2707 2707 2842 2764 quae
2884 2691 3137 2747 imbrem
3180 2695 3472 2747 arcerent.

1889 2868 2172 2927 Praeterea
2201 2867 2616 2925 sacerdotibus
2635 2867 3073 2925 diversissimas
3092 2870 3285 2925 vestes
3322 2868 3475 2923 Deus

1818 2955 2165 3026 assignavit,
2205 2972 2341 3029 quas
2381 2956 2629 3030 populo,
2680 2956 2870 3013 cultus
2929 2957 3231 3024 varietate,
3298 2956 3475 3011 mira-

1816 3044 2038 3101 tionem
2060 3050 2388 3110 moverent,
2442 3045 2728 3118 ipsosque
2790 3044 3073 3102 docerent
3135 3044 3475 3101 sacerdotes

1817 3133 2127 3207 quomodo
2163 3133 2429 3191 animam
2446 3149 2740 3191 exornare
2770 3138 3209 3205 venuetamque
3243 3131 3475 3189 efﬁcere

1819 3227 2130 3295 oporteret.
2159 3222 2401 3281 Vestem
2448 3223 2807 3289 interiorem,
2836 3222 3098 3295 appellat
3126 3221 3474 3287 tuniculam,

1821 3310 2149 3371 amiculum
2207 3311 2560 3371 exteriorem
2621 3316 2678 3368 et
2705 3313 2863 3369 hanc
2917 3312 3183 3368 tunicam
3224 3310 3474 3382 hyacin-

1822 3400 2053 3461 thinam
2091 3416 2224 3459 esse
2250 3401 2631 3473 praescripsit.
2674 3401 2777 3458 Cui
2805 3401 2886 3457 ad
2924 3401 3079 3457 imos
3129 3400 3315 3473 pedes
3344 3415 3480 3472 pro-

1824 3488 2238 3547 missastalaris
2258 3488 2970 3563 fuitcognomen,dequa
2995 3505 3180 3551 aurea
3196 3488 3480 3547 tintinna-
3562 3480 3565 3483 ’

1823 3578 1968 3637 bula
2000 3578 2261 3652 speciem
2292 3578 2653 3653 malipunici
2682 3578 3000 3637 referentia
3039 3578 3386 3651 pendebant
3416 3582 3483 3635 ut

1824 3668 1885 3731 in
1924 3668 2170 3742 adytum
2214 3673 2272 3726 et
2333 3669 2564 3740 regiam
2618 3668 2978 3727 tabernaculi
3036 3684 3176 3725 cum
3238 3668 3485 3724 intraret

1824 3759 2127 3826 sacerdos,
2153 3765 2432 3831 percepto
2454 3775 2663 3817 eorum
2704 3760 2901 3816 sonitu
2946 3774 3085 3817 cum
3133 3757 3481 3821 reverentia,

1827 3848 2121 3905 solemnia
2134 3853 2461 3920 perageret,
2479 3848 2802 3905 recordans
2820 3847 2976 3904 illius
2990 3848 3094 3920 qui
3115 3847 3246 3903 haec
3276 3847 3483 3903 omnia

1824 3942 2208 4010 praeceperat.
2252 3937 2655 4003 Quamobrem
2696 3937 2897 3995 talaris
2942 3937 3168 3994 aeriam
3219 3935 3482 3991 colorem

1826 4025 2135 4093 referebat,
2172 4024 2652 4097 hyacintheaque
2692 4028 2813 4081 erat
2845 4028 2906 4081 ut
2942 4023 3022 4080 ad
3053 4038 3189 4079 eam
3242 4022 3484 4079 intuens

1827 4118 2087 4171 mentem
2118 4114 2397 4171 sacerdos
2423 4129 2663 4171 sursum
2720 4117 2961 4171 teneret.
3005 4110 3483 4181 lmminebatque

1828 4202 2053 4264 summi
2081 4203 2410 4260 sacerdotis
2449 4202 2628 4261 fronti
2666 4202 2834 4269 tiara,
2858 4202 3074 4258 ccelum
3110 4201 3359 4265 imitata,
3390 4197 3484 4255 fa-

1830 4292 1981 4353 ciem
2010 4292 2367 4362 contegebat
2396 4291 2541 4349 vitta
2570 4307 2758 4364 quam
2825 4288 3218 4361 Septuaginta
3241 4287 3484 4345 mitram

1830 4381 2206 4456 appellarunt
2234 4398 2248 4447 ;
2284 4381 2481 4439 stabat
2503 4380 2565 4439 in
2593 4379 2793 4437 medio
2822 4380 3247 4439 laminaaurea
3270 4376 3332 4433 in
3363 4390 3488 4447 qua

1831 4470 2233 4531 inenarrabile
2274 4470 2376 4527 Dei
2402 4485 2648 4535 nomen,
2683 4485 2721 4527 a
2757 4468 2981 4526 JudtBiS
3058 4472 3488 4536 tetragramma

1833 4560 2223 4635 appellatum,
2263 4558 2614 4630 inscriptum
2651 4562 2794 4617 erat.
2865 4557 2958 4614 Sic
3005 4556 3263 4627 ﬁgurate
3332 4556 3487 4608 Deus

1834 4650 2129 4725 populum
2152 4648 2542 4706 reverentiam
2560 4647 2837 4718 docebat,
2880 4650 2945 4702 ut
2974 4662 3045 4703 ex
3077 4645 3171 4702 his
3200 4645 3483 4716 apparet:

1837 4742 2105 4811 Sculpes,
2137 4739 2347 4812 inquit,
2375 4738 2566 4808 ipsum
2586 4743 2857 4796 sanctum
2883 4735 3134 4793 Domino
3194 4735 3266 4791 αθ.

1870 4831 2152 4903 Praecepit
2172 4844 2416 4903 quoque
2435 4831 2584 4885 Deus
2600 4843 2905 4886 summum
2929 4825 3304 4885 sacerdotem
3323 4821 3492 4879 indui

1838 4924 2001 4979 veste
2013 4935 2181 4993 quam
2196 4917 2718 4991 superhumeralem
2732 4919 3082 4973 vocaverunt
3100 4912 3489 4986 Septuaginta,

1838 5026 2019 5083 quam
2033 5014 2230 5067 autem
2256 5010 2317 5065 in
2348 5011 2575 5077 Regum
2606 5007 2769 5063 libris
2783 5006 3095 5079 appellant,
3124 5003 3356 5076 prod,
3388 5003 3494 5057 He-

1839 5100 2002 5157 brzea
2036 5115 2178 5156 voce
2208 5098 2604 5168 designatam.
2621 5097 2763 5152 Huic
2786 5102 2952 5152 erant
2978 5109 3157 5168 super
3182 5098 3494 5169 utrumque

1840 5188 2298 5247 humerumduo
2320 5186 2562 5260 pretiosi
2586 5185 2816 5259 lapides
2847 5184 3115 5257 inscripti
3147 5182 3495 5240 nominibus

1843 5280 2098 5338 tribuum
2118 5277 2318 5335 Israel.
2335 5277 2400 5333 In
2434 5275 2915 5349 pectore,mentis
2932 5280 3170 5345 tegmen
3196 5270 3492 5346 pectorale

1848 5371 1992 5427 Huic
2012 5383 2255 5443 quoque
2286 5367 2604 5424 duodecim
2628 5366 2859 5438 lapides
2882 5365 3067 5438 aptati
3097 5366 3285 5433 erant,
3314 5359 3495 5417 variis
