4076 6202
642 287 665 340 1
675 287 780 341 095

638 410 935 466 coloribus
1011 406 1317 462 micantes.

640 497 901 568 victoria,
929 495 1230 552 velclades
1261 495 1729 565 signiﬁcabatur.
1758 494 1929 558 Quod
1958 495 2185 564 Regum
2214 511 2284 551 ex

637 587 873 643 historia
899 589 1147 642 constat.
1169 585 1314 639 Cum
1338 583 1496 638 enim
1521 582 1810 638 adversus
1841 583 2023 638 Israel
2059 583 2283 639 bellum

631 675 1397 748 suscepissenthostes,non
1418 672 1776 744 priusausus
1804 677 1893 727 est
1923 673 2060 727 Saul
2091 674 2282 728 aciem

631 766 920 821 instruere
949 779 1136 836 quam
1159 761 1603 833 signavictoriae
1634 761 1900 816 vidisset.
1933 763 2125 827 Quare
2155 763 2282 818 uni-

631 855 787 910 versi
827 852 1037 909 mundi
1071 855 1222 908 Deus
1247 851 1388 907 dicit
1427 868 1490 904 :«
1523 851 1838 922 Ponesque
1878 850 2168 906 rationale
2193 851 2280 922 ju-

629 943 768 999 dicii
800 943 861 998 in
900 947 1138 1014 pectore
1168 945 1387 1005 Aaron,
1419 944 1476 995 et
1504 941 1565 994 in
1597 945 1842 1012 utroque
1868 939 2049 995 latere
2076 956 2278 1012 super-

625 1031 972 1088 humeralis.
1007 1052 1035 1083 »
1064 1029 1414 1101 Adjecitque
1446 1045 1464 1087 :
1503 1051 1525 1079 ι
1599 1031 1906 1100 Ponesque
1970 1028 2032 1083 in
2063 1044 2134 1084 eo
2173 1029 2278 1084 do-

627 1121 876 1177 ctrinam
918 1125 973 1176 et
1009 1119 1317 1175 veritatem
1357 1119 1426 1170 7°.
1454 1138 1481 1168 ι)
1518 1117 1983 1188 Doctrinamque
2030 1117 2274 1188 quidem

623 1210 860 1266 vocavit
885 1209 1058 1280 signa
1105 1223 1179 1263 ex
1253 1206 1368 1262 illis
1422 1205 1741 1279 lapidibus,
1803 1205 2109 1262 veritatem
2135 1222 2273 1263 vero

621 1299 928 1370 signorum
966 1298 1365 1353 veracitatem.
1401 1299 1520 1352 Hoc
1573 1295 1732 1351 enim
1796 1294 2274 1352 animadverten-

620 1389 766 1444 dum
796 1403 1010 1443 censeo
1027 1385 1188 1457 quod
1225 1384 1813 1455 crassioribushujus
1843 1385 2033 1440 aetatis
2082 1384 2274 1441 homi-

618 1477 796 1533 nibus
835 1493 1017 1547 quam
1051 1473 1467 1546 utspiritualia
1487 1473 1877 1542 intelligerent
1916 1474 2274 1544 sapientissi-

619 1584 754 1622 mus
773 1565 1061 1622 Dominus
1079 1570 1276 1619 noster
1290 1579 1389 1632 per
1406 1578 1684 1633 corporea
1697 1562 1972 1633 symbola
1987 1563 2270 1619 auxilium

619 1655 1048 1728 suppeditavit,
1091 1654 1263 1708 nobis
1297 1660 1497 1708 autem
1539 1652 1954 1723 interpretatur
1976 1653 2270 1723 pectorale

1869 278 2106 334 PHO'l‘ll
2149 279 2626 337 PATRIARCH/E
2665 281 2779 336 CP;

1404 405 1630 472 Quibus
1685 404 1909 460 indicto
1959 405 2137 469 bello,
2190 405 2286 461 vel

2396 403 2585 456 λύπτον
2639 402 2882 477 καρδίαν·
2933 405 3044 478 εἶχε
3089 403 3147 459 6":
3205 412 3293 460 καὶ
3343 415 3494 460 τοῦτο
3555 406 3745 462 δώδεκα
3782 411 3901 476 λίθους

3816 294 3901 346 1(θὸ

2394 499 2890 567 προσηρμοσμένονς
2961 494 3210 568 διάφορον
3274 500 3492 568 ἔχοντας
3545 505 3716 571 χρόαν·
3763 498 3834 552 διὰ
3867 502 3900 554 ϐε

2393 591 2544 634 τοῦτο
2603 581 2853 641 ἐδηλοῦτο
2898 585 3121 656 πολέμου
3175 589 3628 657 συγκροτηθέντος,
3675 592 3701 645 ἦ
3749 593 3898 652 νῶιηά

2392 672 2544 730 ἧττα·
2595 677 2684 724 καὶ
2737 680 2889 725 τοῦτο
2936 671 2993 726 δὲ
3049 682 3149 726 τῶν
3195 676 3471 727 Βασιλειῶν
3519 679 3548 734 ἡ
3591 679 3770 748 ἱστορία
3802 677 3903 730 διδά-

2393 779 2524 812 σ’κει·
2635 760 3146 835 ἐπιστρατευσάντων
3400 773 3499 816 τῶν
3588 764 3805 836 πολεμίων

2392 849 2605 922 Ἰσραὴλ
2659 851 2716 902 οὗ
2766 856 3012 925 πρότερον
3057 851 3339 924 ἐτόλμησεν
3401 855 3426 904 6
3474 853 3632 905 Σαοὺλ
3680 858 3903 928 παρατάξα-

2391 941 2534 1008 σθαι,
2568 941 2656 1000 ἕως
2686 936 2792 992 εἶδε
2822 945 2886 992 τα
2915 949 3010 1003 τῆς
3051 947 3198 1004 νίκης
3229 945 3528 1014 μηνύματα·
3571 940 3660 995 διὰ
3701 952 3823 995 τοῦτο
3859 949 3903 995 εἱ-

2386 1033 2554 1100 ρηκώς
2607 1030 2633 1080 6
2682 1038 2780 1081 τῶν
2828 1029 2955 1082 ὅλων
3000 1035 3139 1092 Θεὸς·
3183 1053 3209 1080 ‹‹
3260 1036 3363 1084 Καὶ
3394 1030 3656 1094 ἐπιθήσεις
3683 1036 3732 1084 τὸ
3769 1032 3906 1103 λογεῖον

2384 1126 2479 1178 τῆς
2523 1122 2741 1192 κρίσεως
2786 1117 2869 1170 ἐπὶ
2937 1122 2996 1170 τὸ
3059 1121 3252 1181 στῆθος
3308 1122 3532 1194 Ἀαρὼν,
3580 1125 3664 1172 καὶ
3727 1122 3905 1190 «invitm;

2385 1205 2508 1258 αὐτὸ
2559 1210 2685 1279 πρὸς
2731 1211 2824 1265 τὴν
2869 1205 3129 1279 ἐπωμίδα·
3166 1230 3194 1257 ››
3226 1211 3474 1280 ἐπήγαγε·
3527 1230 3551 1259 ‹‹
3587 1215 3681 1262 Καὶ
3719 1207 3908 1269 ἐπιθήσεις

2383 1295 2524 1365 αὐτῷ
2567 1300 2656 1353 τὴν
2695 1292 2928 1354 δήλωσιν
2965 1301 3056 1348 καὶ
3098 1302 3192 1355 τὴν
3244 1297 3506 1356 ἀλήθειαν·
3561 1321 3587 1347 ››
3619 1303 3701 1349 καὶ
3739 1295 3905 1355 δήλωσιν

2383 1387 2472 1456 μεν
2529 1383 2763 1436 ἐκάλεσεν
2804 1387 2871 1437 τὰ
2904 1384 3090 1438 ἐκεῖθεν
3136 1389 3437 1458 μηνύματα·
3489 1386 3719 1444 ἀλήθειαν
3761 1383 3807 1438 δι
3843 1395 3905 1437 τῶν

2383 1474 2698 1545 μηνυμάτων
2737 1477 2795 1524 τὸ
2851 1470 3096 1544 ἀψευδές·
3146 1474 3308 1527 ἰστέον
3352 1479 3442 1547 μέν
3495 1495 3573 1527 τοι
3630 1477 3694 1536 ὡς
3732 1483 3905 1546 παχντέ·

2381 1582 2493 1636 ροις
2541 1558 2660 1614 οὖσι
2707 1569 2812 1624 τοῖς
2859 1571 3149 1621 τηνικαῦτα
3191 1569 3280 1616 καὶ
3332 1573 3432 1616 τῶν
3472 1573 3664 1622 νοητῶν
3709 1563 3906 1636 ἐφικέσθαι

2383 1655 2453 1723 μὴ
2506 1647 2831 1724 δυναμένοις,
2891 1648 2984 1704 διὰ
3032 1660 3130 1704 τῶν
3195 1662 3508 1724 σωματικῶν
3577 1653 3815 1725 συμϐόλων
3851 1658 3907 1707 τὶν

617 1743 944 1815 speculatio
959 1741 1382 1813 spiritualium,
1419 1740 1696 1811 chlamys
1719 1740 2000 1811 perfectio
2018 1741 2265 1805 virtutis,

2383 1740 2620 1812 ὠφέλειαν
2705 1742 2730 1791 6
2813 1743 3079 1812 πάνσοφος
3144 1745 3289 1813 ἡμῶν
3372 1747 3638 1803 Δεσπότης
3709 1741 3906 1815 ἐπραγμα-

612 1833 633 1904 j
646 1837 892 1888 unctura
913 1836 1105 1888 autem
1120 1829 1415 1886 concinna
1429 1829 1741 1900 pectoralis
1759 1834 1816 1884 et
1830 1829 2154 1902 chlamydis
2167 1847 2270 1888 no-

615 1921 707 1978 bis
731 1921 982 1990 ﬁgurate
1012 1919 1186 1974 docet
1225 1917 1363 1972 ﬁdei
1387 1916 1736 1973 eteﬁectivaz
1758 1917 1984 1973 virtutis
2021 1935 2269 1978 concen-

614 2010 864 2067 tionem.
897 2009 1158 2063 Primum
1187 2006 1413 2077 imponi
1435 2004 1840 2076 chlamydem,
1863 2005 2080 2062 deinde
2128 2009 2268 2064 huic

612 2096 909 2170 pectorale
941 2096 1127 2167 aptari
1160 2094 1460 2166 signiﬁcat
1483 2098 1705 2150 rectam
1724 2094 1942 2164 agendi
1969 2095 2266 2153 rationem

616 2185 873 2258 supponi
904 2183 1218 2241 virtutibus
1257 2182 1743 2239 fundamentum.

617 2270 675 2326 δὲ
707 2279 926 2349 πρώτοις
965 2272 1290 2325 ἐπιτίθεσθαι
1327 2276 1421 2330 τὴν
1464 2267 1726 2343 ἐπωμίδα,
1762 2267 1854 2324 εἷθ’
1885 2272 2047 2335 οὕτως
2077 2277 2240 2347 ταύτῃ
2272 2277 2330 2328 τὸ
2355 2273 2551 2347 λογεῖον
2589 2276 2945 2327 συνάπτεσθαι
2975 2279 3031 2327 τὸ
3077 2281 3170 2334 τὴν
3200 2275 3404 2348 ἀγαθὴν
3444 2278 3632 2352 πρᾶξιν
3669 2274 3908 2345 ὑποϐάθρεν
3998 2271 3999 2322 Ῑ

620 2361 748 2416 εἶναι
778 2371 878 2415 τῶν
909 2362 1124 2438 ἀρετῶν.

687 2469 1009 2535 ΟΗᾸΞΞΤΙΟ
1041 2467 1550 2594 ΟΟΙΑΧυὲἒὶιξᾶίξΙιί
1571 2467 1963 2612 JCCLXXXVII,
2027 2470 2198 2525 Taur.

687 2647 875 2715 Quam
905 2647 977 2702 ob
1007 2646 1472 2715 causamMoyses
1512 2644 2095 2704 tabulasconlriverit
2123 2648 2258 2720 (69).

2380 1832 2573 1882 τεύετο·
2632 1833 2721 1881 καὶ
2767 1832 2868 1902 γὰρ
2919 1832 3070 1900 ἡμεῖς
3116 1837 3327 1900 νοοῦμεν
3376 1828 3470 1883 διὰ
3519 1840 3610 1884 τοῦ
3641 1831 3815 1902 λογείου
3849 1835 3908 1885 τὴν
3998 1865 3999 1898 1

2383 1921 2596 1991 θεωρίαν
2644 1927 2743 1970 τῶν
2788 1928 3001 1976 νοητῶν·
3048 1916 3141 1972 διὰ
3187 1916 3246 1972 δε
3294 1930 3386 1980 τῆς
3417 1917 3676 1992 ἐπωμίδος
3700 1925 3777 1978 τὴν
3801 1918 3908 1992 ἔργα·

2383 2013 2501 2059 σίαν
2533 2015 2626 2068 τῆς
2657 2006 2863 2080 ἀρετῆς,
2915 2013 3006 2060 καὶ
3036 2013 3128 2066 την
3175 2016 3266 2060 τοῦ
3318 2009 3522 2080 λογείου
3577 2017 3662 2062 καὶ
3713 2019 3793 2070 τῆς
3825 2008 3912 2060 Em.
3998 2045 3999 2048 η

2379 2094 2532 2167 μίδος
2561 2096 2810 2169 ἁρμονίαν
2853 2117 2906 2149 τι
2933 2103 3022 2149 καὶ
3060 2101 3337 2170 συνάφειαν
3378 2099 3449 2160 εἰς
3495 2104 3590 2157 τὴν
3619 2109 3708 2160 τῆς
3749 2103 3911 2154 πίστεως

2377 2191 2467 2238 καὶ
2519 2193 2610 2246 τῆς
2658 2184 2861 2257 ἀγαθῆς
2908 2187 3137 2260 πράξεως
3185 2186 3512 2259 λαμϐάνομεν
3557 2194 3842 2261 συμφωνίαν·
3875 2191 3912 2236 τὸ
3998 2184 3999 2242 ξ

2927 2478 3240 2525 ΕΡΩΤΗΣΙΣ
3279 2472 3433 2529 239'.

2751 2656 2901 2703 Διατί
2929 2653 3022 2714 τὰς
3049 2652 3247 2713 πλάκας
3279 2653 3606 2726 συνέτριψεν,

1550 2742 1705 2793 Edita
1737 2744 1924 2792 aMaio
1961 2744 2014 2806 (l.
2045 2759 2092 2794 c.
2129 2760 2186 2808 p.
2230 2747 2337 2807 134,
2372 2761 2424 2811 q.
2465 2748 2678 2809 278.)—
2700 2748 2822 2798 Exc.
2851 2747 3055 2800 XXXII.
3081 2753 3162 2804 19.

685 2846 835 2913 Quia
860 2845 1110 2902 credidit
1130 2841 1584 2916 populumlegis
1603 2842 2081 2913 esseindignum.
2117 2845 2264 2900 Cum

613 2935 774 2992 enim
815 2933 1033 2990 tabulae
1073 2948 1182 3006 pro
1213 2931 1514 2988 dotalibus
1548 2931 1757 2987 libellis
1826 2937 2045 2998 essent,
2087 2948 2264 3006 spon-

611 3040 799 3096 saque
828 3023 1094 3079 nondum
1128 3021 1460 3077 thalamum
1514 3020 1784 3092 ingressa
1835 3037 1968 3077 sese
2042 3021 2261 3093 prosti-

611 3115 837 3178 tuisset,
878 3111 1055 3168 valde
1080 3115 1285 3175 iratus,
1314 3115 1375 3165 ut
1403 3125 1514 3182 par
1571 3114 1678 3177 est,
1749 3109 1946 3165 dotale
1994 3109 2262 3165 libellum

608 3201 850 3274 dirupit.
880 3199 1449 3256 Animavertendum
1472 3202 1559 3254 est
1582 3197 1750 3270 quod
1777 3202 1917 3254 tunc
1957 3199 2035 3254 ad
2057 3213 2262 3270 preces

2447 2845 2663 2908 Ανάξιον
2711 2852 2891 2919 κρίνας
2941 2850 3028 2899 τὸν
3075 2847 3196 2900 λαὸν
3253 2855 3349 2910 τῆς
3402 2850 3728 2919 νομοθεσίας’
3781 2842 3910 2900 ἐπειῆ

2373 2935 2474 3006 γὰρ
2528 2941 2797 3008 προικῴων
2837 2942 3206 3011 γραμματείων
3256 2941 3416 2990 τύπον
3467 2939 3618 3009 εἶχον
3661 2939 3711 2989 αἱ
3761 2935 3914 2997 πλῂες,

2374 3026 2404 3082 ἠ
2437 3020 2495 3076 δὲ
2525 3027 2695 3096 νύμφη
2744 3029 2842 3098 πρὸ
2881 3034 2975 3086 τῆς
3005 3023 3276 3086 παστάδος
3326 3027 3391 3086 εἰς
3437 3032 3685 3098 μοιχείαν
3717 3025 3910 3087 arandae,

2375 3112 2513 3183 μάλα
2569 3113 2777 3173 εἰκότως
2833 3117 2890 3166 τὸ
2941 3123 3198 3186 προικῷον
3249 3123 3604 3188 γραμματεῖον
3687 3112 3911 3189 ὄιέῤῥηξῖϊ

2375 3201 2706 3255 ἐπισκεπτέον
2755 3206 2843 3274 μὲν
2895 3206 2962 3264 ὡς
3010 3208 3124 3256 τότε
3165 3201 3434 3276 δεξάμενος
3486 3207 3514 3257 6
3564 3209 3687 3266 Θεὸς
3725 3209 3804 3260 τὴν
3846 3206 3913 3251 i2:-

607 3273 920 3364 placabilis
952 3289 1141 3345 factus
1181 3291 1350 3351 Deus,
1385 3287 1444 3342 in
1471 3286 1632 3342 aliud
1670 3293 1910 3358 tempus
1971 3286 2262 3342 distulerit

2376 3295 2516 3353 σίσν,
2571 3289 2848 3343 ἁπεϐάλετο
2888 3297 2980 3350 τὴν
3025 3297 3296 3366 τιμωρίαν·
3331 3296 3669 3366 προστέθεικε
3711 3289 3780 3357 δὲ,
3813 3312 3831 3337 ε
3867 3291 3911 3358 ᾜ

608 3378 1098 3452 poenas,dicens:
1139 3400 1158 3425 ι
1191 3380 1305 3447 Ego
1322 3375 1598 3432 autemin
1615 3375 1712 3431 dic
1727 3376 1967 3431 ultionis
1996 3375 2259 3432 visitabo

606 3475 663 3524 et
701 3469 814 3523 hoc
845 3471 1156 3539 peccatum
1183 3481 1391 3520 eorum
1420 3466 1494 3521 τί.
1523 3487 1552 3514 ››
1589 3464 1762 3529 Quod
1789 3464 2047 3536 Apostoli
2064 3464 2259 3520 verbis

608 3558 795 3614 simile
821 3563 908 3612 est
943 3573 958 3610 :
993 3578 1019 3605 ι(
1053 3557 1298 3627 Ignoras
1329 3553 1620 3626 quoniam
1659 3553 1999 3623 benignitas
2040 3553 2138 3609 Dei
2179 3554 2257 3611 ad

608 3647 1010 3719 paenitentiam
1044 3651 1097 3702 te
1127 3643 1420 3700 adducit?
1453 3642 1797 3698 Secundum
1847 3647 2050 3699 autem
2101 3643 2257 3700 duri-

606 3737 751 3792 tiam
783 3743 947 3792 tuam
978 3737 1048 3798 7’,
1108 3755 1136 3781 »
1191 3739 1247 3788 et
1299 3732 1548 3804 reliqua.
1609 3735 1882 3788 Attamen
1952 3731 2259 3802 legislator

605 3825 844 3895 cognito
863 3823 1023 3895 quod
1048 3822 1363 3878 universus
1377 3822 1532 3876 Deus
1554 3820 1683 3891 jam
1714 3821 1898 3877 nollet
1927 3837 2058 3877 esse
2117 3837 2256 3878 cum

600 3913 844 3982 JudtBiS,
887 3911 1170 3982 angelum
1212 3926 1354 3966 vero
1380 3909 1449 3965 iis
1474 3909 1859 3982 praefecturus
1889 3915 2066 3979 esset,
2105 3910 2256 3967 scire

599 4002 874 4075 quaesivit
911 4017 1094 4074 quem
1119 4005 1275 4056 esset
1323 3999 1631 4064 missurus,
1684 3999 2139 4071 obsecravitque
2180 4015 2256 4056 ne

602 4090 671 4146 iis
711 4090 876 4146 daret
917 4105 1271 4145 conservum
1286 4087 1529 4154 ducem,
1557 4087 1664 4142 sed
1685 4085 1814 4158 ipse
1843 4086 2250 4158 eosdirigeret.

603 4179 774 4244 Quod
809 4178 908 4234 ubi
939 4177 1294 4250 impetravit,
1336 4175 1567 4232 sublato
1598 4175 1798 4232 ebrius
1843 4191 2048 4232 amore
2118 4192 2254 4248 quae

599 4269 908 4324 hominem
936 4267 1234 4323 excedunt
1271 4263 1588 4329 affectavit,
1623 4263 2108 4337 invisibilemque
2151 4281 2254 4321 na-

600 4362 796 4414 turam
835 4371 1076 4412 cernere
1139 4353 1494 4426 concupivit.
1553 4355 1766 4409 Verum
1805 4352 2108 4410 enimvero
2139 4354 2253 4410 hoc

599 4462 728 4502 esse
746 4445 915 4502 nefas
933 4443 1136 4501 didicit
1161 4461 1173 4510 ;
1198 4459 1334 4515 quae
1353 4448 1555 4498 autem
1577 4441 1654 4497 ad
1667 4441 1934 4497 divinam
1956 4443 2255 4514 pertinent

598 4535 1039 4610 providentiam
1063 4533 1429 4590 etactionem
1447 4531 1552 4603 (sic
1567 4531 1728 4587 enim
1753 4529 2137 4602 intelligenda
2166 4537 2254 4589 est

2375 3375 2425 3430 δ’
2464 3381 2524 3430 ἄν
2564 3381 2734 3453 ἡμέρα
2775 3379 3185 3454 ἐπισκέπτωμαι,
3229 3381 3397 3444 ἐπάξω
3447 3380 3530 3433 ἐπ’
3574 3383 3752 3443 αὐτοὺς
3785 3385 3914 3430 πᾶσαν

2371 3471 2464 3524 τὴν
2531 3467 2788 3541 ἁμαρτίαν
2827 3469 3015 3523 αὐτῶν·
3079 3491 3102 3521 ι)
3179 3473 3310 3523 ἔοικε
3391 3467 3449 3522 δέ
3520 3479 3670 3524 τοῦτο
3717 3477 3811 3530 τοῖς
3843 3468 3914 3518 ὑπὸ

2559 3557 2876 3622 ξΑποστόλον
2968 3559 3269 3632 εἰρημένοις·
3355 3583 3375 3610 ε
3451 3559 3680 3632 Ἀγνοῶν
3748 3562 3814 3610 ὅτι
3877 3558 3915 3606 τὸ

2369 3648 2610 3716 χρηστὸν
2659 3654 2750 3698 τοῦ
2809 3655 2941 3700 Θεοῦ
2985 3648 3050 3708 εἰς
3106 3651 3378 3721 μετάνοιάν
3436 3668 3499 3702 σε
3546 3652 3680 3721 ἄγει·
3729 3649 3839 3699 κατὰ
3876 3641 3915 3694 δὲ

2370 3563 2461 3607 τοῦ
2559 3559 2876 3622 ζΑποστόλον
2968 3559 3269 3633 εἰρημένοις·
3355 3583 3375 3610 ι

2367 3737 2458 3791 τὴν
2493 3734 2822 3810 axi-rigoran
2873 3756 2986 3801 σου,
3025 3758 3047 3787 ι)
3086 3743 3174 3790 καὶ
3217 3737 3352 3800 ἑξῆς·
3403 3739 3428 3789 ὁ
3471 3744 3653 3810 μντοι
3698 3737 3917 3808 νομοθέτης

2369 3820 2601 3885 ἀκούσας
2644 3826 2714 3886 ὡς
2761 3825 2854 3877 οὐκ
2895 3824 3123 3888 ἀνέξεται
3155 3833 3382 3878 συνεῖναι
3427 3828 3615 3889 αὐτοῖς
3655 3829 3680 3878 6
3709 3835 3793 3878 τῶν
3825 3824 3914 3874 61w

2367 3914 2488 3972 Θεὸς
2532 3914 2626 3977 ἔτι,
2690 3911 2799 3964 ἀλλ’
2859 3913 3073 3985 ἄγγελον
3131 3913 3425 3984 ἐπιστήσει,
3491 3918 3662 3989 ᾔτησε
3711 3922 3790 3987 μὲν
3826 3919 3920 3982 Tr;-

2364 4020 2448 4051 ναι
2479 4004 2564 4052 τὸν
2603 3999 3032 4075 ἐπιστησόμενον,
3074 4003 3382 4062 ἡντιϐὁλησε
3426 4001 3490 4057 δὲ
3538 4011 3611 4078 μὴ
3663 4001 3822 4057 δοῦναι
3855 4000 3918 4049 α)-

2365 4096 2474 4151 τοῖς
2524 4086 2808 4162 ὁμόδουλον
2848 4093 3096 4163 ἡγεμόνα,
3158 4092 3264 4144 ἀλλ’
3310 4095 3466 4145 αὑτὸν
3521 4094 3688 4146 αὐτῶν
3733 4093 3920 4157 καθεγέο

2369 4180 2586 4231 σασθαι·
2617 4182 2681 4240 ὡς
2725 4177 2784 4232 δὲ
2834 4185 2924 4232 καὶ
2951 4185 3146 4240 ταύτην
3189 4185 3318 4253 ἔσχε
3347 4187 3440 4240 τὴν
3485 4181 3665 4257 ἀρχὴν
3706 4185 3833 4254 ἔρωτι
3859 4195 3919 4247 με·

3909 4269 3915 4276 .

3911 4286 3923 4315 ι

2368 4269 2500 4318 θύων
2555 4267 2900 4341 ἐπαινουμένῳ
2948 4279 3048 4322 τῶν
3101 4271 3226 4345 ὑπὲρ
3282 4271 3562 4344 ἄνθρωπον
3616 4271 3808 4347 ἠράσθη
3859 4286 3908 4318 κα

2364 4361 2457 4414 τὴν
2497 4355 2708 4410 ἀθέατον
2758 4361 2912 4430 φύσιν
2975 4355 3104 4411 ἰδεῖν
3153 4358 3498 4432 ἐπεθύμησεν,
3564 4359 3691 4412 ἀλλὰ
3738 4358 3921 4431 μεμαθη-

2362 4463 2444 4497 κεν
2487 4448 2556 4508 ὡς
2607 4453 2755 4499 τοῦτο
2805 4443 3080 4500 ἀδύνατον·
3133 4450 3198 4500 τὰ
3238 4444 3297 4501 δε
3326 4456 3417 4510 τῆς
3447 4449 3748 4522 οἰκονομίας
3786 4465 3830 4498 τε
3860 4447 3923 4496 καὶ

2362 4533 2633 4606 ἐνεργείας,
2680 4536 2813 4588 οὕτω
2855 4539 2956 4611 γὰρ
2999 4533 3080 4589 δεῖ
3131 4544 3261 4589 νοεῖν
3302 4545 3394 4590 τοῦ
3443 4543 3581 4591 Θεοῦ
3622 4542 3686 4591 τὰ
3727 4537 3922 4591 ὀπίσθια,

596 4624 894 4698 posterior
911 4625 1006 4679 Dei
1025 4625 1190 4696 pars)
1206 4620 1598 4693 contemplari
1621 4635 1966 4692 possumus,
1988 4636 2111 4676 non
2129 4622 2248 4694 qui-
2284 4626 2286 4678 ἶ

2369 4625 2626 4697 θεωρῆσαι
2683 4621 2902 4678 δυνατὸν
2957 4633 3066 4688 τοῖς
3125 4629 3262 4678 κατὰ
3317 4632 3572 4692 Μωῠσέα,
3621 4623 3740 4680 οὐδὲ
3765 4627 3924 4680 τούτοις

594 4715 731 4770 dem
755 4713 980 4782 palam,
1014 4711 1119 4767 sed
1145 4716 1208 4766 ut
1236 4711 1465 4781 Moyses
1497 4713 1553 4764 et
1590 4708 1651 4763 in
1713 4713 1881 4779 petra
1942 4708 2114 4781 quasi
2171 4715 2250 4766 ab

593 4805 723 4876 ipso
768 4805 884 4858 Deo
912 4800 1202 4865 collocati,
1246 4799 1325 4853 sic
1363 4797 1692 4854 ostenditur
1731 4796 1908 4852 ﬁrma
1945 4797 2084 4853 ﬁdei
2131 4804 2249 4855 sta-

590 4893 810 4962 bilitas,
846 4896 902 4947 et
931 4890 991 4946 in
1031 4887 1326 4946 foramine
1355 4887 1534 4956 hujus
1568 4885 1949 4957 lapidisﬁdei
1995 4885 2247 4943 foramen

590 4985 850 5054 apparet,
875 4997 1008 5052 qua:
1025 4979 1330 5036 inaccessa
1356 4974 1542 5032 oculis
1559 4974 1859 5047 corporeis
1886 4978 1943 5031 et
1987 4975 2247 5033 invisibi-

590 5071 673 5127 lia
710 5069 1014 5140 perspicit.

661 5213 711 5246 70
742 5209 925 5266 Exod.
957 5226 1156 5275 xxvnl,
1185 5210 1273 5266 38.
1306 5211 1351 5246 ⁷¹
1388 5208 1572 5264 Exod.
1595 5223 1775 5273 xxxn,
1819 5206 1913 5262 34.
1961 5209 1981 5242 7
2011 5209 2182 5273 Rom,
2214 5224 2252 5264 ιι
2278 5211 2332 5264 4.

2363 4708 2421 4764 δὲ
2469 4711 2664 4781 ἁπλῶς,
2720 4712 2826 4765 ἀλλ’
2867 4715 2938 4777 εἰς
2984 4734 3077 4772 την
3120 4719 3309 4788 πέτραν
3351 4714 3442 4767 ὑπ’
3487 4717 3661 4769 αὐτοῦ
3716 4723 3796 4768 τοῦ
3830 4717 3924 4765 Θεοῦ

2359 4802 2656 4873 τιθεμένοις·
2690 4808 2931 4875 σημαίνει
2983 4801 3041 4856 δε
3089 4805 3220 4862 αὕτη
3268 4813 3360 4866 τῆς
3405 4810 3634 4867 πίστεως
3662 4811 3719 4858 τὸ
3760 4803 3922 4877 στερρὲν

2358 4893 2445 4942 καὶ
2483 4887 2825 4963 ἀκράδαντον·
2873 4897 2962 4944 καὶ
2994 4889 3088 4945 διὰ
3133 4901 3226 4954 τῆς
3256 4897 3388 4955 ὀπῆς
3426 4902 3524 4957 τῆς
3578 4900 3786 4968 πέτρας,
3815 4890 3927 4947 dulei

2361 4975 2419 5032 δὲ
2449 4980 2579 5038 αὕτη
2612 4989 2707 5041 τῆς
2747 4985 2974 5044 πίστεως
3005 4982 3264 5056 ὀφθαλμὸν
3297 4985 3598 5057 θεωροῦντα
3636 4993 3739 5045 τοῖς
3776 4981 3922 5034 αἱσθεο

2359 5077 2462 5130 τοῖς
2485 5069 2768 5143 ὀφθαλμοῖς
2801 5070 3045 5144 ἀνέφικτα
3064 5077 3154 5125 καὶ
3175 5073 3387 5128 ἀθέατα.

2155 5371 2386 5428 NOT/E.

662 5535 773 5607 (69)
806 5537 886 5591 Ex
915 5531 1284 5589 'l‘heodoreto
1307 5545 1368 5601 q.
1411 5529 1478 5584 68
1507 5529 1565 5585 in
1599 5527 1780 5585 Exod.
1821 5529 1883 5584 T.
1914 5528 2126 5586 LXXX.
2161 5544 2218 5602 p.
2263 5531 2390 5588 294.
