4026 6196
87 289 242 346 1097
963 281 1058 336 AD
1085 275 1635 336 AMPHILOCHIUM
1677 271 2004 343 QUIESTIO
2045 259 2613 326 CXLXIX-CCLXXI.
3329 257 3466 313 1098

669 415 980 464 ΕΡΩΤΗΣΙΣ
1019 405 1140 464 Σο’.

1886 397 2212 464 ΟΗΔΕΞΤΙΟ
2253 393 2492 451 CCLXX.
2531 385 3176 464 [cqrs_z_.__c_0Lxxxvm,
3214 385 3394 439 Taur.

467 579 583 632 Πῶς
615 569 662 622 ἐν
691 572 912 642 ἱματίοις
936 567 1099 640 λέπρα
1128 564 1309 637 ἐγίνετο
1335 579 1350 629 ;

1045 792 1196 841 Edita
1223 803 1256 839 a
1283 788 1424 838 Maio
1451 788 1504 849 (1.
1533 801 1578 836 c.
1612 787 1786 850 p.13t,

171 915 384 976 Πολλὰς
420 913 598 976 αὐτοῖς
641 908 876 972 παιδείας
902 911 927 962 6
959 913 1082 970 Θεὸς
1124 909 1369 968 τοιαύτας
1416 905 1670 976 ἐπήγαγεν
1696 924 1707 935 ·

91 1008 302 1059 αὐτίκα
355 1011 482 1076 γοῦν
556 1007 644 1054 καὶ
699 1005 817 1074 περὶ
871 999 1068 1074 λεπρῶν
1125 997 1299 1050 οἰκιῶν
1367 995 1528 1056 οὕτως
1594 995 1709 1065 ἔφη·

95 1117 128 1149 (ί
159 1097 248 1156 Ὠς
297 1094 358 1146 ἃν
413 1091 675 1149 εἰσέλθητε
728 1089 800 1151 εἰς
847 1093 940 1148 τήν
993 1097 1091 1160 γῆν
1149 1095 1247 1138 τῶν
1303 1087 1606 1136 Χαναναίων
1651 1081 1712 1139 ἢν

93 1185 202 1256 ἐγὼ
261 1180 467 1255 δίδωμι
513 1183 632 1253 ύμῖν
667 1197 680 1210 '
727 1182 814 1230 καὶ
867 1173 1024 1229 δώσω
1083 1175 1216 1247 ἁφὴν
1269 1173 1454 1246 λέπρας
1505 1170 1554 1223 ἐν
1602 1177 1714 1231 ταῖς

97 1275 297 1333 οἰκίαις
337 1281 434 1332 τῆς
464 1279 562 1342 γῆς
587 1279 681 1329 τῆς
711 1266 962 1338 ἐγκτήτον
989 1267 1148 1336 ὑμῶν,
1189 1285 1215 1314 ›’›
1248 1267 1335 1314 καὶ
1364 1261 1480 1323 ἑξῆς
1503 1278 1515 1290 ·
1553 1256 1712 1312 διδά-

99 1383 222 1415 σκει
255 1359 314 1414 δῖε
342 1357 438 1414 διὰ
469 1361 662 1412 τούτων
693 1359 772 1410 ὅτι
805 1355 1043 1414 θεήλατοι
1085 1351 1216 1411 ἦσαν
1248 1354 1302 1403 αἱ
1339 1350 1558 1421 πληγαὶ,
1591 1350 1713 1400 ποτε

95 1457 193 1524 μὲν
244 1453 384 1502 κατὰ
428 1452 666 1521 ἱματίων,
710 1447 833 1497 ποτε
883 1441 941 1496 δὲ
989 1445 1125 1494 κατὰ
1175 1441 1350 1494 οῖκιὼν
1397 1441 1668 1512 φερόμεναι
1697 1457 1709 1468 ·

95 1550 276 1594 ταῦτα
317 1537 378 1592 δὲ
423 1545 516 1596 την
562 1539 752 1609 οἶφατον
783 1543 874 1588 τοῦ
924 1541 1056 1586 Θεοῦ
1105 1531 1488 1604 φιλανθρωπίαν
1529 1522 1712 1584 ἁνεδή-

95 1632 232 1682 λου⁸
269 1637 370 1680 τῶν
407 1631 508 1702 γὰρ
554 1625 832 1700 ἀνθρώπων
877 1622 1294 1696 ἁμαρτανόντων,
1349 1620 1574 1690 ἱματίοις
1621 1619 1711 1666 καὶ

99 1720 298 1779 οἰκίαις
344 1716 548 1789 ἐπέφερε
595 1718 688 1776 τὰς
739 1713 966 1784 πληγὰς,
998 1707 1093 1763 διὰ
1141 1712 1335 1761 τούτων
1388 1713 1497 1767 τοῖς
1543 1711 1712 1756 ταῦτα

95 1811 440 1878 κεκτημνοις
491 1809 584 1862 τὴν
635 1806 941 1878 θεαραπείαν
981 1802 1302 1872 προσφέρων
1350 1799 1480 1848 ἔοικε
1533 1789 1592 1845 δε

93 1897 356 1971 λεπρῶντι
385 1898 508 1964 οἴκῳ
557 1895 582 1944 6
631 1891 769 1953 οἶκος
822 1897 912 1943 τοῦ
965 1887 1195 1961 Ἰσραὴλ,
1228 1885 1287 1938 οὔ
1335 1883 1582 1942 πολλάκις
1620 1883 1708 1950 μὲν

95 1931 356 1971 nat-rullu-
385 1931 508 1964 νυνι,
557 1931 581 1944 υ
631 1931 768 1953 νισι-σι,
830 1931 910 1943 ,τυ
981 1931 1195 1961 ...Γνυμη
1230 1931 1281 1938 ν-
1339 1931 1582 1942 .-,,-.ν-ηκ,
1620 1935 1628 1950 ⁸
1664 1931 1677 1933 ,

95 1986 428 2060 ἐξῃρέθησαν
481 1983 714 2054 καθάπερ
769 1980 906 2032 λίθοι
953 1981 1080 2037 τινες
1129 1975 1406 2047 λεπρώντες
1456 1975 1504 2024 οἱ
1543 1969 1710 2040 πλημ-
1741 1931 1780 1984 Β

95 2075 442 2148 μελῆσαντες,
489 2075 613 2124 ποτε
661 2073 750 2143 μὲν
809 2065 902 2121 διὰ
958 2067 1274 2137 Ἀσσυρίων,
1323 2065 1446 2114 ποτε
1501 2057 1558 2112 δὲ
1619 2055 1711 2111 δια

97 2163 470 2226 Βαϐυλωνίων,
526 2160 704 2214 οἱλλοτε
768 2156 828 2210 δε
885 2153 980 2209 διὰ
1030 2149 1360 2207 Μακεδόνων⁸
1414 2145 1592 2206 ἐπειδὴ
1653 2143 1711 2199 δὲ

95 2258 300 2324 παγίαν
350 2255 512 2324 ἔσχον
560 2255 652 2308 την
698 2249 906 2321 λέπραν,
961 2241 1131 2319 ἄρδην
1188 2240 1544 2297 καταλυθῆναι
1616 2241 1710 2288 τὴν

96 2341 278 2393 οἰκίαν
310 2342 336 2392 6
363 2341 644 2412 νομοθέτης
671 2336 908 2389 ἐκέλευεν.

667 2429 978 2478 ΕΡΩΤΙῙΣΙΣ
1021 2419 1177 2474 ΣΟΛᾟ

95 2576 166 2624 Τί
199 2573 450 2642 σημαίνει
495 2570 560 2620 τὰ
606 2563 703 2618 δύο
747 2564 950 2636 ὀρνίθια
981 2561 1106 2632 ὑπὲρ
1155 2565 1246 2610 τοῦ
1299 2555 1712 2631 καθαριζομένου

701 2638 1093 2708 προσφερόμενα
1116 2647 1129 2698 ;

2461 459 2828 532 CCLXXVHJ

1889 556 2183 626 Quomodo
2233 549 2788 691 ἱηεθιιὶαρηίιιιηῖἳόςι
2815 545 3194 656 7υιεδιίτηίιηιίε
3249 544 3469 614 lepram

2448 637 2632 678 messe
2811 625 2830 674 ἱ

2448 627 2632 678 inesse
2660 625 2772 678 ΠΟ)
2811 625 2830 674 ‘1

1815 787 2014 850 (1.279).
2049 813 2106 824 --
2131 788 2298 838 Levit.
2332 795 2456 843 X111,
2505 777 2598 832 47.

1895 905 2115 960 Judreis
2157 907 2359 961 multm
2385 904 2649 975 talesque
2679 895 3078 956 institutiones
3109 905 3144 944 a
3171 891 3290 942 Deo
3321 883 3473 938 datae

1821 999 1975 1050 sunt.
2017 996 2224 1050 Statim
2257 995 2434 1063 igitur
2477 972 2828 1062 de_leprosis
2860 981 3142 1040 domibus
3176 977 3258 1032 sic
3288 972 3480 1046 loqui-

1821 1089 1914 1140 tur
1943 1101 1955 1139 :
1991 1107 2018 1134 ‹‹
2038 1084 2183 1139 Cum
2203 1081 2454 1152 ingressi
2483 1077 2707 1136 fueritis
2741 1081 2958 1132 terram
2988 1070 3268 1126 Chanaan
3289 1076 3477 1134 quam

1820 1189 1931 1244 ego
1963 1172 2120 1230 dabo
2169 1172 2332 1228 vobis
2377 1172 2438 1226 in
2477 1165 2942 1242 possessionem,
2995 1159 3041 1214 si
3074 1155 3248 1212 fuerit
3293 1152 3478 1224 plaga

1819 1241 1997 1334 lepra:
2025 1263 2082 1318 in
2117 1261 2346 1317 aedibus
2375 1261 2444 1326 ⁷³,
2479 1241 2505 1310 ά)
2535 1263 2591 1313 et
2618 1255 2874 1326 reliqua.
2907 1251 3001 1306 Sic
3033 1248 3196 1302 docet
3231 1241 3478 1296 vulnera

1820 1367 1950 1407 esse
1989 1367 2025 1406 a
2072 1354 2182 1406 Deo
2234 1347 2527 1412 immissa,
2585 1344 2764 1400 modo
2809 1342 2870 1396 in
2925 1341 3138 1404 vestes,
3179 1329 3361 1386 modo
3415 1326 3477 1380 in

1821 1441 2055 1496 domos.
2119 1441 2248 1494 Haec
2270 1445 2470 1493 autem
2511 1437 2642 1508 ipsa
2671 1427 3038 1487 ineffabilem
3061 1423 3162 1478 Dei
3202 1434 3345 1488 erga
3371 1416 3478 1470 ho-

1821 1530 2009 1584 mines
2023 1544 2290 1585 amorem
2330 1527 2745 1582 demonstrant
2770 1537 2782 1574 :
2811 1517 3126 1574 hominum
3152 1509 3310 1566 enim
3343 1519 3477 1577 pec-

1820 1623 2088 1674 catorum
2151 1617 2214 1672 in
2253 1615 2610 1670 vestimenta
2657 1615 2714 1666 et
2765 1609 2979 1663 domos
3033 1600 3284 1657 vulnera
3338 1608 3478 1650 cum

1818 1708 2180 1774 immitteret,
2230 1707 2310 1761 ita
2337 1702 2709 1760 sanationem
2741 1713 2813 1753 ea
2863 1687 3306 1768 possidentibus
3339 1681 3477 1738 affe—

1817 1797 2004 1854 rebat.
2027 1795 2226 1851 Simile
2239 1799 2326 1850 est
2351 1791 2556 1848 domui
2591 1791 2844 1860 leprosze
2868 1785 3082 1839 domus
3102 1774 3282 1832 Israel
3304 1790 3335 1828 e
3357 1785 3480 1843 qua

1819 1887 2171 1958 saepissime,
2223 1881 2392 1956 quasi
2444 1888 2622 1952 petrae
2670 1875 2968 1949 qumdam,
2997 1866 3186 1925 Judaei
3233 1860 3476 1934 leprosi,

1819 1977 1880 2033 id
1909 1983 2014 2042 est,
2049 1977 2393 2045 peccatores
2440 1968 2632 2026 avulsi
2671 1970 2832 2033 sunt,
2862 1976 3024 2018 nunc
3071 1957 3148 2013 ab
3197 1949 3476 2023 Assyriis,

1819 2080 1980 2121 nunc
2003 2040 2442 2132 rat-Babyloniis,
2486 2057 2632 2112 alias
2669 2041 2916 2109 tandem
2946 2065 2981 2104 a
3011 2040 3433 2102 Macedonibus
3464 2053 3478 2102 ;

1819 2170 1958 2210 cum
1998 2159 2198 2208 autem
2244 2149 2570 2204 inveterata
2622 2141 2830 2199 domui
2870 2136 3112 2193 cuidam
3158 2131 3318 2202 lepra.
3355 2127 3480 2180 haz-

1820 2247 1984 2312 reret,
2018 2241 2176 2296 hanc
2201 2237 2370 2294 evelli
2391 2235 2660 2290 funditus
2691 2228 2996 2301 legislator
3017 2218 3378 2294 imperabat.

1892 2401 2208 2470 QUxESTIO
2246 2399 2520 2470 CCLXX]:
2546 2382 3183 2470 ,[cg_i§_z_.__c_0Lxxx1x,
3231 2381 3403 2434 Taur.

1901 2463 1934 2470 “
2443 2463 2848 2532 CCL‘xxan]

1825 2549 1979 2618 Quid
1989 2545 2320 2616 signiﬁcent
2339 2541 2474 2618 dum
2499 2553 2632 2618 apes
2645 2550 2770 2618 quae
2799 2547 2912 2618 pro
2939 2523 3228 2599 expianda
3256 2519 3480 2578 homine

2357 2605 2762 2682 offerebantur
2801 2605 2942 2677 (Ἠ).

1149 2783 1302 2832 Edita
1330 2795 1362 2830 a
1391 2779 1528 2829 Maio
1555 2777 1611 2836 (1.
1640 2791 1684 2826 c.
1709 2790 1760 2840 p.
1791 2775 1900 2829 135,
1928 2787 1979 2835 q.
2011 2769 2144 2832 280).
2175 2795 2237 2804 —
2265 2765 2430 2815 Levit.
2457 2777 2562 2820 xxv,
2598 2764 2644 2810 4.

175 2918 286 2966 Τοῦ
344 2912 604 2983 σωτηρίου
647 2908 846 2967 πάθους
891 2906 1123 2977 περιέχει
1169 2902 1255 2952 τόν
1305 2900 1485 2951 τύπον·
1534 2895 1706 2965 ὥσπερ

93 3003 208 3075 γὰρ
241 3003 437 3053 τούτων
480 3001 538 3051 τό
568 3001 656 3070 μὲν
708 2998 904 3060 θύεται,
935 2995 991 3046 τὸ
1026 2987 1084 3043 δὲ
1131 2989 1200 3049 εἰς
1227 2991 1285 3040 τὸ
1333 2993 1424 3038 τοῦ
1471 2983 1708 3041 τυθέντος

97 3093 252 3162 οιῖριοι¹
289 3087 614 3162 βαπτόμενον
665 3084 928 3146 ἀπελύετο,
978 3079 1139 3140 οὕτως
1193 3079 1318 3150 ὑπὲρ
1375 3083 1470 3134 τῆς
1517 3071 1710 3144 λεπρὼ-

99 3201 210 3242 σης
259 3179 654 3254 ἁνθρωπότητος
702 3175 726 3225 6
785 3175 1047 3231 Δεσπότης
1110 3166 1414 3240 ἐσταυρώθη
1455 3163 1709 3234 Χριστός,

95 3279 204 3331 τῆς
233 3272 326 3342 μὲν
361 3271 554 3341 σαρκός
594 3261 877 3336 δεξαμένης
916 3263 1003 3313 τόν
1036 3260 1274 3320 θάνατον,
1309 3262 1402 3314 τῆς
1434 3249 1492 3305 δὲ
1524 3253 1716 3306 Θεότη-

95 3378 196 3421 τος
245 3358 654 3428 οἰκειωσαμένης
695 3355 754 3404 τό
809 3359 904 3412 τῆς
951 3348 1346 3422 ἀνθρωπότητος
1387 3342 1553 3401 πάθος
1581 3357 1592 3368 ’
1626 3341 1715 3389 καὶ

93 3451 346 3520 καθάπερ
401 3441 558 3497 ὕδατι
625 3443 838 3514 καθαρῷ
905 3446 993 3490 τοῦ
1053 3439 1334 3508 σφαγέντος
1383 3431 1609 3506 όρνιθίον
1657 3429 1716 3478 τό

97 3540 246 3610 αἷμα
297 3537 628 3608 μιγνύμενον,
683 3535 773 3582 καὶ
825 3525 1064 3601 κεδρίνου
1119 3523 1268 3587 ξύλου
1323 3525 1410 3572 καὶ
1464 3521 1715 3571 ὑσσώπου

93 3632 196 3680 καὶ
252 3627 496 3676 κοκκίνου
556 3619 910 3690 κεκλωσμένου
977 3613 1424 3690 περιρραινόμενος
1476 3609 1502 3659 6
1558 3605 1718 3658 καθα-

95 3717 386 3790 ριζόμενος
453 3712 636 3782 λεπρὸς
713 3708 946 3780 λαμπρός
1017 3723 1072 3756 τε
1139 3707 1228 3754 καὶ
1301 3701 1526 3771 καθαρὸς
1593 3693 1718 3748 ἀπο-

99 3803 404 3870 δείκνυται,
439 3800 600 3860 ούτως
638 3799 663 3850 6
693 3805 764 3868 τῷ
795 3801 994 3866 Σωτῆρι
1045 3793 1304 3844 πιστεύων
1357 3793 1572 3861 Χριστῷ
1625 3789 1716 3836 καὶ

95 3905 180 3966 τῷ
239 3901 334 3946 τοῦ
403 3893 658 3960 παναγίου
725 3888 1022 3956 Πνεύματος
1095 3877 1255 3932 ύδατι
1320 3879 1714 3949 καθαιρόμενος,

93 3989 196 4046 τὰς
241 3991 348 4036 τῶν
401 3979 788 4054 ἁμαρτημάτων
838 3971 1114 4026 ἀποϐάλλει
1151 3964 1376 4028 κηλῖδας
1403 3983 1416 3995 ·
1461 3963 1716 4037 σύμϐολον

97 4071 168 4128 δὲ
229 4075 291 4125 τὸ
347 4072 438 4142 μεν
489 4064 725 4142 κέδρινον
785 4063 954 4130 ξύλον,
1012 4068 1106 4121 τῆς
1163 4057 1396 4116 ἀπαθοῦς
1455 4055 1712 4112 θεότητος·

93 4166 358 4221 ἄσηπτον
415 4154 474 4210 δὲ
525 4159 584 4208 τὸ
643 4153 808 4218 ξύλον·
843 4154 901 4204 τὸ
953 4146 1012 4202 δὲ
1063 4153 1300 4200 κόκκινον
1361 4145 1416 4196 τὸ
1463 4141 1715 4204 κλωστόν,

91 4263 200 4315 τῆς
249 4249 308 4302 ἐκ
349 4247 536 4318 ψυχῆς
574 4248 665 4296 καὶ
699 4247 937 4314 σώματος
979 4238 1392 4312 ἁνθρωπότητος·
1427 4235 1484 4284 τό
1532 4227 1590 4282 δε
1627 4229 1722 4280 ύσ-

97 4360 310 4406 σωπον,
365 4345 462 4397 τῆς
513 4341 604 4387 τοῦ
653 4335 909 4401 παναγίου
959 4329 1256 4397 Πνεύματος
1307 4323 1622 4395 θερμότητος
1669 4336 1721 4369 τε

93 4437 196 4484 καὶ
257 4427 545 4497 εύοσμίας·
591 4419 684 4474 διὰ
729 4422 922 4472 τούτων
972 4418 1020 4468 οἰ
1072 4413 1449 4487 βαπτιζόμενοι
1494 4416 1590 4469 τῆς
1623 4405 1722 4478 ψυ-
1751 4455 1797 4508 D

1145 4507 1151 4508 ,
1228 4504 1239 4508 _
1409 4498 1443 4508 ,,
1543 4493 1577 4508 ,ιι
1702 4501 1720 4508 _

91 4527 280 4594 χικῆς
340 4513 754 4567 ἀπαλλάττονται
801 4509 990 4582 λέπρας
1025 4525 1036 4538 ο
1073 4507 1162 4554 καὶ
1218 4504 1247 4560 ἡ
1301 4498 1488 4556 κοτύλη
1532 4493 1590 4548 δὲ
1634 4501 1722 4546 τοῦ

93 4609 310 4670 ἐλαίου,
373 4610 464 4655 τοῦ
540 4603 899 4671 ῘΙνευματικοῦ
979 4593 1092 4646 ἐστι
1166 4593 1331 4664 μύρου
1405 4588 1720 4657 σημαντικὴ·

95 4695 272 4756 δηλοῖ
313 4690 376 4746 δὲ
421 4693 478 4743 τό
529 4689 892 4763 ἓπιχριομενον
937 4683 1104 4735 ἔλαιον
1147 4687 1218 4749 τῷ
1264 4678 1400 4748 ὠτίῳ
1449 4684 1521 4745 τῷ
1571 4669 1724 4742 δεξιῷ

91 4793 198 4840 καὶ
267 4790 332 4854 τῇ
394 4777 544 4848 δεξιᾷ
589 4781 733 4852 χειρὶ
772 4778 862 4826 καὶ
909 4781 980 4842 τῷ
1013 4767 1169 4838 δεξιῷ
1223 4763 1372 4834 ποδὶ,
1405 4767 1461 4816 τό
1507 4765 1596 4834 μὲν
1631 4765 1726 4818 τήν

93 4875 281 4931 ἀκοὴν
329 4877 440 4931 τοῖς
485 4865 672 4930 δεξιοῖς
721 4863 1051 4936 ἁφοριεῐσθαι
1097 4859 1310 4928 λογίοις·
1345 4859 1436 4912 τήν
1469 4849 1526 4904 δὲ
1570 4857 1728 4923 χεῖρα

91 4969 199 5018 καὶ
261 4963 354 5013 τόν
407 4954 568 5023 πόδα,
625 4961 739 5016 ταῖς
788 4949 987 5014 δεξιαῖς
1037 4947 1285 5020 πράξεσιν
1337 4941 1728 5010 ἐπιϐαλλόμενον

93 5053 168 5108 δὲ
209 5055 306 5103 καὶ
363 5055 424 5120 τῇ
485 5044 700 5120 κεφαλῇ,
750 5046 844 5100 την
897 5038 1174 5113 ἀφιέρωσιν
1223 5040 1315 5086 τοῦ
1359 5031 1572 5104 λογικοῦ
1623 5024 1796 5086 δηλοῖ·

93 5141 386 5195 ϐάλλεται.

89 5301 154 5336 τ’
189 5295 370 5353 Num.
396 5305 594 5352 xxxnv,
634 5291 688 5342 2.

1891 2889 2106 2957 Figura
2136 2890 2276 2941 sunt
2313 2880 2586 2940 salutaris
2611 2872 2934 2950 passionis.
2969 2873 3039 2926 Ut
3067 2865 3228 2923 enim
3260 2862 3480 2916 horum

1820 2977 1939 3033 alia
1983 2974 2338 3037 immolatur,
2392 2947 2631 3040 aliaque
2659 2965 2718 3020 in
2760 2958 3108 3030 sanguinem
3153 2947 3481 3008 immolata:

1748 3107 1789 3162 ρ
1819 3068 2106 3122 immersa
2117 3035 2554 3121 dimittebatur:
2553 3053 2717 3110 haud
2729 3051 2898 3108 aliter
2909 3061 3016 3120 pro
3033 3035 3485 3106 humanalepra

1825 3159 1854 3162 -
1977 3153 1988 3162 ·
2140 3153 2190 3162 τ·
2255 3150 2264 3160 ·
2307 3155 2316 3162 -
2547 3143 2742 3162 nam-—
2780 3151 3018 3162 ---ηρ-,ι
3043 3129 3284 3162 unum“
3327 3137 3478 3162 ηηην,

1823 3153 2110 3212 Dominus
2133 3150 2398 3208 Christus
2428 3143 2745 3202 cruciﬁxus
2773 3151 3021 3208 corpore
3041 3129 3288 3204 quidem
3323 3137 3478 3180 mor-

1823 3249 1939 3300 tem
1967 3241 2252 3312 suscepit,
2293 3236 2632 3305 divinaeque
2675 3233 2898 3286 naturae
2926 3215 3318 3280 humanitatis
3351 3227 3481 3285 pas-

1824 3334 2072 3390 sionem.
2101 3337 2181 3386 Ac
2211 3327 2388 3384 veluti
2427 3339 2602 3380 cruor
2639 3315 2954 3376 immolatae
3004 3311 3130 3366 avis
3161 3307 3480 3378 postquam

1825 3421 2043 3478 viventi
2064 3433 2233 3492 aqute
2265 3433 2396 3472 com
2407 3413 2616 3469 mistus
2637 3409 2848 3472 fuerat,
2871 3404 3177 3470 homoque
3203 3396 3478 3465 leprosus

1823 3511 1986 3582 ligno
2018 3507 2281 3571 cedrino,
2313 3505 2604 3575 hyssopo,
2623 3507 2923 3566 coccoque
2947 3499 3310 3558 conspersus
3335 3481 3479 3543 erat,

1827 3605 1967 3657 tunc
1985 3595 2248 3654 mundus
2264 3605 2574 3666 purusque
2593 3584 2908 3642 videbatur
2935 3597 2950 3646 ;
2980 3577 3066 3633 sic
3087 3573 3256 3647 quiin
3285 3567 3482 3627 Salva-

1825 3695 2014 3746 torem
2033 3687 2332 3741 Christum
2345 3679 2552 3746 credit,
2570 3680 2626 3732 et
2641 3672 2830 3730 sancti
2852 3667 3100 3742 Spiritus
3117 3675 3276 3734 aqua
3291 3672 3482 3746 purus

1824 3779 2019 3836 tactus
2050 3779 2158 3838 est,
2209 3786 2422 3828 omnes
2471 3745 2850 3840 peccatorum
2903 3753 3173 3814 maculas
3225 3745 3481 3822 projicit.

1827 3833 2108 3938 Exprimit
2129 3833 2360 3932 lignum
2383 3833 2694 3913 cedrinum
2717 3852 3020 3921 expertem
3043 3839 3264 3898 doloris
3277 3833 3484 3892 divini-

1828 3962 2002 4012 tatem
2032 3971 2047 4021 ;
2073 3953 2480 4021 incorruptum
2508 3944 2668 4000 enim
2699 3945 2785 3994 est
2821 3938 2935 3992 hoc
2959 3934 3186 4003 lignum
3219 3944 3232 3993 ;
3266 3938 3482 3981 coccus

1827 4061 1962 4100 vero
1999 4041 2196 4097 uendo
2240 4037 2552 4096 deductus,
2606 4025 3042 4086 humanitatem
3077 4034 3148 4074 ex
3194 4014 3398 4070 anima
3427 4013 3484 4064 et

1827 4146 2074 4204 corpore
2108 4125 2469 4189 conﬂatam;
2514 4121 2824 4190 hyssopus
2876 4109 3127 4182 Spiritus
3167 4099 3352 4157 sancti
3385 4111 3484 4154 ca-

1827 4192 2016 4278 lorem
2077 4221 2134 4272 et
2166 4213 2548 4269 suavitatem.
2604 4205 2698 4260 Sic
2753 4202 2825 4256 iis
2858 4198 2962 4271 qui
3000 4192 3381 4278 haptizantur
3409 4201 3484 4241 ex

1829 4275 2032 4367 anima
2063 4307 2230 4378 lepra
2249 4298 2534 4357 adimitur
2568 4313 2582 4360 ;
2611 4290 2808 4349 cotula
2833 4287 2968 4344 oleo
2989 4283 3168 4356 plena
3189 4275 3485 4348 signiﬁcat

1831 4397 2017 4454 sancti
2050 4371 2298 4466 Spiritus
2347 4386 2621 4460 gratiam,
2675 4379 2887 4436 illitum
2933 4387 3107 4444 super
3150 4371 3486 4424 extremum

1832 4457 2110 4543 auricula;
2128 4457 2374 4544 dextrte,
2413 4480 2468 4530 et
2496 4485 2675 4543 super
2727 4479 2978 4523 manum
3009 4459 3282 4516 dextram
3312 4457 3368 4508 et
3392 4465 3487 4522 pe-

2043 4575 2248 4630 oleum
2304 4539 2588 4622 ostendit:
2645 4556 2926 4614 Auditum
2969 4547 3216 4623 quidem
3268 4539 3482 4614 aperiri

1834 4664 2050 4721 dextris
2075 4657 2343 4730 eloquiis,
2381 4667 2630 4709 manum
2659 4661 2800 4702 vero
2827 4649 2882 4699 et
2908 4639 3122 4714 pedem
3155 4637 3310 4690 recte
3333 4630 3487 4685 facta

1835 4722 2270 4812 elaboraturos.
2317 4743 2532 4800 lllitum
2572 4742 2772 4794 autem
2806 4729 2986 4802 capiti
3021 4722 3230 4780 mentis
3283 4733 3490 4775 conse-

1837 4843 2164 4900 crationem
2195 4835 2511 4907 signiﬁcat.
2541 4827 2648 4894 Qui
2667 4829 2864 4881 autem
2909 4819 3182 4889 leprosus
3212 4822 3488 4882 perman-

1839 4932 1997 4996 serit,
2032 4945 2104 4984 ex
2135 4923 2394 4982 Ecclesia
2423 4919 2704 4992 ejicietur.

1844 5024 1870 5074 6
1907 5023 1996 5094 μέν
2051 5036 2132 5070 τοι
2181 5011 2452 5086 διαμείνας
2497 5007 2680 5078 λεπρὸς
2730 5001 2824 5064 ἔξω
2887 5003 2978 5056 τῆς
3047 4988 3357 5046 Ἐκκλησίας
3413 4985 3490 5038 ἐκ-

1687 5391 1912 5451 NOT/E.

353 5583 432 5631 Ex
463 5571 838 5630 Theodoreto
885 5582 944 5642 q.
1003 5569 1064 5620 t8
1103 5563 1164 5620 in
1208 5559 1390 5617 Levit.
1427 5561 1488 5613 T.
1536 5557 1729 5620 LXXX,

93 5673 174 5734 p.
213 5665 346 5709 322.

2081 5547 2164 5600 Ex
2207 5540 2572 5599 Theodoreto
2602 5539 2780 5609 q.19,
2832 5533 2893 5588 in
2942 5527 3123 5586 Levit.
3165 5527 3226 5582 T.
3277 5521 3483 5591 LXXX,

1833 5639 1889 5699 ρ.
1927 5639 2050 5677 ὄΖῦο
