4076 6202
224 287 356 345 1101

1036 285 1131 344 AD
1170 284 1725 347 AMPHILOCHIUM
1761 281 2091 355 QUIESTIO
2133 287 2784 351 CCLXXII-CCLXXIII.

3444 282 3588 357 ιιοε

222 412 376 488 ἀρετῇ
403 418 496 467 καὶ
527 412 735 472 αἰτήσει
763 412 1067 491 θαρῥοῦντες
1093 412 1175 467 ἐπὶ
1204 417 1299 474 τὴν
1332 420 1432 466 τῶν
1459 412 1813 487 ἀπορουμένων

1928 426 2051 470 non
2069 414 2269 487 nobis,
2303 417 2405 474 sed
2434 417 2596 477 illius
2625 422 2682 476 et
2705 419 2914 476 virtute
2935 422 2993 477 et
3013 422 3422 493 postulatione
3453 425 3586 483 freti

219 502 375 557 λύσιν
402 500 755 577 βαδιούμεθα.

296 592 370 665 β’.
414 599 564 668 Τρεῖς
607 594 632 644 6
678 591 898 655 παλαιὸς
940 597 1030 646 καὶ
1059 592 1210 655 καλὸς
1259 591 1449 655 ἐκεῖνος
1488 611 1650 667 γερων
1690 611 1819 667 προ-

220 684 389 743 κοπὰς
447 684 546 734 εἴτε
592 681 759 744 τάξεις
824 684 924 735 εἴτε
968 680 1224 755 βαθμοὺς,
1285 686 1382 735 εἴτε
1413 702 1462 736 τι
1505 681 1625 735 ἄλλο
1678 681 1818 755 φίλον

218 777 331 831 τοῖς
374 769 710 843 βουλομένοις
756 770 948 836 καλεῖν,
977 769 1025 823 ἐν
1071 779 1181 835 τοῖς
1223 780 1482 847 παροῦσιν
1511 768 1821 825 ἐκδιδάσκει

215 860 474 935 ῥήμασιν’
532 858 837 933 ἀμεριμνίαν
900 868 999 914 τῶν
1061 859 1109 913 ἓν
1184 860 1287 933 βίῳ
1334 866 1423 914 καὶ
1492 862 1567 923 οἷς
1615 862 1640 913 6
1708 859 1820 934 βίος

219 948 635 1021 συγκαταλύεται
717 952 1059 1025 πραγμάτων,
1119 956 1428 1024 προσευχὴν
1476 952 1678 1018 ἄοκνον,
1728 956 1817 1003 καὶ

220 1042 392 1111 τρίτον
449 1037 699 1114 ἐργασίαν
746 1039 937 1091 ἄσυλον
1008 1036 1249 1113 καρδίας·
1311 1043 1444 1094 ὥστε
1516 1038 1674 1101 δῆλον
1737 1041 1817 1094 ὅτι

222 1131 382 1201 μέσον
428 1128 668 1204 ἐκατέρου
724 1136 823 1181 τῶν
866 1129 1037 1203 ἄκρων
1086 1132 1115 1188 ἡ
1179 1134 1456 1204 προσευχὴ
1515 1137 1699 1183 κεῖται.
1756 1128 1813 1181 Ὀ

221 1222 393 1270 τοίνυν
439 1222 534 1276 τὴν
576 1217 880 1291 ἀμεριμνίαν
936 1223 1009 1291 μὴ
1058 1221 1382 1292 κτησάμενος
1428 1215 1552 1272 οὐδὲ
1598 1221 1662 1271 τὰ
1708 1217 1815 1291 ἔφε-

223 1306 319 1370 ξῆς
361 1304 459 1359 δύο
500 1304 721 1369 δυνατός
754 1306 868 1360 ἐστι
904 1308 1182 1380 μετελθεῖν.
1229 1308 1385 1362 Ἀλλὰ
1436 1313 1489 1360 τί
1535 1311 1593 1361 τὸ
1643 1310 1814 1361 ἐντεῦ-

224 1397 305 1449 θεν
333 1411 348 1464 ;
378 1399 448 1449 Τὸ
496 1400 650 1468 μέσον
689 1401 862 1449 τοίνυν
905 1398 1023 1457 ἦτοι
1070 1402 1163 1456 τὴν
1209 1401 1514 1471 προσευχὴν
1562 1401 1818 1471 μετερχό-

221 1503 370 1559 μενος
422 1484 470 1537 ἐν
513 1490 694 1559 μέσοις
731 1491 907 1559 γέγονε
948 1494 1055 1547 τοῖς
1100 1486 1292 1554 καλοῖς,
1338 1488 1433 1541 κοῖν
1485 1492 1644 1561 μήπω
1685 1490 1816 1563 πρὸς

218 1577 277 1628 τὸ
303 1572 781 1652 ἄκρονςὰναϐεϐἠκη
815 1584 914 1628 τῶν
944 1578 1173 1648 ἀγαθῶν.

294 1750 360 1823 γ’.
407 1752 647 1812 Ἐπότιξε
720 1748 771 1805 δ’

223 1838 359 1895 οὖσα
445 1844 474 1899 ἡ
553 1848 645 1894 τοῦ
701 1840 1024 1915 σελασφόρου
1082 1845 1335 1915 θεάματος
1388 1841 1658 1917 πλήρωσις
1726 1846 1817 1893 καὶ

222 1935 388 2004 τρυφὴ
442 1935 533 1983 καὶ
570 1932 679 1983 θέαν
724 1926 834 1983 εἶτα
876 1931 934 1983 οὐ
986 1936 1147 2006 μέχρι
1195 1934 1384 1993 παντὸς
1430 1938 1523 1983 τοῦ
1564 1933 1816 2003 θεάματος

222 2018 470 2094 ἐτρύφων,
516 2018 646 2072 ἀλλὰ
684 2023 814 2092 μετὰ
868 2027 1033 2073 ταῦτα
1078 2020 1230 2074 πάλιν
1282 2024 1335 2074 εκ
1375 2019 1601 2091 ἐκείνοις,
1656 2019 1707 2072 ἐν
1740 2020 1819 2079 οἷς

219 2114 307 2162 καὶ
348 2116 546 2184 πρώην.
594 2114 658 2162 Τί
703 2112 793 2181 μὲν
842 2110 930 2161 οὖν
974 2110 1036 2167 ἧν
1088 2114 1189 2184 πρὸ
1236 2118 1330 2171 τῆς
1376 2111 1568 2182 ὁρατῆς
1613 2117 1817 2183 μορφῆς

222 2197 270 2250 ἐν
308 2206 412 2259 τοῖς
458 2200 751 2272 ὁρωμένοις,
804 2195 921 2251 οὐδ’
969 2198 1103 2251 αὗτά
1154 2202 1219 2251 τὰ
1259 2199 1492 2273 ὁρώμενα
1539 2194 1817 2251 διδάσκειν

222 2284 497 2351 ἠδύναντο,
538 2290 711 2359 ὥσπερ
762 2289 934 2340 εἴωθεν
974 2290 1003 2346 ἡ
1053 2287 1171 2358 ὄψις
1200 2290 1265 2339 τά
1292 2287 1456 2341 πολλά
1501 2295 1600 2340 τῶν
1627 2288 1817 2361 ὁρωμέ-

220 2396 317 2427 νων
371 2372 697 2438 διδάσκαλος
768 2378 1029 2447 γίνεσθαι’
1079 2374 1204 2430 οὐδὲ
1248 2379 1350 2450 γὰρ
1417 2378 1480 2434 ἧν
1529 2384 1630 2428 τῶν
1684 2378 1818 2429 κατά

223 2469 377 2538 φύσιν
427 2470 518 2518 καὶ
572 2468 809 2524 συνήθων
845 2467 1132 2539 θεαμάτων,
1181 2466 1310 2519 ἀλλά
1349 2468 1514 2540 χάρις
1544 2464 1603 2525 ἧν
1655 2468 1685 2524 ἡ
1736 2463 1818 2517 δι-

224 2551 393 2607 δοῦσα
445 2557 505 2607 τὰ
533 2556 624 2627 μὲν
667 2555 810 2627 ὀρᾷν,
842 2557 909 2607 τά
948 2550 1006 2607 δὲ
1044 2559 1262 2630 κρείττω
1304 2556 1531 2608 ποιοῦσά
1577 2561 1678 2607 τῶν
1723 2551 1818 2607 διὰ

222 2652 316 2706 τῆς
346 2643 512 2715 ὄψεως
556 2642 914 2714 καταλήψεων·
947 2647 1033 2697 καὶ
1065 2647 1166 2719 γὰρ
1203 2641 1326 2697 οὐδὲ
1370 2645 1394 2696 6
1449 2647 1644 2706 ταύτης
1689 2646 1814 2716 ἡμῖν

218 2741 307 2793 τῆς
376 2731 672 2807 ἀπορρήτου
758 2741 952 2806 τρυφῆς
1019 2738 1108 2785 καὶ
1194 2735 1406 2807 θεωρίας
1488 2731 1812 2807 ἀρχιτέκτων

220 2820 382 2893 ἐφεῖτο
412 2826 500 2873 καὶ
533 2826 819 2894 συνεχώρει
877 2821 1129 2895 ἀκραιφνῆ
1184 2822 1460 2895 λαμϐάνειν
1503 2828 1598 2882 τὴν
1642 2825 1811 2895 μαθη-

218 2930 322 2968 σιν.
365 2909 496 2964 Ἀλλ’
542 2912 703 2983 ἔγωγε
771 2912 913 2983 πόθῳ
992 2916 1081 2965 καὶ
1135 2914 1284 2985 ἔρωτι
1362 2914 1543 2985 μαθεῖν
1596 2913 1808 2987 ἠρώτων

213 3000 368 3069 ὅμως,
428 3008 530 3059 πῶς
592 2997 658 3056 δὴ
710 3007 797 3051 νῦν
840 3001 866 3051 6
922 3010 1013 3060 τῆς
1059 3006 1319 3075 σωτηρίας
1398 3004 1543 3073 ἡμῶν
1591 3005 1681 3053 καὶ
1706 3010 1806 3052 τῶν

208 3088 374 3140 καλῶν
422 3090 685 3160 θεαμάτων
726 3088 1011 3162 αὐτουργὸς
1059 3090 1308 3163 ὑπάρχω
1363 3095 1453 3141 καὶ
1507 3091 1537 3147 ἡ
1591 3088 1804 3162 ἀπόκρι-
1834 3116 1876 3174 C

210 3197 288 3238 σις
340 3177 500 3250 ἔλεγεν
550 3176 599 3229 ἐν
646 3186 751 3237 τοῖς
802 3173 956 3238 ἰδίοις
1010 3181 1119 3250 μὲν,
1184 3176 1290 3230 ἀλλ’
1339 3178 1432 3230 οὐκ
1480 3177 1528 3230 ἐν
1574 3176 1651 3240 οἷς
1675 3180 1801 3250 ᾠκο-

205 3270 347 3339 νόμει
395 3270 489 3324 τὴν
538 3267 719 3341 ὅρασιν
762 3262 911 3319 εἶναι·
945 3270 1011 3319 τὰ
1048 3269 1262 3341 μὲνγὰρ
1311 3264 1371 3327 ἧν
1425 3266 1806 3342 φιλανθρωπίας

206 3361 296 3407 καὶ
330 3354 786 3427 συγκαταϐάσεως,
847 3358 912 3408 τα
970 3352 1028 3408 δὲ
1083 3364 1155 3427 τῷ
1208 3360 1278 3428 μὴ
1339 3363 1433 3417 τῆς
1486 3356 1673 3417 οἰκείας
1730 3355 1806 3420 ἐξ·

210 3446 461 3497 ίστασθαι
506 3448 701 3516 φύσεως
753 3447 812 3496 τὸ
851 3440 1022 3497 ἀίδιον
1067 3446 1435 3518 ὑπογράφοντα
1478 3451 1567 3498 καὶ
1618 3444 1809 3518 ἀμετά-

210 3532 409 3593 ϐλητον.
464 3531 588 3586 Εἶτα
636 3531 814 3591 ἐπειδή
867 3554 931 3606 με
1012 3536 1136 3607 πρὸς
1199 3537 1353 3605 φύσιν
1412 3532 1570 3607 ἀνῆγε
1628 3537 1808 3596 πάσης

209 3623 375 3695 ὄψεως
439 3626 528 3675 καὶ
587 3621 925 3693 καταλήψεως
995 3622 1523 3698 ὑπεραναϐεϐηκυῖαν,
1592 3626 1809 3678 ἐπυνθα-

209 3717 370 3785 νόμην
418 3714 492 3764 ἔτι
531 3707 961 3786 προσδιαπορών,
995 3714 1058 3773 ὡς
1088 3712 1146 3766 Εἰ
1166 3715 1315 3765 ταῦθ’
1346 3713 1505 3775 οὕτως
1549 3717 1683 3785 ἔχει,
1732 3718 1808 3775 τίς

211 3803 240 3860 ἡ
278 3799 427 3864 δεξιά
459 3804 647 3863 στάσις
675 3805 763 3853 καὶ
793 3798 1027 3874 καθέδρα
1073 3806 1162 3854 καὶ
1200 3804 1267 3854 τά
1305 3812 1405 3854 τῶν
1449 3801 1635 3855 ὑλικῶν
1682 3808 1810 3876 σχέ-

213 3909 338 3942 σεων
391 3895 480 3943 καὶ
532 3887 813 3943 διαθέσεων
873 3890 1132 3963 ὀνόματα;
1182 3895 1282 3943 ποῦ
1328 3893 1429 3965 γὰρ
1484 3893 1597 3964 ἔχει
1644 3899 1811 3945 ταῦτα

209 3985 391 4051 χώραν
443 3977 683 4050 λέγεσθαι
734 3978 782 4030 ἐν
839 3980 917 4039 οἷς
958 3984 1049 4031 καὶ
1094 3987 1192 4031 τῶν
1233 3980 1499 4053 ὁρωμένων
1537 3983 1603 4033 τὰ
1648 3980 1811 4034 πολλά

209 4068 314 4139 οὐχ
365 4071 545 4139 ὅρασίς
592 4067 753 4134 ἐστιν,
806 4066 934 4119 ἀλλά
982 4075 1080 4129 τῆς
1131 4073 1419 4140 φαντασίας
1458 4065 1806 4130 διατύπωσις·

208 4158 234 4209 6
267 4154 324 4210 6;-
373 4166 472 4210 τῶν
504 4157 731 4230 ἀποριῶν
772 4154 1025 4230 ἀκροατὴς
1071 4156 1339 4229 ἐπιτιμῶν,
1391 4160 1460 4220 ὡς
1489 4160 1640 4223 ἔοικε,
1673 4157 1810 4230 φιλο-

207 4246 485 4322 πράγμονα
536 4249 778 4298 ἔνστασιν
818 4250 907 4297 καὶ
960 4246 1054 4297 οὐκ
1093 4244 1184 4297 ἐῶν
1243 4244 1515 4299 ἀπολαύειν
1571 4254 1661 4299 τοῦ
1710 4246 1810 4307 ζη-

204 4339 451 4407 τήματος,
511 4342 741 4409 κρεῖττον
827 4335 990 4394 ἀκοῆς
1071 4337 1160 4407 ἔφη
1246 4338 1337 4393 τὴν
1410 4333 1663 4411 ἐρώτησιν
1719 4340 1806 4387 καὶ

203 4428 383 4498 καιρὸν
425 4424 610 4476 οἰκεῖον
643 4426 784 4496 ἔχειν
821 4428 915 4485 τῆς
960 4414 1354 4496 ἀποκαλύψεως.
1390 4425 1524 4497 Ἐγὼ
1568 4422 1624 4478 δὲ
1664 4424 1806 4498 φιλο·
1837 4468 1884 4524 D

202 4522 378 4566 νεικὼν
443 4515 517 4566 ἔτι
577 4518 666 4565 καὶ
732 4517 817 4565 τὸν
885 4518 1065 4588 καιρόν
1137 4534 1200 4588 με
1257 4521 1564 4587 συναγαγεῖν
1618 4534 1805 4587 παρεκ-

204 4602 357 4655 άλουν
414 4607 602 4674 καὶμὴ
637 4611 733 4664 τῆς
785 4601 951 4676 καλῇς
999 4601 1301 4676 ἀποστερεῖν
1349 4601 1581 4676 ἐφέσεως
1619 4604 1806 4667 ἐκεῖνος

210 4689 268 4745 δὲ
304 4699 392 4744 τοῦ
422 4691 704 4753 λυποῦντος
761 4694 831 4754 ὡς
877 4694 982 4744 οἷὸν
1010 4712 1064 4744 τε
1107 4696 1197 4744 καὶ
1238 4688 1621 4765 ἀδημονοῦντος
1671 4693 1805 4746 ἀπά-

204 4803 309 4853 γων
341 4785 483 4834 οὔπω
528 4784 612 4833 τὸν
652 4784 832 4857 καιρὸν
882 4781 1017 4852 ἔλεγε
1066 4787 1321 4854 παρεῖναι’
1368 4784 1511 4833 οὔπω
1553 4785 1653 4856 γὰρ
1683 4779 1807 4834 οὐδὲ

204 4873 262 4923 τὸ
293 4876 396 4944 πῦρ
441 4873 499 4922 τὸ
530 4874 625 4929 τὴν
670 4869 959 4944 ἀφθαρσίαν
1010 4868 1234 4923 ἀνάπτον
1283 4870 1332 4923 ἐν
1360 4877 1465 4931 τοῖς
1500 4871 1618 4923 καθ’
1666 4872 1805 4943 ἡμᾶς

205 4946 538 5032 ἀναφλέγεται
548 5001 559 5015 .

273 5228 338 5287 δ’.
384 5233 591 5289 Ταύτην
630 5226 717 5283 οὖν
764 5234 857 5289 τὴν
889 5230 1201 5289 ὀπτασίαν,ὁ
1229 5229 1380 5292 καλὸς
1434 5234 1524 5285 καὶ
1572 5232 1804 5304 φιλόθεος

198 5327 286 5374 καὶ
333 5320 552 5381 παλαιὸς
607 5319 799 5382 ἐκεῖνος
851 5318 1170 5392 ἀπαγγείλας
1226 5325 1388 5396 γέρων
1441 5321 1499 5373 οὐ
1543 5321 1802 5394 μεγαλαυ-

198 5418 305 5484 χεῖ,
362 5407 485 5464 οὗδέ
542 5416 763 5463 τοιαῦτα
820 5411 1120 5482 τεθεαμένος
1176 5408 1462 5485 ἐπαίρεται’
1530 5409 1658 5463 ἀλλά
1713 5417 1803 5464 καὶ

198 5503 412 5572 ἀγνοιαν
460 5500 626 5571 ἐαυτῷ
699 5500 992 5569 προσάπτει
1043 5498 1222 5571 λέγων·
1285 5499 1396 5551 Οὐκ
1439 5496 1564 5552 οἶδα
1612 5500 1656 5552 εἰ
1710 5504 1803 5553 σὺν

201 5598 271 5662 τῷ
302 5591 400 5667 χοῖ
441 5595 608 5642 ταῦτα
645 5586 890 5663 ὶθεάμην,
938 5589 1036 5641 εἴτε
1085 5588 1203 5643 καθ’
1249 5588 1436 5648 ἑαυτὴν
1482 5596 1577 5652 τῆς
1618 5589 1805 5663 ψυχῆς

850 1755 988 1826 ὅμως
1070 1750 1311 1825 διψῶντα
1392 1757 1481 1805 καὶ
1556 1752 1814 1827 πόρρωθεν
1845 1763 1891 1820 Β

1930 502 2011 560 ad
2036 504 2352 563 dubiorum
2392 508 2747 566 solutionem
2788 508 3195 581 procedimus.

1999 596 2052 648 2.
2093 596 2229 650 Tres
2260 597 2537 670 antiquus
2565 598 2659 656 ille
2697 601 3010 672 bonusque
3060 616 3243 657 senex
3310 618 3587 675 progresv

1931 680 2127 739 siones
2152 684 2230 741 ad
2257 685 2535 743 virtutem
2558 688 2678 744 sive
2705 689 2941 745 ordines
2969 689 3093 745 sive
3158 691 3382 759 gradus
3455 693 3582 750 sive

1929 772 2076 844 quid
2100 774 2264 831 aliud
2284 776 2583 849 appellare
2611 777 2813 843 libeat,
2846 779 2907 834 in
2932 777 3024 834 his
3048 777 3250 835 verbis
3294 780 3524 839 indicat
3567 801 3580 836 :

1927 860 2167 932 plenam
2193 878 2391 921 rerum
2412 865 2595 937 hujus
2617 867 2767 934 vitae,
2788 880 2929 923 cum
2956 867 3171 940 quibus
3212 872 3269 926 et
3288 869 3421 942 ipsa
3461 872 3583 929 vita

1927 950 2332 1026 simulinterit,
2357 953 2672 1024 incuriam,
2706 957 2980 1014 sedulam
2997 962 3177 1031 atque
3202 959 3581 1018 indefessam

1925 1042 2278 1109 orationem,
2298 1047 2353 1101 et
2382 1045 2551 1103 tertio
2584 1047 2933 1106 inviolatam
2951 1047 3149 1105 cordis
3165 1049 3581 1121 Operationsm

1922 1130 2083 1187 unde
2122 1136 2358 1189 constat
2396 1134 2660 1192 mediam
2690 1135 2843 1192 inter
2872 1140 3125 1209 utraque
3156 1142 3423 1197 extrema
3449 1152 3583 1196 ora-

1922 1219 2148 1277 tionem
2178 1237 2327 1278 esse.
2362 1224 2473 1289 Qui
2499 1224 2676 1294 igitur
2708 1224 3031 1296 neglectum
3069 1241 3271 1282 rerum
3325 1229 3582 1286 munda-

1923 1323 2135 1366 narum
2156 1326 2280 1368 non
2308 1314 2667 1385 possederit,
2698 1329 2809 1370 nec
2838 1314 3067 1387 reliqua
3100 1315 3218 1371 duo
3302 1318 3579 1390 persequi

1924 1403 2153 1472 poterit.
2168 1404 2382 1459 Verum
2409 1403 2557 1476 quid
2584 1403 2724 1460 inde
2741 1405 2770 1460 ?
2785 1404 3045 1461 Medium
3066 1405 3264 1477 igitur,
3309 1406 3581 1464 videlicet

1922 1490 2277 1555 orationem,
2360 1507 2639 1549 exercens
2690 1493 2753 1549 in
2813 1493 3030 1550 mediis
3084 1494 3313 1553 exsistit
3377 1496 3573 1563 bonis,

1920 1579 2201 1651 quamvis
2224 1580 2497 1639 nondum
2524 1582 2604 1639 ad
2632 1586 2964 1641 extremum
2993 1583 3293 1641 bonorum
3367 1601 3576 1644 assem

1923 1667 2089 1724 derit.

1994 1760 2046 1813 3.
2081 1759 2297 1815 Polum
2317 1773 2452 1816 vero
2474 1760 2705 1817 sitienti
2726 1761 2906 1819 dabat
2921 1761 3015 1818 vel
3037 1762 3266 1819 eminus
3289 1764 3575 1822 exsistens

1924 1846 2221 1920 splendidi
2246 1849 2566 1920 spectaculi
2604 1848 2871 1923 impletio
2909 1855 2968 1906 et
3023 1849 3340 1909 oblectatio
3398 1855 3577 1926 atque

1923 1936 2078 1993 visio
2121 1955 2135 2004 ;
2176 1937 2395 1994 deinde
2419 1953 2543 1995 non
2564 1939 2850 2012 usquead
2874 1939 3221 1997 universum
3267 1946 3576 2015 spectacu-

1922 2025 2049 2083 lum
2081 2026 2406 2084 deliciabar
2432 2045 2447 2095 ;
2481 2029 2587 2085 sed
2607 2033 2816 2101 postea
2843 2043 3049 2086 rursus
3070 2044 3237 2087 eram
3258 2031 3319 2087 in
3350 2031 3488 2099 illis,
3511 2033 3572 2089 in
3622 2054 3627 2063 -

1923 2118 2144 2191 quibus
2171 2120 2227 2173 et
2256 2120 2447 2173 antea.
2479 2118 2635 2184 Quid
2658 2118 2836 2191 igitur
2890 2122 3044 2176 esset
3088 2123 3224 2176 ante
3279 2120 3578 2179 visibilem

1922 2207 2179 2264 formam
2213 2206 2274 2262 in
2298 2206 2497 2273 rebus,
2521 2222 2677 2280 quas
2700 2207 2996 2274 videmus,
3031 2223 3107 2265 ne
3147 2209 3293 2282 ipsas
3330 2210 3578 2282 quidem

1924 2312 2037 2363 res,
2066 2312 2218 2368 quas
2238 2296 2535 2362 videmus,
2561 2296 2775 2353 docere
2799 2312 2910 2353 nos
2936 2302 3228 2369 poterant,
3254 2299 3404 2356 sicut
3431 2300 3580 2357 solet

1926 2384 2071 2441 visio
2083 2383 2414 2456 frequenter
2425 2398 2624 2442 eorum
2638 2398 2767 2457 qum
2782 2382 3406 2457 videntnrinterpretes
3421 2403 3573 2455 esse;

1923 2489 2119 2547 neque
2148 2474 2309 2530 enim
2334 2479 2460 2530 erat
2488 2489 2561 2530 ex
2587 2473 2656 2529 iis
2702 2475 3079 2546 spectaculis,
3122 2491 3252 2548 quze
3281 2478 3577 2536 naturalia

1922 2562 2218 2635 nobisque
2275 2562 2589 2621 familiaria
2643 2563 2954 2629 exsistunt,
3006 2562 3109 2620 sed
3185 2565 3379 2634 gratia
3426 2570 3572 2632 erat,

1921 2668 2057 2725 quae
2079 2652 2263 2709 dabat
2296 2653 2413 2708 alia
2434 2651 2678 2724 quidem
2708 2651 3014 2720 intuenda,
3043 2651 3158 2710 alia
3170 2670 3309 2711 vero
3341 2656 3577 2727 potiora

1921 2741 2229 2798 oculorum
2261 2741 2633 2814 perceptione
2669 2740 2963 2798 efficiebat
2988 2757 3003 2808 ;
3050 2743 3270 2799 etenim
3302 2758 3413 2800 nec
3443 2744 3576 2817 ipse

1919 2845 2153 2886 arcana:
2184 2828 2366 2901 hujus
2391 2828 2801 2886 oblectationis
2819 2833 2875 2887 et
2899 2830 3424 2904 contemplationis
3471 2848 3576 2890 no-

1920 2922 2054 2974 strae
2087 2923 2292 2975 auctor
2337 2918 2713 2991 permittebat
2779 2918 2869 2975 vel
2923 2920 3295 2977 concedebat
3345 2920 3571 2978 claram

1915 3006 2069 3062 illius
2092 3007 2329 3064 haurire
2354 3007 2780 3077 cognitionem.
2809 3007 2923 3064 Sed
2971 3023 3082 3077 ego
3130 3008 3328 3066 studio
3393 3013 3574 3083 atque

1915 3112 2120 3154 amore
2150 3094 2420 3151 discendi
2450 3095 2795 3152 sciscitabar
2843 3095 3249 3163 nihilominus,
3280 3096 3374 3153 ubi
3412 3114 3574 3155 nunc

1916 3184 2122 3241 salutis
2138 3189 2355 3240 nostras
2374 3184 2906 3257 praeclarorumque
2924 3184 3389 3256 spectaculorum
3406 3187 3573 3244 nobis

1916 3279 2125 3330 auctor
2154 3273 2457 3328 exstet.'Et
2495 3274 2806 3344 responsio
2853 3272 3093 3331 dicebat
3133 3290 3148 3331 :
3208 3275 3268 3331 in
3320 3276 3573 3350 propriis

1915 3361 2176 3435 quidem,
2207 3377 2328 3418 non
2349 3365 2550 3419 tamen
2576 3361 2635 3418 in
2662 3362 2881 3435 quibus
2900 3363 3261 3437 disponebat
3288 3365 3572 3422 visionem

1916 3468 2043 3508 esse
2076 3451 2237 3520 ;hzec
2268 3451 2428 3507 enim
2452 3456 2623 3508 erant
2642 3450 3026 3523 benignitatis
3056 3457 3113 3509 et
3142 3452 3526 3526 indulgentiae
3554 3474 3568 3525 ;

1914 3541 2164 3598 illavero
2195 3541 2578 3598 aeternitatem
2613 3543 2792 3613 atque
2840 3541 3387 3598 immutabilitatem
3418 3541 3573 3600 desi-

1916 3630 2206 3703 gnabant,
2238 3629 2403 3702 quod
2430 3646 2502 3686 ex
2528 3630 2771 3703 propria
2801 3645 2926 3686 non
2980 3630 3283 3687 recederet
3334 3636 3570 3689 natura.

1919 3718 2138 3776 Deinde
2156 3718 2253 3776 ubi
2269 3736 2352 3775 me
2369 3719 2449 3775 ad
2466 3723 2736 3775 naturam
2753 3718 2946 3775 evexit
2959 3717 3113 3775 omni
3130 3718 3355 3775 visione
3367 3726 3423 3776 et
3437 3736 3573 3777 con-

1919 3814 2029 3867 tem
2038 3809 2298 3882 platione
2314 3807 3150 3881 superiorem,interrogabam
3162 3808 3361 3865 adhuc
3385 3810 3504 3866 add
3513 3827 3574 3866 u-

1920 3899 2157 3956 bitans:
2187 3898 2241 3955 Si
2268 3899 2395 3954 haec
2423 3898 2505 3953 ita
2536 3914 2597 3953 se
2621 3896 2866 3964 habent,
2899 3913 3179 3971 quaenam
3206 3904 3292 3956 est
3330 3899 3573 3957 dextera

1919 3989 2091 4044 statio
2117 3992 2174 4043 et
2203 3987 2391 4043 sessio
2420 3990 2477 4042 et
2502 3986 2892 4042 materialium
2919 3985 3345 4043 habitudinum
3377 3988 3573 4061 dispo-

1920 4074 2732 4148 sitionumquenominaiUbi
2748 4074 2902 4130 enim
2916 4075 3039 4130 haec
3058 4073 3261 4131 locum
3276 4075 3496 4133 habent
3510 4081 3573 4133 ut

1920 4166 2211 4230 dicantur,
2243 4164 2297 4219 in
2338 4164 2558 4236 quibus
2588 4168 2644 4220 et
2678 4162 2866 4219 multa
2892 4179 3121 4230 eorum,
3176 4179 3306 4236 quae
3338 4163 3572 4237 conspi-

1919 4255 2176 4320 ciuntur,
2200 4269 2322 4310 non
2353 4251 2497 4308 visio
2526 4256 2685 4320 sunt,
2707 4251 2808 4307 sed
2828 4251 3276 4323 imaginationis
3303 4251 3569 4309 delinea-

1919 4343 2019 4400 tio.
2048 4340 2149 4399 Ille
2178 4341 2624 4398 dubitationum
2656 4340 2889 4397 auditor
2926 4341 3261 4414 increpans,
3336 4346 3399 4399 ut
3460 4358 3572 4414 par

1918 4437 2062 4499 erat,
2090 4430 2390 4488 curiosam
2413 4429 2763 4487 instantiam
2794 4444 2904 4486 nec
2924 4429 3039 4485 frui
3065 4447 3161 4487 me
3180 4430 3385 4488 sinens
3409 4448 3571 4504 quaa-

1918 4522 2123 4579 stionis
2151 4519 2463 4587 solutione,
2493 4535 2610 4575 non
2635 4535 2810 4592 posse
2833 4519 3041 4575 auditu
3063 4519 3288 4594 percipi
3326 4521 3573 4577 interro-

1915 4611 2215 4684 gationem
2256 4608 2469 4681 inquit,
2504 4625 2753 4681 eamque
2772 4609 3081 4682 proprium
3103 4607 3325 4666 habere
3351 4609 3571 4666 revela-

1915 4702 2087 4757 tionis
2117 4704 2380 4772 tempus.
2417 4701 2539 4769 Ego
2568 4714 2709 4755 vero
2741 4698 2941 4754 adhuc
2957 4697 3323 4755 contendens
3345 4704 3403 4755 et
3432 4715 3572 4754 con-

1914 4790 2067 4847 trahi
2122 4788 2266 4846 mihi
2322 4793 2559 4862 tempus
2622 4787 2917 4862 precabar
2958 4804 3069 4845 nec
3136 4803 3230 4843 me
3314 4788 3571 4844 honesta.

1913 4878 2235 4952 cupiditate
2266 4878 2549 4935 fraudari.
2574 4877 2671 4934 llle
2695 4882 2896 4934 autem
2926 4876 3218 4946 dolorem,
3259 4893 3378 4949 qua
3408 4882 3572 4951 pote-

1913 4974 2023 5038 rat,
2062 4967 2524 5041 mcestitiamque
2561 4966 2770 5024 levans
2798 4967 3073 5023 nondum
3095 4966 3309 5024 adesse
3334 4965 3571 5023 dicebat

1914 5062 2189 5130 tempus;
2221 5057 2491 5113 nondum
2530 5056 2692 5112 enim
2720 5055 2896 5127 ignis,
2959 5055 3064 5129 qui
3118 5053 3570 5129 incorruptibili-

1912 5149 2095 5204 tatem
2124 5146 2403 5220 impertit,
2450 5147 2601 5202 inter
2624 5160 2736 5202 nos
2776 5143 2962 5201 ardet.

1982 5239 2035 5294 4.
2080 5239 2242 5293 Hane
2270 5236 2447 5307 igitur
2474 5234 2769 5293 visionem
2788 5235 2988 5292 bonus
3042 5234 3159 5302 ille,
3210 5235 3348 5308 pius
3387 5237 3567 5308 atque

1915 5325 2192 5398 antiquus
2222 5341 2403 5381 senex
2432 5324 2748 5382 enuntians
2776 5340 2900 5382 non
2913 5341 2975 5382 se
3002 5324 3321 5396 magniﬁce
3359 5325 3563 5397 jactat,

1914 5430 2022 5472 nec
2053 5431 2114 5471 se
2143 5415 2308 5488 quod
2334 5414 2463 5471 haec
2490 5414 2702 5472 viderit
2738 5415 2980 5482 extollit,
3022 5414 3128 5473 sed
3175 5420 3230 5473 et
3289 5416 3567 5487 ignoran-

1916 5506 2059 5562 tiam
2089 5504 2199 5561 sibi
2226 5503 2431 5560 tribuit
2460 5504 3106 5577 inquiens:Nescio,an
3134 5521 3278 5562 cum
3318 5518 3564 5575 corpore

1917 5596 2150 5650 terreno
2169 5592 2294 5649 haec
2307 5592 2583 5659 intuerer,
2603 5608 2681 5651 an
2697 5609 2839 5653 vero
2861 5595 3069 5653 anima
3080 5610 3186 5669 per
3201 5608 3263 5650 se
3288 5592 3365 5651 ad
3377 5593 3563 5649 Deum
