4076 6202
245 306 385 362 “05

1035 308 1128 362 AD
1170 308 1717 366 APMHILOCHIUM
1757 309 2086 378 QUIESTIO
2127 311 2464 369 CCLXXlV-
2481 313 2810 370 CCLXXVI.

3474 317 3616 374 1106

251 404 479 458 ἐκέλευσε
538 401 596 458 δε
652 409 742 457 καὶ
791 409 881 464 τὴν
932 412 1155 476 γυναῖκα
1205 409 1538 459 συντίθεσθαι
1590 417 1653 480 τῇ
1716 407 1833 483 ἀρᾷ,

1953 425 2196 483 quoque
2243 415 2368 467 erat
2411 411 2526 468 ista
2577 412 2893 469 maledicta
2961 414 3282 470 scribenda
3340 432 3490 481 esse,
3557 425 3614 474 et

250 500 338 546 καὶ
381 494 580 566 λέγειν·
639 499 836 547 Γένοιτό
893 515 984 566 μοι
1012 515 1024 526 ’
1077 498 1274 566 γένοιτό
1327 514 1452 566 μοι·
1503 501 1592 549 καὶ
1636 507 1846 570 γραῖά,

247 604 330 635 ναι
359 580 418 636 δὲ
465 589 560 642 τὴν
608 585 738 656 ἀρὰν
779 583 1066 658 προσέταξε
1113 589 1202 636 καὶ
1256 583 1612 657 ἐξαλειφθῆναι
1642 584 1800 639 ὕδατι
1829 605 1841 616 ·

247 677 336 723 καὶ
395 679 527 724 πιεῖν
593 677 687 730 τὴν
731 679 956 742 γυναῖκα
1011 676 1070 724 τὸ
1115 671 1258 747 ύὸωρ
1287 691 1298 702 ·
1352 678 1599 750 πρότερον
1644 671 1703 728 δὲ
1750 681 1844 734 τὴν

248 762 436 812 θυσίαν
495 762 931 833 προσενεχθῆναι,
992 765 1260 814 τουτέστιν
1307 766 1364 814 τό
1415 765 1642 836 κρίθινον
1698 764 1843 817 ἀλευ-

241 867 370 922 ρον·
423 845 531 900 εἶτα
581 845 834 900 διδάσκει
861 852 929 911 ὡς
988 848 1154 910 ἀθῶος
1208 853 1298 922 μὲν
1352 847 1504 918 οὖσα,
1559 853 1706 923 ὑγιὴς
1755 875 1846 926 φυο-

239 937 608 1008 λαχθήσεται·
670 941 853 1008 ἔνοχος
924 935 981 991 δὲ
1037 935 1172 990 οὖσα
1240 945 1328 992 καὶ
1383 944 1710 1013 κρύπτουσα,
1778 951 1839 1015 τῇ

241 1031 398 1099 πείρᾳ
428 1027 724 1090 μαθήσεται
764 1035 860 1089 τῆς
908 1026 1039 1100 ἀρᾶς
1091 1033 1185 1086 τὴν
1236 1029 1417 1102 ἰσχὺν,
1471 1035 1561 1082 καὶ
1613 1039 1708 1092 τῆς
1739 1049 1843 1081 κοι-

241 1115 358 1176 λίας
417 1111 866 1190 διαρρηγνυμένης
917 1123 1006 1168 καὶ
1056 1125 1146 1170 τού
1199 1127 1371 1190 μηρού
1432 1116 1837 1182 διαπίπτοντος·

247 1201 321 1257 δι’
346 1205 413 1256 ὧν
451 1208 552 1279 γὰρ
585 1207 614 1263 ἡ
663 1207 916 1278 ἁμαρτία,
963 1203 1054 1258 διὰ
1097 1209 1292 1259 τούτων
1335 1210 1364 1266 ἠ
1408 1213 1664 1281 τιμωρία·
1698 1211 1753 1261 τό
1783 1205 1840 1262 δὲ

244 1297 470 1366 ἐνόρκιον
524 1296 657 1346 οὕτω
704 1299 942 1352 νοητέον·
992 1297 1112 1348 ὅταν
1141 1317 1220 1360 τις
1259 1294 1403 1350 δεινά
1445 1303 1530 1349 καὶ
1582 1297 1843 1356 ἀνήκεστα

243 1383 411 1455 πάθη,
444 1382 660 1435 εἰώθασί
701 1403 834 1446 τινες
883 1385 1119 1457 ὀμνύντες
1174 1385 1357 1458 λέγειν,
1419 1392 1502 1446 Μὴ
1557 1387 1842 1460 πάθοιμιᾶ

242 1473 268 1524 6
309 1469 454 1524 δεῖνα
479 1475 744 1525 πέπονθεν.

772 1577 1083 1624 ΕΡΩΤΠΣΙΣ
1124 1573 1304 1646 20g".

727 1667 1114 1742 ἁμαρτάνουσιν

891 1746 1147 1814 τιμωρίας
1169 1759 1184 1808 ;

235 1671 386 1728 Τίνος
476 1667 633 1720 ἕνεκεν
727 1667 1114 1742 ἁμαρτάνουσιν
1211 1671 1358 1733 εὐθὺς
1460 1671 1636 1744 ἐπάγει
1745 1675 1839 1735 τάς

1955 501 2128 570 aquis
2145 500 2463 567 deluenda,
2482 517 2670 574 aquas
2691 507 2886 558 autem
2903 503 3134 558 mulieri
3151 504 3610 576 exhauriendas,

1953 588 2244 660 priusque
2283 589 2654 646 oblationem
2705 591 2924 656 afferri,
2971 591 3026 646 id
3075 597 3164 647 est
3217 593 3614 649 hordeaceam

1953 676 2230 732 farinam.
2264 677 2488 733 Deinde
2511 681 2798 736 admonet
2821 679 3156 750 mulierem,
3183 681 3230 735 si
3257 681 3608 749 sitinnoxia,

1952 765 2314 822 incolumem
2341 768 2640 836 futuram;
2669 769 2762 824 sin
2789 775 2990 825 autem
3056 769 3321 826 obnoxia
3371 770 3612 842 culpam

1955 853 2122 921 celet,
2156 857 2512 928 experiendo
2544 858 2887 915 discituram
2915 875 3050 930 quae
3077 861 3150 913 sit
3182 859 3609 916 exsecrationis

1953 942 2064 1010 vis,
2084 949 2140 1000 et
2169 944 2400 1017 dilapso
2427 951 2624 1002 ventre
2651 947 2843 1002 femur
2871 947 3414 1019 putrefaciendum.
3445 946 3610 1003 Unde

1952 1032 2112 1088 enim
2142 1039 2478 1105 peccatum,
2521 1035 2734 1092 exinde
2765 1052 2964 1107 paena.
3005 1036 3438 1108 Jusjurandum
3467 1053 3608 1092 vero

1953 1120 2030 1176 ita
2073 1121 2528 1192 intelligendum
2567 1129 2690 1179 est:
2726 1141 2863 1180 cum
2894 1125 3109 1197 aliquis
3151 1125 3310 1182 mala
3362 1129 3419 1181 et
3455 1125 3614 1182 insa-

1953 1209 2177 1267 nabilia
2196 1212 2536 1282 tulit,solent
2554 1213 2804 1286 quidam
2817 1230 2954 1270 cum
2969 1215 3364 1285 jurejurando
3380 1215 3572 1270 dicere
3593 1230 3607 1270 :

1954 1299 2189 1356 Utinam
2215 1317 2336 1358 non
2367 1301 2554 1359 feram
2577 1319 2710 1375 quae
2740 1303 2848 1358 iste
2877 1319 3196 1376 perpessus
3229 1309 3336 1360 est.

2155 1575 2466 1639 QUASSTIO
2505 1574 2804 1631 CCLXXVI
2839 1573 3022 1648 [Maio
3054 1575 3402 1647 CCLXXVI.]

1956 1674 2081 1729 Cur
2107 1689 2140 1726 a
2175 1673 2586 1742 peccatoribus
2620 1689 2811 1744 paenae
2839 1674 3040 1730 statim
3072 1680 3436 1743 expetantur
3466 1676 3605 1746 (75).

1071 1847 1224 1898 Edita
1247 1861 1280 1898 a
1303 1849 1441 1900 Maio
1465 1850 1520 1910 (Ι.
1549 1864 1594 1898 c.
1627 1863 1682 1914 p.
1715 1851 1824 1906 137,
1855 1849 1968 1912 138)
1991 1876 2052 1886 -
2087 1851 2164 1899 De
2197 1853 2344 1899 textu
2374 1850 2534 1900 Num.
2560 1865 2630 1906 xi,
2659 1851 2682 1898 1
2727 1864 2836 1914 seq.

309 1934 512 2008 Ἀρχὴν
561 1933 701 2007 εἶχεν
733 1937 758 1987 6
811 1940 988 2010 νόμος·
1025 1934 1131 1990 ἔδει
1175 1943 1345 1990 τοίνυν
1397 1947 1459 2012 τῇ
1515 1947 1615 1991 τῶν
1668 1959 1833 2012 παρα-

238 2023 514 2076 ϐαινόντων
589 2029 818 2099 τιμωρίᾳ
895 2027 1311 2100 σωφρονίζεσθαι
1389 2032 1507 2088 τοὺς
1586 2028 1828 2090 λοιπούς”

235 2109 485 2186 ἁρμόδιος
541 2115 642 2186 γὰρ
701 2121 806 2175 τοῖς
863 2113 1228 2188 ἀρχομένοιςὸ
1277 2117 1468 2188 φόϐος·
1529 2118 1835 2178 συνέζευκτο

232 2206 408 2274 μέντοι
495 2210 554 2274 τῇ
641 2207 870 2276 τιμωρίᾳ

961 2203 1351 2279 φιλανθρωπία’
1439 2206 1834 2279 μεταμελόμενοι

232 2293 334 2365 γάρ
415 2291 798 2366 φιλανθρωπίας
874 2293 1174 2352 ἀπήλαυον’
1262 2295 1452 2347 αὐτίκα
1540 2303 1666 2366 γοῦν
1743 2303 1834 2348 τοῦ

235 2379 482 2436 θεηλάτου
534 2383 700 2452 πυρὸς
756 2385 910 2456 μέρος
985 2402 1038 2434 τι
1091 2391 1182 2443 τῆς
1247 2382 1572 2458 παρεμϐολῆς
1638 2382 1836 2436 ἀναλω-

235 2487 444 2537 σαντος,
501 2466 614 2520 εἶτα
667 2471 872 2521 πάντων
929 2467 1438 2546 συνδεδραμηκότων
1497 2473 1568 2533 εἰς
1625 2469 1832 2538 δέησιν,

233 2561 426 2630 ᾔτησεν
471 2559 496 2609 6
549 2559 830 2630 νομοθέτης
880 2565 974 2618 τὴν
1021 2561 1239 2631 ἄφεσιν·
1292 2565 1531 2636 παρέσχε
1561 2557 1620 2613 δὲ
1671 2561 1833 2618 αὐτὴν

233 2648 258 2697 6
311 2645 672 2721 φιλάνθρωπος
722 2651 880 2709 Θεός·
951 2651 1031 2700 ὅτι
1085 2645 1144 2701 δὲ
1203 2649 1376 2710 αὐτοῖς
1432 2648 1728 2721 ἀναγκαίως
1780 2651 1834 2702 αἱ

231 2740 478 2808 τιμωρίαι
534 2735 808 2808 ἐπήγοντο,
881 2739 946 2788 τὰ
1008 2737 1126 2800 ἑξῆς
1192 2745 1476 2813 μαρτυρεῖ·
1530 2739 1680 2800 εὐθὺς
1731 2741 1832 2813 γὰρ

233 2827 364 2896 μετά
419 2829 507 2882 τὴν
562 2823 762 2876 παῦλαν
811 2833 901 2886 τῆς
951 2831 1222 2898 τιμωρίας,
1286 2835 1376 2887 τῆς
1425 2827 1692 2898 Αἰγύπτου
1742 2833 1833 2880 καὶ

233 2920 334 2964 τῶν
389 2912 436 2964 ἐν
515 2914 760 2985 Αἰγύπτῳ
807 2918 902 2972 τὴν
979 2919 1189 2986 μνήμην
1254 2914 1632 2968 ἀνενεώσαντο⁸
1693 2915 1834 2986 μάλα

233 3006 404 3054 τοίνυν
437 3001 643 3063 εἰκότως
676 3010 736 3074 τῇ
792 3005 996 3055 ἐκείνων
1041 3002 1338 3078 ἀχαριστίᾳ
1393 3009 1486 3062 την
1524 3006 1660 3056 θείαν
1711 3024 1828 3056 συν-

232 3090 336 3161 ῆψε
396 3090 690 3164 φιλοτιμίαν
749 3093 775 3143 ό
831 3097 1155 3165 συγγραφεύς
1221 3095 1285 3144 τά
1347 3098 1464 3167 περὶ
1516 3099 1608 3144 του
1663 3095 1830 3163 μάννα

2015 1941 2149 1996 Erat
2209 1939 2326 2010 legi
2383 1955 2664 2011 suprema
2721 1944 3046 2012 potestas:
3096 1955 3340 1996 necesse
3405 1941 3606 2012 igitur,

1945 2028 2194 2084 multata
2231 2028 2376 2098 legis
2421 2028 2762 2094 violatione,
2813 2028 3024 2084 docere
3081 2035 3325 2086 caeteros
3373 2031 3608 2103 sapien-

1945 2117 2107 2172 tiam.
2133 2118 2307 2174 Decet
2321 2117 2480 2173 enim
2506 2117 2778 2174 subbitos
2793 2117 2986 2173 timor.
3008 2119 3121 2174 Sed
3141 2118 3458 2190 conjuncta
3482 2124 3606 2176 erat

1943 2220 2082 2260 cum
2114 2221 2324 2262 amore
2375 2221 2571 2277 poena.
2607 2208 2766 2272 Quos
2804 2207 2963 2262 enim
3011 2208 3356 2277 paenitebat,
3398 2223 3606 2264 amore

1942 2293 2310 2350 fruebantur.
2337 2295 2542 2350 Statim
2572 2293 2749 2364 igitur
2778 2295 3050 2351 immisso
3081 2295 3239 2366 igne,
3260 2311 3605 2368 magnaque

1943 2383 2233 2438 exercitus
2271 2389 2443 2454 parte
2497 2389 2880 2456 consumpta,
2931 2384 3150 2439 deinde
3207 2384 3493 2442 omnibus
3525 2385 3604 2441 ad

1942 2472 2390 2544 deprecationes
2410 2473 2921 2540 concurrentibus,
2941 2473 3164 2545 peccati
3181 2474 3603 2530 remissionem

1941 2560 2264 2632 postulavit
2289 2559 2628 2632 legislator;
2679 2565 2736 2616 et
2763 2561 3014 2632 benigne
3063 2577 3098 2617 a
3130 2563 3246 2618 Deo
3279 2561 3600 2618 exauditus

1941 2656 2048 2706 est.
2099 2651 2318 2708 Judaeis
2361 2667 2573 2723 poenas
2605 2669 2678 2708 ex
2725 2654 3074 2710 necessitate
3113 2654 3424 2710 immissas
3463 2670 3602 2726 quae

1941 2746 2272 2812 sequuntur
2323 2741 2755 2798 demonstrant.
2815 2742 2924 2798 Vix
2969 2743 3129 2798 enim
3185 2743 3368 2814 priori
3407 2759 3604 2814 paenae

1939 2829 2076 2885 ﬁnis
2119 2835 2262 2896 erat,
2321 2846 2507 2902 quam
2563 2832 2882 2904 [Egyptum
2923 2832 3396 2888 recordarentur.
3431 2833 3604 2888 Haud

1937 2918 2436 2989 immeritoigitur
2473 2919 2792 2976 historicus
2822 2937 2957 2976 cum
2991 2921 3227 2990 ingrato
3258 2923 3602 2976 Iudaeorum

1940 3008 2140 3062 animo
2165 3007 2432 3064 divinam
2459 3007 2688 3064 confert
2709 3009 3182 3065 muniﬁcentiam
3214 3025 3228 3074 ;
3251 3009 3313 3064 in
3334 3009 3432 3064 his
3463 3025 3601 3081 quaeI

1938 3095 2012 3150 de
2043 3111 2270 3152 manna
2297 3097 2578 3162 narravit,
2623 3097 2827 3152 dicens
2850 3097 3015 3153 illam
3041 3112 3164 3152 non
3189 3097 3388 3153 solum
3402 3097 3598 3169 panis,

233 3177 638 3252 διηγησάμενος,
669 3185 758 3232 καὶ
811 3181 890 3233 ὅτι
940 3183 999 3233 ού
1047 3185 1199 3253 μόνον
1245 3184 1406 3256 ἄρτου
1450 3186 1656 3254 χρείαν,
1703 3180 1828 3233 ἀλλά

1943 3183 2044 3240 sed
2089 3185 2272 3240 etiam
2311 3185 2507 3241 carnis
2558 3185 2693 3242 loco
2739 3185 2939 3241 fuisse.
3003 3189 3164 3242 Hanc
3217 3186 3377 3242 enim
3441 3186 3603 3242 mola

229 3273 319 3322 καὶ
375 3278 534 3341 κρεῶν
593 3268 854 3344 ἐπλήρουο
913 3270 1100 3328 ἣληθον
1147 3273 1246 3344 γὰρ
1295 3269 1342 3322 ἐν
1419 3277 1490 3340 τῷ
1538 3271 1682 3343 μύλῳ
1738 3275 1828 3323 καὶ

230 3355 434 3430 ἔτριϐον.
467 3357 516 3409 ἐν
560 3366 622 3431 τῇ
659 3361 760 3431 θύᾳ
787 3363 876 3411 καὶ
907 3358 1076 3430 ἣψουν
1118 3358 1168 3410 ἐν
1199 3367 1260 3432 τῇ
1298 3362 1476 3432 χύτρᾳ
1505 3364 1594 3411 καὶ
1625 3359 1827 3412 ἐποίουν

231 3443 548 3519 ἐγκρυφίας·
639 3445 840 3500 ἐκείνων
925 3444 984 3500 δὲ
1058 3447 1442 3520 ὀλοφυρομένων
1524 3447 1828 3519 χαλεπαίνει

231 3537 320 3606 μὲν
383 3535 408 3586 6
461 3540 729 3598 Δεσπότης
776 3540 926 3604 Θεὸς,
984 3533 1328 3609 δυσχεραίνει
1383 3533 1441 3590 δὲ
1489 3538 1514 3588 6
1561 3541 1828 3612 προφήτης

229 3627 317 3674 καὶ
355 3623 460 3694 βοᾷ
509 3623 706 3695 λέγων·
772 3647 792 3674 ε
827 3624 936 3678 Ἰνα
981 3631 1033 3677 τί
1087 3625 1354 3688 ἐκάκωσας
1404 3629 1489 3678 τόν
1543 3627 1830 3698 θεράποντά

233 3731 346 3777 σου,
380 3717 470 3765 καὶ
528 3709 676 3765 ὃιατί
717 3713 822 3786 οὐχ
875 3714 1068 3786 εὕρηκα
1119 3717 1282 3790 χάριν
1335 3714 1546 3767 ἐνώπιόν
1580 3735 1674 3767 σου
1723 3714 1830 3766 ἐπι-

233 3802 394 3853 θεῖναι
423 3822 514 3874 μοι
558 3807 652 3860 τὴν
705 3804 872 3875 ὁρμὴν
937 3811 1028 3856 τοῦ
1069 3803 1196 3855 λαοῦ
1245 3806 1432 3856 τούτου
1488 3801 1564 3856 ἐπ’
1596 3803 1716 3876 ἐμέ;
1755 3809 1825 3875 μὴ

229 3888 330 3958 ἐγὼ
357 3889 404 3942 ἐν
440 3897 636 3966 γαστρὶ
682 3891 862 3944 ἔλαϐον
892 3896 976 3945 τόν
1029 3892 1149 3944 λαὸν
1207 3899 1384 3944 τοῦτον
1418 3909 1431 3958 ;
1471 3914 1489 3941 ι
1550 3899 1640 3944 καὶ
1671 3893 1788 3955 ἑξῆς
1811 3910 1825 3922 ·

230 3975 496 4038 δεδήλωκε
539 3978 634 4033 διὰ
658 3984 851 4034 τούτων
901 3985 958 4033 τὸ
991 3980 1156 4042 ἀτελὲς
1202 3981 1369 4034 αὐτῶν
1399 3987 1488 4034 καὶ
1529 3979 1787 4044 νηπιώδες
1813 4003 1826 4015 ο

231 4067 507 4129 θηλάζοντι
561 4073 662 4143 γὰρ
731 4070 917 4131 αύτούς
983 4068 1282 4134 ἀπείκασεν,
1342 4069 1464 4121 ἄλλο
1518 4073 1608 4141 μὲν
1679 4066 1830 4121 οὐδὲν

228 4155 559 4232 ἐργάσασθαι
612 4157 902 4231 δυναμένῳ,
959 4158 1179 4230 ἐκϐυζᾲν
1235 4155 1292 4212 δὲ
1331 4163 1484 4230 μόνον
1537 4158 1829 4231 ϐουλομένῳ

229 4249 287 4298 τό
315 4245 483 4317 γάλα·
542 4245 722 4306 ἐπειδὴ
759 4244 816 4300 δὲ
868 4244 1074 4322 σφόδρα
1100 4245 1160 4305 ἧν
1192 4249 1257 4299 τὰ
1283 4248 1497 4321 ῥήματα
1525 4250 1591 4299 τὰ
1631 4245 1832 4319 δυσχε-

229 4340 510 4408 ραίνοντος,
553 4342 644 4390 καὶ
677 4339 744 4390 τά
774 4337 892 4400 ἑξῆς
937 4339 1035 4408 γὰρ
1068 4345 1247 4388 τοῦτον
1275 4338 1388 4407 ἔχει
1435 4340 1520 4388 τόν
1549 4343 1688 4400 νοῦν,
1739 4333 1829 4388 δι-

232 4419 489 4478 δάσκεται
537 4428 680 4500 παρὰ
711 4434 802 4478 τοῦ
852 4429 1116 4478 Δεσπότου
1168 4433 1322 4492 Θεοῦ,
1378 4427 1448 4486 ὡς
1503 4425 1595 4477 οὐκ
1637 4423 1829 4498 ἀνθρω-

228 4519 350 4585 πίνη
399 4511 638 4586 δυνάμει,
675 4517 786 4587 θείᾳ
843 4511 903 4566 δε
956 4517 1140 4588 χάριτι
1172 4516 1257 4566 τὸν
1299 4513 1421 4565 λαὸν
1451 4513 1702 4588 κυϐερνᾷ·
1737 4517 1828 4586 ἔφη

229 4605 332 4676 γάρ
357 4619 370 4633 ·
407 4623 432 4654 ε
463 4605 728 4676 Συνάγαγέ
757 4624 848 4676 μοι
880 4601 1243 4676 ἐϐδομήκοντα
1271 4600 1466 4677 ἄνδρας
1487 4620 1498 4632 ·
1535 4623 1558 4654 »
1587 4601 1697 4656 εἶτα
1720 4605 1830 4676 μετ’

231 4692 414 4764 ὀλίγοι⁵
455 4713 483 4744 (ι
517 4697 616 4746 Καὶ
667 4691 831 4765 ἀφελῶ
860 4692 961 4744 ἀπό
1012 4701 1102 4745 τοῦ
1150 4699 1439 4764 πνεῦματος
1467 4699 1558 4744 τοῦ
1597 4692 1680 4744 ἐπὶ
1723 4698 1827 4757 σοὶ,

228 4787 316 4834 καὶ
368 4781 606 4840 ἐπιθήσω
658 4781 738 4834 ἐπ’
796 4783 1014 4844 αὐτούς·
1071 4785 1160 4834 καὶ
1210 4780 1660 4852 συναντιληψομαι
1701 4783 1832 4853 μετά

232 4877 327 4924 σοῦ
359 4875 452 4928 τὴν
497 4872 662 4946 ὁρμὴν
713 4879 800 4924 τοῦ
845 4871 972 4923 λαοῦ
1029 4873 1237 4938 τούτου,
1285 4875 1374 4921 καὶ
1426 4869 1517 4921 οὐκ
1558 4873 1713 4930 οἴσεις
1742 4870 1831 4922 αύ-

226 4963 348 5022 τούς
390 4963 456 5012 σὺ
509 4965 692 5032 μόνος·
736 4981 764 5011 »
819 4962 1088 5032 μεμάθηκε
1122 4955 1180 5011 δὲ
1211 4955 1305 5012 διὰ
1351 4961 1544 5010 τούτων
1589 4967 1686 5010 τῶν
1746 4959 1830 5011 λό-

224 5068 329 5119 γων
369 5048 396 5099 6
435 5050 716 5118 νομοθέτης
760 5051 824 5110 ὡς
881 5047 1204 5120 ἀποχρῶσαν
1253 5045 1404 5099 ἔλαϐε
1457 5055 1516 5118 τῇ
1565 5047 1833 5119 οἰκονομίᾳ

225 5140 318 5195 τὴν
357 5140 519 5210 χάριν
541 5135 562 5169 ·’
612 5134 706 5190 διὰ
751 5145 906 5189 τοῦτο
937 5135 1071 5189 εἶπεν
1098 5158 1109 5168 ·
1163 5135 1356 5208 Ἀφελώ
1401 5133 1500 5188 ἀπό
1546 5144 1637 5188 τοῦ
1680 5139 1833 5188 πνεύ-

223 5231 388 5298 ματός
421 5245 514 5278 σου
540 5225 589 5278 ἐν
622 5231 741 5278 σοί·
784 5226 842 5279 ού
872 5229 970 5301 γὰρ
1006 5225 1270 5286 σπανίζων
1322 5224 1494 5298 ἑτέρας
1537 5221 1827 5298 δυνάμεως,

294 5349 341 5384 ³³
371 5348 544 5406 Num.
571 5364 655 5415 x1,
693 5353 776 5417 tl,
813 5353 900 5405 t2.
927 5349 974 5383 ⁸³
1001 5349 1174 5404 Num.
1202 5364 1282 5414 x1,
1317 5346 1505 5402 24-25.

1935 3272 2290 3342 frangebant
2320 3278 2377 3330 et
2423 3273 2690 3330 terebant
2717 3275 2778 3330 iu
2822 3275 3126 3340 mortario,
3160 3278 3216 3331 et
3261 3275 3602 3348 coquebant

1935 3361 1996 3418 in
2034 3361 2167 3428 olla,
2217 3367 2274 3417 et
2323 3379 2394 3418 eo
2442 3363 2686 3420 tortulas
2758 3363 3121 3420 efﬁciebant.
3186 3364 3454 3420 Graviter
3512 3364 3601 3420 la-

1935 3455 2267 3506 mentantes
2296 3451 2576 3522 objurgat
2599 3452 2887 3508 Dominus
2906 3453 3083 3522 Deus,
3121 3469 3190 3508 ac
3219 3453 3463 3508 moleste
3491 3451 3602 3509 fert

1935 3539 2061 3612 ipse
2094 3541 2404 3614 propheta,
2443 3540 2826 3598 exclamans:
2858 3561 2888 3593 (ι
2922 3543 3035 3598 Cur
3051 3541 3309 3598 afﬂixisti
3359 3557 3598 3598 servum

1937 3633 2108 3686 tuum
2136 3631 2163 3683 ?
2203 3631 2398 3696 Quare
2423 3645 2546 3685 non
2596 3629 2836 3686 invenio
2881 3630 3132 3700 gratiam
3161 3645 3366 3687 coram
3393 3635 3448 3686 te
3479 3630 3508 3685 ‘i
3533 3633 3601 3687 Et

1938 3733 2044 3774 cur
2067 3719 2402 3790 imposuisti
2430 3718 2663 3792 pondus
2683 3718 2940 3774 universi
2973 3719 3178 3791 pOpuli
3201 3719 3379 3790 hujus
3417 3735 3600 3792 super

1939 3823 2034 3862 me
2058 3808 2086 3862 ?
2115 3807 2394 3880 Nunquid
2435 3823 2548 3878 ego
2587 3807 2833 3880 concepi
2865 3823 3110 3864 omnem
3156 3808 3314 3864 hanc
3343 3809 3599 3864 multidi-

1937 3911 2076 3950 nem
2104 3897 2131 3951 ?
2157 3895 2248 3950 vel
2295 3897 2474 3965 genui
2519 3912 2653 3952 eam
2685 3897 2730 3931 ⁸³
2761 3896 2789 3949 ‘P
2813 3919 2840 3944 ι»
2894 3900 2950 3951 et
2999 3896 3248 3969 reliqua.
3305 3897 3400 3952 His
3429 3896 3598 3952 dictis

1936 3983 2284 4055 indicatque
2297 4001 2352 4039 m
2367 3983 2665 4056 simplices
2683 3985 3058 4056 puerilesque
3073 3985 3340 4050 fuerunt;
3368 3985 3598 4056 sugenti

1937 4088 2122 4144 puero
2151 4073 2668 4144 illoscomparavit
2690 4073 2792 4144 qui
2819 4073 2962 4128 nihil
2993 4073 3156 4128 aliud
3185 4073 3378 4128 facere
3405 4077 3599 4144 potest

1939 4161 2050 4216 nisi
2091 4161 2182 4216 lac
2221 4177 2356 4216 cum
2407 4161 2763 4216 clamoribus
2813 4177 3158 4232 exposcere.
3212 4160 3358 4216 Cum
3393 4165 3594 4216 autem

1939 4249 2314 4306 vehementia
2337 4255 2538 4305 essent
2561 4249 2788 4320 Moysis
2815 4249 3178 4319 indignantis
3211 4250 3413 4314 verba,
3448 4265 3594 4305 nam

1941 4339 2252 4412 sequentia
2289 4340 2450 4394 hunc
2489 4355 2736 4394 sensum
2775 4338 3023 4406 habent,
3066 4339 3409 4394 admonitus
3435 4343 3522 4393 est
3561 4355 3597 4396 ει

1941 4429 2193 4484 Domino
2225 4429 2341 4483 Deo
2355 4427 2514 4482 hunc
2537 4427 2830 4500 populum
2847 4443 2967 4484 non
2993 4428 3261 4483 humana
3275 4432 3590 4500 potestate,

1942 4517 2038 4571 sed
2077 4516 2266 4586 gratia
2299 4515 2401 4570 Dei
2432 4515 2754 4586 gubernari
2785 4533 2798 4582 ;
2833 4516 2971 4571 dicit
2995 4515 3193 4584 enim;
3226 4537 3253 4568 ι(
3282 4519 3594 4586 Congrega

1943 4604 2084 4660 mihi
2119 4605 2686 4674 septuagintaviros.
2721 4625 2744 4656 ι»
2777 4603 3000 4660 Deinde
3021 4605 3199 4675 paulo
3223 4609 3393 4676 post:
3427 4627 3452 4656 ‹‹
3477 4608 3594 4660 Au-

1939 4693 2130 4750 feram
2155 4693 2228 4749 de
2273 4693 2484 4764 spiritu
2528 4692 2632 4765 qui
2671 4698 2758 4749 est
2790 4693 2848 4747 in
2883 4698 2954 4760 te,
2991 4693 3342 4765 tradamque
3389 4694 3496 4761 eis,
3538 4698 3595 4750 et

1939 4783 2286 4839 sustentabo
2301 4787 2490 4837 tecum
2510 4797 2661 4838 onus
2685 4781 2890 4854 populi
2915 4783 3115 4852 hujus,
3138 4787 3194 4838 et
3213 4799 3334 4838 non
3355 4789 3410 4838 tu
3427 4783 3591 4838 solus

1939 4868 2201 4939 graveris
2253 4869 2320 4921 ⁸³.
2376 4887 2400 4918 ι)
2463 4867 2558 4922 His
2608 4867 2800 4922 verbis
2827 4867 3109 4936 cognovit
3161 4866 3461 4937 legislator
3509 4883 3588 4922 se'

1939 4957 2334 5012 sufﬁcientem
2374 4955 2492 5011 vim
2533 4955 3026 5011 administrandae
3071 4957 3234 5026 genti
3293 4957 3592 5028 accepisse

1938 5045 2305 5116 Quapropter
2342 5044 2566 5099 dictum
2605 5049 2730 5100 erat
2763 5063 2774 5102 :
2818 5043 3099 5099 Auferam
3133 5045 3206 5099 de
3239 5045 3450 5116 spiritu
3491 5053 3592 5101 tuo

1938 5136 2000 5190 in
2043 5139 2112 5199 te,
2145 5149 2264 5189 non
2293 5132 2460 5205 quod
2492 5133 2647 5188 Deus
2689 5139 2930 5188 externa
2970 5133 3234 5203 potentia
3275 5133 3586 5203 indigeret,

1939 5239 2142 5280 verum
2164 5221 2250 5278 sic
2267 5221 2500 5277 locutus
2519 5225 2608 5276 est
2635 5227 2694 5277 ut
2720 5223 2962 5292 Moysen
2986 5221 3224 5279 doceret
3240 5239 3589 5280 concessam

1809 5489 2039 5546 ΝΟΤίΕ.

293 5617 408 5691 ('73)
435 5617 567 5691 Hinc
593 5617 846 5691 quaestio
871 5615 1134 5691 deest_1'_n_
1151 5615 1348 5691 codd;
1361 5615 1731 5691 poisliniano
1758 5619 1813 5670 et
1843 5611 2192 5671 Taurinensi
2226 5629 2239 5680 ;
2271 5615 2328 5668 et
2354 5611 2486 5684 ipsa
2503 5625 2746 5684 quoque
2771 5625 2839 5666 ex
2870 5609 3243 5670 Theodoreto
3273 5612 3590 5687 desumpta

222 5685 313 5745 est
333 5685 398 5766 q."
441 5690 504 5745 t8
534 5689 596 5745 in
613 5685 806 5748 'Num.
855 5690 914 5743 T.
947 5685 1160 5751 LXXX,
1193 5703 1251 5758 p.
1279 5685 1406 5744 370.
