4026 6206
475 269 614 326 1107

1687 268 1933 326 PHOTiI
1974 268 2460 328 PATRIABCHE
2501 272 2613 332 ΟΡ.

3706 277 3819 333 HO!

471 394 520 450 ei
573 393 758 449 fuisse
790 393 907 449 vim
935 405 1070 466 quas
1119 393 1196 450 ad
1227 407 1398 450 usum
1431 392 1860 467 suppeditaret.
1897 393 2116 450 Etenim

2239 394 2336 449 Ξιλλ⁹
2385 398 2572 452 ἐκεῖνον
2619 395 2896 453 διδάσκων
2954 401 3022 462 ὡς
3067 399 3257 474 εἰλήφει
3299 397 3521 473 δύναμιν
3573 400 3823 477 ἀρκοῦσαν

472 483 848 556 septuaginta
879 482 1014 538 viris
1045 482 1218 548 dans,
1252 499 1372 540 non
1403 483 1620 540 minuit
1648 483 1804 539 illius
1839 483 2112 553 gratiam,

473 577 537 628 ut
566 589 633 628 ex
679 575 892 627 eventu
927 575 1177 628 constat.
1212 573 1433 629 Eadem
1484 573 1643 630 enim
1693 572 2024 644 etimperio
2067 579 2121 629 et

470 661 770 718 miraculis
800 661 1078 733 pergebat
1105 677 1292 734 quam
1321 667 1516 719 antea.
1551 661 1722 730 Quod
1754 668 1809 718 et
1834 677 1944 718 nos
1975 678 2119 735 quo-

469 749 608 805 tidie
631 749 788 804 idem
821 749 944 806 ﬁeri
977 751 1267 816 videmus,
1302 751 1458 808 Multi
1487 753 1646 808 enim
1673 751 1750 808 ab
1779 767 1893 806 uno
1927 766 2121 807 sacer-

471 837 606 894 dote
654 838 956 909 baptizati,
1004 839 1101 894 alii
1142 858 1379 897 summo
1415 841 1726 898 sacerdote
1767 839 2117 903 consecrati,

469 942 808 999 munusque
848 927 1116 984 divinum
1174 929 1550 1000 accipientes,
1621 929 1864 986 minime
1923 929 2121 984 dantis

470 1017 746 1071 minuunt
767 1017 1030 1088 gratiam,
1052 1023 1107 1074 et
1125 1018 1233 1090 ipsi
1258 1019 1486 1075 donum
1503 1019 1781 1076 eximium
1799 1018 2119 1090 accipiunt.

471 1105 589 1159 Hoc
622 1109 864 1162 testatur
901 1105 1030 1178 ipse
1062 1107 1338 1164 Dominus
1378 1108 1529 1164 servi
1561 1108 1650 1163 sui
1682 1107 1992 1178 suffragio,
2028 1107 2122 1162 cui

472 1185 621 1249 dixit
651 1212 662 1253 :
701 1213 729 1244 «
764 1195 1070 1267 Congrega
1107 1213 1260 1268 quos
1295 1202 1356 1253 tu
1387 1196 1560 1254 nosti.
1595 1217 1622 1249 ι)

573 1462 904 1527 QU/ESTIO
937 1464 1266 1518 CCLXXVII.
1301 1464 1317 1533 [
1351 1465 1526 1519 Coisl.
1562 1461 1808 1529 CCXCII,
1848 1464 2022 1518 Taur.

1127 1534 1470 1605 ccrxxxu

477 1621 596 1677 Cur
617 1623 1036 1695 praescripserit
1069 1624 1222 1678 Dem
1250 1624 1644 1695 factiosorum
1674 1622 1988 1695 thuribula
2018 1621 2125 1677 cir-

855 1709 987 1749 cum
1028 1696 1226 1750 altare
1263 1694 1541 1750 distribui
1579 1694 1690 1765 (76)
1717 1696 1744 1748 ‘?

2229 494 2289 558 τῇ
2342 493 2522 562 χρείᾳ,
2567 495 2716 541 τοῦτο
2762 493 2854 563 ἔφη
2882 507 2894 522 ⁶
2925 492 3003 543 ὅτι
3047 494 3146 566 γὰρ
3179 496 3266 543 καὶ
3316 498 3425 553 τοῖς
3472 488 3830 563 ἐϐδομήκοντα

2230 573 2374 641 δοὺς,
2418 577 2512 629 οὐκ
2565 576 2779 651 ἐμείωσε
2827 581 3008 633 τούτου
3059 585 3146 638 τὴν
3194 581 3375 653 χάριν,
3434 582 3499 634 τὰ
3557 585 3832 654 πράγματα

2228 675 2513 740 μαρτυρεῖ·
2566 671 2631 720 τὰ
2689 669 2820 722 αὐτὰ
2865 672 2966 744 γὰρ
3027 675 3115 723 καὶ
3160 671 3439 742 οἰκονομῶν
3501 677 3596 723 καὶ
3645 674 3836 745 θαυμα-

2229 764 2462 830 τουργῶν
2507 753 2721 811 διετέλει
2745 759 2778 811 ἂ
2804 765 2893 812 καὶ
2937 765 3217 834 πρότερονο
3267 769 3421 813 τοῦτο
3448 767 3539 814 καὶ
3585 769 3672 812 νῦν
3709 765 3833 834 ὁρῶ-

2229 865 2320 919 μεν
2349 851 2607 919 γινόμενον
2631 869 2642 882 ·
2703 849 2881 902 πολλοὶ
2919 853 3019 924 γὰρ
3053 852 3150 903 ὑπὸ
3205 850 3314 913 ἑνὸς
3354 850 3633 924 ανθρώπου
3672 855 3838 926 ἱερέως

2232 936 2631 1008 βαπτιζόμενοι,
2686 938 2831 990 ἄλλοι
2887 936 2946 992 δὲ
3001 942 3141 1012 παρὰ
3187 939 3476 1016 ἀρχιερέως
3505 945 3843 1013 χειροτονού-

2232 1046 2394 1097 μενοι,
2427 1031 2516 1078 καὶ
2557 1031 2650 1085 τὴν
2693 1028 2831 1080 θείαν
2882 1025 3158 1101 δεχόμενοι
3191 1027 3409 1102 δωρεὰν,
3442 1033 3563 1082 οὔτε
3619 1033 3838 1102 σμικρύ-

2231 1130 2380 1167 νουσι
2410 1123 2499 1167 τοῦ
2539 1114 2851 1188 μεταδόντος
2903 1121 2994 1176 τὴν
3025 1119 3203 1192 χάριν,
3259 1123 3345 1170 καὶ
3376 1119 3527 1172 αὐτοὶ
3555 1124 3614 1171 τὸ
3654 1121 3841 1172 τέλειον

2235 1202 2524 1277 δέχονται⁹
2578 1209 2944 1280 μεμαρτύρηκε
3007 1213 3178 1278 μέντοι
3235 1211 3259 1260 ό
3307 1213 3580 1271 Δεσπότης
3633 1217 3725 1261 καὶ
3783 1217 3840 1280 τξ

2233 1302 2322 1346 τοῦ
2381 1297 2684 1369 θεράποντος
2735 1295 2932 1369 ψήφῳο
2979 1299 3070 1368 ἔφη
3130 1301 3226 1372 γὰρ
3282 1298 3457 1370 αὖτῷ·
3512 1320 3542 1348 ε(
3606 1299 3842 1362 Eli-551‘

2235 1384 2320 1446 οὖς
2344 1381 2518 1447 οἶδας.
2554 1407 2604 1440 ››.

2781 1481 3093 1529 ΕΡΩΤΗΣΙΣ
3134 1476 3284 1532 ΣΟΖ’.

2236 1622 2381 1670 Διατί
2466 1618 2777 1692 προσέταξεν
2863 1619 2888 1670 ό
2973 1622 3097 1680 θεὸς
3187 1622 3252 1670 τὰ
3317 1627 3414 1671 τῶν
3501 1629 3848 1672 στασιαστῶν

2398 1691 2588 1762 πυρεῖα
2615 1699 2686 1760 τῷ
2717 1691 3081 1765 θυσιαστηρίῳ
3110 1693 3350 1761 γενέσθαι
3377 1693 3666 1765 περίθεμα;

1032 1827 1183 1876 Edita
1207 1843 1235 1877 a
1267 1825 1404 1877 Maio
1433 1829 1489 1889 (1.
1527 1843 1570 1877 c.
1601 1841 1652 1891 p.
1686 1825 1793 1883 138,
1833 1823 1939 1883 139,
1968 1841 2019 1890 q.
2047 1825 2174 1886 287).
2204 1849 2265 1862 -—
2299 1823 2612 1888 Explanatio
2643 1827 2694 1873 in
2732 1823 2890 1876 Num.
2927 1839 3031 1881 xw,
3065 1825 3124 1875 37
3152 1839 3262 1888 seq.

548 1925 611 1978 Ut
636 1927 984 1993 coargueret
1021 1929 1241 1981 temere
1299 1926 1585 1981 adversus
1611 1923 2012 1982 sacerdotium
2042 1924 2126 1979 in-
2165 1925 2204 1978 B

471 2017 662 2083 cepta,
741 2029 963 2085 eosque
1021 2015 1397 2071 conﬁrmaret
1466 2016 1571 2088 qui
1627 2013 1810 2071 sacris
1878 2029 2126 2086 operam

471 2100 718 2160 dabant.
739 2105 856 2158 Hoc
875 2103 1032 2158 enim
1056 2103 1268 2160 edixit:
1295 2125 1322 2154 «
1347 2103 1675 2160 Commone
1692 2103 1842 2158 ﬁlios
1867 2102 2065 2166 Israel,
2099 2123 2120 2152 ι

473 2196 527 2246 et
556 2190 803 2263 reliqua.
835 2193 1239 2258 Quamobrem
1268 2194 1665 2263 germinatam
1693 2199 1888 2249 Aaron
1909 2193 2126 2264 virgam

473 2279 749 2336 collocari
804 2281 864 2336 in
924 2298 1057 2338 arca
1108 2283 1410 2356 praecepit,
1455 2286 1509 2339 et
1548 2297 1756 2338 rursus
1791 2281 2128 2338 sacerdotes

473 2385 642 2426 sacra
672 2371 884 2436 facere,
919 2376 973 2426 et
1007 2373 1226 2429 Levitas
1266 2372 1350 2428 eis
1394 2371 1862 2440 subministrare,
1903 2386 2011 2426 nec
2052 2369 2130 2426 ad

470 2459 674 2522 altare,
724 2475 833 2513 nec
864 2459 940 2514 ad
974 2477 1146 2517 sacra
1186 2460 1468 2517 accedere
1500 2477 1663 2517 vasa.
1700 2459 1918 2516 Deinde
1955 2460 2129 2516 docet

469 2562 600 2618 quae
658 2547 1065 2603 sacerdotibus
1126 2550 1282 2604 dono
1330 2550 1634 2605 darentur.
1683 2549 1924 2605 Oblatas
1969 2549 2128 2605 enim

469 2635 760 2706 primitias
787 2637 979 2705 panis,
1015 2641 1070 2691 et
1122 2637 1264 2706 vini,
1307 2643 1361 2693 et
1392 2639 1525 2702 olei,
1570 2643 1624 2693 et
1653 2638 1769 2693 cibi
1799 2655 1901 2692 eos
1935 2654 2130 2693 come-

469 2723 608 2778 dere
683 2725 1059 2796 praascripsit,
1135 2731 1190 2782 et
1237 2726 1354 2782 alia
1395 2742 1770 2799 quaecunque
1851 2727 2124 2782 donaria.

469 2813 800 2884 Posteaque
853 2813 1150 2870 decrevit:
1195 2833 1223 2864 ‹‹
1265 2815 1372 2871 Pro
1421 2815 1820 2888 primogenito
1865 2816 2126 2871 immun-

469 2898 674 2957 doruin
732 2901 1082 2958 animalium
1156 2903 1409 2976 pretium
1473 2921 1601 2960 esse
1675 2903 1835 2960 siclis
1897 2903 2126 2973 argenti

469 2991 753 3063 quinque,
787 2990 1051 3064 pondere
1097 2994 1441 3061 sanctuarii,
1477 2993 1657 3049 siclus
1683 2993 1892 3063 viginti
1919 2992 2127 3049 obolos

467 3080 690 3142 habet;
753 3081 1110 3137 mundorum
1152 3098 1293 3138 vero
1338 3081 1690 3138 animalium
1761 3083 2122 3152 sanguinem

471 3172 702 3244 tantum
735 3185 940 3226 eorum
972 3169 1221 3228 fundere
1249 3187 1422 3244 super
1453 3172 1635 3228 altare
1665 3175 1722 3226 et
1745 3171 1999 3228 farinam
2044 3171 2129 3227 of-

470 3241 639 3325 ferre,
675 3261 731 3314 et
763 3258 839 3314 ab
879 3259 988 3315 illis
1016 3277 1226 3316 carnes
1253 3241 1462 3332 accipi.
1501 3260 1661 3318 Sicut
1713 3261 2126 3333 pectusculum

470 3355 905 3415 consecratum,
940 3353 994 3404 et
1020 3365 1221 3405 armus
1258 3351 1484 3416 dexter,
1521 3354 1622 3405 tua
1649 3353 1821 3404 erunt
1846 3350 1913 3401 ⁸³.
1949 3371 1977 3402 ››
2014 3351 2130 3405 Hoc

474 3436 667 3492 foedus
690 3443 930 3507 pactum
955 3439 1094 3493 salis
1115 3439 1453 3511 appellavit,
1474 3440 1782 3510 quoniam,
1800 3437 2130 3494 secundum

471 3523 679 3578 divum
731 3525 1100 3596 Apostolum,
1131 3548 1158 3579 «
1211 3527 1317 3592 Qui
1377 3527 1551 3582 altari
1603 3527 1960 3591 deserviunt,
1994 3543 2130 3582 cum

471 3610 638 3667 altari
659 3613 1103 3683 participant".
1120 3637 1145 3666 »
1172 3622 1210 3669 Α
1236 3615 1603 3687 quibusdam
1623 3632 1864 3688 quoque
1877 3616 2095 3672 dicitur
2117 3638 2127 3668 :

475 3701 795 3772 Postquam
836 3701 896 3756 in
929 3702 1198 3759 victimas
1237 3704 1437 3774 spargi
1469 3703 1554 3759 sal
1599 3704 1974 3778 praescripsit,
2006 3711 2130 3760 tum

473 3789 652 3844 edixit
678 3795 732 3844 et
755 3790 1094 3846 sacerdotes
1115 3795 1171 3847 et
1194 3793 1418 3849 Levitas
1439 3809 1648 3849 omnes
1663 3794 1924 3849 decimas
1944 3793 2122 3849 Israe-

470 3877 542 3934 iis
575 3879 634 3933 in
668 3879 1110 3950 possessionem
1138 3881 1474 3951 habituros,
1501 3886 1557 3939 et
1581 3883 1845 3939 decimas
1884 3882 2030 3938 lucri
2063 3899 2131 3938 ex

473 3967 704 4035 ovibus,
752 3973 807 4024 et
840 3985 912 4025 ex
959 3967 1177 4034 bobus,
1221 3975 1277 4027 et
1312 3987 1380 4027 ex
1415 3975 1765 4039 mercatura,
1801 3979 1853 4027 et
1903 3989 1972 4027 ex
2016 3971 2131 4028 alio

472 4073 830 4130 quocunque
864 4058 1050 4115 lucro.
1094 4061 1379 4133 Praecepit
1415 4078 1656 4134 quoque
1688 4062 1913 4118 Levitas
1958 4078 1987 4116 e
2033 4060 2132 4116 de-

472 4148 640 4204 cimis
697 4148 960 4205 decimas
991 4149 1202 4205 offerre
1255 4151 1680 4207 sacerdotibus.
1723 4151 1899 4206 Jubet
1942 4167 2132 4206 sacer-

476 4237 644 4293 dotes
674 4237 956 4293 omnibus
984 4238 1132 4296 locis
1158 4239 1370 4296 harum
1404 4257 1597 4295 rerum
1630 4241 1757 4296 ﬁeri
1783 4240 2128 4312 participes,

472 4325 739 4399 ipsisque
763 4327 1056 4399 sepositas
1077 4327 1410 4384 hostiarum
1430 4333 1621 4401 partes
1645 4330 1802 4384 intus
1821 4330 1880 4385 in
1907 4329 2130 4401 templo

473 4415 806 4471 comedere.
848 4417 1154 4489 Vocatque
1204 4418 1460 4473 decimas
1506 4437 1532 4468 ((
1573 4417 1829 4474 Pretium
1885 4434 1992 4490 pro
2024 4420 2131 4473 mi-

474 4504 719 4560 nisterio
750 4521 871 4577 quo
922 4505 1146 4578 populo
1195 4506 1454 4561 serviunt
1484 4507 1568 4573 8°;
1608 4529 1626 4557 ι
1673 4507 1863 4572 vobis,
1913 4508 2124 4579 inquit,

2309 1924 2396 1986 Εἰς
2442 1923 2656 1995 ἔλεγχον
2705 1932 2802 1975 τῶν
2857 1926 2992 1975 κατὰ
3027 1932 3121 1996 τῆς
3179 1925 3463 1997 ἱερωσύνης
3521 1925 3854 1994 θρασυνοηπ-

2235 2033 2352 2077 νων,
2436 2018 2524 2064 καὶ
2602 2011 2886 2085 βεϐαίωσιν
2957 2021 3056 2064 τῶν
3125 2015 3404 2086 ἱερουργεῖν
3480 2019 3848 2084 τεταγμένων·

2235 2110 2387 2154 τοῦτο
2461 2105 2561 2175 γὰρ
2628 2105 2886 2173 ἐπήγαγεν
2981 2121 3010 2151 α
3106 2107 3452 2172 Μνημόσυνον
3535 2109 3649 2163 τοῖς
3716 2103 3852 2162 υἱοῖς

2238 2191 2468 2264 Ἰσραὴλ,
2505 2212 2530 2244 ))
2562 2196 2648 2244 καὶ
2699 2191 2848 2254 ἐξῆςσ
2906 2194 3092 2242 τούτου
3147 2194 3306 2262 χάριν
3357 2195 3446 2242 καὶ
3477 2193 3574 2246 τὴν
3609 2189 3853 2262 βλαστη-

2240 2299 2407 2334 σασαν
2456 2287 2547 2333 τοῦ
2611 2281 2810 2355 ’Δαρὼν
2858 2277 3056 2354 ῥάϐδον
3115 2279 3373 2338 ἐντεθῆναι
3431 2280 3723 2352 προσέταξε

2237 2369 2475 2440 κιϐωτῷ·
2537 2373 2622 2421 καὶ
2677 2368 2828 2420 πάλιν
2911 2366 3249 2440 ἐνομοθέτησε
3323 2371 3445 2428 τοὺς

2615 2462 2730 2517 τοὺς
2799 2455 2856 2509 δε

2241 2549 2604 2620 θυσιαστηρίῳ
2661 2551 2791 2619 μήτε
2839 2553 2944 2606 τοῖς
3000 2548 3152 2619 ἱεροῖς
3207 2545 3528 2606 πελάζοντας
3569 2548 3847 2597 nausa-1r

3525 2372 3618 2440 μὲν
3681 2369 3852 2441 ἱερέας

2241 2463 2542 2533 ἱερουργεῖν,
2615 2462 2730 2517 τοὺς
2799 2459 2856 2509 δε
2927 2460 3148 2518 Λευίτας
3204 2459 3501 2528 ὑπουργεῖν,
3561 2463 3697 2528 μήτε
3785 2466 3851 2525 τῷ

2240 2635 2351 2691 εἶτα
2379 2634 2628 2690 διδάσκει
2655 2642 2744 2688 καὶ
2776 2640 2890 2687 τίνα
2917 2640 3026 2708 χρὴ
3062 2638 3178 2694 τοὺς
3208 2637 3369 2706 ἱερέας
3398 2633 3681 2705 λαμϐάνειν
3711 2655 3725 2668 ·
3761 2636 3853 2696 τὰς

2237 2731 2338 2800 γὰρ
2388 2727 2528 2795 αὐτῷ
2583 2729 3005 2800 προσφερομένας
3061 2723 3312 2797 ἀπαρχὰς
3371 2728 3522 2775 σίτου
3573 2728 3662 2774 καὶ
3709 2728 3849 2775 οἴνου

2239 2821 2327 2869 καὶ
2380 2814 2550 2868 ἐλαίου
2622 2820 2710 2866 καὶ
2784 2817 2972 2887 ἄρτων,
3027 2813 3216 2873 αὐτοὺς
3286 2814 3476 2864 ἐσθίειν
3541 2814 3846 2885 προσέταξε,

2238 2912 2326 2958 καὶ
2375 2911 2550 2978 μέντοι
2615 2909 2704 2956 καὶ
2756 2906 2816 2956 τὰ
2889 2902 3194 2974 ἀναθήματα
3251 2907 3340 2954 καὶ
3415 2905 3482 2954 τὰ
3541 2908 3852 2973 πρωτότοκα

2238 3004 2336 3048 τῶν
2368 2999 2456 3068 μὲν
2509 2993 2812 3068 ἀκαθάρτων
2861 3001 3058 3050 κτηνῶν
3111 2995 3319 3064 ὁρίσας,
3372 2995 3439 3043 τα
3493 2991 3650 3065 λίτρα
3705 2997 3851 3044 πέντε

2241 3083 2429 3136 σίκλων
2470 3085 2685 3135 ἕκαστον
2739 3083 2869 3133 κατά
2918 3085 3002 3133 τὸν
3037 3081 3211 3133 σίκλον
3259 3086 3346 3132 τὸν
3378 3081 3550 3151 ἅγιον,
3596 3083 3647 3139 ὃς
3711 3080 3850 3132 ἐστιν

2240 3179 2404 3227 εἴκοσι
2436 3173 2609 3225 ὀϐολοί
2634 3191 2646 3203 ⁸
2692 3180 2792 3223 τῶν
2820 3167 2877 3224 δὲ
2909 3173 3148 3245 καθαρῶν
3197 3174 3540 3241 πρωτοτόκων
3594 3171 3743 3230 ζώων
3793 3174 3847 3221 τό

2169 3273 2209 3329 ρ
2239 3267 2327 3336 μὲν
2363 3264 2494 3335 αἷμα
2540 3263 2820 3333 ἐκχεθῆναι
2859 3263 3000 3335 παρά
3056 3265 3148 3318 τὴν
3202 3267 3291 3312 τοῦ
3339 3261 3692 3331 θυσιατηρίου
3749 3258 3846 3330 βά-

2245 3374 2344 3422 σιν,
2379 3357 2434 3405 τὸ
2469 3349 2526 3404 δὲ
2569 3370 2730 3423 στραρ
2784 3351 3220 3422 προσενεχθῆναι,
3265 3352 3328 3400 τὰ
3386 3345 3442 3400 δε
3493 3353 3624 3421 κρέα
3655 3349 3843 3408 αὐτοὺς

2241 3441 2516 3514 λαμϐάνειν
2541 3461 2552 3473 ·
2584 3443 2754 3514 ὥσπερ
2798 3436 2864 3496 δὴ
2898 3441 2953 3491 τὸ
2989 3440 3263 3496 στηθύνιον
3306 3442 3393 3489 καὶ
3428 3440 3514 3489 τὸν
3576 3437 3846 3509 βραχίονα

2243 3531 2342 3584 ἀπὸ
2391 3540 2489 3583 τῶν
2547 3529 2708 3582 ἄλλων
2766 3529 3006 3600 θυμάτων
3056 3531 3402 3599 κομίζονταιο
3462 3523 3732 3584 διαθήκην
3789 3523 3845 3576 δὲ

2243 3620 2363 3682 ἁλὸς
2411 3625 2502 3678 τὴν
2533 3622 2798 3671 κοινωνίαν
2831 3616 3096 3669 ἐκάλεσεν
3150 3612 3346 3681 ἐπειδὴ,
3409 3617 3550 3667 κατὰ
3597 3619 3686 3666 τὸν
3721 3616 3843 3666 θεῖον

2243 3709 2579 3777 Ἀπόστολον,
2633 3727 2661 3759 ‹‹
2719 3709 2782 3758 Οἱ
2835 3716 2907 3778 τῷ
2963 3708 3320 3778 θυσιαστηρίῳ
3389 3701 3836 3778 προσεδρεύοντες,

2241 3809 2312 3870 τῷ
2354 3801 2715 3870 θυσιαστηρίῳ
2773 3797 3214 3870 συμμερίζονται·
3268 3815 3295 3846 ι)
3364 3796 3498 3856 τινες
3545 3791 3608 3845 δέ
3672 3811 3835 3864 φασιν,

2243 3884 2422 3944 ἐπειδὴ
2457 3894 2572 3946 ταῖς
2619 3888 2830 3947 θυσίαις
2883 3882 3249 3935 ἐπιϐάλλεσθαι
3315 3885 3437 3942 τοὺς
3481 3881 3606 3940 οἶλας
3667 3884 3839 3956 προσέ-

2241 3978 2408 4042 ταξεν,
2453 3971 2562 4027 εἶτα
2595 3971 2842 4028 διδάσκει
2888 3977 2977 4025 καὶ
3020 3976 3136 4032 τοὺς
3168 3974 3328 4044 ἱερέας
3357 3976 3447 4022 καὶ
3475 3975 3595 4030 τοὺς
3627 3972 3838 4028 Λευίτας

2242 4070 2330 4117 καὶ
2376 4073 2473 4116 τῶν
2505 4062 2604 4115 ἀπὸ
2659 4071 2760 4135 γῆς
2808 4066 3067 4135 φυομένων
3116 4063 3208 4122 τὰς
3250 4057 3491 4125 δεκάτας,
3543 4065 3632 4111 καὶ
3667 4068 3757 4110 τῶν
3786 4055 3836 4108 ἐκ

2241 4159 2491 4226 ποιμνίων
2533 4157 2622 4204 καὶ
2679 4149 2965 4224 βουκολίων
3021 4153 3440 4225 προσγενομένων
3477 4145 3697 4221 κερδῶν,
3754 4149 3835 4197 καὶ

2241 4253 2338 4295 τῶν
2391 4242 2441 4305 ἐξ
2499 4242 2748 4314 ἐμπορίας
2803 4245 2887 4292 καὶ
2945 4239 3117 4312 ἑτέρας
3165 4241 3303 4299 τινός
3345 4241 3564 4311 χρείας·
3619 4241 3736 4296 τούς
3779 4231 3834 4286 δὲ

2242 4336 2465 4393 Λευίτας
2511 4340 2608 4384 τῶν
2653 4328 2882 4384 δεκατῶν
2938 4333 3030 4390 τὰς
3085 4325 3307 4388 δεκάτας
3375 4332 3683 4401 προσφέρειν
3733 4329 3832 4383 τοῖς

2243 4425 2465 4496 ἱερεῦσι·
2518 4427 2606 4474 καὶ
2658 4423 2850 4473 τούτων
2899 4422 2989 4491 μὲν
3037 4417 3085 4470 ἐν
3114 4423 3268 4470 παντὶ
3321 4422 3462 4486 τόπῳ
3515 4416 3701 4467 κελεύει
3748 4430 3828 4483 μεο

2238 4512 2616 4583 ταλαγχάνειν⁶
2678 4512 2744 4562 τὰ
2797 4506 2857 4561 δέ
2908 4528 2967 4580 γε
3016 4507 3068 4559 ἐκ
3109 4515 3206 4559 τῶν
3263 4509 3456 4558 θυσιῶν
3510 4505 3827 4576 ἀφωρισμέναι

475 4594 929 4661 aediﬁcantibus,
986 4595 1078 4652 vel
1123 4594 1526 4650 mercantibus
1575 4595 1666 4651 vel
1710 4596 1877 4651 domi
1931 4597 2127 4651 viven-

2240 4600 2435 4665 αὖτοίς,
2492 4596 2634 4651 ἔνδον
2686 4599 2872 4651 ἐσθίειν
2929 4595 2975 4648 ἐν
3023 4605 3092 4667 τῷ
3145 4603 3288 4665 ναῷ·
3341 4594 3490 4646 καλεῖ
3519 4591 3577 4645 δὲ
3628 4596 3710 4643 καὶ
3746 4592 3826 4646 τὰς

450 4676 653 4749 ἰὼυε,
683 4683 762 4738 illi
786 4699 894 4754 pro
919 4682 1084 4739 vobis
1113 4683 1394 4739 omnibus
1419 4684 1628 4739 sedulo
1649 4702 1781 4740 meo
1802 4685 2127 4742 ministerio

476 4773 754 4828 serviunt.
784 4775 903 4828 Hoc
926 4788 1166 4845 quoque
1192 4773 1330 4828 dicit
1357 4790 1370 4829 :
1397 4795 1424 4822 «
1455 4774 1605 4838 Quia
1633 4775 1882 4845 pretium
1911 4779 1997 4829 est
2021 4791 2126 4846 pro

478 4860 803 4918 ministerio
831 4862 877 4897 ⁸⁷
910 4882 936 4914 ››
989 4861 1153 4934 quod
1193 4862 1483 4934 praestatis
1528 4863 1585 4917 in
1633 4861 2017 4920 tabernaculo
2052 4868 2126 4918 te-

480 4949 762 5006 stimonii.

2239 4685 2463 4750 δεκάτας
2491 4708 2517 4740 (ι
2549 4689 2752 4742 Μισθὸν
2785 4686 2855 4748 εἰς
2903 4691 2995 4745 τὴν
3029 4693 3118 4738 τοῦ
3161 4685 3288 4736 λαοῦ
3320 4684 3559 4754 ὠφέλειαν
3581 4702 3594 4713 '
3628 4703 3654 4733 ››
3695 4682 3822 4749 ὑμῶν

2236 4781 2358 4851 γὰρ,
2390 4785 2566 4849 φησιν,
2626 4773 3038 4848 οἰκοδομοῦντων
3093 4775 3120 4834 ἦ
3180 4771 3652 4847 ἐμπορευομένωνξ·
3699 4772 3819 4819 οἶκοι

2239 4864 2541 4938 διαγόντων,
2591 4865 2734 4918 οὗτοι
2802 4864 2914 4917 ἀντὶ
2980 4865 3183 4917 πάντων
3238 4865 3379 4934 ὑμῶν
3524 4860 3615 4933 ἐμῇ
3668 4874 3817 4929 προσ-

2236 4951 2507 5030 εδρεὺουσι
2545 4954 2868 5027 λειτουργίᾳ·
2926 4962 3076 5006 τοῦτο
3106 4955 3204 5026 γὰρ
3266 4954 3356 5024 ἔφη
3387 4969 3399 4980 ·
3437 4971 3464 5002 a
3520 4952 3594 5002 ὅτι
3643 4947 3816 5018 μισθὸς

2235 5046 2375 5116 ὑμῶν
2407 5045 2551 5106 οὗτός
2582 5043 2741 5110 ἐστιν,
2783 5063 2809 5094 ι(
2849 5042 2959 5095 ἀντὶ
3018 5052 3116 5094 τῶν
3173 5041 3505 5114 λειτουργιῶν
3561 5040 3690 5110 ὑμῶν
3717 5041 3811 5084 τῶν

2236 5133 2281 5186 ἐν
2315 5141 2375 5207 τῇ
2410 5143 2572 5207 σκηνῇ
2604 5140 2693 5186 τοῦ
2723 5137 3031 5206 μαρτυρίου.

553 5302 600 5335 ⁸⁴
630 5303 804 5358 Num.
834 5318 918 5358 iu.
944 5305 1035 5362 47.
1067 5308 1160 5361 ⁸⁵1
1205 5308 1332 5362 Cor.
1361 5325 1437 5372 ix,
1474 5309 1564 5365 13.
1601 5312 1646 5344 ⁸³
1677 5309 1849 5366 Num.
1873 5327 2025 5375 xvm,
2060 5316 2110 5366 2.

2239 5311 2359 5367 bid.
2393 5314 2444 5366 3.

2083 5492 2124 5545 Ν
2133 5489 2308 5545 ΟΤᾹΞ.

552 5662 667 5737 (76)
695 5663 791 5719 Est
821 5657 1178 5719 Theodoreti
1199 5660 1352 5717 fetus
1383 5677 1445 5734 q.
1477 5665 1545 5719 34
1585 5661 1646 5719 in
1678 5665 1855 5724 Num.
