4076 6202
449 286 581 343 1111
1704 286 1941 343 ΡΗΟΤΙΙ
1980 285 2466 343 ΡΑἸἩΙΑΒΟΗᾹΞ
2504 286 2609 342 CP.

448 414 665 468 chorus
697 412 1309 469 celebravitdivinum
1340 413 1771 482 ergahomines
1803 429 2098 468 amorem.
2136 414 2180 467 A
2208 421 2299 466 τοῦ

452 524 475 552 ιι
512 503 704 557 Gloria
737 503 794 556 in
813 503 1060 557 excelsis
1089 505 1227 567 Deo,
1250 508 1307 557 et
1334 502 1393 557 in
1420 508 1572 557 terra
1595 519 1715 575 pax
1748 502 2100 558 hominibus

446 590 621 646 bonae
649 591 969 647 voluntatis
997 593 1065 645 ".
1111 613 1138 642 ››
1178 592 1874 648 Ριωιθτθᾶίιιεοωὶιιειιοε
1905 598 1961 647 et
1993 592 2104 647 vir-

3696 293 3836 345 U12

2389 421 2619 487 Σωτῆρος
2699 415 2843 484 ἡμῶν
2924 416 3270 484 γεννηθέντος,
3344 420 3507 489 χορός
3590 415 3831 487 ἀγγεῗιων

2211 505 2358 573 ὑμνεῖ
2423 508 2517 560 την
2578 505 2716 554 θείαν
2784 503 3168 574 φιλανθρωπίαν
3227 503 3364 575 βοῶν
3415 522 3428 533 ⁸
3490 524 3520 554 (ι
3574 506 3714 566 Δόξα
3782 506 3829 556 ἐι

2214 591 2455 661 ὃψίστοις
2489 588 2622 662 Θεῷ,
2654 596 2743 643 καὶ
2792 590 2874 643 ἐπὶ
2903 601 3003 662 γῆς
3044 593 3242 665 εἰρήνη,
3293 592 3340 644 ἐν
3400 592 3698 667 ἀνθρώποις
3748 594 3829 645 r3-

447 679 673 747 ginales
690 680 925 735 dolores
958 680 1195 736 Gabriel
1218 682 1579 753 praedixerat
1611 681 2097 751 archangelus,et

2213 677 2369 732 δοκία
2427 690 2439 712 ⁸
2498 706 2517 729 ο
2590 686 2680 731 καὶ
2738 684 2830 741 τάς
2885 680 3187 755 ἀσπάρτους
3246 680 3306 733 δε
3358 687 3444 733 καὶ
3503 682 3827 752 ἀλοχεὺτους

446 768 505 823 in
538 784 741 839 pugna
780 770 1063 825 adversus
1088 770 1397 825 diabolum
1430 775 1603 826 erant
1624 770 1981 841 angelorum
2024 770 2097 826 le-

2212 769 2408 831 ἐκείνας
2491 766 2684 829 ὠδῖνας
2780 769 3007 844 Γαϐριὴλ
3094 776 3397 845 προείρηκεν
3482 774 3507 822 ό
3608 771 3829 843 ἀρχάγ-

446 858 671 926 giones,
712 858 1058 931 dictumque
1084 864 1172 915 est
1202 878 1214 914 :
1254 882 1280 909 ιι
1314 862 1465 915 Ecce
1495 860 1688 931 angeli
1730 864 2105 915 accesserunt

445 950 501 1002 et
532 946 1025 1004 ministrabantei
1059 951 1127 1001 ’⁷.
1212 972 1239 999 »
1300 952 1364 1004 Et
1396 956 1531 1021 post
1608 950 2102 1005 resurrectionem

447 1035 663 1105 angeli,
698 1052 817 1107 prae
836 1038 1107 1109 sepulcro
1135 1039 1433 1102 sedentes,
1465 1037 2105 1093 nuntiantmulieribus

446 1125 681 1180 Domini
711 1126 1223 1182 resurrectionem.
1252 1129 1388 1183 Item
1412 1128 1629 1197 angeli,
1650 1128 1875 1183 Christo
1894 1126 1971 1181 ad
1991 1142 2105 1181 cce-

444 1213 569 1269 lum
600 1230 861 1279 reverso,
885 1232 1023 1272 cum
1055 1217 1343 1288 apostolis
1368 1217 1807 1288 colloquuntur.
1848 1214 2104 1285 Angelus

446 1302 713 1358 Cornelio
727 1320 1014 1376 magnum
1034 1306 1263 1361 Petrum
1284 1305 1587 1370 indicavit,
1610 1304 1859 1374 angelus
1879 1307 2103 1359 Petrum

447 1392 643 1447 eduxit
674 1409 932 1451 carcere.
957 1396 1086 1467 Ipse
1117 1396 1289 1451 divus
1320 1395 1537 1451 Paulus
1570 1411 1770 1450 secum
1814 1396 2106 1463 navigan-

446 1480 603 1536 tibus
633 1482 904 1539 dicebat:
947 1505 971 1534 α
1022 1486 1217 1540 Astitit
1277 1486 1437 1540 enim
1474 1485 1616 1539 mihi
1674 1484 1773 1539 Dei
1828 1484 2098 1551 angelus,

447 1570 613 1639 cujus
646 1588 779 1626 sum
808 1588 918 1641 ego
950 1574 1017 1637 ⁸⁸,
1048 1594 1076 1624 ι)
1110 1578 1165 1628 et
1195 1574 1383 1629 multa
1414 1573 1547 1629 alia.
1585 1576 1715 1628 Haec
1755 1574 1828 1627 de
1860 1571 2104 1627 creden-

446 1657 600 1711 tibus
632 1660 923 1730 propheta
955 1660 1255 1732 loquitur;
1310 1661 1404 1715 his
1462 1661 1733 1732 praadicit
1797 1660 2015 1724 verbis,
2047 1663 2104 1713 et

446 1746 645 1800 incred
658 1747 881 1802 ulorum
904 1765 1132 1820 poenas,
1155 1754 1211 1804 et
1248 1766 1404 1821 quas
1422 1750 1500 1806 ob
1520 1766 1739 1805 causas
1757 1749 2096 1821 punientur.

2211 1743 2268 1798 οὗ
2319 1747 2424 1817 εἰμι
2456 1764 2531 1796 ⁸))
2574 1752 2661 1798 καὶ
2708 1746 2871 1798 πολλά
2922 1755 3142 1799 τοιαῦτα
3174 1766 3186 1776 ⁸
3223 1748 3375 1800 εἰπὼν
3436 1745 3494 1800 δε
3550 1755 3672 1821 περὶ
3720 1760 3827 1801 τῶν

2210 859 2354 931 γελος
2389 876 2400 889 ⁸
2448 858 2542 909 κάν
2600 866 2671 928 τῷ
2729 862 2856 928 πρὸς
2898 863 2982 911 τὸν
3043 857 3286 912 διάϐολον
3351 859 3513 931 ἀγῶνι
3569 870 3825 935 παρῆσαν

2213 957 2312 999 τῶν
2377 947 2605 1018 ἀγγελῶν
2654 951 2702 999 οἰ
2766 945 2929 1019 δῆμοι
2986 964 2999 979 ⁸
3060 970 3087 999 (ι
3140 948 3515 1021 Προσελθόντες
3556 954 3682 1022 γὰρ,
3728 971 3826 1022 φη-

2217 1041 2318 1103 σὶν,
2391 1039 2439 1089 οἱ
2506 1036 2717 1107 ἄγγελοι
2788 1033 3065 1094 διηκόνουν
3140 1038 3280 1108 αὐτῷ
3335 1055 3349 1068 ⁸
3428 1060 3454 1090 ››
3522 1044 3613 1091 καὶ
3691 1044 3827 1111 μετά

2214 1130 2307 1184 τήν
2373 1126 2661 1177 ἀνάστασιν
2725 1125 2954 1196 ἄγγελοι,
3012 1135 3081 1195 τῷ
3136 1129 3280 1198 τάφῳ
3345 1124 3820 1202 προσεδρεύουσιν,

2215 1216 2657 1287 εὐαγγελιζόμενοι
2729 1222 2839 1275 ταῖς
2912 1216 3121 1285 γυναιξὶ
3187 1220 3281 1273 τὴν
3342 1214 3635 1268 ἀνάστασιν
3729 1224 3825 1269 καὶ

2213 1312 2316 1363 τοῖς
2368 1303 2673 1363 ἀποστόλοις
2721 1306 2852 1375 μετὰ
2908 1309 3002 1361 τὴν
3066 1304 3133 1364 εἰς
3190 1304 3442 1379 οὐρανοὺς
3498 1302 3687 1358 ἄνοδον
3730 1314 3825 1357 τοῦ

2213 1396 2508 1443 Δεσπότου·
2540 1397 2629 1443 καὶ
2686 1400 2757 1461 τῷ
2818 1391 3085 1463 Κορνηλίῳ
3152 1393 3371 1463 ἅγγελος
3427 1396 3493 1445 τά
3545 1398 3686 1446 κατὰ
3736 1400 3826 1446 τόν

2211 1485 2370 1551 μέγαν
2429 1484 2619 1553 Πέτρον
2683 1479 2907 1551 ἐμήνυσε
2939 1499 2951 1510 ⁸
2988 1486 3077 1532 καὶ
3134 1481 3290 1533 αὐτόν
3348 1486 3541 1555 Πέτρον
3580 1491 3679 1545 τῆς
3731 1505 3827 1555 γυ-

2210 1570 2374 1628 λακὴς
2424 1570 2641 1640 ἄγγελος
2685 1571 2905 1640 ἐξήγαγε
2969 1587 2981 1599 ⁸
3043 1574 3133 1621 καὶ
3177 1572 3202 1621 ό
3256 1573 3388 1631 θεῖος
3448 1571 3653 1632 Παῦλος
3712 1581 3826 1634 τοῖς

2213 1658 2563 1727 συμπλέουσιν
2626 1662 2715 1729 ἔφη
2767 1676 2779 1687 ⁸
2836 1682 2861 1707 ‹‹
2896 1658 3068 1729 Ὠρθη
3124 1680 3212 1729 μοι
3274 1668 3366 1712 τοῦ
3418 1668 3550 1713 Θεοῦ
3596 1661 3827 1731 ἄγγελος

448 1834 690 1905 PrOpter
722 1838 1070 1907 sanguinem
1102 1839 1363 1894 ﬁliorum
1396 1840 1541 1895 ultio
1600 1843 1843 1909 sumpta
1898 1842 2003 1901 est,
2044 1843 2100 1893 et

447 1930 643 1979 sumet
661 1926 940 1981 Dominus
953 1928 1022 1981 de
1040 1927 1293 1983 inimicis
1312 1929 1461 1994 suis,
1477 1928 1763 1999 justitiam
1795 1927 2096 1994 retribuet,

445 2014 648 2085 eisque
679 2015 780 2086 qui
812 2032 945 2070 eum
986 2016 1260 2082 oderunt,
1287 2022 1343 2073 et
1392 2016 1747 2089 expurgabit
1812 2017 2099 2072 Dominus

448 2110 662 2157 terram
687 2104 1021 2175 populisui.
1055 2105 1225 2160 Filios
1246 2106 1344 2161 Dei
1376 2106 1635 2178 appellat
1658 2110 1915 2171 sanctos,
1944 2121 2098 2177 quos

447 2192 1173 2250 trucidarunthomicidae.
1217 2194 1507 2267 Namque,
1538 2201 1600 2249 ut
1665 2195 2095 2267 prophetarum

446 2282 835 2336 mactationes
857 2283 1113 2338 omissas
1138 2284 1354 2339 faciam
1394 2288 1451 2339 et
1481 2284 1719 2339 Domini
1773 2284 2095 2339 salutarem

2208 1840 2621 1887 πεπιστευκότων
2662 1837 2687 1887 ό
2737 1842 3005 1908 προφήτης
3043 1844 3228 1904 ταῦτα,
3276 1837 3517 1909 προλέγει
3569 1844 3663 1890 καὶ
3720 1848 3828 1890 τῶν

2206 1923 2442 1976 ἀπίστων
2484 1928 2575 1986 τας
2623 1930 2877 1993 τιμωρίας
2908 1928 3119 1985 καὶτὰς
3151 1926 3319 1987 αἰτίας
3370 1923 3444 1977 δι’
3494 1926 3552 1986 οἷς
3612 1934 3829 1979 πείσον-

2207 2033 2291 2065 ται
2323 2032 2334 2043 ⁸
2366 2017 2458 2085 ἔφη
2491 2016 2590 2085 γὰρ
2627 2029 2639 2040 ’
2680 2033 2707 2065 ι(
2730 2013 2849 2065 ”Οτι
2880 2018 2936 2066 τό
2968 2016 3099 2086 αἷμα
3138 2023 3235 2065 τῶν
3267 2017 3390 2065 υἱῶν
3445 2016 3606 2067 αὐτοῦ
3664 2014 3820 2068 ἐκδι-

2206 2110 2393 2167 κεῖται,
2428 2108 2515 2154 καὶ
2568 2099 2860 2167 ἐκδικήσει,
2915 2109 3003 2155 καὶ
3054 2100 3419 2156 ἀνταποδώσει
3480 2101 3639 2162 δίκην
3708 2114 3823 2166 τοῖς

2208 2190 2440 2265 ἐχθροῖς,
2474 2196 2563 2243 καὶ
2620 2195 2727 2253 τοῖς
2782 2200 3031 2263 μισοῦσιν
3084 2193 3241 2245 αὑτὸν
3298 2190 3689 2261 ἀνταποδὼσει,
3730 2204 3829 2250 καὶ

2206 2280 2507 2333 ἐκκαθαιοεῖ
2555 2284 2745 2352 Κύριος
2790 2286 2879 2339 τὴν
2934 2290 3033 2351 γῆν
3081 2290 3172 2333 τοῦ
3216 2282 3343 2334 λαοῦ
3374 2282 3555 2334 αὑτοῦ.
3587 2304 3616 2333 ι)
3667 2286 3830 2346 Υἰους

443 2368 808 2441 passionem,
844 2377 1257 2427 mactaverunt
1312 2379 1369 2429 et
1432 2374 1718 2429 victorem
1786 2375 2093 2443 egregium

2208 2367 2266 2422 δὲ
2321 2377 2455 2422 Θεοῦ
2502 2370 2716 2427 κέκληκε
2768 2374 2885 2432 τοὺς
2936 2370 3115 2441 ἁγίους
3161 2371 3247 2431 οὖς
3291 2370 3483 2423 ἀνεῖλον
3525 2374 3573 2423 οἰ
3606 2380 3829 2444 μιαιφό-

447 2458 835 2527 Stephanum,
851 2465 906 2514 et
931 2460 1094 2529 ligno
1125 2461 1466 2517 occiderunt
1489 2478 1778 2531 maguum
1801 2461 2093 2517 Jacobum

443 2552 500 2600 et
539 2552 847 2601 sexcentos
885 2548 1056 2603 alios.
1100 2550 1362 2621 Denique
1395 2550 1610 2605 domos
1649 2566 1858 2605 eorum
1898 2550 2002 2621 qui
2034 2550 2094 2606 in

439 2636 758 2690 Dominum
790 2636 1133 2701 credebant,
1175 2638 1704 2710 depopulatisunt,
1741 2644 2093 2710 utpersaape

440 2724 617 2780 divus
642 2726 853 2782 Paulus
874 2728 1306 2784 Thessalonicis
1326 2730 1594 2785 scribens
1626 2734 1908 2786 testatur:
1934 2749 1961 2780 ιι
1978 2732 2094 2785 Vos

438 2814 953 2871 enimimitatores
975 2816 1113 2873 facti
1161 2818 1297 2873 estis
1357 2824 1698 2874 sanctorum
1764 2818 1870 2890 qui
1934 2820 2095 2874 Jeru-

444 2903 630 2959 salem
659 2910 821 2971 sunt;
856 2907 1001 2977 quia
1039 2907 1253 2963 eadem
1284 2906 1444 2979 passi
1476 2908 1615 2963 estis
1647 2913 1703 2962 et
1727 2924 1836 2963 vos
1859 2924 1895 2963 a
1955 2923 2095 2963 con-

441 2993 759 3049 tribulibus
793 2995 1023 3060 vestris,
1076 2995 1227 3052 sicut
1293 3003 1348 3051 et
1398 2996 1513 3069 ipsi
1549 3013 1585 3051 a
1613 2996 1834 3052 Judaeis
1874 2999 1977 3069 qui
2038 3001 2095 3053 et

442 3082 761 3138 Dominum
801 3084 1147 3141 occiderunt
1189 3087 1412 3155 Jesum,
1447 3090 1501 3141 et
1539 3086 1706 3157 ipsos
1744 3086 2089 3157 prophetas.

2208 3082 2478 3154 ρουσαλὴμ
2508 3082 2665 3154 ἁγίων
2696 3104 2708 3115 ⁸
2743 3084 2808 3134 τά
2838 3081 2974 3133 αὗτά
3019 3084 3142 3155 γὰρ,
3177 3087 3325 3153 φησὶ,
3359 3087 3448 3134 καὶ
3494 3085 3645 3154 ὑμεῖς
3696 3084 3827 3135 ἐπά-

438 3176 495 3226 et
523 3188 631 3227 nos
674 3173 963 3243 persecuti
996 3178 1157 3242 sunt,
1198 3178 1254 3230 et
1281 3176 1398 3231 Deo
1439 3190 1561 3230 non
1591 3175 1849 3245 placent,
1877 3180 1937 3230 et
1966 3191 2094 3232 om-

2208 3174 2314 3224 θετε
2362 3174 2463 3224 ὑπὸ
2537 3181 2636 3223 τῶν
2715 3169 2861 3224 ἰδίων
2925 3171 3280 3243 συμφυλετῶν,
3337 3174 3569 3246 καθάπερ
3632 3172 3825 3226 ἐκεῖνοι

437 3260 1027 3319 nihusadversantur
1058 3266 1128 3317 ’9.
1164 3284 1191 3315 δ)
1228 3267 1360 3319 Haec
1388 3280 1633 3336 quoque
1668 3264 1951 3319 Dominus
1980 3264 2093 3320 illis

439 3350 816 3420 exprobravit
842 3352 900 3406 in
923 3353 1414 3423 parabolavineas
1440 3371 1452 3407 :
1478 3369 1740 3425 namque
1781 3369 2092 3409 servorum

441 3437 625 3492 alium
644 3438 1053 3503 verberarunt,
1076 3440 1259 3495 alium
1282 3441 1648 3505 occiderunt,
1666 3441 2092 3513 aliumlapida-

439 3531 670 3593 verunt,
699 3534 1064 3599 quapropter
1086 3529 1277 3583 Judaei
1299 3545 1406 3601 per
1441 3529 1650 3585 orbem
1688 3534 1975 3586 terrarum
2005 3531 2089 3586 di-

443 3619 815 3685 spergentur.

2203 2478 2281 2511 νοι
2309 2477 2320 2488 ⁸
2358 2461 2441 2510 ἶνα
2490 2460 2590 2531 γὰρ
2653 2461 2746 2519 τὰς
2795 2468 2893 2510 τῶν
2937 2469 3212 2534 προφητῶν
3258 2463 3461 2531 σφαγὰς
3511 2462 3823 2533 παραλίπω,

2203 2554 2292 2600 καὶ
2317 2556 2407 2600 τοῦ
2457 2553 2718 2600 Δεσπότου
2766 2551 2823 2599 τὸ
2873 2553 3130 2619 σωτήριον
3178 2551 3359 2610 πάθος,
3392 2553 3478 2600 τόν
3540 2554 3631 2621 μὲν
3696 2552 3825 2602 καλ-

2202 2637 2391 2689 λίνικον
2463 2637 2775 2689 κατέλευσαν
2849 2641 3116 2709 Στέςοανον,
3181 2637 3312 2708 ξύλῳ
3392 2636 3452 2690 δε
3504 2643 3595 2689 τόν
3655 2644 3823 2709 μέγαν

2204 2726 2395 2778 ἀνεῖλόν
2450 2725 2716 2794 Ἰάκωϐον,
2761 2731 2850 2777 καὶ
2875 2731 3041 2800 μυρία
3070 2726 3217 2790 ἄλλα,
3260 2733 3351 2779 καὶ
3391 2736 3490 2778 τῶν
3522 2736 3593 2797 τῷ
3635 2735 3823 2799 Κυρίῳ

2205 2812 2264 2868 δὲ
2302 2819 2724 2868 πεπιστευκόυων
2772 2818 2861 2874 τὰς
2921 2816 3092 2877 οἰκίας
3149 2814 3527 2887 ἐξεπόρθησαν,
3580 2819 3647 2877 ὡς
3698 2818 3827 2869 πολε

2202 2905 2372 2976 λαχοῦ
2419 2904 2621 2966 Παῦλος
2653 2906 2677 2955 ό
2707 2907 2839 2966 θεῖος
2870 2910 2959 2957 καὶ
3006 2904 3450 2958 Θεσσαλονικεῡσι
3490 2902 3550 2958 δε
3598 2910 3825 2978 γράφων

2204 2991 2609 3066 ἐπιμαρτύρεται
2638 3010 2650 3021 ⁸
2686 3013 2709 3042 ιι
2740 2998 2983 3065 Μιμηταὶ
3029 2995 3129 3065 γὰρ
3185 2993 3419 3063 ἐγένεσθε
3471 3001 3569 3044 τῶν
3624 2994 3674 3046 ἓν
3726 2996 3828 3047 Ἱε-

2202 3262 2302 3313 ὑπό
2356 3258 2625 3314 Ἰουδαίων
2682 3270 2780 3312 τῶν
2830 3266 2919 3313 καὶ
2984 3264 3071 3311 τόν
3132 3263 3321 3334 Κύριον
3370 3260 3812 3328 ἀποκτεινάντων,

2201 3355 2290 3401 καὶ
2319 3354 2438 3410 τοὺς
2472 3346 2643 3411 ἰδίους
2682 3354 2950 3423 προφήτας
2993 3354 3083 3401 καὶ
3124 3351 3265 3421 ἡμας
3305 3346 3689 3415 ἐκδιωξάντων,
3727 3358 3823 3404 καὶ

2202 3447 2313 3509 Θεῷ
2346 3444 2415 3511 μή
2468 3438 2788 3513 ἀρεσκόντων
2838 3444 2927 3491 καὶ
2962 3445 3125 3490 πᾶσιν
3156 3438 3444 3512 ἀνθρώποις
3488 3439 3755 3493 ἐναντίων.
3791 3464 3821 3493 n

2198 3535 2375 3580 Ταῦτα
2416 3533 2505 3580 καὶ
2555 3529 2580 3578 ό
2640 3530 2831 3598 Κύριος
2890 3528 3059 3579 αὐτῶν
3103 3532 3463 3598 κατηγόρησεν
3514 3528 3562 3580 ἐν
3612 3537 3677 3601 τῇ
3724 3540 3825 3583 τοῦ

2200 3616 2487 3689 ἀμπελῶνος
2534 3616 2803 3689 παραϐολῇ
2836 3634 2846 3646 ·
2877 3619 2958 3669 ὄτι
2988 3626 3087 3669 τῶν
3134 3613 3333 3669 δούλων
3364 3617 3416 3671 ὃν
3454 3620 3547 3689 μὶν
3584 3617 3820 3692 ἔδειραν,

2199 3707 2252 3758 ὃν
2284 3702 2343 3758 δε
2381 3705 2701 3775 ἀπέκτειναν,
2735 3708 2788 3758 ὃν
2842 3703 2902 3759 δε
2954 3705 3322 3763 ἐλιθοϐόλησαν
3351 3723 3365 3737 ⁸
3400 3710 3590 3759 τούτου
3647 3712 3821 3783 χάριν

2201 3795 2389 3857 αὐτοὺς
2417 3796 2486 3857 εἰς
2527 3801 2703 3848 πᾶσαν
2724 3800 2817 3852 τὴν
2842 3795 3145 3867 οἰκουμένην
3178 3791 3492 3867 διέσπειρεν.

582 3843 905 3910 ΟυίΕΞΊΊΟ
940 3846 1221 3903 CCLXXXI
1260 3848 1462 3919 [CoisL
1493 3848 1731 3916 CCXCV,
1765 3850 1944 3907 Taur.

2373 3843 2389 3857 ³
2469 3843 2485 3857 ι
2738 3850 3055 3936 ΕΡΩΤΗΣίΣ
3096 3882 3259 3938 ΣιιΑ’.

1101 3936 1480 4008 CCLxxxw].

440 4024 567 4099 Cur
596 4024 1039 4099 demumﬂpqrvi
1082 4029 1311 4093 peccati
1373 4042 1549 4083 causa
1596 4028 1824 4097 Moyses
1876 4028 2087 4099 procul

509 4098 702 4153 videre
719 4096 1049 4165 pollicitam
1072 4105 1291 4153 terram
1295 4100 1499 4165 jussus
1511 4100 1601 4163 sit,
1636 4108 1686 4155 et
1702 4096 2088 4156 introducere

811 4169 1093 4239 populum
1124 4169 1459 4238 prohibitus
1484 4171 1619 4242 (80).

1186 4284 1341 4334 Edita
1369 4300 1401 4335 a
1431 4286 1568 4335 Maio
1596 4286 1652 4348 (Ι.
1681 4300 1725 4335 c.
1756 4302 1806 4350 p.
1836 4287 1947 4343 141,
1987 4301 2037 4349 q.
2076 4287 2097 4333 Ξ

2239 4310 2301 4322 -
2330 4285 2388 4333 In
2421 4285 2706 4334 Deuteron.
2740 4298 2895 4341 χχχιι,
2926 4285 3007 4339 48,
3036 4285 3114 4333 52.

506 4390 597 4444 Sic
628 4406 737 4445 nos
768 4397 1112 4447 commonet
1144 4394 1299 4447 Deus
1332 4409 1392 4447 se
1424 4392 1502 4448 ab
1543 4393 1655 4448 illis
1716 4394 1822 4465 qui
1870 4392 2092 4448 eximia
2128 4393 2171 4447 D

434 4480 644 4534 virtute
668 4487 803 4533 sunt
830 4480 1081 4551 praediti,
1125 4498 1426 4537 summam
1476 4482 1754 4538 virtutem
1794 4488 2090 4554 expetere,

433 4574 675 4625 caeteros
703 4585 838 4625 vero
878 4570 1152 4625 homines
1182 4571 1540 4642 quiabunde
1583 4573 1743 4643 leges
1796 4577 2093 4641 transgre-

431 4658 687 4723 diuntur,
706 4660 993 4729 patienter
1012 4659 1315 4726 ferentem,
1336 4665 1576 4715 sanctos
1590 4660 1889 4726 homines,
1910 4662 2089 4730 hujus

432 4748 813 4818 indulgentiae
847 4766 967 4804 non
1019 4749 1209 4806 facere
1252 4750 1572 4822 participes
1638 4751 1849 4823 ;quod
1908 4756 1965 4807 et
2012 4752 2092 4807 ait

434 4837 975 4908 Sapiensquidam:
1002 4860 1024 4887 ‹‹
1048 4838 1278 4893 Parvuli
1300 4839 1546 4911 quidem
1571 4839 1734 4911 digni
1765 4839 2092 4895 misericor-

432 4926 565 4989 diae,
584 4933 857 4997 potentes
876 4928 1677 4998 potenterscrutabuntur’9'.
1712 4932 1776 4983 Et
1802 4928 2090 4984 Dominus

434 5016 493 5069 in
538 5016 721 5069 sacris
761 5017 1092 5085 Evangeliis
1135 5040 1145 5071 :
1192 5018 1294 5073 Cui
1337 5017 1635 5073 modicum
1681 5018 1938 5084 dabitur,
1965 5034 2091 5075 mo-

433 5102 635 5157 dicum
668 5104 746 5158 ab
786 5105 887 5159 illo
917 5110 1212 5177 repetetur
1246 5108 1288 5162 ¹.
1336 5128 1357 5157 ι
1394 5106 1973 5179 Intelligendumque
2004 5111 2090 5163 est

436 5191 548 5250 hoc
592 5192 790 5263 :quod
832 5192 1017 5248 alium
1057 5194 1241 5250 tinem
1264 5195 1380 5251 alia
1410 5195 1507 5251 via
1536 5195 1746 5267 quaerit
1774 5195 2083 5252 Dominus.

2196 4031 2259 4079 Τί
2293 4023 2488 4084 δήποτε
2521 4022 2615 4078 διὰ
2645 4028 2869 4110 σμικρὰν
2896 4026 3248 4098 πλημμέλειαν
3282 4032 3513 4110 Μωυσῆς
3544 4026 3819 4099 πόρρωθεν

2274 4095 2326 4110 ..
2358 4105 2375 4110 _
2739 4101 2760 4110 -
2886 4103 2893 4110 .
3027 4107 3045 4110 _
3160 4097 3170 4109 .
3388 4106 3405 4110 _
3498 4102 3505 4108 .
3605 4102 3613 4110 .
3690 4098 3707 4110 ,
3771 4104 3780 4110 .

2272 4095 2401 4150 ἰδεῖν
2454 4094 2797 4171 προσετάχθη
2840 4103 2934 4156 την
2978 4094 3098 4169 γῆν,
3130 4097 3429 4169 εἰσαγαγεῖν
3459 4094 3519 4149 δὲ
3564 4094 3659 4149 τόν
3690 4098 3821 4149 λαόν

2268 4168 2502 4226 ἐκωλύθη
2528 4185 2542 4236 ;

2276 4389 2527 4444 Διδάσκει
2555 4387 2649 4443 διὰ
2677 4394 2864 4443 τούτων
2890 4394 3030 4457 ἡμᾶς
3073 4392 3098 4442 ὁ
3140 4394 3291 4454 Θεὸς,
3321 4393 3386 4451 ὡς
3411 4394 3535 4452 τοὺς
3576 4396 3625 4442 εν
3656 4390 3823 4464 ἀρετῇ

2202 4480 2445 4545 τελείους,
2478 4484 2573 4539 τήν
2624 4482 2787 4552 ἄκραν
2834 4480 3020 4555 ἀρετὴν
3070 4479 3276 4533 ἀπαιτεῖ
3316 4496 3330 4510 ⁸
3377 4485 3465 4532 καὶ
3498 4488 3605 4541 τοῖς
3638 4481 3831 4541 ἄλλοις

2204 4570 2494 4643 ἀνθρώποις
2574 4570 2773 4641 μεγάλα
2831 4578 3196 4642 παρανομοῦσι
3269 4572 3643 4643 μακροθυμῶν,
3710 4579 3828 4633 τοίς

2203 4660 2374 4731 ἁγίοις
2414 4661 2610 4719 ταύτης
2654 4659 2712 4710 οὗ
2744 4655 3078 4731 μεταδίδωσι
3123 4668 3215 4719 τῆς
3266 4664 3585 4730 συγγνώμης
3613 4676 3625 4687 ⁸
3661 4668 3827 4712 τοῦτο

2201 4753 2287 4800 καὶ
2341 4753 2500 4819 σοφός
2547 4767 2627 4808 τις
2667 4764 2679 4776 ⁸
2720 4749 2745 4798 ό
2790 4750 2879 4819 μὲν
2929 4750 3030 4820 γὰρ
3099 4746 3400 4819 ἐλάχιστος,
3471 4754 3830 4818 συγγνωστός

2201 4837 2342 4890 ἔστιν
2368 4836 2554 4901 ἐλέους,
2609 4834 2823 4889 δυνατοὶ
2866 4834 2924 4888 δὲ
2969 4834 3202 4898 δυνατῶς
3245 4835 3631 4893 ἐτασθησονται
3670 4854 3684 4867 ⁸
3720 4846 3821 4890 καὶ

2200 4928 2226 4978 ό
2278 4929 2466 5000 Κύριος
2497 4926 2544 4977 ἐν
2584 4933 2689 4986 τοῖς
2721 4929 2873 4999 ἱεροῖς
2918 4925 3253 4997 Εὑαγγελίοις
3296 4944 3308 4956 ⁸
3345 4947 3373 4976 ι(
3414 4926 3485 4997 ’ῼ
3513 4929 3604 4997 μὲν
3639 4926 3827 4997 ὀλίγον

2201 5013 2502 5086 δοθήσεται,
2542 5014 2710 5086 ὀλίγον
2756 5014 3114 5072 ἀπαιτήσουσι
3152 5015 3276 5088 παρ’
3326 5014 3487 5066 αὐτοῦ
3516 5032 3529 5044 ⁸
3568 5034 3595 5065 ι»
3643 5015 3824 5067 ἰστέον

2199 5110 2373 5178 μέντοι
2420 5110 2507 5156 καὶ
2570 5111 2739 5170 τοῦτο,
2794 5107 2863 5165 ως
2911 5105 3055 5177 ἕτερα
3108 5100 3179 5155 δι’
3236 5103 3415 5176 ἐτέρων
3464 5105 3490 5155 ὀ
3540 5109 3825 5166 Δεσπότης

2200 5195 2454 5266 οἰκονομεῖ
2488 5213 2499 5225 ⁸
2539 5195 2711 5267 ὥσπερ
2755 5191 2926 5263 ἀμέλει
2956 5197 3044 5243 καὶ
3076 5197 3279 5245 τουτονὶ
3327 5196 3414 5245 τόν
3454 5196 3617 5265 μέγαν
3676 5212 3824 5266 προ-

435 5336 483 5369 ⁸⁸
508 5336 623 5391 Luc
656 5351 713 5403 ιι,
758 5336 800 5371 97
847 5335 1049 5391 Matth.
1085 5354 1155 5401 iv,
1206 5339 1286 5393 11.
1322 5339 1507 5394 "Act.
1550 5339 1737 5408 xxvnl,
1764 5341 1853 5394 23.
1882 5340 1930 5373 ⁸⁸
1991 5339 2008 5391 1
2071 5339 2097 5392 Ἰ

1899 5481 2124 5537 NOTAE.

511 5606 625 5676 (80)
662 5603 794 5661 Haec
828 5604 1041 5661 ultima
1080 5620 1152 5660 ex
1178 5605 1626 5679 questionibus,
1661 5622 1807 5679 quas
1830 5623 1859 5662 e
1882 5605 2251 5662 Theodoreto
2283 5605 2537 5677 sumpsit
2578 5601 2844 5669 Photius,
2870 5604 3058 5657 exstat
3078 5599 3245 5677 apud
3274 5599 3720 5657 Theodoretum
3742 5616 3811 5672 q.

440 5680 504 5731 43
538 5678 597 5731 in
623 5680 933 5733 Deuteron.
975 5680 1034 5733 T.
1068 5675 1266 5747 LXXX,
1301 5675 1359 5731 b.
1401 5680 1524 5731 447.

2372 5353 2429 5401 ιι,
2497 5336 2583 5390 14.
2641 5337 2722 5373 ³9*
2772 5337 2912 5406 Sap.
2966 5352 3036 5400 vx,
3080 5339 3133 5389 7.
3194 5336 3212 5371 ¹
3282 5334 3484 5391 Matth.
3551 5352 3681 5400 xm,
3750 5336 3824 5391 18
