4076 6202
281 287 417 342 1113

1111 289 1204 344 AD
1244 289 1784 348 AMPHILOCHIUM
1827 292 2150 360 QUESTIO
2191 297 2908 358 CCLXXXI-CCLXXXIII.

3505 311 3646 366 1114

277 415 444 482 φήτην
475 411 568 464 οῦκ
613 417 780 465 εἴασεν
819 412 888 474 εἰς
927 417 1016 471 τὴν
1043 421 1142 484 γῆν
1173 423 1268 474 τῆς
1315 413 1620 486 ἐπαγγελίας
1668 417 1872 488 εἰσαγα-

1993 423 2060 478 Ut
2087 423 2243 478 enim
2279 426 2428 480 Deus
2461 440 2582 482 non
2615 431 2804 492 curat,
2839 427 2927 482 vel
2952 428 3150 498 potius
3180 446 3300 486 non
3325 433 3462 488 sinit
3483 433 3646 491 hunc

274 507 382 572 γεῖν
413 505 500 553 τόν
542 500 686 566 λαὸν,
739 503 820 552 ἱνα
847 507 916 574 μὴ
971 504 1034 562 ὡς
1087 505 1214 554 Θεὸν
1249 503 1402 554 αὐτόν
1459 504 1786 557 σεϐασῦὠσιν
1831 509 1879 558 οἱ

278 589 630 662 Ἰσραηλῖται·
669 593 853 642 τούτου
901 592 1062 664 χάριν
1108 591 1267 642 αὑτοῦ
1303 597 1391 644 καὶ
1441 598 1526 644 τόν
1557 595 1714 666 τάφον
1745 593 1881 653 οἰδη-

275 676 362 729 λον
419 677 660 736 ἐποίησεν
721 679 746 730 ό
802 688 972 751 σοφῶς
1045 683 1109 732 τα
1174 680 1290 732 καθ’
1348 683 1482 754 ἡμᾶς
1553 687 1878 754 πρυτανεύων

280 770 430 827 Θεὸς,
491 764 698 819 Εὶδέναι
747 767 806 819 δῖε
847 773 938 820 καὶ
989 776 1142 820 τοῦτο
1197 775 1476 842 προσήκει,
1535 775 1599 832 ὡς
1649 775 1880 836 Μωῡσῆς

273 857 436 906 τύπον
485 857 601 926 ἔχει
640 863 732 908 τοῦ
783 861 960 928 νόμον
1006 854 1090 910 διὸ
1144 865 1234 910 καὶ
1282 867 1514 922 Μωῦσῆς
1570 865 1664 920 τὴν
1714 881 1878 936 προσ·

275 947 496 1016 ηγορίαν
535 945 560 994 ό
586 947 742 1016 νόμος
771 947 884 1017 ἔχει
924 965 936 978 ·
971 949 1162 1017 ἔχουσι
1209 951 1332 1022 γὰρ,
1361 955 1512 1020 φησι,
1541 955 1770 1004 Μωῦσέα
1793 955 1880 1003 καὶ

274 1035 400 1094 τούς
445 1038 718 1104 προφήτας
765 1049 780 1063 ⁸
837 1041 1064 1088 Μωῦσέα
1115 1040 1200 1088 τόν
1249 1043 1402 1110 νόμον
1451 1039 1672 1100 καλέσας
1722 1059 1734 1072 ·
1789 1046 1878 1093 καὶ

277 1119 547 1191 πολλαχοῦ
593 1128 748 1174 τοῦτο
821 1123 987 1196 εὕροις
1038 1140 1053 1156 ⁸
1113 1127 1284 1200 ὥσπερ
1345 1129 1444 1200 γὰρ
1513 1127 1734 1190 Ἠσαίας
1788 1133 1878 1180 καὶ

275 1207 519 1283 Ἱερεμίας
564 1215 654 1262 καὶ
713 1211 958 1273 Ἰεζεκιή).
989 1212 1048 1264 ού
1101 1217 1224 1276 τοὺς
1261 1211 1459 1286 ἄνδρας
1501 1221 1708 1288 μόνους,
1751 1215 1880 1270 ἀλλὰ

277 1303 366 1350 καὶ
403 1301 468 1350 τὰ
509 1297 710 1350 ἐκείνων
751 1298 934 1372 βιϐλία
964 1301 1212 1374 καλοῦμεν
1247 1323 1258 1335 ·
1289 1308 1378 1356 καὶ
1419 1301 1618 1375 σχεδόν
1652 1309 1710 1357 τό
1750 1306 1876 1358 αύτό

276 1387 360 1438 ἐπὶ
426 1389 626 1438 πάντων
695 1391 924 1463 καθορᾴν
991 1393 1105 1442 ἔστι
1184 1399 1284 1443 τῶν
1365 1396 1674 1466 συγγραφὰς
1737 1396 1876 1456 θείας

275 1473 682 1528 ἀπολελοιπότων
715 1493 730 1506 ·
759 1478 892 1529 οὕτω
948 1483 1038 1532 καὶ
1079 1481 1310 1540 Μωυσῆν
1364 1481 1422 1533 ού
1469 1486 1552 1533 τόν
1583 1479 1754 1554 ἄνδρα
1782 1487 1876 1555 μόο

271 1583 375 1630 νον,
408 1563 536 1616 ἀλλὰ
579 1571 668 1618 καὶ
707 1569 792 1618 τὸν
839 1572 994 1640 νόμον
1045 1571 1186 1620 ἔστιν
1232 1566 1362 1622 ἰδεῖν
1405 1570 1710 1643 κεκλημένον
1743 1589 1755 1602 ·
1788 1575 1878 1624 τύ-

270 1671 368 1712 πος
396 1656 486 1725 μεν
541 1650 628 1706 οὖν
686 1661 914 1727 Mentiar-7;
961 1665 1054 1708 τοῦ
1105 1663 1264 1730 νόμου
1313 1677 1326 1689 ο
1365 1659 1568 1722 Ἰησοῦς
1600 1657 1658 1712 δὲ
1711 1663 1736 1712 ό
1783 1667 1874 1712 τοῦ

271 1748 446 1808 Ναυῆ,
494 1745 655 1805 τύπος
712 1752 802 1796 τοῦ
849 1752 1088 1818 Σωτῆρος
1136 1764 1147 1776 ’
1203 1749 1374 1822 ὥσπερ
1423 1753 1590 1800 τοίνυν
1651 1751 1876 1810 Μωῦσῆς

271 1834 363 1903 μὲν
407 1829 626 1904 ἐξήγαγε
683 1837 768 1885 τόν
826 1833 947 1886 λκόν
1004 1833 1056 1897 ἐξ
1102 1835 1388 1906 Αἰγύπτου,
1440 1837 1644 1900 Ἰησοῦς
1696 1835 1754 1891 δὲ
1785 1839 1876 1892 αύ-

272 1922 359 1971 τόν
413 1919 486 1982 εἰς
539 1925 633 1980 τὴν
690 1920 1068 1994 ἐπηγγελμένην
1131 1925 1380 1997 εἰσήγαγε
1437 1934 1556 1998 γῆν,
1631 1927 1794 1989 οὕτως
1849 1931 1874 1980 ό

271 2013 426 2082 νόμος
479 2017 572 2071 τῆς
643 2014 732 2083 μὲν
786 2010 1024 2074 ἀσεϐείας
1094 2012 1406 2068 ἀπαλλάττει
1457 2019 1578 2078 τούς
1633 2019 1876 2090 πειθομέ-

272 2117 410 2162 νους,
443 2101 472 2156 η
507 2095 567 2150 δε
611 2108 708 2151 τῶν
767 2099 1090 2172 Εύαγγελίων
1139 2103 1304 2176 χάρις
1355 2103 1422 2164 εἰς
1473 2109 1566 2163 την
1601 2103 1872 2177 βασιλείαν

273 2187 474 2260 εἰσάγει
503 2197 600 2240 τῶν
625 2189 854 2262 ούρανῶν

816 2285 1130 2334 ΕΡΩΤΙΙΣΙΣ
1163 2282 1317 2336 ΣῐιΒ’.

269 2441 332 2490 Τί
387 2435 547 2490 ἐστιν’
600 2456 628 2486 ‹‹
689 2438 770 2490 Ἐν
830 2438 986 2511 ὀλίγῳ
1042 2459 1105 2511 με
1155 2443 1350 2504 πείθεις
1415 2446 1729 2516 Χριστιανὸν
1788 2463 1871 2514 γε·

923 2513 1105 2563 νέσθαι
1137 2529 1150 2578 ;
1183 2535 1208 2562 η

1991 527 2278 581 magnum
2301 515 2642 587 prophetam
2667 515 2724 572 in
2745 521 2954 572 terram
2984 518 3340 589 promissam
3357 523 3644 594 populum

1989 599 2383 668 introducere,
2433 619 2507 658 ne
2565 610 2626 660 ut
2673 621 2776 676 pro
2825 607 2941 660 Deo
2995 605 3155 660 illum
3215 617 3642 668 venerarentur

1989 689 2281 756 lsraelitae,
2313 691 2518 747 eadem
2543 693 2618 748 de
2649 709 2828 749 causa
2870 693 3206 766 sepulcrum
3246 696 3372 768 ejus
3411 700 3642 758 abdidit

1986 777 2092 848 qui
2123 779 2420 850 sapienter
2453 781 2752 837 humanas
2792 799 2886 837 res
2921 783 3266 840 moderatur
3297 787 3477 841 Deus.
3525 792 3640 846 Hoc

1987 882 2230 939 quoque
2253 869 2402 924 scire
2424 868 2714 926 debemus
2737 874 2976 942 Moysen
2999 872 3178 928 fuisse
3203 873 3350 944 legis
3369 877 3638 945 ﬁguram.

1989 956 2184 1020 Quare
2211 972 2546 1026 cognomen
2591 962 2814 1030 Moyses
2843 961 3020 1017 habet
3057 962 3170 1018 lex.
3207 963 3436 1020 Habent
3483 967 3642 1022 enim

1988 1047 2228 1116 Moysen
2251 1052 2306 1102 et
2327 1048 2672 1119 prophetas,
2705 1049 2786 1104 ait
2811 1050 3130 1122 Scriptura.
3169 1055 3380 1123 Legem
3405 1057 3644 1127 Moysen

1990 1133 2316 1206 appellant,
2367 1136 2522 1207 quod
2559 1137 2758 1194 multis
2805 1139 2952 1194 locis
2991 1140 3282 1198 invenias.
3347 1142 3416 1198 Ut
3479 1144 3641 1202 enim

1989 1225 2226 1291 Isaiam,
2257 1227 2560 1282 Jeremiam
2585 1232 2641 1282 et
2673 1228 2926 1284 Ezechiel
2959 1245 3082 1286 non
3109 1231 3264 1286 viros
3301 1233 3503 1298 modo,
3539 1235 3644 1290 sed

1987 1315 2168 1370 etiam
2189 1330 2396 1370 eorum
2419 1315 2602 1372 libros
2621 1317 3020 1388 appellamus,
3047 1325 3230 1392 utque
3243 1320 3328 1376 sic
3343 1321 3641 1378 habemus

1987 1419 2196 1459 omnes
2224 1407 2662 1476 propemodum
2689 1422 2948 1478 quorum
2967 1424 3138 1464 sacra
3171 1415 3403 1466 exstant
3432 1427 3636 1484 opera,

1985 1491 2152 1547 haud
2183 1492 2347 1548 aliter
2371 1494 2632 1565 Moysen,
2667 1509 2789 1550 non
2829 1495 3026 1552 virum
3077 1498 3278 1565 modo,
3315 1499 3421 1554 sed
3459 1501 3639 1557 etiam

1985 1581 2180 1650 legem
2201 1581 2355 1638 illius
2379 1583 2493 1638 hoc
2525 1583 2770 1638 nomine
2795 1585 3082 1656 appellari
3103 1587 3382 1642 videmus.
3411 1592 3640 1661 Moyses

1985 1669 2162 1742 igitur
2185 1670 2331 1740 legis
2355 1671 2665 1742 estﬁgura,
2689 1672 2888 1736 Josue,
2919 1677 3049 1730 Nun
3085 1675 3266 1745 ﬁlius,
3297 1677 3638 1736 Salvatoris.

1911 1741 2057 1814 BUt
2105 1759 2285 1828 igitur
2357 1763 2586 1831 Moyses
2643 1741 2885 1833 quidem
2951 1763 3150 1818 eduxit
3217 1741 3510 1836 populum
3565 1767 3640 1822 de

1982 1849 2256 1920 zEgypto,
2287 1850 2460 1904 Josue
2490 1854 2694 1904 autem
2725 1849 2786 1905 in
2836 1854 3056 1906 terram
3085 1854 3428 1924 promissam
3461 1855 3642 1911 intro-

1983 1937 2168 2003 duxit,
2207 1937 2291 1993 sic
2315 1937 2406 1994 lex
2447 1939 2680 2010 quidem
2729 1939 3031 2012 impietate
3071 1942 3376 1998 credentes
3409 1943 3636 2010 liberat,

1981 2028 2174 2097 gratia
2213 2043 2352 2083 vero
2400 2027 2708 2098 Evangelii
2735 2028 2794 2084 in
2839 2045 3092 2100 regnum
3131 2031 3418 2088 caelorum
3459 2033 3642 2089 intro-

1981 2115 2184 2171 mittit.

2089 2277 2406 2343 QUzl'JSTlO
2440 2277 2768 2334 CCLXXXII
2801 2277 3002 2346 [CoisL
3039 2280 3307 2346 CCXCVI,
3351 2283 3532 2338 Taur.

2621 2349 3007 2421 ccrxxxw.

1983 2437 2138 2504 Quid
2167 2443 2243 2492 est
2281 2438 2384 2493 hoc
2417 2453 2428 2490 :
2467 2459 2492 2488 «
2529 2437 2594 2493 In
2625 2437 3082 2576 ιηεξίἰεοφειιαιίεε
3114 2455 3203 2496 me
3235 2440 3640 2498 Christianum

2738 2524 2826 2564 em
2900 2531 2924 2560 ν

2738 2524 2924 2564 BT17»

905 2636 1058 2686 Edita
1081 2651 1112 2686 a
1137 2638 1274 2686 Maio
1306 2638 1360 2701 (l.
1393 2653 1438 2688 c.
1467 2653 1518 2702 p.
1551 2641 1661 2696 141,
1693 2641 1799 2696 142,
1821 2655 1872 2704 q.
1903 2641 2036 2694 292).
2066 2665 2128 2674 —
2156 2635 2476 2700 Explanatio
2509 2634 2560 2682 in
2589 2635 2701 2683 Act.
2735 2649 2876 2690 xxvi,
2905 2636 2984 2682 28.

337 2743 609 2806 Τοντέστι,
643 2739 716 2794 δι’
763 2741 946 2814 ὀλίγων
993 2745 1260 2818 ῥημάτων,
1313 2743 1358 2796 ἐν
1409 2745 1646 2819 βραχέσι
1673 2747 1863 2818 λόγοις,

271 2825 320 2880 ἐν
348 2828 492 2903 ὀλίγη
529 2827 874 2904 διδασκαλίᾳ,
919 2839 1090 2908 χωρὶς
1136 2833 1322 2886 πολλοῦ
1369 2839 1526 2888 πόνου
1585 2840 1674 2888 καὶ
1719 2855 1869 2888 συνε-

271 2925 404 2990 χοῦς
462 2915 730 2982 διαλέξεως
763 2938 775 2950 ·
828 2917 912 2973 διὸ
961 2928 1049 2974 καὶ
1099 2926 1226 2996 πρὸς
1273 2923 1426 2976 αὐτὸν
1479 2924 1810 2986 καταλλήλως
1841 2926 1866 2976 ό

273 3007 470 3068 Παῦλος
517 3028 672 3080 φησιν
706 3026 718 3039 ⁸
755 3032 782 3059 ‹‹
839 3010 1086 3082 Ηύξάμην
1137 3011 1198 3062 ἂν
1228 3021 1298 3082 τῷ
1342 3017 1470 3083 Θεῷ,
1503 3031 1532 3065 ν
1573 3017 1662 3066 καὶ
1707 3013 1862 3076 ἑξῆς·

269 3097 374 3149 οἷον
417 3099 496 3149 ὅτι
547 3097 662 3170 ἐμοὶ
707 3096 914 3157 σπουδὴ
945 3109 1096 3152 τοῦτο
1133 3105 1192 3152 τό
1222 3105 1460 3172 γενέσθαι
1509 3105 1706 3163 πάντας
1743 3108 1868 3176 Χρι-

270 3189 513 3247 στιανούς
543 3201 558 3216 ·
591 3193 680 3240 καὶ
733 3193 884 3240 τοῦτό
929 3189 1042 3241 ἐστί
1093 3209 1182 3261 μοι
1233 3191 1362 3262 εὐχὴ
1415 3195 1544 3265 πρὸς
1577 3197 1723 3244 Θεον-
1760 3189 1866 3243 ἐπεὶ

267 3275 468 3348 ἕτοιμός
525 3275 631 3348 ιίμι
688 3282 776 3329 καὶ
833 3277 1028 3330 πολλῶν
1075 3277 1239 3350 λόγων
1291 3285 1380 3332 καὶ
1435 3279 1618 3351 ὀλίγων
1671 3285 1764 3338 τὴν
1819 3282 1866 3331 ἐν

2054 2745 2116 2800 Id
2162 2749 2270 2812 est,
2323 2742 2536 2814 paucis
2589 2741 2808 2806 verbis,
2855 2741 3018 2798 brevi
3057 2757 3352 2809 sermone,
3412 2743 3644 2800 modico

1991 2835 2374 2896 documento,
2422 2831 2654 2902 absque
2705 2829 2884 2886 multo
2922 2830 3130 2887 labore
3160 2837 3215 2886 et
3260 2833 3498 2888 assidua
3528 2833 3645 2888 dis-

1979 2924 2308 2996 putatione.
2325 2923 2517 2986 Quare
2539 2921 2614 2974 ad
2643 2918 2800 2974 illum
2820 2919 3192 2990 respondens
3225 2921 3440 2976 Paulus
3462 2919 3636 2976 dicit:

1981 3034 2008 3062 «
2046 3013 2198 3083 Opto
2246 3025 2352 3082 per
2391 3010 2576 3063 Deum
2608 3011 2648 3070 ³,
2694 3027 2722 3056 ››
2776 3013 2830 3063 et
2888 3007 3137 3080 reliqua.
3182 3008 3426 3064 Perinde
3469 3025 3540 3064 ac
3592 3009 3642 3064 si

1979 3101 2234 3156 diceret:
2264 3097 2418 3153 Nihil
2442 3097 2584 3152 mihi
2605 3095 2802 3167 potius
2823 3099 3117 3167 estquam
3141 3097 3641 3154 omneshomines

1977 3187 2106 3244 ﬁeri
2137 3185 2522 3244 Christianos.
2559 3187 2652 3240 Hae
2679 3187 2813 3238 sunt
2839 3199 2988 3238 meae
3015 3199 3219 3240 coram
3247 3187 3365 3240 Deo
3407 3201 3636 3258 preces,

1977 3293 2242 3348 namque
2280 3279 2524 3348 paratus
2585 3289 2718 3328 sum
2751 3278 2806 3328 et
2835 3272 2894 3327 in
2925 3273 3158 3328 modico
3187 3279 3244 3330 et
3298 3275 3360 3330 in
3421 3291 3643 3345 magno

267 3371 485 3437 Χριστῷ
515 3367 800 3440 κηρύσσειν
839 3371 1016 3418 πίστιν
1069 3373 1159 3419 καὶ
1211 3371 1340 3439 μετὰ
1369 3373 1526 3421 πόνου
1571 3375 1660 3420 καὶ
1703 3373 1866 3422 κόπου

1987 3366 2306 3439 praedicare
2345 3363 2606 3419 ﬁdemin
2639 3362 2982 3430 Christum,,
3009 3378 3112 3434 per
3138 3362 3404 3418 lal:orem
3433 3368 3491 3419 et
3517 3381 3642 3420 mo-

265 3459 354 3505 καὶ
399 3452 454 3505 ἐκ
506 3461 598 3506 τοῦ
643 3463 980 3529 παραχρῆμα
1012 3473 1024 3486 ·
1053 3461 1212 3518 κόπος
1269 3463 1359 3510 καὶ
1399 3463 1550 3518 πόνος
1593 3459 1640 3510 ἐν
1685 3466 1746 3531 τῇ
1781 3455 1866 3510 δι-

267 3538 534 3614 δασκαλίᾳ
581 3547 670 3596 καὶ
717 3547 1018 3616 κηρύγματι
1079 3543 1326 3618 οὐδαμῶς
1382 3547 1648 3618 λογίζεταί
1705 3566 1796 3619 μοι
1843 3561 1858 3575 ⁶

266 3629 373 3682 ἀλλ’
407 3629 519 3683 ἶσόν
545 3631 656 3683 ἐστι
703 3639 892 3703 κοπιᾷν
937 3639 1028 3686 καὶ
1059 3641 1153 3706 μὴ,
1201 3641 1288 3688 καὶ
1341 3635 1496 3688 πολύν
1536 3639 1728 3710 χρόνον
1757 3639 1866 3708 τρί-

267 3719 370 3772 ϐειν
399 3723 712 3794 κηρύττοντι
759 3727 850 3773 καὶ
899 3722 1070 3794 ὀλίγον
1101 3741 1114 3753 ·
1149 3729 1300 3796 μόνον
1331 3727 1378 3776 ε’ί
1423 3744 1562 3785 τινας
1610 3727 1712 3798 ὁρῶ
1743 3727 1868 3797 πρὸς

268 3811 353 3860 τὸν
419 3813 648 3882 Χριστὸν
705 3809 1102 3884 ἐπιστρέφοντας
1157 3830 1170 3842 ³
1215 3821 1384 3865 ταῦτα
1413 3810 1474 3866 δὲ
1517 3813 1705 3885 ἔλεγεν,
1759 3813 1869 3886 οἶμα

268 3901 357 3969 μὲν
401 3901 460 3950 τὸ
513 3898 674 3950 αὐτοῦ
721 3902 988 3972 πρόθυμον
1036 3907 1126 3953 καὶ
1157 3898 1414 3976 διάπυρον
1463 3899 1862 3974 ἐνδεικνύμενος,

269 3986 380 4059 ἅμα
435 3983 494 4040 δὲ
546 3987 778 4040 κάκεῖνον
827 3988 1214 4062 ἐκκαλούμενος,
1280 3995 1350 4052 ὡς
1397 3991 1440 4043 εἰ
1497 3989 1736 4062 βούλοιτο
1779 3995 1868 4042 καὶ

269 4074 426 4127 πλείω
469 4073 694 4129 ἀκοῦσαι
744 4082 834 4129 καὶ
881 4078 1186 4151 τελειοτέρας
1243 4076 1596 4142 διδασκαλίας
1646 4078 1868 4132 ἀπολαῦ-

271 4181 382 4228 σαι,
433 4164 492 4216 ού
560 4169 712 4237 μόνον
782 4163 932 4219 οῦδὲν
987 4171 1290 4234 ἀποκνήσει,
1350 4167 1456 4219 ἀλλ’
1509 4169 1668 4228 οὕτως
1723 4167 1868 4220 ἐστὶν

269 4253 470 4324 ἕτοιμος
507 4259 596 4306 καὶ
643 4257 701 4306 τὸ
751 4257 1014 4327 πρόθυμον
1063 4262 1330 4332 παρέχων,
1379 4259 1514 4310 ὥστε
1559 4263 1648 4309 καὶ
1704 4257 1869 4328 εὐχῆς

271 4343 417 4414 ἔργον
448 4342 574 4394 αύτό
621 4351 866 4409 ποιεῖται,
913 4343 974 4396 ἂν
1023 4350 1174 4417 μόνον
1205 4348 1446 4418 τυγχάνῃ
1497 4353 1590 4398 τοῦ
1621 4353 1819 4398 σκοποῦ
1853 4361 1865 4376 ·

271 4430 517 4502 Εῦξάμην
568 4434 670 4505 γὰρ
723 4437 814 4484 καὶ
867 4431 916 4484 ἐν
964 4433 1119 4506 ὀλίγῳ
1177 4439 1263 4487 καὶ
1313 4434 1361 4486 ἓν
1409 4434 1576 4506 πολλῷ
1621 4435 1680 4487 ού
1719 4438 1870 4506 μόνον

273 4521 348 4584 σε,
378 4539 430 4572 κ.
459 4539 506 4575 τ.
537 4519 586 4577 λ,

819 4617 1134 4666 ΕΡΩΤΗΣΙΣ
1174 4619 1318 4671 ΣῘΙΓ.

273 4771 336 4820 Τί
374 4766 506 4823 ἐστι.
561 4793 582 4821 ι
631 4778 734 4826 Τοῦ
781 4774 1074 4846 ὁρισθέντος
1121 4778 1244 4828 Υἰοῦ
1283 4783 1416 4828 Θεοῦ
1465 4775 1516 4828 ἐν
1557 4771 1795 4847 δυνάμει.
1842 4795 1870 4824 υ

1979 3455 2216 3511 lestiam
2245 3459 2300 3510 et
2325 3469 2396 3510 ex
2425 3459 2686 3524 tempore
2711 3469 2722 3518 ;
2755 3451 3094 3508 molestiam
3111 3453 3272 3508 enim
3289 3457 3346 3508 et
3374 3452 3644 3510 laborem

1979 3545 2130 3600 inter
2149 3543 2492 3598 docendum
2509 3545 2568 3598 et
2587 3539 3032 3612 praedicandum
3057 3539 3290 3596 minimi
3331 3541 3504 3596 facio.
3531 3542 3646 3598 Sed

1979 3633 2126 3688 mihi
2153 3648 2266 3704 par
2293 3635 2380 3688 est
2397 3631 2668 3686 laborare
2691 3631 2776 3685 vel
2817 3645 2957 3696 non,
2983 3635 3038 3686 et
3063 3629 3168 3685 diu
3207 3635 3312 3684 aut
3332 3630 3412 3686 ad
3467 3630 3644 3687 breve

1977 3721 2326 3794 praedicare,
2376 3719 2558 3776 modo
2597 3718 2824 3791 aliquos
2863 3718 2942 3774 ad
2982 3719 3276 3774 Christum
3323 3735 3646 3776 conversos

1977 3811 2236 3867 videam.
2295 3808 2396 3864 His
2443 3808 2620 3864 dictis
2672 3807 3036 3864 alacritatem
3077 3807 3262 3864 animi
3286 3812 3342 3864 et
3365 3808 3644 3864 ardorem

1979 3915 2102 3956 una
2141 3898 2460 3956 indicabat.
2517 3897 2664 3952 Cum
2723 3897 2902 3966 igitur
2953 3897 3266 3968 Agrippam
3319 3896 3398 3952 ad
3457 3898 3644 3953 Deum

1979 3994 2233 4053 vocaret,
2267 3995 2330 4042 ut
2353 3987 2400 4042 si
2427 3987 2708 4042 voluisset
2733 3985 2902 4056 plura
2923 3985 3129 4040 audire
3170 3985 3646 4058 amplioremque

1980 4077 2316 4132 doctrinam
2343 4074 2614 4146 adipisci,
2637 4090 2756 4130 non
2779 4073 2974 4128 solum
2988 4073 3134 4126 nihil
3153 4073 3515 4136 reformidat,
3541 4075 3646 4130 sed

1980 4164 2160 4222 etiam
2217 4163 2368 4220 adeo
2409 4167 2652 4234 paratus
2689 4166 2776 4217 est
2801 4161 3108 4226 etardens,
3143 4165 3204 4214 ut
3230 4161 3304 4216 ad
3337 4177 3536 4233 preces
3585 4179 3646 4218 se

1981 4252 2268 4318 conferat,
2289 4252 2432 4308 dum
2443 4251 2623 4307 modo
2637 4249 3012 4323 propositum
3029 4253 3402 4321 assequatur.
3437 4250 3648 4306 Precor

1982 4341 2142 4399 enim
2175 4341 2320 4398 etin
2359 4340 2598 4397 modico
2643 4347 2700 4396 et
2736 4339 2796 4395 in
2827 4353 3054 4408 magno
3085 4354 3206 4394 non
3240 4337 3437 4394 solum
3485 4343 3557 4403 te,
3591 4345 3648 4395 et

1981 4436 2215 4488 caetera.

2055 4609 2380 4674 QUASSTIO
2410 4603 2986 4748 (ΙΟίιΧΧὶὲἓιιὲζϐἕῖᾒ.
3020 4602 3326 4668 CCXCVII,
3377 4603 3558 4659 Taur.

1986 4771 2140 4838 Quid
2177 4768 2334 4826 istud
2355 4767 2662 4840 signiﬁcet:
2695 4765 3160 4834 «Mani/astutus
3192 4770 3274 4820 est
3316 4763 3508 4819 Filius
3543 4758 3649 4818 Dei

2575 4837 2636 4894 in
2673 4843 2980 4908 potestate.
3027 4857 3055 4885 ››

1029 4970 1184 5020 Edita
1207 4983 1240 5019 a
1271 4971 1408 5020 Maio
1439 4971 1500 5032 (Ι.
1533 4985 1574 5020 c.
1611 4985 1664 5034 p.
1695 4971 1802 5026 142,
1831 4983 1865 5033 q

1987 4969 2040 5030 ι).
2075 4993 2136 5005 -
2167 4967 2481 5030 Explanatio
2509 4965 2560 5014 in
2593 4965 2750 5015 Rom.
2779 4977 2814 5018 ι,
2845 4965 2892 5013 4.

349 5075 452 5123 Τοῦ
508 5071 576 5132 εἰς
631 5081 824 5146 γνῶσιν
881 5075 1130 5143 ἐλθόντος,
1187 5085 1280 5129 τοῦ
1319 5075 1722 5148 ἐπιγνωσθέντος
1755 5078 1881 5150 ἡμῖν

278 5163 368 5210 καὶ
415 5163 790 5234 φανερωθέντος
835 5167 958 5218 Υἱοῦ
1007 5171 1134 5220 Θεοῦ
1165 5185 1178 5199 ·
1213 5168 1366 5219 πόθεν
1407 5162 1466 5218 δὲ
1519 5167 1877 5238 γνωσθέντος;

282 5243 376 5299 διὰ
427 5257 526 5300 τῶν
563 5261 860 5326 προφητῶν,
901 5250 995 5307 διὰ
1039 5263 1139 5308 τῶν
1193 5251 1593 5327 ἐπιδειχθέντων
1655 5259 1882 5328 σημείων

279 5341 370 5388 καὶ
399 5333 688 5412 δυνάμεων,
746 5339 840 5396 διὰ
878 5351 969 5396 τοῦ
1015 5343 1328 5415 ἁγιαστικοῦ
1378 5344 1544 5396 αὐτοῦ
1593 5345 1884 5416 Πνεύματός

281 5427 307 5477 ὃ
337 5431 578 5500 παρέσχε
619 5437 724 5492 τοῖς
767 5431 840 5494 εἰς
871 5431 1022 5487 αύτόν
1071 5437 1431 5502 πιστεύουσιν,
1466 5430 1539 5486 δι’
1581 5433 1740 5494 αὐτῆς
1789 5432 1884 5485 αύ-

351 5561 374 5596 ²
405 5561 532 5618 Act.
563 5565 722 5628 xxvi,
754 5565 844 5618 29.

2062 5073 2486 5138 Manifestatus,
2513 5071 2574 5127 id
2599 5075 2710 5136 est,
2741 5069 2918 5124 nobis
2951 5068 3012 5123 in
3041 5066 3318 5124 notitiam
3347 5066 3528 5132 venit,
3561 5083 3650 5122 se—

1989 5180 2108 5236 que
2135 5163 2524 5236 perspieuum
2551 5163 2610 5216 et
2627 5158 2958 5216 revelatum
2975 5156 3146 5212 nobis
3164 5155 3452 5212 exhibuit.
3483 5153 3648 5210 Unde

1991 5260 2192 5310 autem
2223 5251 2301 5309 ad
2331 5249 2606 5308 notitiam
2633 5251 2662 5305 ‘2
2691 5249 2796 5304 Per
2845 5246 3186 5319 prophetas,
3229 5259 3332 5317 per
3370 5247 3546 5314 signa
3594 5247 3652 5298 et

1990 5341 2282 5400 miracula
2313 5357 2448 5414 quas
2497 5339 2557 5394 in
2587 5338 2784 5394 lucem
2822 5335 3189 5408 prodierunt,
3235 5349 3340 5406 per
3369 5335 3648 5390 sanctum

1989 5430 2122 5502 ejus
2162 5428 2448 5502 Spiritum
2477 5441 2658 5500 quem
2683 5423 2928 5482 immisit
2957 5422 3041 5480 eis
3072 5422 3175 5496 qui
3197 5421 3256 5478 in
3287 5437 3426 5478 eum
3450 5419 3650 5476 crede-
