4026 6206
465 254 606 317 lus

1684 250 1921 310 PHOTII
1961 252 2442 311 PATRIARCHE
2479 253 2584 312 ΟΡ.

3709 253 3828 314 ιιιι

459 389 626 451 bant,
660 390 715 440 et
739 399 845 458 per
875 379 1207 440 mirabilem
1223 371 1379 436 hanc
1401 391 1432 436 e
1456 380 1705 436 mortuis
1732 379 2086 437 resurrectio

2224 388 2315 432 τοῦ
2347 389 2438 440 τῆς
2483 380 2539 433 ἔκ
2587 388 2774 452 νεκρῶν
2825 375 3259 451 παραδοξοτάτης
3315 376 3566 454 ἔγίρσεως
3602 401 3617 417 ’
3651 387 3829 438 τούτου

462 494 615 534 nem.
660 475 844 544 Hujus
907 474 1085 543 igitur
1140 486 1323 542 quem
1368 470 1916 542 prmnuntiaverunt
1973 485 2112 540 pro-

458 569 668 640 phetis,
700 564 822 636 qui,
867 560 1171 616 declarata
1200 564 1515 631 potestate,
1569 560 1796 615 mundo
1838 561 2108 624 innotuit,

457 657 865 724 revelatusque
897 656 982 706 est
1026 666 1061 705 a
1105 655 1312 705 sancto
1353 649 1572 721 Spiritu
1613 665 1792 721 quem
1825 649 2112 705 credenti—

457 747 564 802 bus
587 747 646 800 in
673 760 733 798 se
775 740 1047 813 praebuit,
1080 740 1183 810 qui
1217 739 1476 810 denique
1509 755 1570 793 se
1601 755 1705 810 per
1731 739 2112 795 resurrectio-

456 852 592 892 nem
655 847 830 888 suam
873 829 1255 886 manifestum
1313 827 1496 891 dedit,
1536 844 1645 898 ego
1699 845 1833 882 sum
1874 843 2105 883 srevus.

455 922 690 980 Etiamsi
721 936 951 988 servus,
987 918 1091 973 sed
1123 918 1296 985 hujus
1329 917 1537 973 saltem
1576 916 1678 988 qui
1711 933 1816 988 per
1858 921 2023 974 tanta
2051 922 2109 974 et

452 1015 592 1070 talia
620 1009 956 1068 testimonia
997 1006 1246 1063 ostendit
1295 1023 1355 1061 se
1386 1021 1514 1061 esse
1552 1005 1759 1061 Filium
1793 1007 1909 1061 Dei.
1943 1028 1970 1057 ε(
2001 1007 2108 1062 Per

447 1120 646 1177 quem,
689 1101 897 1172 inquit,
932 1098 1266 1167 accepimus
1324 1095 1576 1164 gratiam
1603 1100 1657 1150 et
1698 1094 2101 1167 apostolatum

453 1195 527 1251 ad
546 1190 946 1248 obediendum
972 1188 1102 1242 fidei
1126 1189 1166 1241 ‘.
1199 1207 1221 1235 ν
1259 1184 1507 1240 Perinde
1534 1201 1603 1240 ac
1625 1185 1669 1238 si
1699 1184 1962 1247 dixisset,
1983 1185 2108 1240 Alia

450 1283 628 1339 etiam
663 1278 997 1336 testimonia
1036 1280 1175 1331 sunt
1205 1274 1399 1342 nobis,
1433 1274 1622 1329 acilla
1645 1289 1780 1344 quae
1815 1288 2108 1329 memora-

451 1376 667 1429 vimus.
719 1369 901 1424 Testis
958 1372 1047 1422 est
1102 1365 1232 1436 ipsa
1285 1368 1490 1418 nostra
1546 1364 1684 1426 vita,
1736 1363 1897 1418 hunc
1970 1377 2107 1418 vere

454 1462 658 1519 Filium
682 1475 807 1513 esse
829 1457 924 1512 Dei
960 1473 971 1520 ;
997 1471 1119 1527 quo
1151 1458 1324 1525 pacto
1353 1453 1380 1506 ?
1410 1452 1528 1507 lloc
1547 1451 1764 1508 scilicet
1786 1451 1950 1523 quod
1976 1467 2106 1506 cur-

441 1553 632 1608 rimus
662 1555 718 1604 et
747 1560 1140 1620 properamus
1181 1542 1258 1599 ad
1299 1546 1503 1612 gentes
1535 1541 1788 1609 ignotas,
1821 1556 1957 1611 quas
1988 1556 2100 1596 au-

444 1643 613 1697 diunt
653 1638 1071 1708 accipiuntque
1140 1632 1544 1687 testimonium
1593 1630 1748 1685 ﬁdei.
1829 1631 1972 1684 Vere
2025 1635 2102 1685 te.

448 1729 796 1786 stimouium
821 1730 908 1780 est
959 1724 1172 1778 divinae
1235 1719 1728 1776 manifestationis
1767 1719 2099 1788 hominem,

443 1819 647 1874 relicta
703 1815 892 1888 patria
958 1812 1313 1881 familiaque,
1375 1809 1453 1864 ad
1521 1808 1781 1863 alienam
1841 1823 2098 1870 currere,

443 1909 624 1980 idque
673 1904 916 1960 minime
971 1900 1236 1956 utilitatis
1281 1904 1337 1953 et
1395 1897 1540 1952 lucri
1572 1897 1843 1967 corporei
1883 1913 2096 1966 causa,

447 1997 592 2070 quid
614 1996 747 2051 dico
779 1993 851 2048 de
881 1991 1046 2046 lucro
1074 1995 1130 2044 et
1172 1987 1415 2043 utilitate
1454 1988 1481 2043 ‘I
1532 1986 1653 2041 imo
1699 1987 2098 2053 laborantem,

447 2086 827 2149 esurientem,
843 2081 1240 2141 verberatum,
1257 2076 1645 2146 ﬂagellatum,
1669 2081 2096 2146 contemptum,

447 2175 552 2232 sed
571 2171 960 2228 nihilominus
985 2167 1179 2224 oﬂicio
1207 2181 1318 2220 suo
1345 2165 1636 2232 functum,
1662 2169 1717 2220 ct
1743 2164 1924 2219 ﬁdem
1953 2181 2098 2237 prae-

446 2265 770 2320 dicantem.
806 2257 1114 2315 Esuriebat
1147 2254 1173 2310 ?
1200 2255 1303 2312 sed
1319 2253 1468 2311 alios
1494 2252 1690 2309 alebat
1719 2270 1732 2318 ;
1761 2260 2098 2309 contemne-

448 2353 590 2408 bant
620 2367 757 2406 eum
776 2351 803 2405 ?
829 2347 934 2403 sed
964 2345 1181 2401 deinde
1207 2342 1577 2399 mirabantur
1609 2359 1622 2407 ;
1653 2342 2047 2398 verberabant
2072 2342 2099 2397 i’

445 2443 547 2495 sed
566 2441 616 2495 ei
637 2439 819 2492 ﬁdem
843 2434 1240 2498 adhibebant;
1262 2431 1636 2504 expellebant
1667 2433 1692 2484 ?
1719 2430 1822 2486 sed
1841 2431 2098 2503 require-

443 2530 581 2584 bant
616 2542 630 2592 ;
690 2522 1121 2594 ﬂagellabant?
1156 2520 1261 2575 sed
1295 2521 1551 2575 sudariis
1601 2524 1657 2574 et
1711 2520 2095 2576 succentoriis

443 2614 704 2687 corporis
745 2613 872 2681 ejus
904 2611 1150 2667 vulnera
1191 2609 1505 2664 sanabant.
1541 2612 1691 2663 Num
1726 2607 1904 2677 igitur
1929 2610 2094 2680 parvi

444 2702 733 2761 momenti
765 2701 877 2756 hoc
909 2699 1315 2755 testimonium
1347 2702 1452 2762 est,
1486 2697 1766 2767 quodque
1800 2698 1890 2752 his
1921 2703 2096 2754 antea

442 2792 886 2861 dictisindigeat
908 2794 964 2844 ut
987 2804 1098 2844 nos
1129 2802 1338 2843 omnes
1355 2786 1855 2842 commonefaciat
1887 2787 2093 2844 Filium

445 2884 544 2940 Dei
576 2898 703 2938 esse
726 2879 1020 2936 Christum
1046 2879 1072 2932 ‘I

515 2971 828 3040 QUxESTlO
871 2969 1196 3025 CCLXXXIV
1230 2966 1436 3040 [CoisL
1475 2965 1800 3030 CCXCVIH,
1837 2967 2016 3022 Taur.

1082 3055 1483 3118 CCLXXXVII].

445 3152 597 3220 Quid
627 3151 698 3208 sit
733 3169 745 3208 :
777 3170 805 3200 «
857 3148 1242 3218 PrOphibitus
1287 3162 1414 3220 sum
1458 3161 1643 3220 usque
1661 3145 1860 3220 adhuc
1899 3154 1960 3202 ut
1985 3149 2092 3204 ali-

773 3238 941 3295 quem
978 3224 1243 3290 fructum
1277 3218 1520 3274 habeam
1563 3218 1700 3288 (8t).
1732 3239 1759 3269 »

2139 1734 2179 1788 Β
2211 1722 2494 1793 μαρτύριον
2531 1721 2631 1791 γὰρ
2664 1721 2728 1779 ὡς
2776 1719 2978 1780 ἀληθῶς
3034 1721 3328 1791 θεοφανείας
3379 1729 3535 1772 τοῦτο

2224 465 2310 520 οὖν
2364 477 2454 520 τοῦ
2536 469 2967 543 προαγγελθεντος
3050 465 3141 520 διὰ
3221 478 3318 520 τῶν
3386 481 3695 543 προφητῶν,
3749 484 3834 527 τοῦ

2220 561 2595 630 γνωρισθέντος
2643 559 2690 610 ἓν
2749 567 2807 630 τῇ
2875 555 3122 620 ἐπιδείξει
3171 566 3261 618 τῆς
3313 555 3587 632 δυνάμεως
3656 563 3830 624 αὐτοῦ,

2221 655 2310 698 τοῦ
2352 652 2721 719 φανερωθέντος
2773 652 2905 699 κατα
2955 651 3012 699 τὸ
3064 647 3376 718 ἁγιαστικὸν
3403 657 3621 722 Πνεῦμα
3651 653 3678 703 ὁ
3711 673 3840 724 παρ-

2221 741 2349 806 έσχε
2402 745 2503 796 τοῖς
2559 739 2897 789 πιστεύουσιν
2967 737 3035 797 εἰς
3109 737 3288 800 αὐτὸν,
3345 747 3437 790 τοῦ
3509 735 3840 802 δηλωθέντος

2219 825 2273 876 ἐκ
2321 835 2416 887 τῆς
2464 825 2812 891 ἀναστάσεως,
2870 826 3046 888 αὐτοῦ,
3108 829 3293 878 τούτου
3343 827 3449 899 εἰμὶ
3502 825 3696 889 δοῦλος
3751 840 3765 864 ⁴
3799 833 3840 882 ει

2216 917 2317 988 γὰρ
2368 918 2458 966 καὶ
2489 911 2686 978 δοῦλος,
2731 915 2860 967 ἀλλὰ
2909 919 3096 967 τούτου
3149 912 3348 979 δοῦλος,
3384 925 3477 968 τοῦ
3519 915 3617 970 διὰ
3648 924 3840 971 τοο-οὑν

2218 1022 2314 1053 των
2381 1009 2469 1055 καὶ
2523 1004 2839 1061 τηλικούτων
2911 1013 3208 1077 μαρτυριῶν
3275 1009 3632 1068 πιστωθέντος
3707 1011 3838 1080 ἡμῖν

2217 1093 2296 1143 ὅτι
2328 1095 2442 1152 Υἱός
2486 1092 2598 1145 ἐστι
2656 1101 2747 1146 τοῦ
2800 1101 2933 1147 Θεοῦ
2985 1111 2996 1122 σ
3032 1112 3061 1142 (ι
3095 1095 3168 1147 Δι’
3200 1094 3279 1158 οὗ,
3331 1101 3516 1166 φησιν,
3553 1101 3649 1148 καὶ
3683 1101 3838 1168 ἡμεῖς

2217 1179 2459 1254 ἐλάϐομεν
2502 1185 2664 1256 χάριν
2694 1187 2782 1234 καὶ
2816 1181 3110 1241 ἀποστολὴν
3142 1183 3207 1243 εἰς
3236 1185 3475 1243 ὑπακοὴν
3507 1191 3761 1251 πίστεως,
3811 1211 3834 1240 ι

2216 1272 2340 1335 οἷον,
2375 1271 2601 1344 Ἐχομεν
2652 1275 2744 1333 τὰς
2793 1278 3106 1348 μαρτυρίας,
3157 1278 3335 1344 φησιν,
3367 1280 3458 1326 καὶ
3491 1275 3543 1336 ἐξ
3574 1276 3742 1327 ἄλλων
3778 1278 3841 1338 ἃς

2216 1364 2418 1433 εἶπομεν
2448 1379 2460 1392 ο
2516 1369 2772 1436 μαρτυρεῖ
2822 1357 2880 1414 δε
2931 1367 3020 1414 καὶ
3074 1367 3129 1413 τὸ
3180 1365 3446 1436 ἡμέτερον,
3508 1367 3627 1416 Υἰὸν
3674 1367 3840 1418 αὐτόν

2214 1449 2378 1510 ἀληθῆ
2411 1448 2538 1503 εἶναι
2583 1459 2720 1503 Θεοῦ
2751 1470 2762 1482 ο
2805 1459 2954 1503 ποῖον
2985 1459 3176 1519 τοῦτο;
3228 1456 3287 1504 τὸ
3316 1457 3524 1525 τρέχειν
3568 1458 3664 1525 μὲν
3693 1458 3837 1526 ἡμᾶς

2212 1544 2299 1592 καὶ
2330 1542 2726 1610 κατεπείγισθαι
2759 1540 2828 1601 εἰς
2868 1543 2935 1592 τὰ
2984 1543 3100 1598 ἔθνη
3158 1541 3192 1592 ἃ
3221 1541 3312 1592 οὐκ
3351 1545 3578 1614 ἔγνωμεν
3613 1561 3627 1573 ·
3662 1543 3836 1598 ἐκεῖνα

2214 1625 2272 1681 δὲ
2320 1631 2594 1681 ὑπακούειν
2641 1635 2728 1681 καὶ
2780 1627 3037 1700 δέχεσθαι
3089 1635 3172 1682 τὸν
3215 1629 3366 1701 λόγον
3397 1640 3489 1690 τῆς
3538 1637 3777 1693 πίστεως
3816 1653 3830 1668 ο

3577 1743 3591 1757 ο
3626 1724 3835 1797 ἀνθρω-

2213 1828 2304 1860 πον
2344 1808 2695 1860 καταλιπόντα
2743 1805 2980 1881 πατρίδα
3028 1814 3115 1860 καὶ
3168 1814 3310 1880 γένος
3355 1815 3566 1883 τρέχειν
3620 1812 3690 1871 εἰς
3743 1812 3835 1863 ἀλ-

2211 1898 2437 1972 λοτρίαν,
2473 1894 2725 1969 οὐδεμιᾶς
2774 1898 3016 1969 ὠφεὶείας
3065 1900 3093 1956 ἦ
3146 1895 3366 1972 κέρδους
3395 1902 3541 1952 ἕνεκα
3593 1919 3838 1972 σωματι-

2208 1993 2303 2036 κοῦ
2341 2003 2352 2018 ·
2395 1991 2445 2038 τί
2471 1985 2600 2057 λέγω
2631 1983 2851 2059 κέρδους
2893 1991 2980 2039 καὶ
3035 1986 3314 2059 ὠφελείας
3360 1987 3489 2040 ἀλλὰ
3534 1999 3832 2056 κοπιῶντα,

2208 2074 2545 2146 λιμώττοντα,
2615 2082 2949 2148 τυπτόμενον,
3019 2078 3419 2150 μαστιζομενον,
3483 2080 3836 2153 ὑπερορώμε-

2209 2185 2308 2235 νον,
2368 2164 2494 2216 ἀλλὰ
2551 2167 2689 2236 ὅμως
2743 2169 2800 2217 τὸ
2854 2166 3039 2218 οἰκεῖον
3099 2169 3246 2236 ἔργον
3305 2166 3527 2220 ἀνύοντα
3577 2174 3668 2220 καὶ
3731 2175 3836 2227 τὴν

2207 2257 2385 2304 πίστιν
2435 2253 2851 2324 καταγγέλλοντα
2885 2270 2896 2281 ·
2939 2253 3256 2326 ἑλίμωττεν;
3313 2255 3443 2306 ἀλλὰ
3493 2261 3580 2308 καὶ
3635 2257 3833 2319 ἄλλους

2208 2345 2404 2414 ἔτρεφεν
2440 2359 2453 2372 °
2507 2344 2806 2415 ὑπερεώρων
2861 2343 3058 2409 ardre»;
3117 2342 3225 2394 ἀλλ’
3276 2345 3490 2418 ὕστερον
3530 2350 3623 2396 καὶ
3670 2345 3834 2397 ἐθαύ-

2207 2434 2398 2502 μαζον·
2452 2432 2667 2483 ἔτυπτον
2701 2451 2712 2500 ;
2746 2430 2849 2482 ἀλλ’
2913 2431 3183 2485 ἐπίστευον
3217 2450 3231 2464 ⁸
3276 2429 3496 2485 ἐδίωκον
3528 2450 3540 2498 ;
3595 2434 3705 2484 ἀλλ’
3739 2434 3833 2487 ἐπ-

2208 2521 2422 2580 εζήτουν
2453 2539 2464 2553 ο
2518 2519 2796 2592 ἐμάστιζον
2831 2537 2844 2588 ;
2879 2519 3007 2573 ἀλλὰ
3056 2518 3149 2573 διὰ
3194 2530 3291 2574 τῶν
3323 2519 3626 2596 σουδαρίων
3660 2525 3828 2576 αὑτοῦ

2207 2616 2293 2661 καὶ
2345 2612 2693 2682 σιμικινθίων,
2745 2619 2842 2662 τῶν
2906 2619 3216 2682 σωματικῶν
3273 2611 3675 2668 ἀπηλλάσσοντο
3724 2635 3828 2685 μα-

2210 2704 2401 2770 στίγων
2436 2717 2448 2730 °
2502 2693 2605 2775 ἆρα
2656 2704 2726 2770 μὴ
2780 2703 2966 2774 μικρὸν
3021 2704 3307 2775 μαρτύριον
3359 2709 3516 2755 τοῦτο
3570 2704 3601 2761 ἦ
3653 2700 3824 2756 ἐνδέον

2205 2797 2304 2840 τῶν
2336 2793 2731 2862 προειρημένων,
2767 2789 2834 2849 εἰς
2877 2793 2932 2843 τὸ
2967 2788 3245 2860 ἐπιγνῶναι
3287 2793 3488 2852 πάντας
3535 2794 3655 2845 Υιον
3686 2802 3828 2846 Θεοῦ

2206 2875 2332 2930 εἶναι
2365 2882 2450 2930 τὸν
2483 2882 2709 2950 Χριστόν
2737 2895 2750 2944 ;

2757 2974 3067 3022 ΕΡΩἸΊΙΣΙΣ
3106 2969 3270 3025 ΡΠΔ’.

2271 3153 2332 3200 Τί
2368 3146 2480 3200 ἐστι
2517 3166 2528 3178 ·
2567 3167 2595 3199 ι(
2631 3150 2729 3200 Καὶ
2760 3144 3018 3204 ἐκωλύθην
3049 3149 3185 3218 ἄχρι
3214 3154 3306 3200 τοῦ
3348 3142 3526 3220 δεῦρο,
3567 3156 3654 3204 ἱνα
3689 3169 3819 3223 κειρ-

2747 3223 2839 3270 πόν
2865 3237 2978 3271 τινα
3011 3228 3130 3289 σχῶ
3169 3236 3181 3284 ;
3216 3240 3243 3272 ι)

1119 3326 1269 3375 Edita
1305 3337 1336 3374 a
1365 3324 1503 3373 Maio
1530 3325 1584 3384 (Ι.
1619 3339 1662 3372 c.
1697 3340 1749 3388 p.
1781 3326 1886 3382 “2,
1921 3328 2024 3382 H3,
2048 3341 2098 3390 q.
2136 3326 2267 3392 29L)
2291 3352 2353 3361 —
2388 3324 2701 3387 Explanatio
2737 3325 2789 3373 in
2823 3324 2972 3374 Boni.
3007 3339 3040 3380 ι.
3077 3327 3153 3374 13.

511 3417 646 3473 Haec
676 3417 878 3480 verba,
913 3417 1147 3487 Opinor,
1200 3415 1560 3486 transposita
1591 3419 1746 3477 sunt,
1774 3420 1828 3469 et
1859 3416 1968 3470 illis
1998 3416 2094 3471 hic

443 3522 681 3567 sensus,
710 3507 836 3559 haec
869 3510 923 3559 et
944 3504 1302 3560 continuitas
1339 3521 1350 3560 :
1389 3524 1414 3550 ‹‹
1446 3503 1594 3566 Quia
1622 3517 1779 3572 δεῦρο
1809 3504 2090 3574 prOposui

439 3595 635 3648 venire
665 3593 743 3649 ad
776 3609 881 3648 vos
941 3599 1000 3648 ut
1055 3593 1317 3662 aliquem
1341 3589 1594 3644 fructum
1631 3590 1912 3656 habeam,
1945 3598 2001 3646 et
2032 3594 2090 3647 in

438 3683 621 3738 vobis.
660 3704 682 3733 υ
722 3683 817 3736 Hic
841 3686 1040 3737 autem
1068 3681 1144 3734 ad
1172 3697 1275 3734 eos
1304 3678 1653 3743 adveniens,
1677 3694 1858 3734 causa
1881 3680 2092 3738 fuisset

439 3788 542 3826 cur
578 3771 854 3843 copiosos
901 3771 1129 3842 pietatis
1158 3768 1380 3823 fructus
1411 3767 1644 3822 ferrent.
1679 3768 1842 3823 Haud
1868 3770 2086 3835 nescio,

437 3861 646 3934 inquit,
689 3860 871 3915 ﬁdem
937 3874 1208 3930 sparsam
1267 3873 1398 3912 esse
1437 3856 1586 3912 inter
1617 3872 1742 3922 vos,
1777 3858 1881 3913 sed
1912 3858 2090 3915 etiam

435 3951 593 4007 hanc
618 3947 961 4020 frugiferam
978 3948 1102 4002 fieri
1120 3947 1396 4003 desidero
1419 3947 1547 4001 etin
1570 3947 1761 4009 vobis,
1783 3953 1845 4003 ut
1865 3946 2089 4004 fructus

437 4056 680 4112 carpere
704 4039 948 4111 possim.
981 4037 1186 4093 Vestra
1208 4039 1362 4092 enim
1388 4051 1522 4092 mea
1543 4037 1696 4092 duco
1727 4054 1740 4104 ;
1774 4037 1822 4092 si
1850 4037 2087 4093 videam

433 4131 659 4186 fructus
701 4129 759 4184 in
806 4129 998 4193 vobis,
1032 4127 1113 4183 ita
1169 4125 1433 4191 laetabor,
1491 4125 1731 4197 perinde
1785 4142 1852 4182 ac
1884 4129 1932 4182 si
1977 4142 2088 4197 ego

434 4221 658 4276 fructus
691 4218 920 4282 ferrem,
976 4218 1156 4289 iisque
1213 4224 1458 4272 ornatus
1507 4232 1722 4271 essem.
1777 4217 1868 4272 Sic
1918 4217 2091 4272 inter-

433 4309 758 4382 pretandus
810 4309 904 4364 hic
949 4308 1138 4369 locus,
1196 4307 1452 4362 admissa
1502 4305 1859 4362 inversione.
1927 4308 2089 4362 Tunc

433 4399 593 4454 enim
643 4398 803 4467 leges
834 4414 968 4470 quae
996 4395 1327 4468 sequuntur
1367 4414 1434 4454 :«
1467 4397 1529 4449 Et
1580 4395 1912 4466 prohibitus
1953 4411 2083 4450 sum

432 4504 614 4561 usque
647 4487 844 4543 adhuc
877 4488 916 4540 ‘.
945 4508 970 4534 n
1003 4484 1336 4558 Repudiata
1374 4489 1574 4539 autem
1619 4484 1973 4549 inversione,
2005 4484 2086 4538 sic

431 4578 547 4633 fere
580 4575 1069 4646 intelligendum:
1113 4575 1440 4632 Prohibitus
1478 4589 1601 4629 sum
1659 4589 1834 4645 usque
1864 4575 2082 4638 adhuc,

429 4673 776 4740 exspectans
815 4667 1005 4722 donec
1023 4664 1163 4720 fidei
1216 4663 1439 4720 fructus
1470 4664 1530 4718 in
1562 4663 1731 4719 vobis
1786 4663 2074 4720 viderem.
2121 4699 2164 4752 Β

430 4758 743 4822 Quomodo
803 4757 976 4829 igitur
1018 4755 1280 4812 fructum
1321 4753 1574 4810 feremus
1613 4754 1808 4818 ?Quas
1870 4753 2085 4809 utilitas

431 4847 720 4903 adventus
751 4847 882 4902 tui?
908 4846 1031 4901 lmo
1065 4861 1204 4900 vero
1234 4844 1459 4911 multa;
1493 4858 1613 4898 non
1649 4843 1830 4906 enim,
1865 4842 2080 4914 inquit,

431 4951 640 4990 omnes
697 4937 941 5000 fructus,
983 4940 1040 4990 at
1071 4934 1320 5008 quidam
1362 4935 1575 4989 saltem
1631 4933 1856 5001 negleci
1896 4937 2035 4987 sunt
2069 4947 2081 4997 ;

431 5038 590 5077 nunc
621 5026 794 5078 venio
827 5030 910 5086 ut,
946 5024 1071 5094 jam
1124 5023 1330 5091 seduli,
1363 5038 1468 5094 per
1508 5038 1603 5078 me
1636 5022 1824 5091 parati
1851 5021 1976 5078 sitis
2005 5021 2080 5076 ad

429 5110 689 5181 reliquos
732 5111 953 5167 fructus
1006 5113 1303 5168 ferendos.
1357 5112 1583 5167 Etenim
1637 5116 1699 5167 ut
1730 5126 2084 5182 supervaca-

429 5215 611 5257 neum
643 5204 730 5255 est
758 5199 976 5258 fructus
1035 5201 1284 5259 eximios
1343 5203 1618 5257 edentem
1671 5201 1943 5269 excitare,
1996 5199 2080 5258 sic

505 5330 523 5362 ³
552 5328 720 5383 Rom.
756 5343 795 5389 1,
821 5327 875 5381 5.
909 5326 928 5358 ‘
959 5328 1128 5381 Rom.
1161 5343 1198 5383 1.
1230 5328 1320 5382 43.

2278 3415 2404 3467 Καθ’
2457 3412 2739 3487 ὑπερϐατὸν
2785 3414 3028 3486 εἰρῆσθαί
3080 3434 3169 3484 μοι
3215 3411 3382 3480 δοκεῖ,
3419 3416 3483 3468 ἶν’
3512 3413 3542 3474 ἦ
3579 3422 3639 3468 τὸ
3685 3421 3818 3469 κατά

2207 3509 2478 3575 συνέχειαν
2510 3505 2674 3563 οὕτως
2716 3522 2728 3534 ·
2781 3523 2809 3555 ιι
2859 3503 3115 3565 Πολλάκις
3169 3507 3458 3579 προεθέμην
3501 3505 3663 3558 ἐλθεῖν
3694 3511 3815 3578 πρὸς

2205 3596 2359 3664 ὑμᾶς,
2414 3594 2495 3644 ἵνα
2534 3595 2650 3644 τινὰ
2692 3595 2890 3663 καρπὸν
2942 3603 3061 3664 σχῶ
3105 3613 3116 3626 ·
3151 3599 3242 3648 καὶ
3275 3597 3372 3668 γὰρ
3428 3596 3457 3652 ἡ
3494 3598 3685 3648 τοῦτον
3717 3615 3814 3646 πα-

2203 3689 2393 3754 ρουσία
2435 3683 2640 3743 πάντως
2688 3682 2876 3744 αὐτοὺς
2936 3690 3279 3754 καρποφορεῖν
3327 3682 3573 3741 ἐποίησεν
3627 3685 3686 3736 ἂν
3727 3691 3813 3742 τὴν

2204 3770 2463 3824 εὐσέϐειαν
2498 3787 2510 3799 ⁸
2545 3773 2602 3821 τὸ
2654 3766 2713 3822 δε
2764 3774 2982 3843 καρπὸν,
3033 3768 3176 3834 οἶδα,
3226 3777 3406 3843 φησιν,
3457 3775 3602 3832 ὀτιὴ
3641 3781 3809 3833 πίστις

2203 3862 2324 3932 υμῖν
2389 3859 2714 3933 ἐνίσπαρττιι,
2792 3860 2919 3913 ἀ)λά
2968 3866 3056 3913 καὶ
3111 3865 3308 3934 καρπὸν
3366 3870 3523 3932 σχεῖν
3581 3862 3809 3934 ἐπιθυμῶ

2201 3949 2324 4021 παρ’
2361 3951 2501 4020 ὑμῶν
2543 3951 2625 4000 ἵνα
2677 3952 2874 4021 καρπὸν
2930 3959 3050 4021 σχῶ
3105 3966 3116 3980 ⁸
3150 3953 3215 4002 τὰ
3261 3953 3361 4022 γὰρ
3422 3952 3668 4022 ὑμέτερα,
3721 3951 3810 4022 ἐμὲ

2199 4039 2477 4110 λογίζομαι
2525 4058 2536 4071 ·
2574 4037 2634 4090 ἂν
2675 4035 2761 4090 οὖν
2817 4035 2918 4090 ἴδω
2966 4042 3163 4113 καρπόν
3221 4037 3268 4090 ἐν
3323 4040 3467 4110 ὑμῖν,
3527 4041 3693 4100 οὕτως
3739 4042 3809 4093 εν·

2201 4131 2563 4201 φρανθὴσομαι
2604 4131 2671 4188 ὡς
2728 4127 2880 4187 αὐτὸς
2923 4126 3020 4198 ἐγὼ
3066 4131 3152 4181 τὸν
3192 4131 3390 4201 καρπὸν
3444 4132 3605 4200 ἔχων,
3649 4137 3735 4182 καὶ
3763 4130 3804 4181 ἐν

2200 4221 2365 4289 τούτῳ
2409 4227 2580 4290 κομῶν
2631 4235 2643 4249 '
2701 4217 2834 4270 οὕτω
2872 4220 2962 4290 μεν
3016 4220 3115 4289 γὰρ
3158 4218 3203 4270 εἰ
3259 4217 3379 4269 καθ’
3423 4218 3714 4292 ὑπερϐατὸν
3740 4239 3804 4278 τις

2200 4306 2407 4358 ἐκλάϐοι
2457 4310 2514 4359 τὸ
2562 4311 2763 4381 χωρίον
2821 4323 2833 4336 ·
2894 4309 3042 4359 ἔσται
3075 4310 3174 4381 γὰρ
3232 4311 3290 4358 τὸ
3330 4307 3514 4377 ἑφεξῆς
3569 4325 3581 4337 '
3643 4331 3670 4360 (ι
3712 4315 3799 4362 Καὶ

2199 4393 2458 4454 tunsam
2498 4398 2632 4468 ἄχρι
2662 4404 2752 4448 τοῦ
2785 4392 2938 4470 δεῦρο
2970 4416 2982 4430 ·
3022 4418 3048 4448 υ
3080 4397 3120 4448 εἰ
3145 4393 3202 4448 δε
3235 4401 3308 4468 μὴ
3345 4398 3464 4449 καθ’
3497 4396 3794 4471 ὑπερϐατὸν,

2199 4485 2331 4535 οὕτω
2371 4487 2577 4543 νοηθείη
2626 4487 2685 4536 οἰν
2720 4501 2732 4513 '
2769 4485 3060 4542 Ἐκωλῦθην
3093 4487 3227 4556 ἄχρι
3270 4493 3359 4537 τοῦ
3413 4482 3590 4559 δεῦρο,
3628 4485 3796 4558 ἀναμε-

2197 4594 2291 4624 νων
2345 4578 2540 4648 καρπὸν
2596 4582 2685 4634 τῆς
2740 4579 2963 4636 πίστεως
3015 4573 3062 4628 ἓν
3105 4576 3226 4646 ὑμῖν
3281 4570 3410 4626 ἰδεῖν
3447 4595 3459 4606 ·

2197 4667 2284 4713 καὶ
2341 4672 2742 4740 καρπορορῶμεν
2787 4680 2800 4730 ;
2849 4669 2923 4723 τίς
2965 4667 3120 4735 χρεία
3160 4672 3253 4725 τῆς
3315 4672 3409 4723 σῆς
3467 4669 3786 4736 παρουσίας;

2196 4751 2352 4810 πολλὴ
2387 4757 2475 4824 μεν
2507 4750 2593 4804 οὖν
2629 4770 2640 4782 °
2676 4753 2734 4804 οῦ
2788 4754 2886 4826 γὰρ
2927 4755 3095 4805 πάντα
3117 4754 3224 4824 ξτόν
3253 4758 3454 4825 καρπον
3497 4773 3651 4824 φησιν
3689 4753 3784 4804 ανί-

3522 4581 3572 4626 τί
3620 4573 3700 4628 οὖν
3741 4575 3791 4625 ἂν

2195 4860 2361 4912 μενον,
2412 4841 2542 4894 ἀλλὰ
2591 4845 2704 4894 τινα
2742 4848 2938 4915 καρπον
2973 4859 2987 4872 ⁸
3038 4843 3119 4894 ἱνα
3171 4845 3439 4917 πρόθυμον
3496 4844 3643 4903 αὐτὸς
3693 4862 3781 4894 πα-

2192 4933 2504 5003 ρασκευάσω
2553 4936 2641 4984 καὶ
2700 4940 2796 4983 τῶν
2855 4931 3095 4984 λείποντα
3141 4936 3302 5004 φέρειν
3354 4939 3550 5004 καρπον
3584 4951 3595 4962 ³
3626 4935 3776 5001 ὥσπερ

2192 5023 2289 5094 γὰρ
2375 5024 2610 5094 περιττὸν
2683 5024 2741 5076 τὸ
2803 5026 2887 5076 τὸν
2976 5023 3176 5082 τελείως
3253 5030 3670 5098 καρποφοροῦντα
3706 5015 3776 5068 δι-

2189 5106 2430 5175 δάσκειν,
2487 5112 2618 5164 οὕτω
2662 5110 2923 5172 παντελῶς
2980 5109 3218 5164 ἐπίπονον
3263 5115 3353 5163 καὶ
3409 5113 3670 5183 gazam-1
3699 5113 3773 5158 τον

2192 5195 2433 5270 μηδόλως
2485 5200 2554 5264 εἰς
2594 5200 2875 5275 εὐκαρπίαν
2930 5203 3224 5272 εὔχρηστον
3275 5208 3347 5272 τῷ
3408 5209 3498 5266 τῆς
3539 5196 3770 5254 διδασκα-

2003 5433 2230 5491 ΝΟΤΑΞ.

499 5542 611 5617 (8t)
644 5539 806 5598 Idem
830 5535 988 5595 Pauli
1021 5540 1204 5594 textus
1229 5553 1289 5610 q.
1324 5537 1429 5593 XCI
1460 5534 1799 5610 exponitur.
