4026 6206
155 285 310 346 ill?

155 441 276 504 λίας
326 442 529 518 ἀρότρῳ
573 441 946 518 ἐξεργάζεσθαι
985 451 1074 498 καὶ
1105 445 1349 522 ἀροτριᾷν
1389 461 1403 476 ⁸
1444 447 1488 498 εἰ
1530 449 1630 522 γὰρ
1672 450 1766 498 καὶ
1797 445 1843 500 Α

159 532 374 598 κλητοὶ,
405 532 514 584 ἀλλ’
565 535 652 586 οὖν
701 541 861 608 χρεία
904 541 994 588 καὶ
1051 544 1142 597 τῆς
1185 537 1378 597 οἰκείας
1416 541 1768 611 προαιρέσεως

160 627 256 674 καὶ
301 620 545 686 σπουδῆς
578 641 592 654 ·
650 647 678 674 ι(
709 624 846 678 Ἐπεὶ
906 631 996 678 καὶ
1045 626 1221 678 πολλοὶ
1269 625 1472 692 κλητοὶ,
1502 625 1669 697 ὀλίγοι
1709 621 1768 678 δε

161 711 422 768 ἐκλεκτοί.
469 733 494 764 ι)

707 895 1018 964 ΕΡῼΤΗΣΙΣ
1075 889 1232 949 zns‘.

159 1053 226 1101 Τί
279 1049 398 1102 ἐστι
429 1067 440 1080 ·
479 1071 506 1102 ‹‹
561 1054 870 1110 Δικαιοσύνη
927 1054 1023 1125 γὰρ
1054 1060 1186 1106 Θεοῦ
1230 1053 1280 1104 ἐν
1325 1053 1465 1125 αύτῷ
1511 1051 1768 1106 ἀποκαλύ-

815 1143 1000 1176 πτεται
1033 1142 1047 1190 ;
1085 1145 1112 1174 n

861 1221 1016 1272 Edita
1043 1237 1074 1272 a
1103 1223 1240 1272 Maio
1269 1223 1326 1286 (1.
1363 1237 1407 1272 c.
1443 1238 1492 1286 p.
1527 1224 1636 1278 163,
1663 1223 1770 1279 1H,
1799 1237 1849 1286 q.

235 1312 560 1368 Δικαιοσύνη
599 1313 700 1385 γὰρ
731 1318 884 1376 Θεοῦ,
919 1316 1204 1376 τουτέστιν,
1249 1315 1280 1372 ἡ
1323 1310 1637 1370 δικαιοσύνη
1679 1318 1770 1364 τοῦ

163 1405 300 1451 Θεοῦ
333 1398 382 1450 ἓν
436 1407 508 1469 τῷ
547 1399 844 1470 Εύαγγελίῳ
874 1401 1032 1452 αὑτοῦ
1065 1399 1484 1454 ἀποκαλύπτεται
1536 1405 1622 1453 καὶ
1676 1407 1770 1472 φα.

161 1495 408 1562 νεροῦται
441 1505 456 1520 ·
483 1497 588 1549 πῶς
629 1494 720 1542 καὶ
757 1495 872 1544 τίνα
923 1494 1114 1562 τρόπον
1147 1507 1161 1558 ;
1205 1489 1258 1542 ὶκ
1297 1495 1524 1551 πίστεως
1556 1493 1646 1562 μὲν
1677 1497 1768 1542 τοῦ

163 1581 496 1650 προσιόντος,
545 1581 634 1636 την
688 1577 862 1652 ἀρχὴν
915 1578 1254 1651 λαμϐάνουσα
1296 1588 1390 1640 τῆς
1438 1583 1770 1654 φανερώσεως

163 1673 254 1720 καὶ
305 1666 725 1738 ἀποκαλύψεως⁹
759 1669 829 1729 εἰς
856 1675 1034 1720 πίστιν
1089 1667 1148 1722 δὲ
1200 1673 1513 1743 προάγουσα
1555 1673 1638 1720 καὶ
1687 1688 1772 1721 τε-

163 1757 384 1810 λειοῡσα
423 1760 512 1810 τὸν
564 1763 966 1824 πεπιστευκότα,
1007 1759 1253 1833 εἰλικρινῆ
1317 1763 1407 1810 καὶ
1461 1757 1702 1830 ἀκέραιον
1752 1775 1765 1788 ·
1799 1771 1842 1825 Β

164 1846 272 1916 οὐχ
314 1849 378 1905 ἣν
409 1847 594 1918 τὲχναι
630 1855 1032 1920 συγκρατοῦσιν⁹
1064 1847 1168 1902 ἀλλ’
1209 1849 1272 1908 ἣν
1301 1849 1332 1905 ἡ
1363 1849 1552 1900 ἄνωθεν
1583 1847 1769 1918 ἔλλειμ-

161 1934 254 2005 ψις
307 1935 636 2010 χαριζομένη
683 1945 754 2007 τῷ
795 1941 963 2012 μέτρῳ
993 1940 1216 2011 παρέχει
1243 1945 1338 1998 τῆς
1379 1940 1766 2009 προαιρέσεωςο

161 2026 300 2081 αὕτη
356 2027 458 2098 γάρ
489 2024 632 2078 ἐστιν
677 2027 707 2083 ἡ
739 2033 828 2078 τοῦ
879 2034 1012 2078 Θεοῦ
1057 2026 1522 2098 ἁποκαλυπτομὲνη
1557 2022 1652 2077 διὰ
1675 2033 1768 2078 τοῦ

165 2112 488 2184 Εὐαγγελίου
533 2109 874 2178 δικαιοσύνη,
908 2116 988 2166 ὅτι
1021 2119 1228 2189 σπέρμα
1255 2119 1482 2175 πίστεως
1521 2115 1765 2187 εὑροῦσα,

157 2206 370 2276 καρπόν
401 2200 705 2274 βλαστῆσαι
747 2207 1108 2275 παρεσκεύασε
1135 2208 1358 2263 πίστεως
1386 2221 1400 2236 ·
1436 2206 1548 2254 ἔστι
1589 2200 1648 2256 δι
1681 2209 1769 2254 καὶ

158 2291 332 2351 eine»;
360 2290 632 2344 ὑπολαϐεῖν
655 2296 748 2350 τὴν
783 2289 1020 2346 διάνοιαν
1053 2300 1146 2344 τοῦ
1174 2293 1338 2366 ῥητοῦ
1380 2310 1392 2322 ·
1430 2295 1510 2345 ότι
1549 2291 1596 2344 ὶν
1627 2292 1768 2363 αὐτῷ

157 2388 238 2450 τῷ
267 2381 571 2432 πιστεύοντι
609 2381 640 2438 ἡ
690 2376 1000 2438 δικαιοσύνη
1045 2389 1138 2432 τοῦ
1183 2387 1318 2434 Θεοῦ
1365 2383 1652 2455 καθορᾶται
1679 2385 1770 2432 καὶ

155 2475 484 2540 γινώσκεται
523 2485 536 2498 °
579 2470 660 2520 ὅτι
703 2472 894 2544 μικρὰν
953 2475 1128 2524 πίστιν
1190 2475 1536 2543 προαιρέσεως
1601 2468 1768 2522 λαϐὼν

157 2559 290 2632 παρ’
325 2557 512 2624 αὐτοῦ,
539 2557 660 2616 ὃλην
701 2559 840 2629 αύτῷ
869 2563 963 2616 τὴν
990 2557 1044 2620 ἐξ
1089 2557 1460 2627 ἀποκαλύψεως
1505 2565 1593 2610 καὶ
1634 2560 1769 2618 θείας

159 2651 410 2718 γνώσεως
445 2650 624 2698 πίστιν
670 2651 990 2721 παρέσχετο,
1051 2646 1104 2698 ἐκ
1149 2655 1242 2708 τῆς
1291 2647 1496 2707 ἀτελοῦς
1543 2651 1770 2708 πίστεώς

161 2737 240 2796 εἰς
307 2737 538 2807 μεγάλην
605 2735 754 2788 αὐτὸν
824 2741 1238 2809 χειραγωγησας
1290 2743 1378 2788 καὶ
1451 2741 1769 2811 καταρτίσας

157 2831 394 2886 πίστεως
433 2823 728 2882 τελειότητα
763 2843 773 2854 ·
817 2821 929 2878 εἶτα
963 2827 1136 2887 καθὼς
1165 2829 1456 2900 γέγραπται
1497 2843 1509 2856 ·
1555 2845 1584 2878 ι(
1621 2825 1678 2878 Ὀ
1711 2821 1770 2877 δε

1059 2934 1086 2966 ν
1120 2919 1190 2986 μὴ
1232 2920 1452 2986 νομίσῃς
1495 2911 1572 2980 δὲ,
1615 2917 1767 2986 φησι,

951 3011 1104 3056 τοῦτο
1149 3012 1443 3076 προῳητικῇ
1501 3011 1636 3075 φωνῇ
1681 3011 1770 3054 τοῦ

161 2911 382 2975 δίκαιος
406 2914 461 2966 ἐκ
489 2919 715 2974 πίστεως
745 2914 964 2974 ζήσεται
999 2931 1010 2944 ·

139 3006 350 3055 -καινὸν
407 3007 496 3054 καὶ
543 3008 843 3078 πρόσφατον
883 3021 896 3036 ⁸

165 3091 478 3163 ’Δεϐακούμ
521 3093 716 3145 ’ἄνωθεν
755 3095 1270 3167 προανακηρύττεται
1309 3112 1324 3126 ·
1383 3097 1509 3164 ποία
1565 3095 1769 3164 return;

165 3202 196 3234 ei
227 3181 288 3234 Ὀ
316 3177 378 3233 δὲ
405 3177 612 3242 δίκαιος
641 3181 696 3233 ἐκ
725 3185 952 3243 πίστεως
981 3183 1218 3242 ζήσεται·
1255 3203 1274 3232 ι
1309 3186 1594 3244 τουτέστιν,
1622 3184 1652 3240 ἡ
1681 3189 1773 3234 τοῦ

163 3268 388 3324 δικαίου
411 3276 498 3323 καὶ
527 3267 822 3324 σπουδαίου
855 3273 986 3330 ζωή·
1013 3268 1216 3324 δίκαιον
1239 3275 1338 3344 γὰρ
1370 3276 1456 3324 τόν
1487 3277 1658 3324 πᾶσαν
1679 3276 1772 3328 τήν

167 3361 364 3435 ἀρετὴν
401 3361 808 3434 κατορθώσαντα
856 3367 942 3411 νύν
982 3359 1114 3430 λέγει
1165 3377 1176 3392 '
1225 3363 1408 3412 τούτου
1458 3357 1544 3412 οὖν
1583 3362 1614 3418 ἡ
1669 3364 1772 3422 ζωὴ

165 3454 352 3502 πίστει
406 3448 518 3501 ἐστὶ
567 3451 916 3522 περατουμένη
965 3454 1056 3500 καὶ
1091 3451 1420 3521 συμπεριλαμ
1474 3448 1724 3522 ϐανομένη
1757 3469 1769 3483 ’

162 3541 404 3611 ἄρχεται
438 3541 526 3610 μιν
561 3541 662 3610 γὰρ
704 3537 806 3590 ἀπὸ
855 3545 950 3598 τῆς
993 3541 1126 3590 κατὰ
1167 3545 1469 3613 προαίρεσιν
1499 3545 1724 3599 πίστεως
1757 3556 1768 3568 ·

163 3627 384 3694 τελευτᾷ
439 3623 498 3678 δὲ
541 3631 628 3678 καὶ
685 3625 1102 3698 ἁποπερατοῡται
1159 3628 1226 3687 εἰς
1289 3633 1382 3685 τὴν
1445 3631 1580 3682 κατὰ
1638 3631 1774 3680 θείαν

165 3715 504 3786 ἀποκάλυψιν
544 3720 724 3768 πίστιν
759 3735 772 3750 ο
814 3713 898 3768 διὸ
927 3715 1000 3768 ἀεὶ
1035 3718 1060 3768 ὁ
1089 3713 1296 3777 δίκαιος
1326 3715 1379 3770 ἐκ
1405 3723 1629 3779 πίστει-ις
1657 3719 1720 3778 ζῆ
1757 3737 1769 3750 ·

161 3810 228 3858 τὸ
262 3803 324 3858 δε
357 3806 596 3866 ζήσεται,
644 3807 722 3857 ὅτι
749 3805 842 3858 οὐκ
871 3805 1030 3866 ἔζησε
1073 3809 1182 3877 μὲν,
1230 3810 1487 3858 παύσεται
1537 3803 1614 3872 δε,
1651 3807 1776 3858 ἀλλὰ

163 3901 260 3948 καὶ
321 3894 480 3946 εἰσέτι
542 3897 762 3956 ζήσεται
827 3898 892 3954 ὡς
943 3901 1032 3946 καὶ
1083 3899 1328 3967 πρότερον
1383 3895 1550 3956 ζήσας
1583 3917 1596 3928 ·
1652 3897 1772 3970 ὅπερ

167 3981 286 4038 ἴσον
315 3991 410 4052 τῷ,
447 3981 524 4036 ἀεὶ
551 3983 614 4054 ζῇ
649 3983 706 4036 ἐκ
747 3987 970 4044 πίστεως
1011 4001 1022 4013 ·
1057 3987 1114 4035 τὸ
1157 3981 1216 4036 δι
1241 3985 1480 4051 ζήσεται,
1517 3983 1630 4038 ἀντὶ
1659 3993 1771 4050 τοῦ,

167 4071 268 4126 διὰ
295 4075 486 4132 παντὸς
539 4071 590 4124 ἐν
637 4069 766 4146 αύτῇ
817 4073 964 4126 ἔσται
1014 4078 1103 4125 καὶ
1135 4075 1563 4147 στηριχθήσεται
1598 4091 1610 4102 ·
1643 4075 1776 4126 ὥστε

165 4160 314 4237 μηδὲ
349 4162 446 4234 ζῇν
476 4163 742 4236 αἱρεῖσθαι
767 4167 937 4235 χωρὶς
967 4163 1128 4224 αὐτῆς
1160 4159 1298 4234 μηδὲ
1337 4161 1594 4218 ἀναπνεῖν.

719 4259 1032 4306 ΕΡΩΤΗΣΙΣ
1072 4251 1230 4334 zng'

165 4417 232 4466 Τί
263 4411 384 4466 ἐστι
413 4415 470 4464 τὸ
501 4413 644 4486 παρά
769 4411 1072 4484 Ἀποστόλῳ
1107 4412 1370 4484 εἰρημένον
1395 4431 1406 4443 ·
1447 4431 1474 4464 ‹‹
1503 4408 1776 4484 Παράδοτε

682 4484 834 4538 αὐτὸν
865 4493 936 4555 τῷ
967 4489 1204 4554 Eat-owe};
1248 4503 1276 4532 ν

991 295 1088 349 AD
1119 281 1664 351 AMPHILOCHIUM
1705 283 2034 362 QUzEsTIo
2077 285 2854 356 CCLXXXIv-CCLXXXVI.

1810 4481 1854 4536 D

3397 297 3533 364 m8

1879 445 2044 504 multi
2086 452 2142 504 et
2178 448 2441 522 improbi
2481 451 2702 508 laboris
2724 455 2811 508 est
2835 467 2977 508 arva
3004 453 3270 524 frugibus
3287 455 3534 513 minime

1878 541 2022 610 apta
2051 543 2243 594 aratro
2273 539 2548 596 doctrinas
2578 545 2798 598 vertcre
2840 545 2898 598 ct
2925 542 3221 614 subigere.
3261 545 3315 601 Si
3371 546 3532 602 enim

1877 627 2064 682 vocati
2095 628 2254 692 estis,
2279 633 2336 684 at
2369 628 2538 684 vobis
2565 646 2715 702 opus
2757 635 2845 686 est
2881 633 3122 706 propria
3151 638 3346 690 vestra
3423 635 3537 690 ele—

1878 715 2092 780 ctione,
2117 717 2371 788 propriis
2395 717 2625 784 studiis,
2661 737 2689 768 ‹‹
2717 719 2876 775 Multi
2907 721 3066 776 enim
3125 729 3262 778 sunt
3317 723 3531 790 vocati,

1877 805 2054 876 pauci
2085 821 2225 860 vero
2265 805 2477 864 electi”.
2510 821 2534 850 δ)

1950 893 2268 958 QU/ESTIO
2345 895 2697 970 CCLX7XXV7
2749 897 2948 970 [CoisL
3011 901 3274 966 CCXCIX,
3357 903 3534 959 Taur.

2501 969 2930 1044 CCLXXXVIII].

1881 1053 2034 1119 Quid
2062 1053 2136 1108 sit
2163 1073 2176 1110 :
2210 1077 2237 1106 ‹‹
2270 1057 2515 1112 Justitia
2539 1059 2686 1113 enim
2709 1057 2816 1113 Dei
2843 1059 2904 1114 in
2937 1073 3002 1114 eo
3043 1061 3346 1118 revelatur
3377 1063 3404 1118 ?
3437 1083 3465 1116 »

1885 1225 2017 1284 295).
2047 1252 2110 1262 —-
2139 1225 2454 1287 Explanatio
2473 1226 2529 1275 in
2557 1227 2708 1276 Rom.
2745 1228 2784 1284 Ι,
2833 1229 2910 1278 i7.

1949 1313 2180 1374 Justitia
2207 1315 2368 1372 enim
2397 1315 2518 1382 Dei,
2560 1316 2620 1370 id
2659 1322 2772 1385 est,
2803 1316 3032 1386 justitia
3051 1319 3148 1374 Dei
3179 1319 3238 1375 in
3277 1323 3538 1391 Evange-

1877 1401 1960 1458 lio
1987 1418 2098 1458 suo
2118 1403 2376 1462 revelata
2418 1410 2474 1460 et
2511 1409 2750 1462 retecta.
2806 1407 3122 1469 Quomodo
3157 1411 3186 1462 φ
3239 1409 3482 1466 Proﬂuit
3509 1428 3539 1466 e

1877 1489 2448 1562 tidcproselytorum
2475 1493 2714 1564 justitiae
2769 1495 2982 1550 divinat
3049 1498 3452 1554 manifestatio
3483 1503 3539 1555 et

1877 1579 2174 1644 revelatio,
2204 1595 2532 1653 rursusque
2560 1583 2790 1652 justitia
2819 1584 3128 1641 credentes
3174 1587 3452 1658 propellit
3483 1592 3538 1644 et

1879 1668 2194 1726 conﬁrmat
2219 1669 2470 1726 intidem
2485 1687 2700 1742 puram
2719 1677 2899 1744 atque
2916 1673 3328 1745 incorruptam
3347 1691 3534 1748 quam

1879 1771 2000 1812 non
2013 1763 2168 1813 artes
2195 1757 2480 1824 indicant,
2515 1761 2616 1815 sed
2632 1761 2823 1829 gratia
2833 1761 3038 1818 divina
3054 1764 3310 1836 desuper
3357 1765 3538 1822 nobis

1880 1849 2088 1916 sponte
2118 1862 2230 1902 sua
2259 1845 2479 1903 tribuit.
2525 1849 2654 1904 Haec
2692 1854 2782 1904 est
2819 1850 2978 1906 enim
3009 1851 3214 1908 divina
3241 1852 3342 1908 illa
3379 1869 3543 1909 reve-

1879 1935 2000 1990 lata
2039 1949 2146 2005 per
2177 1935 2562 2006 Evangelium
2587 1937 2836 2008 justitia,
2877 1955 3012 2011 qua:
3085 1940 3328 1998 inventa
3395 1941 3540 1998 ﬁdei

1880 2023 2112 2078 semina
2131 2023 2262 2080 fecit
2291 2027 2354 2080 ut
2419 2025 2822 2094 germinarent
2876 2027 3014 2082 ﬁdei
3069 2028 3312 2085 fructus.
3356 2029 3536 2086 Aliter

1879 2115 2082 2168 tamen
2113 2112 2470 2182 hujusverbi
2503 2129 2714 2170 sensus
2741 2115 2986 2186 intelligi
3017 2122 3230 2190 potest,
3263 2119 3346 2175 ita
3387 2119 3538 2175 scili-

1879 2205 1968 2256 cet
1997 2217 2010 2255 :
2041 2201 2256 2257 Divina
2285 2202 2607 2274 percipitur
2635 2209 2692 2260 et
2720 2205 3096 2274 dignoscitur
3122 2207 3350 2278 iustitia
3389 2208 3536 2280 ipsis

1877 2289 1940 2346 in
1973 2289 2346 2346 credentibus
2401 2291 2526 2364 qui,
2587 2297 2908 2366 postquam
2963 2298 3082 2351 Deo
3139 2297 3538 2368 praestiterunt

1879 2379 2164 2435 modicam
2203 2395 2274 2434 ex
2315 2379 2615 2438 voluntate
2650 2381 2852 2452 ﬁdem,
2929 2385 3217 2456 integram
3271 2385 3536 2442 vicissim

1879 2467 2176 2538 accipiant
2199 2468 2578 2526 revelationis
2610 2476 2668 2526 et
2691 2471 2912 2528 divinae
2949 2474 3209 2530 scientiae
3248 2474 3448 2540 ﬁdem,
3481 2479 3540 2531 et

1879 2571 1947 2612 ex
1971 2557 2138 2612 inani
2166 2558 2434 2628 quadam
2466 2559 2582 2614 ﬁde
2615 2560 2691 2616 ad
2720 2577 3024 2618 summam
3056 2562 3219 2620 illam
3235 2563 3376 2619 ﬁdei
3405 2579 3538 2636 per-

1877 2644 2212 2711 fectionem,
2259 2648 2434 2719 quasi
2502 2663 2690 2704 manu
2721 2650 3009 2721 perducti,
3069 2653 3535 2709 constituuntur.

1883 2735 2054 2801 Quod
2085 2740 2286 2792 autem
2325 2735 2546 2794 deinde
2575 2739 2862 2811 scriptum
2901 2745 3016 2797 est:
3049 2761 3074 2792 (ι
3103 2743 3314 2798 Justus
3345 2741 3539 2799 inﬁde

1884 2841 1996 2880 sua
2033 2825 2190 2880 vivet
2223 2829 2264 2894 ⁸,
2297 2841 2372 2882 ne
2402 2828 2720 2896 existimes,
2777 2830 2987 2901 inquit,
3029 2831 3144 2886 hoc
3204 2847 3429 2888 novum
3480 2835 3537 2886 et

1881 2929 2087 2970 recens
2117 2931 2268 2972 esse.
2301 2915 2420 2970 Hoc
2430 2917 2794 2988 jampridem
2823 2919 2980 2976 enim
3021 2921 3368 2991 prophetica
3399 2937 3540 2978 voce

1885 3003 2164 3058 Habacuc
2207 3003 2650 3074 proclamatum
2691 3013 2796 3062 est.
2836 3008 3154 3072 Quomodo
3211 3009 3238 3063 *ἲ
3263 3029 3288 3058 «
3341 3011 3540 3064 Justus

1883 3097 2084 3150 autem
2109 3091 2170 3146 in
2199 3092 2320 3147 ﬁde
2337 3109 2445 3150 sua
2465 3095 2618 3152 vivet
2648 3097 2690 3151 τ.
2721 3117 2748 3148 ››
2775 3099 2892 3152 Hoc
2931 3097 3036 3152 viri
3095 3097 3269 3168 probi
3289 3101 3344 3154 et
3369 3099 3540 3168 justis

1882 3181 2068 3238 vitam
2101 3179 2416 3250 signiﬁcat.
2450 3183 2654 3240 Justus
2693 3185 2852 3240 enim
2883 3191 3162 3241 censetur
3201 3187 3302 3257 qui
3336 3186 3540 3244 omnia

1883 3286 2022 3326 cum
2059 3272 2274 3329 virtute
2301 3273 2468 3344 gerit.
2495 3273 2648 3328 Illius
2675 3289 2816 3344 ergo
2854 3274 3046 3330 vitain
3061 3275 3178 3330 ﬁde
3211 3291 3326 3332 sua
3364 3276 3541 3349 quasi

1881 3362 2314 3434 comprehensa
2343 3369 2399 3418 et
2434 3363 2645 3419 clausa
2693 3367 2799 3430 est,
2829 3369 2884 3420 et
2907 3365 3068 3419 aﬁde
3091 3365 3430 3422 voluntaria
3454 3366 3541 3422 in-

1882 3451 2038 3522 cipit.
2089 3451 2460 3508 Postremum
2501 3467 2644 3508 vero
2673 3455 2747 3508 ad
2808 3453 2992 3510 ﬁdem
3033 3469 3064 3508 e
3103 3453 3284 3510 divna
3343 3459 3538 3510 ortam

1881 3539 2242 3596 revelatione
2270 3541 2558 3613 pervenit.
2588 3541 2990 3608 Quamobrem
3031 3542 3318 3598 continuo
3340 3543 3540 3614 justus

1873 3629 1943 3684 in
1969 3629 2086 3685 ﬁde
2113 3646 2222 3686 sua
2251 3630 2396 3686 vivit
2425 3649 2443 3694 ;
2471 3631 2760 3703 scriptum
2799 3636 2907 3701 est,
2969 3632 3142 3700 vivet,
3157 3631 3219 3687 id
3275 3636 3383 3698 est,
3417 3633 3540 3690 vita

1879 3719 2004 3789 jam
2047 3721 2252 3786 caruit,
2283 3721 2418 3776 vitae
2441 3721 2572 3776 linis
2599 3721 2746 3786 erit;
2787 3725 2846 3777 at
2899 3721 3179 3792 deinceps
3235 3722 3542 3778 reviviscet

1883 3813 1947 3863 ut
1979 3809 2143 3880 prius
2175 3810 2400 3874 vixerit;
2443 3825 2702 3881 quorum
2737 3826 2948 3865 sensus
2989 3810 3148 3866 idem
3219 3817 3308 3866 est
3361 3816 3540 3884 atque

1884 3896 1982 3952 ille
2010 3913 2022 3952 :
2051 3898 2110 3952 in
2131 3899 2247 3953 ﬂde
2270 3915 2376 3953 sua
2407 3899 2688 3954 continuo
2705 3899 2866 3965 vivit,
2897 3899 3010 3954 hoc
3043 3903 3244 3954 autem
3285 3900 3538 3956 verbum

1884 3986 2035 4042 vivet
2055 3987 2290 4058 ponitur
2307 4001 2448 4057 pro:
2483 3988 2544 4042 in
2573 3987 2678 4044 illa
2701 3991 2990 4058 perpetuo
3015 3988 3122 4043 erit
3143 3991 3200 4043 et
3219 3989 3539 4046 conﬁrma-

1883 4073 2086 4144 bitur;
2131 4075 2211 4132 ita
2234 4079 2296 4131 ut
2326 4075 2454 4130 sine
2483 4074 2582 4130 illa
2619 4091 2731 4130 nec
2789 4075 3004 4141 vivere,
3070 4091 3182 4130 nec
3238 4077 3535 4148 respirare

1885 4164 2093 4235 possit.

1957 4253 2272 4318 QU/ESTIO
2359 4253 2702 4310 CCLXXXVI
2774 4253 2976 4324 [ϐοίδι-

2623 4325 2957 4382 CCLXXXIX

1887 4417 2008 4482 Quo
2033 4417 2274 4485 spectiet
2315 4414 2424 4472 hoc
2447 4414 3000 4545 Αρὲἕίῗέέιζετραηι
3046 4428 3058 4470 :
3097 4413 3336 4472 Tradite
3369 4414 3542 4474 illum

3079 4252 3225 4317 CCC,
3287 4255 3468 4310 Taur.

771 4582 926 4632 Edita
953 4595 985 4632 a.
1015 4581 1186 4632 Maiol.
1240 4583 1305 4644 (c.
1343 4596 1394 4646 p.
1431 4581 1540 4641 144,
1562 4596 1612 4644 q.
1647 4584 1776 4646 296).
1811 4611 1870 4624 —
1895 4585 2032 4646 Quid
2063 4586 2130 4636 sit
2159 4585 2368 4636 tradere
2398 4585 2624 4642 Satame,
2651 4585 2670 4634 l
2701 4585 2817 4636 Cor.
2843 4598 2894 4642 v,
2927 4585 2972 4634 5.

239 4687 364 4740 ⁶Οτι
393 4690 452 4740 τό
477 4683 808 4760 παραδοῦναι
828 4687 982 4740 αὐτόν
1009 4694 1082 4757 τῷ
1113 4693 1314 4757 Σατανᾷ
1341 4692 1458 4762 περὶ
1485 4694 1578 4740 τοῦ
1608 4691 1775 4765 ἡμαρ-

169 4783 398 4837 τηκότος
465 4779 738 4851 Κορινθίου
791 4785 860 4848 τῷ
915 4779 1176 4847 θεσπεσίῳ
1243 4775 1428 4848 Παύλῳ
1489 4777 1771 4852 εἰρημένον,

169 4871 306 4933 ἔστι,
362 4870 516 4938 φησι,
541 4865 732 4928 ἐξῶσαι
775 4865 928 4920 αὐτόν
957 4875 1050 4926 τῆς
1080 4865 1392 4928 Ἐκκλησίας
1422 4883 1434 4896 '
1469 4869 1518 4920 oi
1543 4869 1644 4940 γὰρ
1679 4875 1777 4922 τῶν

171 4956 502 5016 Ἐκκλησιῶν
579 4955 936 5028 ἐξωθούμενοι,
1001 4953 1094 5018 ἔξω
1179 4965 1276 5016 τῆς
1333 4958 1468 5017 θείας
1519 4961 1778 5029 γινόμενοι

169 5044 516 5118 κηδεμονίας,
567 5046 666 5100 ὑπὸ
729 5050 823 5104 τὴν
901 5044 1096 5118 βουλὴν
1167 5051 1254 5098 καὶ.
1311 5051 1404 5104 τὶν
1466 5044 1776 5102 δυναστείαν

499 5140 594 5193 τὴν
647 5135 838 5190 ἐκείνου
888 5155 899 5168 ·

177 5249 208 5279 ε(
235 5227 324 5288 Εἰς
343 5225 548 5297 όλεθρον
573 5233 666 5284 τῆς
699 5227 912 5291 σαρκός,
937 5243 966 5275 )›
998 5222 1201 5286 δεικνύς
1229 5226 1310 5278 ὅτι
1327 5222 1450 5278 οὐδὲ
1470 5234 1622 5280 τοῦτο
1641 5245 1777 5298 «qm-

175 5313 274 5388 δία
311 5321 452 5368 ποιεῖ
477 5319 568 5366 καὶ
591 5317 756 5386 μίσει,
791 5312 896 5364 ἀλλ’
932 5314 1013 5364 ἵνα
1049 5322 1111 5386 τῇ
1147 5319 1300 5387 πείρᾳ
1329 5318 1526 5386 γνόντες
1567 5318 1622 5368 τὸ
1656 5312 1777 5368 διά-ι

171 5143 438 5191 πίπτουσι
499 5140 594 5193 τὴν
647 5135 838 5190 ἐκείνου
888 5155 899 5168 ·
952 5134 1120 5195 καλῶς
1159 5131 1218 5188 δὲ
1271 5134 1502 5207 ἐπήγαγε
1535 5142 1623 5188 καὶ
1661 5141 1720 5190 τό
1761 5153 1774 5169 ο

179 5424 356 5478 φορόν,
425 5407 550 5475 πρὸς
617 5401 946 5474 μεταμέλειαν
1000 5405 1252 5456 νεύσωσιν
1308 5419 1320 5434 ⁸
1379 5411 1512 5456 οῦτω
1565 5424 1618 5457 τε
1687 5412 1779 5464 τῆς

1959 4687 2076 4742 Hoc
2093 4684 2366 4748 verbum,
2411 4707 2438 4736 ιι
2464 4684 2696 4742 Tradite
2709 4686 2877 4745 illum
2909 4691 3166 4758 Satanas,
3197 4713 3224 4742 »
3253 4692 3419 4765 quod
3435 4709 3544 4766 pro

1885 4777 2015 4846 pter
2036 4774 2316 4832 Corinthii
2345 4778 2659 4846 peccatum
2687 4775 2863 4832 divus
2889 4779 3074 4836 edidit
3109 4781 3346 4848 Paulus,
3387 4781 3544 4838 idem

1889 4867 1981 4920 est
2017 4863 2150 4920 acsi
2177 4863 2464 4920 dixisset:
2523 4863 2722 4933 Ejicite
2767 4865 2938 4924 illum
2993 4884 3062 4924 ex
3106 4870 3365 4927 Ecclesia
3397 4887 3412 4936 ;
3441 4872 3545 4944 qui

1889 4953 2048 5008 enim
2076 4952 2300 5024 expulsi
2333 4957 2560 5008 suntex
2601 4953 2860 5010 Ecclesia
2919 4963 2975 5012 et
3029 4960 3196 5028 ejecti
3261 4976 3290 5014 θ
3345 4961 3546 5018 divina

1889 5047 2230 5100 sanctorum
2271 5041 2576 5106 afﬁnitate,
2601 5043 2850 5100 arbitrio
2879 5056 2936 5102 et
2973 5051 3245 5118 potestati
3305 5049 3544 5108 Satanae

1889 5131 2324 5204 permittuntur;
2357 5136 2410 5186 et
2449 5133 2674 5202 optime
2719 5133 2936 5204 adjecit
2978 5151 2992 5190 :
3038 5157 3062 5188 ι
3113 5137 3178 5193 In
3242 5139 3544 5198 interitum

1889 5222 2106 5280 carnis9
2143 5237 2158 5287 ;
2199 5241 2228 5274 υ
2261 5221 2636 5278 ostendesita
2685 5237 2746 5278 se
2779 5223 3024 5281 minimc
3089 5229 3452 5287 crudelitatis
3493 5239 3546 5286 et

1887 5313 2010 5370 odii
2037 5310 2296 5370 causaid
2313 5309 2528 5376 facere,
2555 5311 2658 5370 sed
2685 5315 3032 5392 utexemplo
3045 5317 3224 5392 docti,
3247 5324 3546 5394 quantum

1888 5403 2226 5458 interresset
2247 5399 2436 5468 Deum
2457 5397 2610 5458 inter
2631 5416 2702 5458 ac
2720 5403 3022 5476 Satanam,
3043 5406 3122 5466 ad
3141 5409 3544 5480 paenitentiam

857 5577 878 5610 ⁵
910 5575 1106 5634 Matth.
1142 5593 1242 5645 xx,
1275 5581 1361 5644 16,
1393 5581 1412 5614 ο
1443 5577 1618 5636 Rom.
1655 5579 1771 5635 l7.“

1886 5575 2026 5634 .bac.
2056 5593 2117 5644 ιι,
2153 5581 2206 5633 4.
2242 5579 2264 5614 ⁸
2295 5581 2312 5634 l
2341 5578 2467 5637 Cor.
2501 5594 2558 5646 v,
2586 5581 2689 5666 5.9
2722 5581 2868 5642 ibid.
