4026 6206
552 261 692 316 1119

1828 256 2069 312 PlIOTIl
2111 257 2593 313 PATRIARCHJE
2633 259 2738 314 (ΣΡ.
3733 265 3811 318 1ὶὲ

549 387 902 454 spectarent,
922 386 1100 452 atque
1125 380 1203 435 ita
1230 395 1298 434 ex
1323 383 1616 452 potestate
1638 379 1866 436 diaboli
1895 381 2122 452 egressi
2154 385 2204 437 et

2323 378 2631 443 δυναστείας
2669 389 2758 434 τοῦ
2818 379 3065 435 διαϐόλου
3113 381 3207 444 ἔξω
3235 385 3484 454 γινόμενοι
3603 392 3678 434 τοῦ

552 471 792 526 meliore
818 470 1099 525 electione
1130 469 1304 533 facta,
1334 468 1592 524 futuram
1627 469 1879 525 salutem
1906 485 2207 525 mereren-

551 563 640 615 tur
668 578 680 614 :
714 559 869 614 unde
909 563 964 613 et
991 557 1207 627 adjecit
1239 573 1251 612 :
1292 559 1359 612 Ut
1389 558 1633 630 spiritus
1667 557 1871 614 salvus
1901 561 1975 614 sit
2012 558 2074 614 in
2104 558 2201 615 die

552 648 784 703 Domini
810 647 998 702 nostri
1023 649 1160 701 Jesu
1200 645 1443 703 Christi.
1488 667 1516 698 »

893 825 1211 890 QUzESTlO
1245 826 1616 881 CCLXXXVI!
1693 827 1808 890 (82)

551 917 705 984 Quid
734 916 836 972 hac
877 917 1064 972 valeat
1089 932 1101 968 :
1132 935 1155 964 ‹‹
1186 915 1256 969 In
1275 916 1451 982 ﬁnem
1498 932 1604 984 pro
1631 931 1698 972 ea
1740 931 1864 988 qua?
1883 915 2196 972 haeredita-

1089 993 1198 1041 tem
1229 991 1603 1057 consequitur
1652 988 1757 1042 ιο.»

547 1093 700 1142 Edita.
728 1106 760 1143 a
790 1093 925 1141 Maio
957 1093 1010 1153 (Ι.
1044 1106 1093 1146 c.
1125 1107 1177 1155 p.
1211 1094 1316 1150 144,
1349 1095 1456 1149 145,
1485 1108 1535 1156 q.
1575 1095 1704 1157 297).
1738 1121 1798 1132 —
1824 1093 1961 1152 Quid
1989 1093 2088 1142 sibi
2146 1093 2264 1142 vult.

616 1189 749 1245 Tria
779 1189 952 1244 nobis
978 1189 1090 1244 hac
1116 1189 1190 1244 de
1217 1192 1533 1261 quaestione
1563 1191 1982 1260 investiganda
2021 1195 2156 1246 sunt
2187 1211 2199 1244 :

551 1282 692 1345 Quae
721 1279 910 1333 haeres
935 1279 961 1332 ἱ)
987 1279 1155 1344 Quod
1174 1281 1603 1350 patrimonium
1632 1288 1657 1335 9
1679 1280 2200 1352 thuandohaere-

547 1369 730 1425 ditas?
773 1369 967 1424 Haeres
998 1373 1087 1424 est
1119 1368 1390 1436 Ecclesia,
1416 1373 1472 1423 et
1495 1369 1653 1424 illius
1705 1369 2055 1441 plenitudo:
2095 1385 2204 1441 pa-

550 1457 897 1513 trimonium
923 1457 1086 1530 quod
1113 1474 1234 1514 non
1263 1458 1404 1513 vidit
1439 1459 1669 1527 oculus,
1721 1474 1829 1514 nec
1860 1459 2020 1514 auris
2034 1459 2204 1514 audi-

551 1548 650 1612 vit,
707 1552 764 1602 et
815 1563 1127 1619 quousque
1186 1563 1288 1602 cor
1334 1548 1597 1602 hominis
1649 1563 1770 1603 non
1797 1547 2060 1617 erigitur,
2092 1548 2207 1604 hoc

548 1607 676 1707 ipse
701 1607 901 1690 forsan
929 1607 1149 1690 revelat
1195 1636 1399 1690 dicens
1465 1637 1585 1691 :In
1639 1637 1828 1705 ﬁnem,
1885 1607 2057 1710 quod
2114 1642 2202 1694 est
2240 1607 2283 1661 Β

548 1725 814 1780 futurum
841 1741 1049 1788 aevum,
1076 1740 1194 1779 non
1221 1730 1423 1780 autem
1439 1741 1705 1796 praesens
1732 1743 1746 1790 ;
1773 1743 2002 1782 curuos
2022 1727 2207 1782 luere-

547 1814 655 1868 des
687 1813 1002 1868 inscribit?
1017 1814 1310 1878 Quoniam
1327 1814 1476 1870 ﬁlios
1500 1817 1653 1870 Deus
1669 1815 1992 1887 adoptavit.
2013 1819 2206 1882 Quos-

548 1918 691 1958 nam
723 1905 748 1951 7
786 1903 1029 1971 Dignos.
1055 1901 1164 1966 Qui
1190 1908 1389 1959 autem
1415 1903 1625 1973 digni?
1650 1904 1755 1970 Qui
1777 1906 2062 1961 mandata
2087 1921 2206 1961 ser-

549 1995 704 2047 vant.
733 1990 925 2046 Deilla
952 1991 1188 2046 haerede
1213 1991 1447 2046 Paulus
1473 1992 1651 2047 dixit:
1688 2016 1707 2042 ι
1732 1993 2205 2066 Despondienim

547 2095 655 2136 vos
685 2080 783 2135 uni
808 2080 931 2134 viro
959 2078 1248 2149 virginem
1267 2086 1494 2136 castam
1514 2082 1797 2137 exhibere
1822 2081 2057 2138 Christo
2081 2085 2153 2139 “.
2174 2106 2202 2133 »

553 2171 618 2224 Et
655 2169 921 2226 Joannes
953 2167 1092 2224 dicit
1126 2185 1136 2222 :
1177 2192 1196 2218 ι
1240 2169 1350 2234 Qui
1386 2170 1567 2226 habet
1595 2187 1906 2243 sponsam,
1949 2187 2204 2243 sponsus

550 2263 638 2314 est
661 2261 705 2294 ²¹
742 2275 757 2324 ;
791 2279 818 2310 »
851 2258 958 2313 sed
987 2257 1083 2313 hic
1115 2265 1541 2331 sponsus,post
1562 2275 1790 2332 paucos
1810 2260 1956 2326 dies,
1981 2262 2205 2317 amoris

553 2347 664 2404 vim
707 2346 991 2418 dispellit,
1031 2354 1236 2402 noster
1256 2351 1459 2402 autem
1494 2363 1751 2418 sponsus
1805 2364 2044 2421 semper
2093 2365 2205 2405 nos

549 2440 732 2500 amat,
767 2450 1004 2506 semper
1028 2437 1630 2506 protenditamorem.
1666 2437 1840 2503 Quod
1889 2438 2206 2495 conﬁrmat

547 2526 808 2578 Joannes
839 2538 1129 2593 sponsum
1160 2523 1331 2579 illum
1390 2524 1703 2596 appellans
1741 2541 1755 2591 ;
1793 2541 2205 2598 sponsumque

549 2627 668 2668 non
689 2611 791 2681 qui
834 2615 1063 2665 tantum
1096 2610 1402 2666 desideriis
1447 2612 1682 2677 ferveat,
1716 2615 1818 2668 sed
1877 2614 2057 2670 etiam
2100 2615 2206 2686 qui

548 2699 690 2755 velit
718 2713 928 2753 omnes
950 2714 1078 2753 esse
1109 2714 1298 2753 unum
1329 2714 1548 2771 corpus
1595 2705 1650 2756 et
1681 2717 1866 2757 unam
1916 2703 2202 2770 animam,

550 2793 614 2844 ut
643 2791 847 2843 nostra
873 2786 1096 2842 virtutis
1136 2791 1192 2842 et
1229 2787 1447 2842 amoris
1487 2788 1615 2860 lege
1660 2795 2027 2862 praeceptum
2095 2799 2201 2848 est.

552 2880 614 2934 Et
640 2875 1158 2950 quemadmodum
1191 2892 1415 2949 sponsa
1430 2878 1632 2934 omnia
1651 2879 1793 2934 facit
1829 2885 1891 2934 ut
1927 2881 2051 2937 viro
2080 2882 2206 2954 pla-

2319 488 2463 531 τονος
2512 473 2729 542 αἱρέσει,
2781 480 2875 532 τῆς
2929 476 3190 545 σωτηρίας
3239 471 3417 533 αὐτούς
3470 481 3556 532 τῆς
3615 472 3826 542 μελλούσης

2317 565 2724 617 καταστήσωσιν
2759 559 2972 623 ἀξίους·
3023 562 3134 612 ὅθεν
3175 565 3264 610 καὶ
3314 559 3564 630 ἐπηγαγεν
3594 581 3606 592 ·
3644 582 3666 608 ι(
3692 562 3827 615 ἰνατὰ

2318 657 2517 721 πνεῦμα
2558 653 2698 723 σωθῇ
2733 650 2781 703 ἐν
2825 659 2887 723 τῇ
2919 653 3089 723 ἡμέρᾳ
3149 658 3240 702 τοῦ
3293 655 3482 723 Κυρίου
3539 653 3666 722 ημῶν
3708 651 3830 708 Ἰῑσεῠ

2321 746 2575 813 Χριστοῦ.
2613 762 2632 789 ι

2848 835 3164 882 ΕΡΩΤΗΣΙΣ
3218 830 3378 884 ΣΠΖ’.

2805 939 2830 968 α
2872 919 2959 980 Εἰς
2982 921 3038 970 τὸ
3070 917 3212 979 τέλος
3235 919 3360 992 ὑπὲρ
3396 926 3483 978 τῆς
3511 917 3723 991 κληρονο-

2936 992 3157 1061 ,μούσης
3200 1006 3213 1055 ;
3246 1011 3271 1040 ι)

2479 922 2542 969 Τί
2570 917 2712 970 ἐστιν
2747 933 2759 947 ⁸

2316 1093 2370 1141 in
2426 1095 2777 1160 inscriptione
2834 1095 3170 1147 Psalmorum
3219 1096 3350 1144 illud
3411 1112 3483 1143 ε(
3516 1096 3570 1145 In
3622 1095 3840 1145 ﬁnemia

2385 1197 2518 1264 Τρία
2579 1195 2699 1265 ἡμῖν
2753 1195 2852 1246 ἀπό
2906 1203 2996 1255 τῆς
3057 1193 3344 1268 ἐπιγραφῆς
3391 1196 3659 1265 ζητήματα
3703 1193 3842 1243 vitam.

2314 1300 2430 1333 πτει
2472 1301 2485 1314 ⁸
2527 1303 2600 1344 τις
2639 1286 2669 1341 ἡ
2711 1283 3130 1356 κληρονομοῦσα,
3171 1289 3253 1347 τίς
3297 1287 3322 1335 ό
3366 1284 3576 1359 κλῆρος,
3601 1289 3678 1334 καὶ
3709 1284 3842 1338 πότεέ

2314 1371 2632 1445 κληρονομία
2689 1391 2701 1403 ⁸
2747 1373 3144 1446 κληρονομοῦσα
3205 1377 3294 1446 μὲν
3357 1373 3497 1425 ἐστιν
3548 1375 3577 1430 ἡ
3628 1371 3846 1427 Ἐκκλησία

2316 1465 2404 1512 καὶ
2442 1465 2500 1513 τὸ
2532 1461 2790 1536 πλήρωμα
2848 1463 3011 1525 αὐτῆς
3038 1483 3050 1495 ⁸
3093 1463 3284 1538 κλῆρος
3334 1459 3392 1514 δὲ
3441 1462 3476 1514 οἱ
3511 1460 3744 1533 ὀφθαλμός
3783 1459 3848 1510 οὐχ

2317 1547 2444 1616 εἶδε,
2485 1557 2574 1602 καὶ
2622 1552 2712 1614 οὖς
2758 1553 2854 1604 οὑκ
2900 1557 3114 1618 ἤκουσε,
3143 1558 3233 1604 καὶ
3267 1551 3350 1604 ἐπὶ
3391 1548 3610 1625 καρδίαν
3637 1552 3846 1622 ἀνθρώπιον

2317 1639 2411 1690 οὐκ
2443 1637 2596 1698 ἀνέϐη
2629 1655 2642 1670 '
2675 1645 2732 1694 τὸ
2775 1637 2834 1693 δὲ
2874 1646 3017 1705 πότε,
3050 1642 3206 1703 αὐτὸς
3252 1637 3510 1698 ἐδήλωσεν
3536 1639 3692 1702 εἰπὼν,
3720 1638 3775 1697 εἰς
3811 1640 3848 1687 τὸ

2315 1727 2456 1790 τέλος
2487 1750 2498 1761 ⁸
2525 1730 2646 1800 ὅπερ
2686 1728 2830 1781 ἐστὶν
2870 1731 2894 1782 ὁ
2944 1729 3155 1801 μέλλων,
3185 1728 3292 1780 ἀλλ’
3335 1729 3442 1800 οὐχ
3472 1731 3499 1780 ὁ
3537 1733 3697 1800 παρὼν
3727 1727 3848 1777 αἰὼν·

2318 1814 2465 1869 διατί
2515 1815 2575 1870 δὲ
2630 1818 2983 1890 κληρονόμους
3026 1820 3164 1891 ἡμᾶς
3218 1817 3504 1892 Eripis)“;
3551 1818 3625 1868 ὅτι
3671 1817 3852 1869 viganti-

2319 1927 2445 1961 σανο
2476 1930 2486 1941 ·
2522 1914 2656 1968 τίνας
2687 1906 2784 1976 di;
2824 1914 2940 1969 τούς
2989 1908 3167 1972 ἀξίους
3200 1926 3214 1941 ⁸
3256 1908 3394 1970 ἄξιοι
3431 1904 3490 1960 δὲ
3519 1913 3642 1968 τίνες
3670 1924 3681 1971 ;
3724 1911 3854 1956 oms:

2317 1996 2530 2049 ἐντολῶν
2584 1997 2804 2069 φύλακες
2855 2019 2866 2031 ⁸
2918 2004 3035 2070 περὶ
3098 2001 3295 2059 ταύτης
3343 2006 3439 2057 τῆς
3497 1996 3854 2070 κληρονομούπς

2316 2091 2406 2138 καὶ
2445 2088 2471 2138 ό
2519 2086 2722 2149 Παῦλος
2750 2085 2914 2158 ἔλεγεν
2963 2103 2977 2116 ⁸
3030 2107 3060 2138 ι(
3095 2086 3446 2160 Ἠρμοσάμην
3504 2087 3619 2157 ύμῖν
3662 2085 3855 2154 παρθένον

2315 2177 2476 2247 οῖγνην
2534 2176 2607 2227 ἐνὶ
2662 2173 2814 2249 ἀνδρὶ
2859 2183 3206 2251 παραστῆσαι
3253 2184 3325 2247 τῷ
3383 2183 3598 2248 Χριστῷ
3625 2192 3636 2205 ⁸
3669 2193 3692 2223 ι)
3735 2172 3856 2222 καὶὸ

2319 2264 2559 2326 Ἰωάννης
2619 2269 2776 2336 φησίν
2827 2283 2842 2298 ⁸
2895 2283 2927 2318 ‹
2979 2264 3038 2316 Ὀ
3089 2267 3227 2336 ἔχων
3291 2268 3386 2322 τὴν
3445 2267 3640 2334 νύμφην
3692 2264 3857 2330 νυμφίος

2316 2352 2458 2405 ἐστίν
2485 2370 2497 2384 ⁸
2552 2376 2573 2402 ι
2607 2352 2711 2405 ἀλλ’
2759 2355 2784 2405 ό
2824 2356 2914 2426 μὲν
2945 2353 3167 2405 ἐνταῦθα
3190 2357 3412 2425 νυμφίος
3449 2355 3576 2424 μετὰ
3598 2355 3678 2410 τὰς
3697 2355 3858 2420 πρώτας

2317 2444 2514 2516 ἡμέρας
2563 2441 2807 2495 καταλύει
2855 2446 2912 2494 τὸ
2964 2439 3194 2514 σφοδρόν
3243 2450 3332 2493 τοῦ
3388 2444 3589 2516 ἔρωτος,
3627 2442 3650 2490 ό
3691 2435 3741 2491 δὲ
3766 2439 3859 2508 ἐμὲ·

2317 2550 2461 2606 τερος
2513 2536 2732 2603 νυμφίος
2802 2536 2945 2602 μένει
3012 2528 3259 2591 διηνεκῶς
3324 2529 3543 2601 ἀγαπῶν
3601 2531 3739 2600 ἡμᾶς,
3793 2531 3857 2575 καὶ

2318 2621 2575 2673 ἐπιτείνων
2656 2624 2742 2673 τόν
2830 2623 2988 2673 πόθον
3056 2637 3069 2649 ⁸
3139 2622 3261 2692 ὅπερ
3342 2617 3518 2677 δηλῶν
3569 2619 3593 2670 ό
3653 2617 3857 2674 Ἰωάννης,

2318 2711 2533 2782 νῦμφίον
2581 2709 2737 2761 αὐτόν
2787 2708 3059 2761 ἐπεκάλει·
3117 2711 3198 2761 ότι
3238 2708 3562 2781 ἀκμάζοντες
3611 2709 3655 2759 οἱ
3701 2707 3858 2756 πόθου

2317 2798 2375 2851 ού
2428 2795 2522 2850 διὰ
2569 2806 2722 2851 τοῦτο
2769 2795 2830 2850 δὲ
2857 2803 3009 2870 μόνον
3056 2803 3292 2870 νυμφίος,
3345 2796 3479 2849 ἀλλά
3505 2801 3592 2848 καὶ
3616 2801 3683 2846 ότι
3711 2795 3860 2850 πάντας

2317 2888 2366 2939 ἓν
2399 2897 2552 2960 σῶμα
2591 2885 2718 2940 εἷναι
2769 2886 3013 2960 βούλεται
3039 2893 3130 2939 καὶ
3156 2892 3279 2958 μίαν
3311 2885 3503 2958 ψυχὴν
3533 2888 3656 2936 κατὰ
3688 2887 3761 2934 τόν
3791 2889 3861 2939 τῆς

549 2973 695 3033 ceat,
737 2967 821 3022 sic
852 2981 962 3020 nos
989 2966 1306 3038 semperin
1345 2966 1458 3022 hac
1498 2968 1617 3024 vita
1648 2968 1792 3024 tales
1845 2987 1977 3025 esse
2031 2971 2204 3027 debe-

2321 2976 2503 3049 ἀρετῆς
2563 2981 2653 3028 καὶ
2700 2984 2789 3035 τῆς
2845 2974 3051 3045 ἀγάπης
3104 2975 3277 3046 λόγον·
3337 2980 3432 3026 καὶ
3481 2977 3558 3025 ὅτι
3596 2973 3795 3040 καθάπερ
3839 2971 3856 3024 ἡ

548 3075 705 3126 mus,
739 3057 933 3129 qualis
973 3057 1273 3128 sponsain
1302 3057 1415 3114 hac
1464 3058 1579 3124 die,
1627 3075 1766 3114 cum
1828 3060 1887 3114 in
1936 3061 2207 3118 thalamo

551 3149 737 3217 sedet,
768 3146 881 3202 hoc
920 3162 1110 3201 unum
1142 3145 1414 3210 sollicita,
1450 3148 1758 3218 quomodo
1797 3149 1926 3205 viro
1949 3149 2202 3221 placeat.

548 3237 728 3306 Cujus
767 3251 1001 3306 sponsu:
1038 3234 1261 3290 scilicet
1314 3235 1500 3291 David
1553 3237 1902 3294 recordatur
1952 3239 2198 3295 dicens:

555 3348 578 3377 ‹‹
609 3326 808 3383 Astitit
836 3325 1348 3394 reginaadextris
1393 3329 1436 3362 ¹³
1491 3349 1518 3378 ››
1571 3333 1627 3383 et
1665 3337 1898 3386 caetera.
1970 3331 2207 3387 Vestem

551 3415 678 3484 ejus
701 3413 922 3478 vidisti,
946 3415 1113 3468 visne
1138 3429 1377 3485 quoque
1395 3416 1590 3470 videre
1609 3417 1740 3486 ejus
1755 3417 2164 3476 calceamenta
2179 3421 2206 3476 ‘I

551 3502 685 3556 Haec
724 3501 937 3555 Paulus
955 3501 1224 3556 ostendet
1257 3503 1473 3558 divinae
1501 3503 1621 3559 dux
1653 3521 1914 3576 sponsae,
1949 3507 2155 3564 dicens
2188 3524 2202 3564 :

553 3611 577 3641 α
613 3592 677 3644 Et
707 3589 947 3644 calceati
987 3589 1170 3660 pedes
1199 3590 1260 3644 in
1292 3593 1727 3662 praeparatione
1769 3596 2069 3665 Evangelii
2105 3613 2208 3669 pa-

551 3678 725 3734 cis“.
768 3699 794 3728 »
821 3677 1005 3732 Visne
1045 3677 1261 3732 intueri
1291 3683 1347 3734 et
1370 3695 1586 3735 zonam
1633 3697 1758 3752 qua
1826 3684 1899 3739 sit
1947 3700 2206 3742 concors

549 3783 688 3824 cum
719 3765 960 3822 veritate
985 3764 1063 3820 ?«
1098 3768 1397 3823 Prascincti
1437 3768 1676 3825 lumbos
1717 3773 1785 3837 *5,
1832 3793 1860 3825 ››
1892 3772 2103 3846 inquit,
2141 3775 2205 3832 in

549 3857 812 3912 veritate.
845 3875 869 3905 υ
905 3855 1085 3911 Visne
1107 3858 1163 3909 et
1193 3855 1377 3926 pedes
1396 3857 1595 3913 videre
1617 3857 1644 3912 i‘
1670 3860 1818 3916 Audi
1847 3863 2204 3934 Prophetam

551 3946 895 4018 loquentem
930 3961 940 3998 :
973 3967 999 3994 «
1030 3945 1221 4010 Quam
1254 3944 1509 4015 speciosi
1555 3949 1733 4018 pedes
1795 3952 2207 4022 evangelizan-

553 4037 701 4091 tium
740 4049 972 4106 pacem,
1001 4033 1541 4104 evangelizantium
1584 4036 1747 4095 bona
1775 4042 1818 4074 ¹⁶
1849 4040 1860 4093 t
1896 4061 1924 4089 »
1995 4044 2058 4098 Et
2096 4043 2207 4098 hoc

552 4124 701 4180 mihi
729 4125 1103 4179 mirationem
1148 4125 1407 4194 stupenti
1437 4124 1848 4199 incutitquod,
1881 4135 2206 4202 postquam

552 4214 664 4270 hoc
697 4214 876 4269 modo
915 4227 1044 4266 sese
1067 4225 1327 4282 sponsus
1357 4219 1651 4278 ornasset.
1686 4217 1848 4272 venit
1868 4232 1989 4274 non
2035 4237 2207 4276 suam

555 4308 860 4359 ostentans
876 4301 1146 4370 gloriam,
1182 4316 1255 4354 ne
1283 4301 1501 4358 eximia
1517 4303 1956 4374 pulchritudine
1985 4310 2204 4379 percel-

2319 4311 2784 4384 εύασγ-γελιζομένων
2838 4313 2904 4362 τά
2956 4309 3128 4382 ἀγαθά
3162 4327 3173 4339 ⁸

553 4392 697 4447 leret
715 4406 1007 4462 sponsam
1020 4395 1440 4461 amentemque
1465 4390 1704 4456 faceret,
1730 4393 1833 4448 sed
1854 4396 2009 4452 venit
2039 4399 2209 4455 vesti-

553 4485 757 4537 mento
796 4477 1096 4534 involutus
1140 4490 1203 4534 ut
1255 4477 1382 4548 ipsa
1449 4495 1692 4551 sponsa.
1753 4483 1893 4547 Quae
1934 4500 2071 4542 cum
2127 4487 2202 4543 sit

555 4568 865 4638 sanguinis
905 4573 961 4624 et
999 4570 1196 4625 carnis
1227 4567 1544 4640 particeps,
1596 4585 1857 4641 sponsus
1920 4589 2043 4629 non
2073 4592 2206 4634 eam

557 4673 794 4713 sursum
811 4661 1005 4722 vocat,
1025 4658 1130 4713 sed
1152 4659 1282 4730 ipse
1314 4656 1392 4712 ad
1415 4673 1549 4712 eam
1564 4658 1886 4724 descendit,
1907 4662 1986 4718 ita
2013 4663 2206 4737 legem

554 4747 876 4802 observans
905 4747 1247 4818 sponsalem
1275 4763 1407 4817 quae
1434 4745 1560 4801 vult
1589 4763 1874 4817 sponsum
1906 4751 1982 4806 ad
2029 4770 2204 4825 spon-

555 4853 678 4892 sam
711 4836 810 4892 ire.
854 4836 1023 4901 Quod
1053 4836 1310 4892 ostendit
1344 4834 1581 4901 Paulus,
1616 4835 1822 4892 dicens
1869 4856 1936 4894 :«
1973 4845 2208 4914 PrOpter

555 4923 667 4978 hoc
705 4924 996 4996 relinquet
1049 4925 1231 4981 homo
1273 4928 1499 4995 patrem
1521 4929 1576 4979 et
1607 4930 1860 4982 matrem
1914 4945 2108 4997 suam,
2153 4939 2209 4990 et

556 5011 886 5068 adhaerebit
912 5015 1099 5069 uxori.
1134 5017 1584 5070 Sacramentum
1609 5013 1722 5069 hoc
1775 5032 2070 5088 magnum
2119 5028 2207 5080 est

556 5113 668 5168 ego
690 5104 890 5155 autem
921 5102 1056 5158 dico
1084 5103 1148 5160 in
1177 5103 1403 5160 Christo
1435 5105 1494 5157 et
1521 5101 1581 5157 in
1612 5103 1871 5162 Ecclesia
1903 5109 2014 5165 ³⁷.»
2050 5115 2207 5182 post«

555 5202 742 5259 quam
764 5186 941 5256 igitur
964 5191 1313 5247 accessisset
1328 5190 1405 5247 ad
1427 5206 1660 5262 sponsae
1676 5192 2012 5264 stationem,
2047 5214 2205 5256 eam-

627 5314 676 5349 ³ο
706 5310 855 5366 Psal.
887 5328 943 5379 v,
976 5318 1022 5367 1.
1057 5315 1098 5349 ¹¹
1142 5313 1185 5369 ΙΙ
1219 5317 1345 5370 Cor.
1375 5331 1449 5381 x1,
1495 5319 1552 5369 2'

562 5389 650 5442 11.
689 5385 736 5421 1⁸
762 5383 935 5440 Rom.
967 5399 1026 5449 Χ,
1055 5389 1139 5440 15.
1174 5387 1216 5421 ¹⁷
1252 5386 1464 5457 Ephes.
1493 5403 1548 5451 v,
1585 5390 1675 5444 31.

2318 3068 2490 3138 νύμφη
2522 3068 2694 3117 πάντα
2719 3073 2856 3117 ποιεῖ
2882 3069 3008 3138 πρὸς
3047 3062 3320 3137 ἀρέσκειαν
3373 3072 3471 3116 τοῦ
3525 3059 3716 3129 ἀνδρὸς,
3762 3059 3861 3110 οὑτω

2317 3159 2407 3206 καὶ
2463 3156 2598 3226 ἡμᾶς
2651 3150 2744 3205 διὰ
2798 3157 2985 3213 παντὸς
3031 3160 3122 3204 τοῦ
3167 3150 3289 3224 βίον
3335 3154 3601 3211 τοιούτους
3632 3146 3743 3200 εἶναι
3764 3150 3859 3218 Lai,

2318 3245 2405 3294 οἶα
2435 3244 2464 3300 η
2507 3246 2676 3314 νύμφη
2729 3245 2865 3294 κατά
2906 3245 2999 3299 τὴν
3056 3243 3253 3313 ἡμέραν
3307 3239 3528 3306 ἐκείνην,
3568 3242 3646 3292 οἶα
3679 3237 3749 3290 ἐπὶ
3791 3244 3860 3286 τῶν

2317 3328 2606 3384 παστάδων
2681 3331 2975 3395 καθέζεται,
3045 3329 3094 3382 ἓν
3176 3338 3490 3404 μεριμνώσα
3564 3333 3702 3400 μόνον
3764 3327 3863 3380 ὅπως

2320 3420 2480 3494 ἀρέση
2533 3430 2605 3492 τῷ
2656 3423 2890 3493 νυμφίῳ·
2917 3423 3113 3480 ταύτης
3162 3429 3252 3480 τῆς
3291 3422 3504 3491 νύμφης
3547 3423 3630 3470 καὶ
3681 3419 3706 3468 ὁ
3737 3408 3862 3468 Δαξὶδ

2317 3514 2576 3582 μέμνηται
2601 3510 2759 3581 λέγων
2790 3526 2802 3538 ⁸
2831 3531 2858 3559 ι(
2894 3513 3133 3580 Παρέστη
3179 3510 3210 3565 ἠ
3243 3506 3550 3580 βασίλισσα
3579 3507 3630 3558 ἐκ
3657 3503 3820 3566 δεξιῶν,
3842 3524 3861 3551 ι)

2317 3604 2407 3651 καὶ
2447 3599 2558 3661 ἑξῆς
2586 3616 2598 3629 ⁸
2636 3595 2746 3661 ide;
2775 3603 2862 3650 τόν
2891 3601 3173 3670 ἱματισμόν
3207 3617 3218 3629 ·
3258 3597 3418 3658 θέλεις
3451 3595 3508 3650 δὲ
3540 3592 3716 3649 εἰδέναι
3740 3591 3862 3647 αὒτῆς

2317 3693 2407 3740 καὶ
2452 3691 2517 3740 τὰ
2558 3683 2880 3758 ὑποδήματα
2911 3706 2924 3754 ;
2961 3687 3157 3749 Παῦλος
3202 3683 3461 3740 διδάσκει
3507 3688 3532 3738 ό
3579 3682 3862 3756 νυμφαγωγὸς

2316 3777 2475 3849 λέγων
2527 3797 2541 3812 ⁸
2605 3796 2632 3828 ι(
2682 3773 3094 3848 ’Υποδυσάμενοι
3160 3779 3277 3836 τοὺς
3331 3773 3509 3837 πόδας
3558 3775 3603 3826 ἐν
3637 3772 3858 3844 ἑτοιμασίᾳ

2318 3874 2410 3919 τοῦ
2466 3865 2782 3938 Εύασγγελίου
2836 3873 2927 3926 τῆς
2971 3865 3176 3940 εἰρήνης
3217 3883 3229 3895 ⁸
3264 3885 3292 3915 »
3338 3866 3498 3925 Θέλεις
3547 3861 3669 3916 ιδεῐν
3701 3861 3859 3912 miri":

2321 3956 2489 4015 ζώνην
2519 3965 2627 4017 πῶς
2659 3954 2760 4008 ἀπὸ
2786 3954 3030 4015 ἀληθείας
3062 3958 3372 4026 adyta-rat;
3414 3977 3444 4005 «
3481 3951 3858 4028 Περιζωσάμενοι,

2319 4050 2471 4115 φησὶ,
2512 4050 2604 4102 τὴν
2653 4049 2813 4116 ὀσφῦν
2861 4047 3006 4115 ἡμῶν
3034 4043 3082 4096 ἐν
3123 4042 3340 4115 ἀληθείᾳ
3379 4059 3394 4072 ⁸
3440 4043 3599 4101 θέλεις
3633 4060 3660 4094 ν
3684 4037 3860 4091 καὶτοὺς

2317 4130 2490 4194 πόδας
2541 4130 2668 4186 ἰδεῖν
2702 4150 2716 4200 ;
2755 4132 2946 4187 ’Ἄκουε
2999 4140 3091 4184 τοῦ
3142 4137 3414 4204 Προφὰτου
3466 4132 3723 4201 λέγοντος·
3755 4148 3770 4173 ι
3798 4123 3859 4178 Ὠς

2319 4225 2503 4297 ὡραῖοι
2558 4224 2607 4274 οἱ
2659 4219 2819 4283 πόδες
2870 4230 2968 4273 τῶν
3014 4221 3486 4293 εύαγγελιζομένων
3545 4221 3748 4292 εἰρήνην,
3788 4220 3859 4264 τῶν

3223 4330 3249 4361 ››
3291 4315 3380 4361 καὶ
3415 4315 3474 4361 τό
3506 4306 3570 4367 δὴ
3619 4304 3856 4376 Θαυμαστὸν

2319 4406 2408 4453 καὶ
2465 4399 2756 4463 ἐκπλὴξιως
2812 4403 2968 4472 γέμον
3015 4401 3094 4451 ὅτι
3137 4403 3226 4451 καὶ
3274 4405 3560 4470 κοσμήσας
3605 4403 3761 4448 τοῦτον
3797 4392 3858 4439 τόν

2395 4494 2402 4501 .
2572 4485 2596 4504 ιν
2835 4489 2846 4500 .
2902 4494 2910 4506 ,
3028 4493 3037 4504 ,
3183 4488 3229 4506 .,.
3356 4490 3363 4498 .
3451 4485 3472 4504 .,
3594 4489 3604 4500 ,
3791 4483 3834 4510 ﬂ.

2319 4509 2505 4564 τροπον
2568 4491 2736 4550 ηλθεν.
2793 4507 2919 4560 ονχι
2986 4509 3072 4547 την
3133 4484 3291 4550 δοςαν
3345 4499 3742 4556 επιοεικνυμενος
3795 4497 3857 4532 ...ν

2320 4579 2503 4632 ἑαυτοῦ
2549 4579 2630 4630 ἵνα
2671 4582 2742 4650 μὴ
2799 4577 3055 4649 ὑπερϐολὴ
3108 4585 3198 4629 τοῦ
3235 4577 3453 4638 κάλλους
3484 4574 3696 4644 ἐκπλήξῃ
3738 4568 3857 4622 αὐτὴν

2317 4673 2407 4720 καὶ
2446 4669 2751 4741 παράφρόνα
2809 4664 3121 4739 ἐργάσηται,
3151 4665 3260 4718 ἀλλ’
3311 4669 3525 4740 ἔρχεται
3577 4666 3754 4737 ἱμάτιον
3795 4673 3856 4705 πε·

2316 4756 2675 4830 ριϐεϐλημένος
2713 4752 2817 4807 οἷον
2869 4758 2898 4813 ἡ
2932 4757 3103 4828 νύμφη
3145 4776 3158 4788 ⁸
3212 4760 3512 4828 μετέσχηκε
3555 4757 3648 4824 γαρ
3692 4751 3854 4819 uigil”;

2317 4852 2406 4898 καὶ
2450 4849 2644 4919 σαρκὸς
2694 4844 3072 4916 παραπλησίως
3105 4844 3234 4917 αὐτῇ
3273 4862 3286 4874 ⁸
3319 4850 3410 4896 καὶ
3441 4844 3536 4896 ούκ
3575 4843 3710 4901 αὐτὸς
3735 4835 3852 4887 αὐτὴν

2317 4937 2422 4986 ἄνω
2491 4934 2654 5001 καλεῖ,
2723 4932 2829 4984 ἀλλ’
2899 4935 3053 4993 αὑτός
3131 4937 3260 5006 πρὸς
3315 4934 3480 4991 αύτην
3557 4931 3850 5004 mter/iuni,

2317 5031 2486 5098 τηρῶν
2537 5022 2805 5075 κάνταῦθα
2860 5025 2945 5074 τὸν
2999 5029 3090 5075 τοῦ
3156 5027 3378 5095 νυμφίου
3433 5028 3604 5094 νόμον,
3649 5020 3696 5079 ὃς
3741 5013 3852 5064 αὐτόν

2317 5115 2434 5185 ἄγει
2489 5115 2620 5187 πρὸς
2681 5116 2775 5170 τὴν
2815 5114 3018 5183 νύμφην
3065 5126 3078 5140 ⁸
3137 5113 3260 5186 ὅπερ
3291 5116 3381 5163 καὶ
3407 5113 3434 5162 ὁ
3462 5110 3652 5167 Παῦλος
3688 5105 3848 5172 Ei.qu

2319 5223 2348 5256 ‹‹
2374 5203 2514 5256 Ἀντὶ
2547 5203 2728 5254 τούτου
2751 5199 3052 5273 καταλείψει
3078 5202 3350 5273 ἄνθρωπος
3387 5205 3477 5252 τόν
3515 5202 3698 5271 πατέρα
3737 5189 3850 5242 eritsi

1620 5317 1665 5396 ‘_’
1715 5319 1885 5375 Joan.
1937 5337 2014 5395 in,
2053 5327 2140 5379 29.
2192 5326 2204 5362 ¹

2317 5328 2436 5383 'sal.
2487 5342 2643 5392 xmv,
2704 5325 2791 5383 10.
2840 5325 2886 5361 ¹⁴
2941 5323 3154 5396 Ephes.
3205 5340 3280 5390 vi,
3341 5322 3423 5379 15.
3458 5325 3526 5379 ³⁵.
3586 5321 3847 5375 Ιεει.ιτιιις

2130 5505 2362 5562 ΝΟΤᾹΞ·

628 5632 740 5705 (82)
768 5630 904 5686 Haec
925 5625 1175 5702 quaestio
1213 5625 1379 5684 deest
1407 5627 1468 5684 in
1509 5628 1681 5685 codd.
1716 5632 1956 5692 Coislin.
1991 5641 2045 5696 et
2065 5639 2434 5699 Taurinensi.
