4076 6202
178 304 309 357 1121

914 292 1009 351 ΑΙ)
1049 293 1592 352 AMPHILOCHIUM
1635 283 1962 360 QUESTIO
2003 285 2809 350 CCLXXXVILCCLXXXIX.

3400 300 3538 354 1122

178 434 271 480 καὶ
302 431 396 485 τήν
444 428 647 498 μητέρα
677 429 764 475 καὶ
819 422 1338 496 προσκολληθήσεται
1369 426 1491 494 πρὸς
1538 426 1630 478 τήν
1680 439 1777 490 γυ·
1809 437 1821 472 Λ

1912 433 2005 490 [ue
2022 419 2368 485 invenisset,
2399 419 2728 488 sordidam,
2781 419 3178 491 squalentem,
3229 423 3455 480 nudam
3485 430 3542 480 et

177 524 337 569 ναῖκα
389 515 586 567 αὐτοῦ·
631 517 687 564 τό
741 518 1031 584 μυστήριον
1078 519 1232 563 τοῦτο
1279 517 1414 583 μέγα
1448 511 1623 561 ἐστίν·
1682 507 1780 578 ἐγὼ

182 603 242 659 δε
287 605 422 676 λέγω
473 603 547 663 εἰς
595 604 824 676 Χριστόν
876 605 964 652 καὶ
1013 605 1104 658 τήν
1155 601 1504 658 Ἐκκλησίαν-
1550 622 1576 647 ››
1626 596 1779 649 ἐλθὼν

180 697 352 746 τοίνυν
415 693 481 753 εἰς
529 695 586 743 τό
642 695 967 760 καταγώγιον
1025 689 1200 754 αὐτῆς,
1259 695 1348 741 καὶ
1404 691 1562 761 εὑρὼν
1619 685 1780 744 αύτήν

175 784 450 856 ῥυπώσαν,
505 781 822 852 αὐχμῶσαν,
891 784 1118 851 γυμνὴν,
1181 783 1505 855 πεφυρμένην
1573 779 1778 849 αἵματι,

181 871 406 934 ἔλουσεν,
481 869 708 940 ἤλειψεν,
779 867 1006 942 ἔθρεψεν,
1089 865 1326 920 ἐνέδυσεν
1392 871 1616 940 ἱμάτιον,
1677 865 1782 918 οἷον

180 960 455 1032 εύρεθῇναι
485 961 654 1033 ἕτερον
702 957 794 1009 οὐκ
844 959 938 1022 ἔνι,
989 957 1145 1018 αὐτὸς
1196 957 1326 1029 αὐτῇ
1385 961 1648 1028 γενόμενος
1693 973 1786 1006 πε-

181 1047 362 1122 ριϐολή
394 1069 406 1080 ·
436 1052 526 1099 καὶ
560 1045 729 1098 λαϐὼν
775 1045 931 1104 αὐτὴν
980 1047 1137 1106 ούτως
1198 1045 1372 1116 ἀνάγει
1400 1045 1465 1106 εἰς
1495 1049 1580 1097 τὸν
1633 1044 1786 1117 ούρα-

185 1142 302 1188 νόνο
353 1139 548 1196 ταύτης
599 1139 889 1207 συνήγορος
933 1132 1072 1187 ἐστιν
1116 1137 1140 1188 6
1193 1139 1457 1208 προφήτης
1487 1151 1498 1160 ·
1541 1139 1630 1186 καὶ
1683 1135 1786 1206 γὰρ

189 1225 356 1277 πολλὰ
397 1230 487 1276 καὶ
537 1229 653 1298 περὶ
707 1232 800 1274 τοῦ
847 1228 1068 1294 νυμφίου
1113 1227 1347 1296 καὶπερὶ
1377 1230 1472 1283 τῆς
1511 1240 1785 1293 νυμφαγωο

1889 508 2181 577 sanguine
2205 508 2603 580 inquinatam,
2634 507 2798 573 lavit,
2840 509 3021 573 unxit,
3075 512 3332 582 nutrivit,
3371 514 3542 568 vesti-

1889 602 2214 668 mentoque
2253 599 2391 654 texit
2421 598 2715 670 taliquale
2746 613 2924 652 nemo
2955 596 3116 654 aliud
3149 598 3342 656 simile
3377 616 3546 674 repe-

1889 684 2123 740 rivisset
2150 702 2163 751 ;
2196 685 2322 757 ipse
2351 687 2514 743 enim
2543 687 2654 742 fuit
2698 687 2954 743 amictus
3005 686 3111 753 illi,
3143 691 3202 742 et
3229 694 3545 760 postquam

1890 788 2024 829 eam
2052 773 2429 846 sumpsisset,
2459 775 2536 832 ad
2559 775 2775 831 coelum
2798 775 3020 831 eduxit.
3048 775 3276 840 Quibus
3299 778 3546 835 assenti-

1889 868 1984 918 tur
2009 863 2321 934 propheta,
2347 864 2452 937 qui
2478 864 2667 921 multa
2694 863 2768 920 de
2795 879 3038 936 sponso,
3071 865 3267 938 deque
3292 867 3543 939 nuptiis,

1891 951 2082 1024 deque
2097 951 2274 1008 bonis
2290 953 2572 1009 omnibus
2596 969 2731 1026 qum
2767 969 3007 1025 sponsa
3067 962 3317 1012 ventura
3352 959 3547 1012 essent

1893 1039 2170 1111 prmdixit
2201 1046 2257 1097 et
2287 1041 2702 1114 proclamavit.
2755 1041 3157 1108 Quamobrem
3195 1043 3270 1100 de
3322 1043 3420 1100 illa
3467 1044 3549 1100 sic

1894 1128 2159 1202 loquitur
2177 1147 2189 1185 :
2207 1130 2360 1196 Quid
2384 1132 2578 1201 poscit
2596 1132 2787 1188 haeres
2810 1132 2838 1188 Τ
2858 1131 3192 1188 Audiamus
3214 1134 3550 1206 responsio-

1896 1233 2072 1275 nem:
2099 1239 2128 1271 ι(
2159 1220 2349 1276 Verba
2380 1236 2516 1278 mea
2562 1221 2807 1278 auribus
2837 1221 3090 1294 percipe,
3145 1223 3393 1278 Domine
3421 1225 3489 1279 ι’.
3520 1244 3549 1273 »

193 1320 316 1387 γίας
373 1319 462 1366 καὶ
516 1317 632 1386 περὶ
679 1321 780 1364 τῶν
836 1311 1042 1382 ἀγαθῶν
1094 1320 1194 1363 τῶν
1255 1307 1632 1382 διαδεξομένων
1711 1307 1874 1367 αὐτὴν
1943 1315 2156 1380 προεῖπε
2230 1315 2320 1363 καὶ
2386 1316 2798 1384 προανεφώνησεσ
2863 1307 2956 1364 διά
3008 1308 3074 1370 δή
3137 1319 3286 1365 τοῦτο
3333 1318 3424 1365 καὶ
3479 1310 3552 1364 ἐν-

195 1405 364 1456 ταῦθα
388 1405 514 1476 ὑπερ
543 1401 705 1464 αὐτῆς
725 1409 953 1454 ποιεῖται
984 1403 1070 1453 τόν
1089 1399 1260 1472 λόγον’
1295 1404 1384 1452 καὶ
1409 1405 1460 1452 τί
1485 1399 1619 1452 αἰτεῖ
1638 1399 1667 1456 ἡ
1696 1397 2096 1472 κληρονομοῦσα
2118 1413 2132 1465 ;
2167 1399 2489 1473 Ἀκονσωμεν
2513 1404 2565 1452 τί
2586 1417 2734 1472 φησι·
2766 1421 2794 1450 «
2826 1402 2903 1453 Τὰ
2919 1400 3134 1476 ῥήματά
3155 1420 3257 1474 μου
3287 1400 3550 1467 ἐνώτισαι,

199 1494 372 1565 Κύριε.
410 1513 434 1543 ν

735 1593 1046 1642 ΕΡΩΤΗΣΙΣ
1086 1586 1248 1641 ΣΠΗ’.

196 1772 226 1803 α
270 1753 445 1825 Κύριε,
487 1754 561 1823 μὴ
592 1758 665 1821 τῷ
694 1750 840 1822 θυμῷ
871 1768 964 1825 σου
996 1747 1206 1825 ἐλέγξῃς
1235 1767 1317 1819 με,
1366 1743 1504 1819 μηδὲ
1548 1753 1609 1818 τῇ
1663 1745 1793 1820 ὀργῇ

699 1817 793 1874 σου
810 1817 1129 1892 ’παιδεύσης
1270 1840 1300 1872 ››

2033 1586 2350 1650 ΟυΕεΤΙΟ
2382 1585 3010 1732 ΟΟΙιΧΧὲἕὲΙΗΟοέει.
3040 1589 3214 1658 CCCI,
3247 1591 3428 1648 Taur.

1915 1764 1939 1794 κ
1967 1745 2214 1802 Domine
2235 1747 2384 1804 nein
2404 1747 2620 1816 furore
2640 1753 2740 1824 tua
2760 1763 2981 1824 arguas
3007 1764 3120 1817 me,
3151 1765 3339 1824 neque
3369 1752 3430 1808 in
3458 1751 3554 1809 ira

2433 1825 2539 1876 tua
2577 1819 2864 1891 corripias
2888 1835 2998 1878 me.
3033 1841 3062 1873 »

827 1917 980 1968 Edita
1007 1931 1039 1967 a
1068 1917 1204 1966 Maio
1240 1916 1294 1978 (l.
1327 1930 1374 1966 c.
1407 1929 1458 1979 p.
1491 1917 1599 1973 145,
1632 1916 1741 1972 146,
1773 1929 1821 1978 q.

1912 1914 1992 1972 l8).
2030 1942 2091 1950 —
2122 1915 2257 1965 Psal.
2296 1927 2379 1974 vr,
2411 1917 2458 1974 1,
2490 1918 2557 1974 2;
2597 1929 2866 1974 XXXVIII,
2897 1919 2939 1966 t.

266 2019 426 2071 Ὀταν
479 2015 712 2090 ἀκούσης
745 2018 906 2088 θυμὸν
955 2020 1044 2067 καὶ
1079 2013 1239 2090 ὀργήν
1279 2013 1362 2066 ἐπὶ
1417 2021 1570 2079 Θεοῦ,
1629 2009 1794 2085 μηδὲν

194 2108 513 2182 ἀνθρώπινον
545 2107 908 2177 ύποπτεύσης³
954 2101 1398 2174 συγκαταϐάσέως
1424 2105 1526 2175 γάρ
1575 2100 1684 2154 ἐστι
1733 2104 1800 2153 τά

193 2200 446 2273 ῥήματα·
489 2200 578 2248 καῖ
615 2198 718 2267 γὰρ
762 2198 820 2246 τό
873 2200 1024 2246 Θεῖον
1068 2193 1303 2245 ἁπάντων
1334 2190 1656 2250 ἀπήλλακται
1698 2199 1798 2244 τῶν

193 2289 404 2339 παθῶν·
459 2281 757 2354 διαλέγεται
811 2279 870 2335 δε
919 2282 1078 2342 οὕτως
1126 2283 1260 2334 ὥστε
1314 2279 1657 2351 καθάψασθαι
1709 2287 1799 2340 τῆς

196 2384 299 2429 τῶν
375 2377 687 2446 παχυτέρων
767 2369 1038 2434 διανοίας·
1110 2369 1218 2423 ἐπεὶ
1296 2375 1385 2422 καὶ
1453 2371 1623 2442 ἡμεῖς,
1678 2371 1798 2422 ὅταν

197 2463 491 2539 βαρϐάροις
595 2459 974 2532 διαλεγώμεθα,
1062 2468 1124 2532 τῇ
1241 2459 1440 2511 ἐκείνων
1545 2460 1800 2532 χρώμεθα

194 2554 450 2626 γλώσσῃ·
511 2551 605 2604 κᾶν
672 2553 804 2625 πρὸς
867 2546 1082 2602 παιδίον
1145 2549 1503 2621 φθεγγώμεθα,
1569 2545 1798 2618 συμψελ-

195 2643 430 2714 λίζομεν,
482 2639 577 2692 κάν
625 2641 868 2712 μυριάκις
915 2635 1048 2710 ὦμεν
1108 2641 1290 2708 σοφοί·
1345 2635 1505 2696 ἄλλως
1535 2655 1587 2688 τε
1614 2632 1672 2687 δε
1709 2639 1799 2686 καὶ

1241 2457 1440 2511 ἐκείνων

197 2734 225 2784 6
285 2733 442 2803 θυμός
507 2733 597 2781 καὶ
656 2731 685 2786 η
750 2727 880 2801 ὀργή
942 2726 1035 2778 οὐκ
1091 2726 1146 2788 ἐξ
1201 2724 1429 2796 ἀνάγκης
1482 2726 1642 2786 πάθος
1699 2731 1798 2775 τῶν

200 2819 622 2892 προϐαλλομένων
686 2815 821 2868 αύτά
874 2811 1226 2868 ἐνδείκνυται·
1287 2813 1334 2866 ἐν
1402 2810 1528 2866 δύσὶ
1581 2815 1681 2885 γάρ
1741 2814 1798 2864 τό

205 2904 280 2960 δι’
345 2907 509 2959 αὐτῶν
553 2906 875 2978 ἐγγινόμενον
924 2906 1084 2964 πάθος
1139 2909 1468 2967 συνίσταται,
1519 2906 1566 2954 ἓν
1618 2922 1670 2954 τε
1727 2909 1798 2971 τῷ

203 2995 524 3070 βαλλομένῳ,
583 3000 671 3047 καὶ
729 2993 776 3046 ἐν
843 2995 918 3056 οἷς
988 3001 1152 3045 ταῦτα
1210 2992 1499 3050 πλήττοντα
1564 2990 1798 3062 ἀλγεινὴν

202 3084 448 3139 διάθεσιν
520 3083 900 3158 ἀπεργάζεταιο
980 3085 1004 3134 ὅ
1084 3102 1137 3134 τε
1207 3084 1307 3154 γὰρ
1387 3082 1703 3152 θυμούμενος
1766 3080 1794 3138 ἦ

201 3175 537 3248 ὀργιζόμενος
577 3170 868 3225 διατίθεταί
914 3192 1022 3232 πως
1065 3174 1198 3222 κατά
1241 3177 1437 3221 ταῦτα·
1502 3175 1591 3222 καὶ
1630 3171 1655 3221 6
1713 3173 1800 3221 τόν

203 3267 368 3336 θυμὸν
406 3267 493 3314 καὶ
547 3266 639 3320 τὴν
673 3260 830 3334 ὀργὴν
879 3256 1228 3332 ἐκδεξάμενος,
1283 3257 1513 3319 κάκεῖνος
1543 3261 1802 3320 πεπονθώς

202 3349 411 3410 διετέθη
449 3355 583 3403 κατά
619 3354 711 3409 τήν
768 3350 999 3406 πάθησιν
1022 3366 1033 3378 ’
1069 3347 1116 3399 ἐν
1149 3347 1456 3421 ἀμφοτέροις
1505 3351 1594 3419 μὲν
1626 3344 1712 3400 οὖν
1742 3352 1801 3401 τό

199 3442 372 3502 πάθος
413 3441 630 3512 ὁρᾶται·
690 3438 796 3490 ἀλλ’
838 3440 1011 3510 ὥσπερ
1065 3439 1204 3489 ἔστιν
1264 3432 1393 3488 ἰδεῖν
1455 3435 1612 3488 ἐνίοτε
1649 3443 1802 3507 μόνον

199 3533 292 3582 τόν
378 3527 788 3602 προϐαλλόμενον
872 3529 958 3579 τόν
1049 3527 1210 3598 θυμόν
1303 3530 1391 3577 καὶ
1483 3531 1575 3583 τήν
1643 3525 1803 3598 ὀργήν

199 3620 504 3690 πάσχοντα,
573 3621 694 3690 πρός
742 3617 795 3668 ὃν
853 3612 911 3668 δε
967 3623 1133 3666 ταῦτα
1191 3612 1416 3685 ἀφίεται,
1473 3612 1644 3672 ἀπαθῆ
1715 3621 1804 3667 καὶ

203 3707 561 3771 ἀναλλοίωτον,
599 3710 723 3766 ἴσως
770 3705 1047 3777 φιλοσοφίᾳ
1102 3709 1196 3761 τήν
1245 3702 1431 3774 ψυχήν
1482 3709 1800 3768 τονώσαντα,

202 3802 296 3848 καὶ
339 3801 554 3870 κρείττω
611 3803 706 3856 τῆς
746 3793 903 3868 ὀργῆς
943 3801 1041 3844 τῶν
1092 3795 1419 3864 θυμουμένων
1467 3797 1556 3844 καὶ
1595 3791 1807 3866 ὀργιζο-

203 3891 368 3958 μένων
415 3889 697 3956 γενόμενονδ
756 3881 864 3934 ἀλλ’
927 3882 1060 3954 ὅμως
1102 3883 1198 3932 κᾶν
1245 3884 1294 3931 ἐν
1341 3881 1536 3954 θατέρῳ
1588 3884 1646 3932 τό
1710 3883 1807 3933 πά-

205 3977 294 4035 θος
343 3975 546 4046 ὁρᾶταιο
590 3969 740 4026 οὐδὲν
791 3973 945 4030 ἦττον
1003 3972 1160 4039 θυμὸς
1206 3971 1231 4021 ό
1272 3971 1432 4040 θυμός
1475 3974 1564 4022 καὶ
1594 3972 1622 4028 ἡ
1675 3969 1803 4044 ὀργὴ

203 4064 430 4134 λέγεται’
470 4063 604 4114 οὕτω
651 4062 746 4113 κᾶν
784 4065 933 4133 μόνος
972 4061 998 4111 6
1041 4063 1126 4111 τόν
1172 4061 1332 4129 θυμὸν
1384 4062 1472 4110 καὶ
1519 4063 1612 4116 τήν
1649 4057 1808 4131 ὀργὴν

207 4149 550 4224 ἐκδεχόμενος
601 4153 735 4203 κατά
780 4153 840 4202 τό
895 4151 1061 4210 πάθος
1111 4144 1395 4212 διατεθείη,
1446 4154 1537 4198 τοῦ
1589 4147 1810 4219 προϐαλ-

203 4242 421 4313 λομένου
467 4249 634 4293 ταῦτα
686 4235 854 4312 μηδὲν
902 4238 1031 4299 ὅλως
1082 4236 1440 4296 ἀλλοιωθέντος
1490 4240 1517 4293 ἦ
1570 4239 1702 4288 κατά
1760 4257 1811 4288 τι

204 4331 370 4392 πάθος
401 4325 740 4394 διατιθέντος,
791 4323 942 4380 ούδέν
985 4327 1192 4379 ἔλαττον
1233 4333 1417 4391 ταῦτα,
1470 4324 1574 4376 ἀλλ’
1623 4327 1812 4398 ὁμοίως

206 4421 375 4491 θυμός
427 4424 518 4470 καὶ
567 4417 696 4491 ὀργή
756 4418 920 4476 πάθος
971 4421 1061 4467 καὶ
1135 4415 1290 4486 ἄλγος
1347 4423 1419 4484 τῷ
1491 4411 1812 4487 ἐκδεξαμένῳ

205 4508 619 4582 ἐμπεποιηκὸτα,
669 4505 932 4576 ἀκολούθῳ
979 4504 1115 4576 λόγῳ
1147 4503 1342 4556 καλοῖτ’
1387 4505 1467 4555 ἄν·
1523 4507 1611 4555 καὶ
1645 4504 1813 4577 ἰατροὶ

208 4596 271 4651 δε
299 4602 561 4670 τέμνοντες
591 4601 678 4649 καὶ
708 4600 798 4648 καὶ
828 4599 1062 4656 καίοντες
1090 4593 1148 4645 ού
1190 4595 1337 4664 θυμῷ
1367 4599 1519 4646 τοῦτο
1550 4601 1809 4658 ποιοῦσιν,

208 4686 343 4740 ἀλλὰ
392 4694 571 4757 σκοπῷ
623 4694 716 4748 τῆς
770 4681 1120 4760 διορθώσεως,
1175 4682 1269 4735 ούκ
1324 4681 1651 4757 ὀργιζόμενοι
1707 4689 1812 4745 τοῖς

208 4778 518 4849 κάμνουσιν,
575 4775 680 4828 ἀλλ’
726 4774 977 4834 ἐλεοῦντες
1007 4773 1196 4834 αὐτούς
1237 4775 1326 4824 καὶ
1373 4780 1472 4824 τῶν
1511 4774 1814 4845 νοσημάτων

1845 4563 1891 4618 D

1977 2013 2259 2070 Furorem
2301 2019 2357 2068 et
2395 2013 2547 2070 iram
2578 2014 2690 2079 Dei.
2731 2015 3008 2080 audiens,
3040 2016 3185 2073 nihil
3220 2017 3561 2076 humanum

1907 2101 2195 2172 suspicari
2224 2101 2429 2158 debes.
2477 2102 2612 2158 Hac
2641 2101 2802 2158 enim
2834 2108 2971 2160 sunt
3001 2121 3073 2161 ex
3105 2111 3280 2177 pacto
3322 2113 3378 2163 et
3415 2122 3561 2164 con-

1907 2194 2087 2244 ventu
2112 2190 2312 2256 verba,
2345 2205 2485 2246 cum
2512 2191 2587 2246 sit
2606 2189 2865 2249 alienum
2899 2208 2936 2249 a
2965 2197 3192 2249 cunctis
3219 2195 3404 2251 animi
3435 2211 3561 2252 mo-

1906 2277 2064 2332 tibus
2101 2279 2352 2333 Numen.
2383 2279 2476 2335 Sic
2506 2283 2707 2336 autem
2753 2279 2986 2337 locutus
3007 2287 3096 2337 est
3141 2284 3314 2348 Deus,
3360 2288 3421 2340 ut
3471 2286 3564 2340 vel

1906 2366 2095 2422 crassi
2137 2367 2403 2423 homines
2450 2367 2886 2438 intelligerent:
2932 2372 3177 2442 quando
3225 2373 3384 2429 enim
3423 2389 3562 2430 cum

1906 2455 2176 2512 barbaris
2205 2455 2606 2528 colloquimur
2649 2473 2860 2514 eorum
2898 2458 3105 2528 lingua
3132 2461 3374 2528 utimur,
3413 2478 3484 2518 ac
3510 2462 3559 2518 si

1908 2559 2111 2600 coram
2143 2545 2338 2616 pueris
2363 2545 2544 2602 verba
2580 2545 2858 2613 facimus,
2889 2546 3278 2617 balbutimur,
3327 2551 3433 2607 etsi
3462 2552 3564 2607 de-

1907 2633 2026 2689 cies
2055 2632 2267 2690 millies
2321 2633 2488 2704 periti
2533 2649 2826 2692 essemus.
2869 2639 3160 2694 Cmterum
3209 2637 3474 2695 furorem
3502 2645 3563 2695 et

1907 2723 2057 2778 iram
2078 2722 2181 2795 qui
2204 2738 2320 2795 prae
2352 2738 2416 2778 se
2446 2722 2643 2779 ferunt
2666 2739 2790 2780 non
2836 2723 3059 2782 idcirco
3089 2742 3162 2782 ex
3212 2729 3562 2785 necessitate

1906 2810 2210 2868 declarant
2253 2811 2592 2868 interiorem
2617 2812 2803 2869 animi
2852 2818 3094 2871 motum.
3125 2815 3322 2872 Animi
3361 2821 3564 2874 motus

1907 2916 1939 2955 e
1962 2899 2203 2956 duobus
2229 2905 2460 2956 constat
2485 2917 2498 2956 :
2534 2902 2697 2972 prius
2723 2907 2811 2957 est
2841 2902 3008 2974 quod
3035 2905 3314 2974 percellit,
3362 2910 3560 2978 poste-

1908 2989 2030 3044 rius
2058 2994 2258 3045 autem
2281 2989 2447 3061 quod
2476 2988 2574 3046 illa
2597 2990 2847 3046 molesta
2871 2991 3245 3062 perculsione
3270 2995 3564 3065 contingi-

1909 3084 2022 3136 tur.
2053 3078 2226 3134 Aliud
2258 3079 2472 3151 patitur
2500 3079 2604 3150 qui
2652 3079 2945 3146 irascitur,
2997 3081 3159 3137 aliud
3189 3084 3291 3155 qui
3323 3084 3424 3140 iraa
3451 3085 3560 3140 ob—

1909 3168 2122 3224 noxius
2137 3173 2243 3236 est,
2261 3167 2536 3239 quamvis
2561 3169 2788 3239 utrique
2809 3168 3002 3224 inesse
3015 3169 3242 3242 aliquid
3261 3173 3558 3243 passionis

1912 3257 2196 3313 videatur.
2231 3256 2342 3314 Sed
2377 3263 2437 3311 ut
2484 3256 2808 3313 identidem
2838 3258 3106 3314 invenias
3163 3259 3322 3316 hunc
3367 3261 3564 3318 solum

1913 3345 2390 3403 stomachantem
2423 3345 2806 3412 commoveri,
2841 3345 3007 3402 illum
3047 3353 3248 3404 autem
3281 3351 3375 3405 cui
3406 3351 3567 3422 prior

1911 3435 2178 3492 offensus
2209 3440 2298 3491 est
2334 3435 2498 3492 nullo
2541 3440 2709 3490 motu
2745 3435 3049 3502 concitari,
3081 3437 3243 3509 quod
3271 3438 3420 3496 forte
3445 3441 3567 3497 ani-

1913 3541 2082 3580 mum
2124 3523 2508 3596 philosophia
2560 3521 2795 3589 fultum,
2846 3539 2969 3596 prta
3006 3526 3331 3599 impetibus
3367 3529 3468 3585 iraa
3498 3545 3570 3586 ac

1915 3614 2131 3670 furoris
2170 3613 2472 3670 sustulerit
2504 3631 2518 3669 :
2551 3629 2620 3670 ac
2659 3618 2849 3670 tamen
2879 3615 3112 3687 utrique
3151 3617 3377 3690 aliquid
3429 3634 3570 3692 pas-

1916 3703 2099 3758 sionis
2125 3717 2250 3758 esse
2278 3701 2570 3767 videatur,
2597 3702 2764 3774 quod
2814 3702 2972 3759 nullo
3013 3703 3362 3762 discrimine
3417 3707 3572 3764 iram

1916 3807 2224 3848 vocamus.
2260 3793 2427 3847 Haud
2461 3792 2646 3856 aliter,
2675 3792 2906 3848 etiamsi
2950 3809 3132 3866 quem
3165 3793 3263 3851 ira:
3312 3796 3573 3868 impetus

1917 3880 2285 3938 lacessivitis
2314 3896 2468 3936 unus
2517 3885 2966 3953 permoveretur
2999 3899 3012 3946 ;
3064 3882 3161 3954 qui
3195 3890 3397 3940 autem
3423 3886 3574 3942 iram

1917 3971 2428 4040 concitavitaaquo
2450 3969 2626 4040 plane
2657 3969 2860 4025 animo
2885 3974 3058 4035 esset,
3093 3971 3377 4043 nulloque
3411 3981 3576 4029 motu

1918 4058 2188 4123 affectus,
2222 4056 2607 4113 nihilosecius
2639 4073 2769 4128 qum
2809 4057 3039 4113 oﬂenso
3070 4060 3576 4117 conturbationem

1918 4154 1975 4204 et
2010 4147 2282 4202 dolorem
2301 4145 2642 4210 attulerunt,
2676 4145 2905 4215 vulgari
2931 4162 3227 4211 sermone,
3275 4149 3356 4203 ira
3376 4153 3435 4204 et
3455 4154 3577 4205 sto-

1920 4237 2172 4293 machus
2207 4233 2672 4306 appellarentur.
2706 4233 2908 4290 Medici
2940 4250 3182 4307 quoque
3213 4239 3447 4308 quoties
3477 4239 3580 4295 ali-

1919 4325 2066 4400 quid
2096 4323 2188 4381 vel
2214 4329 2498 4387 resecant,
2526 4322 2618 4379 vel
2647 4329 2918 4389 exurunt,
2955 4325 3056 4379 irae
3094 4339 3216 4382 non
3246 4326 3576 4397 indulgent,

1920 4430 2042 4471 non
2073 4413 2204 4470 irati
2237 4419 2376 4468 sunt
2404 4411 2693 4468 adversus
2732 4417 3112 4480 aegrotantes,
3148 4416 3252 4468 sed
3281 4416 3582 4472 commise-

1921 4503 2151 4561 ratione
2182 4501 2375 4559 aﬂ‘ecti
2396 4511 2452 4558 et
2473 4516 2574 4556 eos
2594 4499 3067 4557 morboliberare
3098 4503 3347 4574 cupiunt
3379 4522 3392 4570 ;
3445 4522 3582 4561 cum

1922 4593 2099 4666 igitur
2127 4591 2276 4648 dicis
2319 4611 2331 4650 :
2369 4611 2398 4644 «
2430 4590 2511 4646 Ne
2551 4589 2614 4645 in
2654 4590 2849 4645 furore
2902 4594 3004 4646 tuo
3035 4606 3255 4660 arguas
3297 4609 3409 4660 me,
3444 4614 3470 4646 »
3524 4595 3583 4649 id

1922 4686 2012 4740 est
2039 4698 2054 4749 ;
2082 4681 2203 4738 noli
2223 4695 2434 4752 poenas
2455 4696 2491 4735 a
2517 4694 2610 4734 me
2643 4679 2899 4748 exigere,
2927 4683 2984 4734 et
3018 4685 3397 4750 peccatorum
3423 4699 3583 4738 meo-

1923 4788 2058 4828 rum
2086 4771 2404 4827 vindictam
2431 4783 2712 4841 quaerere.

214 4865 648 4927 ἀπαλλάττοντεςο
684 4866 805 4917 ὅταν
831 4859 919 4916 οὖν
952 4865 1091 4935 εἶπηο
1130 4882 1157 4914 (ι
1191 4867 1274 4920 Μὴ
1303 4869 1374 4933 τῷ
1408 4863 1553 4934 θυμῷ
1587 4881 1680 4915 σου
1712 4861 1922 4936 ἐλέγξῃς
1949 4881 2032 4935 με,
2059 4880 2088 4913 ))
2118 4863 2356 4913 τουτέστι
2385 4863 2470 4916 Μὴ
2518 4857 2820 4929 ἀπαιτήσῃς
2861 4875 2923 4928 με
2956 4852 3112 4915 δίκην
3141 4865 3240 4910 τῶν
3270 4861 3584 4934 ἡμαρτημέ-

207 4977 330 5020 νων,
363 4951 502 5028 μηδε
540 4953 808 5027 ἐπεξέλθης
838 4959 949 5014 τοῖς
978 4951 1516 5024 πεπλημμελημένοις.

761 5056 1074 5106 ΕΡΩΤΗΣΙΣ
1117 5049 1281 5104 ΣΠΘ.

597 5213 718 5268 Ὀτι
748 5212 1019 5287 ἐταράχθη
1053 5214 1116 5264 τά
1143 5211 1276 5264 ὀστᾶ
1303 5228 1424 5284 μου⁶

2047 5046 2370 5119 ΟωΕδΤΙΟ
2403 5041 3015 5188 ΟΟΙιΧΧὶὲἓξὶἑῆοέει.
3051 5045 3250 5103 CCCII.
3287 5049 3462 5106 Taur.

2111 5227 2139 5259 ‹‹
2173 5207 2453 5274 Quoniam
2483 5204 2838 5261 conturbata
2866 5212 3004 5260 sunt
3035 5220 3168 5262 ossa
3195 5224 3338 5267 mea.
3375 5231 3400 5263 ν

1065 5310 1219 5360 Edita
1243 5323 1276 5360 a
1307 5309 1443 5358 Maio
1475 5307 1528 5367 (Ι.
1563 5322 1607 5356 c.
1640 5321 1692 5371 p.
1727 5308 1833 5364 146,
1877 5307 1979 5364 H7,
2008 5322 2060 5371 p.
2087 5307 2218 5369 299).
2247 5332 2308 5341 —
2338 5304 2395 5354 In
2421 5302 2555 5353 Psal.
2587 5313 2670 5358 VI.
2699 5304 2746 5351 2.

289 5411 458 5464 Ὀστᾶ
536 5406 596 5463 δε
651 5409 871 5462 ἐνταῦθα
938 5405 1074 5480 λέγει
1167 5411 1262 5466 τήν
1351 5406 1510 5478 ἰσχύν
1591 5404 1819 5457 ἃπασαν·

211 5504 464 5576 ταραχὴν
509 5497 567 5552 δε
610 5504 704 5558 τήν
742 5498 966 5570 πληγήν,
1007 5500 1102 5554 τήν
1140 5495 1377 5562 κόλασιν,
1419 5499 1510 5552 τήν
1548 5498 1821 5568 τιμωρίαν·

295 5682 342 5716 ¹⁸
371 5677 521 5734 Psal.
558 5695 614 5742 v,
651 5682 706 5732 2.

467 5780 705 5834 νει-πίοι..
739 5776 822 5830 Gn
836 5814 850 5829 .
883 5773 970 5829 Cl.

2005 5405 2152 5459 Ossa
2182 5403 2276 5457 hic
2305 5400 2428 5456 vim
2473 5415 2713 5457 omnem
2754 5397 3111 5469 signiﬁcant.
3162 5404 3441 5464 Turbatio
3485 5425 3592 5480 pro

1933 5493 2135 5564 plaga,
2168 5506 2367 5564 paena,
2393 5489 2654 5545 vindicta
2694 5489 2956 5562 ponitur.
2991 5490 3167 5548 Aiunt
3197 5496 3468 5566 quidam,
3494 5498 3589 5553 hic

3283 5771 3352 5828 36
