  <div class='ocr_page' id='page_1' title='image "/cluster/home/n/w/nwhite01/storage/ocr_20150623/101/hvd.32044054112305/581.png"; bbox 0 0 4026 6206; ppageno 0'>
   <div class='ocr_carea' id='block_1_1' title="bbox 605 250 743 311">
    <p class='ocr_par' dir='ltr' id='par_1_1' title="bbox 605 250 743 311">
     <span class='ocr_line' id='line_1_1' title="bbox 605 250 743 311; baseline 0 -1"><span class='ocrx_word' id='word_1_1' title='bbox 605 250 743 311; x_wconf 74' lang='grc'><strong>1123</strong></span> 
     </span>
    </p>
   </div>
   <div class='ocr_carea' id='block_1_2' title="bbox 1828 244 3809 319">
    <p class='ocr_par' dir='ltr' id='par_1_2' title="bbox 1828 244 3809 319">
     <span class='ocr_line' id='line_1_2' title="bbox 1828 244 3809 319; baseline 0.006 -12"><span class='ocrx_word' id='word_1_2' title='bbox 1828 244 2069 309; x_wconf 82' lang='lat' dir='ltr'>PHOTII</span> <span class='ocrx_word' id='word_1_3' title='bbox 2107 248 2591 309; x_wconf 60' lang='lat' dir='ltr'>PATRIARCHE</span> <span class='ocrx_word' id='word_1_4' title='bbox 2619 251 2727 309; x_wconf 88' lang='lat' dir='ltr'>CP.</span> <span class='ocrx_word' id='word_1_5' title='bbox 3736 264 3809 319; x_wconf 73' lang='lat' dir='ltr'>lltl</span> 
     </span>
    </p>
   </div>
   <div class='ocr_carea' id='block_1_3' title="bbox 604 375 2230 453">
    <p class='ocr_par' dir='ltr' id='par_1_3' title="bbox 604 375 2227 451">
     <span class='ocr_line' id='line_1_3' title="bbox 604 375 2227 451; baseline -0.002 -14"><span class='ocrx_word' id='word_1_6' title='bbox 604 398 640 437; x_wconf 88' lang='lat' dir='ltr'>a</span> <span class='ocrx_word' id='word_1_7' title='bbox 678 379 1019 437; x_wconf 77' lang='lat' dir='ltr'>turbatione</span> <span class='ocrx_word' id='word_1_8' title='bbox 1032 375 1351 449; x_wconf 82' lang='lat' dir='ltr'>signiﬁcari</span> <span class='ocrx_word' id='word_1_9' title='bbox 1376 380 1605 434; x_wconf 88' lang='lat' dir='ltr'>metum</span> <span class='ocrx_word' id='word_1_10' title='bbox 1634 378 1739 449; x_wconf 87' lang='lat' dir='ltr'>qui</span> <span class='ocrx_word' id='word_1_11' title='bbox 1770 394 1840 435; x_wconf 89' lang='lat' dir='ltr'>ex</span> <span class='ocrx_word' id='word_1_12' title='bbox 1862 383 2110 451; x_wconf 90' lang='lat' dir='ltr'>peccato</span> <span class='ocrx_word' id='word_1_13' title='bbox 2138 378 2227 434; x_wconf 91' lang='lat' dir='ltr'>ori</span> 
     </span>
    </p>
   </div>
   <div class='ocr_carea' id='block_1_4' title="bbox 2333 375 3817 453">
    <p class='ocr_par' dir='ltr' id='par_1_4' title="bbox 2362 378 3817 453">
     <span class='ocr_line' id='line_1_4' title="bbox 2362 378 3817 453; baseline 0.004 -22"><span class='ocrx_word' id='word_1_14' title='bbox 2362 383 2495 439; x_wconf 79' lang='grc' dir='ltr'>τινές</span> <span class='ocrx_word' id='word_1_15' title='bbox 2525 399 2681 451; x_wconf 88' lang='grc' dir='ltr'>φασιν</span> <span class='ocrx_word' id='word_1_16' title='bbox 2726 378 2949 433; x_wconf 78' lang='grc' dir='ltr'>ἐνταῦθα</span> <span class='ocrx_word' id='word_1_17' title='bbox 2972 383 3214 453; x_wconf 80' lang='grc' dir='ltr'>ταραχὴν</span> <span class='ocrx_word' id='word_1_18' title='bbox 3261 380 3421 453; x_wconf 71' lang='grc' dir='ltr'>λέγειν</span> <span class='ocrx_word' id='word_1_19' title='bbox 3465 382 3611 448; x_wconf 74' lang='grc' dir='ltr'>αὐτὸν,</span> <span class='ocrx_word' id='word_1_20' title='bbox 3635 387 3698 436; x_wconf 84' lang='grc' dir='ltr'>τὸν</span> <span class='ocrx_word' id='word_1_21' title='bbox 3718 387 3817 450; x_wconf 66' lang='lat' dir='ltr'>iui;</span> 
     </span>
    </p>
   </div>
   <div class='ocr_carea' id='block_1_5' title="bbox 602 464 2250 540">
    <p class='ocr_par' dir='ltr' id='par_1_5' title="bbox 602 464 2250 540">
     <span class='ocr_line' id='line_1_5' title="bbox 602 464 2250 540; baseline -0.002 -14"><span class='ocrx_word' id='word_1_22' title='bbox 602 476 714 526; x_wconf 90' lang='lat' dir='ltr'>tur.</span> <span class='ocrx_word' id='word_1_23' title='bbox 756 467 929 536; x_wconf 88' lang='lat' dir='ltr'>Quod</span> <span class='ocrx_word' id='word_1_24' title='bbox 984 466 1316 539; x_wconf 73' lang='lat' dir='ltr'>praesertim</span> <span class='ocrx_word' id='word_1_25' title='bbox 1348 466 1409 521; x_wconf 92' lang='lat' dir='ltr'>in</span> <span class='ocrx_word' id='word_1_26' title='bbox 1441 464 1779 523; x_wconf 86' lang='lat' dir='ltr'>libidinosis</span> <span class='ocrx_word' id='word_1_27' title='bbox 1828 468 2250 540; x_wconf 80' lang='lat' dir='ltr'>cupiditatibus</span> 
     </span>
    </p>
   </div>
   <div class='ocr_carea' id='block_1_6' title="bbox 598 556 2247 628">
    <p class='ocr_par' dir='ltr' id='par_1_6' title="bbox 598 556 2247 628">
     <span class='ocr_line' id='line_1_6' title="bbox 598 556 2247 628; baseline -0.002 -13"><span class='ocrx_word' id='word_1_28' title='bbox 598 559 940 628; x_wconf 80' lang='lat' dir='ltr'>contingere</span> <span class='ocrx_word' id='word_1_29' title='bbox 968 557 1139 620; x_wconf 96' lang='lat' dir='ltr'>solet,</span> <span class='ocrx_word' id='word_1_30' title='bbox 1187 571 1353 627; x_wconf 66' lang='lat' dir='ltr'>teque</span> <span class='ocrx_word' id='word_1_31' title='bbox 1386 570 1455 611; x_wconf 91' lang='lat' dir='ltr'>ac</span> <span class='ocrx_word' id='word_1_32' title='bbox 1494 556 1554 610; x_wconf 91' lang='lat' dir='ltr'>in</span> <span class='ocrx_word' id='word_1_33' title='bbox 1595 556 1680 612; x_wconf 89' lang='lat' dir='ltr'>ira</span> <span class='ocrx_word' id='word_1_34' title='bbox 1718 562 1773 612; x_wconf 91' lang='lat' dir='ltr'>et</span> <span class='ocrx_word' id='word_1_35' title='bbox 1798 557 1857 613; x_wconf 90' lang='lat' dir='ltr'>in</span> <span class='ocrx_word' id='word_1_36' title='bbox 1893 557 2247 613; x_wconf 89' lang='lat' dir='ltr'>calamitati-</span> 
     </span>
    </p>
   </div>
   <div class='ocr_carea' id='block_1_7' title="bbox 596 646 2247 713">
    <p class='ocr_par' dir='ltr' id='par_1_7' title="bbox 596 646 2247 713">
     <span class='ocr_line' id='line_1_7' title="bbox 596 646 2247 713; baseline -0.002 -8"><span class='ocrx_word' id='word_1_37' title='bbox 596 648 730 705; x_wconf 85' lang='lat' dir='ltr'>bus.</span> <span class='ocrx_word' id='word_1_38' title='bbox 763 650 899 713; x_wconf 81' lang='lat' dir='ltr'>Quae</span> <span class='ocrx_word' id='word_1_39' title='bbox 930 653 1146 701; x_wconf 86' lang='lat' dir='ltr'>cuncta</span> <span class='ocrx_word' id='word_1_40' title='bbox 1164 646 1428 701; x_wconf 89' lang='lat' dir='ltr'>animam</span> <span class='ocrx_word' id='word_1_41' title='bbox 1459 648 1516 701; x_wconf 90' lang='lat' dir='ltr'>et</span> <span class='ocrx_word' id='word_1_42' title='bbox 1542 658 1679 701; x_wconf 89' lang='lat' dir='ltr'>ossa</span> <span class='ocrx_word' id='word_1_43' title='bbox 1712 646 1969 703; x_wconf 88' lang='lat' dir='ltr'>turbant.</span> <span class='ocrx_word' id='word_1_44' title='bbox 2000 648 2099 703; x_wconf 88' lang='lat' dir='ltr'>Hic</span> <span class='ocrx_word' id='word_1_45' title='bbox 2122 652 2247 702; x_wconf 88' lang='lat' dir='ltr'>tum</span> 
     </span>
    </p>
   </div>
   <div class='ocr_carea' id='block_1_8' title="bbox 593 735 2243 811">
    <p class='ocr_par' dir='ltr' id='par_1_8' title="bbox 593 735 2243 811">
     <span class='ocr_line' id='line_1_8' title="bbox 593 735 2243 811; baseline -0.001 -19"><span class='ocrx_word' id='word_1_46' title='bbox 593 737 835 811; x_wconf 79' lang='lat' dir='ltr'>pupillae</span> <span class='ocrx_word' id='word_1_47' title='bbox 880 736 1347 806; x_wconf 88' lang='lat' dir='ltr'>distorquentur,</span> <span class='ocrx_word' id='word_1_48' title='bbox 1382 740 1436 789; x_wconf 90' lang='lat' dir='ltr'>et</span> <span class='ocrx_word' id='word_1_49' title='bbox 1476 735 1619 789; x_wconf 86' lang='lat' dir='ltr'>nihil</span> <span class='ocrx_word' id='word_1_50' title='bbox 1651 736 1807 792; x_wconf 92' lang='lat' dir='ltr'>oculi</span> <span class='ocrx_word' id='word_1_51' title='bbox 1836 741 1991 793; x_wconf 89' lang='lat' dir='ltr'>recte</span> <span class='ocrx_word' id='word_1_52' title='bbox 2025 737 2243 792; x_wconf 90' lang='lat' dir='ltr'>vident.</span> 
     </span>
    </p>
   </div>
   <div class='ocr_carea' id='block_1_9' title="bbox 597 821 2243 896">
    <p class='ocr_par' dir='ltr' id='par_1_9' title="bbox 597 821 2243 896">
     <span class='ocr_line' id='line_1_9' title="bbox 597 821 2243 896; baseline -0.002 -14"><span class='ocrx_word' id='word_1_53' title='bbox 597 826 707 883; x_wconf 88' lang='lat' dir='ltr'>Sed</span> <span class='ocrx_word' id='word_1_54' title='bbox 725 829 787 881; x_wconf 90' lang='lat' dir='ltr'>ut</span> <span class='ocrx_word' id='word_1_55' title='bbox 811 824 889 880; x_wconf 90' lang='lat' dir='ltr'>ab</span> <span class='ocrx_word' id='word_1_56' title='bbox 920 823 1143 879; x_wconf 87' lang='lat' dir='ltr'>amenti</span> <span class='ocrx_word' id='word_1_57' title='bbox 1165 821 1372 891; x_wconf 80' lang='lat' dir='ltr'>auriga</span> <span class='ocrx_word' id='word_1_58' title='bbox 1396 822 1734 879; x_wconf 91' lang='lat' dir='ltr'>inordinate</span> <span class='ocrx_word' id='word_1_59' title='bbox 1760 824 2061 880; x_wconf 88' lang='lat' dir='ltr'>ducuntur</span> <span class='ocrx_word' id='word_1_60' title='bbox 2084 824 2243 896; x_wconf 87' lang='lat' dir='ltr'>equi,</span> 
     </span>
    </p>
   </div>
   <div class='ocr_carea' id='block_1_10' title="bbox 593 911 2247 979">
    <p class='ocr_par' dir='ltr' id='par_1_10' title="bbox 593 911 2247 979">
     <span class='ocr_line' id='line_1_10' title="bbox 593 911 2247 979; baseline -0.001 -10"><span class='ocrx_word' id='word_1_61' title='bbox 593 914 679 971; x_wconf 90' lang='lat' dir='ltr'>sic</span> <span class='ocrx_word' id='word_1_62' title='bbox 700 914 935 969; x_wconf 88' lang='lat' dir='ltr'>turbata</span> <span class='ocrx_word' id='word_1_63' title='bbox 972 913 1218 976; x_wconf 83' lang='lat' dir='ltr'>ratione,</span> <span class='ocrx_word' id='word_1_64' title='bbox 1271 911 1473 967; x_wconf 86' lang='lat' dir='ltr'>omnia</span> <span class='ocrx_word' id='word_1_65' title='bbox 1525 912 1992 979; x_wconf 87' lang='lat' dir='ltr'>confunduntur,</span> <span class='ocrx_word' id='word_1_66' title='bbox 2039 913 2247 969; x_wconf 85' lang='lat' dir='ltr'>omnia</span> 
     </span>
    </p>
   </div>
   <div class='ocr_carea' id='block_1_11' title="bbox 588 1001 2246 1076">
    <p class='ocr_par' dir='ltr' id='par_1_11' title="bbox 588 1001 2246 1076">
     <span class='ocr_line' id='line_1_11' title="bbox 588 1001 2246 1076; baseline -0.002 -17"><span class='ocrx_word' id='word_1_67' title='bbox 588 1019 864 1076; x_wconf 89' lang='lat' dir='ltr'>perversa</span> <span class='ocrx_word' id='word_1_68' title='bbox 892 1001 1064 1057; x_wconf 85' lang='lat' dir='ltr'>ﬁunt.</span> <span class='ocrx_word' id='word_1_69' title='bbox 1100 1001 1264 1057; x_wconf 88' lang='lat' dir='ltr'>Unde</span> <span class='ocrx_word' id='word_1_70' title='bbox 1286 1005 1486 1057; x_wconf 91' lang='lat' dir='ltr'>autem</span> <span class='ocrx_word' id='word_1_71' title='bbox 1517 1001 1657 1057; x_wconf 85' lang='lat' dir='ltr'>satis</span> <span class='ocrx_word' id='word_1_72' title='bbox 1688 1004 1913 1058; x_wconf 86' lang='lat' dir='ltr'>oriatur</span> <span class='ocrx_word' id='word_1_73' title='bbox 1940 1001 2246 1074; x_wconf 84' lang='lat' dir='ltr'>perturba-</span> 
     </span>
    </p>
   </div>
   <div class='ocr_carea' id='block_1_12' title="bbox 586 1090 2241 1164">
    <p class='ocr_par' dir='ltr' id='par_1_12' title="bbox 586 1090 2241 1164">
     <span class='ocr_line' id='line_1_12' title="bbox 586 1090 2241 1164; baseline -0.001 -15"><span class='ocrx_word' id='word_1_74' title='bbox 586 1093 669 1149; x_wconf 87' lang='lat' dir='ltr'>tio</span> <span class='ocrx_word' id='word_1_75' title='bbox 695 1091 723 1147; x_wconf 79' lang='lat'><strong>?</strong></span> <span class='ocrx_word' id='word_1_76' title='bbox 752 1091 1087 1164; x_wconf 86' lang='lat' dir='ltr'>namqueid</span> <span class='ocrx_word' id='word_1_77' title='bbox 1119 1090 1569 1161; x_wconf 80' lang='lat' dir='ltr'>explanandnm</span> <span class='ocrx_word' id='word_1_78' title='bbox 1600 1106 1792 1163; x_wconf 74' lang='lat' dir='ltr'>operte</span> <span class='ocrx_word' id='word_1_79' title='bbox 1818 1092 2076 1164; x_wconf 81' lang='lat' dir='ltr'>pretium</span> <span class='ocrx_word' id='word_1_80' title='bbox 2107 1094 2195 1147; x_wconf 88' lang='lat' dir='ltr'>est</span> <span class='ocrx_word' id='word_1_81' title='bbox 2228 1107 2241 1153; x_wconf 94' lang='lat'>;</span> 
     </span>
    </p>
   </div>
   <div class='ocr_carea' id='block_1_13' title="bbox 586 1180 2243 1249">
    <p class='ocr_par' dir='ltr' id='par_1_13' title="bbox 586 1180 2243 1249">
     <span class='ocr_line' id='line_1_13' title="bbox 586 1180 2243 1249; baseline -0.002 -11"><span class='ocrx_word' id='word_1_82' title='bbox 586 1197 709 1239; x_wconf 89' lang='lat' dir='ltr'>non</span> <span class='ocrx_word' id='word_1_83' title='bbox 736 1183 895 1238; x_wconf 90' lang='lat' dir='ltr'>enim</span> <span class='ocrx_word' id='word_1_84' title='bbox 926 1187 989 1237; x_wconf 90' lang='lat' dir='ltr'>ut</span> <span class='ocrx_word' id='word_1_85' title='bbox 1041 1197 1201 1237; x_wconf 88' lang='lat' dir='ltr'>mare</span> <span class='ocrx_word' id='word_1_86' title='bbox 1258 1180 1450 1235; x_wconf 87' lang='lat' dir='ltr'>ventis</span> <span class='ocrx_word' id='word_1_87' title='bbox 1500 1180 1861 1237; x_wconf 86' lang='lat' dir='ltr'>irruentibus</span> <span class='ocrx_word' id='word_1_88' title='bbox 1892 1181 1979 1237; x_wconf 92' lang='lat' dir='ltr'>sic</span> <span class='ocrx_word' id='word_1_89' title='bbox 2028 1181 2243 1249; x_wconf 90' lang='lat' dir='ltr'>anima,</span> 
     </span>
    </p>
   </div>
   <div class='ocr_carea' id='block_1_14' title="bbox 581 1268 2245 1344">
    <p class='ocr_par' dir='ltr' id='par_1_14' title="bbox 581 1268 2245 1344">
     <span class='ocr_line' id='line_1_14' title="bbox 581 1268 2245 1344; baseline -0.002 -17"><span class='ocrx_word' id='word_1_90' title='bbox 581 1271 893 1344; x_wconf 89' lang='lat' dir='ltr'>inopinata</span> <span class='ocrx_word' id='word_1_91' title='bbox 909 1270 1173 1342; x_wconf 88' lang='lat' dir='ltr'>quadam</span> <span class='ocrx_word' id='word_1_92' title='bbox 1190 1268 2009 1341; x_wconf 89' lang='lat' dir='ltr'>vicissitudineperturbatur;</span> <span class='ocrx_word' id='word_1_93' title='bbox 2024 1268 2123 1325; x_wconf 88' lang='lat' dir='ltr'>sed</span> <span class='ocrx_word' id='word_1_94' title='bbox 2136 1268 2245 1325; x_wconf 90' lang='lat' dir='ltr'>hoc</span> 
     </span>
    </p>
   </div>
   <div class='ocr_carea' id='block_1_15' title="bbox 583 1356 2246 1434">
    <p class='ocr_par' dir='ltr' id='par_1_15' title="bbox 583 1356 2246 1434">
     <span class='ocr_line' id='line_1_15' title="bbox 583 1356 2246 1434; baseline -0.002 -17"><span class='ocrx_word' id='word_1_95' title='bbox 583 1376 689 1434; x_wconf 91' lang='lat' dir='ltr'>per</span> <span class='ocrx_word' id='word_1_96' title='bbox 714 1366 979 1417; x_wconf 86' lang='lat' dir='ltr'>nostram</span> <span class='ocrx_word' id='word_1_97' title='bbox 1009 1357 1301 1417; x_wconf 89' lang='lat' dir='ltr'>desidiam</span> <span class='ocrx_word' id='word_1_98' title='bbox 1324 1358 1475 1414; x_wconf 89' lang='lat' dir='ltr'>licet.</span> <span class='ocrx_word' id='word_1_99' title='bbox 1539 1358 1870 1415; x_wconf 86' lang='lat' dir='ltr'>Possumus</span> <span class='ocrx_word' id='word_1_100' title='bbox 1909 1361 2069 1416; x_wconf 91' lang='lat' dir='ltr'>enim</span> <span class='ocrx_word' id='word_1_101' title='bbox 2125 1356 2246 1414; x_wconf 78' lang='lat' dir='ltr'>efﬁ-</span> 
     </span>
    </p>
   </div>
   <div class='ocr_carea' id='block_1_16' title="bbox 583 1448 2241 1520">
    <p class='ocr_par' dir='ltr' id='par_1_16' title="bbox 583 1448 2241 1520">
     <span class='ocr_line' id='line_1_16' title="bbox 583 1448 2241 1520; baseline -0.002 -12"><span class='ocrx_word' id='word_1_102' title='bbox 583 1468 713 1508; x_wconf 91' lang='lat' dir='ltr'>cere</span> <span class='ocrx_word' id='word_1_103' title='bbox 736 1456 798 1507; x_wconf 92' lang='lat' dir='ltr'>ut</span> <span class='ocrx_word' id='word_1_104' title='bbox 826 1452 917 1515; x_wconf 89' lang='lat' dir='ltr'>sit,</span> <span class='ocrx_word' id='word_1_105' title='bbox 952 1466 1073 1505; x_wconf 90' lang='lat' dir='ltr'>non</span> <span class='ocrx_word' id='word_1_106' title='bbox 1105 1465 1361 1505; x_wconf 90' lang='lat' dir='ltr'>accensa</span> <span class='ocrx_word' id='word_1_107' title='bbox 1391 1448 1652 1519; x_wconf 86' lang='lat' dir='ltr'>libidine,</span> <span class='ocrx_word' id='word_1_108' title='bbox 1683 1451 1910 1520; x_wconf 88' lang='lat' dir='ltr'>peccati</span> <span class='ocrx_word' id='word_1_109' title='bbox 1958 1449 2193 1505; x_wconf 91' lang='lat' dir='ltr'>occasio</span> <span class='ocrx_word' id='word_1_110' title='bbox 2227 1464 2241 1514; x_wconf 90' lang='lat'><strong>;</strong></span> 
     </span>
    </p>
   </div>
   <div class='ocr_carea' id='block_1_17' title="bbox 579 1537 2243 1614">
    <p class='ocr_par' dir='ltr' id='par_1_17' title="bbox 579 1537 2243 1614">
     <span class='ocr_line' id='line_1_17' title="bbox 579 1537 2243 1614; baseline -0.002 -17"><span class='ocrx_word' id='word_1_111' title='bbox 579 1556 844 1614; x_wconf 88' lang='lat' dir='ltr'>namque</span> <span class='ocrx_word' id='word_1_112' title='bbox 898 1539 947 1594; x_wconf 93' lang='lat' dir='ltr'>si</span> <span class='ocrx_word' id='word_1_113' title='bbox 980 1539 1290 1595; x_wconf 92' lang='lat' dir='ltr'>ﬂammam</span> <span class='ocrx_word' id='word_1_114' title='bbox 1338 1554 1457 1594; x_wconf 90' lang='lat' dir='ltr'>non</span> <span class='ocrx_word' id='word_1_115' title='bbox 1492 1539 1805 1603; x_wconf 88' lang='lat' dir='ltr'>accendes,</span> <span class='ocrx_word' id='word_1_116' title='bbox 1839 1554 1960 1595; x_wconf 92' lang='lat' dir='ltr'>non</span> <span class='ocrx_word' id='word_1_117' title='bbox 2009 1537 2243 1595; x_wconf 86' lang='lat' dir='ltr'>ardebit</span> 
     </span>
    </p>
   </div>
   <div class='ocr_carea' id='block_1_18' title="bbox 578 1626 2239 1698">
    <p class='ocr_par' dir='ltr' id='par_1_18' title="bbox 578 1626 2239 1698">
     <span class='ocr_line' id='line_1_18' title="bbox 578 1626 2239 1698; baseline -0.002 -14"><span class='ocrx_word' id='word_1_118' title='bbox 578 1632 892 1694; x_wconf 88' lang='lat' dir='ltr'>caminus;</span> <span class='ocrx_word' id='word_1_119' title='bbox 927 1629 975 1683; x_wconf 90' lang='lat' dir='ltr'>si</span> <span class='ocrx_word' id='word_1_120' title='bbox 1004 1628 1303 1682; x_wconf 87' lang='lat' dir='ltr'>materiem</span> <span class='ocrx_word' id='word_1_121' title='bbox 1346 1627 1468 1697; x_wconf 87' lang='lat' dir='ltr'>igni</span> <span class='ocrx_word' id='word_1_122' title='bbox 1512 1626 1738 1697; x_wconf 83' lang='lat' dir='ltr'>lignum</span> <span class='ocrx_word' id='word_1_123' title='bbox 1786 1643 1905 1683; x_wconf 89' lang='lat' dir='ltr'>non</span> <span class='ocrx_word' id='word_1_124' title='bbox 1938 1626 2239 1698; x_wconf 87' lang='lat' dir='ltr'>subjicies,</span> 
     </span>
    </p>
   </div>
   <div class='ocr_carea' id='block_1_19' title="bbox 576 1715 2241 1788">
    <p class='ocr_par' dir='ltr' id='par_1_19' title="bbox 576 1715 2241 1788">
     <span class='ocr_line' id='line_1_19' title="bbox 576 1715 2241 1788; baseline -0.001 -16"><span class='ocrx_word' id='word_1_125' title='bbox 576 1719 623 1773; x_wconf 89' lang='lat' dir='ltr'>si</span> <span class='ocrx_word' id='word_1_126' title='bbox 640 1718 936 1774; x_wconf 83' lang='lat' dir='ltr'>formosos</span> <span class='ocrx_word' id='word_1_127' title='bbox 956 1716 1150 1770; x_wconf 85' lang='lat' dir='ltr'>vultus</span> <span class='ocrx_word' id='word_1_128' title='bbox 1172 1731 1291 1770; x_wconf 89' lang='lat' dir='ltr'>non</span> <span class='ocrx_word' id='word_1_129' title='bbox 1310 1716 1597 1787; x_wconf 75' lang='lat' dir='ltr'>inquii-es,</span> <span class='ocrx_word' id='word_1_130' title='bbox 1627 1717 1674 1771; x_wconf 91' lang='lat' dir='ltr'>si</span> <span class='ocrx_word' id='word_1_131' title='bbox 1697 1717 1989 1772; x_wconf 80' lang='lat' dir='ltr'>theatrum</span> <span class='ocrx_word' id='word_1_132' title='bbox 2023 1715 2241 1788; x_wconf 92' lang='lat' dir='ltr'>iniqui-</span> 
     </span>
    </p>
   </div>
   <div class='ocr_carea' id='block_1_20' title="bbox 575 1803 2239 1876">
    <p class='ocr_par' dir='ltr' id='par_1_20' title="bbox 575 1803 2239 1876">
     <span class='ocr_line' id='line_1_20' title="bbox 575 1803 2239 1876; baseline -0.001 -15"><span class='ocrx_word' id='word_1_133' title='bbox 575 1807 705 1862; x_wconf 88' lang='lat' dir='ltr'>tatis</span> <span class='ocrx_word' id='word_1_134' title='bbox 737 1821 858 1861; x_wconf 91' lang='lat' dir='ltr'>non</span> <span class='ocrx_word' id='word_1_135' title='bbox 884 1803 1195 1868; x_wconf 90' lang='lat' dir='ltr'>accendes,</span> <span class='ocrx_word' id='word_1_136' title='bbox 1216 1820 1328 1860; x_wconf 92' lang='lat' dir='ltr'>nac</span> <span class='ocrx_word' id='word_1_137' title='bbox 1356 1804 1617 1876; x_wconf 85' lang='lat' dir='ltr'>dapibus</span> <span class='ocrx_word' id='word_1_138' title='bbox 1640 1822 1882 1861; x_wconf 90' lang='lat' dir='ltr'>carnem</span> <span class='ocrx_word' id='word_1_139' title='bbox 1914 1805 2239 1874; x_wconf 81' lang='lat' dir='ltr'>saginabis,</span> 
     </span>
    </p>
   </div>
   <div class='ocr_carea' id='block_1_21' title="bbox 574 1892 2239 1964">
    <p class='ocr_par' dir='ltr' id='par_1_21' title="bbox 574 1892 2239 1964">
     <span class='ocr_line' id='line_1_21' title="bbox 574 1892 2239 1964; baseline -0.002 -13"><span class='ocrx_word' id='word_1_140' title='bbox 574 1911 685 1951; x_wconf 93' lang='lat' dir='ltr'>nec</span> <span class='ocrx_word' id='word_1_141' title='bbox 715 1895 1007 1950; x_wconf 89' lang='lat' dir='ltr'>rationem</span> <span class='ocrx_word' id='word_1_142' title='bbox 1030 1894 1165 1949; x_wconf 88' lang='lat' dir='ltr'>vino</span> <span class='ocrx_word' id='word_1_143' title='bbox 1191 1892 1520 1964; x_wconf 80' lang='lat' dir='ltr'>demerges,</span> <span class='ocrx_word' id='word_1_144' title='bbox 1544 1910 1664 1949; x_wconf 91' lang='lat' dir='ltr'>non</span> <span class='ocrx_word' id='word_1_145' title='bbox 1687 1900 1953 1964; x_wconf 86' lang='lat' dir='ltr'>assurget</span> <span class='ocrx_word' id='word_1_146' title='bbox 1970 1894 2239 1958; x_wconf 89' lang='lat' dir='ltr'>ﬂamma,</span> 
     </span>
    </p>
   </div>
   <div class='ocr_carea' id='block_1_22' title="bbox 576 1980 2237 2047">
    <p class='ocr_par' dir='ltr' id='par_1_22' title="bbox 576 1980 2237 2047">
     <span class='ocr_line' id='line_1_22' title="bbox 576 1980 2237 2047; baseline -0.002 -8"><span class='ocrx_word' id='word_1_147' title='bbox 576 1998 697 2040; x_wconf 89' lang='lat' dir='ltr'>non</span> <span class='ocrx_word' id='word_1_148' title='bbox 758 1980 1182 2038; x_wconf 89' lang='lat' dir='ltr'>intractabilior</span> <span class='ocrx_word' id='word_1_149' title='bbox 1222 1981 1345 2037; x_wconf 84' lang='lat' dir='ltr'>fera</span> <span class='ocrx_word' id='word_1_150' title='bbox 1406 1983 1525 2047; x_wconf 83' lang='lat' dir='ltr'>tiet,</span> <span class='ocrx_word' id='word_1_151' title='bbox 1587 1998 1709 2039; x_wconf 89' lang='lat' dir='ltr'>non</span> <span class='ocrx_word' id='word_1_152' title='bbox 1762 1982 2237 2046; x_wconf 88' lang='lat' dir='ltr'>disturbabitnr;</span> 
     </span>
    </p>
   </div>
   <div class='ocr_carea' id='block_1_23' title="bbox 570 2071 2234 2145">
    <p class='ocr_par' dir='ltr' id='par_1_23' title="bbox 570 2071 2234 2145">
     <span class='ocr_line' id='line_1_23' title="bbox 570 2071 2234 2145; baseline -0.001 -17"><span class='ocrx_word' id='word_1_153' title='bbox 570 2073 740 2145; x_wconf 88' lang='lat' dir='ltr'>quasi</span> <span class='ocrx_word' id='word_1_154' title='bbox 757 2071 1084 2128; x_wconf 83' lang='lat' dir='ltr'>furentibus</span> <span class='ocrx_word' id='word_1_155' title='bbox 1102 2072 1315 2135; x_wconf 90' lang='lat' dir='ltr'>ventis,</span> <span class='ocrx_word' id='word_1_156' title='bbox 1335 2071 1509 2127; x_wconf 85' lang='lat' dir='ltr'>animi</span> <span class='ocrx_word' id='word_1_157' title='bbox 1535 2073 1801 2128; x_wconf 88' lang='lat' dir='ltr'>castitas.</span> <span class='ocrx_word' id='word_1_158' title='bbox 1852 2072 2050 2128; x_wconf 84' lang='lat' dir='ltr'>Hocne</span> <span class='ocrx_word' id='word_1_159' title='bbox 2074 2072 2234 2132; x_wconf 89' lang='lat' dir='ltr'>satis.</span> 
     </span>
    </p>
   </div>
   <div class='ocr_carea' id='block_1_24' title="bbox 570 2160 2239 2233">
    <p class='ocr_par' dir='ltr' id='par_1_24' title="bbox 570 2160 2239 2233">
     <span class='ocr_line' id='line_1_24' title="bbox 570 2160 2239 2233; baseline -0.002 -15"><span class='ocrx_word' id='word_1_160' title='bbox 570 2162 823 2233; x_wconf 89' lang='lat' dir='ltr'>inquies,</span> <span class='ocrx_word' id='word_1_161' title='bbox 856 2166 919 2216; x_wconf 93' lang='lat' dir='ltr'>ut</span> <span class='ocrx_word' id='word_1_162' title='bbox 964 2160 1215 2218; x_wconf 87' lang='lat' dir='ltr'>ﬂamma</span> <span class='ocrx_word' id='word_1_163' title='bbox 1262 2161 1492 2233; x_wconf 88' lang='lat' dir='ltr'>peccati</span> <span class='ocrx_word' id='word_1_164' title='bbox 1524 2161 1785 2217; x_wconf 82' lang='lat' dir='ltr'>vitetur?</span> <span class='ocrx_word' id='word_1_165' title='bbox 1831 2161 2100 2227; x_wconf 90' lang='lat' dir='ltr'>minime,</span> <span class='ocrx_word' id='word_1_166' title='bbox 2134 2160 2239 2216; x_wconf 88' lang='lat' dir='ltr'>sed</span> 
     </span>
    </p>
   </div>
   <div class='ocr_carea' id='block_1_25' title="bbox 571 2250 2234 2331">
    <p class='ocr_par' dir='ltr' id='par_1_25' title="bbox 571 2250 2234 2331">
     <span class='ocr_line' id='line_1_25' title="bbox 571 2250 2234 2331; baseline -0.001 -24"><span class='ocrx_word' id='word_1_167' title='bbox 571 2256 799 2323; x_wconf 84' lang='lat' dir='ltr'>oportet</span> <span class='ocrx_word' id='word_1_168' title='bbox 847 2255 903 2306; x_wconf 93' lang='lat' dir='ltr'>et</span> <span class='ocrx_word' id='word_1_169' title='bbox 933 2250 1049 2307; x_wconf 89' lang='lat' dir='ltr'>alia</span> <span class='ocrx_word' id='word_1_170' title='bbox 1078 2251 1324 2321; x_wconf 88' lang='lat' dir='ltr'>insuper</span> <span class='ocrx_word' id='word_1_171' title='bbox 1375 2250 1549 2322; x_wconf 87' lang='lat' dir='ltr'>adjici</span> <span class='ocrx_word' id='word_1_172' title='bbox 1597 2266 1609 2306; x_wconf 94' lang='lat'>:</span> <span class='ocrx_word' id='word_1_173' title='bbox 1668 2252 1958 2307; x_wconf 70' lang='lat' dir='ltr'>continua:</span> <span class='ocrx_word' id='word_1_174' title='bbox 2010 2266 2234 2331; x_wconf 61' lang='lat' dir='ltr'>preces,</span> 
     </span>
    </p>
   </div>
   <div class='ocr_carea' id='block_1_26' title="bbox 572 2338 2236 2411">
    <p class='ocr_par' dir='ltr' id='par_1_26' title="bbox 572 2338 2236 2411">
     <span class='ocr_line' id='line_1_26' title="bbox 572 2338 2236 2411; baseline 0.001 -17"><span class='ocrx_word' id='word_1_175' title='bbox 572 2345 916 2397; x_wconf 87' lang='lat' dir='ltr'>sanctorum</span> <span class='ocrx_word' id='word_1_176' title='bbox 951 2338 1348 2403; x_wconf 88' lang='lat' dir='ltr'>consuetudo,</span> <span class='ocrx_word' id='word_1_177' title='bbox 1400 2338 1623 2410; x_wconf 82' lang='lat' dir='ltr'>aliquot</span> <span class='ocrx_word' id='word_1_178' title='bbox 1662 2341 1961 2395; x_wconf 91' lang='lat' dir='ltr'>interdum</span> <span class='ocrx_word' id='word_1_179' title='bbox 1989 2340 2236 2411; x_wconf 85' lang='lat' dir='ltr'>jejunia,</span> 
     </span>
    </p>
   </div>
   <div class='ocr_carea' id='block_1_27' title="bbox 570 2428 2233 2501">
    <p class='ocr_par' dir='ltr' id='par_1_27' title="bbox 570 2428 2233 2501">
     <span class='ocr_line' id='line_1_27' title="bbox 570 2428 2233 2501; baseline 0.001 -18"><span class='ocrx_word' id='word_1_180' title='bbox 570 2428 824 2500; x_wconf 81' lang='lat' dir='ltr'>simplex</span> <span class='ocrx_word' id='word_1_181' title='bbox 872 2429 1109 2483; x_wconf 83' lang='lat' dir='ltr'>vivendi</span> <span class='ocrx_word' id='word_1_182' title='bbox 1142 2443 1350 2499; x_wconf 83' lang='lat' dir='ltr'>genus,</span> <span class='ocrx_word' id='word_1_183' title='bbox 1394 2428 1747 2484; x_wconf 70' lang='lat' dir='ltr'>necessarias</span> <span class='ocrx_word' id='word_1_184' title='bbox 1784 2430 2233 2501; x_wconf 88' lang='lat' dir='ltr'>occupationes,</span> 
     </span>
    </p>
   </div>
   <div class='ocr_carea' id='block_1_28' title="bbox 567 2515 2238 2588">
    <p class='ocr_par' dir='ltr' id='par_1_28' title="bbox 567 2515 2238 2588">
     <span class='ocr_line' id='line_1_28' title="bbox 567 2515 2238 2588; baseline 0.001 -17"><span class='ocrx_word' id='word_1_185' title='bbox 567 2517 1020 2588; x_wconf 67' lang='lat' dir='ltr'>praesertimque</span> <span class='ocrx_word' id='word_1_186' title='bbox 1075 2515 1176 2571; x_wconf 90' lang='lat' dir='ltr'>Dei</span> <span class='ocrx_word' id='word_1_187' title='bbox 1209 2520 1421 2579; x_wconf 84' lang='lat' dir='ltr'>metus,</span> <span class='ocrx_word' id='word_1_188' title='bbox 1476 2517 1656 2571; x_wconf 87' lang='lat' dir='ltr'>futuri</span> <span class='ocrx_word' id='word_1_189' title='bbox 1696 2517 1904 2587; x_wconf 88' lang='lat' dir='ltr'>judicii</span> <span class='ocrx_word' id='word_1_190' title='bbox 1956 2518 2238 2573; x_wconf 87' lang='lat' dir='ltr'>memoria</span> 
     </span>
    </p>
   </div>
   <div class='ocr_carea' id='block_1_29' title="bbox 565 2603 2235 2676">
    <p class='ocr_par' dir='ltr' id='par_1_29' title="bbox 565 2603 2235 2676">
     <span class='ocr_line' id='line_1_29' title="bbox 565 2603 2235 2676; baseline -0.001 -14"><span class='ocrx_word' id='word_1_191' title='bbox 565 2609 621 2662; x_wconf 90' lang='lat' dir='ltr'>et</span> <span class='ocrx_word' id='word_1_192' title='bbox 660 2603 1005 2660; x_wconf 88' lang='lat' dir='ltr'>mercedum</span> <span class='ocrx_word' id='word_1_193' title='bbox 1036 2619 1172 2675; x_wconf 67' lang='lat' dir='ltr'>quas</span> <span class='ocrx_word' id='word_1_194' title='bbox 1208 2603 1386 2674; x_wconf 88' lang='lat' dir='ltr'>justis</span> <span class='ocrx_word' id='word_1_195' title='bbox 1427 2604 1746 2676; x_wconf 72' lang='lat' dir='ltr'>desponsae</span> <span class='ocrx_word' id='word_1_196' title='bbox 1790 2605 2047 2662; x_wconf 85' lang='lat' dir='ltr'>fuerunt.</span> <span class='ocrx_word' id='word_1_197' title='bbox 2117 2609 2235 2663; x_wconf 85' lang='lat' dir='ltr'>Hoc</span> 
     </span>
    </p>
   </div>
   <div class='ocr_carea' id='block_1_30' title="bbox 565 2693 2234 2767">
    <p class='ocr_par' dir='ltr' id='par_1_30' title="bbox 565 2693 2234 2767">
     <span class='ocr_line' id='line_1_30' title="bbox 565 2693 2234 2767; baseline 0.001 -18"><span class='ocrx_word' id='word_1_198' title='bbox 565 2710 673 2767; x_wconf 90' lang='lat' dir='ltr'>per</span> <span class='ocrx_word' id='word_1_199' title='bbox 687 2694 893 2750; x_wconf 88' lang='lat' dir='ltr'>omnia</span> <span class='ocrx_word' id='word_1_200' title='bbox 913 2708 1199 2749; x_wconf 89' lang='lat' dir='ltr'>vesanam</span> <span class='ocrx_word' id='word_1_201' title='bbox 1220 2693 1404 2749; x_wconf 91' lang='lat' dir='ltr'>animi</span> <span class='ocrx_word' id='word_1_202' title='bbox 1428 2694 1973 2765; x_wconf 89' lang='lat' dir='ltr'>concupiscentiam</span> <span class='ocrx_word' id='word_1_203' title='bbox 1996 2710 2234 2767; x_wconf 87' lang='lat' dir='ltr'>compe-</span> 
     </span>
    </p>
   </div>
   <div class='ocr_carea' id='block_1_31' title="bbox 568 2780 1921 2855">
    <p class='ocr_par' dir='ltr' id='par_1_31' title="bbox 568 2780 1921 2855">
     <span class='ocr_line' id='line_1_31' title="bbox 568 2780 1921 2855; baseline -0.002 -17"><span class='ocrx_word' id='word_1_204' title='bbox 568 2798 731 2839; x_wconf 87' lang='lat' dir='ltr'>scere</span> <span class='ocrx_word' id='word_1_205' title='bbox 761 2786 818 2838; x_wconf 91' lang='lat' dir='ltr'>et</span> <span class='ocrx_word' id='word_1_206' title='bbox 844 2781 1203 2838; x_wconf 88' lang='lat' dir='ltr'>ﬂuctuosum</span> <span class='ocrx_word' id='word_1_207' title='bbox 1228 2797 1391 2837; x_wconf 89' lang='lat' dir='ltr'>mare</span> <span class='ocrx_word' id='word_1_208' title='bbox 1418 2780 1646 2837; x_wconf 85' lang='lat' dir='ltr'>frenare</span> <span class='ocrx_word' id='word_1_209' title='bbox 1679 2784 1921 2855; x_wconf 86' lang='lat' dir='ltr'>poteris.</span> 
     </span>
    </p>
   </div>
   <div class='ocr_carea' id='block_1_32' title="bbox 2362 467 3821 542">
    <p class='ocr_par' dir='ltr' id='par_1_32' title="bbox 2362 467 3821 542">
     <span class='ocr_line' id='line_1_32' title="bbox 2362 467 3821 542; baseline 0.006 -23"><span class='ocrx_word' id='word_1_210' title='bbox 2362 467 2617 541; x_wconf 82' lang='grc' dir='ltr'>ἁμαρτίας</span> <span class='ocrx_word' id='word_1_211' title='bbox 2659 473 2926 541; x_wconf 86' lang='grc' dir='ltr'>γινόμενον</span> <span class='ocrx_word' id='word_1_212' title='bbox 2961 468 3179 542; x_wconf 61' lang='grc' dir='ltr'>[φόϐον]</span> <span class='ocrx_word' id='word_1_213' title='bbox 3224 479 3374 522; x_wconf 84' lang='grc' dir='ltr'>τοῦτο</span> <span class='ocrx_word' id='word_1_214' title='bbox 3406 468 3463 523; x_wconf 76' lang='grc' dir='ltr'>δε</span> <span class='ocrx_word' id='word_1_215' title='bbox 3500 473 3687 542; x_wconf 62' lang='grc' dir='ltr'>μάλιστα</span> <span class='ocrx_word' id='word_1_216' title='bbox 3715 484 3773 528; x_wconf 77' lang='grc' dir='ltr'>καὶ</span> <span class='ocrx_word' id='word_1_217' title='bbox 3796 479 3821 529; x_wconf 74' lang='grc' dir='ltr'>ὲι</span> 
     </span>
    </p>
   </div>
   <div class='ocr_carea' id='block_1_33' title="bbox 2359 555 3823 630">
    <p class='ocr_par' dir='ltr' id='par_1_33' title="bbox 2359 555 3823 630">
     <span class='ocr_line' id='line_1_33' title="bbox 2359 555 3823 630; baseline 0.006 -22"><span class='ocrx_word' id='word_1_218' title='bbox 2359 555 2662 629; x_wconf 72' lang='grc' dir='ltr'>ἐπιθυμίαις</span> <span class='ocrx_word' id='word_1_219' title='bbox 2705 556 2976 629; x_wconf 73' lang='grc' dir='ltr'>ἀσελγείας</span> <span class='ocrx_word' id='word_1_220' title='bbox 3029 558 3330 630; x_wconf 76' lang='grc' dir='ltr'>συμϐαίνειν</span> <span class='ocrx_word' id='word_1_221' title='bbox 3386 562 3536 623; x_wconf 82' lang='grc' dir='ltr'>εἴωθε,</span> <span class='ocrx_word' id='word_1_222' title='bbox 3563 569 3683 613; x_wconf 79' lang='grc' dir='ltr'>τοῦτο</span> <span class='ocrx_word' id='word_1_223' title='bbox 3724 562 3761 616; x_wconf 66' lang='grc' dir='ltr'>ὄε</span> <span class='ocrx_word' id='word_1_224' title='bbox 3798 566 3823 617; x_wconf 65' lang='grc' dir='ltr'>ἐν</span> 
     </span>
    </p>
   </div>
   <div class='ocr_carea' id='block_1_34' title="bbox 2362 645 3829 724">
    <p class='ocr_par' dir='ltr' id='par_1_34' title="bbox 2362 645 3829 724">
     <span class='ocr_line' id='line_1_34' title="bbox 2362 645 3829 724; baseline 0.006 -28"><span class='ocrx_word' id='word_1_225' title='bbox 2362 646 2507 715; x_wconf 85' lang='grc' dir='ltr'>θυμῷ</span> <span class='ocrx_word' id='word_1_226' title='bbox 2562 651 2651 698; x_wconf 83' lang='grc' dir='ltr'>καὶ</span> <span class='ocrx_word' id='word_1_227' title='bbox 2706 645 2755 697; x_wconf 86' lang='grc' dir='ltr'>ἐν</span> <span class='ocrx_word' id='word_1_228' title='bbox 2803 656 3111 721; x_wconf 76' lang='grc' dir='ltr'>συμφοραῖς·</span> <span class='ocrx_word' id='word_1_229' title='bbox 3153 652 3323 700; x_wconf 82' lang='grc' dir='ltr'>πάντα</span> <span class='ocrx_word' id='word_1_230' title='bbox 3354 651 3454 722; x_wconf 78' lang='grc' dir='ltr'>γὰρ</span> <span class='ocrx_word' id='word_1_231' title='bbox 3502 658 3639 701; x_wconf 80' lang='grc' dir='ltr'>ταῦτα</span> <span class='ocrx_word' id='word_1_232' title='bbox 3672 670 3829 724; x_wconf 51' lang='lat' dir='ltr'>utimr.</span> 
     </span>
    </p>
   </div>
   <div class='ocr_carea' id='block_1_35' title="bbox 2357 733 3831 810">
    <p class='ocr_par' dir='ltr' id='par_1_35' title="bbox 2357 733 3831 810">
     <span class='ocr_line' id='line_1_35' title="bbox 2357 733 3831 810; baseline 0.005 -26"><span class='ocrx_word' id='word_1_233' title='bbox 2357 733 2543 806; x_wconf 72' lang='grc' dir='ltr'>ψυχὴν</span> <span class='ocrx_word' id='word_1_234' title='bbox 2590 740 2679 787; x_wconf 82' lang='grc' dir='ltr'>καὶ</span> <span class='ocrx_word' id='word_1_235' title='bbox 2738 735 2889 801; x_wconf 85' lang='grc' dir='ltr'>ὀστᾶ,</span> <span class='ocrx_word' id='word_1_236' title='bbox 2940 741 3029 789; x_wconf 80' lang='grc' dir='ltr'>καὶ</span> <span class='ocrx_word' id='word_1_237' title='bbox 3076 739 3130 789; x_wconf 82' lang='grc' dir='ltr'>αἱ</span> <span class='ocrx_word' id='word_1_238' title='bbox 3178 744 3330 809; x_wconf 80' lang='grc' dir='ltr'>κόραι</span> <span class='ocrx_word' id='word_1_239' title='bbox 3386 735 3737 810; x_wconf 69' lang='grc' dir='ltr'>διαστρέφονται,</span> <span class='ocrx_word' id='word_1_240' title='bbox 3779 748 3831 792; x_wconf 71' lang='grc' dir='ltr'>και</span> 
     </span>
    </p>
   </div>
   <div class='ocr_carea' id='block_1_36' title="bbox 2358 820 3831 897">
    <p class='ocr_par' dir='ltr' id='par_1_36' title="bbox 2358 820 3831 897">
     <span class='ocr_line' id='line_1_36' title="bbox 2358 820 3831 897; baseline 0.002 -23"><span class='ocrx_word' id='word_1_241' title='bbox 2358 820 2482 875; x_wconf 73' lang='grc' dir='ltr'><em>οὐδὲ</em></span> <span class='ocrx_word' id='word_1_242' title='bbox 2530 826 2577 875; x_wconf 80' lang='grc' dir='ltr'>οἱ</span> <span class='ocrx_word' id='word_1_243' title='bbox 2609 824 2864 896; x_wconf 88' lang='grc' dir='ltr'>ὀφθαλμοὶ</span> <span class='ocrx_word' id='word_1_244' title='bbox 2908 829 3042 877; x_wconf 85' lang='grc' dir='ltr'>κατά</span> <span class='ocrx_word' id='word_1_245' title='bbox 3091 827 3236 889; x_wconf 83' lang='grc' dir='ltr'>τάξιν</span> <span class='ocrx_word' id='word_1_246' title='bbox 3288 824 3573 897; x_wconf 75' lang='grc' dir='ltr'>βλέπουσιν,</span> <span class='ocrx_word' id='word_1_247' title='bbox 3610 827 3691 878; x_wconf 65' lang='grc' dir='ltr'>ἀλλ’</span> 
     </span>
    </p>
   </div>
   <div class='ocr_carea' id='block_1_37' title="bbox 2358 913 3835 990">
    <p class='ocr_par' dir='ltr' id='par_1_37' title="bbox 2358 913 3835 990">
     <span class='ocr_line' id='line_1_37' title="bbox 2358 913 3835 990; baseline 0.004 -28"><span class='ocrx_word' id='word_1_248' title='bbox 2358 914 2581 983; x_wconf 78' lang='grc' dir='ltr'>ἡνιόχου</span> <span class='ocrx_word' id='word_1_249' title='bbox 2648 913 3016 987; x_wconf 78' lang='grc' dir='ltr'>θορυϐηθέντος</span> <span class='ocrx_word' id='word_1_250' title='bbox 3070 913 3299 975; x_wconf 77' lang='grc' dir='ltr'>ἀτάκτως</span> <span class='ocrx_word' id='word_1_251' title='bbox 3351 917 3399 967; x_wconf 84' lang='grc' dir='ltr'>οἱ</span> <span class='ocrx_word' id='word_1_252' title='bbox 3477 918 3605 967; x_wconf 86' lang='grc' dir='ltr'>ῖπποι</span> <span class='ocrx_word' id='word_1_253' title='bbox 3664 922 3835 990; x_wconf 70' lang='grc' dir='ltr'>φέρονται,</span> 
     </span>
    </p>
   </div>
   <div class='ocr_carea' id='block_1_38' title="bbox 2358 999 3836 1075">
    <p class='ocr_par' dir='ltr' id='par_1_38' title="bbox 2358 999 3836 1075">
     <span class='ocr_line' id='line_1_38' title="bbox 2358 999 3836 1075; baseline 0.003 -24"><span class='ocrx_word' id='word_1_254' title='bbox 2358 1000 2490 1052; x_wconf 81' lang='grc' dir='ltr'>οὕτω</span> <span class='ocrx_word' id='word_1_255' title='bbox 2520 1009 2610 1053; x_wconf 88' lang='grc' dir='ltr'>τοῦ</span> <span class='ocrx_word' id='word_1_256' title='bbox 2649 1002 2905 1074; x_wconf 78' lang='grc' dir='ltr'>λογισμοῦ</span> <span class='ocrx_word' id='word_1_257' title='bbox 2938 999 3406 1074; x_wconf 74' lang='grc' dir='ltr'>διαταραχθέντος,</span> <span class='ocrx_word' id='word_1_258' title='bbox 3438 1007 3590 1055; x_wconf 84' lang='grc' dir='ltr'>πάντα</span> <span class='ocrx_word' id='word_1_259' title='bbox 3624 1014 3836 1075; x_wconf 67' lang='grc' dir='ltr'>συγχείτω,</span> 
     </span>
    </p>
   </div>
   <div class='ocr_carea' id='block_1_39' title="bbox 2357 1086 3840 1166">
    <p class='ocr_par' dir='ltr' id='par_1_39' title="bbox 2357 1086 3840 1166">
     <span class='ocr_line' id='line_1_39' title="bbox 2357 1086 3840 1166; baseline 0.003 -25"><span class='ocrx_word' id='word_1_260' title='bbox 2357 1091 2527 1142; x_wconf 86' lang='grc' dir='ltr'>πάντα</span> <span class='ocrx_word' id='word_1_261' title='bbox 2553 1086 2943 1165; x_wconf 67' lang='grc' dir='ltr'>διαστρέφεται·</span> <span class='ocrx_word' id='word_1_262' title='bbox 2975 1097 3064 1144; x_wconf 80' lang='grc' dir='ltr'>καὶ</span> <span class='ocrx_word' id='word_1_263' title='bbox 3100 1101 3207 1154; x_wconf 82' lang='grc' dir='ltr'>πῶς</span> <span class='ocrx_word' id='word_1_264' title='bbox 3240 1094 3369 1149; x_wconf 78' lang='grc' dir='ltr'>αῦτη</span> <span class='ocrx_word' id='word_1_265' title='bbox 3401 1097 3585 1163; x_wconf 85' lang='grc' dir='ltr'>γίνεται</span> <span class='ocrx_word' id='word_1_266' title='bbox 3615 1096 3640 1151; x_wconf 76' lang='grc' dir='ltr'>ἡ</span> <span class='ocrx_word' id='word_1_267' title='bbox 3667 1102 3840 1166; x_wconf 53' lang='lat' dir='ltr'>regali;</span> 
     </span>
    </p>
   </div>
   <div class='ocr_carea' id='block_1_40' title="bbox 2359 1178 3842 1256">
    <p class='ocr_par' dir='ltr' id='par_1_40' title="bbox 2359 1178 3842 1256">
     <span class='ocr_line' id='line_1_40' title="bbox 2359 1178 3842 1256; baseline 0.003 -26"><span class='ocrx_word' id='word_1_268' title='bbox 2359 1178 2636 1250; x_wconf 85' lang='grc' dir='ltr'>ἀναγκαῖον</span> <span class='ocrx_word' id='word_1_269' title='bbox 2684 1184 2785 1254; x_wconf 81' lang='grc' dir='ltr'>γὰρ</span> <span class='ocrx_word' id='word_1_270' title='bbox 2843 1186 2932 1233; x_wconf 86' lang='grc' dir='ltr'>καὶ</span> <span class='ocrx_word' id='word_1_271' title='bbox 2989 1188 3139 1233; x_wconf 86' lang='grc' dir='ltr'>τοῦτο</span> <span class='ocrx_word' id='word_1_272' title='bbox 3200 1181 3375 1233; x_wconf 78' lang='grc' dir='ltr'>εἰπεῖν’</span> <span class='ocrx_word' id='word_1_273' title='bbox 3427 1182 3483 1233; x_wconf 79' lang='grc' dir='ltr'>ού</span> <span class='ocrx_word' id='word_1_274' title='bbox 3531 1186 3619 1256; x_wconf 81' lang='grc' dir='ltr'>γὰρ</span> <span class='ocrx_word' id='word_1_275' title='bbox 3660 1183 3842 1256; x_wconf 63' lang='grc' dir='ltr'>ὥσπερέν</span> 
     </span>
    </p>
   </div>
   <div class='ocr_carea' id='block_1_41' title="bbox 2357 1268 3846 1343">
    <p class='ocr_par' dir='ltr' id='par_1_41' title="bbox 2357 1268 3846 1343">
     <span class='ocr_line' id='line_1_41' title="bbox 2357 1268 3846 1343; baseline 0 -22"><span class='ocrx_word' id='word_1_276' title='bbox 2357 1268 2598 1341; x_wconf 71' lang='grc' dir='ltr'>θαλάσση</span> <span class='ocrx_word' id='word_1_277' title='bbox 2660 1273 2803 1342; x_wconf 87' lang='grc' dir='ltr'>παρὰ</span> <span class='ocrx_word' id='word_1_278' title='bbox 2854 1275 2948 1328; x_wconf 76' lang='grc' dir='ltr'>τὴν</span> <span class='ocrx_word' id='word_1_279' title='bbox 3000 1279 3101 1322; x_wconf 84' lang='grc' dir='ltr'>τῶν</span> <span class='ocrx_word' id='word_1_280' title='bbox 3170 1273 3472 1342; x_wconf 75' lang='grc' dir='ltr'>πνευμάτων</span> <span class='ocrx_word' id='word_1_281' title='bbox 3519 1270 3714 1343; x_wconf 72' lang='grc' dir='ltr'>ἐμϐολὴν,</span> <span class='ocrx_word' id='word_1_282' title='bbox 3760 1274 3846 1323; x_wconf 65' lang='grc' dir='ltr'>οὓτω</span> 
     </span>
    </p>
   </div>
   <div class='ocr_carea' id='block_1_42' title="bbox 2354 1357 3844 1431">
    <p class='ocr_par' dir='ltr' id='par_1_42' title="bbox 2354 1357 3844 1431">
     <span class='ocr_line' id='line_1_42' title="bbox 2354 1357 3844 1431; baseline 0.002 -23"><span class='ocrx_word' id='word_1_283' title='bbox 2354 1362 2443 1409; x_wconf 86' lang='grc' dir='ltr'>καὶ</span> <span class='ocrx_word' id='word_1_284' title='bbox 2499 1360 2548 1409; x_wconf 75' lang='grc' dir='ltr'>εν</span> <span class='ocrx_word' id='word_1_285' title='bbox 2604 1358 2785 1431; x_wconf 71' lang='grc' dir='ltr'>ψυχῇ,</span> <span class='ocrx_word' id='word_1_286' title='bbox 2832 1359 2890 1410; x_wconf 82' lang='grc' dir='ltr'>ού</span> <span class='ocrx_word' id='word_1_287' title='bbox 2948 1361 3083 1411; x_wconf 86' lang='grc' dir='ltr'>κατά</span> <span class='ocrx_word' id='word_1_288' title='bbox 3139 1379 3254 1412; x_wconf 92' lang='grc' dir='ltr'>τινα</span> <span class='ocrx_word' id='word_1_289' title='bbox 3305 1357 3555 1417; x_wconf 78' lang='grc' dir='ltr'>ἀδόκητον</span> <span class='ocrx_word' id='word_1_290' title='bbox 3603 1366 3844 1431; x_wconf 79' lang='grc' dir='ltr'>περίστασιν,</span> 
     </span>
    </p>
   </div>
   <div class='ocr_carea' id='block_1_43' title="bbox 2356 1444 3848 1521">
    <p class='ocr_par' dir='ltr' id='par_1_43' title="bbox 2356 1444 3848 1521">
     <span class='ocr_line' id='line_1_43' title="bbox 2356 1444 3848 1521; baseline 0.002 -25"><span class='ocrx_word' id='word_1_291' title='bbox 2356 1444 2481 1497; x_wconf 81' lang='grc' dir='ltr'>ἀλλά</span> <span class='ocrx_word' id='word_1_292' title='bbox 2525 1449 2666 1519; x_wconf 87' lang='grc' dir='ltr'>παρά</span> <span class='ocrx_word' id='word_1_293' title='bbox 2716 1452 2807 1505; x_wconf 75' lang='grc' dir='ltr'>τὴν</span> <span class='ocrx_word' id='word_1_294' title='bbox 2872 1449 3123 1519; x_wconf 71' lang='grc' dir='ltr'>ἡμετέραν</span> <span class='ocrx_word' id='word_1_295' title='bbox 3174 1450 3436 1521; x_wconf 78' lang='grc' dir='ltr'>ῥαθυμίαν</span> <span class='ocrx_word' id='word_1_296' title='bbox 3506 1448 3748 1519; x_wconf 73' lang='grc' dir='ltr'>συμϐαίνευ</span> <span class='ocrx_word' id='word_1_297' title='bbox 3792 1454 3848 1499; x_wconf 69' lang='grc' dir='ltr'>καὶ</span> 
     </span>
    </p>
   </div>
   <div class='ocr_carea' id='block_1_44' title="bbox 2353 1537 3848 1609">
    <p class='ocr_par' dir='ltr' id='par_1_44' title="bbox 2353 1537 3848 1609">
     <span class='ocr_line' id='line_1_44' title="bbox 2353 1537 3848 1609; baseline -0.001 -22"><span class='ocrx_word' id='word_1_298' title='bbox 2353 1537 2453 1608; x_wconf 85' lang='grc' dir='ltr'>γὰρ</span> <span class='ocrx_word' id='word_1_299' title='bbox 2514 1540 2602 1587; x_wconf 86' lang='grc' dir='ltr'>καὶ</span> <span class='ocrx_word' id='word_1_300' title='bbox 2665 1544 2756 1588; x_wconf 92' lang='grc' dir='ltr'>τοῦ</span> <span class='ocrx_word' id='word_1_301' title='bbox 2808 1539 3052 1606; x_wconf 83' lang='grc' dir='ltr'>γενέσθαι</span> <span class='ocrx_word' id='word_1_302' title='bbox 3128 1542 3216 1590; x_wconf 84' lang='grc' dir='ltr'>καὶ</span> <span class='ocrx_word' id='word_1_303' title='bbox 3283 1546 3370 1590; x_wconf 84' lang='grc' dir='ltr'>τοῦ</span> <span class='ocrx_word' id='word_1_304' title='bbox 3433 1544 3502 1609; x_wconf 81' lang='grc' dir='ltr'>μὴ</span> <span class='ocrx_word' id='word_1_305' title='bbox 3559 1540 3753 1609; x_wconf 72' lang='grc' dir='ltr'>γενέσθαι</span> <span class='ocrx_word' id='word_1_306' title='bbox 3791 1543 3848 1591; x_wconf 68' lang='grc' dir='ltr'>τήν</span> 
     </span>
    </p>
   </div>
   <div class='ocr_carea' id='block_1_45' title="bbox 2354 1625 3852 1699">
    <p class='ocr_par' dir='ltr' id='par_1_45' title="bbox 2354 1625 3852 1699">
     <span class='ocr_line' id='line_1_45' title="bbox 2354 1625 3852 1699; baseline 0 -23"><span class='ocrx_word' id='word_1_307' title='bbox 2354 1629 2661 1697; x_wconf 87' lang='grc' dir='ltr'>περίστασιν</span> <span class='ocrx_word' id='word_1_308' title='bbox 2709 1633 2798 1684; x_wconf 83' lang='grc' dir='ltr'>τῆς</span> <span class='ocrx_word' id='word_1_309' title='bbox 2855 1625 3118 1698; x_wconf 80' lang='grc' dir='ltr'>ἁμαρτίας</span> <span class='ocrx_word' id='word_1_310' title='bbox 3183 1628 3329 1697; x_wconf 79' lang='grc' dir='ltr'>ἡμεῖς</span> <span class='ocrx_word' id='word_1_311' title='bbox 3374 1631 3559 1699; x_wconf 79' lang='grc' dir='ltr'>κύριοι,</span> <span class='ocrx_word' id='word_1_312' title='bbox 3613 1636 3692 1688; x_wconf 77' lang='grc' dir='ltr'>τῆς</span> <span class='ocrx_word' id='word_1_313' title='bbox 3733 1626 3852 1677; x_wconf 70' lang='grc' dir='ltr'>ἐπιθυ-</span> 
     </span>
    </p>
   </div>
   <div class='ocr_carea' id='block_1_46' title="bbox 2280 1711 3850 1787">
    <p class='ocr_par' dir='ltr' id='par_1_46' title="bbox 2280 1711 3850 1787">
     <span class='ocr_line' id='line_1_46' title="bbox 2280 1711 3850 1787; baseline 0.001 -24"><span class='ocrx_word' id='word_1_314' title='bbox 2280 1714 2322 1767; x_wconf 85' lang='grc' dir='ltr'>Β</span> <span class='ocrx_word' id='word_1_315' title='bbox 2354 1718 2477 1784; x_wconf 90' lang='grc' dir='ltr'>μίας</span> <span class='ocrx_word' id='word_1_316' title='bbox 2509 1711 2882 1785; x_wconf 82' lang='grc' dir='ltr'>ἀναπτομένης’</span> <span class='ocrx_word' id='word_1_317' title='bbox 2936 1712 3044 1764; x_wconf 73' lang='grc' dir='ltr'>ἀλλ’</span> <span class='ocrx_word' id='word_1_318' title='bbox 3084 1714 3145 1765; x_wconf 82' lang='grc' dir='ltr'>ἄν</span> <span class='ocrx_word' id='word_1_319' title='bbox 3177 1719 3247 1786; x_wconf 78' lang='grc' dir='ltr'>μὴ</span> <span class='ocrx_word' id='word_1_320' title='bbox 3282 1719 3347 1766; x_wconf 81' lang='grc' dir='ltr'>σὺ</span> <span class='ocrx_word' id='word_1_321' title='bbox 3379 1720 3473 1772; x_wconf 79' lang='grc' dir='ltr'>τὴν</span> <span class='ocrx_word' id='word_1_322' title='bbox 3524 1715 3663 1787; x_wconf 83' lang='grc' dir='ltr'>φλόγα</span> <span class='ocrx_word' id='word_1_323' title='bbox 3696 1713 3850 1783; x_wconf 43' lang='lat' dir='ltr'>eam;</span> 
     </span>
    </p>
   </div>
   <div class='ocr_carea' id='block_1_47' title="bbox 2352 1805 3850 1879">
    <p class='ocr_par' dir='ltr' id='par_1_47' title="bbox 2352 1805 3850 1879">
     <span class='ocr_line' id='line_1_47' title="bbox 2352 1805 3850 1879; baseline -0.003 -24"><span class='ocrx_word' id='word_1_324' title='bbox 2352 1807 2445 1855; x_wconf 71' lang='grc' dir='ltr'>οὐκ</span> <span class='ocrx_word' id='word_1_325' title='bbox 2489 1806 2685 1876; x_wconf 81' lang='grc' dir='ltr'>αἴρεται</span> <span class='ocrx_word' id='word_1_326' title='bbox 2737 1805 2765 1860; x_wconf 75' lang='grc' dir='ltr'>η</span> <span class='ocrx_word' id='word_1_327' title='bbox 2818 1805 3049 1874; x_wconf 75' lang='grc' dir='ltr'>κάμινος,</span> <span class='ocrx_word' id='word_1_328' title='bbox 3108 1806 3168 1856; x_wconf 83' lang='grc' dir='ltr'>οἷν</span> <span class='ocrx_word' id='word_1_329' title='bbox 3220 1810 3290 1875; x_wconf 66' lang='grc' dir='ltr'>μή</span> <span class='ocrx_word' id='word_1_330' title='bbox 3342 1810 3531 1879; x_wconf 73' lang='grc' dir='ltr'>τροφὴν</span> <span class='ocrx_word' id='word_1_331' title='bbox 3562 1808 3850 1877; x_wconf 68' lang='grc' dir='ltr'>παράσχςςτξ</span> 
     </span>
    </p>
   </div>
   <div class='ocr_carea' id='block_1_48' title="bbox 2351 1892 3854 1968">
    <p class='ocr_par' dir='ltr' id='par_1_48' title="bbox 2351 1892 3854 1968">
     <span class='ocr_line' id='line_1_48' title="bbox 2351 1892 3854 1968; baseline -0.001 -25"><span class='ocrx_word' id='word_1_332' title='bbox 2351 1892 2469 1964; x_wconf 77' lang='grc' dir='ltr'>ὕλη,</span> <span class='ocrx_word' id='word_1_333' title='bbox 2517 1892 2575 1943; x_wconf 85' lang='grc' dir='ltr'>ἆν</span> <span class='ocrx_word' id='word_1_334' title='bbox 2626 1896 2698 1963; x_wconf 76' lang='grc' dir='ltr'>μή</span> <span class='ocrx_word' id='word_1_335' title='bbox 2754 1895 2847 1954; x_wconf 84' lang='grc' dir='ltr'>τὰς</span> <span class='ocrx_word' id='word_1_336' title='bbox 2896 1892 3181 1965; x_wconf 72' lang='grc' dir='ltr'>εὐμόρφους</span> <span class='ocrx_word' id='word_1_337' title='bbox 3211 1892 3354 1963; x_wconf 66' lang='grc' dir='ltr'>ὄφεις</span> <span class='ocrx_word' id='word_1_338' title='bbox 3393 1895 3772 1968; x_wconf 72' lang='grc' dir='ltr'>περιεργάση,άν</span> 
     </span>
    </p>
   </div>
   <div class='ocr_carea' id='block_1_49' title="bbox 2353 1981 3860 2054">
    <p class='ocr_par' dir='ltr' id='par_1_49' title="bbox 2353 1981 3860 2054">
     <span class='ocr_line' id='line_1_49' title="bbox 2353 1981 3860 2054; baseline -0.003 -21"><span class='ocrx_word' id='word_1_339' title='bbox 2353 1983 2563 2053; x_wconf 80' lang='grc' dir='ltr'>θέατρον</span> <span class='ocrx_word' id='word_1_340' title='bbox 2648 1986 2973 2054; x_wconf 80' lang='grc' dir='ltr'>παρανομίας</span> <span class='ocrx_word' id='word_1_341' title='bbox 3045 1981 3346 2054; x_wconf 72' lang='grc' dir='ltr'>ἀναϐαίνης,</span> <span class='ocrx_word' id='word_1_342' title='bbox 3442 1984 3502 2034; x_wconf 84' lang='grc' dir='ltr'>οἶν</span> <span class='ocrx_word' id='word_1_343' title='bbox 3580 1986 3643 2053; x_wconf 77' lang='grc' dir='ltr'>μὴ</span> <span class='ocrx_word' id='word_1_344' title='bbox 3712 1985 3860 2049; x_wconf 54' lang='lat' dir='ltr'>meum</span> 
     </span>
    </p>
   </div>
   <div class='ocr_carea' id='block_1_50' title="bbox 2349 2071 3861 2143">
    <p class='ocr_par' dir='ltr' id='par_1_50' title="bbox 2349 2071 3861 2143">
     <span class='ocr_line' id='line_1_50' title="bbox 2349 2071 3861 2143; baseline -0.001 -22"><span class='ocrx_word' id='word_1_345' title='bbox 2349 2078 2516 2143; x_wconf 80' lang='grc' dir='ltr'>τρυφῇ</span> <span class='ocrx_word' id='word_1_346' title='bbox 2580 2074 2673 2128; x_wconf 71' lang='grc' dir='ltr'>τὴν</span> <span class='ocrx_word' id='word_1_347' title='bbox 2738 2073 2925 2142; x_wconf 89' lang='grc' dir='ltr'>σάρκα,</span> <span class='ocrx_word' id='word_1_348' title='bbox 2983 2072 3044 2121; x_wconf 83' lang='grc' dir='ltr'>ἅν</span> <span class='ocrx_word' id='word_1_349' title='bbox 3118 2075 3189 2142; x_wconf 75' lang='grc' dir='ltr'>μὴ</span> <span class='ocrx_word' id='word_1_350' title='bbox 3252 2072 3625 2143; x_wconf 70' lang='grc' dir='ltr'>καταποντίζης</span> <span class='ocrx_word' id='word_1_351' title='bbox 3672 2073 3765 2139; x_wconf 75' lang='grc' dir='ltr'>οἰνῳ</span> 
     </span>
    </p>
   </div>
   <div class='ocr_carea' id='block_1_51' title="bbox 2347 2156 3863 2231">
    <p class='ocr_par' dir='ltr' id='par_1_51' title="bbox 2347 2156 3863 2231">
     <span class='ocr_line' id='line_1_51' title="bbox 2347 2156 3863 2231; baseline -0.003 -21"><span class='ocrx_word' id='word_1_352' title='bbox 2347 2158 2615 2231; x_wconf 81' lang='grc' dir='ltr'>λογισμὸν,</span> <span class='ocrx_word' id='word_1_353' title='bbox 2682 2159 2776 2210; x_wconf 76' lang='grc' dir='ltr'>οὐκ</span> <span class='ocrx_word' id='word_1_354' title='bbox 2822 2162 3022 2231; x_wconf 81' lang='grc' dir='ltr'>αἴρεται</span> <span class='ocrx_word' id='word_1_355' title='bbox 3105 2162 3134 2217; x_wconf 87' lang='grc' dir='ltr'>ἡ</span> <span class='ocrx_word' id='word_1_356' title='bbox 3214 2160 3356 2231; x_wconf 77' lang='grc' dir='ltr'>φλὸξ,</span> <span class='ocrx_word' id='word_1_357' title='bbox 3410 2161 3470 2212; x_wconf 84' lang='grc' dir='ltr'>ού</span> <span class='ocrx_word' id='word_1_358' title='bbox 3521 2166 3691 2231; x_wconf 85' lang='grc' dir='ltr'>γίνεται</span> <span class='ocrx_word' id='word_1_359' title='bbox 3751 2156 3863 2227; x_wconf 59' lang='grc' dir='ltr'>χαλε»-</span> 
     </span>
    </p>
   </div>
   <div class='ocr_carea' id='block_1_52' title="bbox 2347 2245 3863 2321">
    <p class='ocr_par' dir='ltr' id='par_1_52' title="bbox 2347 2245 3863 2321">
     <span class='ocr_line' id='line_1_52' title="bbox 2347 2245 3863 2321; baseline -0.003 -21"><span class='ocrx_word' id='word_1_360' title='bbox 2347 2254 2573 2321; x_wconf 80' lang='grc' dir='ltr'>πὼτερον</span> <span class='ocrx_word' id='word_1_361' title='bbox 2628 2252 2685 2300; x_wconf 84' lang='grc' dir='ltr'>τὸ</span> <span class='ocrx_word' id='word_1_362' title='bbox 2741 2250 2939 2321; x_wconf 81' lang='grc' dir='ltr'>θηρίον,</span> <span class='ocrx_word' id='word_1_363' title='bbox 3021 2249 3080 2300; x_wconf 85' lang='grc' dir='ltr'>ού</span> <span class='ocrx_word' id='word_1_364' title='bbox 3164 2245 3495 2320; x_wconf 76' lang='grc' dir='ltr'>διατέμνεται</span> <span class='ocrx_word' id='word_1_365' title='bbox 3564 2249 3761 2318; x_wconf 81' lang='grc' dir='ltr'>καθάπερ</span> <span class='ocrx_word' id='word_1_366' title='bbox 3797 2247 3863 2295; x_wconf 66' lang='grc' dir='ltr'>ὑπὸ</span> 
     </span>
    </p>
   </div>
   <div class='ocr_carea' id='block_1_53' title="bbox 2347 2334 3865 2411">
    <p class='ocr_par' dir='ltr' id='par_1_53' title="bbox 2347 2334 3865 2411">
     <span class='ocr_line' id='line_1_53' title="bbox 2347 2334 3865 2411; baseline -0.001 -22"><span class='ocrx_word' id='word_1_367' title='bbox 2347 2342 2649 2408; x_wconf 75' lang='grc' dir='ltr'>πνευμάτων</span> <span class='ocrx_word' id='word_1_368' title='bbox 2696 2336 2888 2411; x_wconf 79' lang='grc' dir='ltr'>ἀγρίων</span> <span class='ocrx_word' id='word_1_369' title='bbox 2938 2344 3029 2399; x_wconf 86' lang='grc' dir='ltr'>τῆς</span> <span class='ocrx_word' id='word_1_370' title='bbox 3093 2334 3329 2400; x_wconf 82' lang='grc' dir='ltr'>διανοίας</span> <span class='ocrx_word' id='word_1_371' title='bbox 3385 2342 3444 2390; x_wconf 81' lang='grc' dir='ltr'>τὸ</span> <span class='ocrx_word' id='word_1_372' title='bbox 3484 2342 3704 2411; x_wconf 83' lang='grc' dir='ltr'>καθαρόν.</span> <span class='ocrx_word' id='word_1_373' title='bbox 3743 2336 3865 2404; x_wconf 70' lang='grc' dir='ltr'>Ἀρκεῖ</span> 
     </span>
    </p>
   </div>
   <div class='ocr_carea' id='block_1_54' title="bbox 2346 2423 3865 2499">
    <p class='ocr_par' dir='ltr' id='par_1_54' title="bbox 2346 2423 3865 2499">
     <span class='ocr_line' id='line_1_54' title="bbox 2346 2423 3865 2499; baseline 0 -20"><span class='ocrx_word' id='word_1_374' title='bbox 2346 2423 2433 2479; x_wconf 79' lang='grc' dir='ltr'>οὖν</span> <span class='ocrx_word' id='word_1_375' title='bbox 2477 2434 2661 2492; x_wconf 89' lang='grc' dir='ltr'>ταῦτα,</span> <span class='ocrx_word' id='word_1_376' title='bbox 2714 2431 2863 2497; x_wconf 84' lang='grc' dir='ltr'>φησὶ,</span> <span class='ocrx_word' id='word_1_377' title='bbox 2916 2432 3045 2499; x_wconf 85' lang='grc' dir='ltr'>πρὸς</span> <span class='ocrx_word' id='word_1_378' title='bbox 3100 2432 3157 2478; x_wconf 88' lang='grc' dir='ltr'>τό</span> <span class='ocrx_word' id='word_1_379' title='bbox 3210 2424 3483 2499; x_wconf 80' lang='grc' dir='ltr'>διαφυγεῖν</span> <span class='ocrx_word' id='word_1_380' title='bbox 3524 2432 3610 2485; x_wconf 68' lang='grc' dir='ltr'>τὴν</span> <span class='ocrx_word' id='word_1_381' title='bbox 3646 2426 3780 2497; x_wconf 77' lang='grc' dir='ltr'>φλόγα</span> <span class='ocrx_word' id='word_1_382' title='bbox 3807 2430 3865 2479; x_wconf 68' lang='grc' dir='ltr'>τὶς</span> 
     </span>
    </p>
   </div>
   <div class='ocr_carea' id='block_1_55' title="bbox 2345 2513 3864 2590">
    <p class='ocr_par' dir='ltr' id='par_1_55' title="bbox 2345 2513 3864 2590">
     <span class='ocr_line' id='line_1_55' title="bbox 2345 2513 3864 2590; baseline -0.004 -24"><span class='ocrx_word' id='word_1_383' title='bbox 2345 2515 2601 2588; x_wconf 79' lang='grc' dir='ltr'>ἁμαρτίας</span> <span class='ocrx_word' id='word_1_384' title='bbox 2630 2533 2643 2582; x_wconf 88' lang='grc'>;</span> <span class='ocrx_word' id='word_1_385' title='bbox 2678 2516 2768 2567; x_wconf 76' lang='grc' dir='ltr'>οῦκ</span> <span class='ocrx_word' id='word_1_386' title='bbox 2798 2515 2963 2590; x_wconf 68' lang='grc' dir='ltr'>ἀρκεῖ*</span> <span class='ocrx_word' id='word_1_387' title='bbox 3000 2514 3129 2567; x_wconf 84' lang='grc' dir='ltr'>ἀλλὰ</span> <span class='ocrx_word' id='word_1_388' title='bbox 3163 2513 3246 2567; x_wconf 80' lang='grc' dir='ltr'>δεῖ</span> <span class='ocrx_word' id='word_1_389' title='bbox 3283 2521 3369 2568; x_wconf 86' lang='grc' dir='ltr'>καὶ</span> <span class='ocrx_word' id='word_1_390' title='bbox 3404 2518 3549 2588; x_wconf 75' lang='grc' dir='ltr'>ἔτερα</span> <span class='ocrx_word' id='word_1_391' title='bbox 3572 2515 3864 2589; x_wconf 69' lang='grc' dir='ltr'>προστεθῆναι,</span> 
     </span>
    </p>
   </div>
   <div class='ocr_carea' id='block_1_56' title="bbox 2344 2601 3867 2678">
    <p class='ocr_par' dir='ltr' id='par_1_56' title="bbox 2344 2601 3867 2678">
     <span class='ocr_line' id='line_1_56' title="bbox 2344 2601 3867 2678; baseline -0.001 -23"><span class='ocrx_word' id='word_1_392' title='bbox 2344 2607 2650 2678; x_wconf 84' lang='grc' dir='ltr'>προσευχὰς</span> <span class='ocrx_word' id='word_1_393' title='bbox 2721 2601 2996 2667; x_wconf 80' lang='grc' dir='ltr'>διηνεκεῖς,</span> <span class='ocrx_word' id='word_1_394' title='bbox 3076 2605 3236 2675; x_wconf 87' lang='grc' dir='ltr'>ἁγίων</span> <span class='ocrx_word' id='word_1_395' title='bbox 3315 2610 3610 2668; x_wconf 83' lang='grc' dir='ltr'>συνουσίαν,</span> <span class='ocrx_word' id='word_1_396' title='bbox 3688 2605 3867 2659; x_wconf 71' lang='grc' dir='ltr'>νηστείαν</span> 
     </span>
    </p>
   </div>
   <div class='ocr_carea' id='block_1_57' title="bbox 2346 2690 3870 2767">
    <p class='ocr_par' dir='ltr' id='par_1_57' title="bbox 2346 2690 3870 2767">
     <span class='ocr_line' id='line_1_57' title="bbox 2346 2690 3870 2767; baseline -0.003 -21"><span class='ocrx_word' id='word_1_397' title='bbox 2346 2698 2659 2767; x_wconf 81' lang='grc' dir='ltr'>σύμμετρον,</span> <span class='ocrx_word' id='word_1_398' title='bbox 2719 2690 2927 2746; x_wconf 79' lang='grc' dir='ltr'>δίαιταν</span> <span class='ocrx_word' id='word_1_399' title='bbox 2969 2694 3134 2757; x_wconf 77' lang='grc' dir='ltr'>λιτὴν,</span> <span class='ocrx_word' id='word_1_400' title='bbox 3191 2693 3457 2765; x_wconf 80' lang='grc' dir='ltr'>ἀσχολίας</span> <span class='ocrx_word' id='word_1_401' title='bbox 3500 2694 3768 2765; x_wconf 72' lang='grc' dir='ltr'>ἀναγκαίας</span> <span class='ocrx_word' id='word_1_402' title='bbox 3801 2692 3870 2760; x_wconf 63' lang='grc' dir='ltr'>πρὸ</span> 
     </span>
    </p>
   </div>
   <div class='ocr_carea' id='block_1_58' title="bbox 2342 2782 3869 2855">
    <p class='ocr_par' dir='ltr' id='par_1_58' title="bbox 2342 2782 3869 2855">
     <span class='ocr_line' id='line_1_58' title="bbox 2342 2782 3869 2855; baseline -0.001 -20"><span class='ocrx_word' id='word_1_403' title='bbox 2342 2792 2441 2835; x_wconf 87' lang='grc' dir='ltr'>τῶν</span> <span class='ocrx_word' id='word_1_404' title='bbox 2508 2782 2671 2835; x_wconf 78' lang='grc' dir='ltr'>ἄλλων</span> <span class='ocrx_word' id='word_1_405' title='bbox 2744 2783 2999 2849; x_wconf 83' lang='grc' dir='ltr'>ἀπάντων,</span> <span class='ocrx_word' id='word_1_406' title='bbox 3076 2791 3167 2835; x_wconf 89' lang='grc' dir='ltr'>τοῦ</span> <span class='ocrx_word' id='word_1_407' title='bbox 3254 2792 3385 2836; x_wconf 81' lang='grc' dir='ltr'>Θεοῦ</span> <span class='ocrx_word' id='word_1_408' title='bbox 3474 2788 3556 2835; x_wconf 84' lang='grc' dir='ltr'>τὸν</span> <span class='ocrx_word' id='word_1_409' title='bbox 3608 2782 3755 2855; x_wconf 77' lang='grc' dir='ltr'>φόϐον,</span> <span class='ocrx_word' id='word_1_410' title='bbox 3808 2784 3869 2834; x_wconf 62' lang='grc' dir='ltr'>τὴν</span> 
     </span>
    </p>
   </div>
   <div class='ocr_carea' id='block_1_59' title="bbox 571 2869 3875 2947">
    <p class='ocr_par' dir='ltr' id='par_1_59' title="bbox 571 2869 3875 2947">
     <span class='ocr_line' id='line_1_59' title="bbox 571 2869 3875 2947; baseline -0.002 -22"><span class='ocrx_word' id='word_1_411' title='bbox 571 2872 862 2946; x_wconf 81' lang='grc' dir='ltr'>μέλλουσαν</span> <span class='ocrx_word' id='word_1_412' title='bbox 893 2876 1088 2947; x_wconf 87' lang='grc' dir='ltr'>κρίσιν,</span> <span class='ocrx_word' id='word_1_413' title='bbox 1120 2874 1210 2932; x_wconf 79' lang='grc' dir='ltr'>τὰς</span> <span class='ocrx_word' id='word_1_414' title='bbox 1240 2870 1547 2943; x_wconf 76' lang='grc' dir='ltr'>ἐπαγγελίας</span> <span class='ocrx_word' id='word_1_415' title='bbox 1571 2880 1668 2925; x_wconf 85' lang='grc' dir='ltr'>τὼν</span> <span class='ocrx_word' id='word_1_416' title='bbox 1702 2871 1924 2944; x_wconf 80' lang='grc' dir='ltr'>ἀγαθῶν·</span> <span class='ocrx_word' id='word_1_417' title='bbox 1961 2870 2054 2925; x_wconf 78' lang='grc' dir='ltr'>διὰ</span> <span class='ocrx_word' id='word_1_418' title='bbox 2083 2876 2271 2925; x_wconf 87' lang='grc' dir='ltr'>τούτων</span> <span class='ocrx_word' id='word_1_419' title='bbox 2298 2876 2500 2926; x_wconf 89' lang='grc' dir='ltr'>πάντων</span> <span class='ocrx_word' id='word_1_420' title='bbox 2535 2869 2760 2925; x_wconf 78' lang='grc' dir='ltr'>δύνασαι</span> <span class='ocrx_word' id='word_1_421' title='bbox 2795 2872 3101 2943; x_wconf 87' lang='grc' dir='ltr'>χαλινῶσαι</span> <span class='ocrx_word' id='word_1_422' title='bbox 3126 2877 3218 2930; x_wconf 82' lang='grc' dir='ltr'>τὴν</span> <span class='ocrx_word' id='word_1_423' title='bbox 3247 2872 3533 2925; x_wconf 78' lang='grc' dir='ltr'>λυσσῶσαν</span> <span class='ocrx_word' id='word_1_424' title='bbox 3554 2872 3791 2942; x_wconf 79' lang='grc' dir='ltr'>ἐπίθυμίαν</span> <span class='ocrx_word' id='word_1_425' title='bbox 3814 2876 3875 2919; x_wconf 76' lang='grc' dir='ltr'>καὶ</span> 
     </span>
    </p>
   </div>
   <div class='ocr_carea' id='block_1_60' title="bbox 569 2962 1605 3034">
    <p class='ocr_par' dir='ltr' id='par_1_60' title="bbox 569 2962 1605 3034">
     <span class='ocr_line' id='line_1_60' title="bbox 569 2962 1605 3034; baseline -0.001 -19"><span class='ocrx_word' id='word_1_426' title='bbox 569 2970 665 3021; x_wconf 84' lang='grc' dir='ltr'>στῆ</span> <span class='ocrx_word' id='word_1_427' title='bbox 677 2982 767 3015; x_wconf 92' lang='grc' dir='ltr'>σαι</span> <span class='ocrx_word' id='word_1_428' title='bbox 783 2966 875 3021; x_wconf 74' lang='grc' dir='ltr'>τὴν</span> <span class='ocrx_word' id='word_1_429' title='bbox 907 2965 1219 3034; x_wconf 81' lang='grc' dir='ltr'>κυμαινομέν</span> <span class='ocrx_word' id='word_1_430' title='bbox 1230 2980 1285 3019; x_wconf 86' lang='grc' dir='ltr'>ην</span> <span class='ocrx_word' id='word_1_431' title='bbox 1320 2962 1605 3016; x_wconf 87' lang='grc' dir='ltr'>θάλασσαν,</span> 
     </span>
    </p>
   </div>
   <div class='ocr_carea' id='block_1_61' title="bbox 624 3086 2170 3161">
    <p class='ocr_par' dir='ltr' id='par_1_61' title="bbox 624 3086 2170 3161">
     <span class='ocr_line' id='line_1_61' title="bbox 624 3086 2170 3161; baseline -0.003 -17"><span class='ocrx_word' id='word_1_432' title='bbox 624 3088 943 3154; x_wconf 74' lang='grc' dir='ltr'>ΟΗᾹΞΞΤΙΟ</span> <span class='ocrx_word' id='word_1_433' title='bbox 977 3087 1147 3143; x_wconf 83' lang='lat' dir='ltr'>CCXC</span> <span class='ocrx_word' id='word_1_434' title='bbox 1180 3086 1383 3159; x_wconf 78' lang='lat' dir='ltr'>[CoisL</span> <span class='ocrx_word' id='word_1_435' title='bbox 1415 3086 1638 3143; x_wconf 88' lang='lat' dir='ltr'>CCCIII.</span> <span class='ocrx_word' id='word_1_436' title='bbox 1677 3089 1856 3144; x_wconf 86' lang='lat' dir='ltr'>Taur.</span> <span class='ocrx_word' id='word_1_437' title='bbox 1901 3087 2170 3161; x_wconf 78' lang='lat' dir='ltr'>CCXCll].</span> 
     </span>
    </p>
   </div>
   <div class='ocr_carea' id='block_1_62' title="bbox 743 3176 2053 3241">
    <p class='ocr_par' dir='ltr' id='par_1_62' title="bbox 743 3176 2053 3241">
     <span class='ocr_line' id='line_1_62' title="bbox 743 3176 2053 3241; baseline 0.001 -13"><span class='ocrx_word' id='word_1_438' title='bbox 743 3198 767 3228; x_wconf 82' lang='grc' dir='ltr'>ιι</span> <span class='ocrx_word' id='word_1_439' title='bbox 814 3177 1087 3234; x_wconf 81' lang='lat' dir='ltr'>Clamavi</span> <span class='ocrx_word' id='word_1_440' title='bbox 1115 3177 1191 3231; x_wconf 85' lang='lat' dir='ltr'>ad</span> <span class='ocrx_word' id='word_1_441' title='bbox 1220 3184 1293 3241; x_wconf 80' lang='lat' dir='ltr'>te,</span> <span class='ocrx_word' id='word_1_442' title='bbox 1329 3176 1595 3238; x_wconf 84' lang='lat' dir='ltr'>Domine,</span> <span class='ocrx_word' id='word_1_443' title='bbox 1626 3176 1849 3234; x_wconf 77' lang='lat' dir='ltr'>exaudi</span> <span class='ocrx_word' id='word_1_444' title='bbox 1878 3192 1987 3234; x_wconf 88' lang='lat' dir='ltr'>me.</span> <span class='ocrx_word' id='word_1_445' title='bbox 2024 3199 2053 3230; x_wconf 86' lang='lat'>»</span> 
     </span>
    </p>
   </div>
   <div class='ocr_carea' id='block_1_63' title="bbox 2916 3073 3367 3148">
    <p class='ocr_par' dir='ltr' id='par_1_63' title="bbox 2916 3073 3367 3148">
     <span class='ocr_line' id='line_1_63' title="bbox 2916 3073 3367 3148; baseline 0.009 -10"><span class='ocrx_word' id='word_1_446' title='bbox 2916 3093 3227 3141; x_wconf 70' lang='lat' dir='ltr'>armum:</span> <span class='ocrx_word' id='word_1_447' title='bbox 3269 3073 3367 3148; x_wconf 67' lang='lat'>25’.</span> 
     </span>
    </p>
   </div>
   <div class='ocr_carea' id='block_1_64' title="bbox 2451 3173 3798 3249">
    <p class='ocr_par' dir='ltr' id='par_1_64' title="bbox 2451 3173 3798 3249">
     <span class='ocr_line' id='line_1_64' title="bbox 2451 3173 3798 3249; baseline 0.001 -24"><span class='ocrx_word' id='word_1_448' title='bbox 2451 3194 2477 3225; x_wconf 76' lang='grc' dir='ltr'>ι(</span> <span class='ocrx_word' id='word_1_449' title='bbox 2509 3178 2683 3248; x_wconf 79' lang='grc' dir='ltr'>Κύριε,</span> <span class='ocrx_word' id='word_1_450' title='bbox 2718 3173 2966 3249; x_wconf 83' lang='grc' dir='ltr'>ἐκέκραξα</span> <span class='ocrx_word' id='word_1_451' title='bbox 3002 3180 3131 3247; x_wconf 88' lang='grc' dir='ltr'>πρὸς</span> <span class='ocrx_word' id='word_1_452' title='bbox 3174 3180 3249 3240; x_wconf 76' lang='grc' dir='ltr'>σε,</span> <span class='ocrx_word' id='word_1_453' title='bbox 3278 3176 3590 3229; x_wconf 81' lang='grc' dir='ltr'>εἰσάκουσον</span> <span class='ocrx_word' id='word_1_454' title='bbox 3633 3195 3737 3248; x_wconf 81' lang='grc' dir='ltr'>μου.</span> <span class='ocrx_word' id='word_1_455' title='bbox 3779 3195 3798 3220; x_wconf 83' lang='grc' dir='ltr'>υ</span> 
     </span>
    </p>
   </div>
   <div class='ocr_carea' id='block_1_65' title="bbox 1246 3281 2230 3347">
    <p class='ocr_par' dir='ltr' id='par_1_65' title="bbox 1246 3283 2230 3347">
     <span class='ocr_line' id='line_1_65' title="bbox 1246 3283 2230 3347; baseline 0.002 -16"><span class='ocrx_word' id='word_1_456' title='bbox 1246 3283 1399 3333; x_wconf 82' lang='lat' dir='ltr'>Edita</span> <span class='ocrx_word' id='word_1_457' title='bbox 1420 3298 1451 3332; x_wconf 92' lang='lat' dir='ltr'>a</span> <span class='ocrx_word' id='word_1_458' title='bbox 1480 3283 1618 3333; x_wconf 88' lang='lat' dir='ltr'>Maio</span> <span class='ocrx_word' id='word_1_459' title='bbox 1645 3284 1699 3345; x_wconf 88' lang='lat' dir='ltr'>(l.</span> <span class='ocrx_word' id='word_1_460' title='bbox 1725 3298 1769 3333; x_wconf 93' lang='lat' dir='ltr'>c.</span> <span class='ocrx_word' id='word_1_461' title='bbox 1799 3299 1851 3347; x_wconf 93' lang='lat' dir='ltr'>p.</span> <span class='ocrx_word' id='word_1_462' title='bbox 1874 3285 1983 3339; x_wconf 78' lang='grc'>147,</span> <span class='ocrx_word' id='word_1_463' title='bbox 2019 3299 2070 3347; x_wconf 89' lang='lat' dir='ltr'>q.</span> <span class='ocrx_word' id='word_1_464' title='bbox 2103 3284 2230 3344; x_wconf 89' lang='lat'>300).</span> 
     </span>
    </p>
   </div>
   <div class='ocr_carea' id='block_1_66' title="bbox 2333 3281 3236 3347">
    <p class='ocr_par' dir='ltr' id='par_1_66' title="bbox 2352 3281 3236 3344">
     <span class='ocr_line' id='line_1_66' title="bbox 2352 3281 3236 3344; baseline 0.002 -14"><span class='ocrx_word' id='word_1_465' title='bbox 2352 3282 2409 3330; x_wconf 93' lang='lat' dir='ltr'>ln</span> <span class='ocrx_word' id='word_1_466' title='bbox 2435 3281 2571 3330; x_wconf 85' lang='lat' dir='ltr'>Psal.</span> <span class='ocrx_word' id='word_1_467' title='bbox 2598 3293 2735 3339; x_wconf 72' lang='lat' dir='ltr'>oxn,</span> <span class='ocrx_word' id='word_1_468' title='bbox 2769 3283 2791 3330; x_wconf 87' lang='grc'><strong>1</strong></span> <span class='ocrx_word' id='word_1_469' title='bbox 2827 3281 3023 3344; x_wconf 79' lang='lat' dir='ltr'>(Graece</span> <span class='ocrx_word' id='word_1_470' title='bbox 3052 3288 3236 3341; x_wconf 78' lang='lat' dir='ltr'>oxu).</span> 
     </span>
    </p>
   </div>
   <div class='ocr_carea' id='block_1_67' title="bbox 634 3392 2230 3474">
    <p class='ocr_par' dir='ltr' id='par_1_67' title="bbox 634 3399 2228 3470">
     <span class='ocr_line' id='line_1_67' title="bbox 634 3399 2228 3470; baseline 0 -17"><span class='ocrx_word' id='word_1_471' title='bbox 634 3399 765 3455; x_wconf 61' lang='lat' dir='ltr'>Haec</span> <span class='ocrx_word' id='word_1_472' title='bbox 805 3399 984 3469; x_wconf 87' lang='lat' dir='ltr'>hujus</span> <span class='ocrx_word' id='word_1_473' title='bbox 1024 3399 1243 3470; x_wconf 88' lang='lat' dir='ltr'>psalmi</span> <span class='ocrx_word' id='word_1_474' title='bbox 1280 3399 1438 3455; x_wconf 90' lang='lat' dir='ltr'>dicta</span> <span class='ocrx_word' id='word_1_475' title='bbox 1478 3415 1707 3463; x_wconf 91' lang='lat' dir='ltr'>omnes,</span> <span class='ocrx_word' id='word_1_476' title='bbox 1774 3404 1838 3455; x_wconf 88' lang='lat' dir='ltr'>ut</span> <span class='ocrx_word' id='word_1_477' title='bbox 1877 3401 1957 3455; x_wconf 90' lang='lat' dir='ltr'>ita</span> <span class='ocrx_word' id='word_1_478' title='bbox 2007 3400 2228 3465; x_wconf 90' lang='lat' dir='ltr'>dicam,</span> 
     </span>
    </p>
   </div>
   <div class='ocr_carea' id='block_1_68' title="bbox 2333 3392 3879 3474">
    <p class='ocr_par' dir='ltr' id='par_1_68' title="bbox 2411 3392 3879 3474">
     <span class='ocr_line' id='line_1_68' title="bbox 2411 3392 3879 3474; baseline -0.002 -24"><span class='ocrx_word' id='word_1_479' title='bbox 2411 3400 2609 3450; x_wconf 79' lang='grc' dir='ltr'>Τούτου</span> <span class='ocrx_word' id='word_1_480' title='bbox 2671 3405 2764 3450; x_wconf 89' lang='grc' dir='ltr'>τοῦ</span> <span class='ocrx_word' id='word_1_481' title='bbox 2818 3398 3030 3470; x_wconf 74' lang='grc' dir='ltr'>ψαλμοῦ</span> <span class='ocrx_word' id='word_1_482' title='bbox 3087 3402 3151 3451; x_wconf 83' lang='grc' dir='ltr'>τὰ</span> <span class='ocrx_word' id='word_1_483' title='bbox 3206 3402 3296 3471; x_wconf 70' lang='grc' dir='ltr'>μεν</span> <span class='ocrx_word' id='word_1_484' title='bbox 3338 3400 3559 3474; x_wconf 77' lang='grc' dir='ltr'>ῥήματα</span> <span class='ocrx_word' id='word_1_485' title='bbox 3592 3400 3800 3459; x_wconf 77' lang='grc' dir='ltr'>ἅπαντες,</span> <span class='ocrx_word' id='word_1_486' title='bbox 3832 3392 3879 3447; x_wconf 55' lang='grc' dir='ltr'>ὡς</span> 
     </span>
    </p>
   </div>
   <div class='ocr_carea' id='block_1_69' title="bbox 563 3486 2229 3551">
    <p class='ocr_par' dir='ltr' id='par_1_69' title="bbox 563 3486 2229 3551">
     <span class='ocr_line' id='line_1_69' title="bbox 563 3486 2229 3551; baseline 0 -9"><span class='ocrx_word' id='word_1_487' title='bbox 563 3486 774 3549; x_wconf 87' lang='lat' dir='ltr'>sciunt,</span> <span class='ocrx_word' id='word_1_488' title='bbox 816 3492 871 3541; x_wconf 91' lang='lat' dir='ltr'>et</span> <span class='ocrx_word' id='word_1_489' title='bbox 911 3491 1037 3541; x_wconf 87' lang='lat' dir='ltr'>tota</span> <span class='ocrx_word' id='word_1_490' title='bbox 1076 3486 1196 3541; x_wconf 86' lang='lat' dir='ltr'>vita</span> <span class='ocrx_word' id='word_1_491' title='bbox 1225 3488 1590 3551; x_wconf 87' lang='lat' dir='ltr'>concinunt;</span> <span class='ocrx_word' id='word_1_492' title='bbox 1635 3502 1846 3541; x_wconf 86' lang='lat' dir='ltr'>sensus</span> <span class='ocrx_word' id='word_1_493' title='bbox 1887 3492 2086 3542; x_wconf 87' lang='lat' dir='ltr'>autem</span> <span class='ocrx_word' id='word_1_494' title='bbox 2129 3487 2229 3542; x_wconf 88' lang='lat' dir='ltr'>ali-</span> 
     </span>
    </p>
   </div>
   <div class='ocr_carea' id='block_1_70' title="bbox 560 3573 2229 3646">
    <p class='ocr_par' dir='ltr' id='par_1_70' title="bbox 560 3573 2229 3646">
     <span class='ocr_line' id='line_1_70' title="bbox 560 3573 2229 3646; baseline 0.001 -17"><span class='ocrx_word' id='word_1_495' title='bbox 560 3578 707 3646; x_wconf 91' lang='lat' dir='ltr'>quot</span> <span class='ocrx_word' id='word_1_496' title='bbox 744 3573 1060 3628; x_wconf 88' lang='lat' dir='ltr'>verborum</span> <span class='ocrx_word' id='word_1_497' title='bbox 1105 3589 1205 3629; x_wconf 92' lang='lat' dir='ltr'>eos</span> <span class='ocrx_word' id='word_1_498' title='bbox 1262 3573 1427 3629; x_wconf 85' lang='lat' dir='ltr'>fallit.</span> <span class='ocrx_word' id='word_1_499' title='bbox 1494 3574 1661 3638; x_wconf 87' lang='lat' dir='ltr'>Quod</span> <span class='ocrx_word' id='word_1_500' title='bbox 1724 3574 1793 3628; x_wconf 89' lang='lat' dir='ltr'>iis</span> <span class='ocrx_word' id='word_1_501' title='bbox 1850 3590 1969 3630; x_wconf 93' lang='lat' dir='ltr'>non</span> <span class='ocrx_word' id='word_1_502' title='bbox 2027 3574 2229 3630; x_wconf 85' lang='lat' dir='ltr'>leviter</span> 
     </span>
    </p>
   </div>
   <div class='ocr_carea' id='block_1_71' title="bbox 562 3661 2225 3733">
    <p class='ocr_par' dir='ltr' id='par_1_71' title="bbox 562 3661 2225 3733">
     <span class='ocr_line' id='line_1_71' title="bbox 562 3661 2225 3733; baseline 0 -16"><span class='ocrx_word' id='word_1_503' title='bbox 562 3661 1049 3733; x_wconf 88' lang='lat' dir='ltr'>exprobrandum</span> <span class='ocrx_word' id='word_1_504' title='bbox 1089 3666 1200 3717; x_wconf 87' lang='lat' dir='ltr'>est.</span> <span class='ocrx_word' id='word_1_505' title='bbox 1245 3662 1470 3717; x_wconf 88' lang='lat' dir='ltr'>Etenim</span> <span class='ocrx_word' id='word_1_506' title='bbox 1512 3662 1658 3733; x_wconf 92' lang='lat' dir='ltr'>quid</span> <span class='ocrx_word' id='word_1_507' title='bbox 1699 3669 1790 3717; x_wconf 89' lang='lat' dir='ltr'>est</span> <span class='ocrx_word' id='word_1_508' title='bbox 1830 3661 1995 3718; x_wconf 89' lang='lat' dir='ltr'>aliud</span> <span class='ocrx_word' id='word_1_509' title='bbox 2039 3679 2225 3733; x_wconf 89' lang='lat' dir='ltr'>quam</span> 
     </span>
    </p>
   </div>
   <div class='ocr_carea' id='block_1_72' title="bbox 559 3750 2227 3823">
    <p class='ocr_par' dir='ltr' id='par_1_72' title="bbox 559 3750 2227 3823">
     <span class='ocr_line' id='line_1_72' title="bbox 559 3750 2227 3823; baseline 0.002 -18"><span class='ocrx_word' id='word_1_510' title='bbox 559 3751 816 3823; x_wconf 91' lang='lat' dir='ltr'>psallere</span> <span class='ocrx_word' id='word_1_511' title='bbox 838 3756 959 3807; x_wconf 91' lang='lat' dir='ltr'>toto</span> <span class='ocrx_word' id='word_1_512' title='bbox 989 3751 1107 3816; x_wconf 92' lang='lat' dir='ltr'>die,</span> <span class='ocrx_word' id='word_1_513' title='bbox 1140 3751 1241 3806; x_wconf 91' lang='lat' dir='ltr'>sed</span> <span class='ocrx_word' id='word_1_514' title='bbox 1267 3767 1339 3806; x_wconf 93' lang='lat' dir='ltr'>ne</span> <span class='ocrx_word' id='word_1_515' title='bbox 1372 3750 1556 3806; x_wconf 91' lang='lat' dir='ltr'>semel</span> <span class='ocrx_word' id='word_1_516' title='bbox 1581 3751 1825 3822; x_wconf 89' lang='lat' dir='ltr'>quidem</span> <span class='ocrx_word' id='word_1_517' title='bbox 1851 3752 2069 3822; x_wconf 89' lang='lat' dir='ltr'>psalmi</span> <span class='ocrx_word' id='word_1_518' title='bbox 2099 3768 2227 3808; x_wconf 92' lang='lat' dir='ltr'>sen-</span> 
     </span>
    </p>
   </div>
   <div class='ocr_carea' id='block_1_73' title="bbox 564 3840 2223 3913">
    <p class='ocr_par' dir='ltr' id='par_1_73' title="bbox 564 3840 2223 3913">
     <span class='ocr_line' id='line_1_73' title="bbox 564 3840 2223 3913; baseline 0.001 -17"><span class='ocrx_word' id='word_1_519' title='bbox 564 3857 701 3896; x_wconf 91' lang='lat' dir='ltr'>sum</span> <span class='ocrx_word' id='word_1_520' title='bbox 744 3840 1042 3913; x_wconf 89' lang='lat' dir='ltr'>requirere</span> <span class='ocrx_word' id='word_1_521' title='bbox 1081 3840 1110 3894; x_wconf 78' lang='lat'><strong>?</strong></span> <span class='ocrx_word' id='word_1_522' title='bbox 1150 3843 1422 3912; x_wconf 90' lang='lat' dir='ltr'>Namque</span> <span class='ocrx_word' id='word_1_523' title='bbox 1453 3840 1567 3896; x_wconf 87' lang='lat' dir='ltr'>hoc</span> <span class='ocrx_word' id='word_1_524' title='bbox 1608 3845 1696 3895; x_wconf 91' lang='lat' dir='ltr'>est</span> <span class='ocrx_word' id='word_1_525' title='bbox 1738 3840 2004 3910; x_wconf 87' lang='lat' dir='ltr'>segnitiei</span> <span class='ocrx_word' id='word_1_526' title='bbox 2044 3847 2096 3895; x_wconf 91' lang='lat' dir='ltr'>et</span> <span class='ocrx_word' id='word_1_527' title='bbox 2134 3857 2223 3897; x_wconf 88' lang='lat' dir='ltr'>so-</span> 
     </span>
    </p>
   </div>
   <div class='ocr_carea' id='block_1_74' title="bbox 558 3930 2221 4001">
    <p class='ocr_par' dir='ltr' id='par_1_74' title="bbox 558 3930 2221 4001">
     <span class='ocr_line' id='line_1_74' title="bbox 558 3930 2221 4001; baseline -0.001 -15"><span class='ocrx_word' id='word_1_528' title='bbox 558 3930 777 3986; x_wconf 67' lang='lat' dir='ltr'>cordiae</span> <span class='ocrx_word' id='word_1_529' title='bbox 823 3945 1132 3984; x_wconf 89' lang='lat' dir='ltr'>summum</span> <span class='ocrx_word' id='word_1_530' title='bbox 1164 3930 1450 3985; x_wconf 91' lang='lat' dir='ltr'>continuo</span> <span class='ocrx_word' id='word_1_531' title='bbox 1471 3930 1797 4000; x_wconf 90' lang='lat' dir='ltr'>psalmum,</span> <span class='ocrx_word' id='word_1_532' title='bbox 1827 3946 1860 3984; x_wconf 92' lang='lat' dir='ltr'>a</span> <span class='ocrx_word' id='word_1_533' title='bbox 1891 3930 2221 4001; x_wconf 88' lang='lat' dir='ltr'>puerilibus</span> 
     </span>
    </p>
   </div>
   <div class='ocr_carea' id='block_1_75' title="bbox 558 4017 2223 4084">
    <p class='ocr_par' dir='ltr' id='par_1_75' title="bbox 558 4017 2223 4084">
     <span class='ocr_line' id='line_1_75' title="bbox 558 4017 2223 4084; baseline -0.001 -9"><span class='ocrx_word' id='word_1_534' title='bbox 558 4020 731 4075; x_wconf 87' lang='lat' dir='ltr'>annis</span> <span class='ocrx_word' id='word_1_535' title='bbox 760 4018 837 4074; x_wconf 93' lang='lat' dir='ltr'>ad</span> <span class='ocrx_word' id='word_1_536' title='bbox 871 4018 1142 4074; x_wconf 86' lang='lat' dir='ltr'>ultimam</span> <span class='ocrx_word' id='word_1_537' title='bbox 1176 4017 1607 4073; x_wconf 85' lang='lat' dir='ltr'>senectuteinm</span> <span class='ocrx_word' id='word_1_538' title='bbox 1642 4034 1756 4073; x_wconf 89' lang='lat' dir='ltr'>usu</span> <span class='ocrx_word' id='word_1_539' title='bbox 1805 4018 2065 4084; x_wconf 90' lang='lat' dir='ltr'>habere;</span> <span class='ocrx_word' id='word_1_540' title='bbox 2117 4034 2223 4074; x_wconf 92' lang='lat' dir='ltr'>nec</span> 
     </span>
    </p>
   </div>
   <div class='ocr_carea' id='block_1_76' title="bbox 557 4107 2222 4180">
    <p class='ocr_par' dir='ltr' id='par_1_76' title="bbox 557 4107 2222 4180">
     <span class='ocr_line' id='line_1_76' title="bbox 557 4107 2222 4180; baseline -0.002 -15"><span class='ocrx_word' id='word_1_541' title='bbox 557 4108 717 4165; x_wconf 86' lang='lat' dir='ltr'>aliud</span> <span class='ocrx_word' id='word_1_542' title='bbox 743 4113 1140 4180; x_wconf 68' lang='lat' dir='ltr'>praeterquam</span> <span class='ocrx_word' id='word_1_543' title='bbox 1174 4107 1359 4163; x_wconf 85' lang='lat' dir='ltr'>verba</span> <span class='ocrx_word' id='word_1_544' title='bbox 1392 4123 1570 4162; x_wconf 89' lang='lat' dir='ltr'>sensu</span> <span class='ocrx_word' id='word_1_545' title='bbox 1621 4108 1882 4163; x_wconf 88' lang='lat' dir='ltr'>carentia</span> <span class='ocrx_word' id='word_1_546' title='bbox 1933 4108 2222 4163; x_wconf 89' lang='lat' dir='ltr'>memoria</span> 
     </span>
    </p>
   </div>
   <div class='ocr_carea' id='block_1_77' title="bbox 556 4197 2222 4269">
    <p class='ocr_par' dir='ltr' id='par_1_77' title="bbox 556 4197 2222 4269">
     <span class='ocr_line' id='line_1_77' title="bbox 556 4197 2222 4269; baseline -0.001 -16"><span class='ocrx_word' id='word_1_547' title='bbox 556 4203 770 4263; x_wconf 88' lang='lat' dir='ltr'>tenere,</span> <span class='ocrx_word' id='word_1_548' title='bbox 807 4203 1028 4253; x_wconf 89' lang='lat' dir='ltr'>tectum</span> <span class='ocrx_word' id='word_1_549' title='bbox 1062 4212 1246 4269; x_wconf 89' lang='lat' dir='ltr'>prope</span> <span class='ocrx_word' id='word_1_550' title='bbox 1278 4197 1624 4252; x_wconf 83' lang='lat' dir='ltr'>thesaurum</span> <span class='ocrx_word' id='word_1_551' title='bbox 1657 4197 1940 4262; x_wconf 86' lang='lat' dir='ltr'>assidere,</span> <span class='ocrx_word' id='word_1_552' title='bbox 1994 4212 2222 4251; x_wconf 90' lang='lat' dir='ltr'>crume-</span> 
     </span>
    </p>
   </div>
   <div class='ocr_carea' id='block_1_78' title="bbox 555 4284 2215 4357">
    <p class='ocr_par' dir='ltr' id='par_1_78' title="bbox 555 4284 2215 4357">
     <span class='ocr_line' id='line_1_78' title="bbox 555 4284 2215 4357; baseline -0.001 -16"><span class='ocrx_word' id='word_1_553' title='bbox 555 4302 820 4357; x_wconf 87' lang='lat' dir='ltr'>namque</span> <span class='ocrx_word' id='word_1_554' title='bbox 851 4285 1233 4355; x_wconf 87' lang='lat' dir='ltr'>obsignatam</span> <span class='ocrx_word' id='word_1_555' title='bbox 1265 4284 1665 4348; x_wconf 83' lang='lat' dir='ltr'>circumferre,</span> <span class='ocrx_word' id='word_1_556' title='bbox 1709 4301 1817 4340; x_wconf 90' lang='lat' dir='ltr'>nec</span> <span class='ocrx_word' id='word_1_557' title='bbox 1848 4301 2215 4357; x_wconf 90' lang='lat' dir='ltr'>quemquam</span> 
     </span>
    </p>
   </div>
   <div class='ocr_carea' id='block_1_79' title="bbox 555 4374 2219 4447">
    <p class='ocr_par' dir='ltr' id='par_1_79' title="bbox 555 4374 2219 4447">
     <span class='ocr_line' id='line_1_79' title="bbox 555 4374 2219 4447; baseline 0 -16"><span class='ocrx_word' id='word_1_558' title='bbox 555 4376 643 4431; x_wconf 89' lang='lat' dir='ltr'>vel</span> <span class='ocrx_word' id='word_1_559' title='bbox 673 4375 1009 4430; x_wconf 87' lang='lat' dir='ltr'>curiositate</span> <span class='ocrx_word' id='word_1_560' title='bbox 1041 4374 1263 4447; x_wconf 89' lang='lat' dir='ltr'>impelli</span> <span class='ocrx_word' id='word_1_561' title='bbox 1294 4381 1355 4430; x_wconf 89' lang='lat' dir='ltr'>ut</span> <span class='ocrx_word' id='word_1_562' title='bbox 1400 4374 1573 4430; x_wconf 91' lang='lat' dir='ltr'>sciret</span> <span class='ocrx_word' id='word_1_563' title='bbox 1624 4390 1745 4446; x_wconf 91' lang='lat' dir='ltr'>quo</span> <span class='ocrx_word' id='word_1_564' title='bbox 1806 4376 2052 4430; x_wconf 90' lang='lat' dir='ltr'>demum</span> <span class='ocrx_word' id='word_1_565' title='bbox 2091 4374 2219 4431; x_wconf 67' lang='lat' dir='ltr'>haec</span> 
     </span>
    </p>
   </div>
   <div class='ocr_carea' id='block_1_80' title="bbox 558 4462 2213 4535">
    <p class='ocr_par' dir='ltr' id='par_1_80' title="bbox 558 4462 2213 4535">
     <span class='ocr_line' id='line_1_80' title="bbox 558 4462 2213 4535; baseline -0.001 -15"><span class='ocrx_word' id='word_1_566' title='bbox 558 4464 739 4520; x_wconf 89' lang='lat' dir='ltr'>verba</span> <span class='ocrx_word' id='word_1_567' title='bbox 772 4468 1125 4535; x_wconf 85' lang='lat' dir='ltr'>spectarent.</span> <span class='ocrx_word' id='word_1_568' title='bbox 1162 4468 1435 4519; x_wconf 79' lang='lat' dir='ltr'>Attamen</span> <span class='ocrx_word' id='word_1_569' title='bbox 1471 4479 1541 4518; x_wconf 91' lang='lat' dir='ltr'>ne</span> <span class='ocrx_word' id='word_1_570' title='bbox 1568 4462 1682 4519; x_wconf 88' lang='lat' dir='ltr'>hoc</span> <span class='ocrx_word' id='word_1_571' title='bbox 1723 4463 1967 4534; x_wconf 88' lang='lat' dir='ltr'>quidem</span> <span class='ocrx_word' id='word_1_572' title='bbox 1999 4464 2166 4519; x_wconf 90' lang='lat' dir='ltr'>dicas</span> <span class='ocrx_word' id='word_1_573' title='bbox 2200 4479 2213 4518; x_wconf 88' lang='lat'><strong>:</strong></span> 
     </span>
    </p>
   </div>
   <div class='ocr_carea' id='block_1_81' title="bbox 555 4550 2218 4623">
    <p class='ocr_par' dir='ltr' id='par_1_81' title="bbox 555 4550 2218 4623">
     <span class='ocr_line' id='line_1_81' title="bbox 555 4550 2218 4623; baseline 0.001 -16"><span class='ocrx_word' id='word_1_574' title='bbox 555 4553 935 4623; x_wconf 87' lang='lat' dir='ltr'>perspicuum</span> <span class='ocrx_word' id='word_1_575' title='bbox 967 4550 1296 4623; x_wconf 90' lang='lat' dir='ltr'>quemdam</span> <span class='ocrx_word' id='word_1_576' title='bbox 1328 4567 1431 4606; x_wconf 92' lang='lat' dir='ltr'>eos</span> <span class='ocrx_word' id='word_1_577' title='bbox 1460 4551 1556 4607; x_wconf 91' lang='lat' dir='ltr'>tali</span> <span class='ocrx_word' id='word_1_578' title='bbox 1588 4558 1825 4623; x_wconf 89' lang='lat' dir='ltr'>torpore</span> <span class='ocrx_word' id='word_1_579' title='bbox 1856 4552 2122 4607; x_wconf 74' lang='lat' dir='ltr'>affecisse</span> <span class='ocrx_word' id='word_1_580' title='bbox 2156 4557 2218 4608; x_wconf 90' lang='lat' dir='ltr'>ut</span> 
     </span>
    </p>
   </div>
   <div class='ocr_carea' id='block_1_82' title="bbox 2339 3484 3880 3554">
    <p class='ocr_par' dir='ltr' id='par_1_82' title="bbox 2339 3484 3880 3554">
     <span class='ocr_line' id='line_1_82' title="bbox 2339 3484 3880 3554; baseline 0.001 -16"><span class='ocrx_word' id='word_1_581' title='bbox 2339 3487 2517 3551; x_wconf 83' lang='grc' dir='ltr'>εἰπεῖν,</span> <span class='ocrx_word' id='word_1_582' title='bbox 2547 3490 2718 3548; x_wconf 88' lang='grc' dir='ltr'>ῖσασι,</span> <span class='ocrx_word' id='word_1_583' title='bbox 2761 3493 2849 3539; x_wconf 80' lang='grc' dir='ltr'>καὶ</span> <span class='ocrx_word' id='word_1_584' title='bbox 2882 3484 2975 3540; x_wconf 79' lang='grc' dir='ltr'>διὰ</span> <span class='ocrx_word' id='word_1_585' title='bbox 3006 3491 3182 3548; x_wconf 89' lang='grc' dir='ltr'>πάσης</span> <span class='ocrx_word' id='word_1_586' title='bbox 3228 3488 3437 3550; x_wconf 79' lang='grc' dir='ltr'>ἡλικίας</span> <span class='ocrx_word' id='word_1_587' title='bbox 3468 3490 3747 3542; x_wconf 76' lang='grc' dir='ltr'>διατελοῦσι</span> <span class='ocrx_word' id='word_1_588' title='bbox 3780 3485 3880 3554; x_wconf 60' lang='grc' dir='ltr'>ψαλ-</span> 
     </span>
    </p>
   </div>
   <div class='ocr_carea' id='block_1_83' title="bbox 2336 3573 3879 3654">
    <p class='ocr_par' dir='ltr' id='par_1_83' title="bbox 2336 3573 3879 3654">
     <span class='ocr_line' id='line_1_83' title="bbox 2336 3573 3879 3654; baseline -0.001 -28"><span class='ocrx_word' id='word_1_589' title='bbox 2336 3574 2521 3639; x_wconf 87' lang='grc' dir='ltr'>λοντες,</span> <span class='ocrx_word' id='word_1_590' title='bbox 2562 3581 2656 3634; x_wconf 78' lang='grc' dir='ltr'>τὴν</span> <span class='ocrx_word' id='word_1_591' title='bbox 2711 3574 2770 3628; x_wconf 70' lang='grc' dir='ltr'>δὲ</span> <span class='ocrx_word' id='word_1_592' title='bbox 2814 3573 3050 3628; x_wconf 80' lang='grc' dir='ltr'>διάνοιαν</span> <span class='ocrx_word' id='word_1_593' title='bbox 3080 3576 3221 3629; x_wconf 79' lang='grc' dir='ltr'>ἐνίων</span> <span class='ocrx_word' id='word_1_594' title='bbox 3272 3587 3369 3629; x_wconf 83' lang='grc' dir='ltr'>τῶν</span> <span class='ocrx_word' id='word_1_595' title='bbox 3403 3580 3672 3654; x_wconf 78' lang='grc' dir='ltr'>εἰρημένων</span> <span class='ocrx_word' id='word_1_596' title='bbox 3718 3576 3879 3647; x_wconf 72' lang='grc' dir='ltr'>ἀγνοοῦ-</span> 
     </span>
    </p>
   </div>
   <div class='ocr_carea' id='block_1_84' title="bbox 2341 3664 3880 3739">
    <p class='ocr_par' dir='ltr' id='par_1_84' title="bbox 2341 3664 3880 3739">
     <span class='ocr_line' id='line_1_84' title="bbox 2341 3664 3880 3739; baseline -0.001 -24"><span class='ocrx_word' id='word_1_597' title='bbox 2341 3682 2439 3715; x_wconf 83' lang='grc' dir='ltr'>σιν·</span> <span class='ocrx_word' id='word_1_598' title='bbox 2501 3666 2622 3737; x_wconf 85' lang='grc' dir='ltr'>ὅπερ</span> <span class='ocrx_word' id='word_1_599' title='bbox 2682 3665 2739 3716; x_wconf 85' lang='grc' dir='ltr'>ού</span> <span class='ocrx_word' id='word_1_600' title='bbox 2785 3670 2970 3738; x_wconf 87' lang='grc' dir='ltr'>μικρὸν</span> <span class='ocrx_word' id='word_1_601' title='bbox 3022 3667 3095 3728; x_wconf 83' lang='grc' dir='ltr'>εἰς</span> <span class='ocrx_word' id='word_1_602' title='bbox 3148 3674 3479 3739; x_wconf 72' lang='grc' dir='ltr'>κατηγορίας</span> <span class='ocrx_word' id='word_1_603' title='bbox 3514 3668 3674 3739; x_wconf 78' lang='grc' dir='ltr'>λόγον·</span> <span class='ocrx_word' id='word_1_604' title='bbox 3718 3664 3880 3737; x_wconf 64' lang='grc' dir='ltr'>ψάλλειν</span> 
     </span>
    </p>
   </div>
   <div class='ocr_carea' id='block_1_85' title="bbox 2336 3751 3876 3827">
    <p class='ocr_par' dir='ltr' id='par_1_85' title="bbox 2336 3751 3876 3827">
     <span class='ocr_line' id='line_1_85' title="bbox 2336 3751 3876 3827; baseline -0.003 -21"><span class='ocrx_word' id='word_1_605' title='bbox 2336 3757 2424 3824; x_wconf 70' lang='grc' dir='ltr'>μὲν</span> <span class='ocrx_word' id='word_1_606' title='bbox 2478 3752 2594 3805; x_wconf 83' lang='grc' dir='ltr'>καθ’</span> <span class='ocrx_word' id='word_1_607' title='bbox 2656 3756 2873 3827; x_wconf 79' lang='grc' dir='ltr'>ἡμέραν,</span> <span class='ocrx_word' id='word_1_608' title='bbox 2923 3751 3054 3826; x_wconf 81' lang='grc' dir='ltr'>μηδ’</span> <span class='ocrx_word' id='word_1_609' title='bbox 3113 3756 3255 3818; x_wconf 79' lang='grc' dir='ltr'>ἅπαξ</span> <span class='ocrx_word' id='word_1_610' title='bbox 3294 3754 3345 3808; x_wconf 76' lang='grc' dir='ltr'>δ’</span> <span class='ocrx_word' id='word_1_611' title='bbox 3397 3757 3709 3818; x_wconf 70' lang='grc' dir='ltr'>ἐπιζητῆσαι</span> <span class='ocrx_word' id='word_1_612' title='bbox 3743 3754 3876 3826; x_wconf 68' lang='grc' dir='ltr'>μαθεῖν</span> 
     </span>
    </p>
   </div>
   <div class='ocr_carea' id='block_1_86' title="bbox 2334 3844 3881 3920">
    <p class='ocr_par' dir='ltr' id='par_1_86' title="bbox 2334 3844 3881 3920">
     <span class='ocr_line' id='line_1_86' title="bbox 2334 3844 3881 3920; baseline 0.001 -26"><span class='ocrx_word' id='word_1_613' title='bbox 2334 3847 2419 3894; x_wconf 82' lang='grc' dir='ltr'>τόν</span> <span class='ocrx_word' id='word_1_614' title='bbox 2486 3850 2601 3895; x_wconf 86' lang='grc' dir='ltr'>νοῦν</span> <span class='ocrx_word' id='word_1_615' title='bbox 2661 3853 2758 3896; x_wconf 86' lang='grc' dir='ltr'>τῶν</span> <span class='ocrx_word' id='word_1_616' title='bbox 2817 3844 3169 3917; x_wconf 72' lang='grc' dir='ltr'>ψαλλομένωνο</span> <span class='ocrx_word' id='word_1_617' title='bbox 3231 3853 3321 3899; x_wconf 84' lang='grc' dir='ltr'>καὶ</span> <span class='ocrx_word' id='word_1_618' title='bbox 3406 3851 3511 3920; x_wconf 80' lang='grc' dir='ltr'>γὰρ</span> <span class='ocrx_word' id='word_1_619' title='bbox 3589 3849 3778 3904; x_wconf 80' lang='grc' dir='ltr'>νωθείας</span> <span class='ocrx_word' id='word_1_620' title='bbox 3817 3847 3881 3891; x_wconf 65' lang='grc' dir='ltr'>καὶ</span> 
     </span>
    </p>
   </div>
   <div class='ocr_carea' id='block_1_87' title="bbox 2332 3931 3880 4006">
    <p class='ocr_par' dir='ltr' id='par_1_87' title="bbox 2332 3931 3880 4006">
     <span class='ocr_line' id='line_1_87' title="bbox 2332 3931 3880 4006; baseline -0.001 -21"><span class='ocrx_word' id='word_1_621' title='bbox 2332 3938 2659 4004; x_wconf 83' lang='grc' dir='ltr'>χαυνότητος</span> <span class='ocrx_word' id='word_1_622' title='bbox 2729 3932 2985 4005; x_wconf 73' lang='grc' dir='ltr'>ἕσχάτης,</span> <span class='ocrx_word' id='word_1_623' title='bbox 3048 3931 3141 3986; x_wconf 80' lang='grc' dir='ltr'>διὰ</span> <span class='ocrx_word' id='word_1_624' title='bbox 3192 3940 3384 3996; x_wconf 84' lang='grc' dir='ltr'>παντὸς</span> <span class='ocrx_word' id='word_1_625' title='bbox 3447 3942 3534 3989; x_wconf 82' lang='grc' dir='ltr'>τὸν</span> <span class='ocrx_word' id='word_1_626' title='bbox 3588 3936 3770 4006; x_wconf 65' lang='grc' dir='ltr'>ψαλμὸν</span> <span class='ocrx_word' id='word_1_627' title='bbox 3818 3932 3880 3979; x_wconf 69' lang='grc' dir='ltr'>καὶ</span> 
     </span>
    </p>
   </div>
   <div class='ocr_carea' id='block_1_88' title="bbox 2333 4021 3882 4099">
    <p class='ocr_par' dir='ltr' id='par_1_88' title="bbox 2333 4021 3882 4099">
     <span class='ocr_line' id='line_1_88' title="bbox 2333 4021 3882 4099; baseline 0.003 -26"><span class='ocrx_word' id='word_1_628' title='bbox 2333 4021 2389 4073; x_wconf 78' lang='grc' dir='ltr'>ἐκ</span> <span class='ocrx_word' id='word_1_629' title='bbox 2450 4030 2656 4093; x_wconf 79' lang='grc' dir='ltr'>πρώτης</span> <span class='ocrx_word' id='word_1_630' title='bbox 2709 4023 2919 4086; x_wconf 79' lang='grc' dir='ltr'>ἡλικίας</span> <span class='ocrx_word' id='word_1_631' title='bbox 2984 4024 3058 4085; x_wconf 87' lang='grc' dir='ltr'>εἰς</span> <span class='ocrx_word' id='word_1_632' title='bbox 3104 4028 3332 4096; x_wconf 82' lang='grc' dir='ltr'>ἔσχατον</span> <span class='ocrx_word' id='word_1_633' title='bbox 3404 4036 3573 4099; x_wconf 83' lang='grc' dir='ltr'>γῆρας</span> <span class='ocrx_word' id='word_1_634' title='bbox 3627 4025 3882 4095; x_wconf 73' lang='grc' dir='ltr'>μελετῶντας</span> 
     </span>
    </p>
   </div>
   <div class='ocr_carea' id='block_1_89' title="bbox 2333 4106 3877 4189">
    <p class='ocr_par' dir='ltr' id='par_1_89' title="bbox 2333 4106 3877 4189">
     <span class='ocr_line' id='line_1_89' title="bbox 2333 4106 3877 4189; baseline 0.003 -27"><span class='ocrx_word' id='word_1_635' title='bbox 2333 4106 2604 4177; x_wconf 76' lang='grc' dir='ltr'>διατελεῖν,</span> <span class='ocrx_word' id='word_1_636' title='bbox 2659 4114 2725 4164; x_wconf 78' lang='grc' dir='ltr'>τὰ</span> <span class='ocrx_word' id='word_1_637' title='bbox 2774 4113 2987 4186; x_wconf 79' lang='grc' dir='ltr'>ῥήματα</span> <span class='ocrx_word' id='word_1_638' title='bbox 3035 4120 3188 4185; x_wconf 90' lang='grc' dir='ltr'>μόνον</span> <span class='ocrx_word' id='word_1_639' title='bbox 3234 4112 3443 4177; x_wconf 83' lang='grc' dir='ltr'>εἰδότας</span> <span class='ocrx_word' id='word_1_640' title='bbox 3481 4119 3647 4189; x_wconf 79' lang='grc' dir='ltr'>ἔρημα</span> <span class='ocrx_word' id='word_1_641' title='bbox 3675 4111 3877 4167; x_wconf 60' lang='grc' dir='ltr'>διανοίας⁸</span> 
     </span>
    </p>
   </div>
   <div class='ocr_carea' id='block_1_90' title="bbox 2329 4202 3882 4275">
    <p class='ocr_par' dir='ltr' id='par_1_90' title="bbox 2329 4202 3882 4275">
     <span class='ocr_line' id='line_1_90' title="bbox 2329 4202 3882 4275; baseline 0.006 -25"><span class='ocrx_word' id='word_1_642' title='bbox 2329 4205 2418 4251; x_wconf 87' lang='grc' dir='ltr'>καὶ</span> <span class='ocrx_word' id='word_1_643' title='bbox 2498 4202 2910 4272; x_wconf 84' lang='grc' dir='ltr'>παρακαθῆσθαι</span> <span class='ocrx_word' id='word_1_644' title='bbox 2994 4204 3242 4275; x_wconf 79' lang='grc' dir='ltr'>θησαυρῷ</span> <span class='ocrx_word' id='word_1_645' title='bbox 3330 4208 3761 4275; x_wconf 72' lang='grc' dir='ltr'>συνεσκιασμένῳ.</span> <span class='ocrx_word' id='word_1_646' title='bbox 3819 4218 3882 4248; x_wconf 64' lang='grc' dir='ltr'>καί</span> 
     </span>
    </p>
   </div>
   <div class='ocr_carea' id='block_1_91' title="bbox 2332 4286 3881 4365">
    <p class='ocr_par' dir='ltr' id='par_1_91' title="bbox 2332 4286 3881 4365">
     <span class='ocr_line' id='line_1_91' title="bbox 2332 4286 3881 4365; baseline 0.001 -26"><span class='ocrx_word' id='word_1_647' title='bbox 2332 4286 2610 4359; x_wconf 81' lang='grc' dir='ltr'>βαλάντιον</span> <span class='ocrx_word' id='word_1_648' title='bbox 2669 4295 2957 4364; x_wconf 72' lang='grc' dir='ltr'>περιφέρειν</span> <span class='ocrx_word' id='word_1_649' title='bbox 3016 4290 3453 4365; x_wconf 79' lang='grc' dir='ltr'>ἔσφραγισμένον·</span> <span class='ocrx_word' id='word_1_650' title='bbox 3518 4300 3606 4345; x_wconf 75' lang='grc' dir='ltr'>καί</span> <span class='ocrx_word' id='word_1_651' title='bbox 3661 4288 3769 4343; x_wconf 67' lang='grc' dir='ltr'>οὐδὲ</span> <span class='ocrx_word' id='word_1_652' title='bbox 3810 4289 3881 4336; x_wconf 59' lang='grc' dir='ltr'>ὑπὸ</span> 
     </span>
    </p>
   </div>
   <div class='ocr_carea' id='block_1_92' title="bbox 2326 4376 3881 4454">
    <p class='ocr_par' dir='ltr' id='par_1_92' title="bbox 2326 4376 3881 4454">
     <span class='ocr_line' id='line_1_92' title="bbox 2326 4376 3881 4454; baseline -0.001 -25"><span class='ocrx_word' id='word_1_653' title='bbox 2326 4376 2833 4451; x_wconf 79' lang='grc' dir='ltr'>πολυπραγμοσύνης</span> <span class='ocrx_word' id='word_1_654' title='bbox 2910 4380 3219 4453; x_wconf 81' lang='grc' dir='ltr'>παρωξύνθη</span> <span class='ocrx_word' id='word_1_655' title='bbox 3295 4401 3375 4441; x_wconf 87' lang='grc' dir='ltr'>τις</span> <span class='ocrx_word' id='word_1_656' title='bbox 3438 4385 3641 4454; x_wconf 81' lang='grc' dir='ltr'>μαθεῖν,</span> <span class='ocrx_word' id='word_1_657' title='bbox 3689 4384 3734 4431; x_wconf 90' lang='grc' dir='ltr'>τί</span> <span class='ocrx_word' id='word_1_658' title='bbox 3792 4376 3881 4429; x_wconf 76' lang='grc' dir='ltr'>ποτέ</span> 
     </span>
    </p>
   </div>
   <div class='ocr_carea' id='block_1_93' title="bbox 2327 4466 3877 4541">
    <p class='ocr_par' dir='ltr' id='par_1_93' title="bbox 2327 4466 3877 4541">
     <span class='ocr_line' id='line_1_93' title="bbox 2327 4466 3877 4541; baseline 0.001 -23"><span class='ocrx_word' id='word_1_659' title='bbox 2327 4466 2439 4519; x_wconf 75' lang='grc' dir='ltr'>ἔστι</span> <span class='ocrx_word' id='word_1_660' title='bbox 2487 4472 2544 4519; x_wconf 92' lang='grc' dir='ltr'>τὸ</span> <span class='ocrx_word' id='word_1_661' title='bbox 2573 4468 2868 4541; x_wconf 57' lang='grc' dir='ltr'>λεγόμενον</span> <span class='ocrx_word' id='word_1_662' title='bbox 2906 4475 3083 4522; x_wconf 88' lang='grc' dir='ltr'>καίτοι</span> <span class='ocrx_word' id='word_1_663' title='bbox 3122 4490 3179 4541; x_wconf 90' lang='grc' dir='ltr'>γε</span> <span class='ocrx_word' id='word_1_664' title='bbox 3211 4468 3334 4523; x_wconf 67' lang='grc' dir='ltr'>οὐδὲ</span> <span class='ocrx_word' id='word_1_665' title='bbox 3381 4471 3546 4524; x_wconf 80' lang='grc' dir='ltr'>ἐκεῖνο</span> <span class='ocrx_word' id='word_1_666' title='bbox 3577 4475 3709 4523; x_wconf 72' lang='grc' dir='ltr'>ἔστιν</span> <span class='ocrx_word' id='word_1_667' title='bbox 3742 4468 3877 4519; x_wconf 66' lang='grc' dir='ltr'>εἰπεῖν.</span> 
     </span>
    </p>
   </div>
   <div class='ocr_carea' id='block_1_94' title="bbox 2326 4553 3879 4632">
    <p class='ocr_par' dir='ltr' id='par_1_94' title="bbox 2326 4553 3879 4632">
     <span class='ocr_line' id='line_1_94' title="bbox 2326 4553 3879 4632; baseline -0.002 -24"><span class='ocrx_word' id='word_1_668' title='bbox 2326 4557 2405 4609; x_wconf 86' lang='grc' dir='ltr'>ὅτι</span> <span class='ocrx_word' id='word_1_669' title='bbox 2462 4562 2628 4629; x_wconf 85' lang='grc' dir='ltr'>σαφής</span> <span class='ocrx_word' id='word_1_670' title='bbox 2676 4577 2756 4619; x_wconf 87' lang='grc' dir='ltr'>τις</span> <span class='ocrx_word' id='word_1_671' title='bbox 2804 4563 2871 4610; x_wconf 85' lang='grc' dir='ltr'>ὥν</span> <span class='ocrx_word' id='word_1_672' title='bbox 2922 4561 3117 4620; x_wconf 86' lang='grc' dir='ltr'>πάντας</span> <span class='ocrx_word' id='word_1_673' title='bbox 3165 4560 3233 4621; x_wconf 82' lang='grc' dir='ltr'>εἰς</span> <span class='ocrx_word' id='word_1_674' title='bbox 3286 4563 3445 4613; x_wconf 82' lang='grc' dir='ltr'>ῦπνον</span> <span class='ocrx_word' id='word_1_675' title='bbox 3497 4563 3676 4632; x_wconf 72' lang='grc' dir='ltr'>ᾖγαγε’</span> <span class='ocrx_word' id='word_1_676' title='bbox 3718 4553 3879 4610; x_wconf 57' lang='grc' dir='ltr'>καὶούκ</span> 
     </span>
    </p>
   </div>
   <div class='ocr_carea' id='block_1_95' title="bbox 553 4640 2230 4723">
    <p class='ocr_par' dir='ltr' id='par_1_95' title="bbox 553 4640 2213 4713">
     <span class='ocr_line' id='line_1_95' title="bbox 553 4640 2213 4713; baseline 0 -16"><span class='ocrx_word' id='word_1_677' title='bbox 553 4642 1177 4712; x_wconf 79' lang='lat' dir='ltr'>quaerereomitterent</span> <span class='ocrx_word' id='word_1_678' title='bbox 1224 4641 1386 4712; x_wconf 90' lang='lat' dir='ltr'>quod</span> <span class='ocrx_word' id='word_1_679' title='bbox 1438 4640 1498 4695; x_wconf 90' lang='lat' dir='ltr'>in</span> <span class='ocrx_word' id='word_1_680' title='bbox 1552 4647 1836 4713; x_wconf 90' lang='lat' dir='ltr'>promptu</span> <span class='ocrx_word' id='word_1_681' title='bbox 1881 4647 2037 4697; x_wconf 89' lang='lat' dir='ltr'>esset</span> <span class='ocrx_word' id='word_1_682' title='bbox 2076 4658 2213 4697; x_wconf 89' lang='lat' dir='ltr'>cum</span> 
     </span>
    </p>
   </div>
   <div class='ocr_carea' id='block_1_96' title="bbox 2333 4640 3878 4723">
    <p class='ocr_par' dir='ltr' id='par_1_96' title="bbox 2333 4642 3878 4723">
     <span class='ocr_line' id='line_1_96' title="bbox 2333 4642 3878 4723; baseline -0.006 -19"><span class='ocrx_word' id='word_1_683' title='bbox 2333 4642 2489 4715; x_wconf 58' lang='grc' dir='ltr'>ἀφῆκε</span> <span class='ocrx_word' id='word_1_684' title='bbox 2515 4646 2747 4706; x_wconf 78' lang='grc' dir='ltr'>ζητῆσαι</span> <span class='ocrx_word' id='word_1_685' title='bbox 2795 4652 2852 4700; x_wconf 89' lang='grc' dir='ltr'>τὸ</span> <span class='ocrx_word' id='word_1_686' title='bbox 2884 4654 3179 4723; x_wconf 87' lang='grc' dir='ltr'>προχείρως</span> <span class='ocrx_word' id='word_1_687' title='bbox 3208 4654 3458 4721; x_wconf 58' lang='grc' dir='ltr'>κείμενον</span> <span class='ocrx_word' id='word_1_688' title='bbox 3514 4657 3602 4703; x_wconf 80' lang='grc' dir='ltr'>καὶ</span> <span class='ocrx_word' id='word_1_689' title='bbox 3652 4652 3740 4722; x_wconf 83' lang='grc' dir='ltr'>γάρ</span> <span class='ocrx_word' id='word_1_690' title='bbox 3774 4651 3878 4697; x_wconf 66' lang='grc' dir='ltr'>ἐστιν</span> 
     </span>
    </p>
   </div>
   <div class='ocr_carea' id='block_1_97' title="bbox 552 4729 2210 4803">
    <p class='ocr_par' dir='ltr' id='par_1_97' title="bbox 552 4729 2210 4803">
     <span class='ocr_line' id='line_1_97' title="bbox 552 4729 2210 4803; baseline 0.001 -19"><span class='ocrx_word' id='word_1_691' title='bbox 552 4730 891 4803; x_wconf 83' lang='lat' dir='ltr'>inexplicito</span> <span class='ocrx_word' id='word_1_692' title='bbox 924 4731 1007 4785; x_wconf 87' lang='lat' dir='ltr'>vir</span> <span class='ocrx_word' id='word_1_693' title='bbox 1025 4746 1301 4786; x_wconf 89' lang='lat' dir='ltr'>sermone</span> <span class='ocrx_word' id='word_1_694' title='bbox 1325 4729 1397 4786; x_wconf 90' lang='lat' dir='ltr'>sit</span> <span class='ocrx_word' id='word_1_695' title='bbox 1416 4729 1670 4786; x_wconf 90' lang='lat' dir='ltr'>idoneus</span> <span class='ocrx_word' id='word_1_696' title='bbox 1689 4730 1892 4786; x_wconf 88' lang='lat' dir='ltr'>leviter</span> <span class='ocrx_word' id='word_1_697' title='bbox 1908 4730 2210 4787; x_wconf 86' lang='lat' dir='ltr'>dormien-</span> 
     </span>
    </p>
   </div>
   <div class='ocr_carea' id='block_1_98' title="bbox 551 4819 2216 4893">
    <p class='ocr_par' dir='ltr' id='par_1_98' title="bbox 551 4819 2216 4893">
     <span class='ocr_line' id='line_1_98' title="bbox 551 4819 2216 4893; baseline 0.002 -18"><span class='ocrx_word' id='word_1_698' title='bbox 551 4819 710 4877; x_wconf 88' lang='lat' dir='ltr'>tibus</span> <span class='ocrx_word' id='word_1_699' title='bbox 750 4820 1094 4885; x_wconf 85' lang='lat' dir='ltr'>excitandis,</span> <span class='ocrx_word' id='word_1_700' title='bbox 1130 4835 1236 4876; x_wconf 89' lang='lat' dir='ltr'>nec</span> <span class='ocrx_word' id='word_1_701' title='bbox 1264 4820 1412 4877; x_wconf 89' lang='lat' dir='ltr'>alios</span> <span class='ocrx_word' id='word_1_702' title='bbox 1448 4819 1661 4876; x_wconf 84' lang='lat' dir='ltr'>excitet</span> <span class='ocrx_word' id='word_1_703' title='bbox 1690 4835 1877 4893; x_wconf 90' lang='lat' dir='ltr'>quam</span> <span class='ocrx_word' id='word_1_704' title='bbox 1926 4821 2030 4893; x_wconf 87' lang='lat' dir='ltr'>qui</span> <span class='ocrx_word' id='word_1_705' title='bbox 2078 4820 2216 4878; x_wconf 87' lang='lat' dir='ltr'>dor-</span> 
     </span>
    </p>
   </div>
   <div class='ocr_carea' id='block_1_99' title="bbox 553 4910 765 4966">
    <p class='ocr_par' dir='ltr' id='par_1_99' title="bbox 553 4910 765 4966">
     <span class='ocr_line' id='line_1_99' title="bbox 553 4910 765 4966; baseline 0.005 -1"><span class='ocrx_word' id='word_1_706' title='bbox 553 4910 765 4966; x_wconf 86' lang='lat' dir='ltr'>miunt.</span> 
     </span>
    </p>
   </div>
   <div class='ocr_carea' id='block_1_100' title="bbox 555 5034 2218 5111">
    <p class='ocr_par' dir='ltr' id='par_1_100' title="bbox 555 5034 2218 5111">
     <span class='ocr_line' id='line_1_100' title="bbox 555 5034 2218 5111; baseline 0.003 -23"><span class='ocrx_word' id='word_1_707' title='bbox 555 5034 878 5097; x_wconf 66' lang='lat' dir='ltr'>QUAESTIO</span> <span class='ocrx_word' id='word_1_708' title='bbox 912 5034 1111 5091; x_wconf 74' lang='lat' dir='ltr'>ccxcr</span> <span class='ocrx_word' id='word_1_709' title='bbox 1168 5034 1373 5107; x_wconf 77' lang='lat' dir='ltr'>[CoisL</span> <span class='ocrx_word' id='word_1_710' title='bbox 1424 5035 1642 5093; x_wconf 80' lang='lat' dir='ltr'>cecw.</span> <span class='ocrx_word' id='word_1_711' title='bbox 1686 5038 1871 5093; x_wconf 82' lang='lat' dir='ltr'>Taur.</span> <span class='ocrx_word' id='word_1_712' title='bbox 1921 5034 2218 5111; x_wconf 77' lang='lat' dir='ltr'>coxam].</span> 
     </span>
    </p>
   </div>
   <div class='ocr_carea' id='block_1_101' title="bbox 556 5122 2225 5192">
    <p class='ocr_par' dir='ltr' id='par_1_101' title="bbox 556 5122 2225 5192">
     <span class='ocr_line' id='line_1_101' title="bbox 556 5122 2225 5192; baseline 0.005 -17"><span class='ocrx_word' id='word_1_713' title='bbox 556 5142 583 5173; x_wconf 82' lang='lat'><strong>«</strong></span> <span class='ocrx_word' id='word_1_714' title='bbox 636 5122 781 5178; x_wconf 87' lang='lat' dir='ltr'>Voce</span> <span class='ocrx_word' id='word_1_715' title='bbox 818 5138 946 5178; x_wconf 87' lang='lat' dir='ltr'>mea</span> <span class='ocrx_word' id='word_1_716' title='bbox 976 5125 1056 5178; x_wconf 80' lang='lat' dir='ltr'>ad</span> <span class='ocrx_word' id='word_1_717' title='bbox 1099 5128 1414 5182; x_wconf 77' lang='lat' dir='ltr'>Dominum</span> <span class='ocrx_word' id='word_1_718' title='bbox 1448 5128 1726 5192; x_wconf 78' lang='lat' dir='ltr'>clamavi,</span> <span class='ocrx_word' id='word_1_719' title='bbox 1776 5142 1913 5183; x_wconf 88' lang='lat' dir='ltr'>voce</span> <span class='ocrx_word' id='word_1_720' title='bbox 1951 5143 2079 5184; x_wconf 90' lang='lat' dir='ltr'>mea</span> <span class='ocrx_word' id='word_1_721' title='bbox 2115 5128 2225 5183; x_wconf 86' lang='lat' dir='ltr'>Do-</span> 
     </span>
    </p>
   </div>
   <div class='ocr_carea' id='block_1_102' title="bbox 968 5197 1813 5268">
    <p class='ocr_par' dir='ltr' id='par_1_102' title="bbox 968 5197 1813 5268">
     <span class='ocr_line' id='line_1_102' title="bbox 968 5197 1813 5268; baseline 0 -19"><span class='ocrx_word' id='word_1_722' title='bbox 968 5197 1191 5253; x_wconf 79' lang='lat' dir='ltr'>minum</span> <span class='ocrx_word' id='word_1_723' title='bbox 1223 5199 1574 5268; x_wconf 82' lang='lat' dir='ltr'>deprecatus</span> <span class='ocrx_word' id='word_1_724' title='bbox 1603 5215 1753 5254; x_wconf 88' lang='lat' dir='ltr'>sum.</span> <span class='ocrx_word' id='word_1_725' title='bbox 1785 5218 1813 5250; x_wconf 91' lang='lat'><strong>»</strong></span> 
     </span>
    </p>
   </div>
   <div class='ocr_carea' id='block_1_103' title="bbox 2324 4733 3873 4815">
    <p class='ocr_par' dir='ltr' id='par_1_103' title="bbox 2324 4733 3873 4815">
     <span class='ocr_line' id='line_1_103' title="bbox 2324 4733 3873 4815; baseline 0.001 -29"><span class='ocrx_word' id='word_1_726' title='bbox 2324 4733 2532 4806; x_wconf 83' lang='grc' dir='ltr'>ἀσαφὴς</span> <span class='ocrx_word' id='word_1_727' title='bbox 2559 4742 2645 4788; x_wconf 79' lang='grc' dir='ltr'>καὶ</span> <span class='ocrx_word' id='word_1_728' title='bbox 2681 4739 2848 4799; x_wconf 78' lang='grc' dir='ltr'>ἱκανὸς</span> <span class='ocrx_word' id='word_1_729' title='bbox 2874 4733 3129 4813; x_wconf 83' lang='grc' dir='ltr'>διεγεῖραι</span> <span class='ocrx_word' id='word_1_730' title='bbox 3144 4742 3230 4791; x_wconf 90' lang='grc' dir='ltr'>τὸν</span> <span class='ocrx_word' id='word_1_731' title='bbox 3259 4744 3330 4812; x_wconf 81' lang='grc' dir='ltr'>μὴ</span> <span class='ocrx_word' id='word_1_732' title='bbox 3350 4737 3567 4815; x_wconf 84' lang='grc' dir='ltr'>σφόδρα</span> <span class='ocrx_word' id='word_1_733' title='bbox 3589 4733 3873 4798; x_wconf 58' lang='grc' dir='ltr'>καθεύδοντι,</span> 
     </span>
    </p>
   </div>
   <div class='ocr_carea' id='block_1_104' title="bbox 2322 4821 3197 4895">
    <p class='ocr_par' dir='ltr' id='par_1_104' title="bbox 2322 4821 3197 4895">
     <span class='ocr_line' id='line_1_104' title="bbox 2322 4821 3197 4895; baseline 0.01 -20"><span class='ocrx_word' id='word_1_734' title='bbox 2322 4822 2510 4895; x_wconf 85' lang='grc' dir='ltr'>μᾶλλον</span> <span class='ocrx_word' id='word_1_735' title='bbox 2545 4821 2604 4878; x_wconf 66' lang='grc' dir='ltr'>δι</span> <span class='ocrx_word' id='word_1_736' title='bbox 2632 4830 2721 4879; x_wconf 87' lang='grc' dir='ltr'>καὶ</span> <span class='ocrx_word' id='word_1_737' title='bbox 2746 4829 2830 4879; x_wconf 87' lang='grc' dir='ltr'>τὸν</span> <span class='ocrx_word' id='word_1_738' title='bbox 2853 4824 3197 4884; x_wconf 84' lang='grc' dir='ltr'>καθεύδοντα.</span> 
     </span>
    </p>
   </div>
   <div class='ocr_carea' id='block_1_105' title="bbox 2878 5030 3378 5105">
    <p class='ocr_par' dir='ltr' id='par_1_105' title="bbox 2878 5030 3378 5105">
     <span class='ocr_line' id='line_1_105' title="bbox 2878 5030 3378 5105; baseline 0.01 -10"><span class='ocrx_word' id='word_1_739' title='bbox 2878 5049 3188 5098; x_wconf 71' lang='lat' dir='ltr'>ararum:</span> <span class='ocrx_word' id='word_1_740' title='bbox 3230 5030 3378 5105; x_wconf 65' lang='lat' dir='ltr'>25A&#39;.</span> 
     </span>
    </p>
   </div>
   <div class='ocr_carea' id='block_1_106' title="bbox 2333 5134 3878 5210">
    <p class='ocr_par' dir='ltr' id='par_1_106' title="bbox 2333 5134 3878 5210">
     <span class='ocr_line' id='line_1_106' title="bbox 2333 5134 3878 5210; baseline 0.003 -27"><span class='ocrx_word' id='word_1_741' title='bbox 2333 5151 2360 5177; x_wconf 75' lang='grc' dir='ltr'>(ι</span> <span class='ocrx_word' id='word_1_742' title='bbox 2413 5134 2555 5201; x_wconf 75' lang='grc' dir='ltr'>Φωνῇ</span> <span class='ocrx_word' id='word_1_743' title='bbox 2606 5149 2705 5202; x_wconf 90' lang='grc' dir='ltr'>μου</span> <span class='ocrx_word' id='word_1_744' title='bbox 2754 5134 2882 5204; x_wconf 86' lang='grc' dir='ltr'>πρὸς</span> <span class='ocrx_word' id='word_1_745' title='bbox 2929 5135 3146 5210; x_wconf 59' lang='grc' dir='ltr'>ΚύριονΔ</span> <span class='ocrx_word' id='word_1_746' title='bbox 3166 5134 3435 5207; x_wconf 75' lang='grc' dir='ltr'>ἐκέκραξα,</span> <span class='ocrx_word' id='word_1_747' title='bbox 3493 5144 3630 5210; x_wconf 76' lang='grc' dir='ltr'>φωνῇ</span> <span class='ocrx_word' id='word_1_748' title='bbox 3673 5155 3759 5210; x_wconf 78' lang='grc' dir='ltr'>μον</span> <span class='ocrx_word' id='word_1_749' title='bbox 3783 5134 3878 5205; x_wconf 63' lang='grc' dir='ltr'>πρὶς</span> 
     </span>
    </p>
   </div>
   <div class='ocr_carea' id='block_1_107' title="bbox 2865 5202 3386 5276">
    <p class='ocr_par' dir='ltr' id='par_1_107' title="bbox 2865 5202 3386 5276">
     <span class='ocr_line' id='line_1_107' title="bbox 2865 5202 3386 5276; baseline 0.002 -20"><span class='ocrx_word' id='word_1_750' title='bbox 2865 5202 3053 5276; x_wconf 81' lang='grc' dir='ltr'>Κύριον</span> <span class='ocrx_word' id='word_1_751' title='bbox 3088 5202 3326 5265; x_wconf 73' lang='grc' dir='ltr'>ἐδεήθην.</span> <span class='ocrx_word' id='word_1_752' title='bbox 3366 5229 3386 5257; x_wconf 76' lang='grc' dir='ltr'><strong><em>ι</em></strong></span> 
     </span>
    </p>
   </div>
   <div class='ocr_carea' id='block_1_108' title="bbox 1202 5303 3257 5375">
    <p class='ocr_par' dir='ltr' id='par_1_108' title="bbox 1202 5303 3257 5375">
     <span class='ocr_line' id='line_1_108' title="bbox 1202 5303 3257 5375; baseline 0.005 -24"><span class='ocrx_word' id='word_1_753' title='bbox 1202 5303 1355 5353; x_wconf 86' lang='lat' dir='ltr'>Edita</span> <span class='ocrx_word' id='word_1_754' title='bbox 1383 5317 1415 5354; x_wconf 88' lang='lat' dir='ltr'>a</span> <span class='ocrx_word' id='word_1_755' title='bbox 1444 5306 1576 5354; x_wconf 72' lang='lat' dir='ltr'>Maio</span> <span class='ocrx_word' id='word_1_756' title='bbox 1608 5304 1662 5366; x_wconf 90' lang='grc'>(1.</span> <span class='ocrx_word' id='word_1_757' title='bbox 1695 5318 1740 5355; x_wconf 91' lang='lat' dir='ltr'>c.</span> <span class='ocrx_word' id='word_1_758' title='bbox 1764 5319 1817 5369; x_wconf 93' lang='lat' dir='ltr'>p.</span> <span class='ocrx_word' id='word_1_759' title='bbox 1848 5306 1954 5362; x_wconf 73' lang='lat' dir='ltr'>H7,</span> <span class='ocrx_word' id='word_1_760' title='bbox 1983 5320 2035 5369; x_wconf 89' lang='lat' dir='ltr'>q.</span> <span class='ocrx_word' id='word_1_761' title='bbox 2067 5307 2196 5365; x_wconf 88' lang='lat' dir='ltr'>30l).</span> <span class='ocrx_word' id='word_1_762' title='bbox 2225 5334 2287 5343; x_wconf 91' lang='lat'>—</span> <span class='ocrx_word' id='word_1_763' title='bbox 2314 5308 2370 5356; x_wconf 89' lang='lat' dir='ltr'>In</span> <span class='ocrx_word' id='word_1_764' title='bbox 2404 5305 2535 5357; x_wconf 84' lang='lat' dir='ltr'>Psal.</span> <span class='ocrx_word' id='word_1_765' title='bbox 2568 5320 2728 5364; x_wconf 83' lang='lat' dir='ltr'>CXLI.</span> <span class='ocrx_word' id='word_1_766' title='bbox 2758 5309 2778 5357; x_wconf 89' lang='grc'><strong>1</strong></span> <span class='ocrx_word' id='word_1_767' title='bbox 2819 5308 3017 5371; x_wconf 67' lang='lat' dir='ltr'>(Graece</span> <span class='ocrx_word' id='word_1_768' title='bbox 3049 5314 3257 5375; x_wconf 80' lang='lat' dir='ltr'>CXLII).</span> 
     </span>
    </p>
   </div>
   <div class='ocr_carea' id='block_1_109' title="bbox 621 5413 2217 5487">
    <p class='ocr_par' dir='ltr' id='par_1_109' title="bbox 621 5413 2217 5487">
     <span class='ocr_line' id='line_1_109' title="bbox 621 5413 2217 5487; baseline 0.004 -12"><span class='ocrx_word' id='word_1_769' title='bbox 621 5418 782 5475; x_wconf 90' lang='lat' dir='ltr'>Duas</span> <span class='ocrx_word' id='word_1_770' title='bbox 811 5413 907 5470; x_wconf 90' lang='lat' dir='ltr'>hic</span> <span class='ocrx_word' id='word_1_771' title='bbox 937 5413 1175 5471; x_wconf 86' lang='lat' dir='ltr'>virtutes</span> <span class='ocrx_word' id='word_1_772' title='bbox 1207 5419 1512 5487; x_wconf 89' lang='lat' dir='ltr'>docemur,</span> <span class='ocrx_word' id='word_1_773' title='bbox 1546 5421 1903 5479; x_wconf 86' lang='lat' dir='ltr'>fortitudinis</span> <span class='ocrx_word' id='word_1_774' title='bbox 1937 5430 2217 5481; x_wconf 84' lang='lat' dir='ltr'>constan-</span> 
     </span>
    </p>
   </div>
   <div class='ocr_carea' id='block_1_110' title="bbox 548 5502 2216 5586">
    <p class='ocr_par' dir='ltr' id='par_1_110' title="bbox 548 5502 2216 5586">
     <span class='ocr_line' id='line_1_110' title="bbox 548 5502 2216 5586; baseline 0.004 -20"><span class='ocrx_word' id='word_1_775' title='bbox 548 5508 711 5572; x_wconf 90' lang='lat' dir='ltr'>tiam,</span> <span class='ocrx_word' id='word_1_776' title='bbox 732 5502 1221 5575; x_wconf 84' lang='lat' dir='ltr'>cogitalionisque</span> <span class='ocrx_word' id='word_1_777' title='bbox 1242 5507 1682 5569; x_wconf 86' lang='lat' dir='ltr'>ordinationem</span> <span class='ocrx_word' id='word_1_778' title='bbox 1708 5531 1721 5581; x_wconf 92' lang='lat'><strong>;</strong></span> <span class='ocrx_word' id='word_1_779' title='bbox 1742 5518 2028 5586; x_wconf 72' lang='lat' dir='ltr'>praeterea</span> <span class='ocrx_word' id='word_1_780' title='bbox 2056 5513 2216 5573; x_wconf 88' lang='lat' dir='ltr'>Psal.</span> 
     </span>
    </p>
   </div>
   <div class='ocr_carea' id='block_1_111' title="bbox 548 5591 2211 5669">
    <p class='ocr_par' dir='ltr' id='par_1_111' title="bbox 548 5591 2211 5669">
     <span class='ocr_line' id='line_1_111' title="bbox 548 5591 2211 5669; baseline 0.004 -15"><span class='ocrx_word' id='word_1_781' title='bbox 548 5596 737 5655; x_wconf 74' lang='lat' dir='ltr'>mistm</span> <span class='ocrx_word' id='word_1_782' title='bbox 774 5591 953 5649; x_wconf 87' lang='lat' dir='ltr'>verba</span> <span class='ocrx_word' id='word_1_783' title='bbox 985 5591 1218 5648; x_wconf 88' lang='lat' dir='ltr'>tertium</span> <span class='ocrx_word' id='word_1_784' title='bbox 1258 5594 1422 5653; x_wconf 88' lang='lat' dir='ltr'>aliud</span> <span class='ocrx_word' id='word_1_785' title='bbox 1463 5598 1799 5669; x_wconf 80' lang='lat' dir='ltr'>signiﬁcant</span> <span class='ocrx_word' id='word_1_786' title='bbox 1832 5618 1845 5669; x_wconf 88' lang='lat'>;</span> <span class='ocrx_word' id='word_1_787' title='bbox 1887 5618 2010 5659; x_wconf 92' lang='lat' dir='ltr'>non</span> <span class='ocrx_word' id='word_1_788' title='bbox 2050 5602 2211 5660; x_wconf 91' lang='lat' dir='ltr'>enim</span> 
     </span>
    </p>
   </div>
   <div class='ocr_carea' id='block_1_112' title="bbox 2396 5423 3875 5504">
    <p class='ocr_par' dir='ltr' id='par_1_112' title="bbox 2396 5423 3875 5504">
     <span class='ocr_line' id='line_1_112' title="bbox 2396 5423 3875 5504; baseline 0.002 -27"><span class='ocrx_word' id='word_1_789' title='bbox 2396 5427 2494 5477; x_wconf 91' lang='grc' dir='ltr'>Δύο</span> <span class='ocrx_word' id='word_1_790' title='bbox 2554 5423 2775 5478; x_wconf 75' lang='grc' dir='ltr'>ἐνταῦθα</span> <span class='ocrx_word' id='word_1_791' title='bbox 2834 5425 3020 5501; x_wconf 80' lang='grc' dir='ltr'>ἀρετὰς</span> <span class='ocrx_word' id='word_1_792' title='bbox 3076 5431 3414 5504; x_wconf 79' lang='grc' dir='ltr'>μανθάνομεν,</span> <span class='ocrx_word' id='word_1_793' title='bbox 3504 5437 3563 5485; x_wconf 86' lang='grc' dir='ltr'>τό</span> <span class='ocrx_word' id='word_1_794' title='bbox 3618 5452 3671 5485; x_wconf 83' lang='grc' dir='ltr'>τε</span> <span class='ocrx_word' id='word_1_795' title='bbox 3723 5432 3875 5483; x_wconf 60' lang='grc' dir='ltr'>εὔτονον</span> 
     </span>
    </p>
   </div>
   <div class='ocr_carea' id='block_1_113' title="bbox 2322 5517 3872 5594">
    <p class='ocr_par' dir='ltr' id='par_1_113' title="bbox 2322 5517 3872 5594">
     <span class='ocr_line' id='line_1_113' title="bbox 2322 5517 3872 5594; baseline 0.008 -28"><span class='ocrx_word' id='word_1_796' title='bbox 2322 5522 2414 5575; x_wconf 79' lang='grc' dir='ltr'>τῆς</span> <span class='ocrx_word' id='word_1_797' title='bbox 2468 5517 2782 5588; x_wconf 86' lang='grc' dir='ltr'>προθυμίας,</span> <span class='ocrx_word' id='word_1_798' title='bbox 2843 5521 2897 5569; x_wconf 91' lang='grc' dir='ltr'>τό</span> <span class='ocrx_word' id='word_1_799' title='bbox 2954 5537 3008 5569; x_wconf 89' lang='grc' dir='ltr'>τε</span> <span class='ocrx_word' id='word_1_800' title='bbox 3060 5526 3463 5594; x_wconf 73' lang='grc' dir='ltr'>συντεταγμένον</span> <span class='ocrx_word' id='word_1_801' title='bbox 3524 5530 3620 5585; x_wconf 80' lang='grc' dir='ltr'>τῆς</span> <span class='ocrx_word' id='word_1_802' title='bbox 3670 5518 3872 5578; x_wconf 59' lang='grc' dir='ltr'>διαηὶίές</span> 
     </span>
    </p>
   </div>
   <div class='ocr_carea' id='block_1_114' title="bbox 2320 5605 3869 5681">
    <p class='ocr_par' dir='ltr' id='par_1_114' title="bbox 2320 5605 3869 5681">
     <span class='ocr_line' id='line_1_114' title="bbox 2320 5605 3869 5681; baseline 0.003 -25"><span class='ocrx_word' id='word_1_803' title='bbox 2320 5608 2411 5657; x_wconf 87' lang='grc' dir='ltr'>καὶ</span> <span class='ocrx_word' id='word_1_804' title='bbox 2455 5605 2620 5680; x_wconf 81' lang='grc' dir='ltr'>ἕτερον</span> <span class='ocrx_word' id='word_1_805' title='bbox 2670 5608 2795 5681; x_wconf 88' lang='grc' dir='ltr'>πρὸς</span> <span class='ocrx_word' id='word_1_806' title='bbox 2830 5610 3034 5670; x_wconf 87' lang='grc' dir='ltr'>τούτοις</span> <span class='ocrx_word' id='word_1_807' title='bbox 3084 5612 3141 5663; x_wconf 87' lang='grc' dir='ltr'>τὸ</span> <span class='ocrx_word' id='word_1_808' title='bbox 3190 5610 3349 5665; x_wconf 85' lang='grc' dir='ltr'>αύτοῦ</span> <span class='ocrx_word' id='word_1_809' title='bbox 3396 5608 3530 5665; x_wconf 80' lang='grc' dir='ltr'>εἶναι</span> <span class='ocrx_word' id='word_1_810' title='bbox 3586 5616 3675 5670; x_wconf 74' lang='grc' dir='ltr'>τὴν</span> <span class='ocrx_word' id='word_1_811' title='bbox 3721 5610 3869 5681; x_wconf 66' lang='grc' dir='ltr'>φοίνιξι·</span> 
     </span>
    </p>
   </div>
  </div>
