4076 6202
115 305 250 362 ’1125
995 300 1086 362 AD
1131 299 1667 364 AMPHILOCHIUM
1711 298 2034 374 QUESTIO
2077 302 2573 366 CCXC-CCXCIH.
3328 303 3466 364 H26

118 433 175 484 ού
223 435 322 507 γὰρ
381 434 562 491 πάντες
625 431 741 482 οὗτε
796 439 932 503 φωνῇ
988 431 1203 504 βοῶσιν,
1264 437 1380 486 οὔτε
1437 436 1562 505 πρὸς
1621 436 1708 483 τόν

1862 448 2024 490 mnes
2056 449 2250 507 neque
2277 451 2422 491 voce
2451 434 2726 498 clamant,
2759 444 2954 502 neque
2984 430 3245 501 propria,
3273 448 3472 506 neque

120 525 259 587 Θεὸν,
294 525 410 574 οὔτε
437 529 497 593 τῇ
535 520 702 591 οἰκείᾳ
729 537 740 548 ·
777 517 859 572 δεῖ
893 517 951 572 δὲ
981 521 1186 574 ἅπαντα
1213 530 1378 574 ταῦτα
1411 522 1666 574 συνελθεῖν
1692 539 1704 551 ’

1862 521 1889 576 :l
1936 524 2159 590 Deum;
2192 528 2424 596 Oportet
2451 529 2653 579 tamen
2693 521 2820 576 haec
2858 520 2973 574 tria
3018 535 3138 574 una
3179 521 3327 577 ﬁeri.
3363 523 3472 588 Qui

120 612 145 661 6
174 612 283 662 κατ’
324 607 526 682 ἕχθρῶν
567 606 704 680 βοῶν
748 607 840 660 οὐκ
879 607 1150 681 ἀνθρώπου
1192 615 1358 682 φωνὴν
1401 615 1706 685 προήσεται,

1859 608 2106 666 dversus
2124 612 2326 668 hostes
2351 611 2592 675 clamat,
2609 625 2727 665 non
2747 608 3083 664 humanam
3108 624 3317 674 vocem
3339 625 3469 682 pro-

121 697 245 750 ἀλλά
284 701 466 770 θηρίου
518 701 608 748 καὶ
647 700 805 768 ὄφεως
837 714 848 725 ·
887 699 912 748 6
957 697 1223 772 ῥᾳθυμῶν,
1267 704 1351 751 καὶ
1393 705 1463 772 μὴ
1510 697 1709 750 ἀκούων

1860 697 1943 767 lit,
1975 700 2079 755 sed
2104 699 2242 756 feras
2281 705 2337 756 et
2367 699 2679 771 serpentis.
2727 697 2836 763 Qui
2866 696 3174 768 negligens
3213 702 3318 764 est,
3361 714 3470 755 nec

118 788 183 836 ὧν
220 786 370 857 λέγει,
412 786 471 836 ού
501 789 626 857 πρὸς
669 788 755 836 τόν
798 790 926 838 Θεὸν
958 785 1081 859 βοᾷ,
1115 787 1222 839 ἀλλ’
1273 789 1381 847 εἰκῆ
1415 793 1502 840 καὶ
1540 790 1710 859 μάτην

1863 786 1984 843 udit
2001 788 2150 860 quid
2175 789 2354 859 dicat,
2384 804 2507 845 non
2532 787 2610 844 ad
2637 788 2824 842 Deum
2850 784 3086 852 clamat,
3120 787 3223 843 sed
3253 792 3473 846 temere

119 876 389 946 φθέγγεται
422 891 432 902 ·
464 875 490 924 6
547 878 620 944 μὴ
655 869 924 948 διεγείρων
972 881 1065 934 τὴν
1109 873 1363 943 διάνοιαν,
1412 875 1507 928 κᾶν
1551 878 1711 948 μεγά-

1861 879 1876 930 t
1899 875 2198 934 incassum
2225 877 2510 950 loquitur.
2536 877 2646 942 Qui
2670 891 2793 932 non
2815 875 3232 948 expergefacta
3254 883 3471 950 mente,

116 963 179 1014 λα
207 963 397 1037 κράζη,
427 961 579 1014 πάλιν
609 962 754 1024 οὗτος
788 962 844 1014 οὐ
875 962 978 1036 βοᾷ
1012 982 1021 993 ·
1054 970 1221 1037 φωνὴν
1264 968 1386 1039 γὰρ,
1419 967 1488 1028 ὡς
1525 964 1713 1017 πολλοὶ·

1873 964 1926 1020 si
1977 965 2359 1024 vehementer
2403 965 2778 1034 vociferatur,
2810 980 3016 1020 rursus
3069 964 3165 1022 ille
3195 982 3319 1023 non
3365 967 3483 1024 cla-

117 1071 195 1112 κις
225 1054 378 1124 ἔφθην
427 1051 602 1113 εἰπὼν,
649 1051 710 1103 ού
752 1055 837 1103 τόν
888 1058 1029 1105 τόνον
1084 1054 1220 1127 λέγει
1276 1063 1365 1107 τοῦ
1405 1058 1712 1126 πνεύματος,

1868 1059 1969 1114 tat.
1999 1058 2164 1112 Vocis
2194 1057 2376 1124 enim,
2409 1061 2472 1113 ut
2494 1041 2625 1128 jam
2656 1054 2942 1118 dictitavi,
2995 1070 3118 1112 non
3148 1057 3363 1115 mentis
3396 1062 3478 1115 te-

122 1140 246 1193 ἀλλά
292 1146 386 1200 τὴν
440 1145 852 1213 συντεταγμένην
901 1138 1134 1196 διάνοιαν
1166 1161 1178 1174 ⁶
1237 1143 1345 1196 ἀλλ’
1397 1148 1502 1216 οὐχ
1532 1145 1712 1206 οὕτως.

1869 1159 2030 1201 orem
2067 1145 2310 1213 indicat,
2357 1145 2464 1203 sed
2512 1143 2761 1200 usitatas
2799 1143 2931 1200 terit
2958 1159 3154 1200 voces.
3206 1148 3336 1202 Non
3374 1163 3479 1204 au-

123 1230 250 1284 ἀλλά
274 1233 338 1284 τά
377 1236 499 1306 τρία
534 1239 700 1283 ταῦτα
739 1233 952 1304 συνάγει
981 1249 993 1262 ·
1041 1234 1120 1285 ὅτι
1151 1252 1202 1286 τε
1241 1240 1412 1305 φωνεῖ,
1462 1239 1551 1285 καὶ
1585 1236 1716 1304 πρὸς

1869 1249 1942 1289 ιω
2010 1234 2092 1290 sic
2158 1235 2451 1306 Propheta
2521 1233 2628 1306 qui
2682 1233 2812 1289 haec
2874 1231 2987 1288 tria
3041 1235 3479 1306 complectitur,

121 1324 208 1372 τὸν
238 1325 383 1388 Θεὸν,
428 1326 518 1373 καὶ
553 1328 612 1392 τῇ
670 1319 854 1374 ἑαυτοῦ
901 1329 1036 1395 φωνῇ
1090 1340 1102 1352 θ
1142 1319 1235 1375 διὰ
1283 1331 1435 1376 τοῦτο
1480 1319 1716 1395 δεύτερον

1881 1328 2160 1396 amatque
2191 1323 2271 1380 ad
2301 1325 2507 1388 Deum,
2541 1326 2597 1380 et
2624 1321 2870 1396 propria
2897 1321 3087 1395 ipsius
3124 1339 3308 1390 voce;
3339 1341 3486 1398 qua-

122 1414 252 1482 φησί
289 1425 302 1439 ο
343 1432 369 1459 ι(
402 1415 543 1482 Φωνῇ
585 1429 708 1481 μου,
755 1414 844 1462 καὶ
883 1419 1020 1484 φωνῇ
1052 1430 1175 1485 μου.
1204 1433 1227 1463 ν

1872 1418 2067 1484 ropter
2096 1412 2183 1468 bis
2222 1412 2596 1470 exclamant:
2639 1412 2850 1467 «Voce
2879 1426 3036 1477 mea,
3079 1427 3227 1470 voce
3259 1429 3418 1470 mea.
3456 1434 3482 1465 »

673 1539 983 1587 armum:
1023 1520 1164 1595 258'.
2041 1537 2358 1602 QUESTIO
2398 1535 2614 1594 CCXCII
2645 1531 2853 1608 [CoisL
2895 1535 3078 1592 Taur.
3113 1535 3270 1608 CIV].

258 1626 321 1676 Τί
342 1623 454 1674 ἐστι
484 1624 562 1685 τὸ,
594 1644 621 1670 «ι
651 1622 916 1694 Εύλόγησε
947 1623 1159 1696 Μελχόλ
1187 1628 1274 1677 τὸν
1305 1621 1472 1677 Δαϐίδ
1493 1641 1506 1691 ;
1546 1647 1574 1677 ›)
1829 1626 1868 1694 Q

1883 1626 1985 1682 uid
2014 1627 2206 1683 valeat
2233 1626 2340 1682 hoc
2368 1626 2616 1756 verbibn;
2639 1622 3085 1756 :isyGraluiata
3114 1631 3195 1682 est
3233 1625 3493 1682 Melehol

2621 1713 2652 1755 υ
2791 1718 2820 1748 >>

923 1810 1074 1862 Edita
1107 1824 1137 1860 a
1163 1810 1296 1861 Maio
1326 1812 1382 1874 (l.
1405 1825 1450 1862 c.
1479 1826 1530 1875 p.
1561 1813 1689 1875 148).
1723 1837 1784 1851 —-
1811 1811 2129 1877 Explanatio
2158 1812 2215 1861 in
2246 1812 2289 1861 II
2317 1812 2446 1876 Reg.
2478 1824 2562 1872 VI,
2597 1813 2683 1865 20.

200 1929 266 1979 Τὸ
325 1922 404 1991 δι,
486 1925 750 1999 Εύλόγησε
806 1927 1018 1999 Μελχὸλ
1070 1931 1156 1979 τὸν
1234 1924 1420 1993 Δαϐὶδ,
1474 1926 1722 2000 λαμϐάνει
1760 1929 1804 1982 Β

1906 1931 2034 1984 Haec
2070 1929 2333 1985 Melchol
2360 1929 2675 1999 gratulata
2706 1935 2787 1987 est
2817 1929 3014 1987 David
3049 1927 3233 2002 plana
3263 1932 3399 1985 sunt
3423 1944 3495 1985 ex

123 2018 212 2087 μεν
254 2019 343 2067 καὶ
386 2017 443 2066 εκ
482 2023 578 2076 τῆς
623 2021 1003 2088 προειρημένης
1046 2015 1370 2079 ἀναπτύξεως
1413 2019 1472 2068 τὸ
1522 2021 1680 2089 σαφές
1709 2033 1720 2046 ·

1883 2018 1924 2072 is
1949 2033 2084 2090 quae
2110 2033 2291 2090 supra
2317 2018 2668 2086 docuimus;
2695 2020 2874 2075 verba
2900 2018 3059 2074 enim
3081 2018 3338 2087 despexit
3367 2033 3493 2074 eum

125 2103 236 2156 ἀντὶ
283 2106 380 2177 γὰρ
443 2111 535 2157 τοῦ
590 2101 928 2167 ἐξουδένωσεν
978 2109 1181 2180 εἴρηται
1236 2123 1248 2135 ’
1302 2105 1563 2180 ἀλλότριον
1619 2107 1720 2182 γὰρ

1886 2129 1892 2158 ι
1912 2107 2089 2162 corde
2103 2122 2208 2162 suo
2241 2106 2324 2162 sic
2353 2106 2717 2180 interpretati
2743 2124 2974 2164 sumus.
3003 2106 3210 2162 Mulier
3233 2105 3496 2163 alienum

124 2190 295 2246 ὶδόκει
339 2196 396 2245 τό
443 2196 654 2265 γύναιον
713 2192 997 2266 βασιλικοῦ
1054 2199 1378 2270 φρονήματος
1426 2199 1513 2246 καὶ
1543 2199 1724 2267 ὄγκου,

1916 2195 2080 2265 regia
2130 2196 2416 2266 gravitate
2464 2202 2520 2252 et
2573 2196 2886 2267 majestate
2915 2195 3172 2251 ducebat
3202 2210 3404 2267 regem
3435 2193 3495 2250 in

124 2289 306 2357 χοροῖς
355 2287 444 2334 καὶ
490 2288 845 2357 σκιρτήμασιν
892 2281 1236 2358 ἐνδιατρίϐειν
1285 2303 1296 2315 ’
1327 2281 1437 2336 ἀλλ’
1477 2285 1602 2336 αὐτὸ
1635 2287 1725 2357 μὲν

1886 2284 2028 2339 1oris
2058 2288 2116 2339 et
2139 2283 2554 2342 saltationibus
2593 2286 2838 2343 versari.
2873 2285 2995 2341 Hoc
3034 2285 3234 2356 ipsum
3286 2284 3496 2340 choros

123 2381 276 2425 τοῦτο
303 2376 362 2424 τό
416 2377 655 2446 χορείαις
699 2377 770 2445 μὴ
826 2375 1310 2447 συγκαταφέρεσθαι
1360 2378 1445 2426 τόν
1478 2373 1725 2447 βασιλέα,

1887 2388 1956 2428 an
1986 2373 2191 2428 decere
2233 2389 2455 2444 regem,
2497 2390 2621 2431 non
2659 2375 2999 2431 inconsulto
3031 2373 3338 2444 cogitabat
3374 2372 3497 2430 ﬁlia

125 2461 220 2512 ούκ
272 2461 656 2522 ἀνεπισκέπτως
700 2460 958 2534 ἐλογίζετο
991 2464 1018 2520 ἡ
1068 2471 1160 2515 τοῦ
1193 2463 1354 2516 Σαοὺλ
1387 2465 1718 2538 θυγάτηρ...

1887 2461 2064 2517 aul....
2092 2480 2107 2529 ;
2139 2461 2412 2519 divinum
2451 2480 2593 2520 vero
2637 2463 3002 2520 desiderium
3051 2463 3240 2536 quod,
3283 2467 3497 2534 captus

128 2552 185 2600 τό
218 2546 275 2601 δί
327 2551 458 2602 θεῖον
497 2551 654 2602 πόθον
704 2547 1117 2622 ἐπιδεικνύμενον
1175 2550 1255 2603 ἰπὶ
1304 2559 1547 2604 τοσοῦτον
1599 2551 1728 2603 ἀλῶ-

1885 2566 2041 2606 more
2068 2551 2276 2618 David,
2305 2556 2430 2608 tam
2456 2552 2839 2609 vehementer
2857 2551 3288 2618 declaraverat,
3313 2551 3495 2623 hujus

126 2659 211 2690 ναι
251 2647 320 2708 τῷ
377 2641 527 2713 ἔρωτι
584 2647 673 2690 τοῦ
719 2640 1037 2710 ποθουμένου
1095 2639 1238 2691 ἐνίκα
1283 2648 1377 2702 τῆς
1432 2645 1728 2712 γυναικείας

1886 2639 2100 2696 mlieris
2127 2644 2411 2698 naturam
2437 2647 2493 2697 et
2525 2647 2788 2699 mentem
2818 2641 3145 2715 superabat
3172 2657 3186 2708 ;
3217 2641 3496 2711 ignoran-

129 2731 324 2799 φύσεως
392 2732 485 2785 τὴν
544 2737 735 2799 γνῶσιν
811 2747 824 2760 ο
884 2733 973 2780 καὶ
1027 2727 1314 2799 ἀγνοοῦσαν
1370 2726 1616 2802 διήλεγχε
1663 2733 1728 2782 τά

1894 2745 1953 2784 m
1978 2729 2282 2800 redarguit
2320 2730 2582 2787 fervidus
2623 2731 2864 2790 Davidis
2911 2746 3104 2788 amor.
3155 2733 3409 2787 Docetur
3436 2731 3498 2786 in

128 2821 314 2888 κέντρα
363 2824 452 2869 τοῦ
505 2824 783 2870 Δαυίτικοῦ
828 2820 1013 2872 πόθου.
1073 2817 1505 2891 Ἐπισημαίνεται
1561 2817 1618 2872 δὲ
1668 2823 1726 2872 τό

1887 2817 2021 2874 tcris
2050 2819 2368 2891 Scripturis
2400 2820 2646 2878 Melchol
2667 2837 2984 2894 nunquam
3015 2819 3220 2876 matris
3253 2819 3497 2875 nomine

130 2907 356 2977 Γράμμα
393 2909 450 2958 τό
506 2908 656 2979 ἱερὸν,
716 2909 784 2967 ὡς
830 2911 1004 2980 μήτηρ
1061 2907 1154 2958 οὐκ
1208 2907 1560 2982 ἐχρημάτισεν
1594 2910 1724 2966 αὕτη

1887 2913 2106 2964 acatam
2141 2925 2294 2978 esse,
2337 2909 2542 2981 sicque
2591 2909 2960 2965 nuntiavisse
3007 2924 3131 2981 qua
3159 2907 3497 2964 afﬁceretur

125 2991 370 3060 παιδίου,
425 3004 517 3056 τῆς
572 2994 654 3046 ἐπὶ
728 3004 800 3066 τῷ
857 2993 1024 3048 Δαϐὶδ
1074 2995 1270 3067 χλεύης
1329 2995 1730 3068 ἀπαγγέλλουσα

1889 3013 2019 3053 cena
2043 3013 2152 3069 pro
2183 2997 2373 3054 allatis
2397 2999 2456 3053 in
2491 2998 2776 3054 Davidem
2798 2997 3100 3054 conviciis.
3131 2997 3499 3069 Repudiatur

127 3087 223 3140 τὴν
256 3082 410 3140 δίκην
461 3101 472 3112 ·
517 3084 718 3156 ἀφίεται
769 3081 828 3135 δε
860 3086 887 3142 ἡ
948 3083 1158 3156 Μελχόλ
1213 3085 1280 3146 εὶς
1329 3090 1422 3143 τὴν
1476 3091 1594 3161 περὶ
1637 3096 1726 3138 τοῦ

1889 3083 2080 3141 elchol
2133 3101 2268 3157 quae
2333 3086 2616 3142 Davidem
2675 3085 2955 3149 irriserat,
3026 3090 3082 3141 et
3145 3101 3255 3157 pro
3305 3085 3498 3141 exsol-

129 3168 297 3223 Δαϐἱδ
323 3173 700 3243 κατενεχθῆναι
738 3171 955 3243 χλεύην,
995 3173 1151 3229 ἡνίκα
1191 3169 1345 3230 δίκην
1377 3183 1728 3246 χρεωστοῦσα

1885 3173 2034 3229 enda
2058 3189 2256 3246 paena,
2285 3175 2566 3247 deinceps
2587 3191 2708 3230 non
2741 3174 2894 3247 parit
2925 3187 2937 3227 :
2969 3173 3268 3230 sterilitate
3295 3179 3495 3231 autem

128 3260 393 3333 ἀπαιτηθῇ
451 3265 543 3319 τήν
588 3257 843 3313 ἀπαιδίαν
893 3281 906 3292 ο
965 3260 1259 3314 ἀπαιτείται
1318 3259 1376 3315 δὲ
1423 3267 1516 3322 τὴν
1575 3263 1725 3316 ἀπαι-

1887 3263 2091 3318 tﬁcitur
2115 3279 2190 3319 ne
2214 3264 2538 3336 quisquam
2563 3279 2595 3320 e
2626 3264 2852 3320 semine
2883 3261 3022 3318 Saul
3045 3263 3106 3318 in
3134 3264 3362 3333 regiam
3393 3280 3497 3336 po.

129 3347 270 3416 δίαν,
317 3351 401 3402 ἵνα
455 3345 645 3421 μηδεὶς
700 3350 754 3401 ἐκ
812 3358 902 3402 τοῦ
957 3358 1252 3423 σπέρματος
1303 3353 1424 3426 ὅπερ
1477 3351 1728 3424 ἀπεφύετο

1888 3356 2108 3409 ιειδῑοω
2131 3353 2492 3418 succederet,
2515 3358 2616 3409 aut
2643 3352 2930 3410 factiones
2951 3357 3007 3407 et
3031 3352 3362 3410 homicidia
3392 3369 3498 3425 per

126 3447 220 3492 τοῦ
250 3437 411 3492 Σαούλ
438 3446 530 3490 τοῦ
577 3437 859 3511 βασιλικοῦ
907 3435 1173 3511 διάδοχος
1228 3439 1523 3514 ἀξιώματος
1574 3463 1730 3496 κατα-

1898 3457 1967 3496 us
2031 3440 2244 3510 ﬁlium,
2293 3441 2562 3515 aliosque
2599 3458 2671 3498 ex
2700 3440 2830 3500 aliis
2880 3439 3231 3519 mulieribus
3281 3441 3499 3498 liberos

131 3535 230 3600 στῇ
266 3542 279 3557 ⁸
309 3531 386 3580 ἔτι
418 3524 477 3581 δὲ
507 3529 590 3580 ἵνα
617 3533 690 3600 μὴ
743 3530 929 3589 στάσις
981 3534 1070 3581 καὶ
1100 3534 1247 3599 φόνος
1277 3537 1368 3582 τοῦ
1406 3549 1459 3583 τε
1486 3530 1538 3594 ἐξ
1569 3533 1731 3593 αὐτῆς
1838 3530 2159 3587 orirentur.

125 3617 534 3692 προεληλυθότος
580 3622 670 3670 καὶ
733 3625 834 3670 τῶν
899 3616 951 3681 ἐξ
1001 3617 1180 3694 ἐτέρων
1245 3627 1502 3690 γυναικῶν
1559 3620 1734 3693 ἕπιγε-

127 3711 354 3778 γονότων
383 3703 697 3780 διαπραχθῇ
716 3749 727 3763 .

702 3837 1016 3884 ΕΡΩΤΗΣΙΣ
1047 3815 1167 3892 ΣΒΓ⁴
2055 3834 2376 3901 onmno
2409 3834 2653 3891 ccxcm
2690 3833 2900 3903 [Οοίεί.
2942 3834 3123 3890 Taur.
3147 3834 3285 3908 CV].

384 3925 530 3974 Διατί
567 3923 593 3972 ό
634 3917 799 3974 Δαϐὶδ
835 3924 891 3972 τὸ
923 3917 1086 3993 ἐφούδ
1114 3920 1480 3994 περιεϐάλετο;

2128 3923 2249 3979 Cur
2286 3923 2482 3980 David
2508 3923 2586 3978 sit
2618 3925 2922 3980 accinctus
2953 3922 3170 3993 Ephod
3193 3927 3219 3978 ?

651 4028 807 4079 Edita
832 4043 863 4077 a
891 4029 1030 4079 Maio
1059 4028 1123 4087 (Ι,
1163 4044 1208 4079 c.
1239 4044 1294 4092 p.
1338 4031 1448 4086 148,
1480 4044 1532 4094 q.
1565 4031 1693 4092 303).
1727 4058 1784 4067 -
1808 4031 1862 4080 In
1897 4031 1938 4079 ll
1965 4031 2092 4094 Reg.
2119 4041 2205 4087 VI,
2239 4031 2297 4078 14
2323 4045 2334 4088 ;
2361 4030 2382 4078 Ι
2413 4029 2735 4094 Paralipom.
2772 4040 2878 4087 xv,
2903 4030 2981 4078 27.

206 4150 422 4222 Εἴρηται
463 4141 521 4198 δὲ
551 4150 630 4198 ὅτι
673 4145 759 4198 ἐπὶ
804 4153 895 4198 τοῦ
951 4141 1137 4211 Δαυίδ,
1179 4141 1339 4218 ἐφούδ
1384 4166 1395 4178 ’
1430 4152 1602 4199 καίτοι
1641 4148 1734 4200 οὑκ

1917 4146 2151 4203 Dictum
2181 4152 2270 4202 est
2309 4145 2594 4202 Davidem
2621 4145 2829 4217 Ephod
2856 4144 3118 4200 induisse
3167 4145 3333 4217 quod
3365 4146 3504 4202 huic

129 4235 244 4299 ἰξὸν
292 4237 433 4305 αύτῷ
485 4233 703 4295 εὐσεϐῶς
759 4233 966 4308 βιοῦντι
1017 4237 1184 4309 ἱερέως
1236 4235 1423 4294 στολὴν
1467 4235 1737 4310 περιϐαλέ-

1894 4239 2044 4308 tpote
2076 4234 2306 4306 integra
2335 4233 2455 4291 vita
2493 4249 2615 4290 non
2645 4233 2876 4289 licebat.
2911 4236 3029 4290 Hac
3059 4232 3134 4289 de
3165 4250 3225 4289 re
3256 4234 3355 4290 alii
3387 4233 3504 4291 alia

131 4326 263 4377 σθαι
296 4343 309 4355 ·
344 4322 472 4375 ἀλλὰ
518 4328 636 4397 περὶ
671 4327 864 4376 τούτου
918 4328 1029 4376 τισὶ
1087 4327 1176 4396 μὲν
1226 4322 1439 4398 ὶρῥὴθη,
1488 4327 1551 4386 ὡς
1607 4327 1739 4379 ἐπει-

1892 4329 2226 4381 ansuerunt.
2261 4322 2530 4380 Samuele
2563 4322 2780 4379 scilicet
2811 4327 3063 4388 mortuo,
3093 4323 3344 4396 ejusque
3371 4322 3502 4379 ﬁliis

129 4411 204 4472 δὴ
257 4412 499 4486 Σαμουὴλ
527 4415 616 4485 μεν
661 4411 874 4479 ἀπεϐίω,
916 4415 964 4466 οἱ
1013 4409 1070 4465 δὲ
1120 4416 1304 4466 τούτου
1336 4409 1521 4476 παῖδες
1553 4412 1737 4476 ἐξητά-

1893 4430 1907 4470 ι
1937 4413 2162 4470 crimen
2198 4413 2431 4479 vocatis,
2465 4418 2527 4468 ut
2556 4416 2853 4483 oporteret
2892 4411 3263 4468 sacerdotem
3303 4428 3503 4470 arcam

129 4505 287 4565 ζοντο
335 4501 384 4555 ἐν
414 4502 628 4568 αἰτίαις,
667 4498 773 4554 ἔδει
823 4499 882 4555 δὲ
919 4505 1055 4576 ἱερέα
1082 4510 1178 4566 τῆς
1220 4502 1442 4556 κιϐωτοῦ
1489 4511 1580 4556 τοῦ
1607 4511 1738 4557 Θεοῦ

1896 4504 1946 4559 ei
1960 4501 2310 4576 praecedere,
2330 4518 2399 4558 ac
2416 4517 2594 4557 nemo
2614 4502 2759 4556 tanti
2773 4500 3249 4556 essetministerii
3264 4500 3506 4573 dignus,

127 4593 572 4667 προπορεύεσθαι,
605 4596 694 4643 καὶ
743 4591 836 4644 ούκ
882 4587 942 4649 ἧν
998 4593 1023 4644 6
1069 4597 1159 4650 τὴν
1203 4595 1491 4666 ὑπηρεσίαν
1543 4595 1737 4656 ταύτης

1894 4610 1919 4649 ε
1961 4592 2304 4648 necessitate
2331 4606 2534 4661 regem
2561 4590 2670 4645 hoc
2698 4589 2891 4645 officio
2917 4589 3184 4644 functum
3215 4605 3365 4653 esse,
3402 4590 3504 4662 qui

127 4682 436 4754 ἠξιωμένος,
466 4680 520 4742 ἐξ
567 4679 798 4751 ἀνάγκης
837 4681 862 4732 6
911 4679 1160 4753 βασιλεὺς
1196 4686 1282 4739 τὴν
1329 4683 1572 4740 τοιαύτην
1612 4680 1737 4734 ἀνα-

1895 4682 1926 4738 b
1973 4681 2183 4738 alienis
2217 4679 2494 4751 gentibus
2547 4694 2751 4734 arcam
2805 4677 2932 4750 ipse
2962 4679 3257 4735 retulerat.
3317 4680 3505 4744 Quare

129 4768 356 4843 δέχεται
404 4770 748 4843 λειτουργίαν,
817 4769 904 4822 ἅτε
973 4767 1039 4828 δὴ
1113 4775 1202 4822 καὶ
1273 4779 1372 4822 τῶν
1450 4769 1739 4842 ἀλλοφύλων

1897 4770 2059 4842 phod
2102 4770 2267 4843 quod
2318 4768 2451 4824 ﬁliis
2489 4767 2667 4824 Israel
2720 4767 3028 4823 victoriam
3079 4765 3390 4824 nuntiabat
3420 4769 3504 4822 in-

125 4864 228 4918 τὴν
286 4858 503 4912 κιϐωτὸν
565 4861 717 4918 αὐτὸς
794 4856 1067 4929 ἀνενεγκών
1125 4875 1137 4887 '
1201 4855 1286 4911 διὸ
1335 4863 1423 4911 καὶ
1491 4862 1735 4934 χρησμὸν

1901 4860 2008 4926 uit;
2045 4859 2227 4916 David
2257 4859 2429 4930 igitur
2459 4855 2762 4913 victoriam
2799 4855 2876 4911 ad
2909 4858 3091 4911 Deum
3134 4855 3346 4921 refert;
3388 4872 3511 4912 non

127 4948 297 5001 ἀνεῖλε
342 4954 400 5000 τό
450 4943 611 5020 ἐφούδ
659 4951 808 5006 νίκην
860 4946 1293 5020 ἐπαγγελλόμενον
1347 4955 1418 5018 τῷ
1466 4947 1676 5021 Ἰσραήλ
1722 4968 1734 4981 ο

1893 4953 2047 5004 utem
2067 4948 2181 5004 hoc
2207 4954 2333 5003 erat
2363 4947 2577 5002 stolam
2604 4945 3038 5001 contemnentis
3061 4945 3503 5009 sacerdotalem,

125 5042 223 5091 καὶ
270 5042 363 5096 τὴν
406 5041 554 5095 νίκην
589 5037 614 5088 6
646 5033 813 5089 Δαυίδ
865 5035 1146 5094 ἀνατίθησι
1193 5045 1264 5107 τῷ
1315 5044 1428 5107 Θεῷ
1469 5053 1482 5064 ⁸
1542 5037 1652 5110 οἶμα
1683 5034 1735 5090 δὲ

1895 5037 1951 5093 ιὰ
1999 5035 2338 5093 venerantis
2395 5041 2451 5090 et
2500 5051 2634 5090 eam
2684 5050 2872 5106 quam
2927 5033 3176 5089 maximi
3215 5033 3505 5090 facientis.

125 5122 249 5178 οὐδ’
302 5124 645 5198 ἀτιμάζοντος
722 5122 784 5186 ἧν
840 5133 994 5178 τοῦτο
1050 5131 1144 5184 τὴν
1205 5129 1468 5198 ἱερατικὴν
1527 5125 1735 5191 στολὴν,

1902 5131 2110 5199 pparet
2130 5125 2291 5180 enim
2309 5140 2379 5181 ex
2403 5123 2472 5179 iis
2493 5124 2594 5194 qui
2614 5123 2690 5178 ad
2707 5124 2863 5179 hanc
2880 5122 3096 5179 stolam
3117 5121 3512 5196 confugerunt

125 5215 262 5268 ἀλλά
297 5215 644 5288 σεϐαζομένου
697 5220 908 5276 καὶτῆς
954 5217 1034 5268 ὅτι
1078 5215 1312 5287 μάλιστα
1349 5223 1506 5288 τιμῆς
1543 5213 1735 5278 ἀξιοῦν·

1900 5219 2107 5271 uantus
2138 5213 2454 5269 deberetur
2482 5227 2619 5266 vere
2660 5210 3076 5267 sacerdotibus
3107 5211 3318 5276 honor,
3363 5228 3510 5285 quo-

122 5324 218 5366 τος
251 5322 264 5335 °
314 5302 514 5358 ἐδείκνυ
557 5307 656 5380 γὰρ
708 5301 780 5358 δι’
828 5305 895 5356 ὧν
943 5305 1014 5366 εἰς
1044 5304 1238 5363 ἐκείνην
1269 5309 1594 5377 κατέφευγεν,
1640 5306 1732 5363 ὅση

1902 5320 1983 5360 1m
2010 5303 2161 5360 stola
2185 5302 2311 5372 regi
2342 5301 2595 5372 gloriam
2628 5304 2683 5355 et
2712 5299 3018 5356 victoriam
3047 5305 3102 5356 et
3131 5305 3360 5358 tantam
3383 5318 3512 5371 gra-

124 5393 373 5467 ὠφείλετο
403 5402 506 5456 τοῖς
541 5397 605 5455 ὡς
654 5395 853 5454 ἀληθῶς
885 5395 1105 5468 ἱερεῦσιν
1141 5396 1171 5453 ἡ
1217 5398 1343 5467 τιμή
1391 5411 1404 5424 ·
1438 5394 1505 5444 ὧν
1539 5396 1569 5453 ἠ
1624 5412 1734 5446 στο-

1901 5408 1994 5448 am
2007 5389 2452 5464 suppeditabat.
2469 5390 2603 5445 Haec
2618 5404 2654 5445 a
2669 5388 3034 5461 quibusdam
3053 5389 3354 5456 dicuntur,
3379 5391 3511 5446 aliis

122 5483 190 5541 λη
239 5490 315 5554 τῷ
348 5481 560 5556 βασιλεί
599 5479 757 5546 δόξαν
808 5501 863 5534 τε
895 5487 986 5534 καὶ
1022 5487 1174 5541 νίκην
1201 5487 1292 5535 καὶ
1336 5485 1600 5541 τοσαύτην
1638 5483 1732 5554 χά-

1902 5486 2044 5537 1tem
2067 5480 2260 5552 placet
2289 5494 2606 5552 nunquam
2635 5493 2854 5535 ausum
2887 5476 3066 5534 fuisse
3091 5494 3294 5550 regem
3329 5479 3512 5536 David

123 5591 214 5647 ριν
281 5571 531 5646 προξενεῖ.
597 5564 730 5624 ’Ἀλλ’
779 5570 916 5623 οὕτω
963 5574 1052 5644 μὲν
1101 5574 1225 5624 ἔνιοί
1274 5589 1432 5645 φασιν
1483 5589 1498 5605 ο
1555 5571 1733 5644 ἑτέροις

1903 5569 2284 5628 tcerdotalem
2311 5569 2527 5626 stolam
2553 5567 2819 5634 induere,
2845 5567 2948 5624 sed
2975 5567 3157 5624 fuisse
3181 5567 3513 5641 quamdam

127 5658 194 5715 δὲ
245 5657 394 5715 δοκεῖ
419 5666 489 5736 μὴ
518 5663 581 5713 οἶν
617 5675 740 5714 ποτε
775 5660 1175 5735 κατατολμῆσαι
1198 5665 1284 5715 τὸν
1315 5659 1543 5736 βασιλέα
1572 5656 1737 5716 Asc-aid

1905 5659 2158 5733 ropriam
2205 5657 2445 5731 regibus
2491 5661 2744 5727 vestem,
2793 5657 2886 5714 cui
2939 5655 3324 5716 sacerdotalis
3355 5655 3515 5714 stola
