4076 6202
604 281 742 338 1127

593 497 865 554 indutam
895 497 1096 553 fuisse.

1842 280 2074 341 PHOTII
2116 280 2601 341 PATRIARCHE
2640 283 2747 342 ΟΡ.

595 423 926 480 cognomen
953 410 1096 473 erat,
1129 422 1384 480 eamque
1416 407 1513 464 illo
1543 411 1807 481 tempore
1838 425 1873 465 a
1904 424 2038 481 rege
2068 409 2233 465 Davir

2369 412 2629 482 ἱερατικὴν
2682 410 2871 469 στολὴν
2927 410 3237 485 περιϐαλεῖν,
3294 411 3400 465 ἀλλ’
3458 413 3594 466 εἷναί
3660 435 3743 478 τι,

3868 290 3973 344 1128

3824 434 3977 484 φασιν.

2364 497 2849 572 ἀποκεκληρωμένον
2904 496 3008 561 τοῖς
3066 500 3376 573 βασιλεῦσιν
3434 502 3766 575 ἀμφίασμα,
3843 502 3869 554 ὁ
3914 514 3978 555 ut

592 587 719 641 αὐτὸ
780 590 922 663 ἔφερε
969 590 1064 645 τὴν
1128 585 1414 659 ὀνομασίαν
1471 594 1561 648 τῆς
1606 589 1873 662 ἱερατικῆς
1928 588 2137 655 στολῆς,
2177 594 2269 639 xui
2321 596 2475 641 τοῦτο
2514 592 2629 641 κατ’
2683 588 2839 642 έκεῖνο
2878 598 3063 662 καιροῦ
3116 590 3525 665 περιϐεϐλῆσθαι
3594 596 3693 645 τὸν
3774 591 3983 665 βασιλέα

591 674 787 733 Δαυῖδ.

802 792 1124 859 QUESTIO
1157 791 1400 849 ccxcw
1424 790 1627 864 [CoisL
1668 794 1849 850 Taur.
1875 794 2033 864 cv1].

872 882 1019 949 Quid
1049 883 1280 953 faceret
1316 881 1507 938 Adam
1544 882 1604 937 in
1630 882 1909 951 paradiso
1933 884 1961 939 ?

2919 801 3232 849 εΡΩΤηΣιΣ
3265 781 3408 855 ISA'.

2654 887 2719 936 Τί
2744 885 2987 955 ἔπραττεν
3021 880 3194 956 Ἀδὰμ
3227 886 3276 937 έν
3307 883 3625 958 παραδείσῳ
3666 905 3681 951 ;

1050 986 1203 1036 Edita
1225 999 1257 1036 a
1284 986 1422 1036 Maio
1453 988 1517 1045 (Ι.
1558 1001 1611 1037 c.
1650 1001 1701 1050 p.
1740 988 1847 1043 149,
1874 1002 1925 1051 q.
1952 988 2082 1049 304).
2111 1013 2170 1024 -
2195 988 2233 1047 Q

2360 986 2530 1037 Adam
2562 988 2615 1036 in
2648 988 2900 1051 paradiso
2931 989 3129 1038 fecerit.
3161 989 3291 1039 Gen.
3312 1003 3374 1046 II.
3407 993 3484 1039 15,

657 1078 723 1136 In
780 1077 1062 1150 paradiso
1123 1075 1449 1131 collocatus
1492 1076 1703 1141 Adam,
1759 1092 1954 1148 neque
1990 1076 2245 1133 otiosam

580 1183 776 1241 neque
803 1168 1052 1222 inertem
1086 1164 1273 1220 vitam
1315 1164 1551 1233 agebat,
1588 1165 1692 1221 sed
1715 1164 1911 1220 virtuti
1942 1164 2247 1221 incumbe-

581 1260 701 1327 bat,
726 1260 783 1313 et
810 1255 887 1312 ad
916 1254 1145 1310 virtutis
1176 1269 1354 1325 Opera
1383 1269 1513 1309 sese
1553 1253 1884 1309 exercebat.
1926 1253 2249 1319 Quoniam-

580 1364 692 1419 que
729 1344 959 1401 virtutis
999 1348 1221 1407 custos,
1265 1349 1320 1397 et
1358 1344 1633 1398 omnium
1675 1358 1873 1398 rerum
1911 1343 2095 1413 hujus
2133 1341 2246 1398 loci

578 1434 936 1493 constitutus
960 1437 1105 1497 erat,
1128 1448 1159 1487 e
1190 1431 1471 1503 paradiso
1498 1432 1556 1487 in
1584 1431 1859 1487 exsilium
1892 1432 2115 1502 ejectus
2136 1435 2240 1486 est.

577 1538 641 1592 In
674 1524 875 1580 medio
916 1522 1198 1593 paradiso
1223 1526 1350 1576 erat
1388 1521 1589 1576 arbor.
1624 1522 1752 1586 Qua
1791 1521 1865 1575 de
1904 1536 2088 1575 causa
2126 1524 2247 1575 erat

577 1614 710 1668 vitae
738 1610 959 1668 arbor?
986 1612 1080 1664 Est
1100 1608 1237 1663 huic
1263 1609 1463 1664 arbori
1483 1625 1621 1664 cum
1655 1609 1833 1664 corde
1855 1608 2139 1680 quaedam
2172 1608 2246 1662 si-

575 1700 850 1757 militudo
878 1715 893 1765 ;
925 1697 1141 1754 etenim
1182 1704 1243 1752 ut
1272 1712 1373 1752 cor
1408 1698 1673 1753 medium
1732 1698 1793 1752 in
1834 1712 2083 1769 corpore
2122 1696 2246 1752 ani-

2426 1078 2508 1129 .Εν
2564 1073 2623 1128 δε
2676 1084 2747 1147 τῷ
2799 1075 3106 1151 παραδείσῳ
3158 1082 3321 1141 τεθεὶς
3358 1082 3383 1131 ὁ
3429 1077 3608 1153 ’Δδὰμ
3663 1083 3771 1134 οὑκ
3836 1082 3978 1156 ἀργά,

2355 1162 2477 1217 ούδέ
2536 1167 2799 1239 ἄπρακτον
2876 1166 3193 1220 ἐπολιτεύετο
3263 1167 3404 1241 βίον,
3464 1170 3575 1222 ἀλλ’
3644 1170 3855 1244 ἀρετῆς
3906 1182 3977 1244 an

2354 1253 2663 1324 ἐπεμελεῖτο,
2713 1262 2822 1317 τοῖς
2865 1253 2924 1307 δὲ
2977 1256 3092 1308 κατ’
3141 1258 3303 1316 αύτην
3355 1262 3528 1331 ἔργοις
3577 1259 3973 1331 ένησχολεῖτο·

2355 1338 2440 1394 διὸ
2478 1348 2567 1395 xui
2611 1346 2768 1401 ἡνίκα
2820 1352 2911 1395 τοῦ
2968 1345 3134 1416 φύλαξ
3182 1344 3311 1398 εἰναι
3354 1356 3444 1409 τῆς
3491 1346 3695 1422 ἀρετῆς
3754 1358 3848 1401 xui
3892 1360 3973 1401 τῶν

2356 1428 2646 1503 δεδομένων
2705 1431 2908 1498 ἐξέστη,
2986 1442 3079 1486 τοῦ
3138 1433 3466 1506 παραδείσου
3526 1442 3626 1493 τὴν
3701 1440 3971 1514 ὑπερορίαν

2353 1518 2709 1579 κατεδικάσθη
2765 1541 2777 1553 ·
2830 1526 2989 1594 μέσον
3045 1519 3103 1575 δε
3145 1532 3238 1575 τοῦ
3292 1522 3627 1597 παραδείσου
3680 1532 3744 1579 τὸ
3789 1529 3968 1590 ξύλον·

2357 1606 2497 1661 διότι
2555 1611 2693 1671 ζωῆς
2734 1607 2793 1669 ἦν
2847 1612 2993 1673 ξύλον
3061 1627 3075 1640 ⁶

2354 1702 2485 1771 πρὸς
2514 1703 2601 1757 τὴν
2646 1696 2871 1771 καρδίαν
2912 1716 2923 1727 ·

3140 1618 3228 1664 xui
3289 1612 3563 1685 ἀναλογίαν
3621 1621 3753 1668 τινὰ
3810 1618 3969 1689 ἐπέχει

2964 1702 3137 1773 ὥσπερ
3182 1698 3271 1753 οἷν
3317 1704 3447 1761 αύτη
3495 1703 3544 1755 ἐν
3575 1712 3738 1776 μέσῳ
3791 1716 3864 1776 τῷ
3894 1716 3970 1759 τοῦ

574 1788 717 1844 mali
756 1786 1149 1853 constituitur,
1185 1786 1267 1840 sic
1307 1785 1419 1846 illa
1442 1788 1575 1842 vitae
1606 1786 1783 1843 arbor
1811 1787 1871 1841 in
1904 1785 2103 1841 medio
2144 1802 2233 1857 pa-

2357 1787 2492 1847 ζὼου
2555 1786 2937 1847 καταϐέϐληται
3023 1796 3245 1861 σώματι,
3328 1792 3461 1844 οὕτω
3538 1792 3764 1847 κάκεῖνο
3847 1798 3969 1856 ζωξς

571 1878 756 1938 radisi
782 1876 1083 1931 crescebat
1112 1875 1250 1941 ;vel,
1280 1876 1327 1931 si
1356 1875 1459 1930 tibi
1485 1875 1679 1946 placet
1710 1875 1998 1946 mysticus
2024 1890 2244 1942 sermo,

574 1982 817 2022 summa
882 1966 1068 2020 virtus
1132 1963 1403 2020 rationali
1472 1964 1686 2019 arbore
1724 1964 2000 2033 ﬁgurata,
2070 1964 2245 2034 quasi

574 2055 794 2120 media,
828 2069 1067 2109 summo
1098 2069 1129 2108 e
1157 2058 1351 2108 monte
1382 2054 1442 2108 in
1475 2068 1721 2109 omnem
1752 2054 1937 2108 vitam
1978 2052 2240 2123 proﬂuit.

575 2145 764 2218 thue
795 2145 910 2199 vita
944 2141 1144 2199 medio
1192 2158 1223 2197 e
1272 2158 1520 2214 corpore
1576 2142 1818 2207 diffusa,
1852 2158 2064 2197 omnes
2118 2141 2241 2198 ani-

571 2236 744 2290 malis
785 2238 980 2305 partes
1004 2233 1166 2288 vivas
1199 2239 1254 2287 et
1286 2232 1685 2287 coalescentes
1716 2237 1892 2297 tenet,
1920 2232 1999 2287 sic
2024 2230 2130 2286 illa
2170 2246 2241 2285 ex

571 2323 771 2378 medio
812 2322 985 2377 veluti
1026 2321 1185 2376 fonte
1216 2321 1454 2383 emissa,
1501 2337 1710 2376 omnes
1750 2321 1995 2376 virtutes
2037 2319 2242 2389 irrigat

573 2419 629 2467 et
650 2411 848 2466 nutrit.
874 2413 1060 2480 Prope
1084 2410 1471 2479 intelligerem
1503 2410 1780 2464 arborem
1802 2408 1932 2464 vitae
1960 2410 2016 2464 in
2044 2408 2241 2463 medio

574 2498 850 2570 paradiso
864 2500 1137 2568 positam,
1157 2499 1300 2569 quia
1327 2496 1609 2559 Christus,
1637 2498 1756 2553 vita
1782 2502 2007 2562 nostra,
2042 2497 2242 2552 media

574 2589 634 2643 in
664 2592 819 2642 terra
846 2587 1005 2641 cruci
1032 2601 1139 2657 pro
1180 2586 1347 2641 nobis
1386 2585 1599 2640 afﬁxus
1638 2592 1751 2641 est.
1792 2588 2063 2656 Namque
2102 2586 2239 2640 huic

572 2677 737 2746 ligno
774 2676 938 2747 quod
971 2674 1236 2730 medium
1268 2676 1329 2729 in
1371 2675 1536 2730 terris
1568 2679 1711 2738 erat,
1752 2674 1918 2730 haud
1950 2674 2239 2729 absimilis

573 2764 965 2821 cruxdicitur.
997 2766 1072 2819 De
1092 2765 1306 2819 arbore
1333 2762 1585 2819 scientia:
1612 2762 1753 2819 boni
1784 2768 1840 2818 et
1872 2762 2011 2818 mali
2054 2763 2239 2819 verba

573 2854 821 2929 quidem
851 2853 1007 2909 facta
1038 2858 1193 2917 sunt,
1227 2852 1427 2908 nullus
1458 2859 1658 2908 autem
1689 2853 1856 2907 locus
1897 2852 2238 2922 assignatus

572 2950 677 3001 est.
697 2946 826 3011 Qua
854 2944 929 2999 de
960 2944 1189 2998 causa?
1214 2943 1365 3007 Quia
1394 2942 1625 2999 malitia
1652 2942 1852 2997 locum
1882 2958 2000 2997 non
2033 2942 2234 3007 habet,

573 3034 673 3089 sed
713 3034 906 3089 virtuti
936 3031 1377 3105 propemodum
1402 3032 1690 3097 cohaeret;
1730 3030 1943 3087 melius
1964 3046 2104 3087 vero
2130 3032 2238 3087 erit

574 3125 649 3178 de
672 3122 767 3178 his
793 3127 1003 3193 postea
1026 3122 1353 3192 disputare.

2356 1878 2618 1950 ὑπάρχον,
2675 1878 2821 1939 ξύλον
2872 1884 3028 1949 μέσον
3086 1878 3396 1950 ἕπεφύτευτο
3453 1890 3547 1934 τοῦ
3606 1882 3967 1954 παραδείσον’

2356 1965 2399 2017 εἰ
2449 1962 2509 2017 δέ
2560 1985 2644 2017 σοι
2682 1966 2823 2037 φίλον
2874 1972 2963 2017 καὶ
3017 1969 3043 2018 ό
3095 1966 3419 2039 ἀναγωγικός
3470 1970 3652 2041 λόγος,
3699 1975 3731 2029 ἡ
3770 1992 3971 2043 7am..-

2354 2057 2507 2119 τάτη,
2551 2061 2727 2127 φασὶν,
2784 2056 2934 2128 ἀρετὴ
2990 2056 3037 2109 ἐν
3096 2067 3167 2127 τῷ
3215 2058 3408 2130 λογικῷ
3462 2063 3809 2135 θεωρουμένη
3867 2067 3968 2133 ζων

2353 2147 2525 2218 ὥσπερ
2580 2144 2681 2197 ἀπό
2725 2150 2891 2217 μέσης
2941 2151 3078 2208 τινὸς
3122 2147 3407 2223 ἀκρωρείας
3469 2150 3555 2203 ἐπὶ
3612 2160 3806 2204 πᾶσαν
3868 2152 3969 2206 διας

2350 2240 2529 2304 χεῖται
2571 2235 2783 2305 πρᾶξιν·
2837 2241 2926 2288 καὶ
2968 2237 3085 2287 καθ’
3129 2239 3182 2288 ὃν
3222 2244 3409 2310 τρόπον
3458 2241 3487 2296 ἠ
3542 2240 3658 2300 ζωὴ
3710 2241 3772 2293 ἐκ
3815 2250 3965 2314 usus:

2351 2326 2488 2382 τινός
2540 2329 2743 2396 χωρίου
2785 2330 3132 2397 προχεομένη,
3184 2334 3354 2379 παντά
3399 2331 3463 2380 τά
3502 2338 3595 2381 τοῦ
3656 2335 3805 2393 ζωοῦ
3847 2338 3964 2405 μέρζ

2353 2410 2604 2481 ζωογονεῖ
2648 2432 2700 2464 τε
2750 2418 2839 2464 καὶ
2894 2420 3124 2485 συνέχει,
3174 2417 3307 2466 οὕτω
3367 2422 3455 2468 καὶ
3506 2419 3645 2476 αὕτη
3693 2419 3753 2471 ἐκ
3808 2426 3967 2491 μέσης

2349 2503 2489 2561 τινός
2528 2504 2677 2553 οἱονεὶ
2728 2512 2899 2573 πηγῆς
2948 2512 3206 2575 προῐοῦσα
3263 2501 3413 2577 ἄρδει
3466 2526 3521 2558 τε
3578 2514 3677 2559 xui
3738 2509 3964 2584 ὲκτρεφει

2349 2594 2437 2640 καὶ
2498 2593 2589 2650 τας
2644 2590 3022 2651 ύποϐεϐηκυίας
3080 2593 3208 2663 αύτῇ
3268 2594 3450 2655 λοιπὰς
3517 2595 3729 2670 ἀρετάς.
3780 2601 3965 2669 Ἐγγνς

2351 2675 2400 2729 δ’
2454 2680 2514 2729 ἄν
2566 2683 2642 2737 εἴη
2702 2678 2945 2745 διανοεῖν,
3000 2687 3156 2754 μέσον
3192 2684 3435 2755 εἰρῆσθαι
3486 2694 3577 2737 τοῦ
3628 2686 3963 2761 παραδείσου

2349 2771 2405 2819 τό
2454 2776 2551 2829 τῆς
2603 2770 2741 2832 ζωῆς
2773 2774 3123 2842 πεφυτεῦσθαι
3166 2771 3331 2837 ξύλον,
3381 2775 3463 2825 ὅτι
3507 2780 3598 2827 xui
3658 2784 3899 2848 Χριστός
3938 2783 3961 2835 ἡ

2350 2856 2455 2916 ζωὴ
2503 2860 2647 2929 ἡμῶν
2701 2858 2748 2909 ἐν
2802 2864 2943 2930 μέσῳ
2997 2869 3090 2921 τῆς
3120 2869 3221 2931 γῆς
3268 2864 3353 2913 τὸν
3384 2864 3512 2937 ύπερ
3548 2866 3700 2935 ἡμῶν
3753 2864 3965 2930 ἐδέξατο

2349 2951 2600 3018 σταυρόν*
2667 2952 2755 2999 καὶ
2810 2951 2909 3023 γὰρ
2966 2948 3033 3009 εἰς
3071 2952 3128 3000 τὸ
3173 2955 3484 3020 μεσαίτατον
3544 2960 3682 3023 φασὶ
3734 2966 3837 3017 τῆς
3879 2966 3963 3027 γῆς

2345 3036 2403 3085 τὸ
2446 3034 2711 3109 ζωηφόρον
2760 3034 2925 3101 ξύλον,
2980 3041 3065 3088 τόν
3108 3043 3332 3111 σταυρόν
3374 3050 3628 3112 παγῆναι·
3686 3048 3749 3095 τὸ
3785 3041 3846 3097 δε
3887 3046 3965 3106 ξύ-

2270 3120 2311 3176 C
2343 3122 2427 3175 λον
2484 3131 2575 3175 τοῦ
2631 3130 2901 3195 γινώσκειν
2950 3126 3102 3178 καλὸν
3160 3132 3249 3179 καὶ
3303 3134 3524 3203 πονηρόν
3581 3134 3804 3204 εἴρηται

575 3210 751 3274 οὐδεὶς
782 3208 839 3264 δὲ
867 3220 1041 3286 χῶρος
1072 3210 1211 3281 αὐτῷ
1245 3211 1611 3264 amre-mum.
1645 3207 1810 3267 διατί,
1848 3206 1985 3263 διότι
2019 3212 2047 3268 ἡ
2078 3214 2237 3261 κακία
2262 3219 2444 3286 χῶραν
2473 3214 2565 3264 οὐκ
2593 3215 2727 3285 ἔχει,
2763 3212 2891 3266 ἀλλά
2917 3223 2977 3288 τῇ
3014 3214 3167 3290 ἀρετῇ
3203 3223 3621 3292 παρυφίσταται’
3660 3223 3880 3293 ἄμεινον
3910 3222 3965 3275 δε

575 3305 708 3376 μετὰ
740 3309 903 3354 ταῦτα
922 3305 1039 3375 περὶ
1060 3304 1245 3353 τούτου
1280 3298 1612 3359 διαληπτέον.

752 3425 1075 3493 ΟΗᾹΞΞΤΙΟ
1120 3424 1343 3480 CCXCV
1376 3425 1580 3496 [CoisL
1636 3426 1821 3482 Taur.
1872 3424 2057 3497 CVII].

823 3515 943 3571 Cur
956 3514 1063 3570 sub
1081 3529 1311 3583 vespere
1334 3515 1748 3571 immolaretur
1764 3514 1990 3584 agnus?

2899 3435 3211 3484 εΡοΤΗΣΙΣ
3252 3417 3392 3492 255'.

2634 3522 2782 3569 Διατί
2814 3520 2938 3591 πρὸς
2969 3518 3188 3593 ἑσπέραν
3219 3519 3387 3573 ἐθύετο
3414 3523 3440 3574 ὁ
3462 3520 3625 3594 ἀμνός
3653 3540 3667 3589 ;

823 3627 975 3677 Edita
1008 3641 1041 3678 a
1068 3626 1207 3677 Maio
1237 3626 1294 3685 (Ι.
1323 3640 1367 3676 c.
1400 3626 1587 3690 p.149,
1610 3639 1661 3688 q.
1694 3626 1827 3686 305).
1859 3652 1918 3659 —
1951 3624 2022 3673 De
2054 3624 2314 3674 sacriﬁcio
2340 3625 2464 3688 agni
2494 3628 2820 3689 vespertino.
2849 3627 3013 3676 Exod.
3048 3640 3111 3685 II,
3150 3630 3177 3676 6
3203 3645 3214 3685 ;
3248 3630 3461 3679 Denter.
3493 3643 3614 3688 xvx,
3653 3635 3702 3680 6.

646 3727 769 3783 Sub
787 3742 1029 3798 vespere
1051 3724 1476 3781 immolabatur
1500 3739 1715 3794 agnus,
1738 3723 1881 3795 quia
1902 3722 2095 3792 ﬁgura
2119 3728 2237 3779 erat

572 3816 697 3871 veri
727 3814 868 3886 agni
907 3813 1281 3887 pastorisque
1310 3813 1519 3869 Christi
1565 3812 1767 3869 nostri.
1817 3812 1900 3868 Ad
1952 3828 2234 3869 occasum

573 3905 691 3961 diei
720 3904 960 3961 Creator
985 3908 1183 3959 noster
1208 3918 1315 3975 pro
1347 3903 1521 3959 nobis
1545 3902 1942 3958 voluntariam
1981 3909 2235 3958 mortem

572 3995 742 4052 obiit.
791 3993 1204 4065 Praescriptum
1255 3998 1381 4049 erat
1431 3992 1790 4048 sacriﬁcium
1844 3991 2060 4059 oﬁ‘erri,
2091 3992 2235 4047 luna

569 4085 806 4157 plenam
837 4082 1031 4138 lucem
1069 4082 1347 4138 habente.
1374 4084 1520 4138 Cum
1562 4087 1762 4137 autem
1821 4082 2090 4137 Salvator
2137 4097 2235 4151 ge-

566 4174 725 4229 neris
747 4172 932 4228 nostri
964 4188 1085 4228 non
1116 4171 1311 4227 solum
1332 4171 1515 4226 homo
1539 4170 1889 4241 appelletur,
1910 4170 2008 4227 sed
2056 4174 2227 4253 Deus,

566 4262 790 4318 lunaris
816 4261 1062 4332 quidem
1085 4260 1179 4315 lux
1204 4260 1395 4329 ﬁgura
1416 4260 1763 4325 divinitatis,
1792 4260 1998 4315 lunare
2032 4266 2225 4316 autem

565 4368 781 4423 corpus
796 4351 1057 4421 corporis
1071 4350 1366 4421 assumpti
1379 4391 1391 4403 .
1420 4349 1708 4405 Praeterea
1725 4355 1784 4404 ut
1811 4349 1952 4404 luna
1972 4350 2228 4421 quoties-

563 4455 796 4511 cunque
818 4439 1103 4509 integram
1119 4439 1313 4494 lucem
1335 4438 1546 4510 adepta
1564 4443 1674 4502 est,
1700 4438 1975 4493 universo
1999 4438 2226 4494 mundo

561 4529 682 4584 dux
709 4533 940 4599 praeest,
962 4527 1293 4599 eodemque
1320 4528 1498 4582 modo
1531 4527 1793 4584 Salvator
1821 4532 2039 4592 noster,
2061 4527 2225 4583 obita

2421 3728 2557 3797 Πρὸς
2602 3724 2821 3799 ἑσπέραν
2875 3722 2933 3778 δε
2975 3725 3144 3779 ἐθύετο
3198 3730 3223 3779 ό
3271 3728 3451 3800 ἀμνὸς,
3503 3732 3583 3783 ότι
3633 3735 3804 3784 τύπον
3838 3755 3963 3806 προ-

2350 3808 2594 3886 διέγραφε
2651 3820 2743 3865 τοῦ
2786 3812 3032 3871 ἀληθινοῦ
3074 3814 3236 3887 ἀμνοῦ
3293 3823 3381 3869 καὶ
3425 3824 3670 3890 ποιμένος
3724 3830 3964 3895 Χριστοῦ

2345 3908 2436 3953 τοῦ
2484 3910 2617 3954 Θεοῦ
2659 3904 2824 3974 ἡμῶν·
2877 3902 2961 3955 ἐπὶ
3000 3901 3234 3977 δυσμαῖς
3278 3909 3379 3980 γὰρ
3430 3916 3529 3959 τῶν
3576 3908 3786 3961 αἰωνων
3819 3920 3910 3963 καὶ
3943 3915 3966 3962 ό

2343 3990 2580 4052 πλάστης
2632 3995 2717 4043 τὸν
2770 3993 2895 4065 ὑπὲρ
2955 3995 3099 4065 ἡμῶν
3156 3994 3390 4047 ἑκούσιον
3438 3997 3643 4054 ὑπέστη
3716 4001 3961 4052 θανατω-

2343 4078 2669 4151 πλησιφαοῦς
2725 4076 2783 4133 δὲ
2827 4090 2919 4141 τῆς
2960 4082 3171 4145 σελήνης
3221 4088 3380 4147 οὲσης
3426 4092 3733 4158 προσήγετο
3783 4095 3845 4141 τὸ
3878 4094 3963 4141 θῦ-

2340 4184 2433 4238 μα⁶
2484 4167 2590 4221 ἐπεὶ
2630 4175 2717 4220 καὶ
2758 4170 2782 4220 ό
2822 4178 2912 4221 τοῦ
2960 4175 3138 4241 γένους
3194 4174 3339 4243 ἡμῶν
3387 4179 3565 4246 Σωτὴρ
3613 4176 3716 4227 οὐκ
3762 4180 3963 4249 ἀνθρω-

2338 4275 2434 4317 πος
2486 4262 2639 4329 μόνον
2687 4256 3061 4333 ἐχρημάτιζεν,
3112 4258 3241 4312 ἀλλά
3285 4268 3372 4314 xui
3418 4268 3563 4323 Θεὸς
3638 4271 3734 4317 xui
3801 4272 3961 4318 τύπον

2337 4348 2426 4417 μὲν
2479 4355 2568 4406 τῆς
2620 4351 2874 4407 Θεότητος
2931 4352 3069 4422 φέρει
3122 4354 3178 4401 τὸ
3232 4359 3355 4421 φῶς,
3402 4354 3460 4402 τὸ
3523 4348 3583 4403 δε
3643 4355 3961 4412 calx-pium:

2339 4443 2490 4506 σῶμα
2519 4443 2614 4497 τῆς
2646 4436 3072 4508 προσληφθείσης
3122 4456 3332 4511 σαρκοςο
3385 4439 3515 4497 πλὴν
3572 4440 3768 4501 ἐπειδὴ
3832 4448 3963 4496 κατὰ

2334 4530 2426 4583 τὴν
2485 4531 2850 4597 κοσμογένειαν
2898 4526 3159 4600 ὁλοκλήρῳ
3235 4534 3363 4599 φωτὶ
3411 4531 3877 4603 καταλ.αμπομέντ;
3934 4540 3957 4591 ἑ

561 4624 767 4686 morte,
814 4623 1028 4671 cuncta
1072 4618 1514 4671 recreaveritac
1566 4616 1845 4685 refecerit,
1903 4616 2064 4671 haud
2117 4615 2220 4672 im-

2351 4614 2520 4673 τελήνη
2561 4613 2809 4686 λαμϐάνει
2844 4620 2934 4673 τὴν
2984 4622 3315 4689 προαγωγὴν,
3373 4619 3397 4669 ό
3454 4615 3514 4670 δε
3563 4629 3659 4671 τοῦ
3713 4631 3963 4683 Σωτῆρος

561 4709 770 4763 merito
826 4706 968 4761 luna
1014 4712 1154 4759 tunc
1194 4705 1475 4778 temporis
1524 4706 1602 4761 ab
1650 4722 1721 4761 eo
1777 4705 1879 4777 qui
1925 4707 2222 4776 sapienter

558 4795 762 4853 omnia
792 4796 961 4865 regit,
994 4795 1285 4865 integram
1318 4796 1510 4851 lucem
1542 4795 1818 4851 exhibere
1844 4795 2013 4871 jussa
2042 4800 2145 4851 est.

753 5100 1072 5165 QUABSTIO
1106 5101 1340 5156 (ICXCVI
1375 5097 1602 5172 [Coils.,
1639 5099 1817 5155 Taur.
1852 5097 2011 5171 ClX].

557 5185 715 5255 Quid
743 5203 817 5246 ex
863 5190 949 5245 his
1000 5189 1188 5244 verbis
1228 5189 1674 5257 intelligendum
1713 5210 1733 5237 ι
1770 5190 1993 5244 Ponam
2013 5204 2215 5245 arcum

1051 5277 1241 5317 meum
1272 5261 1335 5316 in
1364 5260 1616 5315 nubibus
1635 5257 1663 5313 ?
1690 5281 1711 5309 ι

2332 4706 2456 4777 ὑπὲρ
2496 4712 2587 4756 τοῦ
2642 4708 2821 4775 γένους
2873 4706 3091 4767 Θάνατος
3139 4704 3418 4758 ἀνανέωσιν
3471 4727 3525 4759 τε
3575 4715 3671 4762 xui
3731 4712 3959 4763 ἀνακαί-

2330 4814 2464 4845 νισιν
2497 4793 2911 4868 ἐπραγματεύετο
2944 4804 3033 4847 τοῦ
3064 4801 3272 4861 παντὸς,
3318 4797 3529 4859 εἰκότως
3580 4802 3608 4857 η
3666 4803 3871 4860 σελήνη
3906 4810 3957 4854 τε

2330 4892 2430 4956 φῶς
2478 4882 2726 4956 ἀμείωτον
2774 4884 2887 4935 κατ’
2937 4883 3094 4936 έκεῖνο
3143 4894 3329 4959 καιροῦ
3375 4892 3633 4960 παρέχειν
3698 4893 3810 4943 ὑπὸ
3872 4900 3952 4943 τεῷ

2328 4974 2497 5024 πάντα
2538 4980 2708 5045 σοφῶς
2738 4972 3126 5045 οἰκονομοῦντος
3162 4973 3465 5048 ἀπετάχθη.

2873 5105 3187 5154 armum;
3228 5085 3394 5183 ὡς’.

2433 5210 2496 5258 Τί
2525 5205 2658 5271 ἔστι,
2693 5226 2721 5257 (ι
2755 5210 2919 5264 Θὴσω
2948 5210 3006 5259 τὸ
3037 5207 3182 5269 τόξον
3226 5226 3327 5279 μου
3358 5206 3405 5260 ἕν
3447 5216 3509 5281 τῇ
3538 5211 3725 5285 νεφέλῃ
3760 5232 3779 5284 ;
3816 5233 3848 5267 ›

1301 5368 1453 5417 Edita
1482 5381 1515 5417 a
1544 5368 1677 5417 Maio
1706 5368 1762 5430 (ι.
1789 5381 1835 5417 c.
1861 5380 1913 5431 p.
1945 5368 2052 5425 150,
2080 5382 2130 5432 q.
2159 5368 2233 5415 30t

2351 5366 2716 5429 -Explanatio
2750 5366 2805 5415 in
2832 5366 2958 5415 Gen.
2986 5377 3063 5425 Ix,
3098 5367 3173 5416 13.

623 5474 836 5525 Arcum
860 5467 919 5523 in
943 5466 1217 5533 nubibus,
1247 5467 1556 5536 gentilium
1581 5467 1685 5522 ﬁlii
1707 5466 2021 5540 quoddam
2046 5471 2215 5523 natu-

550 5557 671 5615 rale
687 5562 897 5631 putant
918 5556 1273 5629 opus,'quod
1293 5572 1488 5621 suam,
1514 5557 1671 5613 unde
1696 5556 1843 5613 solet
1863 5555 2057 5613 nubes
2074 5572 2217 5616 con.

550 5646 917 5704 stitutionem
946 5643 1161 5717 accipit
1191 5661 1206 5712 ;
1237 5644 1378 5701 divo
1407 5650 1607 5701 autem
1638 5644 1822 5717 Moysi
1849 5650 2149 5718 quantum
2180 5661 2212 5702 e

2392 5468 2460 5519 Τό
2505 5462 2564 5518 δὲ
2614 5462 2662 5517 ἰν
2706 5471 2767 5537 τῇ
2809 5464 2983 5537 νεφέλῃ
3032 5465 3176 5528 τόξον
3204 5464 3455 5526 Ἑλλήνων
3487 5469 3581 5540 μὶν
3622 5466 3829 5533 παῖδες
3857 5490 3943 5539 ενι

2324 5560 2469 5609 σικόν
2525 5575 2577 5608 τι
2622 5556 2928 5629 νομίζουσιν
2985 5557 3154 5629 ἔργον,
3222 5561 3315 5610 xui
3361 5556 3449 5629 ἀφ’
3508 5556 3571 5611 οὗ
3602 5560 3818 5633 νεφέλαι
3862 5564 3942 5611 ui

2323 5645 2481 5712 ἣλιος,
2514 5645 2717 5700 κάκεῖνο
2742 5648 2835 5705 τὴν
2867 5647 3127 5701 σύστασιν
3170 5644 3435 5719 λαμϐάνω
3500 5655 3576 5722 τῷ
3625 5646 3692 5705 δέ
3754 5670 3818 5723 γε
3870 5651 3939 5701 ϐε-
