4026 6206
125 276 292 332 1129

977 277 1076 334 AD
1112 278 1668 335 AMPHILOCHIUM
1709 275 2034 350 QUESTIO
2075 276 2692 337 CCXClV-CCXCVIII.

3369 268 3515 336 U30

131 406 354 474 σπεσίῳ
391 408 608 456 Μωύσεί
650 404 771 457 ὅσον
812 401 912 457 ἀπὸ
965 413 1056 466 τῆς
1109 411 1208 458 τών
1249 404 1427 468 λέξεων
1461 412 1734 479 προφανοῦς

1866 403 2302 474 signiﬁcatione
2331 405 2644 462 verborum
2677 404 2808 477 ejus
2832 403 3217 477 perspicuum
3247 408 3352 470 est,
3390 419 3514 461 non

133 497 424 563 σημασίας
464 492 559 544 ούκ
602 488 771 546 ἐδόκει
810 495 984 559 τούτὸ,
1018 493 1144 546 ἀλλά
1177 498 1471 569 σύγχρονον
1517 497 1646 547 εἶναι
1683 503 1746 568 τῇ

126 577 402 654 δεδομένη
437 577 666 655 διαθήκη
702 602 715 614 ·
755 602 783 634 (ι
809 579 950 636 Ἰδού
994 587 1120 656 γὰρ,
1153 589 1304 656 φησὶ,
1355 586 1541 657 τίθημι
1571 588 1628 636 τό
1666 589 1750 637 τό-

132 670 229 731 ξον
300 690 402 740 μου
451 673 498 723 ἓν
545 678 607 742 τῇ
658 671 856 745 νεφέλη,
904 675 967 732 ὡς
1027 679 1113 724 νῦν
1185 675 1449 745 τιθεμένου
1503 677 1592 726 καὶ
1653 682 1749 736 τῆς

130 754 415 821 διαθήκης
443 763 868 832 χρηματίζοντος
907 766 1124 832 σημείου
1161 780 1174 792 ·
1224 785 1242 812 ι
1287 760 1437 815 οὐδὲν
1466 759 1525 816 δι
1554 764 1746 816 ἄτοπον

131 846 328 900 ἐννοεῖν
379 854 469 900 καὶ
526 852 727 920 φάσεως
773 852 863 921 μὲν
903 848 1153 924 ἀπαρχὴν
1188 851 1460 927 [ἀπαρχῆς
1490 853 1538 923 ⁸1]
1581 872 1745 928 προσ-

131 936 302 995 ϐολήν
355 935 484 990 εἶναι
532 941 589 990 τό
628 939 793 1009 τόξον⁹
828 937 913 992 ἐπὶ
959 939 1241 1012 βεϐαιώσει
1291 939 1350 994 δὲ
1380 951 1470 1002 τῆς
1501 946 1628 1018 πρὸς
1658 947 1744 994 τὸν

128 1033 260 1079 Νῶε
322 1023 581 1089 διαθήκης
624 1031 683 1080 τό
746 1035 895 1081 Θεῑον
947 1029 1070 1082 αύτό
1122 1030 1538 1105 προσλαμϐάνειν
1567 1053 1580 1065 ·
1637 1029 1743 1084 οἷον

131 1119 207 1178 ὡς
258 1116 303 1169 εἰ
344 1116 590 1188 λέγοντες,
619 1118 700 1169 ὅτι
742 1118 836 1180 ἕως
872 1117 933 1170 ἆν
977 1126 1128 1172 τοῦτο
1175 1124 1390 1191 γένηται
1437 1125 1527 1173 καὶ
1574 1123 1604 1179 ἡ
1647 1123 1741 1194 φύ-

135 1225 228 1268 σις
279 1209 339 1258 τό
397 1205 582 1258 οἰκεῖον
630 1205 956 1282 προϐάληται
1015 1212 1182 1282 ἔργον,
1238 1208 1332 1261 ούκ
1379 1211 1530 1262 ἔσται
1585 1230 1743 1264 κατα-

452 1315 482 1346 κ
524 1296 570 1347 θ’
606 1293 623 1310 ⁸
686 1294 727 1330 ἰ
922 1299 943 1316 ⁸
1072 1315 1084 1326 ⁸

488 1316 520 1347 α
600 1315 634 1347 α
680 1315 740 1348 αν
788 1316 865 1357 τις
899 1315 1038 1349 ειποι

131 1385 166 1442 ἡ
203 1384 418 1448 σελήνη,
464 1389 553 1436 καὶ
609 1385 702 1448 ἕως
753 1384 814 1437 ἃν
873 1387 898 1437 6
947 1385 1087 1447 ἣλιος
1122 1390 1208 1439 τὸν
1262 1387 1494 1461 ούράνιον
1535 1385 1739 1462 διατρέ-

1153 1491 1163 1503 ·
1216 1477 1337 1548 ὅπερ
1386 1475 1527 1528 ἐστίν
1568 1491 1583 1507 ο
1615 1475 1742 1536 Ἕως

131 1563 164 1618 ἡ
201 1564 361 1633 φύσις
414 1565 502 1614 τόν
549 1563 733 1616 οἰκεῖον
775 1566 950 1638 εἱρμὸν
1002 1561 1257 1625 διασώζει
1286 1570 1374 1617 καὶ
1421 1569 1552 1640 πρός
1592 1566 1741 1619 λύσιν

129 1295 373 1367 κλυσμός
408 1313 420 1324 ·
452 1296 570 1347 καθ’
600 1295 634 1347 ἆ
680 1295 740 1348 ἀν
788 1316 865 1357 τις
899 1299 1038 1349 εἴποι
1072 1315 1084 1326 ³
1125 1296 1253 1360 "Em;
1286 1295 1372 1350 οὖν
1403 1298 1738 1373 ἀνταναιρεθῇ

131 1494 255 1544 χων
307 1473 462 1526 πόλον
508 1475 576 1525 τὰ
630 1471 834 1546 ἐπίγεια
887 1476 1100 1547 φωτίζει

134 1652 194 1702 ού
259 1649 583 1727 διαστρέφει,
617 1654 711 1716 ἕως
755 1659 870 1707 τότε
920 1657 979 1706 τὸ
1029 1653 1346 1728 ἀνθρώπινον
1395 1660 1536 1727 γένος
1585 1676 1739 1709 κατα-

1862 492 2021 549 idem
2059 492 2296 550 videtur
2324 495 2428 550 sed
2476 510 2741 551 coaevum
2789 493 2966 550 fuisse
2992 507 3198 549 arcum
3238 493 3510 550 concessi

1861 581 1996 637 olim
2022 582 2372 639 hominibus
2411 583 2766 640 Testamenti
2800 599 2813 638 :
2861 603 2885 635 ‹‹
2912 582 3075 649 Ecce,
3119 583 3308 654 inquit
3337 585 3509 650 Deus,

1861 687 2021 742 pono
2054 687 2264 728 arcum
2297 690 2496 729 meum
2521 675 2582 730 in
2609 673 2895 742 nubibus,
2930 672 3110 729 eterit
3140 673 3383 742 signum
3406 671 3514 728 ἰω-

1856 761 2012 816 deris
2036 761 2330 834 pactique.
2356 783 2382 815 »
2408 764 2640 820 Minime
2667 769 2866 820 autem
2899 762 3233 818 absurdum
3272 760 3512 817 credere

1856 866 2062 907 arcum
2092 852 2269 924 quasi
2307 853 2600 925 adjectum
2633 852 2837 909 statim
2869 851 3051 907 verbo
3065 854 3372 907 auctorem
3389 865 3511 922 quo

1857 945 1981 1018 ipse
2008 950 2161 1004 Deus
2193 945 2574 1002 conﬁrmaret
2602 957 2779 998 suum
2830 957 2968 996 cum
3009 943 3232 996 Noemo
3293 938 3509 994 fmdus.

1856 1035 2103 1093 Perinde
2133 1052 2204 1093 ac
2225 1036 2272 1091 si
2301 1034 2528 1090 dictum
2567 1035 2722 1088 esset
2751 1029 3019 1102 quandiu
3049 1029 3345 1085 arcusiste
3373 1043 3507 1100 per-

1856 1125 2141 1191 manebit,
2164 1131 2220 1181 et
2259 1129 2476 1179 natura
2501 1137 2668 1177 suum
2698 1136 2853 1191 opus
2883 1123 3147 1191 peraget.
3208 1120 3337 1174 Non
3403 1118 3510 1174 erit

1852 1213 2163 1280 diluvium,
2198 1213 2364 1286 quod
2393 1213 2553 1268 idem
2581 1214 2668 1266 est
2695 1216 2872 1281 atque
2915 1225 2928 1263 :
2993 1206 3272 1273 Quandiu
3328 1206 3514 1262 stabit

1851 1302 2013 1368 luna,
2041 1309 2096 1358 et
2122 1302 2208 1358 sol
2241 1301 2459 1357 caelum
2493 1313 2871 1371 percurrens,
2924 1294 3220 1351 terrestria
3284 1294 3508 1350 illumi-

1853 1392 2021 1448 nabit
2043 1412 2059 1460 ;
2082 1389 2192 1457 vel,
2215 1389 2490 1457 Quandiu
2523 1394 2739 1444 natura
2765 1387 2887 1441 suis
2901 1385 3076 1440 nodis
3112 1383 3504 1453 astringetur,

1851 1485 1907 1535 et
1930 1479 2008 1535 ad
2039 1479 2496 1536 dissolutionem
2513 1492 2632 1532 non
2671 1479 2949 1531 vertetur.
2980 1473 3187 1529 tandiu
3204 1471 3505 1543 genushu-

1855 1582 2092 1624 manum
2123 1567 2348 1623 diluvio
2381 1582 2502 1622 non
2543 1565 2842 1637 punietur,
2923 1561 3235 1633 Syriorum
3277 1576 3380 1616 rex
3413 1559 3494 1616 ad

1854 1655 2124 1711 Elisasum
2151 1655 2298 1711 misit
2325 1655 2429 1727 qui
2458 1654 2621 1709 hunc
2642 1653 2716 1708 de
2739 1651 2892 1722 regis
2929 1650 3051 1706 vita
3078 1651 3481 1719 interrogaret,

133 1740 356 1812 κλυσμῷ
405 1741 732 1816 ἀτιμώρητον
784 1743 971 1796 έσταιο
1018 1745 1045 1795 6
1104 1739 1162 1796 δε
1203 1742 1448 1816 βασιλεὺς
1507 1753 1602 1806 τῆς
1650 1754 1734 1798 Συ-

1850 1743 2127 1817 quamvis
2148 1744 2248 1800 ille
2278 1759 2401 1800 non
2433 1745 2571 1809 Deo,
2629 1741 2735 1797 sed
2793 1739 2967 1796 idolis
2998 1737 3322 1794 inserviret.
3357 1740 3493 1794 Pro-

131 1835 256 1903 ρίας
305 1834 490 1903 μαθεῖν
539 1830 841 1885 ἀποστέλλει
905 1839 1022 1906 περὶ
1077 1841 1176 1896 τῆς
1224 1833 1360 1894 ζωῆς
1403 1835 1563 1887 αὐτοῦ
1612 1840 1742 1911 πρὸς

132 1924 222 1971 τὸν
270 1919 570 1973 Ἐλισσαῖον
603 1939 616 1952 ·
667 1926 842 1974 καίτοι
910 1927 980 1994 μὴ
1027 1930 1099 1993 τῷ
1154 1929 1289 1992 Θεῷ,
1349 1921 1457 1975 ἀλλ’
1505 1920 1740 1986 εἰδώλοις

131 2008 416 2083 λατρεύων,
449 2011 530 2062 ὃτι
571 2015 844 2083 προφήτην
873 2011 1028 2063 αὐτὸν
1059 2019 1335 2084 πανταχοῦ
1367 2007 1669 2084 διήγγελλεν
1705 2015 1735 2070 ἡ

133 2103 306 2170 φήμη,
334 2104 426 2152 καὶ
466 2100 496 2157 ἠ
539 2105 688 2163 νόσος
719 2099 977 2153 ἰπιστᾶσα
1017 2108 1090 2171 τῷ
1133 2099 1346 2173 βασιλεῖ
1376 2101 1740 2173 συνηνάγκαζε

131 2189 398 2240 πυθέσθαι
425 2191 554 2261 πρὸς
575 2190 680 2242 οἷον
709 2188 1034 2248 ἀποϐήσεται
1064 2189 1224 2252 τέλος.

695 2321 1009 2369 sparum);
1049 2300 1190 2376 252'.

128 2405 345 2462 Δίκαιος
389 2398 449 2455 δὲ
491 2404 517 2456 ὀ
561 2410 676 2456 Νῶε
723 2405 1026 2480 τυγχάνων,
1064 2401 1218 2480 βιατί
1257 2403 1528 2457 ἁλίσκεται
1579 2408 1734 2480 μέθη,

611 2481 699 2528 καὶ
729 2472 1023 2530 addidebet
1053 2473 1208 2535 δίκην
1238 2495 1250 2543 ;

1851 1834 2042 1905 pheta
2073 1839 2272 1890 autem
2316 1833 2482 1889 fama
2544 1830 2807 1904 undique
2851 1827 3205 1902 pervulgata
3271 1833 3417 1893 erat,
3445 1831 3504 1884 et

1849 1921 2186 1977 istiusmodi
2210 1928 2336 1978 erat
2376 1921 2629 1978 morbus
2660 1920 2786 1990 regi
2842 1918 3079 1974 instans
3127 1922 3188 1973 ut
3243 1931 3489 1972 necesse

1848 2011 2015 2068 ﬁeret
2045 2010 2331 2068 sciscitari
2359 2027 2542 2085 quem
2557 2011 2634 2068 ad
2664 2010 2844 2067 ﬁnem
2885 2009 3150 2066 exiturus
3187 2009 3360 2063 esset.

2027 2316 2348 2382 QUA‘JSTIO
2381 2312 2670 2370 CCXCVII
2695 2312 2922 2386 [Coisl.,
2961 2312 3140 2369 Taur.
3214 2309 3356 2381 CX']

1849 2407 1990 2464 Cum
1998 2409 2203 2477 justus
2231 2408 2368 2460 esset
2395 2404 2542 2472 Noe,
2576 2417 2686 2458 cur
2710 2401 3004 2529 eblriefatis
3024 2405 3280 2472 argutus
3294 2412 3498 2469 poenas

2549 2489 2669 2529 non
2697 2489 2757 2529 so
2789 2487 2862 2529 va
2895 2515 2906 2527 .

2549 2489 2669 2529 non
2697 2487 2906 2530 εοιυαε.

562 2581 719 2632 Edita
742 2596 775 2632 a
805 2583 944 2633 Maio
973 2583 1028 2645 (l.
1062 2597 1108 2632 c.
1140 2599 1187 2648 p.
1223 2584 1330 2639 150,
1359 2598 1412 2647 q.
1441 2584 1572 2646 207).
1607 2608 1666 2622 —
1701 2586 1774 2634 Dc
1799 2585 1907 2634 Noe
1937 2584 2086 2634 ebrio
2108 2595 2207 2632 nec
2233 2584 2412 2633 tamen
2440 2581 2648 2645 punito.
2681 2580 2808 2629 Gen.
2841 2591 2914 2636 1x,
2944 2579 3024 2628 21.

196 2702 410 2758 Δίκαιος
479 2695 539 2751 δι
601 2700 628 2750 ὁ
667 2701 781 2755 Νῶε
826 2701 1105 2772 τυγχάνων
1155 2699 1426 2753 ἁλίσκεται
1467 2702 1596 2774 μέθη
1639 2705 1731 2753 καὶ

121 2787 181 2838 ού
233 2783 435 2839 δίδωσι
486 2783 662 2854 δίκην,
705 2790 786 2840 ὃτι
831 2793 964 2860 μήτε
1009 2787 1242 2863 ἀκρασίᾳ
1277 2794 1596 2864 κεχρημένος
1637 2793 1732 2848 τὴν

120 2876 290 2946 μέθην
344 2876 566 2940 ὑπέστη,
625 2881 713 2929 καὶ
765 2881 918 2949 νόμον
972 2876 1066 2929 ούκ
1123 2874 1238 2949 εἶχε
1294 2886 1390 2939 τῆς
1447 2877 1522 2939 εἰς
1580 2883 1731 2951 κόρον

123 2964 450 3035 ἀπείργοντα
503 2966 803 3026 οἱνοποσίας
833 2985 846 2999 ·
880 2965 1040 3027 ἄλλως
1084 2986 1138 3019 τε
1189 2963 1249 3019 δε
1299 2971 1388 3018 καὶ
1431 2966 1614 3038 ἀγνοίᾳ
1642 2975 1732 3027 τῆς

120 3058 401 3128 χρήσεως,
425 3053 533 3106 ἀλλ’
579 3055 707 3127 ούχὶ
735 3053 1030 3128 πολυποσίᾳ
1075 3059 1352 3108 κατέπεσεν
1401 3057 1472 3117 εἱς
1515 3058 1673 3128 μέθην
1714 3073 1728 3087 ο

124 3145 437 3215 κιρνάμενος
481 3145 582 3215 γὰρ
631 3145 657 3196 6
705 3139 835 3204 οἶνος
877 3143 982 3215 οὐχ
1027 3143 1188 3205 οὕτως
1230 3152 1329 3195 τῶν
1361 3142 1733 3196 ἐπιθολούντων
1769 3105 1809 3160 C

129 3230 311 3303 ἀτμῶν
359 3236 448 3284 τόν
499 3231 772 3305 ἐγκέφαλον
820 3232 1014 3307 πληροῖ
1058 3237 1148 3285 καὶ
1191 3237 1248 3285 τὸ
1288 3234 1592 3306 ἡγεμονικόν
1626 3234 1734 3285 ἑπι-

127 3325 407 3384 σκοτίζεισ
473 3322 503 3378 ἡ
565 3317 623 3374 δὲ
672 3323 900 3394 ἄκρατος
946 3325 1132 3374 τούτου
1171 3325 1445 3395 προσφορά
1500 3323 1735 3396 θερμοτέ-

122 3430 249 3484 ρους
317 3413 530 3470 τούτους
596 3408 923 3483 ἀναφέρουσα
987 3417 1078 3464 καὶ
1131 3408 1475 3484 δριμυτέρους
1522 3416 1611 3463 καὶ
1681 3410 1734 3474 ἐξ

123 3499 309 3570 ὀλίγου
359 3503 588 3570 πόματος
645 3500 878 3572 μαλιστα
933 3507 1038 3561 τοῖς
1074 3499 1350 3560 ἀσυνήθως
1398 3503 1528 3572 πρὸς
1578 3507 1732 3554 τοῦτο

122 3585 479 3661 διακειμένοις
521 3588 851 3660 ἐνεργάζεται
907 3593 964 3642 τό
1013 3591 1174 3649 πάθος
1230 3609 1242 3621 ·
1298 3589 1424 3648 πλὴν
1476 3591 1501 3642 ό
1543 3591 1730 3642 θεσπέ-

125 3697 244 3739 σιος
276 3677 496 3742 Παῦλος,
529 3681 628 3750 πρὸ
657 3679 686 3735 ἠ
695 3686 803 3749 μῶν
834 3680 920 3730 τὸν
951 3679 1077 3750 ὑπὲρ
1108 3677 1270 3729 αὐτοῦ
1300 3684 1522 3730 ποιεῖται
1555 3678 1723 3750 λόγον,

126 3767 445 3839 ιἈμαρτία,
485 3768 719 3839 φάσκων,
753 3766 846 3818 ούκ
877 3765 1152 3838 έλλογεῖτο,
1179 3771 1250 3838 μὴ
1289 3771 1429 3829 ὄντος
1457 3772 1615 3840 νόμου
1649 3785 1662 3797 θ
1700 3789 1724 3820 ε

121 3852 215 3908 διὸ
275 3855 438 3907 πολλὰ
485 3855 546 3908 ἄν
575 3855 746 3929 εὕροις
774 3859 910 3908 κατὰ
955 3860 1049 3915 τὴν
1093 3856 1319 3909 παλαιάν
1350 3855 1545 3915 ἐκείνην
1584 3857 1727 3910 πολι-

119 3948 266 3996 τείαν
315 3948 430 4004 τοὺς
463 3947 785 4016 θαυμασίους
842 3943 1064 4008 ἐκείνους
1110 3942 1308 4018 ἄνδρας
1363 3942 1728 4021 διαπεπραχό-

117 4051 215 4093 τας
285 4031 342 4095 ἐξ
407 4031 660 4108 ἀπειρίας,
713 4033 768 4096 ἐξ
832 4034 900 4085 ὧν
978 4034 1156 4097 αὐτοῖς
1222 4031 1446 4106 ούδεμία
1498 4054 1728 4107 παρηκο-

118 4122 353 4180 λούθησε
392 4119 516 4179 δίκη
547 4139 560 4151 °
616 4126 727 4174 νυνὶ
783 4118 845 4176 δε
883 4121 990 4176 ἐπεὶ
1019 4124 1142 4196 παρ’
1173 4125 1298 4195 ἡμῖν
1338 4127 1426 4175 καὶ
1454 4127 1604 4195 νόμοι
1638 4129 1728 4177 καὶ

118 4220 227 4262 τῶν
279 4215 542 4285 πρακτέων
580 4213 609 4270 ἡ
660 4220 852 4283 γνῶσις
900 4211 1305 4285 έπιφανεστάτη,
1345 4210 1565 4284 εὐλόγως
1612 4219 1728 4274 τοὺς

115 4298 555 4372 παραϐεϐηκότας
602 4301 633 4358 ἡ
691 4307 790 4362 τῆς
850 4305 1174 4377 παρανομίας
1257 4296 1582 4373 ὑποδέχεται
1654 4320 1728 4354 τι-

114 4393 318 4461 μωρία.

677 4521 988 4569 ararum:
1028 4500 1175 4576 2511'.

121 4604 288 4656 Πόθεν
340 4604 452 4654 ἔστι
504 4610 596 4666 τῆς
625 4603 1032 4676 Γραφῆςλαϐεῖν
1086 4605 1185 4656 ὑπὸ
1229 4612 1321 4656 τού
1358 4600 1608 4657 διαϐόλου
1638 4607 1725 4657 τὸν

641 4672 814 4748 ’Ᾱδάμ
842 4674 1174 4734 ἀπατηθῆναι
1197 4692 1211 4741 ;

1916 2701 2062 2755 Cum
2087 2699 2288 2770 justus
2311 2702 2473 2753 esset
2500 2700 2638 2762 Noe,
2682 2695 2985 2752 ebrietatis
3043 2694 3332 2768 arguitur,
3393 2707 3502 2750 nec

1844 2805 2052 2860 poenas
2084 2788 2273 2853 solvit,
2317 2787 2462 2859 quia
2488 2802 2612 2843 non
2647 2801 2720 2842 ex
2777 2784 3238 2857 intemperantia
3294 2782 3497 2840 ebrius

1841 2875 2034 2933 factus
2061 2882 2169 2941 est,
2201 2879 2254 2932 et
2295 2875 2564 2932 nondum
2593 2875 2888 2930 adversus
2927 2873 3195 2930 ebriosos
3218 2872 3495 2929 homines

1841 2966 1962 3022 lata
1991 2971 2117 3021 erat
2143 2965 2256 3033 lex,
2282 2965 2615 3037 praesertim
2644 2980 2782 3020 cum
2813 2963 2931 3020 vini
2985 2962 3227 3027 inscius,
3279 2976 3402 3018 non
3432 2974 3495 3015 se

1843 3054 2029 3110 nimia
2046 3054 2368 3126 cupiditate
2396 3053 2642 3110 bibendi
2673 3053 2813 3109 vino
2830 3053 3071 3108 obrutus
3116 3051 3190 3107 sit
3222 3067 3236 3118 ;
3270 3054 3498 3122 tempe-

1842 3148 2035 3200 ratum
2064 3159 2238 3215 aqum
2269 3142 2479 3198 vinum
2509 3157 2632 3198 non
2661 3142 2814 3199 adeo
2842 3141 3183 3197 turbulento
3209 3139 3492 3204 anhelitu,

1843 3231 2396 3303 cerebrumimplet,
2430 3237 2732 3304 caputque
2761 3229 3136 3286 obtenebrat.
3194 3231 3490 3285 Meracum

1843 3326 2042 3378 autem
2083 3323 2289 3376 vinum
2317 3320 2620 3377 calefactis
2645 3319 2991 3377 hominibus
3006 3318 3298 3375 feritatem
3328 3315 3497 3373 addit

1841 3412 1933 3468 vel
1961 3411 2194 3468 modice
2221 3412 2528 3480 haustum,
2581 3411 3033 3483 praesertimque
3076 3407 3320 3464 insuetis
3369 3405 3496 3462 ani-

1845 3517 2008 3558 mum
2037 3500 2318 3557 incendit.
2361 3502 2651 3557 Caeterum
2701 3499 2874 3555 divus
2929 3498 3147 3554 Paulus
3215 3500 3353 3554 ante
3379 3509 3492 3552 nos

1840 3607 1965 3647 rem
1989 3590 2454 3662 agitavitdicens
2485 3606 2497 3645 :
2521 3610 2550 3639 «
2582 3589 2902 3646 Peccatum
2929 3592 3130 3644 autem
3155 3601 3282 3644 non
3303 3585 3497 3658 impu-

1840 3680 2318 3752 tabiturquando
2347 3683 2470 3736 non
2493 3683 2652 3736 esset
2688 3679 2782 3734 lex
2811 3679 2856 3714 ¹⁹
2890 3699 2940 3730 ι).
2997 3677 3405 3744 Quamobrem
3434 3676 3497 3732 in

1839 3771 2083 3841 antiqua
2107 3768 2236 3840 lege
2254 3769 2555 3826 mirabiles
2585 3767 2791 3825 videas
2816 3782 3081 3840 persaepe
3107 3767 3265 3822 viros
3279 3764 3495 3839 quibus

1839 3859 1899 3915 id
1938 3859 2252 3932 inexpertis
2282 3858 2514 3926 accidit,
2548 3873 2620 3915 ex
2648 3873 2770 3930 quo
2797 3856 2963 3914 nulla
3001 3861 3201 3912 tamen
3235 3855 3320 3910 eis
3351 3869 3493 3910 con-

1839 3953 2042 4004 secuta
2072 3952 2158 4003 est
2195 3962 2392 4019 poena.
2430 3949 2596 4002 Nunc
2626 3953 2824 4001 autem
2883 3945 3048 4018 apud
3102 3960 3214 4000 nos
3262 3960 3400 4000 cum
3438 3946 3495 4000 et

1836 4036 1931 4092 lex
1951 4041 2008 4091 et
2037 4051 2235 4091 rerum
2291 4051 2427 4108 qum
2482 4040 2618 4090 sunt
2671 4033 2960 4092 faciendas
3010 4032 3270 4102 cognitio
3301 4034 3492 4088 mani-

1838 4124 2053 4180 festata
2080 4124 2174 4186 sit,
2208 4128 2362 4179 recte
2418 4137 2521 4178 eos
2541 4122 2644 4195 qui
2695 4122 2859 4192 leges
2913 4121 3269 4194 transgressi
3330 4125 3490 4178 sunt.

1839 4211 2328 4283 transgressionis
2360 4227 2530 4284 pcena
2576 4210 2810 4284 excipit.

1990 4515 2315 4582 cuiasrlo
2345 4515 2654 4572 ccxcvm
2689 4514 2887 4589 [CoisL
2923 4517 3106 4573 Taur.
3139 4514 3310 4589 CXI].

1835 4606 1933 4662 Ex
1953 4621 2063 4678 quo
2091 4604 2417 4677 Scriptura."
2446 4607 2572 4662 loco
2593 4611 2842 4672 constat,
2875 4605 3173 4678 Adamum
3199 4620 3236 4662 a
3257 4603 3491 4663 diabolo

2426 4679 2729 4748 deceptum
2755 4693 2872 4735 esse
2896 4677 2923 4732 ?

430 4781 701 4831 Editarum
726 4795 756 4831 a
788 4783 989 4834 Wolﬁo
1014 4783 1284 4832 tricesima
1313 4786 1503 4832 octava
1535 4783 1677 4843 (Cur.
1706 4783 1914 4840 Philot,
1949 4787 1985 4834 t.
2025 4784 2085 4841 V,
2125 4798 2178 4848 p.
2210 4785 2322 4842 692,
2350 4785 2461 4834 693.
2498 4783 2739 4835 Galland.
2768 4783 2905 4840 XIII,
2932 4783 3044 4840 709,
3065 4783 3196 4845 710).

190 4897 260 4951 Ὀ
318 4894 378 4950 δι
433 4897 793 4971 έπηρὼτησας,
856 4902 924 4960 ὡς
989 4901 1141 4952 πόθεν
1193 4902 1305 4952 ἐστι
1351 4908 1446 4959 τῆς
1519 4905 1725 4974 Γραφῆς

114 4987 316 5051 λαϐεῖν,
386 4988 486 5039 ύπό
543 4996 634 5040 τοῦ
699 4984 945 5041 διαϐόλου
997 4992 1084 5040 τόν
1137 4984 1312 5059 Ἀδὰμ
1369 4987 1722 5057 ἀπατηθῆναι,

107 5085 256 5130 πᾶσι
309 5079 399 5145 μὲν
436 5075 672 5130 εὐσεϐέσι
701 5077 968 5150 νομίζεται
998 5085 1169 5141 τοῦτο,
1195 5077 1301 5128 ἀλλ’
1327 5079 1356 5136 ἠ
1389 5082 1564 5152 Γραφὴ
1607 5077 1722 5150 (83)

111 5163 216 5218 διὰ
267 5173 359 5218 τοῦ
409 5169 562 5238 ὄφεως
599 5171 752 5239 μόνον
805 5163 1138 5225 ἀπατηθῆναι
1162 5167 1274 5236 (84)
1315 5171 1408 5223 τὴν
1460 5170 1611 5234 Εύαν,
1653 5163 1724 5220 δι’

195 5346 242 5380 ¹⁹
279 5345 444 5400 Rom.
473 5361 528 5410 v,
562 5345 645 5399 t3.

1905 4900 2074 4968 Quod
2091 4901 2334 4974 qumris,
2356 4901 2515 4957 unde
2529 4917 2599 4956 ex
2625 4901 2924 4973 Scriptura
2941 4905 3170 4959 constet
3182 4900 3490 4959 Adamum

1836 5007 1872 5047 a
1901 4990 2144 5047 diabolo
2174 5006 2304 5045 esse
2329 4990 2665 5055 seductum,
2684 4989 2746 5046 id
2775 4989 3023 5062 quidem
3053 4990 3168 5064 piis
3205 4989 3488 5048 omnibus

1835 5079 2210 5151 exploratum
2238 5079 2515 5135 habetur.
2539 5079 2840 5152 Scriptura
2878 5083 3104 5146 tamen,
3136 5094 3272 5152 qua:
3305 5079 3490 5138 Evam

1835 5172 2067 5223 tantum
2107 5182 2213 5239 per
2244 5171 2599 5240 serpentem,
2633 5182 2740 5238 per
2778 5166 2942 5225 illam
2968 5183 3107 5226 vero
3153 5167 3480 5228 Adamum.

1677 5441 1901 5499 ΝΟΤιΕ.

199 5569 328 5648 (:3)
359 5571 694 5648 [ξονι-γραφὴ
723 5567 1012 5648 excidisse
1039 5567 1275 5648 ridetur
1304 5565 1670 5648 facililapsu
1706 5565 2016 5633 librariiji.

194 5635 322 5711 (84)
352 5635 597 5698 Coislin.
629 5635 980 5705 ἀπατηθῆναι,
1031 5637 1193 5694 Colb.
1229 5635 1604 5696 ἀπαιτηθῆναὶ,
