4026 6206
575 254 711 311 1131

1781 246 2017 303 PHOTll
2059 244 2547 304 PATRIABCHE
2585 250 2699 309 ΟΡ.

3771 261 3855 317 im

576 381 893 453 deceptum
926 378 1093 443 sistit,
1116 375 1568 433 luculentiorem
1600 374 1831 447 quaesiti
1862 373 2041 444 hujus
2070 371 2227 427 solu-

2354 372 2494 434 ιύτῆς
2565 370 2624 427 δε
2692 380 2779 429 τὸν
2835 375 3008 450 Ἀδὰμ
3060 378 3277 451 εἰσάγει,
3334 388 3754 453 πῳιφανεστέοαν
3801 396 3860 437 τε)

578 472 803 527 tionem
824 468 1012 524 affert.
1043 467 1173 539 Ipse
1194 466 1353 522 enim
1376 465 1662 520 Dominus
1693 468 1887 519 noster
1944 464 2004 518 in
2035 465 2229 517 Evan-

579 559 747 630 geliis
788 574 896 613 nos
934 556 1154 621 docuit,
1189 556 1395 610 dicens
1452 577 1463 609 ;
1504 574 1531 604 «
1600 552 1695 608 Ille
1723 552 1802 607 ab
1845 552 2013 607 initio
2044 553 2229 606 homi-

580 649 711 705 cida
735 648 905 702 est".
948 666 975 697 »
996 644 1371 716 Nequeenim
1400 643 1503 710 ibi,
1522 642 1677 714 quod
1700 641 2002 697 nonnullis
2030 640 2227 695 visum

578 742 681 806 est,
712 736 955 792 Cainum
978 736 1209 800 innuit;
1241 734 1418 789 sedin
1450 732 1651 803 ipsum
1678 732 1963 787 Satanam
2004 730 2228 786 crimen

578 826 689 883 hoc
728 826 923 880 refert.
956 826 1205 893 Serpens
1232 824 1412 888 enim,
1437 822 1540 895 qui
1596 819 1821 876 diaboli
1872 819 2231 875 instrumen-

579 920 696 971 tum
727 918 989 983 vocatur,
1026 912 1173 968 nihil
1198 912 1367 967 dubii
1434 915 1651 973 movet,
1702 909 1927 986 quippe
1955 909 2058 980 qui
2114 908 2228 980 pri-

581 1004 805 1059 marius
844 1007 900 1057 et
929 1002 1205 1074 princeps
1240 1001 1602 1058 seductionis
1642 1008 1849 1060 auctor
1876 997 2074 1058 haberi
2107 1012 2231 1054 non

582 1092 792 1165 possit.
824 1095 1140 1164 Propterea
1170 1107 1309 1147 vero
1339 1107 1445 1162 per
1474 1098 1831 1165 serpentem,
1865 1106 1989 1147 non
2028 1092 2232 1145 autem

582 1198 686 1255 per
733 1181 897 1237 aliud
951 1180 1178 1237 animal
1234 1181 1428 1236 malus
1485 1182 1724 1237 daemon
1772 1180 2040 1237 fraudem
2106 1180 2233 1232 Eva:

580 1272 742 1338 facit,
781 1270 945 1343 quod
975 1268 1193 1326 animal
1216 1269 1360 1325 illud
1410 1271 1641 1327 mulieri
1683 1269 2027 1344 jucundum
2082 1270 2236 1323 esset

581 1362 740 1426 ideo,
764 1359 1072 1432 quoniam,
1104 1374 1213 1431 pro
1235 1358 1522 1429 singulari
1550 1361 1749 1417 indole
1774 1376 1904 1425 sua,
1937 1358 2053 1415 alia
2081 1372 2236 1430 quas-

585 1465 822 1521 cunque
848 1448 1139 1505 imitando
1168 1447 1444 1504 facillime
1458 1450 1792 1521 exprimere
1805 1452 2055 1522 poterat.
2089 1448 2236 1502 Cum

583 1556 726 1597 vero
748 1544 1029 1611 praeterea
1053 1536 1332 1593 diabolus
1361 1538 1584 1593 animal
1608 1540 1719 1595 hoc
1788 1536 2044 1594 naturali
2091 1551 2235 1607 qua-

585 1630 728 1686 dam
759 1627 1075 1696 sagacitate
1096 1626 1448 1681 instructum
1480 1627 1898 1694 videret,idem
1924 1626 2008 1681 illi
2051 1624 2241 1681 maxi-

2340 463 2635 535 ζητήματος
2683 470 2775 524 την
2831 466 2980 518 λύσιν
3020 470 3152 538 ἔχει.
3208 469 3368 532 Αὐτὸς
3421 474 3530 543 γὰρ
3576 473 3602 522 6
3656 475 3805 544 Κύριος
3837 478 3866 527 ἐι

2339 552 2672 624 Εύαγγελίοις
2734 552 2972 619 ἐδίδαξεν
3026 559 3164 629 ημᾶς
3212 558 3361 610 εἰπών
3425 581 3438 591 -
3501 578 3529 609 ι(
3584 562 3781 622 Ἐκεῖνος
3815 566 3869 613 ἀπ’

2340 640 2512 715 ἀρχῆς
2572 643 2989 719 ἀνθρωποκτόνος
3060 646 3218 702 ἐστίν.
3274 670 3297 698 ν
3357 654 3464 702 Καὶ
3534 652 3637 724 γὰρ
3691 652 3793 723 οὐχ,
3835 676 3877 714 ως

2340 730 2491 791 ἐνίοις
2543 729 2706 799 ἔδοξε,
2761 737 2844 787 τὸν
2919 738 3046 789 Κάῐν
3096 740 3295 808 μηνύει,
3364 737 3477 789 ἀλλ’
3532 739 3606 800 εἰς
3651 741 3783 791 αὐτὸν
3824 747 3879 793 ts:

2342 826 2567 872 Σατανᾶν
2632 827 2723 880 τὴν
2804 830 3120 899 κατηγορίαν
3208 824 3468 898 ἀναφέρει.
3523 827 3581 879 Ὀ
3647 831 3736 899 γαρ
3787 834 3881 892 ὄοις,

2342 912 2556 983 ὄργανον
2630 915 2719 983 μὲν
2784 921 2876 964 τοῦ
2945 911 3191 967 διαϐόλου
3250 918 3632 988 χρηματίζων,
3695 916 3885 989 οὖδεμίεν

2341 1002 2634 1074 παρέχεται
2686 1001 2907 1075 ἀπορίαν
2969 1003 3260 1076 αὐτουργός
3336 1002 3394 1058 δὲ
3468 1012 3563 1057 καὶ
3635 1014 3888 1077 πρωταίτιθς
3972 1006 3973 1039 ῖ

2343 1096 2434 1148 τῆς
2486 1087 2691 1151 ἀπάτης
2718 1088 2966 1163 οὐδαμῶς
3004 1092 3063 1144 ἂν
3113 1096 3213 1165 ἔχη
3263 1114 3450 1167 χωραν
3492 1098 3804 1166 νομισθῆναι.
3829 1104 3893 1150 Διὰ

2343 1186 2493 1231 τοῦτο
2550 1176 2627 1245 δε,
2655 1184 2744 1232 καὶ
2788 1181 2915 1253 οὐχὶ
2961 1179 3034 1234 δι’
3064 1182 3219 1235 ἄλλου
3252 1184 3410 1249 ζώου,
3440 1187 3703 1258 προσάγει
3725 1186 3747 1235 6
3773 1206 3892 1243 ποντ-

2343 1269 2433 1338 ρός
2488 1272 2582 1326 τὴν
2642 1268 2844 1329 ἀπάτην
2885 1279 2946 1341 τῆ
2984 1275 3108 1344 Εὕα,
3142 1274 3222 1324 ὅτι
3268 1278 3655 1347 κεχαρισμένον
3694 1273 3747 1331 ἦν
3786 1285 3895 1327 rain

2344 1358 2402 1408 τό
2455 1359 2584 1419 ζῶον
2628 1366 2689 1430 τῇ
2736 1363 2965 1429 γυναικὶ,
2998 1356 3091 1412 διὰ
3133 1368 3222 1412 τοῦ
3270 1366 3364 1418 τὴν
3401 1362 3571 1419 ἄλλην
3617 1363 3802 1433 εὐφυίαν
3836 1373 3897 1415 χαι

2345 1447 2475 1519 πρὸς
2520 1448 2576 1497 τὸ
2616 1450 2954 1519 μιμήσασθαι
3012 1445 3231 1501 δυνατόν
3286 1447 3367 1508 ἧν.
3400 1450 3609 1511 ’Ἄλλως
3655 1470 3705 1502 τε
3748 1449 3796 1503 δε
3836 1458 3899 1503 καὶ

2347 1553 2484 1596 τινος
2538 1539 2762 1608 ἐμφύτου
2814 1542 3035 1610 μετέχον
3082 1546 3233 1591 τοῦτο
3286 1542 3345 1591 τὸ
3399 1541 3540 1600 ζῶον
3600 1541 3721 1613 ὁρῶν
3758 1548 3901 1612 θριδνὴ-

2354 1641 2480 1685 σεως
2534 1626 2558 1676 6
2605 1622 2869 1692 διάϐολος,
2927 1626 3211 1686 ἐπιτήδειον
3264 1629 3475 1701 ἐνόμισε
3526 1632 3658 1702 πρὸς
3714 1634 3793 1687 τὴν
3837 1631 3901 1681 νπ-

587 1733 682 1773 me
712 1717 910 1772 visum
966 1719 1054 1770 est
1101 1716 1649 1782 accommodatum,
1685 1718 1856 1787 cujus
1913 1714 2240 1771 ministerio

2354 1718 2566 1784 ηρεσίαν
2622 1714 2762 1785 αὐτῷ
2813 1724 2902 1777 τῆς
2959 1716 3162 1780 ἀπάτης
3201 1724 3553 1791 χρηματίσαι
3606 1724 3820 1792 ὄργανον,
3842 1719 3904 1769 ait:

588 1806 666 1862 ad
698 1805 971 1861 fraudem
1020 1803 1361 1859 faciendam
1410 1810 1706 1876 uteretur;
1762 1805 2033 1877 inprimis
2101 1820 2238 1860 cum

587 1895 747 1950 idem
767 1898 906 1950 tunc
935 1892 1182 1965 quidem
1208 1892 1477 1962 linguam
1504 1893 1751 1949 haberet
1771 1894 1848 1949 ad
1888 1894 2074 1949 verba
2111 1909 2245 1965 pro-

588 1983 835 2040 ferenda
862 1983 1169 2039 idoneam.
1220 1983 1455 2038 Interim
1512 1982 1798 2039 ineffabili
1855 1982 2244 2055 providentiae

587 2072 838 2129 debetur
875 2072 1052 2127 etiam
1068 2070 1232 2139 illud,
1262 2072 1427 2143 quod
1446 2087 1694 2144 serpens
1711 2087 1881 2127 voces
1900 2072 2242 2127 articulatas

587 2163 846 2218 formare
878 2161 1092 2233 potuit.
1121 2163 1264 2217 Cum
1304 2161 1464 2216 enim
1510 2162 1790 2218 Conditor
1810 2162 2073 2233 optimus
2102 2160 2245 2216 mali

593 2251 887 2309 daemonis
945 2250 1261 2306 consilium
1324 2250 1708 2323 perspiceret,
1762 2251 2044 2321 sciretque
2084 2266 2245 2314 eum,

600 2341 712 2395 nisi
737 2345 1072 2412 serpentem
1115 2337 1344 2394 fraudis
1375 2354 1498 2396 sum
1525 2340 1972 2397 instrumentum
1991 2340 2247 2402 haberet,

598 2428 1097 2499 hominibusipsis
1114 2428 1191 2483 ad
1210 2432 1476 2484 mutuam
1496 2429 1585 2483 sui
1600 2429 2250 2501 deceptionemusurum

597 2532 744 2585 esse,
780 2521 1115 2587 serpentem
1137 2516 1461 2571 humanam
1486 2533 1696 2573 vocem
1736 2518 2001 2573 emittere
2038 2533 2252 2588 passus

592 2610 698 2669 est,
724 2620 797 2661 ne
834 2604 1125 2675 pernicies
1188 2605 1501 2660 hominum
1563 2623 1634 2661 ex
1695 2606 1844 2678 ipsis
1908 2606 2254 2662 hominibus

592 2697 954 2757 nasceretur,
983 2693 1248 2764 malique
1279 2694 1448 2762 origo
1474 2694 1552 2750 ab
1580 2695 1724 2766 ipsis
1765 2695 2045 2767 prodiret.
2081 2696 2253 2760 Quod

596 2784 645 2838 si
668 2783 826 2839 enim
857 2783 971 2855 ipsi
1008 2788 1281 2839 auctores
1304 2785 1721 2855 persuasionis
1752 2787 1823 2841 ad
1883 2785 2254 2856 peccandum

596 2872 974 2933 exstitissent.
1006 2872 1165 2927 idem
1204 2872 1317 2928 illis
1344 2890 1456 2929 usu
1484 2874 1763 2940 venisset,
1800 2875 1965 2947 quod
1997 2879 2256 2947 serpenti

598 2962 833 3026 accidit,
882 2962 962 3017 ita
1000 2961 1266 3035 quidem,
1309 2966 1374 3019 ut
1414 2964 1543 3019 sine
1592 2963 1860 3020 instituto
1898 2979 2093 3019 causae
2119 2979 2258 3020 exa-

2354 1798 2421 1859 δή
2479 1802 2709 1874 μαλιστα
2756 1810 2841 1857 καὶ
2904 1805 3149 1876 γλῶσσαν
3213 1809 3449 1881 ῥήμασιν
3522 1810 3906 1879 ὑπηρετησασθαι

2352 1890 2587 1962 λαχόντα
2634 1897 2745 1945 τότε
2774 1897 2861 1945 τὸν
2892 1899 3003 1967 ὄφιν
3049 1938 3060 1949 .
3112 1895 3409 1968 Ἀφράστου
3444 1895 3507 1949 δε
3539 1904 3769 1968 προνοίας
3802 1900 3905 1969 ἔργον

2357 1975 2417 2037 ἦν
2465 1986 2553 2032 καὶ
2597 1985 2680 2050 τὸ,
2711 1986 2795 2035 τόν
2840 1988 2951 2055 ὄφιν
3003 1988 3172 2056 φωνὰς
3228 1985 3515 2059 ἐνάρθρους
3576 1985 3783 2057 ἀφιέναι.
3816 1986 3903 2037 ’ἱν-

2356 2079 2485 2142 ορῶν
2541 2073 2641 2143 γὰρ
2696 2074 2721 2123 6
2779 2072 2972 2133 πλάνης
3002 2077 3095 2135 τὰς
3125 2082 3216 2127 τοῦ
3243 2083 3476 2149 πονηροῦ
3525 2074 3730 2137 ἐννοίας,
3764 2080 3837 2126 καὶ
3860 2077 3903 2131 ὡς

2360 2159 2403 2211 εἰ
2453 2164 2525 2231 μὴ
2585 2164 2669 2211 τόν
2723 2165 2832 2233 ὅφιν
2877 2167 3093 2236 ὄργανον
3141 2171 3237 2224 τῆς
3284 2163 3497 2225 ἀπάτης
3552 2163 3718 2227 λάϐοι,
3766 2163 3910 2221 αὐτοὺς

2360 2247 2579 2309 ἐκείνους
2649 2254 2769 2311 τούς
2852 2250 3156 2326 ἀνθρώπους
3228 2253 3300 2314 εἰς
3355 2258 3449 2311 τὴν
3508 2253 3700 2305 ἑαυτῶν
3754 2251 3909 2307 ἀπάτη

2362 2337 2751 2410 συλαγωγήσει,
2811 2348 3083 2416 συγχωρεῖ
3142 2345 3227 2393 τόν
3290 2346 3403 2414 ὄφιν
3454 2341 3799 2417 ἀνθρωπίνους
3841 2362 3911 2410 ξω-

2361 2428 2450 2488 νὰς
2503 2432 2755 2501 προῐίναι,
2792 2430 2873 2480 ἵνα
2905 2434 2976 2501 μὴ
3025 2429 3079 2492 ἐξ
3132 2430 3298 2482 αὐτῶν
3342 2439 3440 2483 τῶν
3490 2430 3764 2503 ἀνθρώπων
3791 2431 3812 2486 ἑ
3843 2438 3912 2480 τῶν

2364 2514 2642 2587 ἀνθρώπων
2694 2518 2830 2590 λύμη
2886 2517 3243 2592 ἐκϐλαστησῃ,
3292 2525 3381 2571 καὶ
3423 2524 3453 2578 ὴ
3508 2532 3602 2572 του
3632 2528 3781 2570 κακοῦ
3806 2517 3910 2587 ἀρχή

2364 2603 2551 2657 ἐκεῖθεν
2610 2610 2702 2664 τὴν
2752 2604 2979 2680 πρόοδον
3026 2607 3175 2660 λάϐοι
3231 2612 3411 2681 Εὶγάρ
3440 2610 3596 2661 αὐτοὶ
3637 2616 3721 2668 τῆς
3748 2608 3914 2675 {EH73-

2368 2712 2491 2754 σεως
2548 2702 2638 2747 τοῦ
2694 2697 3070 2769 ἁμαρτήματος
3106 2699 3492 2759 καθεστηκότες
3540 2702 3774 2768 ὤφθησαν
3816 2695 3914 2766 ἆρχ-

2366 2789 2511 2853 ηγοὶ,
2566 2786 2688 2856 ὅπερ
2743 2784 2802 2835 ἂν
2881 2784 2963 2838 ἐπὶ
3028 2794 3119 2838 τοῦ
3196 2790 3354 2857 ὄφεως
3422 2786 3694 2861 ἐπράχθη,
3745 2789 3819 2835 καὶ
3858 2783 3915 2834 ἐτ’

2367 2872 2565 2925 ἕκείνων
2614 2873 2674 2924 ἂν
2716 2871 3069 2946 διεφυλάχθη.
3134 2882 3233 2929 Καὶ
3275 2872 3393 2928 οὐδ’
3421 2875 3741 2951 ἀνακρίσεως
3770 2880 3913 2944 τυχόν·

2365 2982 2446 3023 τες
2485 2962 2565 3027 ἄν,
2602 2966 2773 3037 ὥσπερ
2820 2960 2933 3016 οὐδ’
2984 2966 3009 3015 6
3054 2969 3183 3036 ὄφις,
3216 2971 3307 3022 τὴν
3349 2962 3803 3025 καταδικάζουσαν
3835 2958 3912 3012 i6!-

598 3053 777 3119 mine,
811 3052 889 3108 ad
926 3052 1267 3127 exemplum
1322 3054 1633 3127 serpentis,
1699 3053 2242 3110 condemnatoriam

2368 3052 2517 3115 ξαντο
2570 3052 2761 3124 ψῆφον.
2810 3052 2965 3106 Ἀλλά
3010 3061 3411 3127 παραχωρείται
3470 3064 3545 3124 τῷ
3585 3059 3691 3127 ὄφει
3727 3061 3811 3104 τῶν
3848 3050 3909 3100 ἁν-

597 3141 953 3199 sententiam
984 3140 1367 3199 audivissent.
1401 3143 1605 3215 Itaque
1636 3143 1933 3199 sermonis
2005 3142 2255 3200 humani

597 3230 850 3287 facultas
881 3231 1138 3302 serpenti
1166 3232 1541 3302 permittitur,
1564 3248 1639 3288 ne
1680 3233 1864 3289 homo
1890 3233 2036 3289 mali
2052 3238 2257 3290 auctor

597 3318 778 3375 fuisse
809 3319 1123 3375 videretur.
1150 3320 1238 3376 Ita
1280 3321 1439 3377 enim
1481 3324 1635 3377 Deus
1684 3338 1861 3393 agere
1918 3323 2253 3391 consuevit,

600 3412 680 3473 ut,
703 3423 810 3479 per
840 3424 975 3480 quae
998 3409 1373 3465 adversarius
1402 3409 1592 3467 malas
1647 3416 1805 3467 artes
1859 3412 2120 3478 molitur,
2157 3428 2256 3484 per

599 3496 812 3551 eadem
838 3496 1104 3567 pessima
1138 3497 1268 3567 ejus
1298 3498 1546 3554 consilia
1570 3504 1793 3556 evertat
1824 3506 1881 3556 et
1905 3501 2214 3557 disturbet.

767 3627 1086 3693 QUESTIO
1117 3629 1385 3685 CCXCIX
1425 3630 1620 3700 [ϐοίει.
1652 3632 1851 3700 Taur.,
1881 3631 2106 3707 CXVI].

670 3715 824 3784 Quid
851 3717 976 3773 hazc
1006 3718 1239 3774 valeant
1285 3734 1308 3774 .·
1358 3719 1626 3789 Domine,
1648 3736 1760 3776 non
1797 3728 1878 3778 est
1928 3724 2252 3781 exaltatum

1224 3804 1327 3845 007‘
1345 3804 1536 3845 meum
1552 3836 1563 3848 .
1581 3811 1605 3842 1)

2369 3144 2583 3215 θρώπων
2632 3144 2658 3194 6
2705 3141 2870 3213 λόγος,
2905 3144 2987 3193 ἵνα
3031 3147 3103 3215 μὴ
3150 3145 3175 3194 ὀ
3221 3145 3490 3216 ἄνθρωπος
3541 3143 3766 3218 ἀρχηγὸς

2365 3234 2697 3302 γεγενημένος
2752 3238 2846 3292 τῆς
2894 3236 3101 3293 κακίας.
3138 3239 3377 3284 Τοιοῦτον
3423 3236 3532 3306 γὰρ
3583 3235 3640 3284 τό
3679 3227 3909 3287 θεῖον.’[ξ

2366 3320 2433 3370 ὧν
2487 3322 2512 3371 ό
2563 3319 2909 3393 ἀντικείμενος
2954 3325 3047 3378 τὴν
3118 3325 3465 3393 κακοτεχνίαν
3528 3321 3802 3382 ἐπινοεῖται,
3842 3313 3909 3366 διὰ

2364 3412 2556 3461 τούτων
2602 3410 2759 3462 αὐτοῦ
2830 3413 2895 3462 τὰ
2958 3415 3325 3483 μηχανήματα
3388 3415 3684 3485 περιτρέπει
3745 3427 3791 3461 τι
3842 3408 3905 3454 lli

2363 3498 2626 3555 καταλύει.

2937 3638 3252 3685 ΕΡΩΤΗΣΙΣ
3293 3617 3427 3692 299'

2466 3726 2529 3775 Τί
2555 3722 2688 3791 ἐστι,
2720 3743 2747 3775 ‹(
2786 3724 2961 3796 Κύριε,
2990 3722 3094 3794 ούχ
3137 3722 3321 3794 ὑψώθη
3354 3724 3385 3781 ἡ
3418 3720 3622 3798 καρδία
3644 3742 3733 3795 μου
3761 3740 3771 3751 '
3801 3740 3822 3769 ι)

1688 3898 1842 3949 Edita
1864 3900 2051 3950 aMaio
2077 3902 2229 3964 (Nov.
2262 3901 2395 3955 Coll.
2428 3905 2449 3950 t
2482 3900 2563 3956 IX,
2592 3914 2644 3964 p.
2678 3899 2804 3963 151).

668 4012 1022 4082 Haacverba,
1055 4034 1081 4062 οι
1115 4012 1384 4080 Domine,
1452 4029 1578 4070 non
1606 4018 1698 4071 est
1762 4016 2082 4074 exaltatum
2141 4034 2245 4076 cor

594 4119 817 4175 meum,
843 4118 1031 4176 neque
1061 4103 1197 4161 elati
1220 4108 1355 4159 sunt
1378 4104 1531 4161 oculi
1551 4104 1685 4176 mei,
1714 4120 1902 4172 neque
1937 4106 2242 4164 ambulavi

2424 4020 2492 4071 T6
2543 4014 2623 4081 δὲ,
2676 4037 2703 4066 ιι
2754 4018 2928 4085 Κύριε,
2971 4014 3076 4087 οὐχ
3133 4014 3318 4084 ὑψώθη
3357 4017 3386 4071 ἡ
3439 4012 3642 4088 καρδία
3671 4032 3774 4085 μου,
3807 4004 3893 4062 οὐδέ

2354 4106 2803 4179 ἐμετεωρίσθησαν
2872 4107 2920 4156 οἱ
2994 4103 3247 4175 ὀφθαλμοί
3316 4123 3435 4167 ιιου,
3486 4101 3611 4156 οὐδε
3675 4099 3892 4173 ἔπορεᾶεξν

594 4193 650 4249 in
685 4192 936 4263 magnis,
969 4193 1233 4265 nequein
1249 4184 1619 4249 mirabilibus
1636 4210 1815 4265 super
1846 4211 1941 4250 me
1964 4197 2007 4232 ³1
2036 4237 2049 4261 ,
2078 4196 2241 4253 »haec

2354 4198 2401 4249 ἓν
2434 4194 2694 4266 μεγάλοις,
2722 4190 2846 4245 ούδὲ
2876 4193 2925 4244 ἐν
2960 4194 3268 4263 θαυμασίοις
3318 4194 3441 4265 ὑπὲρ
3492 4193 3601 4264 ἐμὲ,
3631 4214 3657 4245 ι)
3686 4192 3807 4260 τάχα
3829 4191 3891 4257 μὲι

594 4284 656 4339 in
682 4284 881 4356 ipsum
915 4282 1114 4339 forsan
1147 4283 1332 4339 David
1362 4282 1724 4339 conferenda
1752 4289 1907 4339 sunt.
1965 4286 2073 4351 Qui
2105 4302 2243 4342 cum

593 4388 846 4444 regnum
878 4371 1131 4443 adeptus
1159 4377 1333 4437 esset,
1352 4371 1606 4443 plurima
1631 4372 1704 4427 de
1718 4373 1989 4429 hostibus
2019 4379 2241 4445 tropaea

593 4462 1013 4527 constituisset,
1045 4465 1341 4534 anteaque
1367 4477 1398 4517 e
1423 4465 1661 4533 pastore
1705 4477 1809 4517 rex
1866 4461 2075 4530 factus,
2137 4481 2241 4536 spe

592 4551 826 4623 majora
854 4554 1203 4606 consecutus
1218 4555 1389 4613 esset,
1420 4550 1717 4606 cumiram
1740 4550 2030 4606 adversus
2057 4552 2241 4609 Nabal

590 4641 792 4715 palam
823 4639 1179 4695 exercuisset
1208 4640 1528 4695 irruentem
1562 4639 1700 4695 Filio
1731 4656 1938 4695 necem
1979 4647 2243 4698 contem-

590 4732 808 4803 platus,
828 4731 1016 4788 multa
1037 4733 1313 4802 expertus
1354 4746 1389 4784 a
1418 4729 1564 4785 Joab
1596 4734 1650 4786 et
1682 4731 1875 4786 Semei
1911 4736 2241 4804 cmteraque

592 4819 652 4876 id
683 4836 873 4891 genus
894 4820 1117 4891 majore
1142 4818 1359 4891 dignus
1390 4817 1705 4874 miratione
1756 4819 2007 4885 videtur,
2077 4821 2242 4892 quod

591 4924 729 4965 cum
768 4910 947 4965 tantis
972 4913 1029 4965 et
1056 4907 1275 4964 talibus
1304 4907 1483 4963 rebus
1516 4910 1773 4963 tentatus
1804 4913 1976 4972 esset,
2043 4908 2243 4967 fractis

592 5011 715 5053 non
743 5002 883 5053 sunt
920 4998 1047 5069 ejus
1075 4996 1251 5063 vires,
1313 5011 1441 5065 nec,
1508 4996 1784 5069 quamvis
1851 5013 1957 5068 spe
2012 5000 2245 5070 majora

593 5084 841 5155 adeptus
861 5086 1157 5151 intumuit,
1174 5088 1563 5143 autanimum
1581 5086 1801 5151 extulit,
1819 5103 1851 5142 a
1866 5091 1925 5141 ut
1950 5100 2081 5141 sese
2111 5086 2245 5158 plus

592 5188 767 5245 aequo
779 5174 1041 5244 jactavit.
1063 5178 1285 5233 Cuncta
1298 5176 1446 5231 enim
1460 5175 1537 5232 ad
1560 5192 1843 5231 summam
1870 5176 2243 5247 omnipoten-

592 5262 665 5320 tis
678 5263 1002 5335 omniaque
1014 5266 1273 5334 regentis
1294 5267 1389 5321 Dei
1406 5267 1735 5337 potentiam
1750 5264 2058 5331 referebat,
2079 5263 2245 5320 verbi

592 5353 775 5425 hujus
804 5366 1111 5426 nusquam
1152 5356 1471 5411 immemor
1513 5374 1526 5411 :
1562 5376 1589 5408 «
1619 5358 1739 5425 Ego
1767 5360 1967 5412 autem
2025 5354 2245 5411 vermis

600 5460 753 5511 sum,
778 5446 963 5499 etnon
986 5442 1191 5513 homo,
1217 5444 1533 5501 hominum
1548 5444 1808 5501 dedecus
1840 5444 2110 5518 etpopuli
2144 5444 2248 5500 ab-

673 5627 722 5664 ³ο
744 5623 924 5683 Joan.
954 5620 1081 5690 vin,
1107 5622 1251 5680 ﬂ.“
1282 5620 1437 5678 Psal.
1466 5638 1642 5688 cxxx,
1684 5627 1733 5688 1,
1764 5627 1816 5678 2.

2353 4290 2441 4337 καὶ
2482 4284 2553 4345 εἰς
2598 4283 2754 4335 αὐτόν
2808 4281 3079 4354 ἐκληφθείη
3135 4286 3221 4334 τόν
3276 4279 3459 4337 Δαϐίδ.
3518 4287 3587 4335 Τὸ
3647 4285 3736 4351 γὰρ
3776 4276 3891 4349 ﬁmo

2352 4372 2487 4425 λείαν
2539 4375 2628 4443 μὲν
2672 4371 3042 4443 περιεζῶσθαι,
3077 4370 3191 4421 κατ’
3218 4369 3420 4442 ἐχθρῶν
3461 4367 3525 4423 δὲ
3565 4369 3779 4427 πολλάκις
3808 4368 3889 4434 τρὸ-

2352 4482 2483 4515 παια
2542 4460 2859 4525 ἀναστῆσαι,
2916 4464 3005 4511 καὶ
3053 4462 3151 4532 πρὸ
3212 4462 3404 4510 τούτων
3462 4458 3567 4511 ἀπὸ
3618 4460 3815 4527 xorabo;
3855 4468 3885 4497 ὖ

2355 4550 2647 4625 βασιλείοις
2695 4546 3026 4616 διαιτᾶσθαι,
3060 4554 3147 4599 καὶ
3191 4552 3440 4619 μειζόνων
3484 4550 3516 4607 ἡ
3573 4547 3679 4599 κατ’
3725 4537 3883 4596 Emis;

2354 4639 2653 4703 ἀξιοῦσθαι,
2707 4643 2795 4689 καὶ
2845 4637 3004 4711 ὀργὴν
3063 4638 3276 4709 ὕστερον
3326 4640 3460 4689 κατά
3493 4646 3585 4689 τοῦ
3621 4632 3773 4689 Νάθα),
3808 4628 3882 4679 ἑπι-

2356 4725 2657 4801 δεδεῖχθαι,
2705 4729 2926 4780 θανάτου
2951 4747 3001 4779 τε
3034 4726 3319 4785 ἀπαίτησιν
3352 4727 3645 4797 ἐπισκῆψαι
3667 4732 3727 4793 τῷ
3752 4714 3877 4771 παιδὶ.

2355 4822 2495 4889 παρὰ
2550 4836 2603 4869 τε
2650 4824 2741 4869 τοῦ
2787 4815 2937 4869 Ἰωάε
2986 4820 3068 4866 καὶ
3110 4824 3202 4867 τού
3253 4822 3419 4887 Σεμεεὶ
3468 4815 3656 4875 λαϐεῖν,
3698 4817 3771 4861 καὶ
3810 4808 3877 4856 ἐσα

2355 4907 2483 4959 ἄλλα
2556 4913 2793 4968 τοιαῦτα,
2846 4907 3264 4977 θαυμασιώτερον
3320 4909 3410 4977 μὲν
3476 4905 3728 4976 ἀποφαίνει

2355 4996 2440 5047 λον
2498 4998 2582 5046 τόν
2642 4991 2806 5046 Δαϐὶδ
2844 4994 2887 5045 εὶ
2944 4992 2991 5044 ἐν
3022 4995 3290 5054 τοσούτοις
3322 4998 3409 5045 καὶ
3441 4997 3685 5052 τοιούτοις
3705 4986 3873 5049 ἐξεταζό-

2357 5103 2523 5155 μενος,
2580 5088 2637 5135 τὸ
2686 5090 2776 5142 τῆς
2830 5082 3019 5152 ψυχῆς
3091 5084 3184 5133 οὐκ
3262 5082 3509 5141 ἑκλονήθη
3563 5083 3743 5150 πάγων,
3790 5065 3873 5121 θῦἶῖ

2359 5174 2605 5245 μειζόνων
2663 5172 2691 5229 ἢ
2752 5173 2887 5222 κατὰ
2955 5173 3048 5231 τὰς
3127 5167 3338 5231 ἐλπίδας
3402 5171 3687 5242 ἀξιούμενος
3742 5164 3870 5229 ἐπξρθ

2361 5264 2540 5316 ἑαυτοῦ
2571 5267 2659 5313 καὶ
2691 5259 2998 5334 ὑπερύψωσε
3046 5265 3137 5317 τὴν
3187 5257 3432 5333 καρδίαν,
3486 5258 3708 5333 μιίξονὲ
3757 5264 3867 5319 πασ-

2361 5361 2452 5411 ῆκε
2507 5355 2570 5403 τὰ
2628 5351 2741 5402 καθ’
2798 5348 2975 5400 ἑαυτὸν
3025 5349 3401 5421 φανταζόμενος
3466 5368 3476 5381 ·
3548 5345 3645 5401 ἀλλ’
3697 5343 3754 5400 εἰς
3807 5338 3864 5386 τὴν

2360 5442 2756 5515 παντοκράτορα
2818 5442 2906 5489 καὶ
2982 5442 3325 5511 κυριεύουσαν
3383 5449 3482 5491 τῶν
3548 5437 3659 5491 ὅλων
3724 5430 3865 5482 ἅπαντα
