4026 6206
167 257 333 315 1133

1197 259 1290 313 ΑΙ)
1330 211 1887 316 AMPIiILOCHIUM
1928 260 2251 328 QUAESTIO
2291 262 2573 320 CCXCIX.

3421 266 3560 323 1134

173 388 357 457 φέρων
429 381 582 437 ἐτίθει
657 387 924 458 Πρόνοιαν,
986 381 1223 458 οὐδαμοῦ
1275 385 1440 446 λήθην
1525 385 1762 460 λαμϐάνω

1898 385 2077 457 jectio
2108 389 2174 446 ³³.
2207 409 2237 443 ››
2269 389 2330 445 Si
2376 389 2512 463 quis
2551 389 2716 446 aliter
2744 388 2868 444 hazc
2900 387 3082 446 verba
3111 389 3547 464 interpretetur,

172 481 304 538 τοῦ,
339 493 368 526 ε
399 474 533 544 Ἐγὼ
591 470 651 526 δε
707 473 813 546 εἰμι
858 474 1065 537 σκώληξ
1093 480 1181 528 καὶ
1221 475 1314 528 οὑκ
1350 478 1640 549 ἄνθρωπος,
1671 479 1796 528 ὄνει-

173 559 285 625 δος
348 561 628 636 ἀνθρώπων
677 569 768 616 καὶ
825 563 1142 636 ἐξουθένημα
1192 561 1336 620 λαοῦ.
1401 588 1429 619 )›
1487 566 1547 618 Εἰ
1601 563 1658 618 δὲ
1715 585 1792 628 τις

172 651 354 706 ἐθέλοι
420 656 479 705 τό
551 653 813 726 εἰρημένον
863 653 1090 706 ἐκλαϐεῖν
1157 660 1246 706 καὶ
1306 653 1380 727 ἐφ’
1430 655 1603 730 ἑτέρου
1657 658 1793 717 τινὸς

171 747 282 800 τὴν
349 748 726 816 ταπεινόφρονα
797 742 982 815 ἀρετὴν
1045 746 1454 815 κατορθωκότος,
1504 749 1594 796 καὶ
1665 743 1794 796 εἰναι

172 839 344 883 τοῦτο
399 834 572 904 ὥσπερ
614 831 811 890 στήλην
863 837 951 884 καὶ
1005 832 1310 906 ὑπογραφὴν
1351 829 1537 906 ἀνδρὸς
1582 833 1642 885 ἂν
1674 837 1793 906 φρό-

172 939 330 992 νημα
379 925 805 993 τεταπεινωμένον
871 926 957 974 καὶ
1037 926 1465 995 συντετριμμένον
1533 927 1790 996 φέροντος,

173 1006 303 1063 οὐδ’
341 1010 491 1073 οὗτος
543 1010 603 1063 ἄν
656 1014 733 1068 εἴη
786 1018 875 1063 τοῦ
916 1011 1120 1073 εἰκότως
1148 1015 1416 1086 φερόμενος
1445 1011 1539 1074 ἔξω
1574 1029 1585 1040 ·
1615 1029 1792 1063 ταπει-

171 1102 476 1173 νοφροσύνῃ
535 1096 584 1152 δ’
632 1100 740 1165 οὖν,
789 1103 858 1161 ὡς
886 1103 1000 1153 ἔστι
1030 1100 1352 1172 πολλαχόθεν
1399 1099 1589 1166 λαϐεῖν,
1618 1105 1707 1153 καὶ
1762 1101 1788 1153 6

171 1193 352 1260 μέγας
418 1188 737 1261 ἐκεκόσμητο
800 1186 987 1243 Δαϐίδ.
1043 1192 1226 1250 Ἐνίοις
1275 1187 1335 1244 δὲ
1383 1195 1472 1241 καὶ
1547 1190 1619 1252 εἰς
1666 1189 1787 1249 ὅλην

171 1283 277 1336 τὴν
326 1277 656 1352 ἀνθρωπίνην
686 1281 839 1350 φύσιν
889 1275 1061 1340 ἔδοξεν
1102 1277 1479 1350 ἐναρμόζεσθαι
1509 1282 1567 1332 τὸ
1604 1281 1782 1354 ῥητόν.

1903 491 2096 548 eaque
2134 477 2348 535 referat
2380 479 2456 536 ad
2487 478 2854 535 huncvirum
2871 477 3191 536 humilitati
3219 481 3553 550 subditum,

1903 566 1950 621 si
1979 566 2138 623 dicat
2163 569 2380 641 scripta
2417 575 2475 624 et
2503 569 2658 624 edita
2686 584 2811 624 esse
2842 568 2920 626 ab
2965 583 3035 625 eo
3096 585 3198 626 cor
3233 573 3555 630 contritum

1901 662 1958 711 et
1982 655 2365 715 humiliatum
2405 662 2664 729 gerente,
2725 657 2824 713 hic
2881 674 3125 730 quoque
3157 676 3192 716 a
3245 668 3395 716 recta
3457 662 3557 719 via

1901 760 2021 801 non
2068 745 2429 802 abhorreret.
2458 749 2729 819 Namque
2791 746 3144 814 humilitate,
3173 754 3234 804 ut
3278 749 3479 806 multis
3521 766 3554 806 e

1899 831 2045 889 locis
2087 835 2401 905 colligitur,
2454 852 2714 907 magnus
2776 841 3023 893 ornatus
3061 842 3148 893 est
3181 837 3385 894 David.
3419 841 3550 895 Hinc

1900 925 2192 980 sententia
2222 925 2495 996 pluribus
2522 926 2702 982 etiam
2731 926 2864 982 visa
2889 926 3324 983 esthumanam
3349 927 3429 983 ad
3450 943 3554 984 na-

1897 1015 2094 1069 turam
2108 1018 2398 1086 spectare.
2416 1017 2548 1071 Haec
2561 1015 2744 1080 enim,
2761 1014 3057 1086 inquiunt,
3093 1020 3332 1087 propter
3353 1016 3549 1072 carnis

1895 1100 2299 1159 inﬁrmitatem
2335 1119 2668 1176 omnesque
2738 1103 2975 1160 dolores
3031 1104 3133 1176 qui
3192 1106 3252 1160 in
3296 1120 3548 1177 corpore

1896 1191 2223 1260 gignuntur
2253 1198 2308 1248 et
2360 1192 2625 1248 incidunt
2673 1193 2918 1264 proprio
2972 1193 3238 1265 pondere
3303 1199 3546 1262 gravata

1895 1295 2014 1335 non
2041 1295 2112 1337 ea
2131 1285 2216 1337 est
2250 1297 2379 1354 quae
2411 1281 2503 1338 vel
2542 1281 2619 1336 ad
2669 1281 2974 1336 modicum
3027 1298 3210 1354 supra
3268 1282 3536 1354 seipsam

1893 1369 2034 1439 erigi
2067 1376 2122 1426 et
2164 1370 2350 1426 attolli
2375 1376 2576 1444 queat.
2620 1371 2845 1426 Etenim
2891 1385 3052 1426 nunc
3089 1371 3182 1426 his
3236 1387 3398 1428 nunc
3422 1372 3569 1436 illis.

1889 1464 2156 1524 onerata,
2216 1475 2327 1515 nec
2394 1475 2663 1532 unquam
2697 1459 3032 1515 turbatione
3055 1464 3112 1516 et
3150 1461 3542 1533 oppressione

173 1547 376 1609 παθῶν,
446 1543 561 1598 οὐδ’
630 1547 802 1597 ὅντινα
879 1549 1061 1620 καιρὸν
1134 1545 1491 1599 ἀνατείνεσθαί
1573 1566 1628 1599 τε
1692 1567 1759 1598 κα

1889 1547 2158 1614 liberata,
2189 1549 2333 1604 nihil
2362 1565 2653 1619 magnum
2689 1549 2762 1604 de
2797 1564 2859 1603 se
2913 1550 3229 1619 excogitat;
3287 1550 3396 1606 sed
3447 1567 3542 1606 se—

171 1633 507 1706 ἀνυφοῡσθαι
536 1636 662 1708 ὑπερ
703 1635 888 1693 ἑαυτὴν
917 1632 1160 1699 δύναται,
1193 1639 1347 1688 οἱονεὶ
1369 1644 1439 1706 τῷ
1473 1634 1626 1710 βάρει
1655 1638 1762 1688 καθ·

1888 1637 2099 1710 ipsam,
2159 1637 2320 1693 haud
2351 1638 2645 1693 immerito
2671 1637 2937 1710 quidem,
2968 1637 3115 1693 nihil
3147 1643 3352 1709 praeter
3408 1639 3543 1712 pul-

1285 1728 1405 1777 ποτε
1468 1721 1526 1777 δὲ
1607 1725 1762 1797 ἐκείνᾳ

1888 1742 2088 1781 verem
2118 1730 2174 1780 et
2205 1727 2463 1781 cinerem
2489 1741 2618 1781 esse
2656 1724 2962 1782 existimat
2985 1730 3039 1781 et
3063 1725 3377 1796 indignam
3403 1744 3540 1800 quas

1887 1831 2072 1888 supra
2101 1815 2408 1872 hominem
2422 1819 2714 1885 assurgat.
2733 1816 2861 1880 Qua
2879 1815 2938 1870 in
2955 1815 3246 1871 sententia
3276 1832 3539 1874 commo-

1886 1910 2069 1968 ratur,
2096 1920 2190 1969 ne,
2225 1904 2522 1975 particeps
2557 1904 2748 1959 crucis
2779 1902 2953 1969 facta,
3019 1903 3343 1976 sitiensque
3410 1905 3539 1962 dei-

1887 1993 2038 2056 tatis,
2069 1992 2310 2047 recedat
2337 1992 2413 2046 ab
2430 1992 2546 2047 ista
2565 1991 2696 2046 vita:
2723 1993 2953 2048 ratione
2978 2007 3113 2063 quae
3130 1992 3331 2064 ipsam
3347 1993 3534 2063 decet,

1886 2083 2140 2152 huicque
2171 2080 2681 2137 accommodatur.
2711 2081 2863 2136 Crux
2899 2085 3101 2136 autem
3157 2081 3218 2135 in
3277 2080 3534 2139 sublime

1883 2171 1992 2226 fert
2014 2170 2278 2226 animam
2301 2177 2354 2226 et
2376 2169 2689 2242 proprium
2709 2169 2913 2226 cibum
2944 2169 2998 2224 ei
3046 2170 3294 2242 praebet,
3324 2175 3382 2226 et
3401 2170 3531 2228 illas

1881 2259 2268 2329 cogitationes
2281 2275 2410 2330 quae
2425 2258 2598 2314 simul
2611 2263 2784 2330 atque
2803 2273 3016 2330 corpus
3031 2259 3107 2314 ali
3124 2274 3246 2314 non
3259 2264 3527 2331 possunt.

155 2348 326 2409 αὐτῆς
378 2357 472 2409 τῆς
526 2351 829 2423 πρεπούσης
886 2348 1016 2420 αὐτῇ
1073 2353 1162 2399 καὶ
1215 2347 1627 2422 ἐναρμοζομένης
1674 2351 1762 2401 πά-

1879 2351 2149 2420 Namque
2188 2348 2300 2404 hoc
2330 2347 2684 2414 verbum,ut
2711 2347 2812 2419 qui
2842 2362 2880 2403 a
2907 2347 3059 2404 lacte
3088 2347 3384 2421 depulsus
3442 2355 3530 2405 est

150 2437 232 2489 λιν
278 2437 474 2500 τάξεως
519 2439 839 2508 κατενεχθῇο
896 2438 1122 2488 ἐντεῦθεν
1180 2432 1239 2488 δὲ
1290 2435 1420 2507 ὑψοῖ
1463 2440 1557 2494 τὴν
1581 2436 1762 2508 ψυχὴν

1882 2437 1960 2493 ad
1991 2442 2242 2493 matrem
2272 2452 2444 2492 suam
2481 2479 2494 2491 .
2539 2481 2552 2492 .
2599 2480 2611 2492 .
2657 2479 2669 2490 .
2716 2475 2729 2488 .
2776 2478 2789 2492 .
2836 2476 2851 2491 .

150 2531 243 2578 καὶ
267 2532 440 2599 τρέφει
469 2530 560 2584 τὴν
587 2523 770 2584 ἡδεῖαν
793 2531 1009 2598 τροφὴν,
1058 2524 1246 2586 ἐκείνας
1274 2527 1369 2587 τὰς
1399 2525 1593 2588 ἐννοίας
1630 2526 1690 2589 οἷς
1720 2529 1852 2600 μετὰ
1878 2535 1968 2579 τοῦ
2000 2531 2241 2599 σώματος
2267 2533 2524 2602 τραφῆναι
2554 2526 2612 2578 οὑ
2646 2522 2886 2579 δύναταυ
2919 2529 3010 2578 καὶ
3037 2527 3138 2599 γὰρ
3167 2530 3245 2593 τὸ,
3283 2547 3311 2580 ι(
3341 2525 3430 2591 Ὦς
3467 2529 3528 2580 τὸ

152 2615 736 2688 ἀπογεγαλακτισμένον
768 2618 851 2668 ἐπὶ
882 2620 974 2672 τὴν
1013 2619 1215 2687 μητέρα
1247 2615 1474 2670 αὑτοῦ...
1504 2638 1530 2664 ››

224 2713 311 2776 Τῷ
364 2710 538 2777 μέντοι
577 2705 642 2766 εἰς
688 2707 775 2757 τὸν
836 2707 1022 2776 Κύριον
1071 2706 1215 2775 ἡμῶν
1272 2705 1478 2763 Ἰησοῦν
1532 2709 1761 2779 Χριστὸν

148 2799 492 2866 μεταφέροντι
544 2799 637 2853 την
705 2794 992 2867 ἑρμηνείαν,
1065 2798 1154 2845 καὶ
1238 2797 1552 2865 προφητείαν
1630 2793 1760 2846 εἶναι

149 2889 240 2936 τὸν
289 2883 484 2936 ἐκείνου
531 2882 647 2956 βίον
699 2888 787 2935 καὶ
843 2886 1088 2956 τρόπαιον
1137 2884 1542 2956 ὑπογράφουσαν
1601 2880 1758 2946 δόξαν

171 1368 320 1424 Αὕτη
367 1367 491 1441 γὰρ,
522 1373 673 1439 φησί,
703 1364 797 1420 διὰ
853 1373 946 1425 τὴν
995 1367 1262 1422 ἀσθένειαν
1311 1377 1401 1428 τῆς
1450 1371 1645 1442 σαρκὸς
1695 1374 1784 1422 καὶ

167 1465 277 1508 τῶν
329 1462 448 1531 περὶ
497 1461 554 1508 τὸ
588 1465 739 1529 σῶμα
791 1461 1051 1529 φυομένων
1099 1477 1150 1510 τε
1201 1462 1286 1509 καὶ
1331 1456 1782 1534 ἀναστρεφομένων

166 1723 439 1796 ελγομένη·
499 1729 588 1776 καὶ
644 1727 766 1776 ποτε
839 1727 930 1795 μὲν
1010 1727 1198 1796 τούτῳ,

165 1812 526 1888 βαρυνομένη,
567 1818 657 1864 καὶ
701 1810 965 1885 μηδέποτε
1009 1816 1214 1888 καθαρὰ
1261 1822 1352 1866 τοὺ
1385 1811 1778 1887 διενοχλοῦντός

164 1921 222 1954 τε
284 1908 376 1954 καὶ
431 1900 710 1974 βιάζοντος
760 1904 1130 1966 καθεστηκυῖα,
1197 1900 1334 1974 μηδὲ
1381 1906 1472 1965 τὰς
1527 1909 1776 1975 μεγίστας

165 2010 222 2042 τε
270 1995 364 2042 καὶ
413 1996 531 2065 περὶ
562 1991 724 2052 αὑτῆς
765 1990 1165 2062 ἀναλογίζεσθαι
1204 1989 1527 2064 δεδυνημένη
1561 1992 1771 2055 ἐννοίας·

167 2079 300 2130 ἀλλὰ
371 2079 541 2140 καλῶς
577 2099 636 2152 γε
682 2087 929 2147 ueneﬁca;
981 2090 1081 2152 γῆν
1128 2099 1180 2132 τε
1236 2080 1397 2138 αὐτὴν
1445 2086 1534 2133 καὶ
1575 2079 1772 2134 σποδὸν

159 2171 396 2240 ἡγεῖται,
443 2175 533 2223 καὶ
581 2167 794 2232 ἀναξίαν
838 2179 933 2231 τῆς
975 2171 1102 2243 ὑπερ
1143 2172 1410 2244 ἄνθρωπον
1452 2169 1768 2233 ἀναϐάσεως·

159 2260 247 2310 ἶνα
295 2264 369 2331 μὴ
424 2258 792 2331 μεταλαϐοῦσα
841 2267 932 2311 τοῦ
973 2259 1124 2322 ξύλου
1173 2258 1339 2331 ἐφέσει
1382 2260 1638 2326 θεότητος,
1681 2265 1770 2312 καὶ

1945 2705 2055 2771 Qui
2079 2704 2155 2760 ad
2191 2704 2505 2760 Dominum
2565 2708 2838 2760 nostrum
2876 2703 3080 2761 Jesum
3119 2703 3415 2761 Christum
3440 2705 3525 2761 in-

1869 2794 2349 2867 terpretationem
2376 2792 2621 2858 confert,
2645 2793 2947 2866 habetque
2971 2793 3158 2850 vitam
3211 2794 3342 2866 ejus
3388 2809 3526 2866 pro-

1866 2883 2130 2953 phetiam
2161 2897 2282 2954 qua
2308 2887 2596 2953 tropaaum
2621 2881 2967 2938 inscribitur
3001 2882 3071 2937 iis
3101 2883 3203 2954 qui
3238 2883 3358 2938 Deo
3396 2881 3524 2939 lau-

149 2978 465 3044 ποιουμένῳ,
535 2969 657 3025 οὐδὲ
719 2979 870 3024 τοῦτο
922 2973 982 3023 ἄν
1035 2976 1230 3042 γένοιτο
1283 2978 1391 3033 τοῖς
1454 2968 1757 3046 δευτερείοις

1874 2971 2002 3026 dem
2029 2971 2376 3035 retribuunt,
2411 2985 2532 3026 non
2570 2969 2618 3024 is
2673 2985 2793 3024 non
2845 2971 3182 3025 secundum
3235 2970 3522 3027 obtinebit

147 3061 546 3136 ἐναριθμεῖσθαι
593 3070 690 3112 τῶν
737 3061 902 3136 ὀρθῶς
939 3065 1057 3130 περὶ
1117 3069 1212 3121 τῆς
1257 3061 1460 3134 ῥησεως
1502 3062 1758 3133 τεθεωρη-

1874 3061 2063 3115 locum
2093 3059 2245 3115 inter
2273 3075 2376 3114 eos
2407 3059 2509 3131 qui
2536 3059 2648 3115 hac
2687 3059 2762 3114 de
2791 3059 3084 3115 sententia
3107 3062 3265 3115 recte
3293 3060 3520 3130 cogita-

145 3157 334 3204 κότωνο
368 3153 540 3222 ὥσπερ
578 3153 680 3222 γὰρ
711 3155 787 3212 τὸ,
819 3168 848 3200 ι(
883 3149 1109 3224 Ὠρυξαν
1136 3151 1319 3224 χεῖράς
1341 3169 1442 3221 μου
1473 3153 1562 3200 καὶ
1584 3146 1755 3211 πόδας

1874 3153 2092 3203 verunt.
2136 3167 2165 3200 ιι
2198 3147 2440 3204 Utenim
2472 3146 2751 3204 foderunt
2793 3163 3012 3204 manus
3055 3161 3220 3203 meas
3249 3151 3306 3204 et
3329 3148 3517 3220 pedes

143 3261 273 3310 μου,
323 3263 351 3292 ›)
389 3236 554 3292 Δαϐἱδ
589 3243 677 3311 μὲν
723 3239 877 3310 λέγει,
915 3239 982 3301 εἰς
1031 3242 1258 3312 Χριστόν
1291 3235 1350 3291 δὲ
1390 3237 1557 3307 ἐξέϐη,
1591 3239 1752 3302 οὕτως

1874 3252 2030 3292 meos
2049 3238 2118 3302 ³³,
2155 3259 2182 3286 ››
2205 3236 2346 3292 dicit
2376 3235 2585 3304 David,
2627 3235 2923 3292 Christum
2984 3240 3228 3308 spectat,
3261 3236 3344 3292 sic
3401 3237 3516 3294 hoc

139 3335 238 3382 καὶ
268 3333 326 3382 τὸ
360 3330 638 3402 εἰρημένον,
673 3348 700 3380 ι)
726 3330 930 3382 Ἐθεντό
961 3348 1023 3400 με
1052 3329 1101 3380 έν
1131 3328 1304 3400 λάκκῳ
1333 3331 1634 3400 κατωτάτῳ,
1663 3335 1748 3381 καὶ

1874 3326 2105 3392 iictum,
2147 3325 2588 3381 descenderunt
2617 3325 2790 3380 mein
2821 3325 3061 3381 inﬁrma
3089 3324 3268 3391 fossa,
3301 3326 3512 3382 et«Di-

140 3418 513 3494 διεμερίσαντο
553 3421 618 3470 τὰ
651 3420 833 3491 ἱμάτιά
872 3439 992 3490 μου,
1023 3436 1052 3469 ‹‹
1085 3423 1174 3470 καὶ
1204 3423 1368 3493 μυρία
1410 3419 1549 3470 ἄιλα·
1595 3427 1749 3472 τοῦτο

1874 3415 2114 3471 riserunt
2142 3415 2250 3470 sibi
2274 3415 2632 3471 vestimenta
2664 3430 2798 3471 mea
2828 3415 2875 3450 ²⁴
2909 3435 2935 3466 ν
2963 3419 3023 3470 et
3052 3419 3328 3472 sexcenta
3360 3415 3510 3482 alia;

139 3507 203 3562 δὲ
258 3514 348 3560 καὶ
407 3510 432 3560 ό
488 3507 688 3569 Παῦλος
743 3516 989 3582 συνορῶν,
1051 3507 1463 3579 αἰχμαλωτίζειν
1511 3515 1752 3582 παραινεί

1874 3504 2022 3577 quod
2053 3508 2110 3560 et
2132 3504 2259 3576 ipse
2297 3503 2569 3572 intelligit
2590 3503 2825 3559 Paulus.
2863 3504 3117 3560 Omnem
3153 3518 3400 3560 sensum
3431 3503 3512 3561 ad

137 3605 243 3650 πᾶν
295 3602 465 3669 νόημα
512 3597 583 3659 εἰς
630 3601 724 3655 τὴν
767 3599 998 3655 ὑπακοὴν
1056 3604 1146 3649 τοῦ
1207 3604 1458 3671 Χριστοῦ’
1509 3602 1599 3649 καὶ
1644 3600 1746 3670 γὰρ

1874 3593 2152 3651 3hristum
2198 3593 2480 3660 referens,
2515 3607 2780 3665 namque
2806 3608 2879 3648 ne
2911 3592 3098 3648 elatus
3129 3592 3373 3665 quidem
3405 3592 3513 3649 fuit

135 3683 256 3740 οὐδ’
303 3687 488 3757 ὑψώθη
542 3689 774 3760 Χριστὸς
824 3688 849 3738 ό
900 3689 1030 3748 Θεὸς
1096 3688 1240 3758 ἡμῶν
1299 3687 1324 3738 ὁ
1378 3687 1502 3759 ὑπὲρ
1560 3691 1748 3748 παντὸς

1874 3682 2118 3738 3hristus
2138 3682 2295 3739 Deus
2309 3687 2512 3738 noster
2523 3682 2628 3754 qui
2661 3697 2843 3753 super
2864 3696 3110 3738 omnem
3134 3681 3512 3739 altitudinem

133 3776 311 3846 ὕφους
339 3781 428 3827 καὶ
455 3777 633 3834 πάσης
671 3777 942 3848 ὑπεροχῆς
988 3774 1162 3839 τελῶν,
1205 3771 1328 3828 οὐδὲ
1371 3774 1740 3848 ἕμετεωρίσθη·

1874 3778 1909 3829 εἰ
1932 3771 2317 3828 eminentiam
2343 3777 2774 3837 commoratur,
2790 3771 2972 3826 necin
3005 3770 3263 3827 sublime
3275 3776 3505 3827 erectus

131 3865 332 3937 μᾶλλον
386 3861 443 3916 δὲ
485 3868 543 3916 τό
580 3863 922 3916 ἁποστολικὸν
978 3863 1154 3916 εἰπεῖν·
1216 3885 1240 3915 α
1299 3863 1420 3935 Οὐχ
1472 3864 1744 3937 ἁρπαγμὸν

1874 3861 1976 3916 ’uit.
2007 3861 2104 3916 Vel
2135 3861 2332 3933 potius
2362 3860 2758 3932 apostolicum
2782 3859 3036 3916 verbum
3085 3858 3502 3931 hujuscemodi

133 3956 382 4022 ἡγήσατο
431 3957 488 4004 τὸ
536 3949 664 4005 εἶναι
704 3956 802 4005 ἶσα
840 3962 973 4023 Θεῷ,
1017 3953 1124 4004 ἀλλ’
1157 3953 1334 4006 ἑαυτὸν
1374 3952 1586 4006 ἐκένωσε
1615 3973 1743 4029 μορ-

1874 3956 1944 4006 ιει
1973 3969 1984 4008 :
2013 3971 2040 3999 κ
2086 3953 2213 4006 Non
2270 3949 2540 4019 rapinam
2580 3949 2904 4005 arbitratus
2935 3955 3022 4003 est
3050 3963 3180 4003 esse
3212 3963 3277 4003 se
3305 3964 3506 4020 taqua-

131 4048 238 4114 φῆν
289 4038 480 4093 δούλου
525 4041 716 4104 mea»,
770 4048 858 4094 καὶ
893 4048 1136 4115 σχήματι
1181 4044 1403 4113 εὑρεθεὶς
1433 4045 1501 4102 ὡς
1547 4044 1743 4115 ἄνθρω-

1874 4054 1966 4093 em
2005 4039 2144 4101 Deo,
2178 4037 2278 4092 sed
2301 4037 2688 4109 semetipsum
2710 4037 3058 4103 exinanivit,
3074 4037 3331 4093 formam
3348 4037 3503 4092 servi

131 4152 253 4198 πος,
288 4133 620 4184 ἐταπείνωσεν
673 4132 852 4184 ἑαυτὸν
902 4136 1065 4204 μέχρι
1111 4133 1348 4184 θανάτου·
1389 4154 1409 4180 ι
1463 4136 1553 4182 καὶ
1583 4132 1739 4193 αὐτὸς

1874 4126 2170 4198 iccipiens,
2192 4125 2254 4181 in
2286 4125 2747 4181 similitudinem
2764 4125 3077 4182 hominum
3093 4125 3302 4192 factus,
3317 4124 3496 4181 ethu-

127 4218 192 4274 δὲ
225 4219 408 4280 ἐκεῖνος
432 4223 568 4272 κατά
604 4225 783 4295 καιρὸν
814 4229 904 4273 τοῦ
935 4223 1131 4282 πάθους
1163 4225 1340 4292 φησίν
1380 4239 1407 4271 ι(
1433 4216 1738 4292 ’Πδυνάμην

1874 4215 2096 4271 niliavit
2124 4213 2512 4286 semetipsum
2552 4229 2743 4286 usque
2774 4214 2853 4271 ad
2911 4218 3164 4270 mortem
3194 4215 3263 4268 ³⁸.
3299 4236 3322 4266 ι
3359 4215 3493 4287 Ipse

125 4309 498 4383 παρακαλέσαι
554 4314 639 4362 τὸν
696 4315 898 4384 Πατέρα
963 4329 1082 4380 μου,
1146 4314 1235 4360 καὶ
1293 4313 1592 4381 παρέστησέ
1648 4329 1737 4381 μοι

1874 4307 2022 4360 εὕδω
2050 4304 2129 4360 ad
2158 4304 2455 4377 passionis
2484 4310 2726 4375 tempus
2739 4303 2880 4359 dixit
2908 4319 2921 4359 :
2950 4323 2978 4356 α
3011 4306 3254 4359 Possem
3279 4317 3493 4374 rogare

123 4400 368 4460 πλείονας
407 4402 436 4457 ἦ
472 4395 683 4452 δώδεκα
728 4399 973 4470 λεγεῶνας
1019 4399 1266 4470 ἀγγέλων·
1309 4419 1336 4449 »
1381 4397 1509 4465 ἀλλ’,
1560 4401 1620 4449 οὔ
1646 4417 1736 4469 μοι

1874 4395 2075 4450 ’atrem
2117 4409 2337 4460 meum,
2370 4397 2426 4450 et
2455 4392 2758 4449 exhiberet
2785 4391 2931 4448 mihi
2963 4392 3143 4448 modo
3170 4392 3494 4465 plusquam

119 4494 330 4560 γνώμη,
394 4492 450 4539 τὸ
509 4488 794 4558 ὑψοῦσθαι,
858 4490 1071 4559 μέγεθος
1125 4484 1183 4539 δὲ
1229 4493 1318 4538 καὶ
1370 4489 1732 4558 θαυμασιότης

1874 4482 2435 4552 luodecimlegiones
2465 4481 2816 4552 angelorum
2829 4484 2932 4547 ’5';
2965 4503 2989 4533 ν
3008 4481 3133 4547 sed,
3166 4485 3229 4537 ut
3245 4481 3482 4553 opinor,

1843 4572 2112 4636 altitudo,
2153 4571 2506 4642 magnitudo
2552 4575 2611 4627 et
2642 4571 2961 4628 admiratio
2988 4569 3051 4626 in
3099 4570 3330 4626 Christo
3370 4584 3481 4627 nec

1842 4665 2028 4727 erant,
2069 4676 2176 4717 nec
2197 4661 2698 4732 suspiciebantur.
2716 4663 2830 4716 Nec
2851 4660 2981 4732 ipse
3019 4658 3294 4732 quaesivit
3332 4675 3488 4733 quo-

1840 4751 2023 4806 modo
2040 4750 2265 4805 cmteris
2307 4748 2694 4806 antecelleret.
2753 4749 2905 4815 Quid
2955 4748 3115 4804 enim
3151 4749 3487 4805 mirabilius

1841 4839 1926 4895 vel
1945 4840 2142 4910 majus
2171 4845 2326 4896 esset
2365 4855 2550 4908 quam
2611 4842 2819 4894 natura
2868 4837 3073 4894 divina
3120 4853 3257 4910 quas
3304 4854 3486 4911 super

1838 4944 2082 4985 omnem
2114 4929 2590 4998 maguitudinem
2617 4932 2672 4983 et
2704 4927 3079 4998 majestatem
3117 4927 3482 4986 collocatur?

1839 5019 2123 5073 Praeterea
2152 5019 2416 5074 Christus
2455 5032 2551 5083 ne,
2595 5021 2655 5072 ut
2685 5015 2870 5071 homo
2917 5016 3346 5088 quidem,cum
3393 5017 3479 5074 eis

1832 5107 1954 5178 qui,
1994 5106 2045 5161 si
2069 5107 2146 5163 ad
2171 5112 2400 5162 terrena
2428 5112 2486 5162 et
2514 5119 2804 5177 corporea
2832 5110 3080 5178 spectes,
3105 5105 3295 5163 multo
3321 5107 3480 5164 fastu

1829 5195 2283 5260 circumdantur,
2364 5193 2781 5263 contendebat,
2832 5199 2936 5251 aut
2981 5195 3474 5252 conversabatur.

1829 5288 1953 5340 imo
1985 5300 2124 5340 vero
2160 5300 2222 5340 se
2241 5288 2433 5340 totum
2457 5284 2515 5339 in
2539 5283 2868 5340 humilitate
2899 5288 2957 5340 et
2987 5285 3280 5342 modestia
3308 5301 3474 5342 com-

1824 5376 2106 5448 ponebat.
2121 5377 2314 5441 Quare
2329 5375 2646 5446 propheta:
2666 5393 2695 5428 ι
2717 5373 2976 5441 Exsulta,
2993 5375 3119 5434 ﬁlia
3138 5376 3277 5434 Sion
3294 5392 3308 5443 ;
3325 5391 3465 5434 nam

121 4581 256 4649 ὑπὲρ
300 4576 455 4628 αὑτὸν
503 4579 618 4628 οὔτε
665 4574 726 4635 ἧν
767 4579 883 4628 οὔτε
930 4578 1210 4640 ὑπενοεῖτο,
1262 4580 1378 4627 οὔτε
1421 4576 1570 4635 αὐτὸς
1609 4573 1733 4628 οὐδὲ

121 4666 425 4737 ἐπεστράφη
477 4669 598 4717 ποτε
642 4667 1048 4737 ὑπερενεχθῆναι
1079 4668 1264 4736 τούτῳ.
1297 4669 1360 4716 Τί
1413 4667 1512 4735 γὰρ
1559 4666 1620 4715 οἶν
1652 4668 1728 4722 εἴη

125 4758 555 4828 θαυμασιώτερον
602 4754 630 4812 ἢ
679 4757 856 4826 μεῖζον
898 4762 989 4814 τῆς
1036 4755 1162 4827 ὑπερ
1219 4759 1319 4804 πᾶν
1369 4755 1584 4825 μέγεθος
1638 4759 1728 4806 καὶ

122 4844 336 4913 ἀξίωμα
413 4839 824 4916 ὑπεριδρυμένης
898 4844 1093 4915 φύσεως
1166 4845 1380 4908 θείκῆς;
1432 4841 1563 4900 πλὴν
1622 4840 1730 4893 ἀλλ’

119 4929 252 4985 οὐδὲ
283 4935 353 4993 ῶς
380 4932 648 5003 ἄνθρωπος
676 4940 781 4994 τοῖς
807 4934 940 4982 κατὰ
969 4935 1035 4983 τὰ
1058 4936 1294 5005 περίγεια
1318 4936 1406 4982 καὶ
1437 4936 1529 4989 τὴν
1559 4934 1728 5004 σάρκα

116 5021 353 5093 μεγάλην
399 5018 557 5084 δόξαν
608 5026 697 5074 καὶ
747 5025 899 5093 ὄγκον
949 5019 1394 5093 περιϐεϐλημένοις
1442 5016 1565 5072 οὐδὲ
1609 5023 1723 5072 τού-

116 5131 230 5171 τοις
264 5110 608 5180 συνημιλλᾶτο
660 5115 747 5162 καὶ
789 5114 1171 5184 συνεπορεύετο·
1212 5110 1400 5182 μᾶλλον
1429 5106 1488 5161 δὲ
1517 5109 1723 5161 τούναν-

111 5206 226 5252 τίον
257 5199 392 5251 ἅπαν
434 5201 872 5273 ταπεινοφροσύνῃ
906 5204 991 5250 καὶ
1038 5204 1339 5272 μετριότητι
1380 5199 1490 5250 ὅλον
1542 5198 1720 5250 ἑαυτὸν

110 5287 473 5363 διερρὑθμιζε·
501 5285 586 5341 διὸ
612 5291 750 5340 καὶὸ
773 5292 1065 5359 προφήτης·
1099 5307 1127 5336 (ι
1161 5295 1337 5360 Χαῖρε,
1377 5292 1527 5359 φησὶ,
1560 5289 1717 5358 θύγα-

107 5398 197 5454 τερ
249 5384 392 5430 Σιτίον⁸
428 5398 456 5429 ›)
489 5382 577 5429 καὶ
617 5386 710 5440 τῆς
750 5377 918 5436 αἰτίας
950 5379 978 5434 ἡ
1021 5381 1189 5451 χαρὰ,
1219 5400 1244 5426 ‹‹
1284 5376 1404 5429 Ὀτι
1432 5383 1598 5451 πρᾶος
1627 5383 1715 5429 καὶ

180 5610 228 5644 ³³
268 5605 415 5665 Psal.
445 5622 561 5672 χιι,
595 5612 648 5665 7.
677 5609 722 5643 "
760 5607 910 5662 Psal.
943 5623 1062 5675 xxi,
1097 5607 1184 5662 17.
1218 5608 1264 5641 ³⁸
1323 5605 1467 5662 ibid.
1515 5611 1597 5664 t9.
1648 5606 1695 5641 ³⁵
1719 5605 1761 5660 Ρ

1874 5620 1930 5677 ρ.
1966 5621 2022 5672 ιι,
2057 5607 2107 5670 6,
2126 5606 2180 5670 7,
2211 5605 2262 5659 8.
2297 5606 2388 5661 25'
2423 5604 2577 5664 ibid.
