4026 6206
534 274 671 331 1135

1744 275 1979 332 PHOTI]
2022 275 2499 332 PATRIARCHE
2539 276 2647 333 ΟΡ.

3706 284 3795 339 ΗΞ)

528 416 713 457 causa
734 403 821 455 est
836 399 940 455 tibi
955 396 1178 468 gaudii,
1194 398 1480 471 quoniam
1499 401 1734 472 quietus
1749 407 1802 456 et
1829 405 2179 457 mansuetus
2206 447 2212 455 .

2304 404 2497 473 Ξσυχος
2538 405 2651 461 ἣκει
2712 421 2795 454 σοι
2835 404 2860 454 ὀ
2910 401 3173 475 βασιλεὺς·
3211 424 3237 453 ›)
3277 406 3332 454 τὸ
3363 399 3439 467 δὲ,
3481 401 3800 475 ἀπογεγαὶακτι·

528 490 781 547 venitad
826 494 877 544 te
916 504 1014 543 rex
1040 489 1107 542 ’⁸.
1135 488 1291 543 »Hoc
1323 489 1573 545 verbum
1614 507 1648 545 a
1672 492 1820 546 lacte
1858 490 2178 562 depulsum

529 596 669 637 cum
708 580 798 635 his
836 577 981 633 forte
1014 582 1386 646 congrueret,
1427 579 1850 650 quiaanimam
1876 596 2061 652 quam
2086 596 2183 635 as-

531 673 869 740 sumpserat
899 667 977 722 ad
1016 668 1325 739 antiquam
1354 673 1409 723 et
1433 669 1801 740 primitivam
1833 670 2183 739 dignitatem

528 757 781 823 reduxit,
815 757 980 828 quod
1008 757 1165 811 idem
1199 760 1287 811 est
1318 773 1387 812 ac
1414 757 1562 813 lacte
1592 757 1906 831 depulsum
1936 759 2013 815 ad
2061 775 2186 815 ma-

530 852 671 903 trem
715 862 899 902 suam.
946 845 999 901 Si
1055 845 1191 917 quis
1247 852 1447 903 autem
1498 847 1844 918 intelligeret
1883 848 2184 903 Christum

529 953 558 1009 1‘
574 940 851 1006 ostquam
870 939 1051 1006 utque
1070 936 1251 999 Deus,
1274 940 1454 1008 utque
1475 936 1648 992 homo
1660 937 2186 993 commorationem

531 1042 692 1081 suam
724 1026 873 1079 inter
902 1024 1165 1079 homines
1210 1027 1453 1096 peregit,
1485 1042 1689 1081 rursus
1734 1026 1812 1082 ad
1867 1030 2185 1098 paternum

530 1116 824 1186 gremium
856 1130 927 1168 ex
970 1129 1091 1185 quo
1142 1129 1416 1185 egressus
1454 1120 1579 1171 erat
1614 1131 1920 1171 reversum
1951 1130 2103 1181 esse,
2137 1115 2187 1170 is

531 1219 776 1276 quoque
807 1202 1149 1259 verisimilia
1180 1204 1515 1274 conjiceret.
1546 1209 1807 1277 Namque
1836 1205 1974 1260 illuc
1995 1220 2189 1260 recur-

534 1308 691 1353 rens,
754 1297 810 1347 et
840 1298 1085 1363 accepto
1138 1308 1317 1365 super
1347 1294 1557 1348 omnia
1582 1295 1833 1365 judicio,
1866 1309 2078 1349 omnes
2124 1293 2186 1348 in

536 1381 917 1453 semetipsum
944 1381 1308 1451 justiﬁcavit,
1341 1383 1507 1454 quod
1534 1398 1605 1437 ex
1638 1384 1727 1438 his
1792 1382 1992 1439 verbis
2048 1396 2189 1439 con-

540 1473 691 1527 stat:
728 1492 754 1522 «
791 1471 1075 1527 Restitues
1100 1470 1178 1526 ad
1201 1472 1451 1528 animam
1480 1488 1695 1528 meam.
1737 1494 1758 1522 ι)

722 1595 1045 1663 QUASSTIO
1112 1595 1237 1653 ccc
1305 1596 1510 1669 [CoisL
1572 1599 1750 1653 Taur.
1803 1596 2011 1669 CXIII].

544 1688 666 1744 Cur
703 1686 767 1741 in
795 1685 941 1741 rubo
996 1702 1101 1743 nec
1130 1686 1193 1741 in
1226 1686 1340 1812 (rga
1365 1688 1580 1811 ριιξηια
1623 1687 1817 1757 Moysi
1844 1687 2190 1756 apparuerit

1309 1773 1409 1812 eus

1309 1773 1409 1813 eus

2292 496 2495 563 σμένον,
2552 492 2889 564 ἐναρμοσθείη
2949 494 3009 544 οἷν
3052 500 3159 552 τοῖς
3202 492 3494 563 εἰρημένοις,
3544 495 3709 547 omni
3742 504 3803 555 τὴ.

2289 578 2470 651 ψυχὴν
2514 584 2575 639 ἣν
2620 581 2951 655 προσείληφεν
3010 580 3093 633 ἐπὶ
3150 584 3207 632 τὸ
3274 580 3491 653 ἀρχαῖον
3556 583 3694 640 αὐτὴν
3749 592 3809 637 καὶ

2287 672 2592 743 προγονικὸν
2652 672 2965 742 ἐπανήγαγεν
3035 670 3260 742 ἀξίωμά
3330 679 3478 723 τοῦτο
3529 674 3620 746 γὰρ
3668 676 3715 725 τὶν
3757 680 3808 731 εἴη

2292 760 2370 828 τὸ,
2425 777 2452 807 ι(
2503 758 2587 818 Ὠς
2616 762 2672 810 τὸ
2717 758 3289 832 ἀπογεγαλακτισμένον
3320 760 3401 812 ἐπὶ
3430 766 3518 818 τὴν
3557 768 3723 834 μητέρα
3755 766 3815 814 αὶ-

2294 853 2405 898 τοῦ’
2432 866 2460 898 ›)
2510 847 2554 899 εἰ
2608 844 2669 899 δέ
2720 867 2797 908 τις
2837 846 2996 900 ἐθέλοι
3042 857 3172 900 νοεῖν
3229 851 3309 901 ὄτι
3352 854 3439 901 καὶ
3474 853 3561 906 τὴν
3602 853 3710 917 μετὰ
3748 860 3815 903 τῶν

2296 934 2575 1011 ἀνθρώπων
2632 935 2965 1010 ἀναστροφὴν
3033 940 3318 1010 θεοπρεπῶς
3372 956 3425 989 τε
3484 944 3566 990 καὶ
3616 939 3819 1012 ἀνθρωπο-

2295 1033 2501 1097 πρεπῶς
2545 1025 2752 1088 τελέσας
2805 1026 2957 1077 πάλιν
3016 1028 3096 1079 ἐπὶ
3154 1031 3275 1089 τοὺς
3326 1031 3613 1101 πατρικοὺς,
3661 1029 3716 1077 ὧν
3758 1030 3823 1079 οὐκ

2296 1113 2500 1179 ἐξέστη,
2557 1114 2779 1175 κόλπους
2837 1113 3109 1179 ἐπανῆλθε,
3153 1121 3243 1167 καὶ
3293 1116 3440 1176 οὗτος
3492 1118 3549 1167 οἶν
3598 1122 3654 1168 τὰ
3699 1118 3825 1168 εὗκὸτα

2297 1203 2415 1276 ἐρεῖ·
2491 1209 2579 1255 καὶ
2659 1206 2761 1279 γὰρ
2822 1202 2990 1257 ἐκεῖσε
3038 1201 3349 1278 ἀναδραμὼν
3428 1210 3515 1257 καὶ
3583 1211 3663 1262 τήν
3734 1207 3824 1279 ὑπὲρ

2294 1295 2496 1344 πάντων
2534 1297 2710 1366 κρίσιν
2756 1289 3055 1365 δεξάμενος,
3098 1290 3379 1346 ἐδικαίωσε
3407 1296 3593 1355 πάντας
3616 1294 3658 1345 ἐν
3692 1294 3825 1364 intra,

2296 1383 2416 1453 ὅπερ
2462 1378 2796 1439 ὑποδηλὼσει
2854 1381 2914 1433 ἂν
2958 1386 3047 1435 καὶ
3085 1387 3165 1449 τὸ,
3208 1404 3235 1433 ι(
3266 1383 3350 1444 Ὠς
3382 1380 3733 1443 ἀνταποδώσεις
3768 1382 3827 1433 ἐπὶ

2298 1474 2393 1529 τὴν
2418 1470 2605 1542 ψυχήν
2632 1490 2753 1543 μου.
2786 1491 2813 1524 ν

2892 1602 3205 1650 ΕΡΩΤΗΣΙΣ
3244 1595 3318 1651 Τ’.

2302 1690 2450 1738 Διατί
2507 1685 2554 1737 ἐν
2595 1682 2744 1756 βάτῳ
2796 1690 2884 1757 καὶ
2940 1685 3033 1736 οῦκ
3079 1685 3126 1737 ἐν
3179 1685 3325 1757 ἑτέρῳ
3380 1695 3520 1757 φυτῴ
3567 1693 3630 1755 τῷ
3674 1692 3833 1738 Μωυσεῖ

2841 1756 3116 1809 ὁπτάνεται
3146 1758 3171 1808 ό
3204 1756 3327 1815 Θεὸς
3357 1774 3370 1821 ;

2228 1756 2273 1812 Β

1450 1863 1603 1912 Edita
1628 1876 1661 1913 θ,
1688 1862 1826 1913 Maio
1851 1864 1907 1927 (1.
1936 1878 1979 1912 c.
2021 1877 2074 1927 p.
2108 1862 2334 1919 152-154,
2363 1877 2413 1927 q.
2448 1864 2576 1926 309).
2606 1892 2666 1900 —
2694 1864 2859 1913 Exod.
2896 1878 2970 1920 III,
2998 1864 3051 1917 2.

548 1979 754 2035 Multas
774 1979 853 2035 ob
871 1994 1088 2036 causas
1119 2000 1132 2047 ;
1184 1984 1244 2035 at
1266 1982 1617 2052 priusquam
1666 1981 2043 2037 excutiamus
2068 1996 2193 2053 qua

548 2068 623 2124 de
640 2084 824 2126 causa
854 2070 1217 2140 apparuerit,
1250 2070 1444 2125 dicere
1483 2070 1723 2142 expedit
1745 2071 1857 2126 tria
1896 2077 2009 2126 hoc
2036 2085 2193 2141 sym-

548 2156 756 2214 bolum
787 2158 1145 2226 signiﬁcare.
1183 2161 1278 2214 Vel
1309 2165 1372 2214 ut
1401 2159 1587 2215 rubus
1617 2159 1885 2227 ardebat,
1908 2175 2018 2216 nec
2036 2174 2199 2215 com-

552 2247 900 2312 burebatur,
931 2248 1011 2303 sic
1042 2248 1217 2303 lsrael
1264 2249 1594 2305 obnoxium
1617 2250 1916 2320 periculis,
1979 2248 2197 2320 poenis,

555 2337 936 2408 ﬂammisque
954 2337 1208 2393 miseriae
1229 2338 1452 2409 quibus
1469 2354 1604 2393 eum
1633 2339 1872 2394 servitio
1895 2338 2201 2409 objectum

556 2424 808 2495 Egyptii
840 2427 1155 2490 vexabant,
1178 2426 1639 2482 solaDeidextra
1659 2443 1691 2483 e
1720 2436 1907 2483 morte
1929 2432 1985 2482 et
2023 2426 2199 2482 exitio

555 2516 824 2582 ereptum
852 2512 1053 2568 fuisse.
1082 2514 1181 2569 Vel
1235 2514 1424 2570 Deum
1448 2515 1720 2581 Verbum,
1754 2516 1940 2571 Patris
1970 2516 2200 2581 lumen,

556 2598 997 2670 incorporeum,
1032 2602 1355 2658 divinitatis
1388 2604 1588 2671 ignem
1615 2606 1874 2660 terrestri
1905 2609 1965 2659 et
1993 2619 2198 2675 corpo-

555 2703 657 2744 reo
683 2688 937 2759 Virginis
996 2690 1132 2745 sinu
1188 2691 1441 2757 fulsisse,
1500 2693 2115 2765 inconsumptamque
2149 2696 2203 2748 et

554 2777 839 2834 intactam
870 2778 1171 2849 Virginem
1210 2796 1346 2851 quae
1387 2785 1744 2853 conceperat
1773 2781 2123 2837 servavisse.
2148 2780 2202 2836 Si

556 2867 750 2924 mavis
776 2866 907 2939 ipse
939 2869 1265 2925 Divinitatis
1297 2871 1451 2939 ignis
1505 2870 1783 2926 humanas
1826 2871 2204 2927 consociatus

555 2962 796 3019 naturae,
826 2957 987 3013 illam
1020 2959 1265 3031 quidem
1294 2959 1632 3024 mundabit,
1668 2959 2204 3029 consecrabit,non

556 3051 749 3103 autem
775 3047 1104 3111 comburet,
1130 3064 1234 3104 nec
1250 3047 1487 3104 delebit.
1508 3048 2028 3105 Verumenimvero
2077 3049 2205 3104 haec

553 3136 690 3192 rubi
720 3138 1005 3209 mysterio
1034 3138 1855 3210 prmﬁgurantur,rubusque.
1919 3154 2028 3194 nec
2085 3138 2205 3194 alia

555 3226 764 3298 planta
796 3226 1109 3297 subjicitur
1129 3226 1270 3297 igni.
1331 3230 1497 3283 Forte
1543 3229 1833 3299 quoniam
1878 3229 1937 3282 in
1970 3227 2204 3284 deserto

554 3315 722 3371 nulla
759 3315 876 3371 alia
896 3315 1103 3387 planta
1134 3317 1487 3385 gignebatur
1516 3335 1528 3384 ;
1562 3316 1653 3373 vel
1687 3318 1883 3381 etiam,
1928 3322 1991 3371 ut
2015 3316 2204 3373 disca-

554 3405 907 3472 musignem
937 3405 1208 3459 divinum
1235 3421 1372 3460 cum
1400 3410 1680 3461 naturam
1698 3407 2024 3461 humanam
2041 3422 2200 3461 com-

551 3491 905 3562 plecteretur
916 3508 1052 3563 quae
1066 3498 1311 3564 peccata
1324 3510 1435 3549 sua
1452 3498 1513 3548 ut
1527 3494 1732 3563 spinas
1762 3495 1892 3566 proj
1901 3496 2017 3562 icit,
2038 3495 2201 3551 illam

550 3578 1114 3642 inﬂammasse,non
1141 3585 1341 3637 autem
1356 3583 1823 3652 consumpsisse.
1858 3584 1973 3639 Sed
1998 3585 2200 3654 spinas

550 3668 991 3724 circumdantes
1044 3668 1340 3725 exussisse
1370 3686 1437 3725 ac
1463 3670 1774 3725 delevisse.
1830 3671 1929 3727 Vel
1962 3672 2009 3726 si
2035 3672 2199 3728 aliud

549 3762 605 3814 te
634 3758 825 3828 juvat,
859 3758 918 3812 in
949 3758 1099 3814 rubo
1126 3757 1237 3812 isto
1267 3762 1556 3829 apparent
1585 3762 1879 3832 plerasque
1902 3760 2193 3830 gentium,

548 3847 797 3919 abjectis
828 3847 903 3903 de
942 3850 1061 3903 Deo
1118 3848 1500 3921 opinionibus
1552 3855 1857 3922 correptae,
1927 3856 1981 3907 et
2019 3852 2197 3924 quasi

546 3937 840 3994 atheismo
868 3937 1154 4003 obsessae,
1179 3938 1409 3994 semina
1446 3944 1827 4012 peccatorum
1858 3956 2062 3997 secum
2102 3942 2192 3998 fe-

546 4025 1363 4099 rentes,putrefactamquein
1388 4030 1571 4083 Deum
1586 4030 2042 4094 venerationem,
2060 4047 2196 4102 quas

545 4115 848 4173 debebant
877 4117 1065 4172 sancti
1085 4117 1327 4188 Spiritus
1347 4118 1604 4174 adventu
1626 4123 1682 4173 et
1717 4119 2195 4176 manifestatione

546 4205 814 4265 accendi.
843 4210 899 4261 et
928 4205 1172 4276 spinoso
1210 4206 1313 4261 illo
1367 4206 1719 4279 ingratoque
1769 4224 1965 4263 errore
2025 4225 2195 4265 mun-

549 4295 696 4359 dari,
727 4295 1006 4368 ignisque
1035 4294 1216 4351 divini
1241 4295 1440 4352 radios
1470 4296 1755 4368 accipere.
1782 4319 1811 4346 «
1846 4298 1995 4368 Ipse,
2025 4302 2198 4370 prout

544 4383 769 4439 dictum
801 4390 907 4451 est,
962 4384 1287 4455 baptizabit
1362 4401 1472 4440 vos
1498 4385 1557 4439 in
1617 4386 1842 4457 Spiritu
1906 4392 2111 4443 sancto
2143 4391 2199 4443 et

546 4473 667 4543 igni
692 4475 761 4526 ³⁷.
805 4495 835 4527 »
866 4475 934 4530 Ut
964 4479 1165 4530 autem
1214 4473 1591 4530 manifestior
1651 4475 1984 4548 clariorque
2042 4481 2200 4531 esset

543 4561 758 4633 ﬁgura,
779 4568 1114 4619 memorant
1135 4564 1353 4619 rubum
1384 4563 1617 4631 arsisse,
1650 4579 1771 4620 non
1802 4570 2001 4621 autem
2043 4580 2199 4620 com-

543 4649 787 4707 bustum
819 4668 969 4708 esse.
993 4652 1261 4725 Namque
1278 4653 1463 4707 rubus
1489 4669 1702 4725 repens
1728 4659 1783 4709 et
1814 4655 2113 4725 spinosus,
2150 4654 2200 4710 si

544 4741 621 4797 ad
650 4747 929 4799 naturam
960 4743 1092 4814 ejus
1133 4747 1377 4813 spectes,
1408 4743 1679 4799 inﬁrmus
1703 4749 1789 4799 est
1833 4761 1845 4809 ;
1881 4745 1927 4798 si
1960 4744 2038 4799 ad
2069 4759 2203 4813 spe-

546 4828 718 4900 ciem,
747 4848 927 4904 super
965 4837 1183 4888 terram
1231 4830 1508 4887 diffusus.
1573 4832 1713 4899 Quae
1744 4838 1920 4888 cunta
1978 4834 2197 4889 rubum

548 4917 701 4974 inter
779 4926 834 4976 et
890 4920 1138 4989 gentiles
1210 4922 1487 4993 quaedam
1539 4922 1889 4978 communia
1950 4926 2197 4993 ponunt.

550 5006 799 5077 Insuper
848 5010 961 5065 hac
1018 5010 1252 5082 quidem
1297 5015 1504 5082 ptanta
1560 5010 1705 5066 nihil
1754 5011 1871 5066 fere
1892 5011 2198 5077 humilius,

547 5108 705 5167 quas,
748 5097 977 5153 etiamsi
1010 5104 1312 5169 augescat,
1341 5116 1657 5172 nunquam
1690 5104 1892 5156 tamen
1925 5100 2199 5169 assurgit,

548 5183 839 5256 humique
865 5200 1100 5256 semper
1113 5190 1406 5261 proserpit
1432 5208 1442 5247 :
1470 5189 1621 5256 ignis
1653 5193 1875 5251 autem,
1894 5188 2012 5243 leve
2027 5189 2201 5259 quid-

551 5273 690 5330 dam
720 5287 858 5327 cnm
888 5272 1122 5340 habeat,
1167 5292 1239 5331 ex
1264 5278 1545 5334 omnibus
1571 5294 1707 5350 quae
1777 5294 1955 5333 sensu
2022 5276 2200 5347 perci-

549 5362 794 5439 piuntur
820 5361 1079 5417 maxime
1124 5364 1201 5419 ad
1254 5368 1484 5423 excelsa
1539 5373 1593 5423 et
1658 5367 1939 5423 sublimia
1993 5364 2199 5422 tendit.

554 5455 685 5521 Quo
710 5451 1079 5524 signiﬁcatur
1094 5452 1251 5509 hanc
1282 5471 1401 5526 prae
1415 5457 1639 5512 caeteris
1679 5458 1959 5512 omnibus
1992 5457 2203 5512 consti-

703 5664 751 5699 ὀ
788 5658 969 5735 Soph.
997 5674 1077 5725 Ill,
1112 5660 1198 5716 14.
1243 5660 1288 5695 ’τ
1332 5662 1506 5717 Marc.
1546 5677 1585 5729 ι,
1619 5662 1673 5716 8.

2379 1983 2473 2032 Διά
2511 1980 2696 2041 πολλὰς
2735 1980 2925 2041 αἰτίαςσ
2980 1979 3171 2051 μᾶλλον
3219 1976 3278 2032 δὲ
3324 1985 3426 2053 πρὸ
3475 1988 3561 2031 τοῦ
3612 1976 3840 2031 ἀποδοῦναι

2306 2071 2395 2129 τὰς
2452 2066 2598 2121 διατί
2638 2072 2781 2141 ὤφθη
2828 2068 3020 2135 αἰτίας,
3075 2067 3280 2139 ἆμεινον
3326 2070 3489 2122 εἰπεῖν
3531 2070 3602 2120 ὅτι
3636 2075 3737 2143 τρία
3758 2072 3842 2119 τινὰ

2309 2160 2366 2209 τὸ
2431 2158 2686 2230 σύμϐολον
2749 2161 2950 2229 μηνύει·
3020 2161 3049 2215 ἤ
3112 2159 3190 2209 ὅτι
3240 2159 3412 2232 ὥσπερ
3475 2160 3503 2215 ἠ
3568 2157 3705 2229 βάτος
3751 2160 3844 2225 πυρὶ

2308 2246 2739 2321 περιελαμϐάνετο
2788 2250 2899 2318 μὲν,
2959 2246 3017 2297 οὗ
3072 2251 3368 2298 κατεκαίετο
3420 2244 3497 2307 δε,
3563 2248 3683 2298 οὕτω
3718 2256 3787 2296 και
3826 2246 3843 2293 ι

2312 2335 2526 2407 Ἰσραὴλ
2568 2334 2779 2397 ἔκδοτος
2823 2342 2933 2395 τοῖς
2982 2333 3294 2409 πειρασμοῖς
3338 2341 3429 2387 καὶ
3482 2343 3593 2396 ταῖς
3634 2338 3845 2406 τιμωρίαις

2312 2429 2400 2477 καὶ
2451 2433 2511 2497 τῇ
2565 2424 2712 2497 φλογὶ
2763 2431 2858 2484 τῆς
2906 2423 3260 2496 ταλαιπωρίας
3297 2426 3356 2481 ἦν
3409 2424 3581 2485 αὐτοῖς
3619 2426 3662 2476 οἱ
3694 2426 3844 2493 αἰχμα-

2311 2514 2652 2573 λωτεῦσαντες
2700 2515 2952 2585 ὑφῆπτον,
3004 2518 3131 2585 μόνη
3169 2510 3228 2565 δὲ
3256 2522 3314 2584 τῇ
3348 2522 3441 2565 τοῦ
3482 2521 3608 2567 Θεοῦ
3638 2510 3763 2581 δεξιᾷ
3784 2519 3845 2562 τοῦ

2313 2607 2384 2676 μὴ
2454 2599 2753 2655 διολωλέναι
2827 2607 2915 2654 καὶ
2978 2600 3405 2674 ἀποτεφρωθῆναι
3483 2600 3840 2673 διετηρηθηοαν*

2315 2696 2344 2750 ἦ
2377 2693 2457 2744 ὅτι
2487 2692 2512 2743 ὁ
2543 2694 2669 2751 Θεὸς
2720 2695 2886 2762 Λόγος
2934 2694 2992 2742 τὸ
3038 2699 3138 2762 φῶς
3169 2695 3226 2742 τὸ
3264 2696 3515 2766 πατρικὸν
3556 2696 3636 2743 καὶ
3661 2695 3709 2743 τὸ
3732 2689 3846 2741 ista

2315 2788 2405 2841 τῆς
2445 2785 2700 2840 Θεὸτητος
2748 2788 2850 2852 πῦρ
2901 2779 2951 2831 ἐν
3004 2788 3065 2851 τῇ
3112 2786 3279 2852 γεηρᾴ
3328 2799 3383 2832 τε
3431 2786 3519 2833 καὶ
3568 2777 3733 2832 ὑλὼοέι
3781 2786 3848 2837 τῆς

2316 2871 2575 2944 Παρθένου
2652 2874 2828 2941 μήτρᾳ
2898 2869 3315 2943 περιαστράψαν,
3382 2868 3737 2941 ἀκατάφλεκτον
3785 2872 3849 2917 καὶ

2315 2958 2558 3031 ἀπήμονα
2624 2954 2883 3010 διασώσει
2960 2962 3053 3015 τὴν
3125 2955 3409 3030 δεξαμένην
3470 2960 3609 3011 αὐτο·
3667 2958 3705 3007 εἰ
3756 2954 3850 3026 βού-

2245 3034 2388 3100 Ολει
2462 3045 2521 3100 δε
2578 3050 2635 3099 τὸ
2709 3046 2835 3099 αὐτὸ
2918 3056 3013 3108 τῆς
3094 3050 3332 3109 θεότητος
3423 3056 3518 3120 πῦρ
3594 3056 3649 3119 τῇ
3705 3045 3851 3115 ἀνθρω-

2315 3143 2435 3210 πίνη
2528 3136 2923 3209 προσομιλῆσαν
2998 3140 3170 3208 φύσει,
3257 3143 3592 3209 πυρακτώσει
3660 3141 3736 3206 μιν
3787 3137 3851 3182 καὶ

2318 3230 2632 3291 θεοποιήσει,
2686 3226 2745 3277 οῦ
2798 3224 3100 3296 καταφλέξει
3164 3223 3223 3278 δὲ
3277 3231 3367 3278 καὶ
3418 3226 3708 3297 ἐξαφανίσευ
3760 3220 3853 3272 ἀλλὰ

2315 3323 2573 3391 προτυποῖ
2598 3319 2687 3387 μεν
2736 3318 2793 3366 τό
2843 3314 2925 3367 ἐπὶ
2981 3324 3073 3376 τῆς
3128 3314 3294 3386 βάτου
3335 3321 3623 3388 μυστήριον
3662 3318 3769 3369 ἴσως
3809 3312 3849 3359 ἄν

2314 3408 2377 3457 τὰ
2428 3413 2662 3458 τοιαῦτα·
2722 3410 2811 3456 καὶ
2875 3406 2904 3461 ὴ
2964 3402 3123 3476 βάτος
3174 3401 3233 3456 δὲ
3289 3404 3627 3457 ὑποϐάλλεται
3667 3410 3727 3472 τῷ
3759 3403 3851 3471 περὶ

2311 3499 2401 3547 καὶ
2457 3494 2585 3565 οὐχὶ
2633 3497 2789 3566 φυτὸν
2851 3493 3037 3566 ἕτερον’
3103 3494 3251 3563 τάχα
3305 3497 3397 3563 μὲν
3457 3498 3624 3567 ὅτιπερ
3674 3486 3766 3542 οὐδ’
3807 3496 3850 3544 ἦν

2313 3584 2485 3658 ἐτέρου
2543 3586 2681 3645 τινός
2732 3584 2761 3640 ἠ
2815 3584 3005 3654 ἔρημος
3055 3584 3198 3654 παρὰ
3248 3590 3404 3634 τοῦτο
3450 3589 3602 3655 φυτοῦ
3644 3580 3851 3652 καρποφό-

2309 3692 2413 3746 ροςο
2483 3675 2556 3724 ἔτι
2611 3668 2669 3724 δε
2719 3676 2809 3723 καὶ
2858 3673 2941 3723 ἱνα
2990 3672 3253 3742 μάθωμεν,
3315 3674 3379 3731 ὡς
3443 3676 3535 3730 τὴν
3589 3668 3849 3742 ἀνθρωπίνην

2311 3765 2464 3834 φύσιν
2510 3764 2565 3813 τὸ
2618 3768 2709 3822 τῆς
2762 3762 3000 3821 θεότητος
3049 3758 3324 3833 περιλαϐὸν
3386 3769 3512 3834 πῦρ,
3570 3762 3704 3811 οἱονεί
3744 3771 3849 3811 τινας

2311 3849 2533 3912 ἀκάνθας
2607 3852 2700 3912 τὰς
2768 3850 3024 3923 ἁμαρτίας
3073 3848 3515 3921 προϐεϐλημένην,
3568 3851 3733 3903 ταύτην

2309 3939 2591 4011 ἐφλόγιζεν,
2646 3938 2704 3991 οῦ
2752 3942 2990 3990 κατέκαιε
3034 3934 3111 3990 δέ·
3171 3941 3261 3999 τὰς
3307 3936 3366 3990 δε
3422 3944 3537 4013 περὶ
3574 3938 3712 3993 αὐτὴν
3738 3934 3849 3984 ἀκάνο

2311 4031 2398 4090 θας
2468 4028 2710 4080 κατέκαιε
2776 4032 2866 4079 καὶ
2949 4024 3250 4099 διέφθειρεν·
3337 4028 3380 4079 εἰ
3448 4027 3617 4101 βούλει
3670 4022 3735 4086 δὲ,
3784 4024 3847 4071 καὶ

2308 4116 2510 4189 ἐπείπερ
2551 4120 2617 4169 τὰ
2668 4116 2837 4175 πλήθη
2888 4125 2986 4168 τῶν
3027 4116 3181 4167 ἐθνῶν
3226 4124 3339 4176 ταῖς
3394 4120 3726 4188 χαμαιπετίσι
3764 4113 3846 4177 περὶ

2308 4214 2434 4261 Θεοῦ
2477 4211 2735 4278 συρόμενα
2784 4201 3057 4269 διανοίαις,
3108 4210 3197 4256 καὶ
3238 4207 3341 4257 οἷον
3389 4215 3453 4278 τῇ
3505 4205 3721 4260 ἀθεότητι
3744 4218 3847 4272 περι-

2308 4300 2592 4367 κεχυμένα,
2641 4299 2729 4346 καὶ
2803 4297 2894 4355 τὰς
2950 4302 3049 4344 τῶν
3121 4293 3387 4365 ἁμαρτιῶν
3449 4294 3701 4367 ἐκφέροντα
3736 4288 3847 4356 ἐκγλ.

2230 4388 2277 4444 D
2311 4405 2437 4452 σεις,
2472 4388 2555 4435 καὶ
2584 4389 2678 4441 τὴν
2701 4391 2792 4435 τοῦ
2823 4381 3154 4453 σεϐάσματος
3194 4385 3459 4435 σύστασιν
3494 4384 3693 4455 σαθρὰν,
3722 4374 3845 4449 ἔμελλε

2310 4470 2369 4526 δε
2436 4482 2601 4526 ταῦτα
2653 4480 2714 4543 τῇ
2790 4479 2879 4523 τοῦ
2939 4470 3093 4541 ἁγίου
3154 4473 3453 4539 Πνεῦματος
3492 4471 3773 4541 ἐπιφοιτήσει
3808 4480 3844 4511 τε

2308 4568 2397 4615 καὶ
2449 4561 2716 4632 ἐλλάμψει,
2767 4568 2863 4621 τῆς
2909 4564 2998 4632 μεν
3057 4556 3389 4621 ἀκανθώδους
3440 4566 3526 4613 καὶ
3566 4550 3843 4622 ζιζανιὼδους

2310 4652 2708 4728 περιφλέγεσθαι
2775 4656 2863 4702 καὶ
2933 4649 3383 4724 ἀποκαθαίρω-θαι
3443 4651 3643 4709 πλάνης,
3693 4647 3764 4703 τὰς
3802 4637 3842 4689 ονε

2310 4750 2400 4794 τοῦ
2452 4744 2625 4794 θεῐκοῦ
2673 4744 2832 4812 πυρὸς
2873 4738 3083 4800 ἀκτῖνας
3132 4736 3515 4810 ὑποδέχεσθαι.
3563 4739 3708 4796 Αὐτὸς
3750 4735 3838 4801 γάρ.

2311 4837 2461 4904 φησὶ,
2512 4830 2761 4902 βαπτίσει
2813 4830 2946 4900 ὑμᾶς
3001 4828 3051 4881 ἐν
3114 4832 3363 4900 Πνεῦματι
3421 4829 3549 4899 ἁγίῳ
3603 4831 3679 4877 καὶ
3734 4822 3836 4889 πυρὶ·

2313 4921 2373 4973 ἶν’
2426 4920 2793 4991 ἐμφανέστερον
2848 4937 2899 4969 τε
2951 4922 3039 4969 καὶ
3101 4918 3509 4992 τηλαυγέστερον
3554 4919 3607 4967 τὸ
3655 4910 3840 4966 zizanio-

2312 5029 2458 5081 μενον
2508 5004 2982 5079 προσδιατυπωθῇ,
3031 5009 3060 5065 ἡ
3099 5005 3255 5079 βάτος
3293 5006 3737 5078 παραλαμϐάνεται,
3773 5000 3837 5048 ὑπ’

2314 5102 2627 5172 ηρετουμένη
2662 5099 2773 5167 μὲν,
2834 5095 2891 5146 οὗ
2933 5095 3210 5167 φλεγομένη
3252 5092 3310 5148 δὲ
3360 5104 3429 5164 τῷ
3460 5100 3600 5168 πυρί’
3626 5090 3837 5163 χαμίρπέξ

2311 5207 2363 5238 τε
2392 5190 2493 5257 γάρ
2526 5186 2638 5237 ἐστι
2665 5190 2750 5236 καὶ
2778 5181 3087 5245 ἀκανθώδης
3117 5190 3206 5237 καὶ
3245 5190 3335 5241 τὴν
3366 5186 3643 5237 ὑπόστασιν
3671 5178 3835 5230 ἀσθενὲς

2312 5282 2399 5329 καὶ
2447 5279 2583 5327 κατά
2627 5279 2718 5332 τὴν
2751 5274 2867 5344 ἄψιν
2900 5270 3233 5346 διηπλωμένη
3286 5282 3382 5335 τῆς
3429 5283 3540 5345 γῆς*
3572 5272 3672 5322 καθ’
3713 5268 3740 5317 ἆ
3775 5272 3834 5311 καί

2312 5371 2405 5424 τὴν
2492 5365 2767 5435 ἀναλογίαν
2830 5367 2954 5436 πρὸς
3048 5363 3208 5421 αὐτὴν
3291 5361 3542 5424 διασώζει
3616 5361 3673 5411 τὰ
3731 5355 3829 5406 ἔθη.

2311 5455 2426 5509 Ἔτι
2503 5452 2561 5506 δὲ
2608 5462 2699 5506 τοῦ
2751 5455 2989 5505 τοιουτου
3044 5456 3132 5523 μὲν
3189 5461 3351 5523 φυτοῦ
3400 5448 3589 5523 σχεδόν
3636 5468 3679 5499 τι
3720 5436 3829 5494 οὐδὲν
