4026 6206
179 317 320 373 1137

175 444 554 514 ταπεινότερον,
600 437 706 489 ἀλλ’
763 437 924 500 αὔξην
977 442 1065 510 μέν
1117 457 1232 490 τινα
1284 435 1521 509 δέχεται,
1583 433 1789 490 οὐδέπω
1820 441 1863 495 Α

177 528 230 584 δ’
286 529 554 602 ἐπαίρεται
606 535 697 587 τῆς
755 535 874 598 γῆς·
929 525 1005 580 ἀεὶ
1059 523 1119 580 δε
1166 530 1328 600 ταύτῃ
1383 532 1683 602 προσέρπει·
1731 530 1788 578 τὸ

177 615 243 672 δὶ
294 626 398 690 πῦρ
455 621 644 688 κοῦφόν
704 635 758 668 τε
814 621 903 668 καὶ
960 624 1057 668 τῶν
1124 617 1222 668 ὅσα
1268 621 1497 692 κρίνεται
1543 618 1790 674 αἰσθήσει

175 710 601 782 ἀνωφερέοτατόν
647 725 700 758 τι
730 711 819 758 καὶ
861 707 1146 760 ἀνώτατον·
1189 708 1258 767 ὡς
1287 708 1347 757 ἄν
1387 704 1473 758 οὖν
1504 704 1786 778 ἐπιδειχθῇ

177 799 266 851 ὅτι
325 799 356 854 ἡ
406 798 608 848 πάντων
651 797 949 870 ὑπερέκεινα
1003 803 1103 847 τῶν
1148 795 1302 848 ὄντων
1357 796 1677 868 ἀνῳκισμενη
1737 814 1792 847 τε

175 892 274 939 καὶ
327 885 627 957 ὑψηλοτέρα
671 893 763 947 τῆς
823 887 1062 947 θεότητος
1116 887 1271 957 φύσις
1326 884 1450 957 (πῦρ
1507 887 1608 958 γὰρ
1671 883 1792 936 πολ-

176 978 336 1038 λάκις
378 977 406 1033 ἡ
451 979 625 1048 Γραφὴ
661 977 745 1026 τὸν
791 977 918 1027 Θεὸν
963 975 1250 1046 ὀνομάζει),
1299 977 1430 1048 πρὸς
1475 979 1568 1032 τήν
1618 993 1768 1026 ταπει

174 1068 393 1140 νοτέραν
439 1066 593 1136 φύσιν
640 1072 739 1116 τῶν
789 1062 1069 1138 ἀνθρώπων
1118 1061 1179 1136 τῇ
1222 1063 1369 1134 πηλῷ
1416 1065 1505 1116 καὶ
1535 1070 1602 1136 γῇ
1658 1083 1788 1135 συμ-

176 1158 516 1228 πεφυρμένην
565 1152 656 1205 οῦκ
688 1151 956 1216 ἀπηξίωσε
983 1153 1260 1217 κατελθεῖν,
1305 1153 1511 1215 εἰκότως
1541 1160 1613 1205 τω
1657 1154 1789 1205 ὑπο-

180 1239 437 1314 δείγματι
492 1240 808 1299 κατάλληλον
859 1241 1161 1314 παρελήφθη
1217 1246 1395 1314 φυτὸν,
1462 1241 1573 1294 Ἔτι
1626 1238 1678 1294 δ’
1729 1243 1790 1292 άν

177 1331 590 1406 ἕπιθεωρήσαις,
654 1333 725 1390 ὡς
797 1338 888 1382 τοῦ
964 1329 1212 1404 Ἐϐραίων
1269 1333 1440 1391 ἔθνους
1490 1331 1789 1404 αὐτομολεῖν

179 1440 290 1482 πως
351 1420 636 1495 ἐπιρῥεπῶς
700 1423 913 1491 ἔχοντος
988 1423 1117 1493 πρὸς
1191 1420 1486 1487 πολυθεῖαν,
1533 1421 1622 1473 ἅτε
1681 1429 1790 1483 τοῖς

177 1517 282 1562 τῶν
330 1509 628 1580 Αἰγυπτίων
681 1511 847 1562 ἔθεσιν
916 1508 1010 1561 οῦκ
1064 1509 1256 1580 ὀλίγοις
1313 1512 1450 1562 ἔτεσι
1508 1529 1791 1563 συναναπε-

179 1603 470 1672 φυρμένόυ,
530 1600 611 1651 ἱνα
658 1603 728 1671 μή
772 1598 948 1661 αὐτοῖς
978 1598 1270 1672 πρὸσϐασίς
1298 1619 1373 1660 τις
1400 1600 1468 1661 εἰς
1517 1600 1789 1653 πολυθεῖαν

179 1692 525 1763 περιγένηται
581 1687 628 1740 έν
675 1707 745 1759 τῳ
795 1691 1033 1760 τοιούτῳ,
1076 1685 1310 1759 εἰδεχθεῖ
1333 1708 1384 1740 τε
1423 1693 1512 1741 καὶ
1566 1697 1788 1761 ταπεινῷ

179 1782 277 1830 καὶ
334 1773 677 1848 ἁνεπιτηδείῳ
750 1780 875 1849 πρὸς
943 1781 1265 1849 παραγωγὴν
1345 1777 1535 1840 ξοάνων
1616 1798 1790 1853 παρα-
1819 1803 1864 1859 Β

183 1862 464 1918 δείκνυται
514 1869 573 1917 τὸ
611 1867 811 1938 θαῦμα’
863 1867 945 1918 ἱνα
991 1870 1062 1938 μὴ
1107 1865 1515 1937 καταπλαγέντες
1562 1871 1617 1919 τὸ
1667 1869 1792 1942 ὁρω-

181 1974 362 2028 μενον,
417 1958 448 2013 ἡ
505 1954 631 2007 αῦτό
665 1974 724 2026 γε
761 1958 818 2006 τὸ
851 1951 985 2015 εἶδος
1028 1963 1120 2007 τοῦ
1151 1963 1284 2008 Θεοῦ
1327 1956 1508 2021 αὐτοῦ,
1555 1956 1624 2018 εἰς
1665 1960 1792 2010 Θεὸν

183 2043 619 2118 ἀναγραψάμενοι
705 2050 1163 2117 προσκυνήσωσιν·
1221 2045 1251 2103 ἡ
1329 2041 1694 2118 διαγλῦφοντες
1743 2045 1795 2109 ἐξ

182 2134 356 2186 αὐτοῦ
387 2132 754 2206 ἀπεικάσματα
786 2152 839 2185 τε
890 2138 979 2185 καὶ
1019 2135 1343 2206 ὁμοιώματα,
1396 2136 1460 2194 ὡς
1510 2136 1650 2195 θεοὺς
1697 2134 1794 2186 αῦ-

180 2233 288 2276 τὼν
345 2227 409 2274 τὰ
455 2231 555 2274 τῶν
607 2231 802 2296 χειρῶν
853 2224 981 2297 ἔργα
1051 2228 1512 2298 προσκυνήσωσιν·
1573 2226 1619 2275 οἱ
1693 2225 1794 2298 γὰρ

181 2315 325 2383 μετὰ
365 2314 623 2372 τοσαύτης
654 2313 849 2384 ζημίας
875 2318 1392 2382 μοσχοποιήσαντες,
1444 2317 1533 2364 καὶ
1581 2313 1650 2374 ὡς
1681 2319 1796 2382 Θεῷ

1133 311 1230 368 AD
1271 310 1823 370 AMPHILOCHIUM
1863 310 2184 380 QUESTIO
2225 310 2376 377 CCC,
2417 311 2595 367 CCCI.

3423 313 3559 370 1138

1897 440 2086 493 tutam
2105 441 2158 492 et
2173 436 2554 493 excellentem
2582 436 2676 492 Dei
2703 439 2983 491 naturam
3009 435 3227 506 (ignem
3255 435 3412 492 enim
3432 454 3562 510 per-

1897 542 2054 598 saepe
2089 527 2389 598 Scriptura
2419 530 2600 581 Deum
2633 525 2828 595 vocat)
2852 540 2972 580 non
3013 524 3398 595 dedignatam
3431 543 3559 584 esse

1896 615 1972 671 ad
2013 614 2479 671 humilissimam
2517 614 2824 670 hominum
2865 618 3146 668 naturam
3187 614 3331 670 limo
3382 619 3560 672 terra-

1896 720 2013 777 que
2054 704 2436 760 commistam
2471 703 2854 758 descendere.
2894 703 3092 758 Merito
3123 702 3300 772 igitur
3355 704 3562 775 planta

1896 795 2035 850 hinc
2054 800 2276 848 naturas
2290 808 2620 864 congruum
2636 791 2979 863 exemplum
2996 797 3303 864 sumptum
3323 799 3428 849 est.
3447 796 3564 850 Hoc

1896 883 2074 938 etiam
2103 882 2512 938 animadverte
2541 881 2726 953 quod,
2763 896 2901 936 cum
2924 881 3146 935 inesset
3169 881 3558 938 Hebrtnorum

1897 973 2056 1043 genti
2089 972 2424 1044 proclivitas
2454 972 2530 1028 ad
2567 970 2984 1036 idololatriam,
3018 971 3363 1041 prodigium
3395 971 3557 1028 istud

1897 1061 2049 1118 adeo
2081 1061 2325 1126 (cedam,
2358 1060 2532 1116 vilem
2572 1059 3038 1131 indecoramque
3081 1075 3202 1130 prae
3231 1060 3409 1116 idolis
3452 1060 3564 1116 for-

1899 1167 2061 1207 mam
2103 1151 2362 1222 suscepit
2402 1166 2475 1206 ne
2511 1149 2736 1220 gradus
2781 1165 2970 1204 novus
3011 1149 3090 1206 ad
3128 1149 3254 1205 haec
3297 1149 3458 1206 idola
3490 1150 3562 1206 iis

1897 1245 2354 1312 supponeretur,
2411 1239 2632 1295 scilicet
2683 1253 2757 1294 ne
2813 1237 3038 1292 visione
3095 1239 3402 1305 commoti,
3462 1243 3566 1294 aut

1898 1329 2091 1402 ipsam
2138 1329 2238 1384 Dei
2279 1329 2541 1400 speciem
2587 1344 2694 1400 pro
2725 1330 2842 1382 Deo
2895 1335 3182 1398 ponentes
3223 1327 3560 1393 adorarent,

1897 1423 1996 1474 aut
2028 1418 2201 1488 signa
2230 1422 2286 1473 et
2322 1417 2547 1488 ﬁguras
2577 1417 2652 1472 ad
2693 1416 2824 1487 ejus
2867 1414 3323 1470 similitudinem
3353 1415 3563 1471 imitati

1897 1523 2026 1563 cum
2055 1507 2468 1574 confecissent,
2500 1506 2629 1561 haec
2662 1520 2954 1560 manuum
2988 1521 3235 1560 suarum
3269 1519 3455 1576 opera
3484 1505 3565 1559 uti

1897 1596 2040 1652 deos
2069 1601 2512 1652 venerarentur.
2568 1594 2673 1661 Qui
2725 1593 2884 1650 enim
2937 1593 3182 1650 vitulum
3235 1593 3413 1649 tantis
3456 1592 3568 1648 im-

1897 1684 2096 1757 pensis
2125 1684 2510 1749 excuderunt,
2544 1698 2775 1755 proque
2822 1682 2944 1737 Deo
2976 1682 3360 1738 simulacrum
3407 1681 3567 1736 bovi-

1899 1790 1978 1830 no
2007 1775 2199 1847 capite
2237 1774 2586 1829 instructum
2638 1771 3040 1827 adoraverunt
3080 1770 3177 1826 ubi
3229 1770 3394 1826 nulla
3441 1785 3569 1824 om-

1900 1865 2043 1920 nino
2100 1864 2200 1920 Dei
2255 1862 2654 1919 manifestatio
2707 1862 3024 1925 exstiterat,
3062 1861 3207 1932 quid
3271 1876 3393 1916 non
3438 1857 3568 1915 ausi

1901 1959 2098 2010 essent
2129 1953 2180 2007 si
2230 1951 2585 2023 tempestiva
2629 1950 2904 2022 quaedam
2953 1955 3008 2005 et
3056 1953 3341 2022 usurpata
3389 1948 3571 2005 herba

1903 2042 2211 2098 innoxiam
2239 2041 2431 2096 ferens
2475 2040 2776 2096 ﬂammam
2826 2039 2976 2110 ipsis
3005 2039 3385 2110 apparuisset
3417 2054 3568 2110 prae-

1904 2134 2104 2189 sertim
2157 2148 2295 2188 cum
2354 2130 2725 2186 audivissent
2782 2128 3185 2198 legislatorem
3233 2129 3564 2184 dicentem:

1909 2242 1937 2275 «
2011 2221 2216 2292 (Deus)
2292 2219 2526 2276 vocavit
2598 2235 2735 2274 eum
2811 2218 3100 2290 (Moysen)
3204 2218 3280 2273 de
3372 2217 3569 2274 medio

1905 2311 2040 2367 rubi
2067 2313 2136 2366 ³⁸.
2172 2330 2200 2362 ›)

180 2409 258 2472 τῷ
316 2404 463 2472 τύπῳ
507 2409 601 2463 τῆς
630 2408 722 2453 τοῦ
750 2398 871 2473 βοὸς
913 2401 1136 2473 κεφαλῆς
1163 2405 1640 2474 προσκυνήσαντες,
1673 2400 1722 2453 ἐν
1821 2398 1960 2473 μηδὲ
2003 2403 2313 2472 θεοσημείαν
2343 2395 2474 2471 μηδ’
2505 2399 2776 2456 ἡντιναοῦν
2809 2395 3106 2464 έθεάσαντο,
3133 2401 3186 2448 τί
3215 2396 3277 2448 οἶν
3299 2396 3442 2448 οὗτοι
3473 2395 3568 2448 οὐκ

181 2490 509 2562 ἐτόλμησαν,
564 2491 606 2542 εἰ
653 2499 752 2542 τῶν
784 2492 985 2563 ὡραίων
1031 2509 1081 2541 τι
1113 2499 1285 2562 φυτῶν
1328 2510 1417 2543 και
1442 2510 1572 2566 προς
1602 2495 1787 2564 χρείαν
1819 2487 2128 2548 ἐπιτηδείων
2154 2493 2212 2541 τὸ
2239 2497 2341 2562 πῦρ
2375 2487 2550 2548 αὐτοῖς
2583 2485 2842 2560 ἀφλέκτως
2871 2490 3020 2559 φέρον
3050 2485 3300 2558 ἐφαίνετο,
3334 2485 3567 2558 μάλιστα

183 2580 483 2642 ἀκηκοότες
515 2586 605 2631 τοῦ
631 2581 910 2652 νομοθέτου
939 2578 1192 2650 λέγοντοςο
1230 2603 1256 2630 ‹‹
1292 2579 1568 2637 Ἐλάλησεν
1599 2581 1624 2632 ὁ
1653 2583 1782 2641 Θεὸς
1812 2589 1884 2652 τῷ
1913 2586 2132 2634 Μωῦσεῖ
2151 2577 2206 2631 ἐκ
2234 2588 2329 2640 τῆς
2361 2577 2549 2650 βάτου.

765 2710 1078 2757 ΕΡΩΤΗΣΙΣ
1107 2703 1225 2760 ΤΑ’.

181 2799 251 2847 Τί
341 2789 538 2851 δήποτε
598 2799 705 2868 ,τοῦ
779 2800 929 2868 ΘεοῦΔ
966 2789 1344 2868 διαῤῥή-ξαντος
1425 2797 1514 2845 καὶ
1585 2789 1797 2868 διαμεο

258 2869 512 2937 ρίσαντος
556 2867 641 2916 τὸν
695 2872 792 2937 τῶν
842 2862 1101 2935 Ἐϐραίων
1157 2864 1303 2937 λαὸν,
1377 2869 1466 2937 καὶ
1542 2867 1628 2916 τὸν
1667 2862 1794 2937 Δμεν

261 2933 340 3010 εἰς
399 2938 687 3010 Σαμάρειαν
718 2933 1063 3010 Δἓξῳιιικότος,
1123 2933 1333 2999 τόνδε
1387 2936 1458 2997 εἰς
1515 2941 1608 2993 τήν
1667 2933 1795 2988 Ἰου‹

263 3005 428 3082 δ-αίαν
523 3005 1028 3077 ἐγκαταλελοιποτος·
1138 3012 1431 3082 γέγραπται
1532 3010 1674 3082 γὸιρ⁸
1731 3009 1796 3067 ὡς

263 3077 407 3163 εἰπνεν
457 3079 482 3131 ὁ
532 3074 743 3163 ΚύριοςΛ
765 3087 860 3163 τῷκ
887 3074 1612 3163 Σολομῶντί·”Διαρρήσσων’
1643 3074 1795 3152 διαρ-

259 3150 422 3224 ῥήξω.
503 3148 615 3208 τήν⁷
708 3148 1017 3224 βασιλείαν
1111 3169 1226 3202 σου·
1331 3148 1538 3224 ἐκείνου·
1631 3148 1795 3201 τοίνυν

263 3217 718 3294 διαρρηγνυυτοςί
768 3226 818 3272 τί
901 3217 1097 3279 δήποτε
1163 3224 1280 3294 τους
1337 3226 1430 3280 τὴν
1521 3219 1573 3272 ἐκ
1663 3229 1795 3294 Θεοῦ

263 3290 531 3365 διαίρεσιν
663 3293 986 3365 ὑποστάντας
1095 3291 1324 3365 μέμψεσι
1367 3361 1383 3365 _
1465 3290 1798 3365 καθυποϐάλ-

257 3361 418 3436 λομεν
510 3367 600 3415 καὶ
685 3363 924 3430 αἰτίαις;
990 3361 1124 3417 Θεοῦ
1161 3361 1285 3436 ⁷γὸιρ
1354 3361 1793 3437 διαρρήσσοντος,

257 3441 349 3497 τίς
505 3437 787 3506 συναφθείη
823 3453 837 3504 ;
891 3440 980 3488 καὶ
1027 3439 1281 3508 μερισμὸν
1328 3437 1796 3499 καταδικάζοντος,

258 3513 349 3568 τίς
378 3506 660 3572 ἐξελείται;
1030 3506 1034 3507 ν
1093 3506 1099 3508 ⁷
1188 3506 1193 3507 ⁷
1571 3512 1576 3516 ’

1833 3503 1872 3557 C

2123 2702 2438 2771 QUESTIO
2481 2701 2634 2758 CCCI
2676 2700 2877 2772 [CoisL
2927 2701 3104 2756 Taur.
3137 2698 3356 2770 CXIV].

1909 2811 2064 2879 Quid
2107 2811 2364 2874 tandem,
2397 2825 2531 2866 cum
2578 2810 2734 2864 Deus
2762 2808 3002 2863 sciderit
3053 2813 3110 2879 ei
3137 2806 3408 2862 diviserit
3453 2807 3576 2879 He-

1979 2883 2196 2938 braeum
2223 2883 2535 2950 populum,
2558 2881 2693 2936 aliis
2723 2879 2951 2950 quidem
2980 2881 3039 2950 in
3080 2877 3415 2950 Samariam
3431 2877 3575 2932 rele-

1976 2954 2155 3024 galis,
2188 2948 2325 3008 aliis
2356 2959 2553 3008 autem
2576 2951 2643 3024 in
2682 2948 2893 3024 .(udaaa
2920 2949 3140 3024 relictis
3157 2948 3572 3024 (scriptum‘est

1977 3017 2471 3080 enim'Dominum
2505 3023 2585 3078 ad
2610 3023 2972 3077 Salomonem
3000 3017 3219 3074 dixisse
3244 3036 3256 3072 :
3287 3017 3575 3074 Scindens

1975 3095 2245 3151 scindam
2268 3109 2514 3163 regnum
2541 3092 2753 3162 tuum),
2779 3107 2911 3146 cum
2939 3107 3079 3160 ergo
3095 3092 3250 3163 Deus
3266 3090 3393 3163 ipse
3419 3091 3574 3163 scin-

1977 3167 2104 3228 dat,
2132 3181 2310 3236 quam
2323 3160 2395 3220 ob
2409 3180 2671 3227 causam,
2702 3160 2839 3236 illos
2861 3165 2964 3233 qui
2997 3161 3276 3217 divisioni
3299 3160 3572 3236 subjecti,

1977 3245 2114 3292 sunt
2142 3232 2180 3292 2;
2203 3239 2340 3299 Deo,
2375 3235 2651 3292 conviciis
2673 3232 3000 3290 obruamur
3024 3239 3077 3289 et
3104 3248 3178 3288 ex
3207 3232 3576 3300 probationi-

1981 3307 2130 3363 bus?
2161 3311 2278 3364 Deo
2310 3308 2462 3364 enim
2501 3306 2823 3369 scindente,
2873 3305 3004 3375 quis
3034 3306 3443 3374 coniungatur
3468 3302 3495 3358 εἴ
3521 3307 3574 3358 ει

1980 3380 2324 3436 divisionem
2353 3380 2670 3448 sanciente,
2697 3379 2830 3448 quis
2851 3379 3132 3446 expiatur
3155 3375 3184 3430 εἰ

177 3615 349 3665 Edita
367 3626 400 3663 a
419 3613 552 3662 Maio
567 3612 626 3675 (1.
650 3627 694 3662 c.
719 3627 771 3676 p.
795 3612 872 3668 95,
900 3625 953 3675 q.
977 3613 1074 3674 70).
1102 3637 1165 3649 -
1195 3613 1268 3662 De
1288 3613 1439 3676 regni
1458 3611 1950 3676 Judaiciidigisione
1972 3624 2090 3676 quae
2107 3623 2140 3660 a
2165 3611 2270 3660 Deo
2291 3607 2431 3660 facta
2451 3607 2648 3658 dicitur
2662 3611 2714 3658 et
2736 3611 2914 3658 tamen
2939 3607 3141 3671 populo
3170 3606 3302 3656 vitio
3326 3605 3572 3655 vertitur.

1651 3675 1715 3723 [ll
1751 3673 1878 3738 Reg.

252 3794 333 3848 Τὸ
362 3796 452 3864 μεν
496 3786 583 3843 οὖν
634 3786 954 3862 διαπορηθέν
987 3809 1090 3855 σοι,
1136 3793 1258 3842 εἴτι
1295 3795 1570 3862 μέμνηται,
1618 3797 1792 3843 τοιοῦο

175 3903 292 3936 τον.
341 3877 549 3934 Εἰδέναι
592 3875 651 3932 δι
691 3875 773 3931 δεῖ
803 3878 860 3930 οὐ
900 3883 1053 3950 μόνον
1105 3877 1188 3930 ἐπὶ
1221 3887 1310 3940 τῆς
1350 3883 1626 3950 παρούσης
1669 3878 1794 3932 ἁπο-

175 3978 350 4048 ρίας,·
388 3968 517 4021 ἀλλὰ
563 3973 650 4020 καὶ
703 3968 785 4020 ἐπὶ
840 3976 939 4018 τῶν
987 3967 1151 4018 ἄλλων
1199 3967 1436 4020 ἁπάντων
1485 3977 1581 4020 τῶν
1629 3987 1793 4039 παρα-

179 4061 423 4118 πλησίαν
461 4063 554 4116 τήν
607 4061 918 4130 περίστασιν
962 4056 1212 4127 ἐχόντων,
1265 4059 1331 4117 ὡς
1380 4059 1434 4108 αἱ
1497 4053 1794 4130 προλαμϐά-

179 4167 384 4202 νουσαι
430 4155 524 4208 τῆς
565 4144 826 4206 ἕκϐάσεως
881 4150 1234 4218 τιμωρητικαὶ
1287 4153 1378 4196 τοῦ
1432 4151 1566 4197 Θεοῦ
1605 4144 1792 4215 ψῆφοι,

181 4240 287 4291 οῦκ
337 4235 490 4287 αὐταὶ
533 4243 628 4296 τῆς
675 4231 934 4294 ἐκϐάσεως
991 4238 1083 4291 τήν
1137 4234 1308 4285 αἰτίαν
1370 4233 1500 4286 εἰσὶν
1551 4229 1796 4284 ἀναδεδε-

181 4330 402 4400 γμέναιο
475 4323 534 4375 οὗ
585 4325 686 4397 γὰρ
745 4326 789 4374 εἴ
840 4341 890 4374 τι
940 4330 1039 4374 τῶν
1096 4325 1446 4394 γενησομένων
1498 4324 1795 4395 προθεωρήο

187 4435 294 4476 σοις
352 4433 429 4473 τις
478 4416 906 4487 προαναφωνήσει
962 4409 1062 4464 οῦδ
1120 4411 1192 4482 ἐφ’
1255 4414 1396 4484 ἡμῶν
1446 4420 1546 4464 τῶν
1599 4411 1800 4483 ἀνθρω-

181 4511 376 4568 πίνων,
426 4507 642 4573 μήτοιγε
677 4505 736 4553 τὸ
781 4507 950 4564 Θείον,
992 4501 1144 4560 αὐτὸς
1203 4503 1263 4553 οἶν
1313 4505 1388 4559 εἴη
1456 4498 1659 4561 δίκαιος
1706 4504 1798 4558 τήν

183 4595 371 4647 αἰτίαν
423 4593 562 4662 ἔχειν
633 4598 732 4641 τῶν
789 4587 1162 4648 έκϐεϐηκότωνο
1224 4588 1428 4660 λέγεται
1494 4591 1582 4642 οὖν
1631 4589 1678 4640 ἐν
1736 4596 1795 4660 τῇ

188 4689 314 4755 θείᾳ
361 4687 536 4754 Γραφῇ
596 4683 660 4732 τα
709 4687 941 4731 τοιαῦτα’
999 4681 1064 4740 ὡς
1113 4681 1174 4732 ἄν
1245 4685 1312 4738 ui:
1369 4680 1440 4741 εἰς
1483 4680 1655 4752 ἑτέραν
1686 4681 1803 4732 τινὰ

187 4771 424 4842 δύναμιν
475 4774 559 4821 καὶ
611 4767 786 4841 ἀρχὴν
835 4770 927 4830 τὰς
976 4767 1058 4820 ἐπὶ
1103 4777 1212 4830 τοίς
1251 4771 1638 4841 ἡμαρτημένοις
1677 4771 1800 4840 ἡμῖν

1915 3685 2000 3724 XI.
2036 3674 2112 3722 11.

1975 3788 2147 3854 Quod
2171 3803 2314 3857 ergo
2339 3791 2392 3844 te
2424 3802 2787 3857 suspensum
2813 3785 3014 3851 habet,
3045 3785 3091 3840 si
3119 3785 3272 3840 bene
3305 3784 3574 3853 memini,

1902 3877 2016 3934 tale
2046 3882 2152 3933 est.
2190 3879 2344 3934 Scito
2375 3881 2574 3932 autem
2607 3891 2761 3946 opus
2787 3881 2890 3939 est,
2920 3890 3039 3930 non
3067 3878 3300 3931 tantum
3338 3875 3394 3928 in
3428 3890 3577 3945 prte-

1903 3965 2051 4020 senti
2078 3965 2284 4032 dubio,
2329 3965 2434 4021 sed
2465 3970 2520 4020 et
2570 3965 2628 4020 in
2679 3964 2960 4020 omnibus
3009 3963 3142 4018 aliis
3195 3963 3418 4018 similes
3469 3961 3575 4016 cir-

1903 4053 2292 4109 cumstantias
2323 4053 2727 4118 offerentibus,
2757 4052 2989 4107 ultricia
3018 4051 3116 4106 Dei
3154 4052 3409 4112 decreta.
3440 4065 3575 4121 quae

1903 4147 2180 4198 eventum
2212 4142 2575 4212 praecedunt,
2607 4156 2856 4198 causam
2888 4146 3131 4195 eventus
3164 4155 3285 4194 non
3317 4154 3446 4193 esse
3491 4153 3578 4193 re-

1908 4230 2196 4303 putanda:
2222 4231 2442 4286 etenim
2461 4231 2508 4286 si
2547 4230 2695 4302 quid
2713 4230 2976 4286 futurum
3000 4228 3217 4301 aliquis
3239 4227 3578 4299 praevidens

1905 4320 2252 4392 proclamet,
2277 4334 2385 4375 nec
2417 4336 2453 4375 a
2473 4319 2644 4375 nobis
2666 4318 3032 4380 hominibus,
3063 4334 3173 4374 nec
3204 4324 3357 4374 certe
3384 4332 3420 4372 a
3457 4317 3576 4372 Deo

1906 4425 2094 4466 causa
2114 4408 2428 4465 habebitur
2453 4415 2721 4465 eventus.
2749 4407 2914 4463 Talia
2937 4422 3080 4477 ergo
3107 4407 3164 4462 in
3189 4407 3394 4462 divina
3432 4405 3579 4462 Scri-

1910 4504 2083 4570 ptura
2099 4499 2398 4562 dicuntur,
2433 4514 2506 4554 ne
2549 4498 2628 4554 ad
2679 4511 2892 4569 paanas
2941 4513 3046 4566 pro
3079 4496 3337 4569 peccatis
3361 4495 3579 4551 nostris

1909 4585 2160 4645 inﬂictas
2190 4588 2266 4644 ad
2289 4588 2472 4644 aliam
2495 4593 2853 4660 potestatem
2885 4592 2942 4643 et
2962 4585 3288 4658 potentiam
3323 4585 3577 4641 referen-

1909 4677 2018 4734 das
2048 4677 2425 4742 inducamur,
2459 4693 2645 4748 quam
2673 4676 2877 4732 divina
2894 4676 3188 4730 sententia
3229 4674 3577 4746 opinionem

1909 4767 2260 4837 reprimens,
2301 4782 2438 4837 quae
2473 4771 2713 4837 propter
2743 4772 2988 4836 peccata
3019 4764 3193 4819 nobis
3227 4767 3368 4818 sunt
3405 4777 3579 4818 even-

187 4862 516 4932 ἐπαγομένας
583 4861 833 4929 τιμωρίας
886 4859 1278 4929 προαχθείημεν
1350 4857 1633 4930 ἀναφέρειν·
1716 4864 1793 4908 καὶ

1918 4835 2042 4912 tura
2080 4835 2455 4926 praenuntiat,
2496 4859 2552 4910 et
2590 4835 2786 4925 primo
2825 4853 3074 4925 quidem
3129 4868 3316 4907 causa
3371 4866 3442 4906 ea
3493 4848 3582 4906 est

186 4953 397 5006 ταύτην
463 4949 488 4999 ὸ
557 4949 690 5006 θεῖος
771 4945 918 5016 λόγος
985 4950 1078 5004 τήν
1145 4947 1388 4998 ὑπόνοιαν
1459 4945 1796 5013 ἀναστέλλων,

187 5040 541 5114 προαγορεύει
585 5038 649 5087 τὰ
727 5033 802 5106 ἐφ’
874 5035 950 5096 οἷς
1027 5036 1323 5109 ἡμάρτομεν
1403 5033 1796 5107 συμϐησόμενα⁶

193 5133 302 5184 Καὶ
357 5131 456 5198 μία
505 5128 594 5196 μὲν
643 5123 788 5176 αἰτία
830 5123 960 5180 αὕτη
1001 5130 1093 5175 τοῦ
1136 5127 1229 5180 τήν
1269 5123 1440 5175 αἰτίαν
1494 5133 1592 5176 τῶν
1630 5127 1803 5176 τοιού-

189 5238 298 5271 των
358 5216 429 5276 εἰς
474 5217 533 5266 τὸ
581 5220 730 5267 Θείον
782 5216 874 5270 τήν
928 5211 1185 5286 ἀναφορὰν
1241 5215 1402 5284 ἔχειν·
1449 5209 1666 5284 δευτέρα
1721 5210 1798 5277 δε,

189 5310 278 5360 ὃτι
312 5303 536 5364 δυνατός
563 5307 629 5354 ὤν
655 5300 895 5372 ἐπισχεῖν
938 5305 1032 5359 τήν
1076 5305 1202 5374 πρὸς
1233 5304 1299 5353 τὰ
1340 5307 1506 5376 χείρω
1549 5303 1673 5374 ἡμῖν
1719 5304 1803 5377 ρο-

188 5401 321 5460 πήν,
376 5393 471 5446 οῦκ
517 5390 832 5455 ἐκϐιάζεται,
893 5387 1016 5443 οὐδε
1067 5394 1192 5463 πρὸς
1244 5389 1492 5442 τάναντία
1549 5392 1798 5462 μεθέλκει·

191 5490 436 5538 τοιοῦτον
489 5478 548 5535 δι
603 5485 693 5533 καὶ
743 5482 820 5547 τὸ,
869 5499 898 5531 ι(
927 5479 985 5531 Ὀ
1033 5488 1192 5532 ποιῶν
1243 5479 1450 5552 εἰρήνην
1494 5485 1584 5533 καί
1614 5483 1803 5544 κτίζων

269 5691 320 5728 ³³
361 5689 476 5747 lsa.
507 5701 643 5753 ην,
672 5685 726 5743 '7.
838 5684 888 5720 ’θ
920 5681 1003 5740 Ex
1029 5683 1164 5742 cod.
1196 5698 1301 5750 vn,
1331 5685 1388 5739 3.

1912 4961 2017 5000 cur
2057 4945 2374 5016 imputatio
2427 4943 2677 4999 istorum
2707 4942 2784 4998 ad
2837 4942 3205 4997 divinitatem
3269 4940 3575 4997 referatur

1915 5033 2186 5090 Secunda
2201 5050 2343 5090 vero
2368 5032 2533 5106 quod
2565 5048 2702 5088 cum
2735 5032 2792 5087 in
2824 5047 2932 5087 sua
2979 5031 3049 5086 sit
3070 5034 3360 5103 potestate
3398 5031 3581 5102 repri-

1916 5138 2073 5179 mere
2093 5128 2356 5179 nostram
2374 5121 2450 5177 ad
2471 5120 3152 5194 pejorainclinationem,
3169 5119 3580 5184 necrefrenat,

1914 5229 2022 5268 nec
2047 5212 2123 5268 ad
2146 5211 2442 5268 contraria
2473 5209 2731 5266 attrahit.
2762 5209 2896 5266 Tale
2951 5213 3040 5265 est
3075 5215 3274 5265 autem
3311 5213 3367 5265 et
3415 5209 3530 5266 hoc
3564 5228 3578 5263 :

1915 5324 1940 5351 «
1957 5302 2197 5357 Faciens
2223 5316 2424 5370 pacem
2441 5303 2496 5354 et
2518 5315 2726 5354 creans
2742 5299 2900 5355 mala
2922 5301 2991 5354 ³⁸.
3021 5321 3044 5351 ι
3077 5300 3139 5354 Et
3167 5315 3180 5354 :
3207 5321 3236 5348 ‹‹
3267 5299 3397 5355 Scio
3415 5299 3581 5372 quod

1913 5407 2028 5446 non
2043 5391 2243 5446 audiet
2273 5396 2326 5446 te
2356 5390 2584 5446 Pharao
2617 5408 2628 5444 :
2665 5394 2908 5460 propter
2935 5387 3103 5461 quod
3145 5387 3440 5444 indurabo
3479 5403 3582 5444 cor

1914 5480 2044 5552 ejus
2093 5481 2160 5536 ³⁸.
2197 5500 2221 5531 ν
2259 5479 2507 5543 Etenim,
2542 5476 2684 5534 dicit
2731 5477 3044 5544 indurabo,
3079 5494 3198 5542 non
3247 5476 3414 5551 quod
3453 5477 3581 5547 ipse
