4060 6218
461 284 603 340 1139

1718 278 1956 336 ΡΗΟΤῐΙ
1995 275 2480 333 ΡΑΤΗῙΔΗΟΗΛΕ
2518 278 2630 335 CP.

3735 278 3874 335 1140

454 426 558 468 cor
617 408 940 465 Pharaonis
992 408 1053 464 in
1102 407 1370 465 duritiam
1411 408 1484 465 sit
1534 420 1955 468 conversurus,
2014 402 2110 459 sed

2230 404 2384 454 κακά·
2424 425 2451 452 ››
2479 408 2590 470 καὶ,
2624 424 2654 458 ι
2682 401 2823 458 Οἶδα
2839 407 2918 458 ὄτι
2940 405 3034 457 οὐκ
3058 405 3337 459 ἀκούσεταί
3364 426 3460 459 σου
3494 413 3752 481 Φαραιόν
3784 404 3879 459 διὰ

454 500 619 573 quod
642 499 719 555 ad
742 498 903 554 illam
922 498 1098 553 istum
1124 498 1509 553 inclinantem
1531 502 1587 553 et
1620 510 1975 553 conversum
1996 508 2119 548 non

454 590 671 646 relevet
703 603 813 643 nec
842 587 1113 652 refrenet,
1143 604 1218 643 ne
1248 587 1529 644 humanae
1579 592 1808 643 natura;
1859 582 2117 638 liberum

453 678 764 735 arbitrium
796 676 1046 731 auferat.
1097 676 1440 749 [Egyptium
1498 681 1703 732 contra
1755 672 2118 727 voluntatem

452 768 804 823 inclinatum
832 781 953 820 non
974 770 1168 821 mutat
1192 781 1301 821 nec
1331 764 1715 821 convertitad
1742 760 1967 818 malam
2018 773 2118 813 vo-

451 857 742 912 luntatem
774 874 787 924 ;
821 855 935 912 hoc
966 854 1127 909 enim
1161 855 1465 924 signiﬁcat
1491 853 1809 910 indurabo.
1845 847 2115 905 Continet

452 946 595 1002 forte
626 945 946 1017 quemdam
970 945 1154 1001 alium
1187 946 1398 1001 eadem
1420 945 1592 1001 lectio
1612 957 1854 999 sensum
1886 956 1897 995 :
1933 937 2111 993 Indu-

446 1036 614 1100 rabo,
647 1034 709 1089 id
746 1043 855 1101 est,
884 1034 1051 1089 durae
1081 1038 1137 1089 et
1177 1034 1418 1089 indocili
1445 1033 1628 1090 menti
1656 1030 1806 1086 dura
1828 1027 2113 1083 inducam

450 1128 507 1179 et
529 1122 873 1179 istiusmodi
899 1122 1143 1179 feritatis
1168 1123 1377 1195 digna.

2228 500 2380 543 τοῦτο
2437 493 2707 566 σκληρυνῶ
2756 499 2847 553 τὴν
2897 492 3121 567 καρδίαν
3175 496 3355 547 αὐτοῦ’
3419 517 3443 546 n
3494 501 3589 548 καὶ
3637 500 3754 567 γὰρ
3792 500 3875 557 τό,

2230 580 2519 654 σκληρυνῶ,
2581 584 2686 655 οὐχ
2742 586 2821 636 ὅτι
2874 584 3029 646 αὑτός
3075 589 3168 641 τήν
3226 592 3317 636 τοῦ
3371 591 3562 657 Φαραὼ
3626 582 3877 655 καρδίαν

2226 671 2545 741 μεταπλάσει
2607 676 2679 735 εἰς
2731 674 3082 745 σκληρότητα,
3142 674 3254 725 ἀλλ’
3305 676 3385 725 ὅτι
3463 678 3592 746 πρὸς
3658 678 3876 731 ταύτην

3624 763 3877 834 ἀναχπεο

2228 760 2385 810 αὐτόν
2434 762 2673 834 ρεποντος
2720 768 2809 815 καὶ
2865 768 3341 836 συνεστραμμένου,
3425 760 3550 815 οὐδὲ

2225 848 2379 913 τίζει,
2439 852 2519 901 ἱνα
2568 856 2639 923 μὴ
2699 851 2899 924 περιέλῃ
2957 860 3047 911 τῆς
3107 852 3439 923 ἀνθρωπίνης
3507 856 3734 924 φύσεως
3816 858 3873 903 τό

2226 936 2579 999 αὑτεξούοἰον⁸
2634 946 2723 992 καὶ
2782 942 2903 1013 παρ’
2949 941 3184 993 ἑκούσιον
3238 950 3330 992 τοῦ
3386 942 3696 1013 Αἰγυπτίου
3765 945 3875 1015 ὼρ-

2224 1031 2470 1095 μηκότος,
2552 1029 2610 1080 οὗ
2687 1029 2967 1101 μεταϐαλεῖ
3039 1027 3163 1082 οὐδε
3220 1036 3539 1102 μεταστήσει
3598 1035 3751 1103 πρὸς
3811 1036 3873 1082 τό

2230 1112 2495 1168 ἀεκούσιον⁸
2544 1126 2695 1171 τοῦτο
2725 1121 2827 1193 γάρ
2876 1119 2984 1171 ἐστι
3033 1124 3113 1183 τὸ,
3143 1119 3435 1191 σκληρυνῶ.
3468 1119 3637 1190 Ἐχοι
3687 1117 3744 1171 δ’
3806 1123 3874 1172 οἷν

450 1233 566 1264 τινα
593 1218 677 1264 καὶ
716 1213 889 1287 ἑτέραν
923 1214 951 1270 ἡ
987 1212 1119 1275 λέξις
1160 1214 1290 1269 αὕτη
1324 1210 1792 1287 παραδηλουμένην
1820 1208 2161 1280 περιπέτειαν·
2198 1203 2471 1278 σκληρυνὼ
2499 1210 2601 1281 γάρ
2632 1206 2744 1260 ἀντὶ
2772 1216 2887 1272 τοῦ,
2919 1207 3129 1282 σκληρῷ
3159 1214 3249 1261 καὶ
3282 1207 3565 1281 ἀτεράμονι
3598 1215 3702 1267 τήν
3731 1218 3851 1282 γνὼ

455 1323 560 1374 μην
597 1306 705 1353 ὄντι
741 1301 943 1374 σκ)ηρὰ
975 1302 1115 1373 αὐτῷ
1147 1302 1315 1364 ἐπάξω
1346 1308 1431 1354 καὶ
1464 1310 1554 1362 τῆς
1586 1308 1675 1352 τοῦ
1706 1303 1899 1373 τρόπου
1928 1296 2191 1366 ὠμότητος
2218 1290 2423 1356 ἐπάξια.

522 1392 607 1447 Ita
645 1406 809 1461 ergo,
866 1391 1017 1447 sicut
1073 1391 1355 1456 diximus,
1413 1390 1736 1461 praevidens
1784 1388 1933 1442 Deus
1986 1382 2117 1438 illos

452 1481 700 1553 proprio
724 1487 891 1536 motu
907 1485 962 1536 et
978 1482 1217 1553 pr0pria
1233 1482 1541 1536 voluntate
1566 1479 1832 1535 Roboam
1854 1476 2121 1529 desertu-

451 1586 551 1627 ros
579 1586 727 1635 esse,
761 1587 1121 1642 servumque
1169 1577 1227 1626 et
1265 1576 1607 1641 apostatam
1672 1567 1996 1623 Jeroboam
2038 1576 2122 1617 se-

449 1660 727 1732 quendos
761 1676 915 1729 esse,
948 1666 1003 1716 et
1032 1660 1423 1716 dividendam
1450 1675 1579 1714 esse
1602 1664 1837 1729 gentem
1877 1655 1937 1709 in
1976 1652 2124 1707 duas

450 1753 665 1820 partes,
708 1748 888 1818 hujus
930 1750 1227 1821 (inquam)
1266 1750 1675 1819 cognitionem
1718 1747 1872 1801 sicut
1901 1748 1959 1799 et
1992 1758 2121 1798 om-

2300 1384 2450 1436 Οὗτω
2496 1382 2563 1444 δὴ
2618 1387 2705 1438 οὖν
2746 1386 2987 1454 ἐνταῦθα,
3021 1390 3195 1462 ὥσπερ
3227 1391 3436 1460 ἔφημεν,
3487 1385 3757 1461 προιιὸὀς
3808 1395 3870 1441 τό

2236 1479 2383 1524 Θεῑον
2441 1477 2510 1536 ὡς
2560 1474 2611 1537 ἐξ
2668 1476 2862 1537 οἰκείας
2921 1478 3083 1548 ὁρμῆς
3135 1482 3225 1529 καὶ
3280 1477 3538 1537 θελήσεως
3600 1478 3871 1535 ἀποστη-

2238 1580 2411 1613 σονται
2466 1566 2555 1634 μεν
2604 1574 2693 1616 τοῦ
2723 1564 2963 1636 Ῥοϐοάμ,
3011 1565 3433 1624 ἀκολουθήσουσι
3474 1563 3533 1618 δε
3574 1576 3648 1636 τῷ
3689 1564 3872 1637 δούλῳ

2234 1657 2323 1703 καὶ
2378 1650 2645 1724 ἀποστάτῃ
2716 1654 2979 1727 Ἰεροϐοάμ
3032 1660 3121 1706 καὶ
3172 1657 3557 1727 μερισθήσεται
3602 1659 3667 1708 τὸ
3721 1659 3870 1717 ἔθνος

2236 1740 2301 1800 εἰς
2332 1747 2579 1813 τμήματα
2622 1740 2740 1808 δύο,
2794 1746 2980 1796 τούτου
3032 1748 3123 1801 τὴν
3166 1752 3359 1814 γνῶσιν
3407 1748 3586 1816 ὥσπερ
3628 1751 3731 1795 καὶ
3766 1756 3869 1795 τῶν

448 1837 615 1893 nium
641 1837 895 1892 aliorum
926 1854 1349 1909 praeoccupans
1392 1839 1565 1904 Deus,
1589 1851 1726 1907 quas
1755 1834 1953 1890 futura
1988 1839 2110 1886 sum

2234 1829 2396 1880 ἄλλων
2440 1831 2676 1883 ἀπάντων
2722 1832 3041 1906 προειληφὼς
3090 1835 3115 1884 ό
3173 1838 3319 1899 Θεὸς,
3378 1838 3741 1906 προαγορεύει
3803 1840 3865 1885 τὸ

448 1925 808 1998 praenuntiat
836 1931 890 1982 et
916 1926 1386 1985 dicit:Scindam
1440 1942 1698 1997 regnum
1754 1929 1946 1987 tuum,
1988 1938 2110 1992 pro-

2236 1917 2493 1991 ἐσόμενον,
2558 1925 2646 1972 καί
2702 1940 2848 1991 φησι·
2912 1922 3181 1996 Διαρρήξω
3237 1928 3330 1979 τὴν
3387 1921 3697 1993 βασιλείαν,
3769 1921 3867 1974 διὰ

449 2019 573 2087 pter
602 2015 755 2071 duas
783 2032 1000 2071 causas
1040 2018 1167 2087 jam
1200 2016 1599 2087 supradictas.
1623 2016 1679 2071 Si
1712 2014 1873 2069 enim
1893 2012 2011 2067 Deo
2044 2011 2125 2066 ita

448 2120 686 2176 semper
702 2105 994 2177 loquente,
1017 2110 1075 2161 et
1093 2107 1169 2162 ad
1193 2108 1578 2177 semetipsum
1600 2104 1806 2160 omnia
1818 2102 2122 2171 referente,

449 2198 714 2250 attamen
743 2194 825 2251 illi
869 2196 947 2251 ad
997 2196 1145 2252 alios
1208 2212 1336 2251 sese
1387 2199 1795 2251 convertentes
1852 2192 2017 2261 deos,
2070 2196 2128 2248 et

448 2286 746 2339 Astartem
788 2301 925 2357 quae
981 2286 1233 2341 Artemis
1279 2286 1443 2357 apud
1492 2285 1725 2339 Grzecos
1781 2286 2023 2338 vocatur
2069 2280 2127 2334 et

451 2372 713 2429 Chamos
742 2379 797 2429 et
826 2390 1067 2431 muscas
1098 2374 1378 2439 colentes,
1420 2374 1549 2429 istis
1581 2389 1703 2428 sum
1756 2372 1887 2427 vitm
1937 2369 2124 2442 provi-

451 2462 720 2517 dentiam
748 2471 801 2519 et
831 2464 1209 2521 durationem
1227 2464 1642 2529 attribuerunt,
1664 2462 1741 2517 ad
1774 2461 1921 2533 quid
1943 2459 2127 2516 auda-

454 2551 559 2607 cia:
589 2569 701 2607 non
736 2554 1053 2619 venissent,
1106 2556 1151 2608 si
1184 2570 1256 2608 ex
1298 2559 1641 2611 sanctarum
1696 2552 2126 2622 Scripturarum

448 2640 718 2706 lectione,
766 2640 877 2696 illis
905 2642 1045 2698 data
1095 2642 1296 2698 fuisset
1338 2643 1577 2698 occasio
1628 2640 1911 2713 quaedam
1969 2639 2126 2708 cogi-

447 2729 634 2793 tandi,
662 2729 846 2785 alium
872 2732 1201 2802 quemdam
1215 2748 1341 2786 esse
1376 2730 1759 2801 finempcenis
1786 2729 2117 2795 facientem,

445 2822 500 2874 et
528 2834 599 2874 ex
631 2819 745 2875 alio
770 2820 1047 2892 quodam
1083 2820 1378 2875 malorum
1434 2836 1585 2876 onus
1616 2818 1866 2875 venire?
1900 2818 2122 2873 Videas

442 2913 643 2964 autem
676 2910 735 2963 in
785 2910 1107 2966 tentatione
1161 2910 1305 2980 justi
1363 2910 1475 2965 Job
1519 2912 1703 2965 Deum
1762 2907 2119 2963 tentationes

440 2997 879 3069 permittentem
917 3004 972 3054 et
1005 2998 1157 3055 ﬁnes
1195 2998 1499 3070 quosdam
1554 2997 1862 3054 tentationi
1901 2996 2118 3051 consti-

436 3090 608 3142 tuens
649 3106 662 3157 ;
698 3088 861 3143 verbi
888 3089 1095 3156 gratia,
1126 3088 1238 3144 hoc
1259 3088 1438 3145 datur
1456 3088 1558 3143 tibi
1594 3092 1843 3149 tentare,
1866 3086 1924 3141 in
1945 3085 2114 3141 illum

435 3180 635 3232 autem
664 3192 737 3233 ne
766 3192 1015 3233 manum
1058 3178 1365 3234 extendas.
1418 3177 1803 3235 Omniaenim
1839 3175 1916 3231 ab
1948 3174 2110 3231 omni

2226 3174 2296 3235 τῷ
2336 3168 2653 3239 πειράζοντι·
2702 3170 2828 3235 οἷον,
2859 3164 2999 3219 Τάδε
3040 3164 3254 3219 δίδοταί
3284 3187 3365 3219 σοι
3400 3171 3679 3241 πειράσαι,
3718 3174 3843 3221 τον-

2360 3252 2393 3270 “ν
2490 3260 2499 3270 ι
2557 3255 2602 3270 ’11
2730 3264 2767 3270 ι-
2797 3258 2807 3269 1
2998 3258 3007 3269 ν
3125 3265 3144 3270 ..-
3661 3267 3678 3270 -
3770 3260 3816 3270 ~-

436 3267 660 3338 potenti
691 3266 917 3331 dextra,
954 3267 1136 3322 modo
1169 3267 1415 3339 quidem
1447 3267 1772 3338 adjuvante
1805 3271 1862 3321 et
1901 3280 2110 3336 coope-

2226 3274 2315 3306 του
2349 3252 2407 3307 δε
2436 3260 2507 3326 μὴ
2542 3255 2672 3326 ἅψῃ.
2730 3258 2904 3308 Πάντα
2949 3258 3050 3329 γάρ
3084 3265 3178 3318 τῆς
3225 3267 3716 3330 παντοκρατορικῆς
3760 3260 3844 3320 ἐξ·

2234 2011 2327 2067 τὰς
2355 2015 2722 2081 προειρημένας
2769 2013 3056 2082 ἔμπροσθεν
3098 2011 3268 2072 αἰτίας
3315 2008 3434 2064 δύο.
3488 2011 3546 2063 Εἰ
3589 2016 3700 2085 γαρ
3772 2019 3865 2063 καὶ

2235 2097 2368 2149 οὕτω
2408 2106 2498 2149 τοῦ
2539 2104 2693 2151 Θείου
2738 2108 3015 2170 πανταχοῦ
3061 2100 3297 2171 λέγοντος
3326 2106 3415 2151 καὶ
3456 2100 3523 2161 εἰς
3572 2100 3769 2152 ἑαυτὸν
3803 2106 3861 2152 τό

2236 2192 2334 2237 πᾶν
2363 2185 2718 2258 ἀναφέροντος,
2768 2188 2827 2239 οὐ
2874 2185 3102 2240 διελιπον
3135 2189 3283 2240 αὐτοὶ
3312 2193 3442 2260 πρὸς
3484 2190 3695 2262 ἐτέρους
3730 2189 3862 2241 απο-

2236 2278 2508 2347 τρέχοντες
2542 2279 2704 2343 θεοὺς,
2737 2282 2826 2329 καὶ
2856 2285 2917 2349 τῇ
2955 2278 3214 2351 Ἀστάρτῃ
3251 2278 3367 2337 ἣτις
3411 2276 3523 2329 ἐστὶ
3551 2280 3681 2349 παρ.
3736 2279 3863 2331 ,Β-

2235 2361 2386 2420 λησιν
2432 2364 2693 2438 Ἄρτεμις,
2749 2371 2837 2417 καὶ
2879 2375 2949 2436 τῲ
3002 2372 3197 2437 Χαμὼς
3236 2372 3325 2418 καὶ
3366 2374 3480 2427 ταῖς
3523 2373 3719 2437 μυίαις
3774 2368 3863 2419 )1-

2235 2456 2514 2522 τρεύοντες,
2558 2453 2813 2516 κάκείνοις
2852 2464 2939 2515 τῆς
2970 2455 3161 2507 ἑαυτῶν
3195 2459 3327 2517 ζωῆς
3370 2460 3463 2512 τὴν
3513 2460 3775 2528 πρόνοιὼι
3806 2476 3860 2508 τε

2236 2546 2323 2593 καὶ
2353 2547 2446 2599 τὴν
2500 2542 2753 2614 διαμονὴν
2802 2548 3180 2615 περιάπτοντες,
3228 2548 3278 2595 τί
3322 2544 3415 2596 οὐκ
3444 2546 3506 2595 ἄν
3546 2544 3857 2616 ἐτόλμησαν

2237 2634 2279 2681 εἴ
2307 2634 2421 2681 τινα
2472 2634 2622 2684 ποθεν
2660 2632 2830 2684 λαϐεῖν
2874 2632 3104 2706 ἀφορμὴν
3162 2636 3320 2705 ἔσχον
3370 2633 3425 2684 ἐκ
3477 2641 3569 2691 τῆς
3616 2643 3722 2684 τῶν
3780 2638 3855 2685 ἱε-

2234 2729 2334 2790 ρῶν
2376 2724 2694 2792 Γραμμάτων
2745 2718 2990 2781 διανοίας.
3044 2724 3111 2783 ὡς
3152 2722 3299 2783 ἄλλος
3346 2727 3427 2782 τίς
3477 2722 3625 2773 ἐττιν
3668 2724 3857 2783 αὐτοῖς

2232 2810 2257 2857 ό
2307 2812 2398 2868 τάς
2446 2816 2700 2880 τιμωρίας
2745 2811 2952 2883 ὁρίζων,
3007 2817 3093 2863 καὶ
3140 2812 3191 2872 ἐξ
3242 2811 3415 2883 ἐτέρου
3474 2814 3617 2872 τινὸς
3660 2814 3689 2869 ἡ
3750 2821 3851 2863 τῶν

2228 2904 2477 2969 χειρόνων
2526 2899 2701 2961 αὐτοῖς
2759 2902 2932 2952 ἕπεται
2980 2903 3112 2973 φορά
3146 2897 3350 2965 ;’Ὶδ⁴οις
3400 2896 3449 2952 δ’
3487 2902 3548 2952 ᾶν
3582 2909 3677 2953 καὶ
3710 2905 3852 2952 κατὰ

2227 2991 2284 3038 τὸ
2325 2993 2655 3062 πειρατήριον
2686 2997 2776 3041 τοῦ
2821 2986 3030 3041 δικαίου
3061 2988 3177 3042 Ἰὼϐ
3205 2993 3290 3041 τόν
3324 2994 3451 3041 Θεὸν
3486 2999 3849 3063 συγχωροῦν-

2226 3094 2291 3127 τα
2359 3082 2477 3137 τοὺς
2538 3082 2856 3149 πειρασμούς
2911 3083 3000 3130 καὶ
3060 3079 3205 3149 ὄρους
3280 3082 3419 3138 τινὰς
3476 3080 3842 3151 καθορίςοντα

436 3360 624 3421 rante,
673 3356 852 3411 modo
893 3356 1251 3425 permittente
1306 3360 1362 3411 et
1388 3371 1510 3412 non
1542 3355 1929 3428 impediente,
1971 3370 2110 3426 pen-

2225 3353 2388 3403 ἧπται
2456 3342 2647 3407 δεξιᾶς,
2726 3348 2791 3397 τὰ
2846 3350 2935 3417 μὲν
2989 3344 3495 3418 ἀντιλαμϐανομένης
3544 3354 3640 3398 καὶ
3707 3368 3843 3419 συμ-

442 3443 605 3498 ἀθηι.
2223 3437 2572 3504 πραττούσης,
2633 3437 2699 3485 τὰ
2759 3430 2818 3486 δε
2873 3437 3305 3507 παραχωρουσης
3357 3440 3445 3485 καὶ
3500 3435 3595 3487 οὐκ
3651 3435 3841 3507 ἀπειρ-

2222 3540 2441 3591 γουσης.

515 3602 735 3661 Similis
754 3607 955 3659 autem
982 3602 1185 3675 aliquo
1200 3603 1383 3659 modo
1406 3603 1639 3659 videtur
1658 3609 1715 3659 et
1753 3604 1876 3659 haec
1900 3603 2071 3659 lectio
2095 3619 2108 3658 :

441 3714 469 3745 ‹‹
512 3692 836 3749 Etaddidit
889 3692 1049 3747 furor
1110 3692 1345 3747 Domini
1417 3693 1590 3747 irasci
1648 3698 1852 3748 contra
1910 3692 2108 3756 Israel,

437 3782 884 3853 commovitque
921 3781 1103 3837 David
1143 3781 1204 3837 in
1252 3781 1335 3836 eis
1385 3781 1682 3837 dicentem
1720 3797 1730 3837 :
1791 3783 2111 3839 Dinumera

434 3871 616 3927 Israel
644 3872 710 3925 ³ο.
740 3890 767 3922 »
806 3870 1014 3926 Incitat
1052 3872 1213 3926 enim
1255 3871 1439 3927 David
1466 3871 1543 3926 ad
1591 3872 1769 3927 Israel
1832 3872 2107 3930 dinume-

430 3960 689 4017 randum
722 3960 866 4032 quia
905 3976 1047 4031 erga
1079 3962 1225 4032 justi
1260 3961 1482 4031 judicis
1515 3960 1665 4016 iram
1694 3965 1752 4016 et
1780 3961 2104 4018 vindictam

432 4050 705 4106 Israelita:
734 4066 843 4121 pro
870 4051 1124 4121 peccatis
1158 4049 1281 4105 suis
1308 4050 1608 4106 debitores
1637 4055 1805 4106 erant
1857 4066 1870 4117 ;
1899 4056 1955 4106 et
1983 4066 2103 4107 non

432 4145 522 4198 est
550 4141 702 4197 alius
730 4140 1034 4211 impellens
1066 4140 1353 4197 Davidem
1385 4157 1450 4196 ac
1512 4140 1606 4195 ille
1665 4141 1771 4213 qui
1828 4142 2105 4197 irascitur

2296 3610 2666 3681 Παραπλήσιον
2711 3608 2770 3663 δέ
2812 3631 2921 3673 πως
2950 3610 3073 3663 εἶναι
3122 3609 3266 3663 δοκεί
3303 3617 3391 3663 καὶ
3445 3612 3524 3677 τὸ,
3580 3634 3607 3662 ι
3666 3621 3838 3685 “poc-

2222 3701 2360 3751 ἐθετο
2391 3702 2517 3773 ὀργὴ
2549 3706 2739 3774 Κυρίου
2770 3708 2860 3751 τοῦ
2900 3703 3202 3771 θυμωθῆναι
3225 3700 3306 3753 ἐπὶ
3338 3702 3569 3773 Ἰσραήλ.
3611 3710 3714 3755 Καὶ
3750 3704 3838 3754 ἐπ-

2220 3793 2387 3841 έσεισε
2423 3794 2506 3840 τόν
2566 3786 2730 3841 Δαϐἱδ
2788 3790 2860 3851 εἰς
2912 3790 3099 3850 αὐτοὺς
3145 3790 3321 3860 λέγων,
3380 3790 3713 3863 Ἀρίθμησον
3744 3798 3834 3844 τὸν

2220 3877 2449 3951 Ἰσραήλ.
2509 3899 2536 3929 ››
2594 3880 2838 3931 Ἐπισείει
2892 3882 2995 3952 γὰρ
3052 3882 3138 3930 τὸν
3180 3876 3347 3932 Δαϐιδ
3392 3879 3694 3952 ἀριθμῆσαι
3744 3887 3833 3933 τόν

2218 3967 2449 4041 Ἰσραὴλ,
2484 3970 2561 4019 ὅτι
2596 3976 2684 4019 τοῦ
2716 3964 2927 4020 δικαίου
2971 3975 3153 4041 κριτοῦ
3184 3970 3312 4041 ὀργὴ
3346 3974 3434 4020 καὶ
3470 3977 3707 4043 τιμωρία
3757 3981 3833 4039 τῷ

2214 4058 2428 4129 Ἰσραὴλ
2480 4056 2550 4128 ἐφ’
2605 4060 2677 4117 οἷς
2709 4058 2937 4130 ἥμαρτον
2980 4056 3391 4129 ἐκεχρεώστητο·
3425 4064 3514 4110 καὶ
3550 4059 3646 4110 οὐκ
3676 4061 3833 4121 ἄλλος

2214 4151 2285 4206 τίς
2329 4145 2468 4198 ἐστιν
2502 4149 2525 4197 ό
2559 4145 2807 4198 ἀνασείων
2837 4150 2923 4198 τὸν
2954 4144 3140 4214 Δαϐὶδ,
3176 4145 3281 4197 ἀλλ’
3312 4149 3337 4198 ό
3376 4148 3705 4219 ὠργισμένος
3734 4154 3830 4221 μὲν

435 4235 642 4287 contra
689 4230 865 4287 Israel
896 4236 953 4286 et
1003 4230 1105 4303 qui
1162 4246 1377 4301 poenas
1428 4231 1487 4285 in
1533 4230 1701 4287 illum
1751 4232 2103 4287 inducturus

434 4324 577 4375 erat.
600 4319 825 4375 Etenim
841 4320 1066 4390 peccati
1099 4335 1209 4375 nos
1242 4335 1374 4374 reos
1405 4320 1648 4384 scimus,
1691 4321 2101 4376 testimonium

437 4408 618 4464 etiam
658 4408 1109 4479 perhibentibus
1140 4407 1358 4463 divinis
1388 4407 1639 4473 Litteris,
1702 4409 2100 4466 accidentium

2212 4244 2283 4306 τῷ
2337 4236 2570 4309 Ἰσραὴλ,
2635 4235 2913 4307 ἐπενεγκεῖν
2973 4233 3032 4288 δὲ
3084 4236 3275 4308 μέλλων
3326 4236 3495 4296 αὐτοῖς
3553 4242 3651 4295 τὴν
3712 4260 3832 4291 ποι-

2210 4331 2320 4383 νήν.
2375 4333 2471 4379 Καὶ
2509 4330 2607 4397 γὰρ
2641 4336 2735 4387 τῆς
2766 4330 2853 4396 μεν
2910 4327 3161 4398 ἁμαρτίας
3209 4326 3393 4386 αὐτοὺς
3436 4331 3585 4398 ἴσμεν
3644 4348 3700 4380 τε
3746 4331 3825 4380 αἱ·

2210 4422 2371 4481 τίους,
2426 4420 2509 4467 καὶ
2568 4420 2632 4467 τὰ
2690 4414 2801 4468 θεῖα
2855 4413 3301 4489 διαμαρτυρονται
3354 4421 3543 4487 Λογια,
3603 4427 3708 4468 τῶν
3766 4416 3826 4471 δε

438 4502 637 4555 autem
653 4497 829 4553 nobis
860 4513 969 4568 pro
999 4499 1259 4569 peccatis
1290 4496 1741 4553 tribulationum
1772 4498 1973 4554 divina
2004 4516 2097 4554 vo—

2225 4505 2500 4579 ἓρχομένων
2568 4508 2690 4576 ἡμῖν
2744 4504 2815 4576 ἐφ’
2870 4507 2941 4564 οἷς
3008 4504 3423 4578 ἐξαμαρτάνομεν
3482 4505 3731 4580 θλιϐερών
3793 4513 3821 4565 ἡ

438 4587 635 4643 luntas
684 4591 772 4642 est
819 4592 1046 4643 auctor.
1091 4588 1238 4642 Justi
1282 4586 1443 4641 enim
1482 4592 1572 4641 est
1602 4587 1819 4658 judicis
1856 4603 2099 4659 pmnam

436 4693 546 4749 pro
578 4677 857 4747 gravitate
908 4676 1105 4732 delicti
1164 4682 1453 4743 statuere;
1504 4678 1723 4733 etenim
1776 4677 1877 4732 irae
1917 4694 2099 4735 causa

436 4771 593 4829 sunt,
622 4767 724 4839 qui
754 4770 1152 4838 peccaverunt
1182 4784 1195 4833 ;
1224 4767 1309 4822 ira
1340 4772 1540 4823 autem
1573 4766 1699 4821 istis
1724 4768 2097 4837 punitionem

435 4856 690 4924 induxit,
720 4856 916 4911 medio
945 4861 1186 4927 sumpto
1219 4856 1419 4921 David,
1450 4872 1631 4928 quem
1670 4856 1783 4927 ipsi
1831 4856 2093 4913 offende-

431 4949 585 5010 rant,
612 4950 853 5016 propter
880 4945 1045 5018 quod
1072 4950 1126 5001 et
1156 4944 1277 5016 ipse
1300 4945 1360 5001 in
1394 4945 1578 5001 Deum
1601 4949 1970 5018 peccaverat,
2012 4952 2097 5003 et-

431 5034 591 5090 enim
618 5034 1039 5102 dinumeravit,
1072 5036 1348 5107 quamvis
1378 5035 1539 5090 illum
1582 5034 1754 5090 citius
1786 5034 1915 5090 aliis
1945 5051 2094 5091 con-

432 5123 807 5178 demnaverit
837 5124 1014 5189 ;dicit
1044 5125 1201 5179 enim
1231 5142 1243 5179 :
1280 5124 1582 5181 Percussit
1612 5139 1713 5180 cor
1740 5125 1925 5180 David
1958 5142 2093 5181 eum

428 5217 670 5286 propter
699 5211 905 5283 populi
934 5214 1361 5269 recensionem.
1394 5214 1563 5280 Quali
1588 5229 1725 5269 vero
1758 5229 1864 5285 pro
1881 5214 2094 5269 delicto

431 5298 691 5376 populus
704 5315 913 5371 poenas
931 5301 1068 5357 dare
1087 5304 1360 5374 dignatus
1379 5304 1503 5359 est?
1520 5319 1720 5359 nonne
1752 5303 1995 5359 evidens
2007 5311 2095 5359 est

433 5405 544 5463 pro
582 5389 1010 5445 insurrectione
1046 5398 1249 5448 contra
1280 5392 1467 5449 David
1494 5409 1671 5447 suum
1698 5407 1918 5463 regem,
1954 5409 2091 5450 cum

435 5478 653 5550 reiecta
677 5476 943 5547 legitima
962 5483 1017 5535 et
1040 5483 1201 5550 justa
1222 5485 1528 5553 potestate,
1561 5480 1623 5537 in
1643 5481 1912 5537 favorem
1936 5481 2091 5538 illius

512 5679 558 5713 ²⁹
604 5676 787 5734 Exod.
815 5691 933 5740 xiv,
966 5678 1019 5731 4.
1133 5676 1176 5712 ³¹
1222 5679 1394 5732 Num.
1422 5692 1557 5740 xxv,
1586 5682 1639 5734 4.

2212 4597 2321 4646 Θεία
2375 4594 2543 4665 ψῆφος
2600 4591 2946 4666 δημιουργός·
3008 4602 3187 4665 κριτοῦ
3238 4600 3340 4668 γὰρ
3383 4592 3619 4659 δικαίου,
3690 4604 3825 4667 πρὸς

2208 4690 2299 4741 τὴν
2344 4693 2439 4736 τῶν
2494 4687 2653 4756 ἔργων
2704 4682 2979 4756 βαρύτητα
3027 4689 3112 4734 καὶ
3165 4688 3251 4740 τὴν
3306 4683 3381 4735 ἐπ’
3427 4685 3618 4745 αὐτοὺς
3658 4707 3822 4757 τιμω-

2206 4778 2321 4846 ρίαν
2374 4773 2717 4847 ἁρμόζεσθαι.
2781 4778 2876 4824 Καὶ
2924 4778 3023 4846 γὰρ
3072 4780 3167 4833 τῆς
3205 4776 3293 4843 μεν
3341 4772 3500 4844 ὀργῆς
3547 4777 3596 4824 oi
3637 4777 3819 4848 ἦμαρ-

2207 4867 2420 4922 τηκότες
2476 4867 2763 4933 παραίτιοι·
2816 4864 2844 4919 ἡ
2899 4859 2957 4914 δὲ
3002 4862 3128 4931 ὀργὴ
3164 4865 3363 4923 τούτοις
3413 4866 3506 4919 την
3556 4872 3821 4937 τιμωρίαν

2206 4950 2455 5023 ἐπήγαγε,
2518 4955 2679 5023 μέσου
2734 4950 3260 5023 παραλαμϐανόμενον
3317 4959 3409 5002 τοῦ
3491 4950 3684 5017 Δαϐὶδ,
3750 4956 3819 5014 είς

2204 5043 2257 5092 ὃν
2306 5040 2483 5093 ἐκεῖνοι
2532 5045 2943 5113 προσέκρουσαν,
3006 5037 3100 5092 διὰ
3150 5044 3207 5091 τὸ
3258 5046 3346 5091 καὶ
3380 5041 3536 5092 αὐτὸν
3568 5044 3820 5115 ἡμαρτη-

2204 5133 2345 5181 κέναι
2396 5133 2523 5198 Θεῷ’
2574 5134 2661 5180 καὶ
2709 5128 2809 5200 γὰρ
2865 5130 3172 5199 ἠρίθμησεν·
3240 5128 3281 5180 εἰ
3338 5134 3426 5179 καὶ
3482 5131 3671 5181 θᾶττον
3726 5133 3819 5182 αὖ-

2204 5223 2288 5269 τὸν
2322 5222 2419 5290 πρὸ
2446 5227 2544 5269 των
2584 5218 2746 5269 ἄλλων
2773 5215 3136 5269 κατεδίκασεν·
3169 5222 3297 5289 φησί
3326 5221 3450 5289 γάρ’
3488 5241 3512 5268 ‹‹
3553 5220 3817 5280 Ἐπάταξε

2203 5302 2398 5377 καρδία
2446 5304 2612 5359 Δαϐὶδ
2657 5307 2809 5358 αὐτόν
2843 5309 2922 5358 ὅτι
2966 5308 3231 5379 ἠρίθμησε
3261 5310 3346 5357 τόν
3385 5307 3524 5360 λαόν.
3576 5328 3602 5353 ιδ
3659 5316 3817 5368 Ποίας

2204 5390 2261 5445 δε
2306 5400 2629 5467 παρανομίας
2663 5403 2947 5453 τηνικαῦτα
2994 5398 3019 5446 ό
3068 5396 3189 5457 λαός
3217 5398 3477 5467 ὑποσχεῖν
3509 5394 3815 5450 ἔδικαιουτο

2201 5490 2472 5557 τιμωρίαν,
2537 5487 2565 5544 ἢ
2633 5482 2875 5547 δηλονότι
2940 5492 3029 5547 τῆς
3080 5484 3481 5549 ἐπαναστάσεως
3525 5495 3621 5547 τῆς
3682 5490 3820 5539 κατὰ
