4026 6206
235 297 374 354 1141

237 431 333 476 τοῦ
388 430 529 496 σφῶν
579 421 840 496 βασιλέως
899 418 1112 488 Δαϐίδ;
1165 424 1318 480 ἡνίκα
1367 418 1726 496 διαῤῥαγέντίς
1787 420 1841 474 ἐκ
1876 421 1923 478 Α

235 517 404 585 νόμου
450 517 540 565 καὶ
589 508 796 572 δικαίας
849 510 1020 586 ἀρχῆς
1074 519 1144 582 τῷ
1198 514 1331 563 κατὰ
1380 515 1574 584 πατρὸς
1623 516 1711 562 xui
1748 509 1844 582 βα-

242 602 432 664 σιλέως
482 604 790 675 τυραννικὰς
845 608 1032 675 χεῖρας
1080 599 1376 674 ἁντοίραντι,
1424 606 1513 652 καὶ
1564 605 1696 672 μήτε
1751 604 1844 658 την

237 695 401 764 φύσιν
451 690 802 755 εύλαϐηθέντι,
856 695 989 762 μήτε
1042 694 1100 742 τό
1160 698 1248 750 τῆς
1302 689 1577 762 βασιλείας
1640 687 1845 761 ἀξίωμα

244 778 635 846 δυσωπηθέντι,
698 780 1150 836 συνεπανέστησάν
1200 798 1253 830 τε
1300 783 1388 830 καὶ
1451 779 1842 834 συναπεστάτη-

246 888 371 921 σαν.
427 868 514 930 Ἐξ
560 867 620 919 οὗ
673 871 866 939 κυρίως
921 870 1012 939 μὲν
1070 867 1185 918 κατ’
1244 865 1470 926 ἀλλήλων
1521 867 1761 940 ίρρυήκει
1818 867 1844 916 ό

243 963 420 1030 φόνος,
477 957 608 1018 ἅπας
667 953 727 1010 δε
791 959 989 1028 φύσεως
1042 958 1376 1014 κατεπατήθη
1438 975 1606 1028 νομος,
1638 951 1843 1008 παίδων

241 1047 500 1108 πολλάκις
542 1048 676 1099 κατὰ
724 1050 955 1120 πατέρων
1002 1049 1067 1098 τὰ
1109 1046 1229 1118 ξίφη
1263 1050 1530 1117 φερόντων,
1565 1049 1654 1096 καὶ
1679 1046 1704 1097 ό
1736 1043 1846 1116 φίλ-

241 1156 404 1199 τατος
442 1139 551 1196 υίὸς
592 1139 772 1210 χειρὸς
812 1143 1073 1209 πατρικῆς
1115 1137 1262 1208 ἔργον
1304 1140 1529 1207 κείμενος
1573 1151 1584 1164 ·
1626 1141 1846 1186 τοιαῦτα

239 1228 351 1299 γὰρ
409 1228 474 1278 τὰ
519 1227 657 1277 κακὰ
722 1232 816 1286 τῆς
871 1223 1116 1296 ἐμφυλίου
1177 1225 1430 1286 στάσεως.
1479 1226 1682 1283 Ταύτης
1755 1218 1842 1274 οὖν

239 1325 340 1377 τῆς
378 1316 492 1368 κατ’
541 1313 770 1373 ἀλλήλων
827 1319 1147 1386 μιαιφονίας,
1214 1311 1420 1376 δίκαιος
1473 1311 1533 1372 ἧν
1585 1315 1841 1383 ὑποσχεῖν

239 1409 342 1462 τὴν
384 1409 633 1477 τιμωρίαν
663 1405 689 1456 ό
722 1404 939 1478 Ἰσραήλ
971 1421 984 1433 ⁸
1031 1402 1139 1456 ἐπεὶ
1201 1400 1261 1456 δὲ
1310 1399 1416 1456 ἔδει
1466 1401 1841 1460 ποινηλαθῆναι

1190 296 1290 351 AD
1329 295 1884 353 AMPHILOCHIUM
1925 295 2252 364 QUESTIO
2292 298 2470 367 CCCI,
2497 301 2700 358 00011.

3472 297 3610 356 1142

1955 422 2058 495 qui
2080 428 2288 481 contra
2304 430 2530 498 patrem
2553 432 2610 484 et
2626 441 2836 498 regem
2851 427 3192 499 tyrannicas
3217 440 3434 504 manus
3452 424 3610 480 leva-

1954 517 2135 579 verat,
2163 513 2327 570 nullo
2341 521 2570 572 naturaa
2587 518 2890 588 respectu,
2925 514 3092 570 nulla
3107 511 3404 584 dignitatis
3428 514 3607 583 regite

1953 602 2300 667 reverentia,
2338 611 2837 661 consurrexerunt
2865 609 2921 660 et
2978 603 3157 659 simul
3217 609 3605 659 secesserunt.

1955 690 2081 754 Quo
2103 690 2324 747 factum
2354 698 2438 748 est
2470 697 2532 748 ut
2563 694 2660 749 alii
2695 693 2844 748 alios
2892 692 3207 749 crudeliter
3277 692 3608 747 trucidave-

1953 777 2087 844 rint,
2117 784 2174 834 et
2198 796 2406 836 omnes
2423 782 2818 850 naturaaleges
2836 781 3082 853 pedibus
3113 780 3604 844 conculcaverint,

1951 865 2083 920 filiis
2125 884 2277 940 saepe
2329 876 2535 926 contra
2597 875 2788 942 patres
2839 870 3105 939 gladium
3172 867 3519 932 ferentibus,
3547 872 3604 924 et

1953 954 2440 1016 charissimoﬁlio
2463 977 2648 1016 manu
2691 960 3218 1032 paternajacente.
3272 961 3405 1014 Huic
3471 960 3612 1012 sunt

1952 1045 2112 1101 enim
2151 1045 2285 1103 belli
2309 1049 2496 1105 civilis
2527 1050 2689 1107 mala
2717 1050 2917 1121 ;cujus
2946 1054 3141 1105 autem
3173 1053 3398 1104 mutuae
3429 1047 3610 1103 caedis

1952 1149 2193 1207 aequum
2224 1142 2349 1193 erat
2378 1154 2592 1210 pcenas
2621 1139 2765 1195 dare
2789 1138 2982 1194 Israel.
3014 1138 3162 1194 Cum
3189 1143 3390 1193 autem
3444 1136 3613 1192 illum

1953 1238 2145 1294 poenae
2172 1241 2416 1283 causam
2457 1229 2686 1285 nescire
2743 1232 3061 1300 oporteret.
3118 1226 3267 1282 sicut
3327 1226 3611 1298 quaedam

1951 1312 2299 1386 principalis
2327 1332 2510 1374 causa
2540 1318 2810 1374 vindicta:
2835 1318 3050 1373 dicitur
3070 1316 3355 1370 Davidem
3391 1315 3614 1371 excita-

1951 1403 2078 1456 tum
2117 1401 2302 1460 fuisse
2345 1407 2422 1462 ad
2455 1408 2750 1478 populum
2793 1405 3324 1462 dinumerandum.

240 1493 422 1560 αὐτόν,
476 1494 581 1546 οἷόν
633 1513 713 1555 τις
765 1499 1187 1568 προκαταρκτικὴ
1269 1492 1416 1545 αἰτία
1483 1497 1733 1565 τιμωρίας
1783 1487 2078 1543 διατίθεται
2151 1497 2210 1544 τὸ
2302 1493 2678 1556 ἁνασεισθῆναι
2752 1501 2838 1549 τόν
2888 1493 3053 1550 Δαϐὶδ
3109 1495 3460 1569 ἐξαριθμῆσαι
3513 1496 3600 1546 τόν

237 1582 389 1635 λαόν.

314 1671 438 1725 Ὀτι
457 1673 555 1746 γὰρ
597 1667 721 1724 ούδέ
741 1679 839 1724 τῶν
869 1667 1047 1724 δεινῶν
1077 1667 1284 1744 σφόδρα
1315 1673 1459 1742 παρὰ
1499 1669 1752 1743 βασιλέως
1782 1664 1842 1725 ἧν
1876 1667 1920 1721 Β

241 1764 273 1820 ἡ
343 1760 631 1835 ἁρίθμησις
684 1768 774 1813 τοῦ
817 1760 962 1826 λαοῦ,
1004 1759 1099 1812 κᾶν
1155 1768 1243 1812 νῦν
1282 1760 1350 1820 εἰς
1403 1761 1572 1812 αἰτίαν
1622 1767 1714 1820 τῆς
1769 1777 1844 1810 τι-

241 1856 446 1925 μωρίας
491 1851 861 1926 παρείληπται,
905 1847 1060 1908 δηλοῖ
1106 1855 1196 1902 καὶ
1249 1852 1279 1908 ἠ
1340 1853 1470 1922 μετά
1522 1856 1686 1901 ταῦτα
1750 1847 1846 1900 ἀπ-

242 1943 536 2013 αρίθμησις
583 1943 728 2012 παρὰ
776 1947 846 2009 τῷ
891 1940 1032 2010 αύτῷ
1077 1943 1389 2011 γεγενημένη
1424 1936 1591 1992 Δαϐίδ
1631 1957 1647 1975 ο
1689 1937 1762 2010 ἐφ’

240 2034 366 2084 οὔτε
417 2050 468 2082 τι
518 2025 682 2101 μηδεν
735 2028 1003 2088 ἀπήντησε
1063 2033 1284 2102 πονηρὸν
1351 2034 1440 2082 καὶ
1496 2035 1627 2100 μήτε
1690 2047 1846 2086 πονη-

239 2125 368 2193 ρίας
414 2118 704 2191 ἐγκλήματι
751 2120 1058 2190 ὑπαχθεῖσα
1107 2123 1238 2190 μήτε
1295 2121 1410 2170 τινὰ
1463 2117 1842 2190 ἐφελκυσαμένη

240 2214 431 2267 ποινήν
460 2228 472 2240 ’
520 2209 650 2266 αὕτη
722 2203 782 2260 δε
830 2213 946 2280 περὶ
1007 2210 1073 2260 τὰ
1117 2207 1233 2265 τέλη
1293 2212 1469 2280 γέγονε
1524 2215 1616 2259 τοῦ
1682 2206 1843 2279 βασιο

237 2298 369 2358 λέως
400 2315 412 2327 ⁶
465 2299 547 2350 ὅτε
589 2302 677 2349 xui
726 2297 752 2348 6
803 2304 902 2348 τῶν
932 2302 1157 2350 Λενῑτῶν
1187 2296 1528 2368 συνελογίσθη
1572 2295 1793 2370 ἀριθμός
1827 2314 1840 2326 ⁵

236 2394 399 2439 τοῦτο
446 2383 504 2439 δε
551 2390 640 2437 xui
688 2390 1180 2458 συνυπεμφαίνουσα
1209 2388 1239 2444 ἡ
1275 2391 1474 2460 Γραφὴ,
1500 2390 1582 2446 τό,
1617 2410 1642 2436 ‹‹
1679 2393 1848 2457 Προσο

235 2477 386 2528 ἔθετο
450 2474 574 2548 ὀργή
632 2479 826 2549 Κυρίου
881 2476 1186 2544 θυμωθῆναι
1228 2474 1312 2528 ἐπὶ
1363 2475 1595 2549 Ἰσραήλ,
1642 2498 1663 2526 ι
1729 2471 1844 2528 δια-

234 2566 430 2622 τίθησι
449 2566 549 2639 πρὸ
569 2570 682 2632 τοῦ,
705 2586 731 2611 ‹‹
761 2562 1020 2616 Ἀνίσεισε
1047 2568 1132 2616 τόν
1149 2561 1334 2628 Δαϐὶδ,
1356 2584 1385 2615 »
1417 2563 1675 2633 ὶνάγουσα
1694 2566 1845 2617 οἱονεὶ

225 2658 336 2704 ‘xui
384 2648 712 2705 διανιστῶσα
749 2655 835 2704 τὸν
880 2651 1144 2726 ἀκροατήν
1180 2650 1409 2705 συνιδεῖν
1465 2656 1530 2715 ὡς
1582 2654 1710 2726 ούχὶ
1754 2650 1847 2706 διὰ

238 2745 304 2794 τό
371 2743 727 2814 αριθμηθῆναι
784 2744 869 2792 τόν
921 2740 1043 2792 λαόν
1083 2743 1111 2800 ἠ
1161 2741 1288 2817 ὀργὴ
1325 2741 1525 2814 ἀνήφθη
1558 2750 1650 2794 τοῦ
1689 2749 1843 2805 Θεοῦ⁹

244 2830 382 2882 ἀλλὰ
453 2826 546 2882 διὰ
599 2834 693 2888 τὴν
751 2835 1232 2904 προσγεγενημένην
1303 2831 1469 2883 αὐτῶν
1537 2834 1724 2883 στάσιν
1794 2851 1847 2884 τε

240 2924 340 2972 καὶ
394 2915 680 2994 τυραννίδα
717 2923 807 2971 καὶ
863 2924 1202 2991 μιαιφονίανο
1253 2923 1310 2972 τὸ
1375 2923 1476 2992 γὰρ
1531 2924 1624 2978 τήν
1689 2920 1846 2994 ὀργὴν

240 3010 617 3085 προτεθείσθαι
671 3016 761 3068 τῆς
810 3007 1164 3080 ἀριθμήσεως,
1217 3009 1275 3061 ού
1327 3007 1420 3061 διὰ
1481 3015 1574 3068 τὴν
1623 2993 1917 3083 ἀρίθμη-ο

242 3117 333 3150 σιν
382 3097 681 3169 ἐπαχθῆναι
722 3100 915 3155 ταύτην
967 3095 1123 3157 δηλοί
1151 3116 1161 3128 ο
1196 3099 1490 3151 ἁνασείεται
1533 3096 1591 3152 δὲ
1637 3099 1790 3161 αὐτὸς
1822 3101 1847 3151 6

242 3182 420 3240 Δαϐἱδ
457 3190 546 3238 καὶ
584 3190 676 3238 ούκ
715 3185 886 3251 ἄλλος,
942 3188 1117 3262 ὅτιπερ
1171 3183 1265 3240 διὰ
1301 3191 1359 3240 τό
1410 3189 1568 3241 αὐτοῦ
1603 3188 1846 3262 ἁμάρτη-

237 3296 323 3347 μα
355 3276 383 3332 ἡ
415 3283 507 3327 τοῦ
544 3273 846 3346 Ἀϐεσαλὼμ
877 3274 1235 3338 ἐπανάστασις
1275 3275 1461 3334 συνέϐη
1490 3319 1501 3331 .
1557 3297 1585 3329 ‹‹
1611 3277 1750 3330 Ἀνθ’
1779 3277 1846 3328 ὧν

233 3368 368 3439 γὰρ,
420 3368 598 3434 φησιν,
647 3366 921 3434 ἐφόνευσας
971 3369 1061 3416 καὶ
1114 3363 1453 3436 ἐμοίχευσας,
1514 3371 1597 3418 καὶ
1660 3367 1847 3440 ἑτέροις

236 3457 338 3526 μὶν
403 3453 722 3524 ύπαχθήση,
784 3452 910 3510 πλὴν
949 3451 1077 3505 ἀλλὰ
1125 3458 1214 3506 xui
1259 3456 1313 3506 ui
1349 3459 1588 3525 γυναῖκές
1630 3474 1724 3507 σου
1772 3453 1846 3506 ἕν-

235 3549 404 3595 ὡπιον
434 3550 533 3592 τῶν
564 3540 836 3612 ὀφθαλμῶν
869 3560 962 3593 σου
998 3541 1066 3602 εἰς
1105 3542 1308 3616 ἑτέρους
1342 3548 1780 3614 μεταστήσονται,
1814 3565 1840 3592 ››

233 3634 262 3684 ό
332 3627 400 3688 δή
451 3635 540 3682 xui
598 3627 989 3702 διαπέπρακται
1027 3639 1097 3701 τῷ
1147 3631 1453 3704 Ἀϐεσαλώμ
1493 3652 1506 3665 ο
1551 3631 1844 3686 ἀνασείει-αι

234 3721 331 3774 οὖν
361 3719 518 3781 αύτός
573 3720 600 3770 ό
652 3721 986 3794 ἡμαρτηκὼς,
1031 3721 1114 3772 ἶνα
1153 3729 1244 3772 τοῦ
1284 3722 1474 3774 οἰκείου
1513 3727 1843 3794 πταίσματος

235 3811 312 3872 εἰς
345 3811 694 3867 συναισθησιν
721 3808 900 3877 ἐλθὼν,
935 3829 962 3860 (ι
991 3810 1124 3881 Ἐγώ
1156 3813 1406 3886 ἡμαρτον,
1437 3810 1720 3884 ἀναϐοήσῃ,
1751 3817 1841 3865 καὶ

237 3898 346 3971 ἐγὼ
385 3897 759 3964 ἑκακόποίησα,
782 3898 933 3959 οὗτος
987 3895 1046 3951 δε
1072 3900 1098 3950 ό
1127 3899 1250 3960 λαὸς
1297 3904 1345 3952 τί
1396 3899 1649 3967 incincta;
1685 3920 1712 3952 ››
1744 3906 1842 3954 Καὶ

236 3987 297 4041 ἐκ
328 3991 418 4060 μεν
460 3995 552 4048 τῆς
595 3987 969 4062 ἐξαγορεύσεως
1009 3993 1097 4040 xui
1126 3992 1402 4059 μετανοίας
1430 3992 1459 4047 ἠ
1503 3992 1722 4064 θραῦσις
1751 4009 1843 4042 κο-

234 4079 387 4150 πάση
423 4098 436 4110 ·
483 4079 677 4139 ταύτης
727 4073 785 4129 δε
836 4077 1101 4148 ληγούσης
1153 4080 1183 4136 η
1235 4083 1471 4150 σωτηρία
1526 4084 1840 4151 περιγένοιτο

231 4175 308 4237 τῷ
356 4170 490 4238 γένει
523 4186 535 4198 ·
579 4165 768 4238 μᾶλλον
823 4163 882 4219 ὃε
953 4168 1144 4220 ἀνωθεν
1196 4168 1377 4233 εἰπεῖν,
1427 4167 1840 4242 ἐκεχρεωστήκει

231 4261 333 4315 τήν
365 4255 520 4312 δίκην
569 4254 785 4317 όλαός³
849 4251 942 4307 διὰ
985 4263 1138 4308 τοῦτο
1184 4260 1466 4328 προσέθετο
1522 4259 1649 4332 ὀργή
1706 4265 1838 4310 Θεοῦ

233 4347 544 4416 θυμωθῆναι
585 4343 665 4396 ἐπ’
697 4345 886 4404 αύτούς
921 4359 934 4374 ⁸
968 4344 1194 4398 ἀνασείει
1226 4342 1285 4398 δὲ
1330 4348 1356 4398 ό
1406 4349 1562 4418 θυμός
1592 4349 1714 4420 πρὸς
1745 4352 1837 4405 τήν
1875 4338 1918 4392 D

231 4432 297 4507 ἀρ
309 4435 525 4503 ίθμησιν
546 4436 628 4485 τόν
652 4431 837 4486 Δαϐίδο
868 4431 1245 4505 ἀριθμηθὲντος
1265 4431 1322 4486 δε
1356 4434 1558 4488 ἐπίθετο
1584 4437 1610 4494 ἦ
1637 4436 1833 4508 πληγήο

235 4525 517 4594 ἱσταμένης
561 4518 620 4575 δὲ
665 4532 755 4582 τῆς
797 4521 997 4593 πληγῆς
1045 4523 1113 4583 εἰς
1155 4527 1503 4581 συναίσθησιν
1543 4533 1635 4578 τοῦ
1666 4545 1836 4600 παρα-

232 4618 515 4683 πτώματος
545 4614 658 4670 ᾖκει
689 4613 714 4662 ό
744 4608 910 4664 Δαϐίδ
948 4627 960 4639 ·
997 4610 1051 4662 ἐκ
1083 4620 1175 4673 τῆς
1199 4616 1613 4677 συναισθήσεως,
1649 4615 1715 4675 εἰς
1744 4635 1836 4686 με·

234 4702 447 4752 τοίνοιαν
482 4721 494 4732 ·
529 4702 558 4757 ἡ
611 4702 856 4770 μετάνοια
909 4696 967 4752 δε
1012 4705 1100 4759 τήν
1153 4702 1344 4754 ἄνωθεν
1392 4709 1707 4775 συγγνώμην
1748 4709 1836 4757 καὶ

232 4793 324 4842 τόν
377 4789 515 4841 ἔλεον
565 4797 693 4841 κινεῖ
733 4804 746 4818 ⁶
783 4793 849 4841 τὰ
894 4788 952 4842 δὲ
995 4793 1226 4842 παύουσι
1270 4797 1362 4848 τήν
1406 4794 1624 4866 θραύσιν
1657 4836 1669 4848 .
1704 4796 1837 4847 ὥστε

2027 1671 2198 1735 Quod
2218 1672 2380 1729 enim
2412 1689 2532 1729 non
2560 1678 2680 1731 tam
2712 1674 2884 1730 fuerit
2913 1673 3355 1730 criminosaista
3403 1670 3610 1743 populi

1955 1759 2220 1816 recensio
2251 1776 2286 1816 a
2316 1777 2455 1832 rege
2499 1762 2654 1818 facta
2681 1763 2956 1835 quamvis
2974 1779 3131 1818 nunc
3155 1767 3215 1817 ut
3240 1776 3420 1816 causa
3437 1759 3613 1831 puni-

1956 1849 2130 1906 tionis
2153 1851 2439 1917 tradatur,
2465 1853 2622 1910 clare
2638 1855 3008 1910 demonstrat
3025 1852 3121 1908 illa
3141 1868 3279 1924 qua:
3301 1854 3512 1923 postea
3533 1848 3611 1904 ab

1955 1938 2164 1994 eodem
2192 1941 2375 1996 David
2390 1941 2985 2009 facta,fuitrecensio,
3014 1947 3251 2013 propter
3276 1956 3451 2012 quam
3472 1937 3608 1994 nul-

1953 2027 2078 2084 lum
2095 2031 2352 2086 occurrit
2369 2031 2616 2097 malum,
2632 2032 2925 2105 siquidem
2942 2031 3167 2087 nullam
3186 2029 3425 2087 malitiae
3440 2043 3612 2083 accu-

1956 2118 2250 2175 sationem
2279 2122 2472 2177 attulit
2511 2138 2617 2178 nec
2647 2138 2892 2194 poenam
2916 2121 3165 2176 induxit.
3190 2119 3290 2174 Illa
3321 2117 3479 2174 facta
3497 2116 3610 2173 fuit

1955 2209 2234 2265 extremis
2265 2211 2420 2283 regis
2461 2211 2656 2278 annis,
2687 2227 2824 2267 cum
2849 2211 3156 2266 levitarum
3205 2223 3496 2264 numerus
3525 2220 3612 2262 re-

1956 2314 2060 2354 cen
2071 2299 2216 2354 situs
2234 2299 2359 2355 fuit.
2381 2301 2550 2366 Quod
2573 2301 2714 2357 satis
2731 2300 2887 2356 clare
2905 2299 3128 2354 indicat
3147 2296 3453 2368 Scriptura
3473 2295 3610 2350 dum

1954 2387 2176 2444 verba:
2213 2410 2242 2438 ‹‹
2280 2389 2511 2460 Adjecit
2540 2390 2628 2446 ira
2661 2389 2760 2445 Dei
2812 2389 2986 2444 irasci
3049 2391 3256 2443 contra
3315 2383 3610 2458 populum

1957 2479 2130 2533 lsrael
2161 2478 2514 2548 iponitante
2536 2478 2682 2534 illa«
2703 2477 2933 2549 Impulit
2957 2476 3138 2533 David
3172 2472 3611 2531 vinducensali-

1955 2581 2078 2638 quo
2119 2567 2298 2622 modo
2319 2573 2374 2624 et
2403 2568 2730 2640 disponens
2744 2567 3046 2624 auditores
3077 2562 3611 2633 adintelligendum

1956 2669 2074 2708 non
2104 2660 2346 2727 propter
2385 2655 2580 2726 populi
2633 2655 3041 2711 recensionem
3061 2653 3210 2708 iram
3263 2651 3360 2705 Dei
3394 2648 3610 2704 excita-

1957 2749 2077 2800 tam
2106 2744 2305 2810 fuisse,
2337 2747 2435 2801 sed
2463 2751 2704 2818 propter
2734 2745 2950 2802 factam
2977 2743 3054 2799 ab
3086 2742 3168 2796 eis
3223 2739 3610 2796 rebellionem

1955 2838 2011 2889 et
2041 2834 2421 2906 tyrannidem
2446 2839 2500 2890 et
2520 2834 2764 2891 caedem.
2799 2838 2889 2889 lra
2914 2832 3072 2888 enim
3102 2829 3449 2886 recensione
3463 2843 3614 2898 prte-

1956 2921 2173 2993 posita,
2203 2923 2366 2980 illam
2391 2939 2510 2978 non
2550 2930 2792 2996 propter
2838 2920 3250 2978 recensionem
3297 2915 3607 2972 inductam

1961 3011 2140 3066 fuisse
2165 3011 2394 3067 clarum
2420 3015 2525 3067 est.
2548 3012 2829 3067 lncitatur
2856 3026 2998 3066 vero
3027 3010 3154 3080 ipse
3183 3005 3362 3062 David
3397 3008 3456 3058 et
3486 3018 3607 3058 non

1959 3099 2130 3165 alius,
2161 3101 2302 3172 quia
2339 3105 2579 3172 propter
2615 3099 2800 3172 ipsius
2833 3099 3115 3155 delictum
3157 3093 3472 3151 Absalonis
3521 3091 3609 3146 in-

1958 3189 2240 3245 surrectio
2270 3189 2501 3254 accidit,
2537 3189 2857 3245 dicitenim
2905 3207 2983 3244 :«
3029 3185 3178 3254 Quia
3223 3182 3496 3240 occidisti
3553 3185 3612 3236 et

1956 3277 2315 3334 adulterium
2353 3278 2728 3342 commisisti,
2751 3277 2864 3332 sub
2886 3277 3132 3332 aliorum
3159 3278 3446 3347 potestate
3469 3270 3606 3338 eris,

1957 3367 2059 3422 sed
2087 3373 2142 3423 et
2179 3366 2454 3424 mulieres
2495 3371 2626 3423 tuas
2651 3368 2710 3422 in
2749 3365 2940 3422 oculis
2968 3364 3081 3421 tuis
3121 3361 3431 3435 proximus
3465 3366 3604 3416 tuus

1955 3456 2138 3513 tollet.
2167 3477 2195 3509 »
2225 3457 2392 3523 Quod
2406 3456 2652 3530 quidem
2683 3455 2818 3512 fecit
2844 3453 3144 3510 Absalom.
3187 3451 3609 3508 Commovetur

1955 3560 2096 3614 ergo
2125 3545 2256 3618 ipse
2276 3545 2381 3619 qui
2414 3545 2678 3618 peccavit
2717 3550 2782 3600 ut
2812 3543 2901 3600 sui
2929 3541 3126 3598 delicti
3178 3537 3607 3596 conscientiam

1953 3633 2200 3698 habens,
2237 3655 2262 3684 α
2290 3637 2408 3704 Ego
2447 3633 2709 3706 peccavi,
2741 3632 3020 3697 clamitet,
3049 3644 3161 3703 ego
3186 3627 3338 3683 male
3368 3626 3481 3695 egi,
3509 3623 3607 3681 hic

1953 3729 2153 3780 autem
2173 3723 2428 3796 populus
2451 3722 2599 3796 quid
2623 3722 2758 3778 fecit
2779 3723 2807 3778 ‘I
2822 3741 2852 3773 »
2875 3726 2929 3777 et
2949 3737 3020 3776 ex
3037 3719 3146 3775 ista
3163 3715 3532 3774 confessione
3553 3720 3609 3768 et

1952 3813 2303 3886 poenitentia
2321 3811 2719 3868 tribulationis
2749 3810 2851 3868 ﬁat
2881 3809 3042 3873 ﬁnis,
3066 3814 3121 3864 et
3151 3808 3265 3863 ista
3309 3807 3602 3867 cessante,

1953 3903 2112 3958 salus
2141 3901 2298 3973 genti
2354 3900 2756 3972 superveniat.
2791 3900 2984 3955 Potius
3029 3905 3224 3954 autem
3246 3911 3382 3968 quae
3422 3907 3605 3963 supra

1952 4006 2317 4058 memorans,
2341 4005 2582 4062 poenam
2611 3989 2825 4046 meruit
2862 3987 3148 4060 populus,
3180 3989 3421 4056 propter
3440 3978 3605 4051 quod

1951 4081 2168 4150 adjecit
2195 4078 2359 4135 furor
2380 4079 2610 4134 Domini
2635 4077 2810 4133 irasci
2836 4082 3045 4133 contra
3069 4075 3200 4130 illos
3232 4091 3246 4138 ;
3278 4068 3603 4127 commovit

1952 4175 2154 4226 autem
2179 4168 2268 4224 ira
2285 4167 2475 4223 David
2497 4167 2572 4222 ad
2600 4165 2894 4238 populum
2921 4159 3443 4220 dinumerandum.
3471 4160 3604 4212 Post

1951 4262 2139 4315 autem
2161 4256 2558 4312 recensionem
2581 4254 2747 4310 irruit
2768 4257 2946 4326 plaga
2972 4268 3122 4324 ;qua
3145 4254 3356 4314 stante,
3379 4248 3438 4303 in
3460 4261 3601 4302 con-

1950 4347 2250 4404 scientiam
2290 4345 2483 4402 delicti
2516 4345 2676 4401 venit
2705 4343 2914 4408 David,
2956 4347 3012 4398 et
3035 4357 3106 4397 ex
3147 4336 3510 4395 conscientia
3542 4335 3603 4390 in

1949 4435 2380 4510 pcenitentiam,
2410 4433 2758 4507 poenitentia
2779 4439 2977 4489 autem
3007 4430 3244 4486 veniam
3278 4434 3331 4482 et
3377 4423 3605 4481 miseri-

1949 4526 2213 4583 cordiam
2241 4542 2276 4581 a
2307 4525 2424 4580 Deo
2453 4524 2713 4590 attrahit,
2743 4529 2798 4578 et
2824 4522 2905 4577 sic
2933 4521 3111 4576 finem
3144 4517 3323 4574 habet
3355 4514 3601 4572 tribula-

1950 4617 2050 4686 tio,
2076 4616 2157 4672 ita
2197 4620 2259 4670 ut
2286 4614 2445 4670 mala
2471 4613 2698 4686 papulo
2715 4612 2889 4686 quasi
2907 4610 2965 4666 in
2985 4625 3104 4665 uno
3134 4607 3327 4678 capite
3358 4619 3601 4678 peccas-

1949 4704 2398 4769 setacciderint,
2427 4708 2485 4758 et
2529 4703 2823 4758 malorum
2868 4701 3133 4756 levamen
3164 4711 3270 4770 per
3326 4693 3601 4768 ejusdem

1951 4793 2359 4866 paenitentiam
2393 4791 2720 4861 contigerit.

231 4884 327 4931 xui
356 4881 416 4930 τό
443 4874 610 4930 δεινόν
635 4885 706 4948 τῷ
736 4877 840 4948 λαῷ
871 4880 1043 4952 ὥσπερ
1077 4877 1178 4932 ἀπό
1207 4900 1346 4943 τινος
1371 4882 1595 4953 κεφαλῆς
1641 4891 1710 4953 τῷ
1759 4885 2088 4956 ἡμαρτηκότι
2133 4881 2322 4940 κατέϐη
2357 4899 2368 4912 ⁸
2400 4886 2491 4934 καὶ
2519 4882 2548 4938 ἡ
2577 4888 2669 4934 τοῦ
2701 4881 2895 4939 πάθους
2916 4877 3068 4931 πάλιν
3100 4872 3355 4932 ἀναστολὴ
3383 4867 3477 4925 διὰ
3508 4875 3602 4929 τήν

232 4965 400 5019 αὐτοῦ
441 4969 714 5038 μετάνοιαν
744 4969 1112 5042 κατεπράχθη.

807 5108 1117 5155 ΕΡΩΤΗΣΙΣ
1153 5102 1268 5159 ΤΒ’.

302 5193 453 5242 Διατί
484 5190 510 5240 ό
552 5190 820 5264 θεσπέσιος
860 5187 1027 5243 Δαϐὶδ
1055 5200 1453 5264 παραχωρεῖται
1484 5201 1656 5246 πεσεῖν
1699 5195 1763 5255 εἰς

573 5259 832 5333 ἁμαρτίαν
864 5267 952 5314 xui
982 5267 1096 5316 τότε
1124 5259 1440 5321 τηλικαύτην
1466 5283 1482 5335 ;

2162 5105 2489 5172 ΟΗΛΕΞΤΙΟ
2531 5101 2703 5158 CCCll
2767 5099 2971 5172 [σοίει.
3013 5099 3192 5156 Taur.
3223 5098 3353 5171 CX].

2022 5197 2140 5252 Cur
2161 5193 2483 5266 permiserit
2511 5193 2664 5248 Deus
2686 5190 3035 5266 prophetam
3088 5189 3371 5244 Davidem
3431 5191 3598 5244 tanta

2567 5261 2941 5318 succumbere
2964 5259 2994 5315 εἰ

1070 5367 1223 5418 Edita
1255 5383 1286 5417 a
1310 5369 1448 5420 Maio
1477 5377 1530 5433 (ι.
1561 5384 1605 5418 c.
1643 5386 1694 5434 p.
1722 5373 1827 5427 154,
1853 5386 1905 5436 q.
1929 5373 2058 5434 316).
2085 5398 2148 5408 -
2176 5371 2220 5419 II
2249 5371 2376 5433 Reg.
2409 5383 2478 5426 χι,
2515 5370 2538 5418 1
2569 5382 2681 5432 seq.

293 5484 456 5556 Τάχα
485 5485 575 5555 μὲν
605 5487 692 5534 καὶ
726 5479 822 5535 διὰ
851 5503 996 5544 τινας
1035 5483 1209 5559 ἑτέρας
1239 5482 1569 5560 ἀπορρήτους
1607 5486 1774 5547 αἰτίας
1816 5504 1827 5516 °

225 5572 362 5632 πλὴν
409 5574 479 5633 ὡς
530 5570 590 5624 ἂν
640 5574 731 5624 xui
788 5581 861 5644 τῷ
923 5571 1024 5646 βίῳ
1076 5579 1346 5646 μετανοίας
1410 5577 1832 5648 προστεθειμένον

229 5666 306 5722 εἴη
349 5657 692 5738 παράδειγμα
723 5679 736 5694 ’
793 5661 836 5714 εἰ
890 5664 988 5738 γὰρ
1039 5662 1186 5728 οὗτος
1238 5662 1488 5742 βασιλεύς
1533 5684 1587 5719 τε
1637 5665 1704 5716 ὢν
1744 5669 1832 5720 xui

2017 5486 2382 5553 Quibusdam
2413 5485 2660 5568 occultis
2686 5484 2831 5541 forte
2861 5484 2935 5540 de
2957 5483 3173 5548 causis,
3207 5486 3265 5537 at
3291 5479 3501 5536 saltem
3534 5480 3598 5568 ut

1943 5575 2115 5633 nobis
2139 5575 2325 5632 David
2344 5566 2705 5648 poenitentiae
2729 5577 3156 5647 praponeretur
3177 5568 3483 5640 exemplar
3507 5583 3520 5632 ;
3549 5566 3595 5620 si

1941 5665 2099 5722 enim
2120 5663 2544 5736 hujuscemodi
2573 5679 2673 5723 rex
2726 5680 2907 5739 quem
2963 5661 3294 5720 secundum
3353 5671 3455 5714 cor
3495 5653 3594 5710 Dei
