4060 6218
492 301 627 358 1143

492 516 962 589 pmnitentiaque
994 519 1049 570 et
1068 514 1352 586 lacrymis
1394 518 1648 571 conatus
1689 518 1778 570 est
1814 513 2009 569 delere
2041 512 2143 568 ini-

493 605 782 677 quitatem
825 620 1019 667 suam,
1051 618 1252 658 nonne
1292 608 1525 674 oportet
1563 619 1671 658 nos
1691 603 1929 675 quinon
1961 600 2142 656 semel

490 698 720 750 tantum
751 692 1102 759 cecidimus,
1122 693 1227 747 sed
1242 692 1525 748 continuo
1560 692 1843 758 labimur,
1870 691 2059 746 facere
2082 694 2144 745 ut

492 782 659 855 largo
670 782 814 838 ﬂetu
828 787 882 837 et
903 781 1155 837 contrito
1180 782 1353 837 corde
1378 787 1621 853 peccata
1639 787 1842 837 nostra
1867 780 2143 836 emende-

494 872 677 927 mus?
706 875 1137 939 Argumentum
1169 886 1410 941 quoque
1440 871 1555 925 hoc
1608 874 1694 925 est
1745 886 1819 925 ne
1870 868 2143 942 quidam,

492 962 702 1017 virtute
733 960 1017 1030 insignes,
1044 975 1181 1014 cum
1202 960 1262 1014 in
1293 975 1395 1014 eos
1417 975 1643 1014 errores
1670 958 2012 1023 deciderint,
2042 958 2146 1028 qui

492 1049 923 1118 sunthominis,
953 1048 1323 1121 semetipsos,
1352 1050 1517 1104 omni
1549 1048 1821 1119 deposita
1858 1064 1983 1119 spe,
2012 1063 2148 1119 pes-

494 1139 775 1193 sumdent
803 1157 817 1206 ς
852 1138 959 1193 sed
983 1137 1181 1209 potius
1214 1138 1523 1194 attendant
1541 1138 1779 1194 beatum
1794 1138 1954 1193 hunc
1983 1136 2147 1192 Davi-

494 1227 653 1297 dem,
682 1233 912 1299 quanto
945 1226 1161 1281 scelere
1190 1227 1519 1293 astrictum,
1543 1242 1728 1299 quam
1753 1226 1867 1281 cito
1900 1225 2147 1281 salutem

494 1317 801 1383 invenerit,
833 1321 895 1373 ut
924 1322 977 1371 et
999 1316 1105 1388 ipsi
1131 1316 1343 1371 eodem
1361 1316 1559 1372 studio
1582 1317 1926 1379 excitentur,
1955 1332 2148 1370 assur-

496 1410 660 1477 gant,
680 1405 1133 1478 emendatisque
1162 1406 1431 1461 moribus
1458 1406 1632 1461 unice
1662 1406 1909 1460 demum
1938 1420 2149 1460 consu-

496 1494 709 1560 lentes,
739 1495 1000 1567 priorem
1034 1495 1427 1563 integritatem
1469 1510 1652 1565 usque
1680 1495 1892 1549 colant.
1930 1494 2150 1549 Forsan

495 1599 735 1657 quoque
761 1587 923 1639 tanto
940 1588 1177 1654 peccato
1199 1582 1552 1654 permittitur
1569 1581 1949 1637 succumbere
1969 1580 2151 1637 David

497 1688 573 1729 ne
629 1672 819 1727 Judaei
866 1672 1177 1727 audientes
1239 1686 1461 1741 magna
1517 1688 1651 1743 qua:
1709 1670 1783 1725 de
1837 1670 1934 1725 illo
1963 1686 2149 1726 sacrae

1726 298 1962 354 PHOTII
2006 295 2487 356 PATRIARCHE
2527 302 2632 358 ΟΡ.

487 426 827 498 regnavisse
858 423 1223 496 accepimus,
1260 428 1380 482 tam
1412 425 1527 481 cito
1558 441 1589 481 e
1614 425 1789 497 lapsu
1821 440 1882 479 se
1921 422 2138 487 attulit,
2173 422 2217 477 A
2251 427 2386 476 κατὰ
2456 432 2550 485 τὴν

3723 310 3841 365 1144

2643 425 2866 503 καρδίαν
2936 429 3339 482 πεπολιτεῦσθαι
3405 439 3839 505 μεμαρτυρημένος

2252 518 2399 579 Θεοῦ,
2435 520 2603 567 πεσὼν
2647 517 2788 577 οὗτος
2849 520 3033 570 θᾶττον
3089 517 3274 575 ἀνέστη
3331 525 3420 571 xui
3463 516 3555 571 διά
3586 527 3841 591 μετανοίας

2254 609 2342 655 xui
2392 601 2632 677 δακρύων
2665 603 2993 659 ἐσπούδασεν
3022 606 3310 679 ἐκκαθᾶραι
3349 612 3405 659 τό
3443 608 3727 680 ῶίσθημα,
3754 620 3839 670 πῶς

2256 692 2313 743 οὗ
2344 698 2452 766 χρὴ
2486 699 2574 746 καὶ
2606 696 2741 767 ἡμᾶς
2787 696 2892 766 οὐχ
2946 696 3087 759 ἅπαξ
3136 702 3409 761 πεσόντας,
3443 696 3570 748 ἀλλά
3602 694 3697 749 διὰ
3732 719 3840 749 παν-

2256 784 2338 841 τός
2404 787 2701 850 πίπτοντας,
2752 786 2959 857 θερμοῖς
3001 794 3105 845 τοῖς
3149 783 3383 858 δάκρυσι
3421 791 3508 837 καὶ
3559 805 3841 861 συντετριμ-

2256 875 2378 943 μένη
2433 869 2630 943 καρδίᾳ
2682 872 2977 945 ἀπαλείφειν
3026 877 3307 946 πειρᾶσθαι
3352 877 3416 925 τὰ
3457 875 3839 947 ἁμαρτήματα;

2257 962 2331 1011 ἔτι
2373 956 2448 1030 δὲ,
2486 962 2566 1012 ἱνα
2595 966 2665 1033 μὴ
2702 958 2900 1019 δήποτέ
2931 982 3059 1024 τινες
3090 972 3186 1013 τῶν
3228 962 3277 1014 έν
3327 966 3706 1035 κατορθώμασι
3736 960 3842 1015 δια-

2256 1048 2576 1119 λαμπόντων,
2608 1051 2692 1102 οἵα
2742 1047 2809 1109 δὴ
2860 1054 2925 1103 τὰ
2978 1051 3275 1124 ἀνθρώπινα
3322 1052 3393 1113 εἰς
3435 1055 3766 1124 παράπτωμά
3800 1072 3842 1104 τι

2258 1138 2698 1201 κατωλισθηκότες
2756 1139 3047 1211 ἀπογνώσει
3102 1142 3317 1204 εαυτοῦς
3386 1147 3475 1193 καὶ
3545 1142 3844 1215 ἀπελπιστία

2259 1224 2605 1300 παραδῶσιν·
2641 1228 2745 1280 ἀλλ’
2798 1233 2999 1301 ἔχοντες
3053 1234 3137 1282 τόν
3194 1234 3452 1303 μακάριον
3506 1232 3695 1283 ἐκεῖνον
3759 1242 3841 1285 Δα-

2260 1312 2351 1368 ϐὶδ
2402 1316 2719 1375 τηλικαύτην
2777 1322 2866 1390 μεν
2922 1324 3247 1391 παρανομίαν
3314 1320 3673 1395 εἰργασμένον,
3727 1322 3841 1372 οὕτω

2263 1402 2321 1457 δι
2377 1414 2594 1477 ταχεῖαν
2652 1412 2745 1465 τὴν
2810 1410 3083 1481 θεραπείαν
3163 1412 3458 1483 εὑρημένον,
3537 1416 3631 1463 καὶ
3714 1411 3840 1461 αὐτοὶ

2262 1498 2391 1568 πρὸς
2420 1499 2505 1547 τὸν
2536 1498 2711 1567 ὅμοιον
2764 1494 3092 1549 διαναστῶσι
3125 1498 3301 1563 ζῆλον,
3333 1503 3422 1551 xui
3452 1507 3547 1551 τοῦ
3592 1506 3842 1570 πτώματος

2264 1582 2648 1656 ἀνασφαλέντες,
2708 1591 2794 1637 xui
2886 1595 2983 1649 τῆς
3053 1592 3328 1658 μετανοίας
3405 1588 3512 1639 ὅλοι
3580 1594 3839 1659 γεγονότες,

2262 1681 2360 1724 τῶν
2430 1679 2686 1747 προτέρων
2750 1675 2977 1746 ἔχωνται
3050 1679 3465 1750 κατορθωμάτων
3524 1697 3537 1707 ·
3607 1681 3734 1737 ἴσως
3795 1675 3842 1729 δε

501 1762 814 1833 Scripturae
840 1765 1148 1829 testantur,
1181 1776 1248 1815 ex
1280 1776 1451 1831 aequo
1481 1760 1646 1815 illum
1676 1776 1813 1815 cum
1845 1762 1964 1816 Deo
2000 1760 2148 1817 cole-

2260 1767 2348 1813 xui
2377 1772 2644 1837 συγχωρεῖ
2698 1765 2722 1815 6
2778 1768 2901 1824 Θεὸς
2953 1765 3024 1827 εἰς
3068 1766 3325 1840 ἁμαρτίαν
3355 1774 3530 1818 πεσεῖν
3560 1770 3648 1818 τόν
3679 1762 3838 1831 Δαδῖδ,

497 1853 627 1905 rent
659 1869 671 1918 ;
706 1850 921 1905 etenim
954 1850 1158 1905 eadem
1178 1849 1252 1904 de
1287 1866 1470 1905 causa
1504 1848 1713 1921 Moysis
1765 1864 1982 1921 corpus
2014 1849 2150 1905 sub-

498 1944 735 2010 reptum
751 1944 863 2005 est;
892 1939 1284 2010 ignotumque
1316 1954 1504 2010 usque
1527 1939 1601 1994 ad
1626 1954 1887 2009 praesens
1910 1943 2147 2010 tempus

498 2042 533 2083 a
564 2027 695 2082 filiis
727 2028 908 2084 Israel
938 2031 1208 2095 vocatur,
1261 2028 1560 2099 Divusque
1606 2027 1818 2082 Paulus
1886 2028 2044 2084 idem
2074 2028 2148 2085 de

499 2118 812 2188 semeptiso
863 2116 1125 2172 declarat
1179 2116 1385 2172 dicens
1415 2132 1428 2172 :
1464 2137 1491 2169 «
1520 2117 1599 2172 Ne
1641 2116 1968 2190 quisquam
2016 2134 2149 2175 sese

500 2205 987 2263 scandalizaverit
1017 2221 1196 2277 super
1256 2222 1353 2261 me
1393 2210 1633 2278 propter
1679 2207 1842 2279 quod
1893 2207 2054 2263 videt
2094 2213 2151 2265 et

500 2294 663 2351 audit
696 2311 710 2361 ;
745 2317 771 2344 »
804 2300 858 2352 et
884 2295 1081 2367 reipsa
1112 2294 1684 2367 gentiliumquidam
1710 2311 1828 2351 una
1863 2296 2151 2354 vidissent

498 2383 917 2457 prodigiaquae
947 2385 1074 2456 ipse
1104 2384 1478 2440 etBarnabas
1496 2385 1920 2457 perpetrabant
1952 2391 2013 2443 ut
2034 2387 2149 2444 diis

498 2488 670 2529 sacra
708 2472 899 2529 facere
928 2478 1417 2545 properaverunt.

713 2774 1043 2841 ΟωΕΞΤΙΟ
1074 2776 1271 2832 CCClll
1303 2775 1503 2848 [CoisL
1542 2778 1720 2834 Taur.
1746 2777 1946 2849 CXVI].

624 2875 811 2941 Quare
837 2876 991 2932 Deus
1014 2876 1459 2946 primogenitum
1486 2876 1676 2933 Israel
1707 2877 1936 2933 vocavit
1980 2876 2008 2931 ?

2262 1852 2345 1902 ἱνα
2385 1857 2456 1924 μὴ
2512 1856 2599 1913 τὰς
2637 1862 2725 1913 τῆς
2776 1856 2915 1927 ἱερᾶς
2948 1860 3150 1928 Γραφῆς
3198 1860 3315 1928 περὶ
3369 1855 3531 1906 αὐτοῦ
3576 1862 3841 1927 μαρτυρίας

2258 1944 2316 1991 τό
2346 1938 2616 1993 Ἰουδαίων
2647 1944 2787 2003 ἔθνος
2836 1940 3099 2003 ἀκούοντες
3148 1944 3220 2005 εἰς
3266 1948 3386 1996 Θεὸν
3436 1944 3596 1996 αὐτόν
3643 1943 3841 2001 ἀναστέ-

2261 2048 2398 2081 σωσι
2432 2047 2443 2059 ·
2477 2037 2567 2082 καὶ
2600 2034 2700 2104 γὰρ
2728 2034 2909 2083 καὶτὸ
2939 2037 3201 2093 Μωυσέως
3244 2041 3395 2103 σῶμα
3439 2029 3534 2084 διὰ
3574 2038 3669 2090 τὴν
3699 2033 3839 2089 σώτῄ

2261 2119 2427 2171 αἰτίαν
2472 2122 2761 2191 μετατεθὲν,
2794 2121 3061 2191 ἄγνωστον
3110 2125 3273 2193 μέχρι
3320 2127 3409 2173 xui
3460 2128 3687 2194 τήμερον
3724 2141 3838 2193 χρη-

2260 2209 2469 2281 ματίζει
2525 2216 2635 2270 τοῖς
2683 2209 2739 2271 ἐξ
2790 2208 3039 2283 Ἰσραήλ·
3069 2215 3157 2261 xui
3206 2212 3231 2261 6
3273 2212 3543 2270 θεσπέσιος
3572 2206 3632 2262 δὲ
3665 2210 3840 2269 Παῦλος

2259 2303 2489 2350 τοιοῦτόν
2527 2318 2579 2351 τι
2608 2303 2725 2370 περὶ
2758 2301 2917 2350 αὐτοῦ
2938 2294 3199 2357 ὑποδηλοί
3215 2298 3377 2351 λαλῶν
3411 2319 3422 2331 ·
3470 2318 3497 2350 ‹‹
3520 2298 3636 2352 Ἰνα
3672 2303 3737 2371 μά
3776 2318 3841 2358 τις

2260 2387 2639 2457 ῦπολογίσηταί
2679 2407 2757 2448 τις
2787 2393 2904 2459 περὶ
2931 2386 3055 2459 ἐμοῦ
3087 2388 3213 2461 ὑπερ
3242 2390 3267 2439 ό
3299 2386 3475 2459 βλέπει
3505 2394 3601 2439 xui
3629 2388 3790 2439 ακοῦει
3822 2404 3832 2415 ο

2261 2475 2387 2527 ἀλλὰ
2416 2479 2505 2527 καί
2534 2494 2666 2537 τινες
2695 2484 2795 2527 τῶν
2842 2475 3241 2536 Ἐλληνιζόντων
3295 2478 3403 2529 ἐπεὶ
3460 2480 3840 2550 τερατουργοῦν-

2258 2585 2347 2625 τας
2376 2561 2514 2617 εἶδον
2551 2564 2705 2616 αὐτόν
2748 2583 2802 2616 τε
2845 2570 2934 2617 xui
2968 2564 3255 2639 Βαρνάϐαν,
3287 2568 3354 2627 ὡς
3386 2567 3521 2628 θεοῖς
3550 2569 3834 2639 προσφέρειν

2261 2655 2443 2714 θυσίας
2482 2655 2627 2729 ὦρμη
2639 2672 2753 2707 σαν.

2829 2784 3141 2832 ΕΡΩΤΗΣΙΣ
3171 2778 3290 2833 TI".

2380 2882 2527 2931 Aturi
2556 2881 2883 2949 πρωτότοκον
2910 2878 2935 2928 6
2967 2880 3094 2939 Θεὸς
3126 2880 3212 2928 τόν
3243 2878 3459 2950 Ἰσραὴλ
3490 2878 3701 2929 ἔκάλεσε
3734 2894 3747 2943 ;

1616 2982 1771 3032 Edita
1791 2996 1824 3032 a
1844 2983 1978 3033 Maio
2005 2983 2059 3046 (1.
2091 2998 2136 3034 c.
2163 2998 2214 3049 q.
2250 2986 2357 3041 100.
2390 2986 2497 3039 101.
2522 2999 2573 3048 q.
2622 2984 2749 3045 132).

572 3098 910 3154 Deuslsrael
940 3099 1405 3171 primogenitum
1432 3105 1624 3165 vocat,
1644 3116 1780 3154 cum
1807 3100 2049 3171 Moysen
2073 3101 2151 3156 ad
2186 3103 2225 3159 C

496 3188 861 3243 Pharaonem
877 3189 1137 3253 misit,ad
1156 3188 1593 3245 ostendendum
1609 3193 1875 3259 quantum
1891 3205 2150 3246 amorem

494 3281 843 3348 etquantain
860 3277 1207 3333 charitatem
1228 3294 1369 3347 erga
1383 3277 1548 3332 illum
1563 3277 1839 3334 habebat.
1851 3279 1941 3335 Sic
1954 3279 2151 3350 aliquo

494 3366 678 3421 modo
706 3365 782 3420 ad
808 3367 1043 3437 Moysen
1073 3366 1425 3437 loquebatur
1457 3383 1469 3421 :
1506 3367 1766 3439 Loquere
1816 3367 2140 3425 Pharaoni.

494 3455 794 3519 Quantum
809 3459 871 3509 tu
886 3470 1144 3510 amorem
1159 3470 1299 3524 erga
1317 3454 1499 3509 ﬁlium
1519 3460 1674 3510 tuum
1692 3456 2149 3529 primogenitum

493 3542 684 3597 habes
698 3548 749 3597 et
767 3548 1223 3609 servas,tantum
1240 3550 1377 3615 puta
1390 3550 1446 3601 et
1458 3545 1635 3599 Deum
1652 3545 1874 3601 habere
1890 3562 2033 3618 erga
2047 3562 2150 3617 po-

495 3630 697 3703 pulum
712 3631 905 3686 Israel.
918 3636 1117 3703 Itaque
1135 3648 1254 3688 non
1271 3634 1681 3706 acquiescente
1696 3634 1796 3689 illo
1810 3636 2148 3691 liberationi

496 3724 551 3775 et
580 3718 790 3774 reditui
814 3719 1012 3785 Israel,
1044 3725 1250 3777 contra
1270 3722 1705 3793 primogenitos
1739 3722 2067 3779 Pharaonis
2094 3729 2150 3780 et

495 3809 906 3881 Egyptiorum
935 3809 1113 3882 plaga
1142 3811 1329 3867 irruit.
1367 3834 1391 3863 υ
1440 3815 1593 3867 Deus
1621 3818 1823 3868 autem
1872 3829 2011 3867 cum
2072 3814 2149 3870 sit

496 3898 766 3954 omnium
824 3899 1087 3967 gentium
1166 3900 1353 3957 factor
1392 3907 1445 3956 et
1528 3906 1751 3967 auctor,
1805 3902 1887 3958 ita
1943 3907 2031 3958 est
2092 3908 2148 3958 et

495 3987 769 4043 omnium
796 3988 1185 4060 providentia.
1219 3989 1619 4062 Sequentibus
1640 3996 1840 4046 autem
1872 3991 2147 4063 tempori-

494 4075 631 4142 bus,
660 4092 860 4132 omnes
877 4082 1078 4148 gentes
1093 4080 1171 4134 ad
1187 4079 1455 4135 eamdem
1475 4079 1877 4150 cognitionem
1898 4096 2147 4136 conver—

496 4181 671 4221 surus
710 4172 834 4221 erat
884 4172 940 4223 et
995 4175 1448 4237 convocaturus,
1495 4176 1550 4225 et
1600 4169 1755 4224 ﬁlios
1789 4177 1845 4224 et
1875 4169 2145 4225 hmredes

497 4254 700 4325 gratiae
727 4255 1087 4312 redditurus.
1119 4258 1403 4313 Anteillas
1437 4264 1638 4314 autem
1654 4265 1889 4330 gentem
1922 4258 2145 4315 Israeli-

495 4342 677 4399 ticam
705 4344 894 4417 elegit,
924 4353 984 4401 ut
1007 4363 1111 4418 per
1140 4346 1299 4403 illam
1321 4364 1532 4403 omnes
1564 4347 1711 4404 alias
1745 4348 2105 4403 conduceret
2129 4368 2143 4404 :

2334 3106 2663 3176 Πρωτότοκον
2723 3096 2781 3152 δε
2829 3101 2853 3150 ό
2915 3104 3044 3161 Θεὸς
3100 3104 3188 3151 τὸν
3233 3100 3449 3171 Ἰσραὴλ
3496 3100 3666 3165 καλεῖ,
3706 3102 3836 3157 ἐνίκα

2259 3193 2343 3241 τόν
2399 3197 2597 3248 Μωῦσῆ
2667 3187 2944 3241 ἀπέστελλε
2998 3193 3127 3260 πρός
3178 3193 3262 3239 τὸν
3322 3194 3527 3261 Φαραὼ,
3598 3186 3835 3241 ένδεικνῦ-

2258 3298 2404 3351 μενος
2466 3283 2560 3336 τὴν
2629 3277 2837 3348 ἀγάπην
2906 3284 2995 3329 xui
3056 3284 3283 3350 στοργήν
3350 3280 3479 3334 ὅσην
3560 3276 3674 3349 εἶχε
3740 3281 3837 3344 περὶ

2260 3369 2412 3419 αὐτόν
2445 3384 2456 3394 ·
2513 3371 2698 3419 ὡσανεὶ
2752 3366 2889 3437 ἔλεγε
2942 3375 3012 3433 τῷ
3067 3374 3284 3419 Μωῦσεῖ
3326 3384 3337 3395 ·
3403 3391 3419 3415 ι
3485 3368 3726 3424 Λάλησον
3777 3374 3834 3433 τῷ

2258 3462 2465 3532 Φαραὼ,
2517 3458 2593 3508 ότι
2635 3456 2844 3513 Ἠλίκην
2902 3459 2965 3507 σὺ
3022 3461 3248 3527 στοργήν
3294 3461 3410 3528 περὶ
3460 3461 3545 3507 τόν
3603 3462 3688 3508 σόν
3743 3458 3835 3506 υἱόν

2258 3550 2342 3598 τόν
2381 3550 2705 3619 πρωτότοκον
2751 3548 2893 3616 ἔχεις
2935 3549 3025 3596 xui
3081 3541 3369 3617 διατηρεῖς,
3426 3550 3519 3603 τὴν
3579 3545 3734 3601 αὐτὴν
3770 3546 3833 3595 έν-

2255 3642 2358 3689 νόει
2406 3641 2493 3687 καὶ
2547 3640 2671 3706 πρός
2721 3638 2777 3685 τό
2821 3638 2966 3705 γένος
3011 3642 3099 3685 τοῦ
3149 3634 3364 3705 Ἰσραὴλ
3394 3637 3535 3705 ἔχειν
3567 3639 3653 3686 τόν
3683 3642 3829 3687 em-

2258 3723 2343 3778 διό
2400 3731 2487 3777 καὶ
2541 3724 2870 3784 ἀπειθοῦντος
2921 3728 3051 3795 πρὸς
3090 3728 3180 3781 τὴν
3223 3724 3509 3795 ἐλευθερίαν
3556 3731 3646 3777 xui
3678 3720 3836 3776 ἄνοδον

2256 3824 2345 3868 τοῦ
2397 3814 2625 3888 Ἰσραὴλ,
2691 3817 2823 3865 κατά
2880 3822 2977 3864 τῶν
3024 3820 3359 3888 πρωτοτόκων
3407 3823 3495 3865 τοῦ
3545 3820 3729 3887 Φαραὼ
3764 3818 3837 3862 xui

2255 3914 2353 3956 τῶν
2397 3904 2693 3974 Αἰγυπτίων
2753 3903 2957 3974 ἀφίεται
2995 3904 3024 3959 ἡ
3060 3902 3231 3971 πληγὴ
3265 3924 3277 3935 -
3330 3924 3353 3952 ν
3415 3906 3489 3954 ἔτι
3540 3900 3603 3955 δε
3660 3905 3684 3954 6
3726 3905 3835 3959 Θεὸς

2254 3990 2434 4051 ἐπειδὴ
2488 3992 2724 4044 ἁπάντων
2774 3992 2911 4043 ἐστὶν
2956 3990 3110 4043 ἔθνών
3173 3990 3407 4051 πλάστης
3463 3997 3552 4043 xui
3607 3989 3836 4063 δημιουρ-

2252 4087 2357 4153 γός,
2406 4083 2539 4133 οῦτω
2592 4086 2681 4132 xui
2733 4084 2934 4132 πάντων
2984 4085 3270 4153 προνοητής
3303 4098 3315 4109 ·
3349 4086 3561 4155 χρόνοις
3614 4078 3662 4133 δ’
3706 4083 3836 4131 ὑστέ-

2254 4191 2359 4243 ροις
2424 4174 2489 4222 τὰ
2562 4173 2677 4227 ἔθνη
2740 4172 2909 4221 πάντα
2971 4173 3098 4243 πρὸς
3172 4174 3265 4227 τὴν
3338 4174 3531 4222 οἰκείαν
3582 4170 3833 4241 ἐπίγνωσιν

2258 4260 2451 4332 ἔμελλεν
2522 4259 2842 4331 ἐπιστρέφειν
2910 4264 2999 4310 καὶ
3065 4259 3233 4311 καλεῖν
3313 4264 3403 4311 καὶ
3478 4262 3623 4320 υἱοὺς
3697 4260 3835 4310 αὑτοῦ

3647 4352 3741 4421 πρό
3788 4343 3836 4398 δε

2257 4354 2343 4401 καὶ
2400 4353 2751 4424 κληρονόμους
2804 4357 2898 4411 τῆς
2940 4351 3163 4421 χάριτος
3215 4347 3514 4419 ἀποφαίνειν
3574 4365 3586 4377 ·

495 4434 660 4505 quod
688 4434 1578 4509 etdemonstrantapostoli,qui
1599 4436 1848 4509 quidem
1862 4453 1933 4493 ex
1966 4436 2147 4493 Israel

2258 4442 2449 4491 τούτων
2502 4442 2560 4490 τό
2610 4440 2746 4497 ἔθνος
2803 4436 3057 4499 ἐξελέξατο
3117 4444 3207 4489 τοῦ
3272 4436 3489 4507 Ἰσραὴλ
3547 4440 3619 4499 ὡς
3669 4437 3725 4487 ἂν
3774 4432 3833 4487 δι’

497 4523 609 4579 orti
640 4528 775 4578 sunt
804 4524 1077 4580 omnium
1108 4531 1306 4581 autem
1348 4526 1617 4594 magistri
1666 4532 1722 4582 et
1749 4528 2144 4582 conductores

495 4611 632 4667 facti
666 4620 822 4677 sunt,
862 4619 1173 4685 propterea
1228 4614 1501 4669 lsraelitis
1557 4631 1667 4670 vox
1714 4615 2145 4685 primogenitus

495 4701 719 4757 donata
748 4707 855 4757 est.
886 4702 1011 4757 Non
1062 4703 1279 4774 recepit
1326 4710 1522 4759 autem
1572 4703 1651 4759 illi
1715 4704 2145 4776 primogenitus

494 4790 726 4863 pietatis
756 4790 1198 4863 perfectionem,
1257 4792 1457 4864 itaque
1515 4792 1702 4847 durus
1758 4799 1813 4848 et
1868 4794 2143 4850 indocilis

494 4881 686 4936 factus
716 4886 804 4937 est
833 4897 948 4937 non
974 4882 1169 4938 solum
1199 4882 1257 4937 in
1280 4882 1669 4954 Egypto,sed
1700 4887 1903 4955 etpost
1923 4883 2144 4941 exitum

494 4969 555 5025 in
578 4968 833 5026 deserto.
858 4970 1101 5043 Propter
1121 4971 1285 5044 quod
1311 4971 1759 5043 perfectioribus
1791 4988 1908 5027 non
1940 4972 2143 5043 digna-

496 5063 587 5113 tus
628 5062 719 5113 est
735 5061 1031 5131 mysteriis
1051 5067 1107 5116 et
1132 5076 1237 5133 per
1262 5060 1453 5129 legem
1470 5060 1715 5117 secundi
1742 5061 1963 5117 ordinis
1992 5078 2146 5117 sem-

494 5161 603 5219 per
628 5146 1136 5206 instituitur.Cum
1168 5150 1325 5205 enim
1374 5149 1564 5221 legem
1622 5150 1808 5219 digito
1855 5149 1957 5205 Dei
1999 5150 2146 5205 scri-

494 5238 681 5308 ptam,
718 5237 1053 5311 tabulisque
1082 5238 1361 5295 humanis
1390 5238 1672 5295 manibus
1702 5254 1822 5294 non
1866 5239 2145 5296 confectis

495 5324 877 5397 insculptam,
898 5326 1089 5398 legem
1109 5328 1277 5384 nobis
1301 5328 1577 5384 aChristo
1595 5327 1863 5384 dandam
1888 5328 2143 5399 ﬁguran-

493 5418 636 5481 tem,
665 5416 923 5488 populus
948 5418 1244 5485 Hebraeus,
1282 5423 1521 5487 propter
1546 5417 1712 5473 vituli
1765 5416 1929 5473 aurei
1959 5423 2145 5474 trans-

493 5504 859 5575 gressionem
937 5512 989 5562 et
1038 5505 1420 5577 impietatem,
1468 5520 1588 5560 non
1646 5506 1926 5576 dignatus
1978 5505 2149 5564 fuerit

496 5592 781 5665 accipere,
806 5594 1034 5665 accepit
1054 5593 1381 5649 secundam
1405 5610 1589 5666 quam
1616 5597 1846 5666 Moyses
1867 5595 2088 5651 tabulis
2112 5612 2147 5653 a

499 5698 560 5738 se
592 5683 790 5755 politis
816 5682 1131 5755 inscripsit.
1162 5683 1218 5737 Si
1246 5683 1403 5737 enim
1457 5684 1615 5752 ipsas
1657 5700 1692 5738 a
1726 5687 1843 5739 Deo
1895 5684 2147 5761 scriptas

2260 4528 2413 4579 αὐτοῦ
2469 4530 2735 4599 συναγάγῃ
2792 4531 2880 4577 xui
2930 4525 3049 4587 τούς
3098 4525 3303 4586 ὤιλους.
3356 4532 3454 4578 Και
3509 4522 3754 4583 δηλοῦσιν
3796 4526 3836 4574 οἱ

2258 4616 2536 4670 ἀπόστολοι
2607 4624 2757 4667 τοῦτο
2837 4614 2889 4677 ἐξ
2956 4614 3170 4687 Ἰσραὴλ
3244 4618 3334 4686 μεν
3404 4618 3603 4687 φύντες,
3656 4616 3835 4665 πάντων

2260 4703 2317 4759 δὲ
2356 4716 2452 4758 τῶν
2510 4705 2664 4757 ἐθνῶν
2716 4701 3035 4756 διδάσκαλοι
3080 4708 3170 4755 xui
3229 4712 3545 4775 συναγωγεῖς
3586 4706 3833 4773 γεγενημέ-

2254 4816 2330 4847 νοι
2362 4813 2374 4825 ⁸
2412 4792 2505 4847 διὰ
2530 4802 2682 4845 τοῦτο
2729 4800 2829 4853 τοῖς
2884 4791 3241 4864 Ἰσραηλίταις
3286 4794 3314 4849 ἡ
3368 4800 3697 4867 πρωτότοκος
3726 4791 3835 4860 ἐχα-

2256 4886 2414 4958 ρίσθη
2466 4887 2627 4949 φωνή.
2686 4882 2762 4933 Οὐ
2818 4880 3085 4953 Λαμϐάνει
3146 4878 3205 4933 δι
3245 4883 3269 4932 6
3328 4886 3657 4954 πρωτότοκος
3709 4880 3837 4937 οὗτος

2257 4976 2321 5025 τὰ
2378 4982 2471 5033 τῆς
2545 4970 2806 5032 εὐσεϐείας
2855 4971 3125 5043 τελεώτερα
3188 4988 3199 4999 ·
3255 4966 3393 5022 διότι
3470 4970 3691 5044 σκληρός
3764 4972 3837 5017 xui

2256 5061 2467 5121 ἀπειθὴς
2514 5066 2738 5131 γέγονεν,
2769 5059 2826 5111 οῦ
2877 5064 3012 5111 κατά
3060 5064 3151 5117 τὴν
3202 5063 3464 5129 Αἴγυπτον
3515 5064 3688 5130 μόνον,
3730 5056 3837 5107 ἀλλὰ

2255 5152 2385 5221 μετά
2428 5154 2521 5207 τὴν
2565 5148 2617 5211 ἐξ
2656 5149 2925 5219 Αἰγύπτου
2974 5145 3150 5211 ἔξοδον
3182 5149 3230 5199 ἐν
3271 5156 3331 5220 τῇ
3385 5148 3579 5221 ἐρήμῳ.
3623 5152 3707 5199 Διό
3754 5155 3834 5196 τών

2255 5242 2343 5309 μεν
2410 5238 2730 5309 τελειοτέρων
2800 5238 2893 5290 οῦκ
2949 5236 3185 5299 ἀξιοῦται
3252 5242 3578 5311 μυστηρίων,
3638 5233 3725 5289 διὰ
3788 5231 3835 5285 δε

2255 5336 2345 5380 τοῦ
2391 5324 2635 5401 δευτέραν
2678 5326 2820 5389 τάξιν
2861 5329 3072 5397 ἔχοντος
3115 5331 3273 5397 νόμου
3323 5330 3449 5388 τέως
3495 5322 3836 5395 παιδαγωγεῖ-

2256 5437 2359 5470 ται.
2439 5416 2579 5468 Ἐπεὶ
2652 5421 2741 5467 xui
2816 5420 2902 5467 τόν
2980 5412 3221 5485 δακτύλῳ
3296 5419 3423 5467 Θεοῦ
3497 5418 3834 5487 γεγραμμένον

2254 5511 2406 5577 νόμον
2460 5504 2613 5566 πλαξί
2683 5524 2735 5556 τε
2807 5502 3237 5579 ἀχειροποιήτοις
3306 5501 3731 5573 ἐντετυπωμένον,
3790 5499 3835 5559 ὃς

2255 5598 2340 5647 τόν
2398 5596 2642 5667 ἡμέτερον
2707 5597 2796 5644 xui
2860 5594 2993 5644 κατά
3065 5594 3290 5665 Χριστόν
3341 5594 3629 5663 προετῦπου
3695 5596 3832 5661 νόμον

2254 5685 2347 5743 οὐκ
2400 5683 2636 5748 ἀξιοῦται
2694 5679 2948 5751 δέξασθαι
3008 5684 3063 5737 τὸ
3125 5677 3396 5736 Ἰουδαίων
3441 5682 3577 5745 ἔθνος
3626 5676 3717 5733 διά
3754 5682 3831 5735 τὴν
