4026 6206
3519 99 3542 114 Ἰ

231 281 378 336 1145
1127 277 1222 333 AD
1261 276 1817 336 AMPHILOCHIUM
1858 273 2192 346 QUAESTIO
2225 277 2460 346 CCCIII,
2493 273 2724 336 CCCIV.
3466 285 3600 342 1146

226 411 355 478 περὶ
398 409 483 458 τὸν
541 411 748 478 μόσχον
815 400 1128 456 δυσσέϐειάν
1212 423 1263 456 τε
1337 410 1424 458 καὶ
1486 409 1807 477 παρανομίαν

2007 403 2181 459 bulas
2213 409 2270 460 et
2297 405 2507 461 melius
2533 421 2717 478 quam
2731 405 2803 458 ab
2836 404 3115 460 humanis
3142 407 3424 463 manibus
3451 410 3597 481 poli-

226 495 485 567 λαμϐάνει
535 491 593 546 δὲ
645 497 732 546 τὸν
777 491 1014 566 δεύτερον
1062 498 1150 545 καὶ
1199 497 1252 546 ὃν
1302 502 1533 556 Μωυσῆς
1561 495 1742 558 πλαξὶν
1773 494 1816 545 ἇς

2009 509 2032 545 s
2063 494 2402 565 accepisset.
2437 510 2538 550 eas
2571 510 2710 550 mox
2737 499 2800 548 ut
2821 491 2964 547 deos
2991 491 3294 550 habuisset
3317 501 3372 551 et
3413 497 3599 554 Deum

228 585 396 645 αῦτός
451 583 717 646 ἐλάξευσεν
781 580 1065 655 ἐγεγράφει.
1112 582 1170 635 Εἰ
1221 586 1322 657 γὰρ
1377 583 1538 646 αύτάς
1592 587 1686 644 τὰς
1729 586 1818 635 θεός

2010 587 2150 637 νου-ει
2181 599 2242 638 se
2263 583 2338 638 ad
2363 583 2654 654 majorem
2676 583 2827 637 iram
2853 581 3181 639 excitasset.
3211 583 3324 638 Illis
3355 586 3600 658 quidem

225 693 466 747 γραφους
505 673 709 733 πλάκας
753 669 928 724 ἔλαϐον
977 676 1064 724 καί
1116 679 1346 746 κρεῖττον
1404 673 1432 731 ἦ
1488 675 1622 724 κατά
1659 675 1810 746 χειρό

2011 676 2187 743 ὀριθτ
2214 687 2399 744 quam
2445 671 2706 728 diximus
2764 686 3011 726 causam
3072 671 3419 744 perfectiora
3482 693 3601 732 non

229 765 387 834 ἔργον
451 759 890 831 ἐκλελαξευμένας,
957 761 1103 832 τάχα
1180 762 1241 812 οἷν
1315 765 1404 813 καὶ
1483 763 1622 823 θεοὺς
1679 761 1819 814 αῦτὰι

2009 765 2086 816 int
2107 761 2318 818 tradita
2363 762 2668 834 mysteria.
2711 761 3058 817 Novissimis
3119 771 3318 818 autem
3364 763 3599 831 diebus,

227 853 460 922 ἡγοῦντο
511 856 600 902 καὶ
639 851 723 902 ἐπὶ
762 849 938 920 μεῖζον
975 854 1069 907 τήν
1118 852 1256 902 θείαν
1294 850 1408 902 κατ’
1453 850 1617 903 αὐτῶν
1674 850 1817 925 ὀργήπ

2011 865 2128 906 imo
2146 850 2366 907 factum
2401 852 2498 908 Dei
2525 851 2811 914 Verbum,
2837 850 3114 920 gentibus
3137 852 3193 906 in
3224 852 3601 924 adoptionem

229 937 471 1010 ἀνῆψαν·
521 938 626 990 ἀλλ’
686 937 890 998 ἐκείνοις
935 941 1024 1006 μὲν
1083 935 1156 990 δι’
1206 941 1267 996 ἣν
1319 942 1505 1011 ἔφημεν
1563 940 1733 993 αἰτίαν
1772 943 1819 992 τέ

2011 939 2204 994 iorum
2235 941 2481 1005 vocatis,
2523 940 2636 995 illis
2665 956 2784 996 non
2813 939 2941 1010 jam
2999 938 3202 1009 ﬁguris
3249 946 3305 998 et
3344 943 3601 998 tenebris

225 1029 521 1102 τελειότερα
591 1027 648 1080 ού
715 1023 1076 1099 παραδίδοται
1141 1036 1239 1079 τῶν
1312 1033 1639 1102 μυστηρίων.
1725 1030 1815 1082 Ἐπ

2013 1029 2205 1100 ntiquis
2230 1028 2661 1085 obumbratum
2683 1029 2907 1084 cultum
2931 1028 3106 1099 dedit,
3138 1030 3241 1084 sed
3279 1031 3337 1085 in
3365 1032 3603 1088 veritate

230 1119 480 1190 ἐσχάτων
533 1113 592 1170 δε
641 1119 844 1190 ἡμερῶν
894 1118 1164 1189 ἄνθρωπος
1209 1122 1430 1188 γεγονὼς
1481 1119 1506 1169 ό
1560 1125 1650 1170 τοῦ
1702 1126 1820 1171 Θεοί

2029 1118 2085 1172 in
2108 1131 2287 1189 opere
2332 1118 2746 1181 virescentem,
2782 1123 2837 1172 et
2894 1131 3110 1188 purum
3145 1118 3370 1188 pietatis
3426 1120 3606 1176 deco-

231 1214 431 1280 Λόγος,
478 1211 568 1259 καὶ
622 1207 821 1277 θέμενος
873 1207 940 1257 φά
981 1208 1097 1264 ἔθνη
1154 1205 1226 1266 εἰς
1273 1208 1432 1271 υἱοὺς,
1481 1202 1706 1259 δίδωσιν
1747 1207 1821 1258 att}

2013 1222 2072 1260 m
2095 1205 2542 1278 producentem.
2574 1205 2866 1262 Omnibus
2890 1221 3032 1274 ergo
3050 1205 3330 1274 gentibus
3356 1209 3416 1262 in
3455 1208 3602 1264 ado-

230 1304 346 1358 τοῖς
400 1295 571 1348 οὐκέτι
623 1299 716 1352 τὴν
773 1293 822 1345 ἐν
875 1296 1021 1364 τύπῳ
1101 1299 1191 1346 καὶ
1249 1300 1376 1364 σκιᾲ
1452 1294 1820 1347 παλαιωθεῖσω

2012 1295 2209 1351 ionem
2235 1294 2492 1350 ﬁliorum
2524 1294 2764 1359 vocatis,
2799 1295 3010 1350 merito
3040 1294 3144 1365 qui
3194 1301 3328 1351 ante
3360 1297 3490 1352 illas
3543 1299 3602 1352 in

230 1384 498 1457 λατρείαν,
555 1381 684 1434 ἀλλά
737 1387 825 1434 καὶ
893 1381 941 1432 ἐν
1000 1381 1214 1454 ἀληθείᾳ
1260 1388 1348 1435 καὶ
1402 1385 1674 1455 πράγματι
1721 1385 1820 1435 νεά-

2013 1384 2334 1456 loptionem
2363 1388 2611 1440 vocatus
2641 1389 2748 1450 est,
2782 1383 3035 1456 populus
3089 1384 3263 1440 Israel
3309 1385 3603 1458 primoge-

233 1475 440 1534 ζουσάν
479 1491 532 1526 τε
581 1476 670 1524 καὶ
722 1470 1117 1544 ἐνακμάςουσαν
1173 1475 1232 1523 τό
1281 1481 1370 1532 τῆς
1409 1471 1672 1533 εὐσεϐείας
1711 1471 1823 1530 ἀκή‹

2013 1479 2104 1528 tus
2131 1473 2364 1529 dicitur.
2399 1472 2496 1528 Hic
2527 1477 2727 1529 autem
2755 1477 2808 1528 et
2839 1473 2950 1528 hoc
2980 1488 3216 1528 mecum
3267 1474 3601 1540 considera,

231 1582 395 1637 ρατον
472 1561 670 1622 κάλλος.
757 1563 964 1613 Πάντων
1054 1567 1180 1631 γοῦν
1257 1562 1651 1618 υἰοθετηθέντων
1738 1570 1821 1613 τωη

2007 1562 2048 1616 ei
2077 1561 2339 1617 Verbum
2368 1577 2439 1617 ex
2467 1563 2694 1618 semine
2731 1561 2919 1616 David
2984 1563 3226 1616 veniens
3261 1564 3597 1620 secundum

230 1651 416 1714 iam»,
467 1651 674 1711 εἰκότως
727 1651 753 1701 ὁ
809 1653 911 1722 πρὸ
957 1649 1123 1701 αὐτῶν
1171 1649 1237 1710 εἰς
1294 1652 1557 1703 υἱοθεσίαν
1632 1649 1820 1708 κληθείη

2013 1650 2377 1706 imanitatem
2408 1655 2674 1723 apparet.
2707 1651 2810 1705 Per
2844 1650 3012 1706 illum
3039 1655 3242 1706 autem
3279 1667 3456 1707 omne
3490 1655 3603 1724 pri-

229 1745 566 1816 πρωτότοκος
614 1738 807 1810 ἐλέγετο
861 1745 952 1791 τοῦ
1006 1738 1220 1813 Ἰσραὴλ
1262 1738 1403 1800 λαός.
1453 1736 1584 1792 ’.Ωδε
1643 1735 1703 1791 δέ
1749 1759 1838 1811 μοι
1872 1751 1915 1806 Β
1948 1738 2863 1812 ωοεθῠίιυωᾶῖεγριὶ,υ1ἱωρὶἃ
2887 1727 3618 1812 εἰίηοτθάυιᾶςθῐιθῐδᾶίὶο,’

231 1836 325 1881 καὶ
376 1831 545 1904 ἕτερον
608 1833 812 1880 σκόπει·
888 1831 948 1880 ‘0
1003 1835 1096 1879 τοῦ
1149 1835 1282 1881 Θεοῦ
1337 1833 1506 1898 Λόγος
1559 1827 1613 1880 ἐκ
1678 1833 1821 1902 σπέρ-

2015 1828 2122 1884 orti
2146 1832 2202 1884 et
2230 1828 2594 1900 corruptioni
2617 1828 2954 1898 subjectum
2993 1825 3120 1883 fuit.
3156 1829 3302 1884 Cum
3359 1845 3502 1900 ergo
3533 1846 3605 1886 ex

229 1937 395 1990 ματος
482 1922 714 1990 φαίνεται
797 1919 933 1968 κατὰ
1007 1920 1063 1968 τό
1165 1916 1481 1990 ἀνθρώπινον
1579 1917 1819 1975 ἐληλυθὼι

2008 1917 2125 1972 rael
2155 1922 2318 1972 ortus
2351 1918 2422 1973 sit
2447 1916 3213 1989 )Egyptioruminterfector
3235 1918 3598 1990 primogeni-

229 2007 478 2080 ἰσραήλο
540 2003 613 2059 δι’
662 2006 824 2058 αὐτοῦ
879 2002 938 2059 δί
976 2010 1298 2078 πρωτότοκον
1355 2006 1492 2058 ἅπαν
1546 2006 1819 2077 Αἰγύπτιαι

2015 2022 2162 2071 rum,
2199 2005 2658 2076 primogenitum
2674 2011 2731 2060 et
2761 2005 2938 2061 Israel
2972 2012 3159 2061 vocat.
3185 2009 3301 2062 Hoc
3345 2010 3605 2078 Evange-

228 2099 346 2160 κόν,
403 2099 669 2148 τουτέστιν
722 2094 902 2156 ἀσεϐές
947 2100 1036 2147 καὶ
1109 2097 1258 2147 ἄθεον
1310 2099 1558 2166 γέννημα,
1609 2104 1680 2166 τῷ
1749 2097 1818 2148 θαι

2023 2100 2079 2150 ta
2107 2093 2388 2149 describit
2411 2093 2616 2148 dicens
2653 2115 2666 2150 :
2696 2113 2726 2147 ‹
2758 2096 2834 2149 Ex
2861 2095 3104 2167 Egypto
3156 2096 3365 2150 vocavi
3416 2096 3607 2152 ﬁlium

229 2188 375 2256 νάτῳ
424 2189 510 2238 καὶ
562 2192 625 2257 τῇ
685 2187 854 2258 φθορᾷ
904 2182 1272 2242 ὑποϐέϐληται.
1313 2186 1455 2237 Ἐπεὶ
1507 2184 1596 2236 οὖν
1640 2187 1694 2236 ἐκ
1742 2192 1819 2236 rot‘

2011 2199 2148 2238 eum
2183 2186 2251 2238 ³³.
2288 2205 2314 2232 ››
2344 2185 2486 2248 Qua)
2519 2188 2658 2238 sunt
2688 2198 2829 2253 ergo
2847 2183 3087 2238 meliora
3109 2185 3422 2255 pensanda
3447 2190 3601 2241 sunt.

233 2275 457 2347 Ἰσραὴλ
530 2277 620 2346 ἔφυ
695 2276 721 2325 ό
795 2282 894 2325 τῶν
969 2273 1338 2344 Αἰγυπτιακῶν
1413 2272 1686 2346 ἀναιρέτης
1772 2277 2133 2346 πρωτοτόκων,
2229 2276 2553 2346 πρωτότοκον
2629 2277 2718 2324 καὶ
2792 2276 2877 2324 τόν
2953 2273 3167 2347 Ἰσραήλ
3240 2273 3403 2328 καλεῖ.
3510 2279 3608 2327 Καὶ⁵

232 2371 394 2416 τοῦτο
442 2365 544 2438 ἄρα
593 2364 738 2415 καὶὸ
773 2362 1159 2434 Εῦαγγελιστὴς
1195 2361 1495 2434 ἀναγράφει·
1541 2385 1566 2411 ‹‹
1615 2362 1703 2424 Ἐξ
1751 2362 2017 2432 Αἰγύπτου
2072 2360 2296 2414 ἐκάλεσα
2332 2364 2416 2413 τόν
2469 2363 2587 2413 ria»
2617 2381 2739 2434 μου.
2786 2381 2812 2413 »
2861 2361 3228 2414 Ἐπισκεπτέον
3272 2362 3360 2414 οὖν
3400 2364 3608 2436 ἄμεινον

233 2471 460 2506 τούτων.

817 2582 1126 2630 ΕΡΩΤΗΣΙΣ
1165 2575 1276 2632 m’.
2108 2575 2428 2639 QUASSTIO
2470 2576 2670 2633 CCCIV
2699 2576 2905 2648 [CoisL
2947 2577 3126 2633 Taur.
3170 2576 3424 2648 CXVIII].

415 2691 531 2748 Πῶς
553 2686 601 2737 οἱ
623 2684 831 2760 ούρανοὶ
865 2681 1170 2757 διηγοῦνται
1197 2681 1352 2747 δόξαν
1385 2693 1476 2737 τοῦ
1510 2691 1676 2752 Θεοῦ;

2171 2683 2456 2752 Quomodo
2479 2683 2616 2740 cali
2638 2689 2923 2739 enarrent
2954 2684 3205 2752 gloriam
3249 2684 3349 2739 Dei
3382 2682 3409 2738 ?

933 2808 1085 2858 Edita
1110 2821 1143 2857 a
1165 2808 1302 2859 Maio
1330 2807 1384 2870 (ι.
1419 2822 1464 2858 c.
1520 2823 1572 2871 p.
1599 2809 1677 2863 97,
1715 2807 1792 2862 98,
1821 2820 1872 2870 q.
1905 2806 2004 2867 81).
2035 2833 2096 2841 -
2126 2805 2185 2854 In
2206 2805 2342 2856 Psal.
2375 2819 2496 2855 xvui
2524 2806 2711 2867 (Graec.
2749 2807 2874 2867 nx),
2906 2807 2927 2856 1

315 2927 383 2979 Οἰ
425 2922 482 2979 δὶ
529 2924 735 3000 οὐρανοὶ
782 2929 854 2996 μὴ
896 2927 1103 2996 ἔχοντες
1146 2928 1313 2996 στόμα
1342 2921 1653 2995 διηγοῦνται
1683 2920 1840 2985 δόξαν
1872 2923 1905 2978 C

2022 2921 2182 2986 Coeli,
2207 2938 2346 2978 cum
2371 2939 2440 2977 os
2469 2937 2589 2978 non
2633 2923 2916 2987 habeant,
2945 2922 3193 2992 gloriam
3249 2923 3346 2977 Dei
3381 2938 3611 2978 annun-

236 3023 402 3080 Θεοῦ,
461 3011 600 3066 διότι
655 3012 710 3064 ἐκ
753 3014 995 3085 μεγέθους
1050 3017 1138 3064 καί
1184 3012 1428 3074 καλλονῆς
1479 3014 1776 3085 κτισμάτων
1816 3031 1826 3062 ι

2023 3018 2100 3066 int
2128 3011 2187 3066 in
2217 3027 2288 3066 eo
2325 3027 2504 3066 sensu
2526 3011 2690 3082 quod
2705 3027 2778 3066 ex
2818 3009 3228 3079 magnitudine
3260 3016 3317 3067 et
3344 3011 3613 3068 multitu-

235 3121 608 3176 γενεσιονργος
662 3104 943 3176 θεωρεῖται,
1000 3107 1089 3154 καὶ
1164 3105 1222 3153 τὸ
1268 3106 1383 3174 περὶ
1459 3102 1593 3154 αῦτά
1669 3103 1825 3172 θαῦμι

2022 3115 2094 3154 ne
2123 3105 2456 3155 creatarum
2503 3115 2702 3154 rerum
2737 3105 2944 3154 auctor
2987 3098 3354 3169 dignoscitur
3373 3105 3430 3155 et
3463 3101 3610 3156 isto-

236 3199 356 3253 τοῖς
415 3210 476 3262 γε
531 3199 804 3267 φρονοῦσιν
871 3190 943 3251 εἰς
1008 3195 1095 3242 τόν
1171 3194 1494 3263 Δημιουργόν
1545 3189 1824 3263 ἀναφέρετα

2023 3204 2089 3243 .m
2122 3187 2440 3244 admiratio
2463 3203 2500 3244 a
2528 3187 2903 3260 sapientibus
2930 3187 3008 3242 ad
3030 3194 3336 3244 auctorem
3363 3189 3613 3245 refertur

238 3286 337 3333 καὶ
396 3275 674 3333 διαϐαίνειο
731 3280 865 3331 ὥστε
921 3281 969 3330 οἱ
1019 3278 1228 3352 οὐρανοὶ
1278 3279 1405 3350 οῦχὶ
1452 3280 1676 3353 ῥήμασι,
1717 3279 1825 3350 πρά

2043 3276 2352 3342 ascendit;
2388 3275 2466 3332 ita
2517 3281 2580 3332 ut
2637 3276 2766 3332 cceli
2822 3291 2945 3332 non
2998 3276 3212 3342 verbis,
3271 3277 3377 3333 sed
3438 3277 3607 3334 factis

237 3387 419 3442 γμασι
448 3364 508 3421 δι
545 3373 638 3426 τήν
685 3387 740 3421 τε
772 3364 994 3439 δύναμιν
1027 3366 1445 3442 ἀνακηρύττουσι
1474 3375 1564 3420 τοῦ
1594 3373 1823 3438 Δημιονρ

2027 3366 2250 3422 'eatoris
2279 3365 2610 3438 potentiam
2637 3364 2961 3438 praedicent
2998 3371 3054 3421 et
3085 3366 3164 3422 ad
3195 3365 3360 3422 illum
3393 3366 3617 3438 gloriﬁ-

239 3466 370 3532 γοῦ,
429 3462 514 3510 καὶ
573 3460 701 3530 πρὸς
746 3453 1048 3528 δοξολογίαν
1100 3457 1466 3532 παρακαλοῦσι
1510 3461 1626 3518 τοὺς
1687 3456 1822 3530 ὀρθῶ

2023 3454 2226 3510 indum
2256 3454 2384 3510 illos
2400 3454 2505 3526 qui
2532 3454 2705 3510 rectis
2747 3453 2934 3510 oculis
2994 3455 3052 3509 in
3100 3454 3246 3510 istos
3287 3455 3613 3527 respiciunt

243 3549 434 3610 αὐτοῖς
489 3546 783 3620 ἐνορῶντας·
834 3547 878 3599 εἰ
931 3543 990 3599 δὲ
1046 3546 1162 3599 κατ’
1212 3546 1455 3606 ἐπιϐολὴν
1496 3548 1712 3619 θεωρίας
1749 3544 1833 3597 ἐθει

2025 3547 2284 3598 ιτίθηῐυτ.
2316 3542 2377 3598 Si
2403 3548 2598 3599 autem
2621 3559 2805 3615 supra
2830 3542 3087 3599 visibilia
3105 3547 3365 3600 mentem
3381 3543 3615 3602 elevare

243 3639 437 3698 λήσοις
491 3635 694 3703 ἐννοεῖν,
747 3637 986 3709 εὑρήσεις
1050 3635 1299 3710 ούρανοῦς
1344 3639 1467 3698 τοὺς
1511 3635 1829 3696 ἀποστόλους

2029 3632 2238 3699 ιὶιιθτὶε,
2271 3632 2452 3687 οωιοε
2484 3631 2750 3687 invenies
2781 3631 3090 3703 apostolos
3129 3648 3259 3688 esse
3304 3633 3408 3705 qui
3436 3635 3619 3689 Evan-

246 3731 301 3780 οἰ
363 3723 694 3795 διηγήσαντο
741 3729 798 3776 τὸ
872 3724 1182 3796 Εύαγγέλιον
1254 3732 1346 3777 τοῦ
1426 3733 1661 3798 Χριστοῦ
1708 3727 1836 3796 πάσῃ

2029 3721 2185 3778 alium
2225 3720 2440 3778 Christi
2470 3721 2530 3776 in
2572 3721 2849 3776 universa
2892 3727 3045 3777 terra
3085 3722 3619 3792 annuntiaverunt,

246 3825 315 3889 τῇ
349 3816 644 3888 οἰκουμένη,
677 3819 766 3867 καὶ
797 3811 1034 3877 δοξάζειν
1073 3818 1157 3866 τὸν
1193 3818 1322 3867 Θεὸν
1352 3818 1437 3866 τὸν
1464 3817 1588 3888 ὑπὲρ
1623 3817 1648 3872 ἡ
1657 3823 1764 3887 μῶν
1793 3815 1836 3864 τέ

2045 3812 2121 3868 ad
2157 3813 2340 3867 Deum
2361 3810 2463 3883 qui
2492 3825 2668 3882 supra
2698 3811 3105 3882 nosmetipsos
3137 3817 3342 3868 nostra
3391 3827 3621 3868 assum-

246 3909 480 3978 ἡμέτερα
529 3901 868 3970 ἀναλαϐόντα,
911 3899 1185 3965 ὑπέδειξάν
1233 3923 1286 3955 τε
1328 3908 1417 3955 καὶ
1458 3905 1830 3972 καθηγήσαντο

2029 3898 2562 3969 .itgloriﬁcandum
2612 3898 3025 3954 docueruntet
3072 3900 3492 3957 instruxerunt.
3562 3899 3619 3952 Si

248 3994 294 4046 εἰ
337 3992 517 4065 βούλει
556 3989 634 4062 δὲ,
688 3988 1018 4062 διηγήσαντο
1065 3993 1113 4043 οἱ
1164 3992 1373 4065 ούρανοὶ
1415 3996 1508 4049 τὴν
1567 3987 1724 4052 δοξαν
1764 4009 1838 4041 τοι

2031 3993 2166 4044 item
2206 3987 2483 4051 volueris,
2523 3986 2967 4043 annuntiabant
3023 3987 3153 4042 cmli
3211 3987 3462 4056 gloriam
3521 3987 3621 4042 Dei

249 4090 390 4137 Θεοῦ
438 4084 583 4154 ἡμῶν
643 4088 892 4154 Χριστοῦ,
939 4082 1092 4138 ἡνίκα
1146 4089 1244 4132 τῶν
1294 4087 1557 4154 πατρικῶν
1587 4083 1658 4151 μὴ
1691 4097 1839 4130 κενω-

2027 4077 2309 4133 )striJesu
2331 4075 2566 4141 Christi,
2608 4092 2766 4142 cum,
2815 4079 3062 4146 paterno
3111 4077 3241 4131 sinu
3267 4091 3388 4131 non
3446 4075 3617 4131 dere-

250 4175 354 4232 θεὶς
415 4171 638 4233 κόλπων,
696 4169 750 4222 ἐκ
809 4171 1070 4243 Παρθένου
1133 4172 1306 4242 σάρκα
1367 4167 1538 4221 λαϐεῖν
1595 4167 1840 4229 κατηξίω-

2029 4171 2124 4231 :to,
2156 4181 2227 4220 ex
2271 4165 2498 4236 Virgine
2519 4164 2815 4220 incarnari
2874 4165 3151 4235 dignatus
3207 4171 3294 4220 est
3348 4170 3405 4220 et
3449 4165 3619 4220 illum

251 4281 357 4326 σεν,
392 4266 482 4313 καὶ
516 4262 656 4332 εἶχεν
688 4260 842 4311 αὐτόν
873 4261 902 4316 ἡ
958 4259 1182 4330 Βηθλεὲμ
1220 4263 1308 4310 καὶ
1337 4262 1395 4310 τό
1429 4257 1702 4316 σπήλαιον·
1745 4261 1841 4310 τότε

2029 4255 2265 4311 sthleem
2279 4260 2335 4310 et
2355 4269 2621 4325 praesepe
2640 4253 2995 4309 habuerunt.
3013 4253 3176 4309 Tunc
3204 4254 3364 4309 enim
3383 4269 3619 4324 praeser-

245 4355 354 4423 γὰρ
412 4347 503 4415 δὴ,
558 4354 670 4402 τότε
722 4351 750 4407 ἠ
795 4347 842 4400 ἐν
874 4355 977 4408 τοῖς
1007 4348 1240 4422 οὐρανοῖς
1281 4349 1634 4421 ἀριθμουμένη
1679 4349 1832 4418 φύσις

2030 4346 2382 4399 ncreaturee
2402 4341 2619 4414 quaein
2659 4339 2822 4397 caelis
2870 4347 3259 4397 numerantur
3311 4346 3436 4397 tam
3483 4341 3620 4396 visi-

249 4449 409 4493 τοῦτο
438 4442 528 4509 μὲν
576 4440 606 4496 ἡ
659 4439 842 4510 ὁρατὴ,
884 4444 1035 4489 τοῦτο
1090 4433 1149 4488 δὲ
1196 4441 1285 4488 καὶ
1335 4439 1363 4493 ἡ
1407 4437 1532 4509 ὑπὲρ
1569 4439 1626 4487 τὸ
1666 4436 1834 4507 ὁρώμε

2031 4431 2110 4487 les
2135 4448 2320 4504 quam
2390 4429 2736 4494 invisibiles,
2764 4430 3052 4486 miraculo
3105 4429 3525 4486 ministrabant
3563 4435 3619 4486 et

248 4549 360 4594 νον,
421 4530 721 4603 ὑπηρετεῖτο
775 4545 827 4579 τε
876 4531 965 4578 καὶ
1017 4527 1372 4597 καθυπούργει
1403 4533 1473 4594 τῷ
1535 4527 1780 4598 θαύματι·
1824 4528 1838 4575 i

2032 4521 2320 4577 rviebant.
2342 4520 2458 4575 Illm
2475 4519 2710 4591 quidem
2739 4519 2891 4575 sicut
2907 4534 3238 4590 praeconem
3260 4534 3620 4574 communem

250 4623 345 4692 μὲν
369 4620 520 4670 οἱονεί
560 4637 676 4669 τινα
703 4621 909 4691 κήρυκα
936 4620 1104 4667 κοινόν
1146 4619 1231 4667 τόν
1264 4615 1458 4686 ἀστέρα
1482 4621 1840 4687 χειροτονοῦσι

2027 4609 2198 4666 ellam
2228 4609 2511 4678 eligentes
2543 4612 2598 4663 et
2628 4607 3069 4680 prtemittentes,
3101 4606 3339 4663 Domini
3365 4605 3617 4677 gloriam

251 4713 347 4761 καὶ
383 4705 750 4782 προϐάλλουσα
781 4704 1115 4778 ἀνακηρύττει
1143 4712 1235 4756 τοῦ
1275 4709 1535 4756 Δεσπότου
1559 4708 1650 4762 τὴν
1678 4700 1835 4766 δόξαν

2051 4699 2472 4757 absconditum
2501 4713 2703 4767 regem
2737 4712 2839 4769 per
2869 4713 3060 4753 unum
3099 4697 3411 4753 custodem
3481 4712 3619 4754 con-

253 4801 476 4851 καὶτὸν
541 4800 892 4871 κρυπτόμενον
951 4791 1177 4867 βασιλέα
1250 4789 1324 4845 δι’
1397 4792 1504 4854 ἐνὸς
1565 4788 1843 4866 δορυφόροι

2031 4790 2343 4858 imitantes,
2429 4787 2771 4859 praedicant.
2849 4786 2946 4842 liae
2981 4801 3115 4841 vero
3177 4784 3621 4843 multitudinem

254 4887 733 4962 προπομπεύουσα’
815 4885 844 4941 ἡ
903 4879 962 4935 δε
1023 4881 1216 4942 πλῆθος
1277 4888 1521 4955 στρατιᾶς
1577 4879 1844 4954 προϐαλλο

2032 4879 2251 4936 .ercitus
2278 4877 2702 4950 praemittentes
2735 4874 2813 4931 ad
2837 4873 3210 4932 laudandum
3236 4877 3423 4930 Deum
3447 4878 3504 4930 et
3543 4874 3622 4932 ad

251 4981 383 5048 μένη
432 4978 519 5027 τόν
585 4978 816 5031 κτίστην
873 4971 1168 5038 αἰνούντων,
1228 4976 1319 5024 καὶ
1382 4979 1483 5023 τῶν
1551 4970 1841 5043 τελουμένωπ

2033 4972 2212 5024 »οι-δια
2247 4965 2544 5022 mirabilia
2569 4964 2816 5020 canticis
2847 4963 3226 5020 celebranda.
3255 4964 3412 5019 Dicet
3473 4962 3623 5023 forte

253 5068 315 5117 τό
372 5064 550 5135 θαῦμα
596 5058 955 5133 διηγουμένων
1014 5068 1086 5131 τῷ
1144 5059 1364 5133 ᾄσματι·
1429 5061 1630 5134 ῥηθεῐεν
1680 5055 1730 5111 δ’
1797 5061 1843 5111 aii

2034 5057 2185 5129 iquis
2215 5055 2356 5112 satis
2379 5052 2768 5111 verisimiliter
2785 5053 3030 5124 angelos
3054 5069 3183 5110 esse
3205 5052 3408 5119 caelos,
3438 5053 3624 5128 siqui-

251 5153 350 5206 οὐκ
397 5151 677 5213 ἀπεικότως
737 5153 785 5203 οἱ
835 5150 1048 5222 ἄγγελοι
1103 5150 1332 5226 οὐρανοὶ,
1389 5148 1477 5202 ἀτε
1527 5146 1595 5207 δὴ
1668 5149 1841 5202 ἄνωθεπ

2031 5164 2107 5203 em
2137 5163 2170 5204 θ
2195 5145 2343 5202 cmlo
2367 5148 2655 5200 venerunt
2687 5142 2766 5200 ad
2805 5150 3058 5199 terrena.
3086 5143 3148 5199 Si
3175 5160 3311 5200 vero
3343 5149 3402 5201 et
3431 5145 3621 5201 solem

252 5242 532 5316 ἀφιγμένοι
579 5244 710 5314 πρὸς
773 5241 840 5292 τὰ
895 5238 1115 5311 ἐπίγεια·
1180 5239 1223 5292 εί
1276 5239 1334 5292 δι
1381 5243 1471 5292 καὶ
1555 5241 1640 5290 τὸν
1716 5237 1842 5296 ἧλιοη

2031 5236 2224 5292 »ιιιθτὶε
2288 5233 2488 5290 videre
2537 5237 2773 5304 propter
2853 5232 3225 5289 Dominicam
3278 5233 3621 5306 passionem

253 5331 445 5392 ἐθέλοις
505 5327 634 5383 ἰδεῖν
687 5329 770 5382 ἐπὶ
823 5335 893 5398 τῷ
951 5335 1249 5400 Δεσποτικῷ
1307 5331 1459 5380 πάθει
1537 5328 1843 5400 σκυθρωπά-

2029 5325 2414 5392 tllescentem,
2440 5326 2498 5378 et
2524 5321 2796 5393 deposito
2826 5321 3200 5395 praepulchro
3222 5338 3331 5378 suo
3373 5321 3619 5388 lumine,

255 5421 438 5485 ζοντα,
488 5423 580 5472 καὶ
631 5426 692 5492 τῇ
741 5417 987 5471 ἀποθέσει
1041 5424 1131 5469 τοῦ
1161 5417 1494 5492 περικαλλοῦς
1532 5415 1726 5469 ἐκείνου
1758 5435 1845 5489 φω·

2032 5414 2333 5471 vinitatem
2359 5416 2415 5468 et
2461 5412 2788 5484 potentiam
2848 5411 3121 5484 patientis
3145 5412 3620 5481 annuntiantem,

332 5651 383 5686 '°
422 5650 568 5706 Osee
607 5661 694 5713 xi,
722 5648 777 5714 2;
809 5645 1018 5703 Matth.
1048 5659 1110 5716 ιι,
1143 5643 1234 5703 15.
