4026 6206
438 272 573 328 1147

1648 266 1734 327 ΡΗ
1743 271 1857 328 ΟΤΙ
1865 271 1883 325 Ι
1926 270 2408 335 ΡΑἹἭῙΑΒΟΗΕ
2446 276 2536 338 CP
2549 328 2561 340 .

3668 292 3790 347 1148

434 431 553 472 non
586 416 757 487 longe
784 414 859 469 ab
886 414 1356 485 interpretatione
1424 414 1753 471 secundum
1798 415 2057 470 visionen

2200 408 2287 466 τὸς
2350 412 2447 465 τὴν
2500 410 2712 465 θεότητα
2762 414 2850 460 καὶ
2903 412 2997 467 τὴν
3047 406 3267 482 δύναμιν
3322 420 3414 464 τοῦ
3504 416 3793 485 πάσχοντος

438 505 636 561 fueris.

579 718 897 784 ΟΗᾸΞΞἹἹΟ
946 718 1122 775 cccv
1156 718 1356 791 [CoisL
1385 720 1561 773 Taur.
1589 717 1842 791 cxvm].

504 817 653 884 Quid
672 817 742 873 sit
773 834 785 871 :
822 835 849 866 «
881 819 1207 886 Increpasti
1227 824 1417 887 gentes
1456 821 1507 871 et
1531 817 1705 885 periit
1731 816 1949 885 impius
1987 814 2016 869 ?
2050 837 2078 865 ››

2198 496 2589 568 ἀναγγέλλοντα,
2649 498 2798 569 ἐγγὺς
2826 499 2888 548 ἄν
2917 502 3085 568 γένοιο
3129 504 3217 551 καὶ
3260 509 3322 557 τῆ
3336 523 3359 563 ς
3402 506 3543 554 κατά
3592 507 3794 576 θεωρίαν

2196 586 2539 648 ἀναπτύξεως.

2762 718 3074 767 armum:
3108 712 3223 771 TE’.

2190 818 2251 864 Τί
2278 810 2433 862 ἐστιν·
2474 830 2501 861 α
2546 810 2900 895 Ἐπετίμησας
2942 819 3057 933 ἑοῖς
3105 814 3293 879 ἔθνεσι,
3347 818 3441 866 καὶ
3493 814 3730 868 ἀπώλετο
3774 819 3798 868 ὁ

2845 901 2938 933 ασε
2976 902 3037 933 nc
3072 900 3084 933 :
3119 904 3147 933 ›)

2845 900 3004 939 ασεοη
3016 904 3037 943 ς
3072 900 3084 947 ;
3119 904 3147 935 ›)

1452 993 1605 1043 Edita
1630 1006 1663 1043 δ,
1689 994 1825 1043 Maio
1851 992 1907 1055 (l.
1939 1006 1985 1041 c.
2019 1006 2071 1055 p.
2103 991 2181 1047 98,
2209 991 2307 1050 99).
2343 1016 2405 1024 —
2431 988 2488 1038 ln
2516 987 2657 1041 Psal.
2692 1002 2761 1043 ix,
2790 990 2842 1041 6.

463 1111 655 1166 Verba
685 1127 743 1165 :«
766 1111 1304 1182 lncrepastigentes
1338 1116 1390 1163 et
1417 1109 1843 1180 periitimpius,
1875 1109 2077 1165 »clare

423 1200 537 1255 hoc
567 1199 901 1268 designant,
973 1198 1213 1265 scilicet,
1268 1214 1406 1253 cum
1474 1199 1789 1269 increpata;
1858 1197 2078 1253 fuerint

426 1294 632 1359 gentes
662 1294 717 1343 et
757 1288 834 1343 ab
874 1304 1069 1344 errore
1100 1289 1208 1343 viae
1239 1304 1361 1342 suae
1406 1288 1477 1343 ad
1519 1286 1976 1356 ingrediendum
2016 1288 2075 1341 in

424 1378 573 1434 ovile
623 1377 833 1433 Christi
869 1378 1128 1433 reductae
1178 1376 1414 1443 fuerint,
1479 1376 1646 1432 illum
1699 1378 1795 1447 qui
1842 1392 1951 1432 nos
1999 1377 2074 1431 ad

422 1466 788 1538 impietatem
830 1466 1103 1533 vocabat,
1151 1466 1203 1520 id
1269 1472 1371 1529 est,
1432 1460 1741 1521 diabolum
1803 1464 2071 1537 periisse.

422 1556 642 1627 Impius
669 1556 827 1611 enim
847 1556 961 1609 dici
988 1559 1174 1626 potest
1199 1556 1301 1625 qui
1330 1555 1511 1625 impie
1526 1555 1665 1623 agit,
1692 1558 1749 1608 et
1774 1553 1875 1626 qui
1904 1553 2071 1608 illum

422 1644 500 1702 ad
529 1646 895 1716 impietatem
945 1644 1137 1699 trahit.
1195 1638 1378 1712 Magis
1429 1644 1675 1698 obvium
1727 1644 1875 1697 forte
1914 1648 2072 1699 esset

2256 1109 2345 1171 Τό,
2398 1128 2418 1153 ε
2470 1106 2817 1175 Ἐπετίμησας
2856 1106 3043 1173 ἔθνεσι,
3070 1111 3159 1157 καὶ
3200 1104 3431 1159 ἀπώλετο
3457 1109 3485 1159 ὁ
3510 1108 3731 1178 ἀσεϐὴς,
3772 1132 3799 1160 ι

2187 1199 2315 1265 φασὶ
2340 1201 2492 1245 τοῦτο
2524 1188 2736 1257 δηλοῦν,
2779 1196 2842 1252 ὡς
2882 1192 2930 1243 ἐν
2961 1200 3033 1262 τῷ
3065 1192 3437 1265 ἐπιτιμηθῆναί
3469 1198 3538 1247 τὰ
3565 1199 3689 1255 ἔθνη
3715 1206 3799 1251 καὶ

2184 1290 2279 1343 τῆς
2304 1283 2498 1343 οἰκείας
2531 1281 2820 1339 ἀποστῆναι
2846 1282 3062 1347 πλάνης,
3095 1286 3333 1353 γενέσθαι
3371 1304 3428 1337 τε
3450 1293 3551 1346 τῆς
3580 1292 3801 1359 ποίμνης

2188 1378 2438 1445 Χριστοῦ,
2524 1373 2549 1422 ὁ
2624 1375 2751 1445 πρὸς
2827 1370 3066 1423 ἀσεϐίιαν
3141 1373 3330 1436 αὐτοὺς
3418 1374 3798 1447 ἐκκαλούμενος

2185 1459 2414 1513 ἀπώλετο
2464 1457 2727 1523 διάϐολος
2780 1459 2977 1521 ἀσεϐὴς
3029 1464 3129 1535 γὰρ
3189 1462 3345 1525 αὐτὸς
3390 1482 3447 1516 τε
3488 1466 3515 1516 ὁ
3599 1464 3798 1518 ἀσεϐῶν

2182 1554 2257 1606 εἰη
2316 1552 2376 1601 ἄν
2424 1556 2513 1601 καὶ
2569 1551 2595 1601 ὁ
2650 1557 2831 1601 τοῦτον
2880 1550 3033 1601 ἕλκων
3088 1554 3214 1624 πρὸς
3257 1556 3349 1609 τὴν
3402 1551 3674 1606 ἀσέϐειαν⁸
3722 1559 3796 1612 εἰη

2182 1635 2232 1690 δ’
2292 1642 2352 1691 ᾱίν
2400 1639 2670 1713 ἐγγύτερον
2720 1642 2787 1700 ὡς
2833 1646 2926 1691 τοῦ
2970 1647 3204 1711 Σωτῆρος
3242 1638 3703 1714 ἐπιδεδημηκότας
3734 1652 3794 1716 τῇ

418 1734 955 1804 dicerequod,cum
985 1732 1242 1787 Christus
1270 1733 1495 1787 interra
1513 1734 1796 1787 manserit
1825 1731 2057 1786 etsimui

2178 1736 2271 1800 γῇ,
2329 1734 2418 1780 καὶ
2466 1737 2644 1788 κοινῶς
2696 1728 2929 1789 ἅπαντας
2976 1725 3269 1791 Ἰουδαίους
3307 1749 3361 1782 τε
3416 1736 3507 1783 καί
3538 1731 3795 1796 Ἓλληνας

418 1839 627 1879 omnes
664 1822 901 1876 Judeeos
935 1828 989 1877 et
1020 1824 1247 1877 Graecos
1268 1820 1554 1876 barbaros
1574 1820 1650 1876 ad
1672 1820 1947 1876 eamdem
1973 1836 2057 1876 vo-

2180 1822 2269 1869 καὶ
2318 1816 2615 1892 βαρϐάρους
2666 1816 2749 1869 ἐπὶ
2805 1822 2898 1875 τὴν
2943 1817 3134 1869 οἰκείαν
3170 1820 3636 1892 προσκαλουμένου
3688 1821 3797 1873 ἐπί-

416 1911 637 1967 caverit
672 1912 1090 1981 cognitionem,
1117 1914 1191 1977 et,
1217 1916 1280 1964 ut
1310 1910 1386 1965 ita
1415 1909 1636 1978 dicam,
1669 1926 1777 1981 pro
1807 1910 2057 1981 peccatis

2179 1926 2389 1977 γνωσιν,
2445 1912 2533 1958 καὶ
2590 1909 2741 1958 οἱονεὶ
2806 1914 2905 1957 τῶν
2967 1912 3145 1979 πρώην
3204 1907 3381 1969 αὐτοῖς
3452 1909 3793 1982 ἠσεϐημένων

418 2001 492 2056 ab
522 2000 634 2056 illis
665 2006 841 2055 antea
873 1999 1235 2063 commissis,
1276 1998 1596 2054 salutarem
1646 2003 1704 2053 et
1747 1998 2067 2070 perfectam

416 2090 883 2161 increpationem
906 2104 1006 2159 per
1019 2088 1382 2159 baptismum
1400 2088 1713 2151 induxerit,
1731 2089 2070 2159 quicunque

416 2196 543 2235 sese
568 2179 850 2235 docibiles
891 2178 1225 2233 etsinceros
1259 2177 1816 2248 adincrepationem
1849 2177 2067 2233 habue-

413 2275 571 2338 runt,
612 2270 686 2325 de
714 2274 873 2341 parte
896 2267 1260 2323 salvatorum
1300 2266 1433 2322 facti
1476 2272 1633 2333 sunt,
1692 2266 1797 2339 qui
1869 2272 2067 2323 autem

413 2358 615 2414 animo
687 2358 950 2412 demisso
1006 2355 1474 2427 increpationem
1540 2360 1919 2427 acceperunt,
1962 2371 2069 2410 nec

412 2447 695 2517 baptismi
727 2446 1225 2517 purificationem,
1261 2462 1370 2500 nec
1400 2445 1563 2516 quod
1587 2462 1657 2500 ex
1680 2445 1776 2499 illo
1805 2444 2069 2515 procedit

410 2534 613 2589 lumen
651 2534 788 2589 ﬁdei
821 2538 1228 2604 susceperunt,
1264 2533 1340 2587 illi
1368 2538 1431 2588 ut
1470 2533 1639 2603 impii
1662 2533 2068 2604 etperditione

411 2622 576 2692 digni
608 2622 928 2694 perierunt.
959 2623 1091 2676 Scio
1120 2627 1321 2676 autem
1339 2622 1615 2676 eamdem
1642 2638 1850 2676 vocem
1883 2622 2063 2684 sumi,

411 2711 739 2783 praesertim
796 2710 956 2781 apud
1020 2708 1255 2781 aliquos
1302 2710 1513 2764 doctos
1562 2716 1895 2774 extraneos,
1958 2726 2065 2780 pro

409 2798 988 2870 honore,splendore
1012 2797 1281 2867 etgloria.
1318 2797 1666 2867 Signiﬁcare
1699 2813 1837 2867 ergo
1872 2802 2065 2869 potest

409 2891 505 2945 hic
534 2890 719 2953 locus,
763 2889 809 2942 si
848 2887 1026 2943 verba
1052 2888 1111 2942 in
1144 2887 1255 2941 isto
1277 2902 1456 2941 sensu
1478 2887 1868 2958 accipiantur,
1896 2887 2061 2959 quod

409 2978 686 3050 gentibus
727 2994 764 3034 a
790 2977 1018 3033 Christo
1053 2976 1357 3032 honoratis
1387 2983 1443 3031 et
1483 2976 1849 3047 gloriﬁcatis,
1908 2976 2060 3031 ﬁlios

407 3070 652 3141 quidem
692 3073 747 3122 et
764 3066 1032 3122 haeredes
1064 3065 1155 3121 sui
1182 3065 1462 3137 regniqui
1494 3065 1780 3121 docibiles
1800 3065 2057 3131 fuerunt,

409 3160 623 3229 posuit,
653 3157 755 3229 qui
795 3161 995 3212 autem
1012 3155 1356 3211 haereditate
1396 3155 1625 3225 indigni
1664 3160 1721 3211 et
1751 3156 2057 3227 adOptioni

2174 3154 2301 3213 λείας
2332 3158 2453 3215 τοῦς
2479 3154 2809 3224 πειθομένους
2838 3155 2997 3215 ἔθετο,
3028 3156 3077 3204 οἱ
3109 3152 3311 3215 ἀνάξιοι
3339 3161 3431 3205 τοῦ
3464 3153 3660 3226 κλήρου
3689 3160 3780 3205 καὶ

2180 1998 2501 2063 καθαρτικήν
2559 2014 2611 2047 τε
2657 2001 2746 2047 καὶ
2802 1996 3123 2051 τελειωτικὴν
3180 1996 3482 2069 ἐπιτίμησιν
3529 2004 3627 2057 τὴν
3698 1997 3795 2052 διὰ

2180 2094 2270 2135 τοῦ
2326 2083 2693 2156 βαπτίσματος
2747 2082 3042 2155 ἐπάγοντος·
3094 2086 3211 2135 ὅσοι

2180 2178 2269 2224 καὶ
2321 2173 2604 2245 εἰλικρινῶς
2657 2178 2750 2230 την
2796 2172 3097 2244 ἐπιτίμησιν
3154 2170 3417 2239 ἐδέξαντο,
3476 2172 3623 2227 οὗτοι
3695 2185 3790 2237 τῆς

3430 2086 3684 2147 εὐπειθῶς
3738 2107 3793 2139 τε

2180 2258 2395 2337 μερίδος
2442 2271 2541 2313 τῶν
2588 2262 2890 2333 σωζομένων
2922 2262 3167 2333 ἐγίνοντο·
3202 2265 3245 2315 εἰ
3289 2260 3349 2315 δέ
3391 2284 3467 2324 τις
3520 2270 3651 2339 πρὸς
3692 2271 3787 2323 τὴν

2181 2351 2479 2423 ἐπιτίμησιν
2524 2347 2941 2415 ἀπεδυσπέτησε,
2983 2359 3115 2424 μήτε
3153 2357 3239 2404 τὸν
3279 2360 3371 2403 τοῦ
3411 2351 3788 2425 βαπτίσματος

2180 2444 2445 2515 καθαρμὸν
2498 2446 2629 2511 μήτε
2674 2445 2765 2497 τήν
2816 2437 2888 2491 δι’
2919 2442 3079 2493 αὑτοῦ
3108 2449 3200 2503 τῆς
3242 2446 3459 2501 πίστεως
3488 2440 3786 2514 προσδεξάο

2179 2550 2328 2600 μενος
2386 2527 2659 2599 ἕλλαμψιν,
2708 2529 2857 2591 οὗτος
2911 2533 2974 2590 ὡς
3041 2529 3229 2589 ἀσεϐής
3288 2549 3342 2581 τε
3415 2536 3506 2582 καὶ
3560 2530 3784 2605 ὀλέθρου

2177 2618 2445 2671 ἀπολεῖται
2484 2618 2648 2679 ἄξιοςο
2689 2614 2813 2671 οἶδα
2847 2614 2904 2670 δὲ
2964 2618 3228 2691 ἐπιτιμίας
3268 2621 3409 2690 παρά
3451 2640 3511 2689 γε
3551 2622 3788 2691 μάλιστα

2177 2716 2283 2768 τοῖς
2324 2709 2417 2769 ἔξω
2450 2715 2623 2777 σοφοῖς
2672 2711 2764 2765 τὴν
2804 2711 2960 2779 τιμὴν
3005 2714 3093 2759 καὶ
3137 2712 3229 2765 τὴν
3287 2710 3617 2779 περιφάνειαν
3669 2709 3787 2760 ὀνο.

2176 2798 2471 2868 μαξομίνην
2520 2802 2609 2848 καὶ
2648 2800 2705 2847 τὸ
2754 2793 3047 2868 περίδοξον·
3090 2796 3226 2867 λέγοι
3271 2799 3330 2848 ἄν
3371 2794 3459 2848 οὖν
3506 2798 3565 2848 τό
3597 2799 3785 2870 ῥητὸν,

2176 2890 2297 2947 εἴτις
2355 2891 2447 2943 τὴν
2495 2885 2626 2947 λέξιν
2680 2886 2752 2947 εἰς
2807 2893 2958 2938 τοῦτο
3008 2890 3066 2937 τὸ
3126 2891 3498 2957 σημαινόμενον
3549 2887 3785 2957 μετοιλά-

2174 2976 2274 3039 ϐοι,
2323 2978 2389 3037 ὡς
2468 2982 2558 3026 τοῦ
2615 2982 2844 3046 Χριστοῦ
2918 2980 3235 3045 τιμήσαντος
3312 2980 3399 3026 καὶ
3454 2972 3787 3037 δοξάσαντος

2174 3068 2237 3116 τὰ
2290 3066 2428 3121 ἔθνη.
2491 3066 2635 3124 υἱοὺς
2703 3067 2803 3135 γὰρ
2854 3063 3201 3137 κληρονόμους
3252 3070 3348 3125 της
3402 3064 3564 3116 αὑτοῦ
3623 3062 3785 3137 βασι-

409 3263 547 3303 cum
574 3253 774 3302 essent
809 3245 1318 3316 impii,perierunt.

620 3369 938 3435 QU/ESTIO
969 3369 1164 3425 CCCVI
1195 3368 1396 3440 [ϐοίει.
1440 3370 1616 3423 Taur.
1647 3367 1848 3440 CXIX].

408 3469 599 3535 Quare
618 3468 782 3535 magi
801 3481 875 3521 ex
903 3466 1141 3521 Oriente
1162 3471 1213 3521 et
1245 3466 1505 3528 Perside,
1537 3481 1653 3521 non
1678 3481 1814 3521 vero
1836 3481 1910 3522 ex
1936 3466 2063 3521 alia

473 3538 706 3607 regione
737 3543 839 3592 aut
870 3545 1039 3605 gente
1064 3536 1141 3589 ad
1170 3536 1533 3591 Dominicum
1575 3544 1819 3605 partum
1883 3537 2063 3605 primi

476 3609 823 3665 accesserint
858 3607 885 3661 τ

403 3715 679 3765 Editarum
704 3727 735 3763 ο
788 3711 991 3762 Wolﬁo
1024 3711 1292 3760 tricesima
1323 3724 1468 3761 nona
1499 3712 1645 3773 (Cur.
1684 3711 1877 3775 Philol.
1912 3714 1948 3759 t.
1982 3712 2354 3775 V,p.693-697.
2392 3712 2633 3775 Galland.

2169 3250 2262 3304 τῆς
2284 3244 2569 3305 υἱοθεσίας,
2604 3240 2801 3302 ἀσεϐεῖς
2828 3246 2968 3303 ὄντες
2991 3241 3319 3296 ἀπολοῦνται.

2730 3372 3043 3419 ΕΡΩῙἮΣΙΣ
3079 3366 3217 3450 TC.

2172 3468 2266 3538 Διᾲ
2309 3468 2355 3515 τί
2406 3464 2567 3535 μάγοι
2625 3462 2677 3526 ἐξ
2714 3463 2997 3516 Ἀνατολῶν
3036 3468 3125 3515 καὶ
3180 3471 3411 3538 Περσῶν,
3452 3468 3543 3516 καὶ
3588 3468 3684 3515 οὐκ
3726 3464 3783 3526 ἐξ

2240 3537 2415 3610 ἐτέρας
2444 3541 2626 3609 χώρας
2665 3540 2694 3593 ἦ
2737 3538 2911 3597 ἔθνους
2950 3544 3023 3606 τῷ
3055 3537 3352 3607 Δεσποτικῷ
3381 3541 3516 3607 τόκῳ
3547 3554 3780 3607 παρα-ιε-

2238 3614 2426 3679 ·γόνασι
2452 3617 2651 3681 πρῶτοι
2687 3623 2698 3672 ;

2665 3727 2717 3776 p.
2746 3714 2855 3771 710,
2876 3714 2989 3769 711,
3009 3712 3155 3769 n.14,
3191 3726 3245 3776 q.
3269 3713 3402 3773 119).
3420 3738 3484 3751 -
3511 3713 3589 3763 De
3605 3713 3779 3777 Magis

1592 3788 1655 3823 ex
1690 3774 1902 3823 Oriente
1927 3774 2355 3824 advenientibus.
2388 3774 2578 3827 Matth.
2608 3774 2709 3831 ιιί1

466 3892 655 3951 Variis
692 3892 766 3947 de
804 3890 1000 3947 causis
1031 3890 1089 3945 id
1118 3888 1339 3946 factum
1368 3905 1499 3945 esse
1516 3891 1750 3961 opinor.
1776 3890 2043 3946 Primum

394 3984 639 4057 quidem
670 3981 749 4036 ita
772 3978 1080 4035 oraculum
1113 3978 1355 4051 aliquod
1386 3978 1798 4051 prapheticum
1837 3979 2045 4047 imple-

396 4080 627 4141 verunt,
658 4071 739 4127 ita
761 4069 1021 4127 habens:
1060 4091 1086 4117 ι(
1106 4070 1287 4139 Reges
1314 4068 1573 4123 Arabum
1606 4072 1662 4123 et
1683 4068 1853 4124 Sabse
1883 4068 2045 4123 dona

394 4163 641 4219 afferent
662 4165 728 4216 ³³.
762 4182 791 4210 ››
825 4162 1010 4215 Persa:
1042 4159 1199 4213 enim
1228 4164 1364 4212 tunc
1396 4158 1671 4229 temporis
1738 4173 2041 4212 summam

395 4256 754 4324 potestatem
786 4250 845 4303 in
876 4248 1149 4315 regiones
1182 4246 1311 4302 illas
1360 4246 1713 4302 exercebant
1782 4262 1795 4301 :
1829 4246 2041 4302 eadem

392 4357 532 4396 vero
564 4346 717 4395 terra
747 4343 804 4394 et
828 4353 1043 4394 aurum
1060 4334 2038 4407 prmstantissimum,etmyrrham

391 4436 448 4486 et
480 4430 615 4485 thus
670 4427 913 4499 profert.
974 4426 1155 4481 Porro
1202 4424 1607 4495 Egyptiorum
1666 4423 1912 4496 imperio
1966 4424 2040 4478 ad

384 4520 658 4590 Assyrios
698 4516 1003 4577 translato,
1035 4512 1411 4584 Assyriorum
1442 4528 1579 4567 vero
1601 4512 1698 4566 illo
1722 4513 1800 4569 ad
1832 4513 2042 4567 Persas

2227 3894 2319 3943 Διὰ
2350 3890 2563 3957 πολλὰς,
2607 3887 2774 3962 οἶμαι,
2837 3890 3030 3952 αἰτίας.
3084 3898 3292 3965 Πρῶτον
3338 3894 3431 3963 μεν
3490 3894 3593 3964 γὰρ
3641 3912 3776 3966 προ-

2154 3986 2365 4052 φητείοιν
2404 3983 2520 4031 τινὰ
2569 3978 2896 4053 ἐξεπλήρουν,
2973 3986 3060 4039 τὴν
3111 3981 3384 4050 λέγουσαν·
3446 4002 3475 4028 ι(
3532 3982 3775 4043 Βασιλεῖς

2153 4068 2384 4143 Ἀράϐων
2429 4073 2517 4120 καὶ
2570 4066 2708 4120 suae
2756 4065 2902 4139 δῶρα
2963 4068 3339 4143 προσάξουσιν.
3395 4090 3423 4118 ιι
3493 4075 3595 4123 Καὶ
3662 4076 3772 4143 γὰρ

2151 4160 2199 4209 οἱ
2233 4162 2427 4231 Πέρσαι
2478 4164 2767 4214 τηνικαῦτα
2817 4165 2913 4208 τῶν
2962 4166 3152 4229 χωρῶν
3201 4156 3403 4209 ἐκείνων
3458 4162 3517 4210 τὸ
3573 4162 3771 4233 κράτος

2152 4242 2314 4317 εἶχον.
2373 4250 2515 4317 Φέρει
2567 4242 2625 4297 δε
2677 4247 2705 4302 ἡ
2756 4244 2954 4296 ἐκείνων
3028 4254 3093 4315 γῆ
3145 4248 3405 4317 ἐπίσημον
3448 4265 3501 4298 τε
3557 4252 3771 4321 χρυσόν

2151 4340 2238 4386 καὶ
2288 4338 2519 4407 σμύρναν
2545 4339 2633 4386 καὶ
2700 4333 2923 4387 λίϐανον.
2976 4334 3169 4395 Ἀλλως
3199 4354 3252 4386 τε
3279 4332 3337 4386 δι
3376 4340 3466 4387 καὶ
3515 4344 3615 4397 τῆς

2154 4425 2450 4495 Αἰγυπτίων
2518 4422 2790 4495 βασιλείας
2856 4424 2944 4487 εἰς,
2988 4424 3305 4498 ’Δσσυρίους
3369 4420 3763 4497 διαλελυμένης,

2152 4522 2248 4564 τῶν
2308 4513 2603 4587 Ἀσσυρίων
2665 4510 2724 4565 δε
2781 4512 2849 4573 εἰς
2917 4516 3119 4586 Πέρσας
3196 4512 3597 4587 μεταῤῥυείσης,
3673 4519 3767 4566 καὶ

387 4608 682 4671 devoluto,
720 4609 1145 4675 Persarumque
1177 4601 1411 4670 regibus
1439 4606 1577 4657 tunc
1608 4601 1931 4672 primatum
1966 4606 2041 4656 te-

2174 4612 2245 4653 'th
2302 4605 2385 4653 ἐπὶ
2439 4610 2535 4672 γῆς
2584 4605 2699 4653 τότε
2757 4600 3014 4673 βασιλίων
3088 4608 3297 4675 Περσῶν
3377 4606 3445 4653 τα
3510 4602 3764 4674 πρεσϐεία

384 4698 687 4763 nantibus,
728 4693 1082 4750 conveniens
1120 4696 1264 4758 erat,
1297 4695 1377 4756 ut,
1406 4692 1505 4763 qui
1540 4707 1611 4746 ea
1640 4696 1807 4747 aetate
1836 4690 2040 4761 praeci-

381 4788 483 4859 pui
505 4792 723 4851 essent,
758 4785 935 4839 iidem
962 4782 1153 4852 primo
1184 4781 1351 4835 etuni
1385 4780 1738 4835 saeculorum
1769 4780 1935 4850 Regi.
1980 4780 2039 4834 in

385 4890 541 4934 terra
570 4879 908 4947 conspecto,
971 4870 1227 4936 Christo,
1262 4874 1319 4925 et
1368 4872 1483 4925 Deo
1512 4874 1731 4935 nostro,
1776 4870 2039 4925 adventu

384 4981 489 5021 suo
518 4965 742 5020 cultum
770 4965 1137 5034 praestarent,
1170 4965 1225 5015 et
1254 4958 1415 5015 dona
1445 4958 1742 5023 offerrent,
1774 4958 1864 5024 iis,
1909 4974 2040 5030 quae

382 5051 694 5121 faciebant,
729 5052 1092 5122 proﬁtentes,
1121 5048 1283 5121 quod
1308 5050 1426 5105 Rex
1458 5048 1637 5105 modo
1677 5053 1853 5106 natus
1886 5048 2040 5119 ipso-

384 5158 538 5207 rum,
572 5142 674 5213 qui
713 5146 942 5195 tantum
972 5155 1095 5195 non
1140 5138 1305 5194 omni
1357 5138 1481 5195 orbi
1532 5138 1917 5210 imperarent,
1984 5143 2040 5193 et

384 5231 663 5305 gentibus
690 5228 972 5285 omnibus
1017 5230 1356 5301 superiores
1392 5231 1605 5296 essent,
1658 5230 1861 5293 Herus,
1924 5228 2033 5282 Do-

396 5428 409 5447 “
458 5425 503 5459 ⁸³
533 5422 646 5477 Isa.
678 5434 769 5482 1.x,
799 5420 849 5472 6.

2150 4693 2395 4761 ἑχόντων,
2435 4688 2542 4743 ἔδει
2585 4698 2692 4752 τοῖς
2744 4694 2802 4742 τὸ
2848 4698 3096 4762 πρωτεῖον
3154 4690 3201 4741 ἐν
3250 4699 3355 4751 τοῖς
3400 4694 3519 4743 τότε
3573 4700 3760 4765 καιροῦ

2148 4779 2399 4850 λαχοῦσι,
2456 4800 2529 4851 τῳ
2576 4786 2764 4852 πρώτῳ
2816 4784 2905 4832 καὶ
2947 4784 3083 4852 μόνῳ
3134 4780 3337 4832 Βασιλεῖ
3389 4789 3490 4831 τῶν
3539 4782 3761 4845 αἰώνων,

2150 4868 2235 4921 ἐπὶ
2277 4877 2371 4939 γῆς
2426 4868 2629 4940 ὀφθέντι
2677 4876 2913 4941 Χριστῷ,
2964 4876 3077 4939 Θεῷ
3108 4877 3178 4939 τῷ
3208 4871 3376 4940 ἡμῶν,
3408 4876 3759 4943 παραγεγονό-

2148 4976 2237 5018 τας
2274 4977 2329 5010 τε
2366 4967 2750 5031 προσκυνῆσαι,
2796 4963 2884 5010 καὶ
2925 4954 3074 5031 δῶρα
3114 4963 3359 5031 κομίσαι,
3403 4954 3477 5009 δι’
3520 4959 3590 5009 ὧν

2149 5049 2403 5121 ἔπραττον
2445 5045 2885 5119 ἀνομολογοῦντας
2934 5047 3045 5117 (86)
3093 5049 3174 5099 ὅτι
3210 5050 3237 5099 ὁ
3275 5049 3480 5118 τεχθεὶς
3506 5048 3757 5108 Βασιλεὺς

2148 5142 2237 5188 καὶ
2287 5136 2475 5201 αὐτῶν,
2531 5145 2629 5188 τῶν
2676 5143 2867 5209 μικροῦ
2915 5144 3005 5196 τῆς
3058 5145 3160 5207 γῆς
3219 5136 3433 5197 ἁπάσης
3511 5140 3753 5209 κρατούν-

2148 5245 2267 5290 των,
2328 5231 2418 5278 καὶ
2472 5228 2607 5278 κατὰ
2661 5228 2860 5278 πάντων
2928 5230 2988 5278 τὸ
3037 5233 3282 5300 πρωτεῖον
3356 5226 3609 5298 ἐχόντων,
3665 5235 3751 5279 Δει-

1992 5516 2219 5578 NOT/E.

459 5666 571 5746 (85)
602 5664 694 5721 Sic
718 5661 915 5720 scribo
936 5673 1065 5733 pro,
1092 5654 1166 5711 δι’
1192 5657 1268 5709 ὃν.

2268 5653 2383 5727 (86)
2421 5651 2592 5709 Cois].
2626 5652 2793 5711 male
2824 5651 3289 5726 ἁνομολογοῦντας.
