4026 6206
159 311 308 367 1149

1075 306 1169 362 AD
1208 297 1751 364 AMPHILOCHIUM
1795 292 2122 368 QUAESTIO
2164 300 2366 366 CCCV,
2403 294 2634 357 CCCVI.

3399 302 3540 360 H5O

161 443 369 497 σπότης
413 441 500 488 καὶ
557 439 741 506 Κύριος
789 438 878 486 καὶ
927 433 1168 494 Βασιλεύς
1209 434 1553 507 χρηματίζει,
1608 449 1768 503 προσ-

1883 425 2079 480 minus
2118 431 2174 482 et
2205 428 2329 483 Rex
2355 428 2768 500 appellaretur,
2812 431 3099 496 tanquam
3142 427 3428 485 adoratus
3467 433 3545 488 ab

156 529 475 595 κυνούμενός
522 543 575 575 τε
628 525 714 574 ὑπ’
772 523 938 574 αὐτῶν
996 527 1084 574 καὶ
1137 520 1581 595 δορυφορούμενος
1635 521 1763 589 (87).

161 616 232 670 Εἰ
291 612 343 667 δ’
393 617 473 666 ὃτι
518 615 704 666 ἐκεῖθεν
775 611 1052 683 ἐτύγχανεν
1127 616 1216 663 xui
1297 611 1533 683 Ἀϐραὰμ
1589 611 1614 661 ό
1671 627 1768 658 πα·

158 707 437 776 τριᾰρχης
507 700 589 773 (ἐκ
663 697 941 753 Χαλδαίων
1019 704 1120 772 γὰρ
1195 709 1295 770 γῆς
1382 708 1585 773 πρῶτος
1663 695 1767 748 ἀπ-

157 813 298 866 αρας
354 795 666 862 θεογνωσίαν
717 789 1000 862 ἐκήρυξεν),
1045 786 1138 841 διὰ
1184 796 1337 841 τοῦτο
1374 794 1464 840 καὶ
1502 787 1644 838 οὗτοι
1699 785 1767 846 εἰς

154 885 530 957 προσκύνησιν
608 888 698 931 τοῦ
784 886 1020 952 Σωτῆρος
1122 885 1320 950 πρῶτοι
1418 885 1514 928 τῶν
1607 873 1768 926 ἄλλων

158 970 358 1022 ἐκεῖθεν
412 969 725 1026 ἐκινήθησαν
783 969 1187 1041 παραγενέσθαι,
1241 975 1436 1039 τρανῶς
1490 961 1771 1017 διασαλπι-

1122 885 1320 950 πρῶτοι
1418 885 1514 928 τῶν

158 1061 365 1120 ςούσης
413 1066 503 1118 τῆς
549 1060 792 1117 τοιαύτης
839 1056 1156 1128 οἰκονομίας,
1205 1057 1286 1108 ὅτι
1326 1058 1351 1108 ὁ
1383 1055 1530 1114 αύτός
1574 1053 1712 1106 ἐστιν
1743 1053 1770 1103 ό

157 1154 254 1200 καὶ
311 1152 430 1200 τότε
482 1151 570 1198 xui
617 1154 702 1197 νύν
771 1144 1005 1220 ἐνεργῶν,
1060 1152 1175 1197 τότε
1239 1149 1327 1217 μεν
1383 1151 1635 1204 τυπικῶς.
1682 1147 1770 1192 νύν

157 1235 225 1290 δὲ
278 1240 462 1296 αὐτοῖς
507 1238 784 1308 πράγμασι
830 1239 920 1286 καὶ
960 1232 1193 1306 ἀληθείᾳο
1245 1229 1368 1286 οὐδὲ
1414 1240 1562 1285 τοῦτο
1591 1233 1652 1282 ἄν
1692 1233 1767 1286 εἴη

159 1334 255 1385 τῆς
304 1325 466 1397 ὀρθῆς
508 1324 707 1375 ἄπωθεν
741 1319 996 1385 διανοίας.
1038 1323 1164 1376 Νόει
1212 1318 1271 1374 δέ
1321 1341 1413 1393 μοι
1449 1320 1673 1372 κάκεῖνο·
1708 1319 1772 1369 Οἱ

1139 1409 1469 1485 Ἰερουσαλὴυ
1532 1407 1773 1466 πολλάκις

1147 1502 1267 1570 θείῷ
1351 1507 1443 1570 νεςῦ
1531 1495 1776 1570 κειμήλια

163 1416 476 1486 Ἀσσυρίων
532 1411 766 1485 βασιλεῖς
839 1417 932 1469 τήν
1007 1430 1060 1462 τε

158 1504 487 1577 ἐπόρθησαν,
583 1508 671 1553 καὶ
743 1503 808 1552 τὰ
865 1499 912 1552 ἐν
984 1508 1055 1570 τῷ

158 1592 525 1649 ἁπεσύλησαν.
577 1596 678 1644 Καὶ
721 1590 876 1642 αύτόν
935 1589 1044 1642 ἔσθ’
1111 1591 1193 1641 ὅτε
1263 1593 1345 1641 τὸν
1429 1592 1548 1639 ναὸν
1609 1589 1772 1657 πυρὸς

155 1684 312 1753 ἔργον
370 1679 738 1752 ἀποφήναντες.
802 1684 903 1732 Καὶ
959 1681 1061 1730 ὅσα
1106 1676 1234 1730 ἄλλα
1302 1681 1330 1735 η
1413 1681 1531 1749 περὶ
1611 1683 1772 1727 ταῦτα

157 1772 373 1840 ἱστορία
421 1766 690 1832 διέξεισιν.
742 1768 799 1820 Ἠ
853 1765 910 1820 δε
970 1777 1068 1819 τῶν
1122 1769 1417 1839 Ἀσσυρίων
1480 1764 1622 1837 ἁρχὴ
1701 1765 1770 1826 εἰς
1804 1790 1847 1844 Β

158 1863 374 1933 Πέρσας
425 1864 690 1931 μετέπεσε,
751 1862 839 1909 καὶ
882 1861 966 1909 τόν
1020 1856 1230 1917 ἐκείνοις
1272 1855 1488 1908 πλοῦτον
1545 1855 1769 1919 ἅπαντα,

156 1949 280 2007 ὅσος
314 1948 428 2018 (88)
464 1966 518 1998 τε
561 1945 610 1998 ἐν
651 1946 920 2020 λαφύροις,
953 1950 1042 1997 καὶ
1087 1947 1204 2005 ὅσος
1234 1947 1282 1996 ἓν
1313 1947 1555 2001 ὑπηκόων
1596 1947 1771 2016 φόροις

155 2036 234 2096 εἰς
276 2035 500 2094 ἐκείνους
549 2040 992 2107 ωμμετέστησεν.
1026 2032 1175 2104 ’Ἃγει
1204 2037 1375 2085 τοίνυν
1425 2033 1450 2084 ὁ
1496 2035 1625 2092 Θεὸς
1655 2035 1772 2092 τοὺς

157 2130 373 2198 Πέρσας
434 2123 500 2184 εἰς
556 2126 915 2196 προσκύνησιν
968 2130 1059 2174 τού
1111 2121 1366 2193 βασιλέως
1414 2129 1504 2173 τοῦ
1538 2120 1770 2195 Ἰσραὴλ,

158 2217 220 2275 ὃς
277 2214 392 2264 ἐστι
439 2216 672 2287 Χριστός
733 2213 758 2263 ὁ
826 2215 955 2272 Θεὸς
1021 2213 1186 2283 ἡμῶν,
1243 2212 1382 2279 ᾧτινι
1456 2216 1546 2262 καὶ
1609 2210 1772 2262 ἀνεῖτο

159 2307 254 2374 μὲν
340 2305 388 2354 ἐν
462 2301 839 2374 Ἰεροσολύμοις
913 2304 1054 2366 νεὼς,
1121 2299 1416 2372 ἀνεφέροντο
1468 2296 1526 2352 δὲ
1572 2305 1661 2351 καὶ
1720 2301 1773 2350 αἱ

161 2393 354 2443 θυσίαι
401 2395 510 2458 (31))
563 2395 652 2441 xui
702 2394 956 2463 τρέχουσι
1006 2386 1254 2462 δρομέως,
1291 2394 1380 2440 καὶ
1418 2393 1774 2460 προσφέρουσι

161 2479 282 2531 ἀντὶ
332 2483 422 2550 μὲν
460 2487 553 2540 τῆς
600 2482 742 2554 παρὰ
790 2488 887 2530 τῶν
942 2483 1174 2551 πατέρων
1224 2478 1388 2530 αύτῶν
1435 2482 1773 2550 γεγενημένης

162 2569 237 2630 εἰς
295 2574 363 2620 τὰ
414 2571 522 2642 ἱερὰ
577 2574 669 2619 τοῦ
723 2573 856 2618 Θεοῦ
906 2567 1115 2638 ἀτιμίας
1163 2571 1340 2639 τιμὴν,
1393 2565 1506 2618 ἀντὶ
1559 2563 1618 2618 δὲ
1675 2576 1773 2619 τῶν

163 2655 487 2730 δυσφημιῶν
569 2656 851 2728 θεολογίαν,
927 2661 1016 2708 καὶ
1086 2659 1445 2730 προσκύνησιν
1511 2655 1618 2708 ἀντὶ
1679 2665 1772 2720 τῆς

160 2746 331 2808 οἶλλης
357 2750 647 2818 παροινίας,
685 2744 800 2797 ἀντὶ
850 2741 908 2797 δὲ
938 2753 1037 2797 τῶν
1087 2745 1558 2816 συλαγωγηθέντων
1605 2742 1769 2816 δῶραο

161 2844 258 2895 τῆς

161 2932 256 2978 xui
321 2929 415 2982 τὴν
474 2930 784 2997 συγγνώμην
824 2922 1030 2983 ἐκείνοις
1089 2919 1185 2975 διὰ
1225 2931 1319 2985 τῆς
1374 2924 1566 2985 οἰκείας
1622 2926 1773 2974 ἐκκα-

322 2843 635 2909 προγονικῆς
693 2835 867 2907 ὥσπερ
948 2833 1481 2907 ύπεραπολογούμενοι
1557 2833 1769 2905 τόλμης,

161 3016 406 3086 λούμενοι
463 3013 719 3085 πράξεως.
811 3017 912 3066 Καὶ
984 3018 1339 3087 προσφέρουσι
1399 3015 1488 3084 μὲν
1566 3016 1772 3086 χρυσὸν

164 3103 282 3155 ἁντὶ
335 3123 427 3155 τον
476 3109 686 3177 χρυσοῦ
735 3121 825 3154 και
877 3110 976 3153 τῶν
1018 3104 1161 3174 ἱερῶν
1215 3100 1505 3172 κειμηλίων,
1550 3102 1617 3151 ὧν
1657 3101 1774 3153 ἓσύ-
1806 3151 1846 3206 C

164 3193 179 3205 ι
387 3189 471 3206 \aﬁ
643 3187 677 3206 δα
728 3189 740 3206 9
815 3197 824 3206 ι
910 3200 927 3206 ν
1016 3193 1035 3206 Ι·
1152 3199 1169 3206 η.
1281 3191 1300 3204 σν
1379 3189 1390 3204 ἳ
1447 3190 1486 3206 ’κ
1757 3196 1766 3206 ι

161 3193 354 3251 ipsum»
387 3189 590 3244 λίϐανον
631 3187 690 3242 δε
719 3189 832 3242 ἀντὶ
862 3200 963 3243 τῶν
1013 3193 1222 3255 θυσιῶν,
1266 3191 1327 3250 ἅς
1371 3189 1651 3257 ἐκώλυσαν,
1687 3196 1774 3243 xui

165 3284 405 3355 σμύρναν
448 3279 531 3333 ἐπὶ
573 3284 690 3340 τούς
727 3279 869 3342 ἅπαξ
903 3279 990 3332 ύπ⁹
1032 3279 1198 3331 αὐτῶν
1238 3278 1586 3353 ἀνῃρημένους
1635 3281 1770 3350 (90),

160 3372 330 3422 πάλαι
384 3373 520 3423 κατὰ
565 3374 660 3429 τὴν
715 3369 1022 3443 πολιορκίαν
1075 3367 1188 3426 ἐνῆν
1249 3369 1426 3430 αύτοίς
1475 3367 1772 3429 ἀναστῆσαι

160 3465 257 3511 καὶ
319 3468 684 3532 παραστῆσαι,
742 3461 916 3530 ὥσπερ
961 3462 1117 3530 τιμὴν
1196 3457 1405 3518 ἐκείνοις
1485 3459 1596 3530 (91)
1677 3465 1770 3517 τὴν

165 3551 406 3620 σμύρναν
451 3549 771 3620 κομίζοντες,
821 3549 970 3619 τάχα
999 3543 1058 3600 δὲ
1101 3552 1191 3598 xui
1235 3551 1330 3606 τὴν
1358 3553 1568 3619 γνώμην
1603 3549 1769 3600 αὐτῶν

163 3633 566 3706 ἐνδεικνύμενοι.
618 3636 707 3698 Ὡς
765 3642 885 3707 τόγε
951 3635 1026 3688 ἐπ’
1085 3636 1270 3698 αύταίς
1350 3641 1440 3688 καὶ
1522 3641 1606 3689 τὸν
1680 3656 1771 3688 xu-

1431 3725 1770 3799 Ἰερουσαλὴμ

164 3818 370 3890 αἱρετὸν
421 3816 534 3886 (92)
609 3811 670 3873 ἦν
735 3814 1040 3869 ἀνανεῶσαι.
1118 3819 1217 3866 Καὶ
1290 3817 1391 3886 γὰρ
1466 3816 1496 3872 ἡ
1568 3818 1773 3890 σμύρνα

163 3729 535 3797 ταστραφέντα
623 3729 763 3792 ναὸν,
853 3731 942 3777 καὶ
1015 3730 1108 3784 τὴν
1202 3725 1346 3778 πόλιν

167 3909 478 3976 συσφίγγειν
533 3906 705 3958 εἴωθεν
771 3907 835 3955 τὰ
912 3900 1172 3956 διεστῶτα
1228 3908 1316 3954 καὶ
1389 3900 1768 3975 διεσπασμένα.

167 3999 268 4046 Καὶ
323 3995 425 4066 γὰρ
467 3992 512 4044 εἰ
548 3998 638 4045 καὶ
693 3991 774 4045 ἐπὶ
813 3989 1020 4064 Ἕσδρᾳ
1067 3993 1179 4062 (93)
1234 4011 1287 4044 τε
1344 3997 1432 4044 xui
1484 3991 1772 4064 Ζοροϐάϐελ.

163 4081 434 4153 ἀνηνέχθη
493 4085 610 4133 τινὰ
663 4091 762 4134 τῶν
830 4081 1372 4155 λαφυραγωγηθέντων
1429 4083 1593 4153 ἱερῶν,
1665 4081 1770 4132 ἀλλ’

161 4167 256 4223 οὖν
310 4167 495 4234 ἐνδεῶς
553 4171 826 4244 ἐπράττετο
885 4179 1070 4235 ταῦτα,
1147 4175 1279 4241 μήτε
1344 4178 1435 4221 τοῦ
1490 4176 1772 4245 Λυτρωτοῦ

163 4266 258 4313 xui
292 4268 526 4332 Σωτῆρος
575 4262 720 4333 ἡμῶν
778 4265 1213 4332 παραγεγονότος,
1263 4265 1395 4330 μήτε
1448 4259 1614 4311 αὐτῶν
1675 4269 1772 4312 τῶν

167 4351 664 4421 συλαγωγησάντων
719 4350 1123 4421 αὐτοπρόσωπον
1181 4353 1274 4406 την
1326 4351 1626 4423 προσφορὰν
1677 4358 1773 4401 τῶν

169 4438 558 4510 σεσυλημένων,
621 4435 748 4488 ἀλλὰ
814 4434 886 4488 δι’
963 4436 1143 4509 ἐτέρων
1228 4440 1561 4506 ποιουμένων.
1648 4443 1773 4509 [Ιροο

168 4534 391 4600 μήνυμα
432 4526 482 4578 Τ
534 4528 595 4577 ἄν
646 4530 720 4583 εἴη
775 4530 866 4577 καὶ
912 4527 940 4582 ἡ
993 4532 1200 4596 Περσῶν
1257 4530 1433 4598 πρώτη
1467 4525 1659 4597 ἄφιξις,
1696 4527 1772 4578 ὅτι

168 4625 378 4689 πρῶτον
417 4617 466 4667 οἱ
515 4615 566 4678 ἐξ
600 4615 772 4679 ἐθνῶν,
826 4619 954 4688 ἥπερ
992 4615 1105 4684 (9η
1146 4615 1172 4665 ὁ
1205 4613 1436 4686 Ἰσραὴλ,
1469 4619 1553 4666 τόν
1592 4615 1776 4668 οἰκεῖον

169 4705 552 4777 έπεγνὼσονται
609 4711 890 4762 Δεσπότην.
957 4700 1080 4756 Εὶὸἐ
1165 4723 1243 4765 τις
1323 4701 1483 4756 ἐθέλοι
1553 4710 1641 4757 καὶ
1715 4708 1781 4758 τὰ

963 4436 1143 4509 ἐτέρων
1228 4440 1561 4506 ποιουμένων.

1809 4392 1852 4445 D

1879 514 2011 581 illis,
2043 519 2098 572 et
2150 517 2420 572 satellitio
2471 518 2636 586 regio
2691 515 2961 587 stipatus.
3015 516 3303 579 Quoniam
3365 536 3545 591 porro

1878 603 2016 658 inde
2056 604 2432 662 Abrahamus
2483 603 2823 677 patriarcha
2880 603 3163 659 oriundus
3216 607 3392 664 etiam
3439 609 3548 666 fuit

1879 693 1952 760 (is
1986 695 2166 763 enim,
2221 711 2293 750 ex
2349 695 2759 750 Chaldaeorum
2811 693 3054 762 regione
3110 695 3366 764 primum
3408 714 3548 768 pro-

1879 780 2085 847 fectus,
2119 783 2303 838 divini
2339 783 2610 839 Numinis
2650 783 3051 851 cognitionem
3097 781 3328 854 publice
3359 786 3543 858 ursit),

1880 878 2194 943 propterea
2223 877 2280 927 et
2302 872 2382 928 illi
2410 873 2586 944 primi
2616 872 2880 928 omnium
2926 872 3158 927 excitati
3191 880 3350 942 sunt,
3384 881 3447 930 ut
3476 891 3548 930 ex

1880 961 2091 1015 eadem
2123 963 2365 1031 regione
2403 963 2477 1018 ad
2516 961 2738 1016 cultum
2795 961 3083 1016 Salvatori
3119 964 3546 1032 praestandum,

1883 1048 2248 1121 advolarent,
2282 1051 2849 1123 sapientissimaque
2871 1051 2998 1106 1]ωο
3048 1066 3249 1106 rerum
3304 1052 3549 1110 directio

1881 1139 2191 1210 perspicue
2212 1140 2573 1210 signiﬁcaret
2593 1139 2873 1194 eumdem
2902 1155 3051 1206 esse,
3094 1140 3194 1211 qui
3229 1146 3284 1196 et
3327 1149 3465 1197 tunc
3495 1147 3550 1198 et

1882 1243 2042 1283 nunc
2063 1236 2428 1300 operaretur,
2454 1235 2593 1284 tunc
2610 1228 2856 1301 quidem
2893 1229 2952 1283 in
2984 1229 3162 1299 typis,
3205 1243 3366 1286 nunc
3409 1247 3548 1288 vero

1881 1333 1943 1372 re
1973 1317 2103 1388 ipsa
2127 1323 2183 1373 et
2223 1333 2421 1390 opere.
2455 1318 2510 1375 Si
2550 1318 2684 1390 quis
2714 1316 2796 1372 ita
2856 1321 3098 1382 statuat,
3129 1334 3238 1372 nec
3295 1318 3455 1376 hunc
3513 1335 3548 1376 a

1880 1410 2040 1462 recto
2066 1405 2290 1475 judicio
2316 1407 2651 1478 putaverim
2684 1406 2982 1462 aberrare.
3012 1407 3141 1461 Jam
3160 1423 3303 1463 vero
3336 1413 3390 1464 et
3431 1409 3546 1464 hoc

1880 1495 2057 1551 velim
2101 1496 2428 1568 expendas.
2487 1495 2866 1566 Assyriorum
2913 1511 3084 1565 reges
3135 1498 3545 1570 Hierosolyma

1880 1600 2038 1655 saepe
2070 1590 2510 1656 expugnarunt,
2554 1584 2899 1656 templique,
2933 1586 3050 1640 Deo
3082 1587 3250 1652 sacri,
3311 1585 3548 1643 cimelia

1879 1673 2476 1746 abstulerunt,ipsum
2490 1674 2784 1730 interdum
2802 1674 3090 1746 templum
3104 1675 3260 1744 ignis
3277 1676 3544 1746 prmdam

1879 1761 2171 1830 facientes,
2201 1768 2265 1819 ut
2286 1763 2456 1835 plura
2478 1762 2596 1819 alia
2621 1768 2874 1830 taceam,
2909 1779 3042 1836 quae
3073 1764 3146 1818 de
3180 1764 3271 1820 his
3297 1765 3548 1822 historia

1881 1851 2077 1906 tradit.
2139 1854 2345 1908 Postea
2382 1852 2767 1923 Assyriorum
2833 1852 3153 1922 imperium
3223 1853 3298 1908 ad
3339 1854 3548 1910 Persas

1880 1939 2168 2012 pervenit,
2195 1955 2523 2012 omnesque
2546 1957 2750 1996 eorum
2772 1955 2933 2013 opes,
2953 1957 3090 2012 qum
3113 1941 3207 1996 vel
3231 1942 3292 1997 in
3319 1942 3545 2012 spoliis,

1878 2027 1970 2083 vel
1997 2029 2055 2084 in
2083 2028 2489 2100 subjectorum
2531 2029 2765 2084 tributis
2809 2031 3020 2101 positae
3056 2036 3246 2097 erant,
3315 2031 3393 2086 ad
3447 2048 3549 2086 eos

1881 2117 2410 2174 transferebantur.
2481 2121 2631 2174 Deus
2674 2118 2878 2189 itaque
2944 2122 3151 2174 Persas
3200 2121 3418 2175 excitat
3470 2120 3548 2175 ad

1881 2206 2295 2262 adorationem
2338 2207 2508 2279 Regis
2548 2206 2795 2275 lsraelis,
2823 2209 2922 2279 qui
2957 2213 3048 2263 est
3078 2207 3358 2273 Christus,
3391 2211 3546 2264 Deus

1880 2300 2106 2363 noster,
2129 2297 2220 2352 cui
2250 2301 2307 2352 et
2330 2296 2621 2368 templum
2653 2296 3077 2369 Hierosolymis
3104 2301 3366 2354 erectum
3397 2302 3538 2362 erat,

1881 2391 1938 2441 et
1967 2384 2254 2442 sacriﬁcia
2277 2385 2701 2441 offerebantur.
2737 2384 2817 2440 Illi
2853 2387 3028 2442 citato
3050 2403 3230 2442 cursu
3288 2386 3360 2442 ad
3409 2403 3548 2444 eum

1881 2474 2172 2540 feruntur,
2201 2475 2373 2546 eique
2399 2491 2502 2545 pro
2547 2474 2806 2546 probris,
2862 2491 2898 2530 a
2944 2475 3272 2545 majoribus
3334 2475 3460 2531 suis
3487 2476 3548 2531 in

1885 2579 2058 2620 sacra
2110 2563 2413 2634 conjectis,
2453 2563 2768 2628 honorem,
2803 2579 2911 2636 pro
2944 2564 3174 2634 injuriis
3204 2563 3363 2630 ﬁdei,
3407 2567 3545 2618 tan-

1882 2669 2068 2726 quam
2098 2652 2158 2708 in
2197 2655 2401 2716 Deum,
2450 2653 2908 2724 professionem,
2964 2668 3073 2725 pro
3128 2653 3364 2724 ﬂagitiis
3414 2653 3543 2708 aliis

1885 2742 2130 2807 cultum,
2157 2757 2264 2813 pro
2290 2742 2487 2813 spoliis
2519 2741 2664 2797 olim
2692 2741 2862 2798 factis
2904 2742 3068 2798 dona
3117 2742 3390 2807 otferunt,
3432 2743 3549 2798 hoc

1887 2833 2066 2887 modo
2117 2833 2289 2904 quasi
2331 2831 2554 2888 avitam
2590 2832 2984 2888 temeritatem
3039 2833 3396 2896 excusaturi,
3453 2847 3550 2887 ve-

1883 2921 2160 2993 niamque
2192 2921 2303 2976 illis
2353 2921 2612 2992 propriis
2670 2922 2791 2975 suis
2840 2920 3109 2976 moribus
3153 2919 3550 2992 procuraturi.

1884 3014 1951 3066 Et
1971 3026 2185 3066 aurum
2211 3009 2452 3081 quidem
2477 3009 2734 3064 offerunt
2757 3025 2859 3079 pro
2887 3025 3033 3064 auro
3059 3010 3162 3063 illo
3183 3014 3239 3064 et
3270 3008 3545 3071 cimeliis,

1885 3117 2018 3172 qua:
2050 3116 2156 3171 per
2182 3099 2453 3170 rapinam
2487 3098 2627 3153 olim
2648 3098 3019 3154 abstulerant
3075 3114 3088 3163 ;
3118 3099 3250 3152 thus
3274 3113 3410 3153 vero
3435 3113 3545 3169 pro

1886 3187 2210 3251 sacriﬁciis,
2231 3203 2366 3258 quae
2383 3185 2506 3241 ﬁeri
2525 3191 2853 3253 vetuerant;
2874 3191 2930 3240 et
2947 3187 3251 3256 myrrham
3285 3185 3546 3257 denique

1883 3292 1991 3349 pro
2024 3275 2156 3340 illis,
2216 3275 2319 3346 qui
2352 3274 2428 3330 ab
2477 3274 2622 3345 ipsis
2652 3279 2820 3329 erant
2865 3272 3156 3339 trucidati,
3179 3289 3449 3345 quosque
3482 3274 3546 3330 in

1881 3363 2292 3438 frequentibus
2315 3363 2439 3419 suis
2469 3362 2906 3432 obsidionibus,
2931 3362 3186 3418 excitare
3217 3368 3272 3418 et
3302 3364 3364 3418 in
3401 3363 3546 3419 inte-

1882 3471 2052 3528 grum
2069 3455 2368 3510 restituere
2392 3453 2723 3524 potuissent
2761 3452 2891 3520 ;his
2935 3453 3096 3508 enim
3143 3453 3391 3524 myrrha
3429 3453 3551 3509 cul-

1882 3553 2008 3602 tum
2041 3543 2400 3614 quasisuum
2426 3546 2482 3598 et
2509 3540 2774 3597 studium
2811 3541 3005 3598 testari
3058 3546 3354 3613 poterant.
3407 3540 3548 3598 For-

1882 3639 2038 3691 tasse
2053 3649 2192 3688 vero
2221 3633 2402 3688 etiam
2425 3647 2526 3704 per
2543 3630 2854 3702 myrrham
2870 3631 3055 3686 animi
3069 3631 3160 3686 sui
3193 3630 3549 3686 sententiam

1881 3723 2182 3780 declarare
2213 3721 2549 3787 voluerunt,
2603 3719 2767 3791 quod
2819 3720 3033 3776 scilicet
3077 3735 3182 3791 pro
3238 3718 3385 3774 virili
3441 3733 3550 3774 sua

1879 3819 2039 3886 parte
2066 3807 2358 3883 templum
2398 3810 2542 3866 olim
2580 3825 2855 3866 eversum
2877 3814 2933 3865 et
2972 3808 3182 3864 urbem
3221 3807 3550 3864 Jerusalem

1880 3902 2211 3957 instaurare
2250 3899 2501 3954 libenter
2544 3897 2776 3954 vellent.
2828 3897 3055 3968 Myrrha
3085 3897 3245 3952 enim
3290 3913 3379 3965 ea,
3419 3911 3549 3967 qua:

1880 3990 2162 4046 distracta
2182 3994 2238 4043 et
2267 3987 2602 4043 disturbata
2629 3991 2788 4055 sunt,
2824 3986 3228 4055 constringere
3285 3992 3341 4040 et
3361 3985 3551 4039 conti-

1880 4094 2019 4133 nere
2041 4077 2206 4133 solet.
2239 4076 2521 4136 Quamvis
2547 4078 2706 4129 enim
2730 4074 2841 4128 sub
2885 4073 3080 4128 Esdra
3109 4079 3165 4128 et
3191 4072 3551 4128 Zorobabele

1881 4166 2184 4229 nonnulla,
2244 4180 2381 4235 quae
2421 4180 2494 4219 ex
2552 4163 2739 4218 sacris
2777 4162 2836 4216 in
2899 4162 3160 4233 praedam
3224 4167 3544 4228 cesserant,

1883 4255 2258 4317 offerrentur,
2285 4258 2456 4309 tenue
2499 4258 2697 4308 tamen
2755 4251 2898 4306 illud
2943 4266 3122 4306 omne
3168 4255 3223 4305 et
3253 4251 3545 4316 leveerat,

1885 4363 2014 4402 cum
2039 4361 2148 4400 nec
2175 4343 2479 4398 Liberator
2503 4347 2560 4397 et
2616 4343 2887 4398 Servator
2936 4346 3138 4396 noster
3185 4339 3544 4410 advenisset,

1885 4450 1995 4491 nec
2024 4433 2122 4496 illi.
2159 4433 2261 4504 qui
2291 4430 2562 4504 praedam
2593 4431 2872 4494 fecerant,
2916 4429 3108 4501 spolia
3147 4428 3248 4484 illa
3277 4427 3409 4500 ipsi,
3443 4427 3550 4484 sed

1887 4540 1992 4596 per
2043 4523 2212 4588 alios,
2264 4520 2562 4576 offerrent.
2603 4520 2784 4575 Porro
2839 4517 2999 4574 idem
3048 4517 3362 4573 Persarum
3413 4522 3549 4573 ante

1888 4620 2131 4670 caateros
2152 4612 2448 4668 adventus
2466 4608 2989 4682 prasigniﬁcabat,
3017 4607 3262 4678 gentiles
3301 4607 3546 4680 priores,

1889 4720 2071 4778 quam
2095 4703 2354 4766 Judaeos,
2396 4699 2718 4758 Dominum
2742 4715 2921 4755 suum
2953 4698 3260 4768 agnituros
3299 4713 3451 4754 csse.
3490 4697 3548 4753 Si

1694 4911 1751 4979 N
1760 4909 1962 4981 ΟΤΔΕ

241 5084 565 5162 (87)-οοί.ςῑ.
600 5083 1074 5162 δωρυφορούμενος.
1105 5086 1446 5162 Legendum
1473 5086 1778 5162 Videripo.

167 5157 826 5233 πετειδωροφορούμενὸς,
861 5157 1031 5230 quasi
1062 5159 1408 5233 muneribus
1440 5157 1778 5233 colgonesla-

163 5241 290 5289 (us.
328 5229 575 5287 Praestat.
612 5229 752 5286 vero
779 5229 1050 5286 nostrum
1080 5229 1244 5293 illud,
1289 5245 1404 5301 quo
1443 5234 1499 5285 et
1531 5229 1776 5286 Photius

162 5304 335 5368 alias,
391 5319 448 5359 et
484 5303 810 5373 Scriptores
850 5302 1188 5373 frequenter
1230 5307 1494 5362 utuntur,
1555 5301 1654 5373 ubi
1703 5301 1778 5355 de

165 5367 444 5448 satellitio
483 5367 1016 5448 regiosermogst.
1073 5371 1216 5448 Vide
1257 5388 1393 5448 qua:
1434 5373 1532 5448 de,
1557 5367 1778 5448 δορυφό-
1819 5431 1829 5438 ο

164 5467 284 5518 got;
314 5444 484 5501 affert
513 5443 746 5518 Ellisius
779 5445 840 5499 in
881 5443 1168 5518 Fortuitis
1197 5443 1473 5518 sacris}.
1508 5447 1593 5499 50.
1620 5443 1778 5518 etde

167 5514 772 5643 fepufopoagsi‘l‘lzech.
807 5516 1208 5588 Spanhemins
1247 5515 1327 5571 ad
1375 5514 1633 5573 Casares
1677 5517 1783 5571 Ju-

197 5606 328 5643 tam
356 5606 415 5643 D.
571 5631 582 5643 .

174 5592 330 5647 ιὶαηί
356 5606 415 5647 D.
458 5592 582 5644 384.

243 5606 328 5646 mi
356 5606 415 5660 p.
458 5606 582 5644 om.

243 5664 355 5728 (88)
385 5661 470 5717 Ita
503 5659 644 5716 Colb
677 5675 782 5735 pro
806 5657 970 5713 Ὀσα.

1961 5085 2072 5158 (89)
2115 5084 2298 5158 Coisl._
2317 5083 2472 5141 male
2501 5081 2765 5138 ἁνθυσίαι.

1961 5087 2051 5158 (89
2115 5087 2285 5142 Coisl.
2317 5087 2472 5141 male
2501 5087 2765 5138 ἀνθυσίαι.

1958 5087 2072 5229 (9οζ
2112 5161 2240 5230 Post
2278 5155 2625 5230 ἀνῃρημένους
2684 5158 2838 5230 puto
2883 5167 2987 5224 per
3039 5150 3390 5230 afﬁnitatem
3421 5151 3538 5224 syl-

1886 5223 2071 5312 labae:
2097 5229 2315 5284 ultimas
2347 5223 2654 5283 excidisse
2690 5223 2777 5286 οὕς
2814 5223 3108 5298 frequenti
3160 5223 3530 5282 librariorum

1886 5315 2136 5357 lDOlll‘la.

1957 5371 2073 5442 (9t)
2117 5375 2197 5426 Ita
2224 5368 2418 5442 scribo
2440 5366 2818 5442 pro_éxs£vou;.

1981 5438 2076 5525 ξε)
2099 5444 2190 5525 Sic
2221 5440 2384 5496 Colb.
2416 5438 2523 5525 p39
2548 5438 2760 5516 ἀρετῶν.

1981 5509 2073 5586 93)
2097 5513 2260 5586 Idem
2278 5528 2384 5586 pro
2416 5509 2614 5586 Ἐδροί.

1984 5583 2076 5660 94)
2100 5584 2188 5642 Sic
2213 5583 2407 5640 scribo
2428 5583 2538 5658 pro
2576 5586 2741 5665 εἴπερ.
