4026 6206
540 250 669 308 1151

1751 250 1987 309 PHOTII
2028 244 2507 307 PATRIARCHAE
2548 246 2651 308 Cp.
3729 256 3816 317 ,περ

534 378 668 451 quis
698 378 955 449 denique
982 378 1057 433 de
1080 378 1293 433 oblatis
1323 379 1437 435 illis
1469 385 1727 436 statuere
1762 380 1943 449 malit,
1978 394 2193 434 aurum

2309 380 2761 451 προσκομισθέντα
2813 375 2961 451 δῶρα
3007 382 3093 431 τὸν
3145 383 3235 450 μὲν
3292 385 3497 452 χρυσόν
3566 387 3629 443 ως
3686 388 3831 438 Βασιλεῖ

534 466 780 538 quidem
812 466 1064 531 Christo,
1118 472 1180 521 ut
1243 467 1382 533 Regi
1435 467 1613 537 hujus
1672 467 1949 531 universi,
2011 465 2199 520 instar

537 554 754 621 tributi,
790 560 847 610 et
900 554 957 608 in
1013 554 1359 610 obedientiaa
1390 562 1834 625 argumentum,
1873 556 2007 611 thus
2037 570 2196 619 vero,

538 649 600 699 ut
630 645 764 709 Deo,
797 642 1103 714 myrrham
1145 644 1424 715 denique,
1469 649 1528 699 ut
1572 644 1690 709 tali,
1753 645 1850 714 qui
1880 659 1989 715 pro
2022 642 2197 697 nobis

537 733 862 788 moriturus
886 732 976 797 sit,
1008 731 1209 787 oblata
1230 748 1360 786 esse
1382 749 1395 797 ;
1416 732 1475 787 id
1506 748 1749 805 quoque
1779 748 1901 788 non
1924 732 2201 787 inconve-

538 822 768 877 nienter
798 820 978 876 modo
1009 820 1181 876 dictis
1197 822 1373 891 jungi
1400 822 1606 893 possit.

751 944 1069 1009 QUASSTIO
1101 943 1323 999 CCCVll
1348 942 1551 1016 [CoisL
1592 945 1772 1000 Taur.
1806 942 1985 1016 CXX.]

543 1044 666 1098 Cur
692 1043 967 1111 praecipit
1008 1042 1269 1098 Herodes
1308 1043 1521 1112 Magis,
1555 1043 1660 1113 qui
1687 1043 2057 1098 Salvatorem
2078 1056 2198 1113 no-

608 1121 796 1170 strum
826 1114 1124 1169 Christum
1142 1111 1460 1169 adoraturi
1476 1111 1782 1170 veniebant
1810 1131 1826 1168 :
1855 1135 1882 1161 «
1914 1111 2201 1184 lnquirite

609 1186 946 1255 diligenter,
983 1204 1010 1235 ν
1038 1185 1332 1255 inquiens,
1366 1206 1389 1233 α
1419 1188 1480 1240 in
1505 1201 1757 1254 puerum
1788 1184 1925 1250 ;ubi
1952 1183 2086 1240 vero
2113 1183 2199 1255 in-

611 1257 899 1367 ﬁget-itis,
924 1256 1265 1367 ζορξαηιίαιε
1292 1256 1455 1328 mihi,
1488 1264 1551 1312 ut
1582 1262 1633 1312 et
1665 1272 1769 1326 ego
1800 1257 2035 1313 veniens
2060 1254 2201 1311 ado-

818 1346 890 1367 ηη
1061 1350 1083 1367 ,ι

610 1343 731 1385 rem
765 1344 893 1385 eum
927 1330 973 1362 ³⁸
998 1330 1025 1381 ?
1060 1350 1083 1377 ι)

2307 469 2721 540 προσενεχθῆναι
2768 477 2866 519 τῶν
2914 468 3064 535 ὅλων,
3114 472 3268 522 οἱονεὶ
3312 476 3465 544 φόρον
3499 476 3611 523 τινὰ
3637 479 3711 524 καὶ
3747 476 3834 526 5:2-

2305 564 2428 617 κοῆς
2463 564 2696 627 σημεῖον,
2740 558 2805 617 ὡς
2835 562 2941 627 Θεῷ
2969 555 3028 609 δε
3079 561 3165 610 τὸν
3190 557 3389 611 λίϐανον
3419 566 3509 612 καὶ
3552 565 3770 632 σμύρναν,
3794 567 3839 623 ὡς

2308 638 2381 694 δι’
2406 645 2547 714 ημᾶς
2574 650 2897 717 γενησομένῳ
2922 655 3102 718 νεκρῷ,
3130 652 3220 699 xui
3244 656 3394 701 τοῦτο
3424 648 3519 700 ούκ
3550 650 3606 700 ἄν
3636 648 3837 722 ἀναρμόσ-

2307 752 2407 794 τως
2436 742 2508 803 τῷ
2538 736 2836 806 προτιθέντι
2866 738 3196 809 περιαφθείη.

2880 955 3193 1002 ΕΡΩΤΗΣΙΣ
3230 949 3344 1003 ΤΖ’.

2311 1045 2407 1119 Διά
2451 1048 2502 1096 τί
2555 1042 2898 1097 ἐπικελεύεται
2942 1047 2966 1097 ὁ
3018 1043 3260 1119 Ἡρώδης
3309 1054 3414 1107 τοῖς
3446 1047 3515 1109 εἰς
3553 1051 3851 1119 προσκύνησιν

2381 1117 2792 1193 ἦκουσινᾼτοῦ.
2854 1117 3091 1186 Σωτῆρος
3165 1120 3311 1189 ἡμῶν
3390 1117 3620 1193 Χριστοῦ
3691 1122 3852 1193 μάγοις,

2386 1141 2598 1173 ηχουσιν
2679 1141 2769 1168 του
2854 1141 3091 1186 ιωτηρος
3165 1141 3311 1189 ημων
3394 1141 3620 1193 λριστου
3691 1175 3699 1190 ⁸
3783 1141 3852 1184 οις,

2386 1207 2409 1261 ς(
2458 1187 2718 1261 ,Ἀκρισῗῶς
2774 1187 3065 1261 ἐξετάσατε,
3124 1189 3301 1261 λέγων,
3355 1197 3475 1261 περὶ
3527 1198 3614 1242 τοῦ
3664 1141 3853 1257 πέῗδίον,

2382 1255 2505 1309 ἐπὰν
2559 1255 2621 1311 δε
2672 1260 2873 1333 εύρητε,
2925 1255 3275 1332 ἀπαγγείλατέ
3311 1255 3428 1333 μοι,
3467 1262 3551 1313 ἶνα
3579 1261 3707 1333 κάγώ
3739 1255 3855 1315 ἐλθὼν

2382 1336 2733 1401 προσκυνήσω
2761 1331 2899 1402 αύτῷ
2923 1348 2937 1399 ;
2973 1352 2998 1379 η

932 1437 1210 1486 Editarum
1241 1451 1272 1487 a
1306 1436 1493 1486 Wolﬁo
1521 1436 1935 1499 quadragesima
1964 1434 2017 1496 (1.
2051 1447 2097 1484 c.
2126 1446 2177 1495 p.

2309 1436 2430 1482 -699.
2464 1436 2705 1487 Galland.
2735 1453 2785 1501 p.
2819 1440 2928 1494 711.
2960 1439 3069 1501 712,
3103 1453 3155 1489 n.
3194 1441 3269 1494 15,
3307 1453 3359 1503 q.
3392 1441 3519 1501 120).

614 1545 673 1601 Id
704 1544 948 1617 quidem
982 1544 1316 1599 secundum
1346 1559 1583 1599 sensum
1616 1542 1923 1599 litteralcm
1952 1542 2084 1596 ideo
2118 1540 2200 1597 fa-
2238 1538 2279 1593 Β

542 1635 754 1701 ciebat,
787 1634 944 1704 quod
975 1634 1100 1705 ipse
1155 1638 1279 1688 erat
1341 1636 1456 1687 Rex
1513 1632 1747 1701 Judaeaa,
1807 1635 2203 1703 perceptoque

542 1722 898 1793 Regispartu
938 1722 1455 1790 consternabatur,
1511 1727 1683 1792 atque
1731 1720 1883 1776 adeo
1924 1734 2055 1774 eum
2116 1720 2204 1772 in-

540 1812 802 1867 terﬁcere
844 1810 1140 1874 studebat,
1201 1809 1303 1880 qui
1360 1809 1671 1881 imperium
1732 1809 1843 1864 sibi
1891 1814 2201 1879 erepturus

541 1900 876 1956 videbatur.
909 1899 1204 1963 Quoniam
1233 1914 1369 1954 vero
1398 1915 1537 1953 eum
1566 1897 1883 1953 difﬁculter
1939 1897 2200 1952 invenire

542 1993 789 2061 poterat,
823 1988 995 2043 dolos
1024 1994 1079 2043 et
1108 1988 1382 2043 fraudem
1425 1987 1625 2043 nectit.
1652 1988 1974 2060 Propterea
2020 1987 2198 2042 etiam

542 2078 663 2135 ait:
698 2100 725 2127 ‹‹
750 2079 1021 2145 Utetego
1049 2076 1295 2131 veniens
1336 2076 1585 2133 adorem
1635 2076 1825 2133 illum.
1852 2098 1880 2128 »
1926 2076 2059 2132 Hmc
2108 2092 2199 2131 ex-

540 2167 753 2240 positio
775 2183 847 2222 ex
869 2167 1209 2238 verbisipsis
1236 2166 1517 2222 nascitur.
1543 2167 1815 2222 Fortasse
1851 2182 1990 2221 vero
2021 2165 2198 2221 etiam

542 2256 758 2313 invitus
786 2257 911 2328 ipse
937 2256 1315 2327 praenuntiat,
1350 2255 1474 2311 fore
1523 2261 1586 2311 ut
1638 2271 1761 2311 non
1822 2256 2018 2311 solum
2063 2270 2202 2324 gen-

541 2345 667 2401 tiles
698 2361 802 2417 per
826 2345 1055 2412 Persas,
1086 2344 1189 2416 qui
1232 2344 1494 2415 primum
1550 2348 1856 2410 venerant,
1902 2344 2201 2400 Christum

539 2436 873 2499 adorarent,
920 2433 1023 2489 sed
1054 2434 1331 2489 etJudaaa
1361 2435 1652 2497 universa,
1685 2440 1821 2506 post
1848 2433 2078 2489 cultum
2125 2433 2202 2489 ab

540 2523 654 2579 illis
673 2522 1020 2591 prmstitum,
1051 2539 1189 2577 eum
1243 2523 1512 2592 religiose
1554 2528 1951 2578 veneraretur.
1984 2522 2107 2588 Vel,
2155 2526 2203 2582 si

540 2611 736 2677 malis,
764 2611 1095 2683 procliviori
1118 2612 1295 2665 modo
1326 2612 1478 2667 ratio
1510 2612 1708 2683 typiea
1728 2611 1963 2667 ostendi
1991 2612 2203 2683 possit.

541 2699 797 2755 Herodes
814 2698 973 2754 enim
1010 2699 1135 2771 ipse
1166 2699 1321 2754 duas
1354 2698 1483 2755 illas
1515 2706 1720 2769 gentes
1778 2707 2203 2770 repraesentare

541 2793 740 2861 queat,
764 2789 867 2859 qui
923 2804 995 2843 ex
1048 2789 1324 2857 gentibus
1369 2794 1533 2844 ortus
1578 2789 1793 2844 Judaais
1850 2788 2200 2860 imperabat,

2382 1542 2543 1596 Ὅσον
2792 1544 2892 1597 ἀπὸ
2942 1552 3036 1598 τοῦ
3082 1548 3407 1619 γράμματος,
3468 1544 3565 1599 διὰ
3617 1554 3750 1598 τοῦτο
3800 1547 3858 1597 ὃτι

2315 1630 2562 1703 βασιλεὺς
2634 1634 2696 1691 ἦν
2764 1642 2857 1696 τῆς
2922 1630 3207 1699 Ἰουδαίας,
3281 1640 3371 1687 καὶ
3434 1633 3685 1708 βασιλέως
3747 1641 3858 1687 τόκον

2313 1719 2563 1786 ἀκούσας,
2656 1722 2927 1796 ἐταράχθη
3010 1742 3064 1775 τε
3134 1728 3221 1775 καὶ
3296 1724 3471 1784 ἐζήτει
3558 1723 3730 1776 ἀνελεῖν
3796 1726 3858 1774 τόν

2311 1808 2639 1883 ἐλπιζόμενον
2700 1812 3001 1886 παραλῦσαι
3068 1820 3159 1872 τῆς
3217 1812 3495 1885 βασιλείας
3548 1812 3711 1867 αὐτόν.
3784 1816 3856 1864 Καὶ

2311 1898 2513 1975 ἐπείπερ
2568 1900 2661 1953 ούκ
2718 1898 2777 1959 ἦν
2833 1903 2956 1975 ῥᾷον
3015 1905 3171 1953 αὑτὸν
3257 1901 3505 1976 ἀνευρεῖν,
3584 1899 3723 1954 δόλον
3763 1920 3861 1973 προ-

2310 1988 2550 2042 ϐάλλεται
2596 1995 2684 2042 xui
2722 1992 2947 2048 ἀπάτην.
3007 1996 3106 2043 Καὶ
3158 1988 3251 2043 διὰ
3294 1995 3447 2043 τοῦτό
3501 2008 3670 2061 φησιν·
3716 2011 3737 2039 ι
3782 1988 3864 2040 Ἱνα

2309 2076 2453 2149 κάγὼ
2485 2077 2637 2130 ἐλθὼν
2667 2084 3015 2153 προσκυνήσω
3060 2080 3222 2149 αὐτῷ.
3274 2100 3303 2131 ν)
3362 2080 3499 2133 ’Δ).λ⁹
3551 2081 3673 2137 αὕτη
3722 2083 3796 2150 μὲν
3838 2081 3857 2135 i:

2310 2165 2393 2218 ἐπὶ
2446 2177 2517 2237 τῷ
2573 2170 2847 2242 γράμματι
2897 2174 3229 2231 κατανόησις.
3296 2172 3457 2240 Τάχα
3516 2166 3573 2221 δι
3623 2174 3703 2219 καὶ
3761 2170 3863 2217 ἱκων

2310 2260 2621 2330 προφητεύει
2663 2261 2720 2309 τό
2762 2257 2974 2329 μελλων,
3031 2259 3110 2310 ὅτι
3155 2264 3224 2325 μὴ
3259 2263 3412 2329 μόνον
3444 2262 3512 2311 τὰ
3541 2260 3651 2315 ἔθνη
3684 2254 3763 2309 διὰ
3787 2266 3862 2308 τῶν

2315 2352 2524 2418 Περσῶν
2570 2351 2925 2421 προσκυνήσει
2976 2350 3063 2399 τὸν
3143 2350 3392 2419 Χριστόν,
3447 2346 3575 2398 ἀλλὰ
3634 2350 3749 2417 μετὰ
3795 2350 3867 2399 τὴν

2313 2434 2514 2486 ἐκείνων
2556 2438 2913 2507 προσκύνησιν
2961 2441 3050 2488 xui
3088 2433 3322 2489 Ἰουδαία
3366 2443 3518 2489 πᾶσα
3561 2439 3865 2508 προσκυνήσει

2314 2523 2476 2592 αύτῷ.
2533 2524 2593 2576 Εἰ
2648 2522 2824 2595 βούλει
2868 2521 2947 2589 δὲ,
2999 2529 3089 2577 καὶ
3139 2524 3353 2577 αὐτόθεν
3412 2526 3528 2595 ἔχει
3576 2526 3600 2575 ό
3652 2526 3787 2581 τύπος
3821 2526 3863 2573 τέ

2315 2610 2714 2664 ἀπευθύνεσθαι.
2759 2620 2869 2666 Τῶν
2906 2616 3007 2687 γὰρ
3050 2609 3145 2665 δύο
3184 2613 3316 2665 λαῶν
3358 2618 3501 2686 φέροι
3530 2615 3590 2664 οἰν
3626 2606 3867 2685 ὁἨρώδιςς

2314 2700 2611 2772 ἐκτύπωμα.
2664 2702 2751 2764 Ἐξ
2792 2700 2944 2754 ἐθνῶν
2995 2704 3096 2774 γὰρ
3154 2703 3220 2753 ὢν
3266 2699 3546 2755 Ἰουδαίων
3602 2701 3864 2761 ίϐασιλευιν,

2315 2796 2403 2842 καὶ
2455 2794 2531 2849 εἴη
2603 2790 2663 2842 ἆν
2738 2790 2875 2842 ἄκων
2926 2798 3015 2844 καὶ
3071 2797 3141 2863 μὴ
3200 2788 3370 2855 εἰδὼς,
3449 2794 3475 2845 ὃ
3552 2793 3697 2862 λέγει,
3761 2790 3866 2859 ὅμως

542 2884 720 2951 atque
753 2878 925 2947 adeo,
958 2877 1231 2948 quamvis
1270 2878 1509 2946 invitus,
1543 2884 1617 2943 et,
1680 2894 1815 2949 quae
1846 2877 2026 2941 dicat,
2078 2878 2200 2948 ipse

2314 2883 2667 2952 προφητεύων,
2740 2886 2829 2932 καὶ
2907 2883 2974 2942 ὡς
3058 2879 3112 2932 ἐκ
3180 2888 3467 2955 προσώπου
3556 2883 3732 2939 παντὸς
3799 2884 3866 2927 τοῦ

540 2967 793 3035 nescius,
827 2967 1171 3038 prophetam
1207 2968 1346 3037 agit,
1399 2982 1843 3039 personamque
1890 2967 2065 3021 totius
2106 2982 2207 3036 ge-

540 3056 699 3113 neris
728 3056 995 3123 humani,
1030 3055 1335 3127 gentilium
1368 3071 1539 3127 mque
1568 3072 1638 3111 ac
1666 3056 2031 3119 Judaeorum,
2072 3071 2203 3109 sus-

540 3148 752 3213 tinens,
802 3147 920 3201 Deo
983 3144 1054 3200 ad
1119 3145 1395 3201 homines
1462 3145 1796 3211 divertenti,
1858 3144 2203 3214 religiosum

538 3235 764 3291 cultum
798 3235 1203 3305 praestandum
1261 3250 1410 3299 esse,
1473 3234 1799 3305 proﬁtetur.
1858 3234 2005 3291 Nihil
2071 3250 2203 3289 vero

540 3324 757 3387 obstat,
790 3324 1114 3395 quominus
1140 3323 1497 3394 prophetam
1560 3323 1753 3396 egisse
1811 3323 2200 3378 existimetur.

541 3413 819 3467 Similiter
848 3413 1005 3466 enim
1037 3416 1095 3466 et
1127 3411 1381 3483 Caiphas
1436 3412 1749 3482 ignorabat
1801 3413 1943 3484 quid
2000 3412 2203 3485 loque-

539 3507 715 3555 retur.
750 3502 895 3554 Nam
918 3500 1064 3553 dum
1090 3516 1260 3554 meus
1320 3501 1449 3571 ejus
1492 3500 1822 3556 furibunda
1878 3501 1938 3556 in
1986 3502 2200 3557 caedem

542 3588 860 3651 ferebatur,
902 3588 1077 3642 labiis
1104 3593 1301 3643 tamen
1328 3588 1672 3643 vaticinium
1704 3588 1943 3658 edebat,
1966 3589 2197 3645 dicens:

540 3698 566 3724 ι(
612 3676 855 3730 Praestat
884 3692 1072 3730 unum
1105 3676 1411 3737 hominem
1432 3678 1603 3741 mori,
1632 3692 1815 3749 quam
1846 3682 2025 3732 totam
2057 3694 2202 3746 gen-

538 3770 656 3821 tem
710 3764 898 3835 perire
922 3766 988 3815 ³⁵.
1013 3763 1175 3819 »Nisi
1241 3766 1400 3819 enim
1454 3764 1719 3821 Christus
1782 3768 1936 3821 Deus
2000 3773 2202 3822 noster

537 3858 790 3910 mortem
808 3852 1061 3919 obiisset,
1085 3868 1273 3923 genus
1292 3853 1628 3910 humanum
1651 3871 1963 3928 nunquam
1998 3855 2203 3911 fuisset

537 3944 851 3999 salvatum.
882 3943 1165 4008 Quamvis
1183 3943 1338 3997 enim
1365 3948 1609 4015 uterque
1642 3960 1849 4000 eorum
1876 3944 2037 4001 dono
2073 3962 2197 4017 pro-

539 4033 775 4106 phetico
804 4038 959 4087 esset
989 4032 1294 4103 indignus,
1335 4032 1473 4088 hinc
1532 4039 1730 4090 tamen
1785 4034 2196 4100 sacerdotalis,

538 4124 676 4179 hinc
695 4122 1148 4193 regiadignitas,
1174 4122 1312 4178 doni
1345 4122 1594 4194 alicujus
1620 4122 1869 4179 fructum
1901 4124 2198 4196 capiebat,

2315 2966 2637 3040 ἀνθρωπίνου
2678 2972 2849 3040 γένους
2896 2970 3001 3021 οἷον
3062 2972 3215 3022 ἐθνῶν
3262 2989 3317 3022 τε
3364 2976 3458 3023 xui
3508 2966 3757 3023 Ἰουδαίων
3800 2970 3867 3021 τὶν

2314 3060 2671 3129 προσκύνησιν
2730 3057 3117 3130 ἀνομολογησας
3175 3068 3245 3111 τῶ
3314 3057 3702 3132 ἐπιδημήσαντι
3772 3058 3867 3127 πρὸς

2314 3144 2618 3220 ἀνθρώπους
2696 3155 2828 3217 Θεῷ.
2927 3144 3093 3200 Ούδεν
3169 3144 3229 3200 δὲ
3302 3149 3491 3201 κωλύει
3581 3146 3865 3221 προφητεύειι

2313 3235 2487 3288 αὐτόν.
2543 3241 2642 3289 Καὶ
2688 3239 2789 3310 γὰρ
2818 3242 2907 3289 καὶ
2954 3239 2981 3288 ό
3029 3240 3261 3309 Καῑάφας
3291 3237 3385 3290 ούκ
3418 3234 3541 3311 ᾔδει
3569 3239 3673 3310 μὲν,
3696 3238 3720 3287 ὅ
3744 3234 3863 3303 λέγει.

2312 3324 2471 3378 Ἀλλὰ
2499 3328 2555 3377 τό
2586 3333 2677 3385 τῆς
2721 3322 2948 3397 καρδίας
2976 3325 3137 3379 αὐτοῦ
3166 3323 3425 3398 μανιῶδες
3453 3330 3586 3401 πρὸς
3616 3328 3864 3397 μιαιφονίαν

2313 3412 2639 3486 ἀνηρέθιστο,
2693 3417 2758 3467 τὰ
2794 3415 2947 3487 χείλη
2990 3412 3048 3468 δε
3101 3421 3419 3490 προφητείαν
3476 3415 3691 3488 ἐξέφερον
3740 3411 3779 3463 ὁ
3810 3417 3863 3477 τῷ

2308 3503 2489 3575 λέγειν·
2544 3524 2572 3556 (ι
2605 3509 2875 3579 Συμφέρει,
2911 3505 2993 3556 ἵνα
3039 3506 3110 3567 εἷς
3163 3507 3424 3578 ἀποθάνῃ,
3470 3511 3560 3557 καὶ
3605 3510 3672 3576 μὴ
3702 3502 3795 3554 ὀλον
3819 3502 3862 3549 τὸ

2311 3591 2445 3651 ἑθνος
2500 3590 2839 3651 ἀπόληται.»
2887 3598 2986 3646 Καὶ
3028 3597 3125 3665 γὰρ
3177 3594 3223 3647 εὶ
3263 3578 3335 3666 μη
3384 3597 3614 3667 Χριστὸς
3663 3591 3861 3642 ἀπέθανεν

2310 3682 2335 3731 ό
2383 3685 2500 3741 Θεὸς
2543 3684 2710 3753 ἡμῶν,
2765 3682 2858 3734 ούκ
2905 3684 2966 3733 οἷν
3020 3694 3077 3735 το
3129 3681 3451 3757 ἀνθρώπινον
3490 3687 3627 3755 γένος
3662 3681 3861 3738 ἐσώζετο-

2311 3768 2368 3821 Εί
2423 3773 2522 3843 γάρ
2589 3775 2679 3822 καὶ
2753 3769 2953 3833 ἀνάξιος
3033 3771 3266 3846 ἑκάτερος
3344 3772 3517 3824 αὐτῶν
3592 3770 3861 3843 προφητικού

2308 3863 2644 3931 χαρίσματος
2674 3858 2976 3932 ἔτύφχανεν,
3030 3859 3135 3912 ἀλλ’
3188 3870 3275 3913 οῦν
3329 3866 3449 3932 τόγε
3497 3868 3591 3923 τῆς
3629 3860 3861 3931 ἱερωσύνης

2311 3946 2533 4019 ἀξίωμα,
2580 3952 2763 4001 καὶτὸ
2817 3957 2909 4011 τῆς
2959 3947 3231 4021 βασιλείας
3268 3952 3340 4002 ἔτι
3394 3953 3532 4011 τινός
3578 3953 3862 4022 χαρίσματσς

2308 4042 2694 4109 παραπόλαυεν,
2728 4040 2869 4090 οὔπω
2898 4046 2987 4098 τῆς
3017 4041 3152 4090 κατὰ
3189 4046 3280 4091 τοῦ
3308 4044 3574 4091 Δεσπότου
3612 4037 3863 4109 μιαιφονίας

2309 4129 2509 4186 τούτοις
2563 4126 2957 4199 τετολμημένης.
3013 4123 3183 4189 Ἱδοις
3265 4124 3313 4179 δ’
3384 4130 3448 4180 ἅν
3537 4124 3861 4198 παραπλεσίως

535 4212 1029 4285 quandoquidem
1061 4211 1138 4267 ad
1169 4212 1393 4267 caedem
1438 4212 1671 4269 Domini
1713 4214 1896 4270 nostri
1927 4214 2199 4270 nondum

2309 4219 2513 4278 τούτοις
2558 4222 2648 4268 καί
2696 4218 2840 4289 ἕτεροί
2907 4236 3020 4269 τινα
3085 4220 3359 4290 κακούργῳ
3415 4222 3507 4288 μὲν
3578 4220 3735 4287 γνώμη
3793 4212 3860 4261 καὶ

539 4307 709 4361 erant
739 4302 1053 4374 progressi.
1118 4301 1330 4357 Videas
1373 4318 1511 4358 vero
1544 4302 1813 4358 similiter
1861 4304 2039 4360 etiam
2083 4305 2199 4361 alia

539 4391 843 4465 quaedam,
891 4392 1049 4447 malo
1103 4390 1348 4463 quidem
1392 4393 1595 4448 animo
1647 4398 1701 4448 et
1742 4394 2198 4463 sanguinolento

538 4482 767 4554 impetu
800 4481 1052 4553 prolata,
1086 4481 1270 4535 instar
1298 4480 1725 4546 vaticiniorum,
1765 4489 2043 4538 eventum
2078 4500 2199 4538 sor-

538 4572 643 4627 tita
662 4571 861 4627 fuisse.
885 4570 1018 4626 Tale
1046 4574 1169 4625 erat
1190 4568 1362 4624 illud:
1391 4593 1417 4618 «
1443 4570 1698 4639 Sanguis
1722 4571 1850 4641 ejus
1878 4588 2055 4643 super
2084 4588 2193 4628 nos

538 4665 594 4717 et
623 4676 803 4732 super
840 4660 1058 4716 liberos
1098 4664 1329 4715 nostros
1388 4660 1455 4712 3°.
1486 4681 1515 4712 ››
1546 4660 1810 4716 Tandem
1849 4662 2008 4717 enim
2063 4678 2189 4718 san-

537 4750 735 4819 guinis
762 4749 991 4815 etfusio,
1026 4752 1082 4803 et
1136 4747 1324 4803 caedes
1374 4748 1579 4817 gladiis
1633 4747 1806 4816 facta,
1848 4765 1949 4805 eos
2002 4752 2196 4822 oppri-

538 4838 757 4894 mebat.
793 4842 904 4894 Nec
928 4838 1127 4893 minus
1158 4837 1303 4892 illud
1336 4853 1395 4891 ει(
1414 4838 1467 4894 Si
1496 4853 1629 4892 eum
1658 4839 1851 4894 vivere
1878 4840 2191 4911 patiamur,

537 4943 748 4983 omnes
778 4929 839 4982 in
862 4944 998 4983 eum
1026 4927 1267 4982 credent
1298 4943 1310 4993 ;
1337 4932 1476 4981 tunc
1500 4927 1735 4983 venient
1763 4928 2034 4995 Romani,
2055 4944 2194 4998 gen-

537 5018 777 5087 temque
796 5022 1063 5072 nostram
1080 5020 1135 5071 et
1160 5016 1371 5071 urbem
1397 5014 1764 5071 delebunt“.
1797 5038 1823 5066 η
1846 5020 1991 5073 Nam
2022 5020 2194 5074 etiam

539 5102 702 5159 inviti
728 5104 920 5161 vivere
943 5122 1081 5161 eum
1113 5105 1507 5178 patiebantur,
1541 5121 1678 5161 cum
1711 5121 1827 5162 non
1864 5114 2095 5178 possent
2135 5112 2193 5165 in

538 5207 675 5248 eum
701 5192 1013 5261 dominari,
1040 5196 1144 5266 qui
1171 5194 1303 5250 vitae
1334 5200 1459 5251 erat
1483 5210 1663 5267 penu,
1712 5201 1768 5251 et
1797 5196 2001 5252 omnia
2054 5198 2197 5252 vivi-

536 5280 775 5339 ﬁcabat.
813 5280 1131 5353 Propterea
1188 5284 1416 5339 malum
1455 5284 1700 5356 quidem
1756 5289 1812 5340 et
1876 5286 2194 5355 sanguino-

534 5372 765 5428 lentum
796 5370 1063 5425 animum
1098 5372 1458 5442 prodebant,
1492 5388 1677 5445 scopo
1718 5389 1855 5429 vero
1914 5374 2196 5447 frustrati,

537 5466 594 5522 et
622 5460 738 5535 ipsi
767 5463 823 5515 et
853 5463 967 5515 tota
998 5474 1164 5530 gens,
1197 5466 1252 5516 et
1291 5462 1600 5533 templum,
1632 5467 1691 5518 et
1729 5464 1866 5519 urbs
1901 5466 2195 5537 peribant.

609 5625 655 5663 ³⁸
688 5621 892 5678 Matth.
926 5636 984 5691 ιι,
1011 5620 1063 5676 8.
1107 5619 1152 5653 ³⁸
1182 5620 1349 5674 Joan.
1380 5638 1456 5689 x1,
1489 5625 1585 5679 50.

1704 5626 1749 5658 36
1787 5625 1991 5683 Matth.
2028 5646 2206 5687 xxv”.
2240 5632 2327 5686 25.

2308 4307 2439 4377 ὁρμη
2501 4310 2754 4378 μιαιφόνῳ
2806 4310 3233 4379 προενηνεγμένα,
3279 4311 3444 4377 πέρας
3494 4303 3551 4359 δε
3590 4301 3858 4376 προφητικὸν

2309 4396 2567 4466 εἰληφότα.
2622 4395 2727 4461 Ὡς,
2763 4414 2791 4445 ι(
2827 4394 2895 4447 Τὸ
2940 4396 3070 4465 αἷμα
3102 4395 3260 4447 αὐτοῦ
3291 4393 3363 4466 ἐφ’
3412 4398 3549 4467 ἡμᾶς
3586 4399 3670 4445 καὶ
3712 4390 3780 4442 ἐπὶ
3810 4388 3859 4436 τὰ

2306 4489 2457 4536 τέκνα
2508 4487 2673 4556 ημῶν.
2722 4504 2749 4534 ››
2807 4489 2908 4536 Καὶ
2952 4487 3052 4555 γὰρ
3086 4484 3326 4536 ἐπέπεσεν
3378 4485 3561 4545 αὐτοῖς
3610 4477 3851 4552 ἒσχατονὲ

2304 4582 2400 4626 τῶν
2450 4576 2681 4645 αἱμάτων
2738 4575 2980 4645 ἔκχυσις,
3036 4578 3123 4625 καὶ
3154 4575 3179 4625 ό
3230 4570 3324 4625 διὰ
3371 4574 3551 4645 ξίφους
3579 4577 3725 4645 φόνος.
3761 4567 3851 4621 Καὶ.

2310 4684 2337 4714 ι(
2392 4663 2507 4715 Ἐἀν
2570 4660 2773 4734 ἀφῶμεν
2824 4661 2976 4713 αὑτὸν
3026 4664 3140 4733 ζῇν,
3182 4664 3368 4723 πάντες
3420 4665 3771 4714 πιστεύσουσιν
3802 4651 3854 4709 εἰς

2306 4752 2480 4818 αὐτὸν,
2515 4756 2603 4804 καὶ
2656 4750 2948 4803 ἐλεύσονται
2978 4752 3026 4802 οἱ
3078 4750 3339 4823 Ῥωμαῖοι,
3378 4756 3469 4803 καὶ
3504 4750 3704 4825 ἀροῦσιν
3742 4747 3851 4814 ἠθῶν

2305 4847 2361 4894 τό
2416 4844 2556 4904 ἔθνος
2602 4846 2690 4893 xui
2744 4846 2836 4899 τὴν
2900 4839 3064 4894 πόλιν.
3122 4862 3149 4889 ι)
3222 4845 3319 4893 Καὶ
3374 4846 3477 4915 γὰρ
3533 4840 3721 4911 ἀφῆκαν
3788 4849 3852 4882 και

2307 4932 2513 4993 οἰκοντες
2556 4935 2668 5003 ζῇν.
2722 4929 2795 4981 Oi}
2825 4931 2925 5002 γὰρ
2956 4926 3217 4987 ἠδύναντο
3242 4933 3415 5005 κύριοι
3444 4936 3751 4985 καταστῆναί
3786 4924 3851 4971 τοῦ

2304 5030 2399 5082 τῆς
2444 5022 2578 5082 ζωῆς
2629 5024 2862 5091 ταμείου,
2905 5023 2993 5070 καὶ
3045 5018 3417 5081 ζωοποιοῦντος
3474 5022 3538 5071 τὰ
3584 5020 3751 5069 πάντα.
3787 5009 3851 5061 Διό

2305 5116 2397 5169 τὴν
2444 5114 2533 5182 μεν
2593 5111 2820 5181 πονηρὰν
2894 5112 2983 5159 καὶ
3044 5114 3313 5181 μιαιφόνον
3374 5108 3613 5181 ἐνέφηναν
3664 5108 3848 5175 γνῶμεν,

2304 5208 2397 5253 τοῦ
2434 5197 2492 5252 δε
2528 5206 2725 5252 σκοποῦ
2764 5203 2835 5270 μὴ
2878 5201 3128 5269 τυχόντες
3178 5197 3440 5251 ἀπώλοντο
3479 5202 3568 5250 καὶ
3602 5194 3750 5255 αὐτοὶ,
3786 5190 3849 5237 καὶ

2306 5292 2373 5341 τὰ
2416 5292 2557 5361 γένη,
2594 5292 2683 5339 καὶ
2741 5288 2764 5338 ό
2815 5289 2953 5351 ναὸς,
3006 5290 3095 5337 καὶ
3145 5288 3174 5344 ἡ
3238 5286 3405 5349 πόλις.
3458 5286 3551 5339 ’ον
3603 5281 3659 5337 δε
3709 5276 3847 5337 ἔδοξεν

2309 5376 2516 5444 ἀνελεῖν,
2576 5383 2755 5429 τοῦτον
2815 5375 2949 5437 ζωῆς
3000 5379 3233 5447 χορηγὸν
3280 5380 3369 5427 καὶ
3408 5380 3739 5437 ζωοποιοῦντα
3762 5366 3847 5421 τοὺς

2307 5469 2609 5543 νεκρούςτὰ
2657 5467 2774 5524 ἔθνη
2827 5460 3114 5537 δεξάμενοι,
3164 5468 3253 5517 xui
3300 5469 3392 5523 τὴν
3442 5467 3497 5518 ἑκ
3526 5469 3696 5537 νεκρῶν
3724 5458 3844 5509 αὐτοῦ

2406 5633 2451 5666 ³⁷
2482 5632 2652 5688 Joau.
2684 5646 2764 5695 xz,
2794 5628 2886 5685 48.
