4026 6206
131 267 166 320 ’ί
185 263 291 320 153

1120 263 1213 320 AD
1245 261 1787 323 AMPHILOCHIUM
1831 263 2161 333 QUIESTIO
2203 263 2692 322 CCCVII-CCCIX.

3377 263 3512 325 1154

129 396 554 462 προσκυνοῦντες
613 389 921 453 ἀνάστασιν,
977 395 1099 443 Θεὸν
1152 394 1330 444 ἴσασιν
1383 390 1623 449 ἀληθινὸν
1666 394 1787 443 ἐπὶη

1879 391 2047 457 luem
2088 390 2373 458 verosibi
2417 400 2446 446 e
2481 389 2676 445 medio
2715 389 2916 446 tollere
2946 391 3323 461 videbantur,
3357 395 3514 450 hunc

139 484 396 552 σωτηρίᾳ
443 486 535 531 τοῦ
581 484 756 550 γένους
783 478 1270 553 ἐνανθρωπήσαντοι,
1299 485 1386 532 καὶ
1417 481 1754 554 λατρεύουσιν

139 568 441 642 εἰλικρινῶς
483 573 574 620 καὶ
623 570 940 632 θειάζουσιν.
979 574 1078 622 Καὶ
1119 589 1178 641 γε
1209 566 1277 628 δὴ
1311 575 1400 622 καὶ
1435 572 1484 622 οἱ
1510 569 1756 640 Ῥωμαῖοι

139 656 453 719 ἐπιστάντες
519 656 694 718 αὐτοῖς
746 657 966 730 πολέμῳ,
1021 663 1114 716 τὴν
1183 678 1236 710 τε
1292 658 1438 710 πόλιν
1484 662 1757 731 κατεστρέ-

139 743 343 815 ψαντο,
375 751 464 797 καὶ
512 749 598 797 τὸν
646 751 766 798 ναὸν
795 751 1187 820 κατηρὴμωσαν
1219 747 1354 818 (95),
1387 752 1474 799 καὶ
1535 757 1606 817 τῷ
1665 744 1758 799 διὰ

141 834 338 906 ξίφους
369 835 571 906 θανάτῳ
616 839 672 888 τὸ
721 838 865 898 ἔθνος
909 838 1200 907 ὑπήγαγον.
1255 839 1508 908 Εύρήσεις
1550 831 1610 888 δὲ
1669 840 1758 888 καὶ

140 927 265 975 ὄνον
322 922 370 974 ἐν
409 930 514 984 τοῖς
543 927 826 999 Γράμμασι
871 931 985 986 ταῖς
1020 925 1266 987 Παλαιοῐς
1291 926 1758 1000 προμανθάνουσάν

139 1031 206 1063 τε
279 1017 370 1064 καὶ
445 1009 916 1086 προδιδάσκουσαν
966 1018 1033 1066 τὰ
1093 1015 1312 1087 ἐσόμενα
1369 1014 1501 1086 (96).
1564 1013 1646 1076 Ἐξ
1691 1013 1759 1064 ὧν

139 1099 396 1153 ἁπάντων
445 1097 596 1154 οὐδὲν
654 1103 848 1155 κωλύον
901 1105 1201 1178 θεωρήσεις,
1255 1110 1346 1156 καὶ
1396 1108 1482 1156 τὸν
1520 1099 1761 1175 Ἡρώδην

139 1189 315 1243 εἰπεῖν
366 1194 504 1244 κατά
542 1196 864 1267 προφητικὸν
913 1196 1074 1246 τύπον
1121 1196 1189 1246 τὰ
1227 1197 1359 1262 πρὸς
1403 1198 1517 1253 τοῦς
1565 1193 1762 1264 μάγους

141 1279 422 1352 εἰρημένα.

1866 484 2092 549 gentes,
2121 486 2411 552 tanquam
2441 479 2572 534 vita:
2604 484 2908 535 auctorem
2946 484 3004 535 et
3036 486 3299 538 mortuos
3326 482 3516 538 vivifi-

1865 573 2122 631 cantem.
2165 567 2530 640 recipientes,
2573 568 2823 640 ejusque
2853 584 2925 623 ex
2977 568 3223 624 mortuis
3263 586 3520 629 resurre-

1864 658 2123 713 ctionem
2155 656 2430 726 religiose
2468 662 2842 721 venerantes,
2882 657 3184 725 eumdem,
3217 666 3278 714 ut
3310 675 3518 718 verum

1869 749 2076 813 Deum,
2090 746 2149 801 in
2167 744 2419 802 salutem
2431 747 2662 816 generis
2679 745 2928 801 humani
2948 746 3258 804 hominem
3275 747 3519 820 factum,

1866 839 2206 905 agnoscunt
2235 835 2576 906 sinceraque
2606 833 2810 890 colunt
2847 839 2901 890 et
2931 841 3282 892 reverentur.
3314 837 3402 894 Ab
3432 839 3520 894 al-

1869 928 1994 980 tera
2019 939 2160 980 vero
2211 928 2379 996 parte
2428 923 2700 988 Romani,
2733 922 2888 978 bello
2946 923 3006 979 in
3037 924 3170 982 illos
3233 931 3416 993 moto,
3466 932 3523 986 et

1870 1012 2078 1068 urbem
2106 1012 2465 1080 evertebant,
2505 1017 2563 1067 et
2613 1011 2904 1085 templum
2935 1012 3341 1081 devastabant,
3384 1030 3525 1087 gen-

1872 1104 2109 1172 temque
2157 1115 2401 1157 omnem
2456 1099 2657 1169 gladio
2687 1101 3084 1172 perimebant.
3126 1103 3338 1160 Videas
3384 1119 3524 1161 vero

1871 1189 2053 1247 etiam
2105 1191 2342 1246 asinam
2384 1189 2444 1245 in
2475 1189 2638 1245 libris
2679 1189 2897 1246 Veteris
2921 1193 3281 1249 Testamenti
3309 1209 3527 1266 reprae-

1872 1280 2088 1336 sentari
2128 1279 2327 1335 futura
2364 1284 2421 1334 et
2447 1279 2720 1335 edoctam
2763 1282 2818 1334 et
2857 1281 3377 1350 praenuntiantem.
3419 1283 3526 1338 Ex-

141 1369 240 1423 his
270 1369 559 1426 omnibus
577 1370 892 1442 intelliges,
912 1371 1057 1428 nihil
1078 1372 1339 1438 obstare,
1367 1372 1692 1444 quominus
1725 1369 1990 1429 Herodes
2027 1368 2377 1441 prophetico
2407 1384 2570 1424 more
2607 1367 2682 1423 ad
2707 1384 2918 1441 magos
2952 1369 3184 1427 locutus
3219 1379 3526 1428 censeatur

721 1467 1037 1515 ΕΡΩΤΗΣΙΣ
1074 1461 1194 1516 ΤΗ.

354 1551 450 1602 Διὰ
479 1555 531 1602 τί
560 1551 586 1602 6
619 1547 925 1626 Πρόδρομος
946 1550 1148 1623 ἐλέγχει
1173 1555 1256 1604 τὸν
1280 1548 1518 1626 Ἡρώδην
1544 1567 1559 1616 ;

2009 1457 2331 1523 ΟυΕδΤΙΟ
2377 1456 2628 1514 CCCVIII
2672 1458 2893 1528 [Coisl.,
2933 1460 3114 1516 Taur.
3161 1459 3379 1534 CXXI].

1903 1547 2094 1612 Quare
2101 1562 2438 1616 praecursor
2448 1546 2510 1617 (Ι
2510 1547 2748 1619 oannes)
2761 1549 3056 1605 Herodem
3080 1550 3449 1621 reprehendit
3463 1551 3490 1606 ?

179 1645 463 1697 Editarum
493 1648 1154 1712 aWolﬁoquadragesima
1179 1648 1422 1720 prima(l.
1449 1662 1500 1700 c.
1532 1661 1584 1710 p.
1619 1647 1730 1701 700,
1762 1647 1871 1694 701.
1904 1643 2168 1700 Galland.,
2285 1645 2394 1692 712.
2423 1658 2476 1692 n.
2514 1645 2589 1700 16,
2618 1659 2670 1707 q.
2702 1645 2831 1708 121).
2855 1672 2910 1684 --
2936 1645 3524 1711 DeHerodeaBaptista

1153 1710 1358 1755 Joanne
1392 1712 1684 1755 mcrenato.
1722 1705 1907 1755 Matth.
1943 1721 2046 1755 xxv.
2076 1708 2104 1754 4
2137 1721 2149 1755 :
2232 1720 2312 1755 uc.
2344 1721 2418 1755 ιιι.
2449 1707 2530 1755 19.

1153 1705 1684 1773 ςιὸαιιηοὶηοεερδῑο.
1722 1705 1907 1756 Matth.
1943 1721 2046 1763 xiv,
2076 1708 2104 1754 4
2137 1721 2149 1763 ;

2266 1720 2312 1755 c.
2344 1721 2418 1765 ιιι,
2449 1707 2530 1755 19.

224 1797 285 1850 Ὀ
353 1795 413 1852 δε
467 1796 773 1874 [Ιρόδρομος
815 1807 904 1853 καὶ
957 1804 1252 1860 Βαπτιστὴς
1282 1801 1528 1861 Ἰωάννης
1558 1797 1762 1870 ἐλέγχει

1944 1797 2281 1852 Praecursor
2310 1801 2366 1852 et
2413 1796 2680 1867 Baptista
2727 1799 2988 1853 Joannes
3022 1798 3345 1870 Herodem,
3400 1803 3528 1855 tan-

148 1889 243 1937 τὸν
306 1885 546 1961 Ἡρώδην
602 1886 822 1950 δικαίως
871 1890 943 1952 εἰς
1010 1895 1335 1963 παρανομίαν
1393 1888 1757 1942 ἀποκλίναντα.

152 1981 261 2028 Καὶ
304 1979 406 2050 γὰρ
457 1978 500 2030 εἰ
543 1977 596 2041 ἐξ
642 1977 934 2051 ἀλλοφύλων
988 1985 1262 2051 κατήγετο,
1297 1978 1546 2051 ἀπόγονος
1575 1981 1642 2028 ὤν
1669 1982 1761 2029 τοῦ

148 2065 384 2118 παλαιοῦ
429 2065 684 2141 Ἡρώδου,
740 2067 846 2121 ἀλλ’
891 2066 976 2120 οὖν
1027 2066 1296 2123 Ἰουδαίων
1343 2088 1394 2122 τε
1446 2067 1756 2130 ἐϐασίλευεν,

151 2161 249 2206 καὶ
305 2164 416 2218 τοῖς
472 2154 740 2211 Ἰουδαίων
803 2157 1121 2212 ἐπολιτεύετο
1183 2163 1358 2230 νόμοις
1415 2163 1500 2210 καὶ
1571 2159 1759 2224 ἔθεσιν,

150 2248 248 2295 καὶ
330 2245 424 2297 ούκ
474 2245 590 2309 ἐξῆν
656 2246 798 2318 αύτῷ
853 2250 989 2300 κοιτά
1037 2251 1153 2308 τούς
1200 2253 1383 2320 νόμους
1427 2247 1476 2310 ἐξ
1534 2243 1761 2317 ἀδελφοῦ

151 2329 333 2386 παῖδα
370 2336 600 2406 ἔχουσαν
655 2341 749 2394 τὴν
799 2333 1108 2409 Ἡρωδιάδα
1156 2337 1223 2397 εἰς
1263 2339 1430 2409 γάμον
1463 2334 1755 2388 ἀναλαϐεῖν.

149 2419 216 2472 Ὀ
253 2425 358 2495 γὰρ
420 2429 598 2496 νόμος,
647 2421 877 2486 ἄπαιδος
937 2428 1028 2498 μεν
1087 2434 1178 2478 τοῦ
1253 2422 1478 2498 ἀδελφοῦ
1525 2424 1761 2480 τελευτὴο

156 2529 372 2577 σαντος,
429 2515 685 2586 ἐπιτρέπει
755 2520 848 2573 τὴν
918 2519 1048 2588 πρὸς
1113 2519 1206 2574 τὴν
1278 2523 1501 2586 γυναῖκα
1579 2515 1760 2566 τούτου

159 2603 464 2672 συνάφειαν,
499 2621 527 2653 ιι
557 2601 685 2668 Ἰνα,
719 2608 900 2676 φησὶν,
940 2606 1109 2678 ἐγείρῃ
1147 2608 1352 2677 σπέρμα
1376 2613 1444 2675 τῷ
1471 2601 1698 2674 ἀδελφῷ.
1734 2624 1760 2651 υ

159 2689 638 2764 Καταλελειμμένου
709 2689 767 2746 δὲ
841 2697 1135 2766 σπέρματος
1213 2699 1300 2745 καὶ
1378 2702 1556 2765 γονῆς,
1639 2690 1763 2743 ἀπο-

156 2786 415 2852 τρόπαιον
464 2777 522 2840 ἧν
567 2783 596 2840 ἡ
651 2785 764 2850 (97)
823 2802 952 2853 προς
1005 2787 1096 2841 τὴν
1145 2784 1347 2855 νύμφην
1404 2782 1602 2854 ὁμιλία.
1664 2785 1764 2833 Καὶ

156 2874 250 2922 τὸν
278 2870 492 2942 ἔλεγχον
541 2873 567 2922 6
610 2869 912 2946 Πρόδρομος
943 2880 1189 2937 ποιεῖται,
1223 2872 1282 2924 ού
1315 2880 1564 2924 τοσοῦτον
1601 2867 1763 2929 κηδο-

157 2978 318 3032 μενος
360 2958 572 3026 ἐκείνου,
627 2962 749 3014 ὅσον
795 2965 851 3013 τὸ
897 2961 1094 3022 πλῆθος
1137 2957 1483 3036 διορθοῦσθαι
1526 2964 1764 3033 πρόνοιαν

159 3056 349 3106 ποιῶν.
412 3055 508 3102 Καὶ
553 3054 653 3122 γὰρ
719 3059 816 3102 τῶν
873 3055 978 3111 τοῖς
1039 3052 1276 3124 ἄρχουσι
1335 3055 1424 3102 καὶ
1484 3047 1765 3121 βασιλεῦσι

159 3136 632 3210 πλημμελουμένων
707 3139 1082 3212 ἀνεπιτιμήτων
1189 3144 1461 3212 μενόντων,

158 3229 224 3278 τό
277 3226 473 3288 πλῆθος
520 3231 648 3301 πρὸς
687 3233 780 3287 τὴν
825 3233 1048 3301 μίμησιν
1088 3228 1484 3302 παρακαλεῖται.
1534 3227 1766 3280 Ἐκείνων

162 3311 226 3367 δὲ
280 3323 373 3375 τῆς
425 3315 655 3389 πράξεως
713 3315 1214 3390 ἀναχαιτιζομίνων,
1272 3317 1626 3388 ἀναγκάζεται
1677 3319 1766 3366 καὶ

161 3407 224 3454 τὸ
302 3405 530 3462 ὑπήκοον
601 3405 958 3481 εὐλαϐέστερον
1059 3411 1190 3482 πρὸς
1272 3405 1361 3466 τάς
1444 3409 1765 3480 παρανομίας

161 3489 492 3548 διακεῖσθαι.
552 3500 795 3570 Περίεστι
853 3492 911 3549 δέ
952 3517 1044 3568 μοι
1099 3501 1188 3548 καὶ
1241 3496 1312 3557 εἰς
1391 3500 1598 3568 μνήμην
1656 3498 1766 3546 νυνὶ

162 3582 404 3644 Παλαιᾱς
469 3583 723 3658 Ἱστορίας
799 3584 1088 3656 ἀνάγνωσις
1157 3589 1224 3647 ως
1269 3590 1358 3638 καὶ
1439 3594 1508 3656 τῷ
1563 3581 1767 3655 ἀδελφῷ

159 3674 310 3723 ὡσάν
367 3673 394 3723 6
444 3677 574 3747 πρὸς
637 3679 730 3733 τὴν
793 3674 984 3727 ἐκείνου
1031 3683 1257 3746 γυναῖκα
1311 3678 1438 3749 ἔρως
1509 3679 1579 3746 μὴ
1652 3673 1764 3744 (98)

162 3761 533 3816 ἀνακόπτοιτο.
571 3768 668 3816 Καὶ
699 3761 772 3816 δι’
811 3765 964 3837 ἄμφω
991 3773 1154 3816 ταῦτα
1185 3766 1558 3838 σταθερώτερόν
1589 3782 1642 3815 τε
1680 3766 1768 3814 καὶ

160 3857 256 3903 καὶ
287 3852 872 3926 παρρησιαστικώτερον
920 3855 945 3906 6
986 3850 1293 3929 Προδρομος
1333 3857 1408 3912 εἴη
1441 3861 1513 3923 τῷ
1556 3849 1764 3924 Ἡρώδη

160 3946 573 4014 προσφερόμενος
602 3945 688 3994 τὸν
713 3942 949 4014 ἔλεγχον,

658 4036 973 4084 armum:
1010 4029 1116 4084 re'
1141 4032 1272 4096 (99).

164 4122 283 4177 Πῶς
336 4121 540 4191 νοητέον
592 4122 668 4171 τό·
731 4141 760 4170 ι(
814 4120 898 4173 Ἐν
943 4127 1173 4191 γενητοῖς
1205 4189 1213 4191 ᾗ
1244 4126 1500 4190 γυναικῶν
1579 4117 1767 4189 μείζων

368 4189 602 4242 Ἰωάννου
633 4197 724 4244 τοῦ
755 4189 1047 4244 Βαπτιστοῦ
1078 4191 1171 4244 ούκ
1197 4189 1508 4264 ἑγνὴγερταις
1548 4210 1574 4236 η

1873 1900 2060 1957 quam
2087 1884 2147 1940 in
2181 1890 2491 1957 peccatum
2526 1890 2816 1952 ruentem,
2849 1892 3002 1942 recte
3033 1887 3523 1958 reprehendebat.

1874 1973 2158 2039 Quamvis
2181 1974 2341 2029 enim
2359 1973 2698 2044 alienigena
2715 1981 2883 2039 esset,
2909 1975 3155 2031 Herodis
3173 1975 3528 2048 antiquioris

1872 2078 2080 2134 nepos,
2111 2062 2334 2118 Judaeis
2368 2068 2567 2119 tamen
2608 2063 2958 2135 imperabat,
2990 2069 3047 2119 et
3075 2065 3153 2120 ad
3177 2064 3526 2121 Judteorum

1870 2151 2033 2221 leges
2074 2167 2144 2208 ac
2173 2151 2448 2208 instituta
2479 2153 2660 2208 vitam
2692 2153 3110 2225 componebat,
3147 2169 3343 2226 neque
3374 2153 3528 2212 adeo

1869 2255 1974 2312 per
2011 2238 2170 2310 leges
2226 2239 2352 2296 ﬁeri
2397 2245 2624 2312 poterat
2687 2246 2748 2297 ut
2795 2239 3208 2308 Herodiadem,
3268 2259 3397 2314 quae
3454 2258 3529 2298 ex

1870 2331 2047 2386 fratre
2076 2337 2406 2403 pepererat,
2436 2346 2684 2386 uxorem
2715 2331 2970 2386 duceret.
3000 2333 3113 2386 Lex
3145 2332 3326 2399 enim,
3363 2349 3528 2389 mor-

1871 2426 1974 2477 tuo
2030 2421 2156 2476 sine
2187 2420 2401 2476 relictis
2450 2420 2581 2476 filiis
2614 2420 2809 2488 fratre,
2855 2418 3018 2476 fratri
3071 2421 3238 2477 alteri
3276 2437 3529 2478 consue-

1872 2509 2142 2566 tudinem
2162 2525 2299 2565 cum
2314 2526 2492 2565 uxore
2510 2509 2803 2565 demortui
2826 2509 3121 2580 integram
3155 2510 3309 2578 facit,
3346 2532 3370 2562 ι
3399 2514 3469 2568 Ut
3496 2529 3528 2566 ›

1875 2600 2140 2656 scilicet«
2159 2599 2324 2657 fratri
2346 2615 2550 2655 semen
2571 2599 2780 2654 excitet
2810 2601 2952 2654 ³⁸.“.
2976 2616 3002 2650 ››
3039 2601 3274 2657 Semine
3310 2618 3452 2657 vero
3475 2607 3532 2658 et

1873 2687 2139 2745 masculo
2191 2687 2414 2754 relicto,
2463 2686 2828 2760 prohibitum
2882 2694 3008 2744 erat
3058 2705 3198 2745 cum
3230 2690 3529 2760 ejusmodi

1873 2793 2058 2833 uxore
2074 2776 2388 2848 conjugale
2411 2777 2860 2832 commercium.
2883 2779 3219 2834 Praecursor
3236 2779 3436 2850 itaque
3463 2779 3522 2832 in

1875 2865 2170 2921 Herodem
2208 2864 2644 2929 animadvertit,
2679 2880 2798 2919 non
2842 2877 2960 2920 tam
3013 2865 3202 2936 ipsius
3236 2867 3529 2922 rationem

1874 2954 2127 3017 habens,
2157 2968 2340 3024 quam
2366 2953 2431 3006 ad
2457 2952 2670 3022 vulgus
2699 2953 3149 3009 emendandum
3183 2955 3526 3026 respiciens.

1875 3041 2127 3110 Quando
2159 3043 2316 3096 enim
2348 3056 2438 3106 ea,
2469 3056 2605 3112 quae
2637 3041 2714 3096 ab
2742 3041 3180 3113 imperantibus
3204 3049 3260 3098 et
3291 3043 3530 3113 regibus

1551 3137 1767 3209 ἑτοίμως
1806 3152 1846 3208 C
1876 3147 2059 3204 prave
2090 3135 2419 3202 patrantur,
2469 3129 2596 3186 sine
2639 3130 3153 3186 animadversione
3187 3133 3530 3203 praetermit-

1880 3225 2101 3288 tuntur,
2129 3219 2536 3291 subjectorum
2552 3218 2764 3287 vulgus
2781 3218 2859 3274 ad
2877 3219 3112 3275 illorum
3135 3220 3531 3278 imitationem

1880 3308 2048 3367 facile
2103 3308 2412 3380 abripitur.
2460 3307 2710 3372 Quando
2757 3323 2898 3363 vero
2941 3307 3021 3363 illi
3073 3325 3110 3364 a
3165 3308 3530 3366 facinoribus

1879 3397 2176 3470 ejusmodi
2234 3396 2639 3469 prohibentur,
2674 3396 2970 3466 subjectos
3018 3414 3262 3470 quoque
3311 3398 3532 3454 abillis

1879 3487 2219 3560 diligentius
2257 3485 2368 3540 sibi
2399 3499 2601 3540 cavere
2629 3500 2867 3540 necesse
2907 3490 3012 3541 est.
3043 3486 3213 3542 Venit
3250 3491 3535 3558 praeterea

1879 3577 1940 3633 in
1986 3580 2247 3632 mentem
2299 3572 2594 3629 recordari
2626 3589 2693 3628 ex
2744 3573 2966 3628 Veteris
3027 3576 3383 3632 Testamenti
3422 3575 3535 3632 lec-

1883 3665 2060 3729 tione,
2086 3663 2509 3734 fratriquoque
2531 3677 2797 3719 amorem
2827 3662 2884 3717 in
2913 3662 3105 3718 fratris
3141 3680 3385 3720 uxorem
3407 3680 3534 3722 esse

1882 3755 2248 3828 prohibitum
2282 3753 2348 3804 ⁸⁸.
2407 3753 2732 3824 Utrumque
2784 3751 3000 3808 horum
3050 3752 3258 3821 effecit,
3295 3759 3359 3808 ut
3393 3755 3537 3810 Prae-

1882 3859 2084 3900 cursor
2133 3847 2297 3898 tanto
2349 3841 2716 3897 constantius
2746 3845 2802 3897 et
2848 3840 3088 3898 liberius
3128 3841 3188 3897 in
3244 3843 3538 3899 Herodem

1884 3932 2392 3990 animadverteret.

2072 4020 2390 4084 OU/ESTIO
2421 4016 2619 4073 CCCIX
2648 4017 2867 4092 [Coisl.,
2907 4019 3086 4074 Taur.
3117 4019 3376 4092 CXXII].

1889 4108 2180 4175 Quomodo
2210 4106 2620 4174 accipiendum
2651 4113 2729 4162 est
2755 4107 2915 4162 illud
2947 4124 2958 4160 :
2999 4130 3026 4156 «
3062 4109 3223 4164 Inter
3253 4114 3418 4162 natos
3463 4123 3539 4164 ex

1959 4177 2298 4249 mulieribus
2347 4179 2556 4249 ,major
2614 4178 2837 4234 Joanne
2901 4178 3177 4249 Baptista
3231 4195 3342 4234 non
3408 4195 3538 4234 sur-

1958 4252 2112 4307 rexit
2140 4251 2189 4285 ιι
2213 4248 2242 4303 ει
2273 4269 2300 4296 ››
2333 4248 2470 4320 (99).

390 4364 664 4416 Editarum
693 4378 725 4416 a
757 4365 952 4416 Wolﬁo
981 4364 1396 4430 quadragesima
1429 4362 1665 4412 secunda
1695 4361 1750 4420 (1.

1882 4373 1940 4423 p.
1975 4356 2198 4409 701-704.
2237 4355 2477 4404 Galland.
2503 4369 2560 4418 p.
2591 4356 2702 4415 712,
2733 4355 2842 4412 713,
2875 4369 2926 4404 n.
2963 4357 3068 4413 I79,
3105 4371 3163 4419 q.
3196 4358 3324 4415 122).

242 4468 372 4538 Περὶ
452 4473 542 4518 τοῦ
609 4464 659 4517 ἕν
740 4471 974 4537 γενητοῖς
1025 4471 1284 4536 γυναικών
1360 4465 1431 4534 μη
1498 4460 1774 4534 ἐγηγέρθαι

1959 4458 2036 4511 De
2061 4470 2154 4518 eo,
2184 4452 2495 4526 quomodo
2523 4453 2675 4508 inter
2702 4456 2869 4508 natos
2895 4469 2967 4508 ex
2991 4452 3336 4508 mulieribus
3361 4469 3541 4510 nemo

163 4556 389 4628 μείζονα
465 4555 702 4608 Ἰωάννου
781 4562 870 4607 τοῦ
964 4560 1282 4620 Βαπτιστοῦ,
1360 4556 1449 4602 και
1528 4551 1667 4612 ὅπως
1751 4551 1775 4600 6

164 4647 479 4718 μικρότερος
565 4643 612 4696 ἐν
703 4652 763 4717 τῇ
849 4641 1098 4716 βασιλείᾳ
1156 4651 1254 4694 τῶν
1306 4639 1532 4714 ούρανῶν
1587 4641 1776 4711 μείζων

167 4733 336 4786 αὐτοῦ
367 4731 529 4801 ἔστιν,
563 4737 765 4808 εἴρηται
810 4737 900 4806 μέν
930 4751 1021 4804 μοι
1059 4737 1147 4783 καὶ
1197 4729 1429 4802 ἀλλαχοῦ
1464 4729 1566 4801 (1).
1610 4724 1778 4780 Οὐδὲν

168 4819 231 4876 δε
260 4821 450 4874 κωλύει
487 4831 581 4886 τῆς
610 4824 751 4895 ὑμῶν
792 4822 1049 4882 αἰτήσεως
1088 4822 1250 4897 χάριν
1282 4819 1439 4872 ἐκεῖνο
1491 4815 1776 4882 διαλαϐεῖν,

167 4915 242 4975 ὡς
290 4913 320 4972 ἠ
375 4908 585 4965 διάνοια
629 4919 720 4965 τοῦ
757 4913 938 4987 ῥητοῦ,
990 4915 1062 4983 μὴ
1106 4909 1386 4982 ἕγηγέρθαι
1422 4907 1470 4960 ἕν
1514 4915 1587 4977 τῷ
1641 4911 1778 4980 νόμῳ

1884 4547 2113 4602 Joanne
2146 4543 2407 4616 Baptista
2437 4541 2650 4614 major,
2683 4541 2984 4611 exstiterit,
3019 4546 3076 4596 et
3103 4542 3412 4613 quomodo
3439 4544 3544 4598 mi-

1885 4636 2088 4691 nimus
2117 4633 2178 4688 in
2208 4647 2396 4702 regno
2443 4632 2728 4688 caelorum
2762 4631 2861 4686 illo
2911 4631 3104 4702 major
3134 4646 3265 4686 esse
3296 4631 3542 4697 dicatur,

1887 4725 2029 4780 alibi
2052 4741 2088 4780 a
2118 4739 2213 4780 me
2243 4722 2613 4795 disputatum
2641 4726 2748 4777 est.
2771 4720 2923 4776 Nihil
2942 4737 3078 4777 vero
3105 4719 3394 4793 prohibet,
3423 4736 3545 4794 quo

1888 4814 2083 4870 minus
2122 4812 2199 4869 ad
2229 4812 2477 4884 petitum
2513 4815 2775 4867 vestrum
2800 4809 2999 4865 denuo
3031 4825 3416 4873 moneamus,
3458 4810 3548 4866 di-

1889 4910 2050 4960 ctum
2082 4901 2227 4958 illud
2247 4901 2362 4958 hoc
2384 4900 2491 4956 sibi
2510 4900 2674 4968 velle,
2701 4899 2865 4972 quod
2889 4899 2948 4954 in
2963 4899 3142 4956 veteri
3166 4901 3548 4956 Testamento

167 5010 299 5065 ’3.“
319 5011 484 5068 Deut.
515 5027 650 5081 xxv,
683 5017 737 5068 5.
780 5012 825 5047 ⁸⁸
860 5010 1033 5067 Levit.
1061 5025 1218 5065 xvm.
1258 5007 1340 5063 16.
1375 5008 1422 5042 ⁴⁶
1454 5004 1668 5063 Matth.
1700 5021 1778 5071 xi,
1827 5004 1911 5058 11.

243 5209 360 5276 (95)
404 5206 489 5264 Ita
525 5207 722 5280 scribo
751 5222 861 5280 pro
902 5211 1323 5280 Karnpr’mmqav.

242 5272 364 5350 (96)
411 5279 668 5351 Respicit
707 5272 936 5334 asinam
969 5272 1230 5336 Balaami
1280 5279 1458 5332 Num.
1499 5291 1638 5342 xxu,
1685 5272 1775 5328 23.

243 5353 360 5422 (97)
389 5351 450 5404 Ἦ
469 5352 634 5408 Colb.
659 5366 770 5422 pro
799 5354 908 5404 καί.

245 5416 364 5494 (98⁷)
413 5426 482 5475 Τὸ
520 5428 590 5496 μή
625 5416 818 5479 alieno
849 5423 982 5479 loco
1013 5421 1276 5494 positum
1320 5423 1435 5488 est,
1465 5423 1521 5475 et
1564 5416 1779 5473 rectius

171 5495 495 5552 omittitur.

247 5567 364 5639 (99)
415 5565 618 5622 Denuo
665 5569 1088 5636 argumentum
1143 5578 1202 5633 q.
1253 5561 1497 5618 CCXXIII
1538 5560 1782 5614 Photius

468 5664 674 5722 Paron.
715 5664 828 5722 Gn.
878 5663 967 5719 Cl.

1814 5101 2039 5158 NOTAE.

1889 5201 2228 5272 pertractat.

1961 5273 2040 5342 (I)
2084 5269 2250 5342 Idem
2277 5265 2935 5342 scilicetargumentum
2972 5265 3210 5342 Photius
3238 5265 3550 5342 persequi-

1891 5337 2131 5420 tur,_'§ed
2153 5340 2266 5396 alia
2283 5338 2819 5420 quadamratione,
2857 5337 2929 5420 in.
2949 5337 3200 5420 epistola
3238 5337 3544 5420 I§§_(nun_c

1889 5431 1952 5486 q.
1991 5413 2120 5482 222)
2156 5409 2457 5483 quze’ipsa
2496 5409 2744 5466 totidem
2770 5409 2966 5466 verbis
2998 5409 3058 5466 in
3106 5409 3544 5481 Amp/titachiis

1890 5489 2080 5542 exstat
2114 5498 2283 5538 num.
2333 5485 2449 5537 I76.

3197 5647 3266 5702 37
