4060 6218
552 268 690 332 1155

1767 267 2003 325 PHOTII
2041 267 2520 327 PATRIARCHE
2560 270 2667 330 ΟΡ.

3818 274 3927 329 “Si

547 415 670 458 non
723 396 1040 455 surrexerit
1087 395 1379 468 propheta
1424 394 1555 467 ipso
1608 396 1822 467 major.
1891 394 1990 450 Ille
2032 395 2177 450 enim

2304 404 2593 470 παρίστησι
2623 399 2835 469 μείζονα
2864 403 3133 472 προφήτην
3161 398 3338 451 αὑτοῦ.
3386 404 3486 451 Καὶ
3538 403 3652 472 γὰρ
3690 400 3939 457 πλησιαί-

545 488 704 561 quod
744 486 822 543 ad
852 491 1087 557 tempus
1114 484 1340 539 Christo
1372 484 1680 556 proximus
1733 488 1877 547 erat,
1929 487 1986 537 et
2015 498 2192 537 voca-

542 577 720 634 batur
745 600 773 626 «
824 590 935 631 vox
983 572 1332 629 clamantis:
1367 572 1577 628 Parate
1597 573 1759 628 viam
1794 571 2023 627 Domini
2061 573 2129 635 ιτ,
2162 593 2189 623 »

542 664 959 738 pronuntians.
992 663 1295 733 Scriptura
1323 662 1521 733 itaque
1548 662 1649 726 ait,
1691 661 1855 733 quod
1887 675 2065 716 nemo
2094 660 2195 715 illo

542 755 738 825 major
753 752 1101 816 surrexerit;
1134 766 1253 806 non
1279 765 1413 805 vero
1444 750 1576 805 ideo
1593 751 1853 820 cogitare
1871 765 1979 804 nos
2005 748 2192 819 jubet,

540 843 704 916 quod
738 842 898 897 idem
927 842 987 896 in
1018 840 1298 910 gradum,
1326 839 1553 895 caeteris
1592 838 1874 894 omnibus
1900 838 2190 903 altiorem,

539 930 713 988 fuerit
760 935 1013 987 evectus.
1074 929 1193 984 Hoc
1248 944 1408 994 vero,
1463 927 1626 1000 quod
1682 930 2015 984 Praecursor
2064 927 2195 982 aliis

536 1020 821 1077 omnibus
849 1018 1044 1089 major
1072 1017 1164 1087 sit,
1213 1033 1333 1073 non
1364 1017 1640 1089 prohibet
1668 1018 1994 1089 quominus
2026 1015 2195 1072 multi

535 1109 629 1167 alii
670 1109 931 1182 aequales
956 1108 1070 1180 ipsi
1121 1106 1482 1163 habeantur.

606 1198 869 1255 Alterum
907 1212 1050 1253 vero
1076 1196 1221 1251 illud
1251 1212 1263 1251 :
1309 1214 1337 1247 «
1370 1195 1647 1251 Minimus
1676 1210 1840 1261 vero,
1870 1194 2065 1265 major
2092 1193 2193 1251 illo

534 1292 623 1344 est
650 1306 707 1356 ςι
741 1286 832 1342 alii
862 1285 1108 1358 quidem
1136 1285 1210 1339 de
1238 1285 1472 1341 Christo
1486 1284 1805 1355 accipiunt,
1834 1284 1958 1355 qui,
1982 1298 2193 1356 quam-

537 1377 618 1433 vis
646 1376 921 1433 Dominus
943 1380 1117 1440 esset,
1140 1378 1310 1430 astate
1334 1379 1533 1430 tamen
1556 1372 1944 1445 corporisque
1974 1376 2193 1429 statura

531 1471 588 1522 et
611 1464 775 1535 vulgi
807 1464 1031 1535 judicio
1071 1480 1142 1519 eo
1174 1470 1441 1536 tempore
1473 1463 1670 1517 minor
1691 1461 2032 1517 haberetur.
2067 1463 2190 1531 Ego

528 1572 694 1621 vero,
720 1559 782 1611 ut
812 1554 951 1610 alibi
974 1554 1047 1609 de
1075 1554 1191 1609 hoc
1224 1557 1528 1608 momento
1560 1551 1913 1608 sententiam
1941 1551 2082 1616 dixi,
2110 1552 2190 1607 ita

528 1644 663 1700 huic
692 1644 1047 1716 expositioni
1090 1642 1335 1714 phrasin
1366 1658 1378 1696 :
1418 1662 1445 1693 «
1481 1643 1634 1697 Inter
1670 1644 1846 1696 natos
1872 1656 1943 1696 ex
1978 1639 2188 1698 mulie-

2305 491 2459 547 τατός
2488 506 2538 538 τε
2584 490 2714 538 κατὰ
2752 491 2869 547 τοὺς
2916 491 3143 561 χρόνους
3187 492 3360 558 ’γέγονε
3402 491 3497 539 τοῦ
3540 496 3825 561 Χριστοῦ,
3870 512 3935 539 zz:

2307 594 2335 624 «
2368 580 2504 646 φωνὴ
2549 575 2777 647 βοῶντος
2826 575 3237 647 ἀναγέγραπται.
3279 576 3634 648 Ἑτοιμάσατε
3671 583 3779 635 τὴν
3834 576 3935 629 6sz

2305 671 2397 714 τοῦ
2452 669 2668 737 Κυρίου,
2700 685 2728 716 η
2786 661 3236 725 διασαλπίζουσα.
3286 673 3419 723 Φησι
3466 663 3520 718 δ’
3575 675 3679 718 οῦν
3739 674 3838 717 καὶ
3894 687 3935 716 τε

2303 754 2543 824 γράμμα,
2584 756 2653 815 ὡς
2678 754 2837 805 αὑτοῦ
2862 757 2952 825 μὲν
2977 754 3168 824 μείζων
3198 753 3348 815 ἄλλος
3391 755 3483 805 οὐκ
3520 754 3857 829 ἐγήγερται,
3894 776 3935 806 γ.

2308 842 2687 912 συναναγκάζῃ
2736 839 2796 894 δὲ
2843 850 2992 907 νοεῖν,
3052 846 3123 904 ὡς
3173 844 3322 903 οὗτος
3376 853 3473 895 τῶν
3546 845 3818 895 ἁπάντων
3882 848 3938 905 εις

2307 927 2513 1001 βαθμὸν
2550 928 2808 1004 ἀνέδραμε
2846 935 3077 1002 μείζονα.
3124 935 3191 983 Τὸ
3243 928 3303 983 δὲ
3350 937 3422 1003 μὴ
3457 932 3536 1003 (2)
3587 936 3833 1005 μείζονα
3865 954 3937 984 τςτ

2307 1016 2613 1094 Πρόδρομον
2628 1029 2724 1072 τῶν
2749 1020 2912 1071 ἄλλων
2934 1017 3082 1085 εἶναι,
3107 1028 3260 1072 τοῦτο
3290 1018 3442 1073 οὐδὲν
3474 1022 3680 1074 κωλύει
3716 1022 3937 1084 πολλοὺς

2307 1105 2623 1182 συνδραμεῖν
2653 1108 2795 1179 αὐτῷ
2824 1114 2953 1182 πρὸς
2988 1109 3229 1168 ἰσότητα.

2373 1201 2443 1249 Τὸ
2486 1203 2675 1270 μέντοι·
2730 1220 2757 1247 ιι
2788 1198 2847 1249 Ὀ
2879 1195 2937 1250 δὲ
2985 1204 3286 1273 μικρότερος
3332 1198 3494 1251 αὐτοῦ
3527 1205 3746 1271 μείζων
3780 1202 3937 1253 αὐτοῦ

2302 1283 2462 1351 ἔστιν,
2498 1307 2527 1337 ))
2576 1290 2624 1338 οἱ
2671 1290 2760 1359 μὲν
2791 1286 3118 1357 ἐξειλήφασιν
3152 1293 3272 1362 περὶ
3307 1296 3395 1340 τοῦ
3444 1296 3723 1361 Χριστοῦ,
3760 1297 3934 1363 χρόνῳ

2301 1391 2354 1425 τε
2409 1380 2499 1426 καὶ
2562 1384 2623 1447 τῇ
2686 1384 2778 1428 τοῦ
2840 1382 3079 1447 σώματος
3138 1374 3432 1451 ἁναδρομῇ,
3518 1384 3617 1430 καὶ
3684 1387 3755 1449 τῇ
3844 1389 3935 1431 τῶν

2300 1462 2496 1515 πολλῶν
2555 1464 2813 1535 ὑπολήψει
2873 1467 2987 1516 κατ’
3043 1464 3201 1517 ἐκεῖνο
3254 1474 3439 1539 καιροῦ
3490 1471 3555 1519 τὸ
3615 1473 3933 1542 μικρότερον

2302 1552 2645 1626 ἁποφέροντος
2695 1562 2788 1606 τοῦ
2833 1558 3121 1607 Δεσπότου.
3176 1555 3318 1627 Ἐμοὶ
3350 1553 3409 1608 δε
3440 1564 3603 1608 τοῦτο
3659 1563 3761 1608 καὶ
3790 1559 3933 1607 ἀλλι-

2299 1650 2405 1713 χοῦ
2460 1652 2553 1704 τῆς
2602 1647 2901 1717 πρεπούσης
2946 1642 3157 1706 διαίτης
3206 1646 3421 1706 ἠξίωται
3454 1647 3627 1717 (3-4),
3667 1647 3809 1697 ἀλλὰ
3852 1656 3931 1698 καὶ

529 1734 719 1799 ribus,
753 1753 783 1785 ››
810 1732 1115 1788 adversari
1147 1732 1442 1787 existimo.
1472 1731 1739 1787 Christus
1770 1729 1930 1785 enim
1962 1745 2083 1784 non
2116 1744 2177 1785 ex

2299 1735 2356 1783 τὸ
2399 1752 2426 1783 (ι
2468 1734 2516 1783 ἓν
2558 1740 2783 1803 γενητοῖς
2831 1742 3090 1803 γυναικῶν
3147 1757 3171 1781 ››
3223 1737 3336 1805 ἔχει
3382 1754 3431 1786 τι
3489 1735 3828 1787 ἀντιπίπτειν
3874 1747 3927 1807 τῇ

529 1821 776 1878 muliere
806 1820 1166 1892 simpliciter,
1200 1820 1305 1875 sed
1328 1836 1395 1874 ex
1421 1817 1655 1889 Virgine
1669 1824 1845 1874 natus
1872 1824 1990 1873 est:
2020 1818 2186 1887 virgo

526 1927 665 1966 vero
698 1909 909 1966 mulier
938 1909 1173 1981 proprie
1212 1908 1495 1981 appellari
1533 1924 1655 1964 non
1701 1912 1915 1979 potest,
1951 1907 2061 1961 nisi
2091 1923 2185 1963 vo-

528 2016 657 2055 cem
676 2016 747 2055 eo
776 2000 1110 2070 signiﬁcatu
1141 1999 1383 2053 induere
1409 1997 1575 2062 velis,
1607 2012 1729 2069 quo
1759 1997 1924 2051 divus
1973 1994 2184 2052 Paulus

526 2106 671 2144 usus
720 2095 826 2153 est,
887 2088 1086 2144 dicens
1121 2105 1134 2143 :
1167 2110 1191 2139 ιι
1252 2090 1434 2143 Natus
1486 2103 1558 2142 ex
1590 2086 1835 2142 muliere
1876 2087 1942 2140 ⁸⁸.
1974 2106 2001 2137 ››
2037 2088 2182 2142 Cum

526 2180 701 2250 igitur
737 2179 998 2234 Christus
1030 2194 1100 2233 ex
1133 2176 1389 2246 Virgine,
1424 2192 1545 2232 non
1584 2181 1784 2232 autem
1834 2175 2070 2247 proprie
2110 2190 2181 2229 ex

526 2268 791 2335 muliere,
822 2273 996 2324 natus
1014 2265 1105 2337 sit,
1142 2267 1350 2323 merito
1376 2266 1623 2339 quidem
1651 2282 1687 2321 a
1708 2263 2177 2336 comparatione,

524 2374 664 2413 cum
700 2357 929 2413 Joanne
981 2356 1363 2423 instituenda,
1401 2354 1745 2410 distinxisse
1786 2370 1846 2409 se
1887 2354 2183 2409 existima-

526 2446 705 2501 bitur.

596 2534 705 2589 Alii
728 2550 867 2589 vero
895 2533 1263 2589 contendunt
1284 2532 1577 2589 minorem
1601 2533 1661 2587 in
1688 2547 1872 2603 regno
1894 2531 2180 2588 caelorum

523 2620 639 2677 hoc
678 2621 809 2678 loco
830 2638 967 2677 eum
999 2622 1135 2688 dici,
1166 2620 1269 2693 qui
1300 2621 1503 2692 gratiae
1537 2620 1676 2675 novi
1718 2618 1957 2675 hederis
1986 2620 2179 2676 factus

527 2712 601 2766 sit
638 2711 930 2783 particeps
964 2728 976 2765 ε
1010 2711 1125 2766 hoc
1161 2709 1380 2765 scilicet
1411 2726 1612 2775 sensu,
1646 2710 1948 2764 neminem
1980 2726 2051 2764 ex
2081 2709 2177 2773 iis,

523 2800 627 2874 qui
657 2800 913 2869 sublege
937 2799 1117 2871 geniti
1134 2800 1269 2864 sint,
1298 2797 1873 2854 hominibusJoanne
1888 2798 2179 2868 majorem

524 2905 693 2953 esse;
723 2889 893 2944 exiis
946 2904 1110 2953 vero,
1156 2888 1259 2961 qui
1300 2892 1435 2960 post
1488 2888 1739 2960 gratiam
1796 2888 2178 2959 prtedicatam

522 2978 862 3043 exstiterint,
914 2978 1093 3033 etiam
1126 2977 1443 3033 minimum
1476 2976 1703 3049 priores
1735 2980 1924 3047 partes
1970 2977 2028 3031 in
2058 2982 2180 3031 tan-

520 3072 648 3123 tum
678 3072 895 3131 tenere,
931 3067 989 3122 in
1020 3072 1305 3138 quantum
1347 3066 1478 3121 istis
1528 3069 1823 3121 mactatus
1856 3070 1942 3119 est
1978 3064 2176 3129 bonis,
2216 3102 2257 3160 Ο

520 3173 781 3229 quorum
814 3155 907 3211 ille
930 3156 1234 3228 (Joannes)
1258 3171 1377 3211 non
1401 3160 1538 3210 ante
1558 3155 1746 3210 factus
1763 3156 1832 3208 sit
1858 3155 2173 3226 particeps.

521 3247 576 3301 Si
613 3246 748 3318 quis
778 3246 936 3301 enim
968 3246 1189 3300 ratione
1222 3251 1502 3316 typorum
1530 3250 1585 3300 et
1615 3242 2042 3315 praeludiorum
2093 3244 2176 3298 di-

521 3336 742 3404 gnitate
782 3339 837 3389 et
868 3333 1269 3405 praerogativis
1322 3333 1623 3389 maximus
1668 3332 1979 3397 habeatur,
2012 3332 2173 3388 idem

520 3429 740 3486 tamen,
801 3421 1006 3478 habito
1038 3422 1115 3477 ad
1162 3438 1257 3477 res
1298 3421 1481 3492 ipsas,
1540 3437 1674 3492 quae
1714 3436 1894 3492 opere
1948 3422 2082 3493 ipso
2114 3438 2173 3476 se

520 3512 735 3566 sistunt
758 3516 814 3566 et
852 3510 1317 3581 conspiciuntur,
1347 3515 1634 3581 respectu,
1667 3525 1982 3581 nunquam
2036 3525 2175 3565 cau-

520 3616 651 3655 sam
680 3599 982 3666 invenerit,
1003 3614 1107 3653 cur
1138 3614 1199 3653 se
1221 3614 1360 3653 cum
1390 3614 1481 3661 eo,
1506 3598 1611 3669 qui
1644 3598 1962 3653 minimum
1992 3600 2170 3653 etiam

516 3688 716 3744 locum
763 3691 973 3751 tuetur,
1024 3692 1340 3758 comparet.
1390 3686 1674 3750 Quamvis
1704 3685 1859 3740 enim
1912 3687 2172 3741 Joannes

519 3777 815 3833 Christum
852 3777 1050 3849 ipsum
1104 3774 1335 3840 viderit,
1391 3776 1663 3847 sacrique
1691 3775 1906 3830 lavacri
1956 3781 2173 3848 myste-

516 3866 672 3923 rium
716 3866 1161 3931 administrarit,
1184 3866 1474 3937 Agnique,
1518 3873 1764 3936 peccata
1831 3868 2035 3921 mundi
2068 3866 2170 3921 tol-

516 3956 711 4023 lentis,
744 3955 907 4011 testis
932 3955 1221 4011 exstiterit
1235 3952 1764 4022 noninﬁciandus;
1794 3955 1952 4009 idem
1973 3960 2168 4011 tamen

517 4062 587 4102 eo
618 4050 905 4117 tempore,
938 4060 1061 4117 quo
1112 4043 1207 4100 lex
1263 4048 1318 4099 et
1350 4042 1576 4098 umbrae
1626 4043 1825 4099 adhuc
1875 4048 2041 4099 erant
2069 4061 2167 4099 su-

515 4134 804 4208 perstites,
863 4150 973 4189 nec
1012 4133 1205 4204 gratia
1256 4133 1409 4188 clare
1442 4131 1727 4205 pleneque
1780 4131 2062 4197 eluxerat,
2098 4150 2169 4189 ex

515 4226 632 4279 vita
668 4223 917 4279 excessit
968 4226 1114 4279 Cum
1162 4222 1321 4277 enim
1355 4222 1413 4276 in
1454 4238 1689 4277 carcere
1721 4226 2071 4288 versaretur,
2114 4229 2169 4277 et

515 4313 661 4369 caedi
694 4328 816 4369 non
846 4313 1194 4383 promeritae,
1231 4317 1470 4383 propter
1495 4311 2080 4367 animadversionem
2108 4312 2167 4371 in

516 4401 768 4458 violatas
797 4401 957 4471 leges
989 4400 1300 4467 Mosaicas,
1327 4400 1455 4470 jam
1485 4400 1794 4470 subjectus
1825 4404 1995 4465 esset,
2039 4406 2164 4457 tum

514 4492 759 4548 demum
792 4490 1078 4546 Dominus
1108 4494 1330 4554 noster,
1379 4492 1547 4544 Jesus
1594 4488 1876 4555 Christus,
1911 4505 2164 4560 regnum

515 4582 615 4635 Dei
646 4579 970 4652 praedicare
1000 4578 1341 4650 incipiebat.
1382 4578 1696 4649 Propterea
1722 4594 1899 4635 nemo
1931 4596 2163 4644 eorum,

515 4669 618 4742 qui
645 4685 717 4725 ex
736 4684 898 4741 aqua
924 4673 979 4723 et
1006 4668 1222 4740 Spiritu
1244 4667 1571 4737 regenerati
1594 4671 1784 4733 erant,
1812 4672 1867 4723 et
1885 4668 2163 4724 Paracleti

515 4774 754 4815 accessu
804 4758 1099 4829 donisque
1157 4756 1321 4825 digni
1376 4756 1764 4822 habebantur,
1800 4757 2092 4813 secundas
2127 4775 2163 4814 a

510 4850 735 4905 Joanne
792 4853 988 4920 partes
1028 4853 1223 4902 tenere
1271 4845 1528 4917 jndicari
1586 4846 1790 4917 possit.
1856 4846 1980 4901 lmo
2026 4863 2162 4903 vero

513 4938 775 5005 etiamis,
790 4937 891 5009 qui
906 4936 1178 4991 inﬁmum
1201 4934 1399 4991 locum
1412 4939 1681 5007 occupet,
1712 4935 1866 4990 illius
1886 4942 2161 5008 respectu

587 5100 634 5133 ‘7
666 5098 863 5154 Matth.
892 5115 967 5162 in,
1003 5099 1048 5133 ιθ
1090 5096 1277 5154 Galat.
1316 5113 1397 5162 iv,
1438 5100 1496 5153 4.

2300 1826 2644 1894 προειρημένῃ
2696 1820 2992 1884 ἀναπτύξει.
3043 1823 3117 1874 Οὐ
3173 1825 3273 1895 γὰρ
3322 1822 3377 1874 ἐκ
3431 1829 3706 1894 γυναικὸς
3762 1826 3931 1885 ἁπλῶς

2296 1914 2569 1980 γέγενηται
2604 1912 2629 1961 6
2672 1915 2919 1984 Χριστὸς,
2978 1910 3084 1963 ἀλλ’
3138 1914 3191 1963 ἐκ
3236 1914 3520 1985 Παρθένου.
3564 1913 3625 1965 Ἠ
3680 1911 3748 1966 δε
3794 1922 3927 1987 Παρ-

2299 2000 2438 2059 θένος
2483 1999 2573 2051 οὐκ
2620 2000 2680 2050 οἶν
2729 2006 2923 2070 κυρίως
2961 2000 3172 2058 κληθείη
3219 2006 3373 2071 γυνὴ,
3407 2002 3451 2053 εἰ
3502 2007 3581 2072 μή
3630 2023 3721 2063 τις
3773 2003 3925 2055 ierim

2295 2095 2366 2157 τῷ
2396 2089 2591 2161 ῥήματι
2647 2092 3119 2163 καταχρήσασθαι,
3174 2093 3238 2150 ὦς
3280 2109 3377 2142 που
3426 2096 3518 2142 καὶ
3564 2092 3591 2142 6
3643 2095 3928 2155 θεσπέσιος

2296 2176 2493 2236 Παῦλος
2577 2195 2725 2249 φησι’
2815 2198 2842 2227 ι(
2930 2184 3197 2249 Γενόμενος
3276 2181 3332 2231 ἐκ
3382 2188 3673 2249 γυναικός,
3752 2206 3782 2229 η
3845 2182 3927 2231 'Ez

2296 2267 2557 2337 Παρθένου
2616 2264 2700 2317 οὖν
2752 2268 2776 2317 6
2835 2271 3061 2337 Χριστὸς
3115 2267 3392 2341 προελθὼν,
3449 2266 3562 2319 ἀλλ’
3613 2270 3678 2320 οὐ
3738 2275 3924 2341 κυρίως

2295 2352 2347 2404 ἐκ
2400 2358 2666 2423 γυναικὸς,
2713 2355 2892 2406 ἑαυτὸν
2934 2357 2994 2406 ἄν
3036 2356 3115 2427 (5)
3148 2356 3242 2419 ἔξω
3274 2359 3447 2408 τάττοι
3501 2365 3604 2417 τῆς
3656 2362 3802 2431 πρὸς
3846 2365 3923 2409 τὸν

2295 2442 2532 2501 Ἰωάννην
2568 2448 2913 2518 συγκρίσεως.

2361 2531 2557 2607 Ἐτεροι
2607 2528 2666 2585 δέ
2715 2552 2843 2603 φασι
2901 2538 3202 2608 μικρότερον
3271 2534 3318 2586 ἐν
3384 2543 3445 2606 τῇ
3507 2534 3778 2609 βασιλεία
3831 2547 3922 2589 τῶν

2293 2620 2518 2695 οὐρανῶν
2565 2620 2786 2673 ἐνταῦθα
2818 2621 3061 2695 εἰρῆσθαι
3111 2627 3197 2674 τὸν
3230 2622 3513 2685 ἀξιωθέντα
3546 2635 3647 2686 τῆς
3674 2629 3919 2697 χάριτος.

2815 2198 2842 2227 ιι
2930 2184 3197 2249 Γενόμενος
3276 2181 3332 2231 ἐκ
3382 2188 3673 2250 γυναικός.

2293 2711 2375 2761 ἳνα
2404 2714 2481 2768 εἴη
2522 2713 2810 2763 τοιοῦτονό
2868 2718 3008 2773 νοῦς⁹
3047 2719 3158 2764 Τῶν
3211 2717 3299 2783 μεν
3330 2716 3464 2764 κατὰ
3513 2719 3724 2785 νόμους
3779 2734 3919 2785 γεγοσ

2290 2804 2447 2851 νότων
2478 2800 2758 2872 ἀνθρώπων
2810 2798 2985 2861 οὐδεὶς
3024 2803 3084 2852 οἰν
3138 2805 3213 2858 εἴη
3270 2809 3359 2853 τοῦ
3413 2804 3667 2855 Ἰωάννου
3704 2807 3917 2875 μείζω-δ·

2290 2897 2389 2939 τῶν
2442 2886 2500 2940 δὲ
2548 2892 2679 2960 μετὰ
2735 2895 2825 2947 τὴν
2870 2892 3031 2961 χάριν
3090 2889 3439 2962 ἀναφανέντων
3508 2892 3641 2944 ὅσον
3698 2894 3789 2945 ἐπὶ
3857 2916 3921 2963 ττι,

2291 2975 2596 3040 ἀξιωθῆναι,
2664 2978 2729 3027 ὧν
2802 2977 2990 3039 ἐκεῖνος
3057 2982 3149 3030 οὐκ
3222 2981 3407 3050 ἔφθασε

3492 2990 3711 3051 τυχεῖν,
3795 3004 3919 3034 κατα

2289 3074 2441 3117 τοῦτο
2482 3071 2538 3119 τὸ
2582 3068 2697 3118 κατ’
2746 3067 2902 3119 αὐτοῦ
2941 3068 3117 3138 μεῖζον
3159 3070 3183 3119 6
3216 3076 3521 3141 μικρότερος
3578 3069 3915 3143 ἀπε-νήπιοιτς

2288 3157 2370 3208 οἶν.
2425 3162 2523 3208 Καὶ
2561 3159 2662 3231 γὰρ
2695 3158 2865 3216 ὁποῖος
2895 3160 2956 3208 οῐν
2988 3177 3067 3219 τις
3097 3162 3164 3208 ὧν
3210 3156 3257 3208 ἐν
3291 3166 3399 3220 νοῖς
3444 3162 3638 3221 τύποις
3670 3167 3769 3212 καὶ
3815 3170 3911 3221 τοῖς

2287 3249 2733 3318 προχαράγμασιν
2786 3248 2920 3297 κατὰ
2972 3248 3186 3318 μέγεθος
3241 3253 3329 3298 καὶ
3378 3245 3538 3310 δόξαν
3620 3255 3908 3324 προκριθῇ,

2286 3333 2437 3395 οὗτος
2484 3342 2581 3385 τῶν
2631 3333 2677 3385 ἐν
2730 3343 2791 3407 τῇ
2850 3333 3065 3405 ἀληθείᾳ
3114 3340 3203 3387 καὶ
3251 3335 3431 3397 αὐτοῖς
3481 3344 3591 3397 τοῖς
3627 3342 3911 3412 πράγμασι

2289 3428 2703 3494 συντεταγμένων
2764 3442 2817 3476 τε
2894 3428 2984 3475 καὶ
3059 3424 3410 3496 ἀναφανέντων
3469 3423 3601 3478 οὐδὲ
3661 3436 3761 3480 τοῦ
3822 3436 3907 3486 τήν

2285 3511 2520 3583 ἐσχάτην
2568 3510 2839 3573 δοκοῦντος
2892 3514 3037 3576 τάξιν
3092 3513 3299 3585 ἐπέχειν
3352 3515 3424 3576 εἰς
3481 3515 3720 3575 ἰσότητα
3761 3519 3907 3589 λόγον

2284 3602 2519 3674 εὑρήσει.
2585 3602 2641 3654 Εἰ
2692 3604 2791 3673 γὰρ
2832 3608 2921 3654 καὶ
2952 3604 2977 3652 6
3010 3601 3248 3665 Ἰωάννης
3282 3604 3549 3664 αὐτόπτης
3595 3611 3787 3675 γεῆονε
3818 3617 3901 3659 τοῦ

2284 3697 2537 3763 Χριστοῦ,
2583 3695 2671 3741 καὶ
2711 3699 2782 3759 τῷ
2833 3698 2923 3742 τοῦ
2980 3689 3349 3763 βαπτίσματος
3380 3700 3672 3765 μυστηρίῳ
3706 3698 3906 3768 ὑπηρε-

2282 3784 2500 3844 τήσατο,
2558 3784 2646 3831 καὶ
2702 3782 2901 3853 μάρτυς
2964 3776 3277 3853 διαπρύσιος
3328 3790 3424 3833 τοῦ
3498 3783 3721 3854 Ἀμνου,
3817 3796 3901 3837 τον

2281 3872 2507 3942 αἴροντος
2564 3874 2656 3926 τὴν
2708 3868 2966 3943 ἁμαρτίαν
3019 3877 3109 3921 τοῦ
3162 3873 3383 3941 κόσμου,
3449 3876 3718 3929 κατέστη·
3794 3873 3899 3925 ἀλλ’

2279 3958 2373 4009 οὐκ
2405 3958 2480 4029 (6)
2515 3960 2587 4009 ἔτι
2630 3965 2720 4009 τοῦ
2750 3962 2905 4030 νόμου
2938 3963 3146 4019 καὶτῆς
3190 3966 3337 4019 σκιάς
3387 3959 3435 4010 ἐν
3468 3968 3577 4021 τοῖς
3632 3962 3898 4033 λειψάνοις

2280 4047 2595 4116 σωζομένης,

2276 4138 2499 4209 χάριτος
2569 4134 2973 4208 ἀναλαμψάσης,

2280 4224 2417 4277 Ἐπεὶ
2466 4228 2564 4297 γὰρ
2609 4229 2663 4277 τό
2708 4244 2761 4277 τε
2810 4230 3005 4297 οἰκημα
3051 4230 3242 4297 ᾤκησε,
3294 4232 3384 4277 καὶ
3434 4232 3529 4285 τὴν
3698 4230 3895 4302 ἐλέγχῳ

2667 4052 2754 4098 καὶ
2834 4052 2991 4118 μήπω
3074 4050 3313 4121 καθαρῶς
3380 4054 3467 4099 καὶ
3541 4050 3751 4111 τελείῳ
3809 4062 3898 4109 τῆς

3054 4137 3207 4198 αὐτὸς
3279 4140 3500 4208 μετέστη
3582 4149 3681 4191 τοῦ
3752 4140 3891 4211 βίον.

2280 4324 2370 4376 τῆς
2400 4324 2499 4367 τῶν
2550 4322 2843 4368 Μωσαῑκῶν
2887 4321 3053 4388 νόμων
3082 4315 3430 4383 παραϐάσεως
3469 4314 3663 4371 ἄδικον
3694 4322 3892 4377 ὑπέστη

2278 4410 2504 4477 σφαγὴν,
2557 4408 2687 4476 μετὰ
2734 4412 2891 4457 ταῦτο
2945 4405 3140 4477 ἤρξατο
3186 4405 3210 4457 6
3252 4408 3443 4480 Κύριος
3483 4410 3635 4479 ἡμῶν
3688 4408 3895 4470 Ἰησοῇς

2277 4497 2505 4567 Χριστός
2548 4496 2817 4567 κηρύττειν
2854 4496 2916 4546 τὰ
2948 4500 3065 4566 περὶ
3113 4502 3206 4556 τῆς
3260 4493 3536 4566 βασιλείας
3584 4506 3683 4549 τοῦ
3735 4507 3891 4551 Θεοὺ.

2278 4588 2377 4635 Καὶ
2431 4579 2523 4634 διὰ
2570 4590 2742 4648 τοῦτο,
2804 4584 2918 4635 ὅσοι
2970 4602 3023 4634 τε
3081 4580 3153 4635 δι’
3198 4582 3391 4645 ὕδατος
3441 4590 3527 4635 καὶ
3590 4592 3894 4659 Πνώματος

2274 4673 2702 4743 ανεγεννηθησαν,
2786 4677 2874 4723 καὶ
2976 4681 3070 4733 τῆς
3154 4672 3534 4743 ἐπιφοίτησεως
3622 4683 3715 4728 καὶ
3798 4686 3894 4729 τῶν

2272 4762 2619 4835 χαρισμάτων
2648 4768 2738 4813 τοῦ
2789 4760 3133 4836 Παρακλήτου
3189 4762 3515 4827 ἠξιώθησαν,
3565 4768 3771 4818 τούτων
3804 4768 3896 4820 οὐκ

2275 4847 2333 4900 ἆν
2363 4869 2436 4910 τις
2483 4852 2549 4901 τὰ
2608 4847 2872 4925 δευτερεῖα
2914 4855 3076 4922 σχοίη
3129 4857 3219 4904 τοῦ
3269 4850 3527 4906 Ἰωάννου.
3579 4853 3747 4907 Ἀλλὰ
3796 4860 3891 4929 γὰρ

2274 4942 2362 4991 καὶ
2419 4942 2444 4991 6
2498 4944 2590 4998 τὴν
2647 4940 2940 4993 τελευταίαν
2992 4940 3137 5003 τάξιν
3189 4939 3366 5013 λαχών
3420 4944 3477 4993 τό
3530 4944 3650 4995 κατ’
3730 4948 3890 4997 αὐτού

2141 5208 2185 5263 Ν
2193 5206 2370 5266 ΟΤΑΞ.

585 5333 663 5405 (2)
702 5335 772 5405 μή
819 5329 965 5385 illud
994 5346 1331 5405 expungere
1357 5347 1449 5405 res
1475 5332 1602 5404 ipsa
1634 5332 1822 5403 jubet,
1860 5334 2066 5388 Natum
2096 5330 2160 5386 il-

514 5403 617 5459 Iud
646 5403 902 5458 videtur
940 5418 1012 5457 ex
1035 5403 1247 5477 prima
1278 5403 1509 5475 syllaba
1540 5405 1705 5459 vocis
1733 5405 1968 5475 μείζονα,
2000 5420 2157 5477 quae,

513 5477 740 5603 ratione
767 5475 1264 5603 ptronuntiationis
1290 5481 1430 5529 tunc
1451 5482 1718 5548 receptae,
1744 5491 1883 5532 cum
1910 5475 2055 5532 voce
2085 5480 2155 5547 μὴ

514 5564 584 5606 ea
632 5562 716 5603 em
734 5564 796 5603 es
830 5588 842 5603 .

2340 5334 2482 5414 (φῇ
2507 5333 2637 5414 Vid.
2668 5334 2975 5414 epistolam
3019 5334 3201 5392 modo
3233 5334 3609 5409 appellatam
3656 5356 3723 5413 p.
3764 5342 3883 5401 181,

2268 5405 2406 5459 edit.
2438 5405 2916 5463 Montacutianae.

2367 5478 2420 5545 5)
2451 5475 2544 5528 "Av
2570 5484 2659 5531 est
2684 5492 2755 5532 ex
2788 5478 2953 5534 Colb.

2339 5476 2420 5619 ἓό)
2451 5476 2544 5528 "Av
2570 5484 2659 5531 est
2684 5492 2755 5532 ex
2788 5478 2953 5534 Colb.

2365 5550 2421 5619 6)
2452 5548 2797 5619 Legendum
2824 5553 2969 5621 puto
2994 5544 3105 5603 οὖν.
