4026 6206
128 314 274 370 1161

1006 319 1100 373 AD
1140 319 1699 377 AMPHILOCHIUM
1739 319 2067 388 QUIESTIO
2108 321 2317 389 CCXII,
2357 321 2644 382 CCCXIII.

3366 323 3504 381 1162

119 439 326 501 ἄλλους
377 441 613 516 εὑρήσεις
667 449 767 494 τῶν
839 446 952 497 τότε
1002 447 1268 519 παρόντων
1325 454 1416 506 τῆς
1480 448 1744 507 υἱοθεσίας

1854 446 2114 505 ﬁliorum
2141 449 2242 505 Dei
2261 465 2582 507 numerum
2613 451 2904 522 receptos,
2934 452 3112 521 atque
3145 449 3297 508 adeo
3317 465 3505 522 regno

119 529 453 602 ἠξιωμένους
482 535 610 584 θεοῦ
663 536 752 582 καὶ
817 541 912 595 τῆς
956 533 1164 586 αἰωνίου
1222 539 1294 607 μὴ
1348 536 1740 598 ἐκπεπτωκότας

124 616 442 689 βασιλείας.

701 716 1014 765 ΕΡΩΤΗΣΙΣ
1053 712 1191 766 ἸῚΒ’.

230 801 399 850 Πόσοι
433 799 689 871 Ἀστέριοι
707 803 956 872 γεγόνασι
984 806 1073 854 καὶ
1095 808 1172 865 τίς
1201 805 1230 860 ἡ
1268 801 1398 866 δόξα
1428 803 1595 856 αὐτῶν
1625 821 1638 871 ;

1851 541 2073 594 aeterno
2111 554 2232 594 non
2272 541 2536 611 privatos
2570 539 2887 596 inveneris.

2022 714 2341 780 QUESTlO
2379 713 2604 771 CCCXII
2641 715 2868 788 [Coisl.,
2905 715 3079 771 Taur.
3110 713 3336 790 CXXV].

1925 804 2071 870 Quot
2097 804 2319 860 Asterz'i
2337 805 2530 874 fuere,
2561 811 2616 860 et
2655 820 2926 876 quaenam
2958 805 3218 873 ipsorum
3258 807 3455 877 opinio
3477 809 3506 867 7

1106 909 1259 959 Edita
1291 923 1324 960 α
1351 909 1404 959 Β.
1439 909 1503 960 Je
1538 909 1880 960 Montfaucon
1921 911 2082 973 (Bibl.
2113 911 2269 960 σοίει.
2292 927 2343 975 p.
2373 911 2508 972 346).

197 1003 327 1056 Ὀτι
406 1011 749 1077 συνήκμασαν
826 1010 915 1079 μεθ
973 1009 1233 1080 Ἀστέριοι
1286 1006 1402 1076 δύο,
1464 1011 1490 1061 6
1542 1029 1594 1061 τε
1649 1020 1742 1072 τῆς

118 1093 340 1166 ’Δρείας
395 1092 598 1156 λύσσης
673 1096 1034 1161 ὑπασπιστὴς,
1112 1103 1201 1150 καὶ
1276 1100 1301 1150 ό
1358 1106 1460 1150 τῶν
1521 1097 1742 1151 εὐσεϐῶν

122 1177 420 1254 δογμάτων
474 1189 744 1258 τρόφιμος.
797 1192 888 1245 Ὀς
936 1192 1024 1237 καὶ
1081 1195 1152 1257 τῷ
1208 1187 1414 1259 μεγάλῳ
1471 1191 1561 1260 μὲν
1616 1188 1742 1241 Ἰου-

119 1270 291 1342 λιανῷ
335 1281 522 1343 φοιτῶν
574 1281 678 1334 τοῖς
732 1271 1037 1346 μοναδικοῑς
1089 1275 1387 1346 ἐγυμνάσθη
1441 1277 1741 1349 παλαίσμα-

127 1379 238 1424 σιν,
296 1363 373 1412 En
420 1364 478 1412 τὸ
534 1364 800 1434 μειράκιον
842 1359 876 1414 δ
884 1363 1066 1425 ιεξιων·
1101 1365 1314 1437 ὕστερον
1357 1362 1414 1418 δὲ
1459 1371 1548 1418 καὶ
1578 1375 1739 1438 μονῆς

124 1447 429 1510 ἀσκητικῆς
484 1453 844 1522 καθηγήσατο,
895 1451 956 1504 οὔ
1012 1457 1101 1504 καὶ
1162 1455 1403 1525 μαθητὴς
1460 1458 1590 1526 μετὰ
1649 1460 1738 1508 καὶ

124 1537 299 1590 ἄλλων
349 1538 544 1590 πολλῶν
594 1538 862 1612 ἐπισήμων
917 1537 1118 1614 ἀνδρῶν
1165 1540 1520 1616 ἐχρημάτισεν
1574 1545 1600 1595 6
1648 1564 1738 1596 πο-

121 1627 481 1700 λυθρύλλητος
546 1629 786 1690 Ἀκάκιος
840 1632 864 1681 6
925 1636 1151 1706 Βεροίας.
1204 1631 1262 1683 Ὀ
1340 1629 1398 1685 δὲ
1464 1634 1736 1707 Ἀρειανῆς

124 1720 383 1789 αἱρέσεως
436 1716 659 1791 ἐραστὴς
706 1725 1017 1791 σοφιστικὴν
1055 1723 1144 1792 μὲν
1185 1719 1238 1772 ἐκ
1291 1725 1411 1773 νέων
1442 1727 1735 1794 μετηρχετο

121 1812 346 1878 τέχνην,
399 1813 488 1858 καὶ
549 1815 608 1879 τῇ
667 1816 766 1859 τῶν
819 1807 1066 1866 Ἑλλήνων
1131 1809 1473 1884 ἀνετέθραπτο
1544 1811 1729 1884 πλάνη·
1767 1850 1803 1903 Β

122 1894 226 1965 ὀψε
258 1892 321 1948 δε
373 1898 458 1947 τὸν
506 1901 919 1968 Χριστιανισμόν
950 1899 1347 1972 ὑποκρινόμενος
1393 1901 1459 1960 εἰς
1497 1904 1592 1958 τὴν
1633 1910 1734 1952 τῶν

122 1985 412 2057 Ἀρειανῶν
450 1984 682 2038 ἀπέκλινε
739 1993 948 2060 μοῖραν.
1007 1992 1106 2039 Καὶ
1156 1990 1181 2039 6
1219 1992 1308 2059 μὲν
1359 1985 1512 2046 δίκην
1544 1986 1732 2042 ἔδωκεν

121 2077 175 2125 ἐν
223 2072 527 2145 ’Δντιοχείᾳ
576 2082 670 2136 τῆς
729 2073 1022 2127 ἀκολάστου
1074 2075 1336 2146 γλώσσης·
1386 2079 1531 2148 ἔργον
1587 2096 1731 2148 γεγο-

119 2165 213 2222 νός
261 2170 360 2223 τῆς
419 2161 695 2215 Ἰουλιανοῦ
748 2172 840 2216 τοῦ
889 2165 1180 2236 θαυμασίου
1230 2174 1550 2239 προσευχῆς.
1583 2165 1641 2218 Ὀ
1675 2163 1732 2218 δὲ

119 2255 214 2303 τόν
245 2253 392 2303 ὅσιον
443 2251 514 2313 εἰς
542 2256 634 2310 τὴν
682 2253 796 2304 κατ’
844 2254 1003 2305 αὑτοῦ
1045 2250 1256 2306 δικαίαν
1301 2259 1554 2329 τιμωρίαν
1587 2252 1732 2306 διαν-

120 2346 370 2398 έστησεν.
426 2340 626 2415 Ἐτερος
678 2342 766 2394 οὖν
815 2346 873 2394 τό
930 2346 1133 2417 θρέμμα
1173 2352 1267 2405 τῆς
1324 2344 1579 2418 όρθοξίας,
1638 2350 1728 2396 καὶ

120 2430 304 2501 ἕτερος
347 2431 372 2481 6
416 2438 506 2491 τῆς
553 2430 746 2492 πλάνης
777 2432 962 2504 κῆρυξ.
1017 2432 1152 2484 Ἀλλ’
1207 2431 1321 2485 οὐδ’
1361 2435 1386 2484 6
1417 2439 1510 2491 τὴν
1541 2436 1728 2508 ἐκφρα-

122 2538 213 2570 σιν
260 2526 352 2578 τῆς
405 2539 664 2594 μάρτυρος
723 2520 990 2592 Εὗφημίας
1035 2520 1434 2594 ἀναταξάμενος,
1470 2527 1638 2574 κοινόν
1680 2542 1730 2574 τι

121 2612 266 2681 φέρει
325 2611 452 2682 πρὸς
503 2612 587 2660 τὸν
641 2617 734 2672 τῆς
787 2605 1100 2672 δυσσεϐείας
1148 2612 1474 2682 ὑπέρμαχον·
1526 2620 1728 2685 πρῶτον

117 2700 216 2767 μὲν
273 2694 327 2758 ἐξ
379 2696 446 2747 ὧν
496 2698 679 2749 θᾶττον
710 2698 735 2749 6
767 2695 1040 2761 δυσσεϐὴς
1087 2698 1299 2752 ἀπέτισε
1329 2706 1422 2759 τὴν
1463 2698 1644 2758 δίκην
1702 2702 1728 2753 ό

115 2789 223 2857 γὰρ
270 2794 366 2845 τῆς
414 2785 686 2857 εἰρημένης
721 2786 908 2848 εἰκόνος
957 2788 1360 2861 λογογραφὴσας
1393 2794 1487 2848 τὴν
1545 2792 1730 2863 ἔκφρα-

120 2894 233 2939 σιν,
289 2878 358 2936 ὡς
409 2878 457 2927 ἕν
505 2895 643 2927 τισιν
685 2877 845 2929 αὑτοῦ
895 2886 993 2928 τῶν
1040 2877 1204 2948 λόγων
1261 2875 1623 2950 διαλαμϐάνει,
1662 2880 1728 2939 εἰς

121 2962 271 3035 βαθύ
302 2973 466 3036 γῆρας
498 2972 586 3016 τοῦ
619 2963 740 3037 βίου
772 2971 1109 3024 κατήντησεν·
1147 2964 1404 3040 δεύτερον,
1449 2970 1474 3019 6
1512 2971 1601 3040 μεν
1635 2977 1726 3030 τῆς

120 3053 404 3123 Ἀρειανῆς
455 3053 658 3114 λύσσης
697 3053 1040 3126 ἐπεπλήρωτο
1090 3056 1235 3116 οὗτος
1298 3053 1356 3108 δὲ
1407 3055 1454 3107 ἐν
1506 3063 1615 3118 τοῖς
1657 3057 1726 3108 οἰ-

115 3147 283 3203 κείοις
320 3142 496 3214 λόγοις
553 3146 616 3195 τὰ
668 3152 766 3195 τῶν
808 3140 1100 3218 ὀρθοδόξων
1133 3141 1458 3217 δογματίζει,
1503 3145 1595 3197 οὐκ
1643 3148 1728 3197 ἑκ-

267 3195 281 3203 ·
387 3195 401 3214 ι
482 3195 496 3204 ·
836 3195 844 3218 ι
945 3195 1028 3206 ννε
1142 3195 1458 3217 ίίιινηνίσ-ν
1510 3195 1593 3197 -νν
1646 3195 1695 3197 -η

115 3236 346 3302 μιόντων
411 3233 474 3303 [Ι.
527 3230 582 3283 ἐκ
620 3237 690 3303 μὴ
741 3233 916 3304 ὄντων]
974 3237 1060 3285 τόν
1099 3235 1216 3286 Υἱόν
1273 3239 1362 3286 καὶ
1418 3238 1580 3306 Λόγον
1633 3244 1725 3287 τοῦ
1760 3195 1800 3252 C

116 3328 260 3374 Θεοῦ
306 3323 374 3381 ὡς
404 3324 430 3372 ό
458 3325 699 3394 μεμηνὼς
746 3318 1040 3394 δυσφημῶν
1079 3321 1362 3394 Ἀστέριος,
1410 3323 1484 3376 ἀεὶ
1516 3321 1574 3376 δὲ
1606 3328 1728 3376 ὄντα

117 3410 376 3480 θεολογῶν
415 3415 505 3462 καὶ
552 3410 629 3462 ἀεὶ
678 3416 898 3463 συνόντα
927 3421 997 3481 τῷ
1050 3416 1236 3486 Πατρί.
1297 3417 1499 3482 Τρίτον,
1557 3415 1582 3464 6
1635 3417 1724 3486 μὲν

115 3502 382 3571 αἱρετικός
434 3498 695 3573 Ἀστέριος
749 3499 806 3552 οὐ
866 3509 961 3562 τῆς
1011 3500 1314 3572 Ἀμασείας,
1385 3499 1490 3553 ἀλλ’
1567 3502 1726 3564 ἄλλης

110 3592 255 3650 τινός
283 3588 474 3650 πόλεως
513 3589 920 3652 πλησιαζούσης
950 3597 1010 3662 τῇ
1066 3589 1364 3662 Ἀντιόχου,
1415 3593 1604 3664 μισθόν
1631 3599 1724 3654 τῆς

115 3676 364 3738 ἀσεϐείας
420 3682 561 3751 παρὰ
610 3688 708 3730 τῶν
761 3687 1176 3750 συναιρεσιωτῶν
1257 3684 1350 3738 τὴν
1432 3680 1722 3740 ἐπισκοπὴν

114 3765 340 3837 εῐληφεν⁸
406 3765 524 3828 ἑξῆς
572 3772 660 3819 καὶ
710 3767 1026 3838 μετάκλητος
1085 3766 1134 3819 ἓν
1208 3767 1540 3841 Ἀντιοχείοι
1581 3774 1726 3843 παρά

113 3863 217 3906 τῶν
269 3856 564 3928 ὁμοφρόνων
613 3875 835 3926 γεγονως
892 3855 975 3908 ἐπὶ
1031 3862 1320 3929 συμμαχίᾳ
1367 3865 1458 3910 τοῦ
1525 3855 1722 3912 δυσσε-

112 3943 374 4016 ϐήματος,
407 3952 521 4006 ταῖς
559 3952 651 3996 τοῦ
697 3947 994 4016 Θαυμασίου
1047 3945 1328 3998 Ἰουλιανοῡ
1372 3957 1720 4019 προσευχαῖς,

110 4035 181 4093 ὡς
233 4036 564 4107 προείρηται,
617 4037 704 4085 τόν
764 4032 882 4106 βίον
931 4033 1114 4095 ἀθλίως
1176 4035 1546 4108 κατέστρεψεν.
1605 4037 1724 4090 Ἐπὶ

110 4124 330 4184 τούτοις
373 4125 399 4174 6
549 4119 801 4175 διδάσκει
839 4127 896 4175 τό
945 4143 1206 4195 ποιμνιον,
1238 4129 1326 4176 καὶ
1376 4124 1724 4196 φιλοπονεῖται

109 4217 236 4284 περὶ
294 4220 394 4264 τῶν
438 4211 648 4285 ἀρετῶν,
708 4213 915 4274 ἀπάσης
967 4210 1236 4266 δείκνυται
1289 4215 1567 4285 Θεαρέστου
1623 4234 1724 4267 πο-

108 4303 313 4362 λιτείας
364 4308 718 4374 καταγώγιον⁸
783 4304 809 4356 6
853 4300 912 4356 δε
963 4300 1116 4356 οὐδὲν
1171 4310 1404 4356 τοιοῦτον
1448 4306 1586 4375 ἔχων
1615 4303 1723 4357 ἑπι-

106 4397 454 4463 γινώσκεται.

674 4486 988 4534 ΕΡΩΤΗΣΙΣ
1027 4480 1172 4534 ΤΙΓ’.

466 4575 589 4644 Περὶ
619 4577 712 4622 τοῦ
741 4569 932 4623 Ἰακὼϐ
961 4574 1050 4624 καὶ
1074 4577 1166 4631 τῆς
1198 4574 1370 4631 Λείας.

1757 4573 1800 4626 D

1923 1010 2148 1066 Eodem
2173 1015 2444 1081 tempore
2470 1009 2723 1066 ﬂoruere
2762 1009 2972 1065 Asterii
3003 1011 3144 1076 duo,
3175 1010 3321 1066 alter
3350 1012 3507 1069 Aria-

1850 1097 1964 1155 nici
1994 1099 2206 1155 furoris
2230 1105 2661 1170 prOpugnator,
2702 1098 2852 1155 alter
2889 1100 3128 1170 piorum
3151 1100 3505 1170 dogmatum

1849 1187 2261 1260 alumnus,qui
2274 1204 2409 1243 cum
2429 1203 2717 1258 magnum
2733 1187 2899 1243 illum
2915 1187 3207 1243 Iulianum
3227 1188 3505 1260 frequens

1848 1277 2058 1343 adiret,
2100 1277 2569 1333 adolescentiam
2608 1293 2887 1333 emensus
2926 1277 2985 1332 in
3013 1279 3348 1334 monastica
3379 1294 3504 1334 sese

1847 1366 2125 1437 palaestra
2164 1365 2445 1429 exercuit,
2486 1369 2853 1438 demumque
2885 1366 3122 1421 ascetici
3158 1367 3503 1422 monasterii

1847 1455 2164 1527 praefectus
2212 1455 2338 1520 fuit,
2381 1455 2553 1525 cujus
2593 1471 2726 1510 cum
2770 1455 2901 1512 aliis
2941 1454 3142 1510 multis
3173 1455 3504 1511 illustribus

1844 1545 1985 1599 viris
2053 1543 2384 1616 discipulus
2437 1543 2546 1599 fuit
2606 1543 3030 1600 celeberrimus
3093 1543 3188 1599 ille
3255 1543 3502 1599 Acacius

1847 1634 2084 1688 Beroeaa.
2111 1631 2209 1687 Ille
2230 1647 2372 1688 vero
2401 1631 2633 1688 Arianae
2663 1632 2874 1688 haeresi
2905 1632 3202 1700 addictus,
3228 1631 3504 1704 sophisti-

1845 1737 1979 1777 cam
2013 1737 2047 1776 a
2073 1721 2286 1776 teneris
2333 1720 2507 1776 anuis
2546 1726 2734 1776 artem
2765 1721 2966 1784 coluit,
3017 1727 3070 1776 et
3101 1721 3160 1775 in
3189 1719 3500 1790 gentilium

1843 1825 2040 1866 errore
2067 1809 2353 1865 educatus
2384 1814 2473 1865 est
2506 1826 2518 1865 :
2556 1809 2782 1865 tardius
2811 1824 2952 1864 vero
2985 1808 3501 1865 Christianismum

1845 1899 2154 1964 simulans,
2197 1899 2256 1954 iu
2313 1897 2670 1954 Arianorum
2727 1904 2954 1968 partem
2989 1896 3330 1954 declinavit.
3373 1901 3501 1969 lpse

1843 2004 1981 2044 vero
2020 1988 2100 2043 ob
2123 1988 2488 2060 petulantem
2511 1986 2781 2057 linguam
2803 2003 3014 2060 poenas
3047 1987 3372 2043 Antiochiae
3401 1985 3502 2041 de-

1843 2077 1946 2143 dit,
1990 2077 2050 2132 id
2103 2081 2388 2149 operante
2431 2077 2767 2133 admirandi
2822 2077 3040 2132 Juliani
3099 2077 3406 2132 oratione:
3444 2079 3502 2130 et

1842 2171 2112 2222 sanctum
2135 2182 2327 2222 Vll‘llm
2360 2167 2635 2222 excitavit
2658 2167 2736 2222 ad
2771 2167 3005 2237 justum
3038 2166 3396 2238 supplicium
3423 2165 3498 2220 de

1841 2273 1901 2309 se
1943 2256 2324 2310 sumendum.
2353 2255 2509 2310 Alter
2531 2255 2708 2324 igitur
2747 2255 2804 2310 in
2837 2254 3174 2310 orthodoxa
3203 2253 3319 2309 ﬁde
3359 2255 3498 2309 edu-

1841 2352 2009 2398 cutus
2049 2349 2173 2411 est;
2213 2343 2358 2399 alter
2397 2344 2610 2399 erroris
2656 2359 2857 2413 praeco
2888 2343 3017 2399 fuit.
3050 2342 3148 2398 Ille
3186 2358 3366 2415 porro
3391 2341 3496 2414 qui

1840 2432 1914 2487 de
1954 2438 2156 2488 sancta
2195 2432 2818 2506 martyre‘Euphemia
2857 2432 3262 2488 narrationem
3285 2430 3491 2496 edidit,

1840 2521 1987 2576 nihil
2027 2537 2345 2576 commune
2401 2537 2539 2576 cum
2581 2520 2901 2592 impietatis
2940 2519 3254 2576 defensore
3291 2520 3494 2576 habet.

1841 2611 2031 2666 Primo
2061 2611 2304 2683 quidem
2336 2611 2624 2683 quoniam
2673 2610 2897 2682 impius
2927 2610 3022 2666 ille
3055 2610 3346 2665 maturius
3375 2624 3498 2681 pae-

1839 2717 1946 2756 nas
1974 2699 2135 2755 dedit
2166 2717 2179 2754 :
2215 2715 2353 2754 nam
2387 2700 2488 2771 qui
2520 2699 2594 2754 de
2624 2703 2956 2755 memorata
2983 2698 3248 2769 imagine
3295 2712 3498 2754 narra-

1837 2789 2059 2845 tionem
2099 2789 2367 2859 instituit,
2414 2795 2478 2843 ut
2516 2788 2576 2843 in
2635 2788 2896 2858 quadam
2938 2787 3033 2843 ille
3083 2787 3353 2843 oratione
3389 2803 3498 2841 sua

1838 2878 2079 2941 indicat.
2121 2878 2194 2932 ad
2250 2883 2599 2950 provectam
2650 2880 3018 2932 senectutem
3072 2876 3494 2946 devenitgse-

1837 2966 2057 3033 eundo,
2091 2966 2184 3021 ille
2221 2967 2437 3021 Ariano
2467 2967 2663 3021 furore
2696 2965 2906 3036 plenus
2945 2968 3106 3030 erat;
3134 2964 3230 3019 hic
3259 2979 3402 3018 vero
3432 2964 3492 3018 in

1837 3055 2071 3127 scriptis
2102 3056 2222 3109 suis
2253 3054 2652 3110 orthodoxam
2684 3054 3039 3108 sententiam
3080 3067 3204 3125 prae
3255 3068 3319 3107 se
3361 3051 3490 3119 fert,

1836 3161 2038 3213 nempe
2090 3144 2302 3200 Filium
2351 3150 2406 3199 et
2445 3144 2707 3199 Verbum
2770 3144 2872 3198 Dei
2925 3158 3046 3198 non
3087 3157 3219 3198 esse
3255 3158 3325 3197 ex
3369 3157 3493 3197 non

1835 3235 2225 3298 exstantibus,
2260 3237 2324 3288 ut
2379 3233 2641 3288 furiosus
2687 3231 2780 3287 ille
2811 3231 3074 3288 Asterius
3114 3229 3299 3303 impie
3338 3229 3492 3285 dice-

1833 3324 1935 3379 bat
1970 3347 1980 3390 ;
2012 3323 2118 3378 sed
2148 3338 2386 3393 semper
2421 3337 2571 3385 esse,
2603 3325 2660 3376 et
2687 3335 2925 3392 semper
2952 3320 3105 3376 Patri
3134 3319 3492 3376 coexsistere

1837 3413 2162 3482 theologice
2181 3410 2444 3467 afﬁrmat
2468 3426 2480 3464 :
2515 3410 2706 3477 tertio,
2731 3410 3046 3466 haereticus
3075 3408 3171 3465 ille
3203 3409 3488 3476 Asterius,

1833 3517 1956 3557 non
1981 3506 2271 3565 Amaseae,
2299 3499 2403 3554 sed
2434 3499 2676 3555 alterius
2705 3514 2889 3571 pr0pe
2917 3497 3295 3554 Antiochiam
3327 3496 3493 3554 urbis

1834 3590 2247 3662 episcopatum
2289 3606 2324 3645 a
2365 3589 2542 3646 sociis
2574 3590 2697 3644 suis
2736 3589 3028 3644 haereticis
3069 3589 3130 3643 in
3161 3585 3492 3644 mercedem

1833 3680 2150 3752 impietatis
2199 3678 2444 3751 accepit.
2481 3678 2699 3734 Deinde
2737 3678 3059 3733 accersitus
3110 3676 3189 3732 ab
3245 3676 3492 3732 asseclis

1833 3770 2208 3826 Antiochiam
2240 3787 2254 3838 ;
2304 3775 2365 3824 ut
2402 3767 2776 3840 impietatem
2812 3783 3016 3823 secum
3060 3770 3490 3839 propugnaret,

1833 3859 2170 3916 admirandi
2201 3858 2419 3914 Juliani
2453 3857 2742 3928 precibus,
2789 3861 2854 3911 ut
2907 3872 3094 3928 supra
3119 3856 3348 3912 dictum
3380 3859 3489 3919 est,

1833 3950 2017 4004 vitam
2052 3948 2268 4003 misere
2318 3946 2550 4002 clausit.
2605 3945 2693 4000 Ad
2745 3945 2873 4000 haec
2912 3961 3069 4009 vero,
3109 3944 3206 4000 ille
3250 3957 3492 4012 gregem

1832 4037 2024 4103 docet,
2040 4037 2114 4092 de
2134 4035 2452 4091 virtutibus
2469 4034 2912 4090 lucubrationes
2943 4033 3149 4100 edidit,
3175 4032 3493 4102 omnisque

1832 4127 1975 4182 Vitae
2005 4125 2192 4197 probe
2214 4123 2591 4180 instituendae
2609 4123 2871 4178 methodi
2899 4120 3342 4193 receptaculum
3368 4124 3486 4178 est:

1833 4215 1939 4270 iste
1963 4229 2098 4270 vero
2137 4212 2284 4269 nihil
2304 4211 2662 4284 hujusmodi
2689 4211 2973 4268 habuisse
3001 4208 3488 4283 deprehenditur.

1963 4480 2288 4548 QUIESTIO
2330 4479 2595 4539 CCCXIII
2638 4479 2836 4554 [ϐοίει.
2872 4479 3050 4536 Taur.
3102 4477 3369 4549 CXXVI].

2395 4571 2483 4626 De
2503 4569 2687 4626 Iacob
2717 4573 2770 4624 et
2801 4567 2953 4626 Leia.

671 4667 825 4717 Edita
857 4668 1043 4717 aMaio
1074 4667 1226 4729 (Nov.
1260 4667 1390 4717 Coll.
1431 4671 1467 4717 t.
1505 4669 1588 4726 IX,
1625 4683 1677 4732 p.
1714 4671 1955 4726 157,158,
1992 4683 2051 4732 q.
2090 4668 2180 4716 315
2211 4671 2263 4717 et
2291 4667 2498 4718 ultima.
2525 4666 2583 4716 In
2619 4665 2744 4716 Gen.
2771 4668 2933 4729 xxix).

182 4756 307 4808 Ὀτι
346 4759 435 4828 μεν
479 4759 608 4829 μετά
637 4756 908 4810 ἑπταετίαν
952 4759 978 4809 ό
1026 4757 1216 4811 Ἰακὼϐ
1261 4762 1351 4816 τὴν
1390 4761 1546 4812 Λείαν
1605 4757 1719 4811 ἀντὶ

103 4853 208 4906 τῆς
267 4844 460 4915 Ῥαχὴλ
511 4845 579 4907 εἰς
619 4853 846 4917 γυναῖκα
895 4845 1171 4921 παρέλαϐε,
1242 4843 1399 4904 δῆλον
1457 4849 1482 4905 ὁ
1541 4852 1715 4920 Γραφή

103 4941 269 4987 ποιεῖ·
320 4939 409 4986 καὶ
456 4935 536 4986 ὅτι
593 4932 703 4986 ἀντὶ
758 4930 997 4996 δουλείας
1059 4935 1232 5000 ἄλλης,
1297 4935 1425 4987 ἑπτὰ
1477 4941 1565 4988 καὶ
1632 4937 1720 4989 αὐ-

100 5032 198 5084 τῆς
253 5024 337 5080 ἔτη
388 5027 839 5098 παρατεινομένης,
887 5028 980 5082 τὴν
1032 5024 1230 5094 Ῥαχὴλ
1260 5025 1499 5095 ἠγάγετο,
1536 5029 1625 5076 καὶ
1665 5024 1720 5076 ἐκ

99 5115 298 5165 τούτου
341 5120 516 5182 σαφῶς
561 5108 831 5166 διδάσκω
883 5111 926 5165 εἰ
971 5110 1030 5165 δὲ
1064 5114 1422 5184 ὑποσχόμενος
1469 5118 1556 5172 τὴν
1598 5110 1721 5166 δου-

97 5203 249 5254 λείαν
305 5201 456 5262 εὐθὺς
510 5200 707 5266 ἔλαϐεν,
751 5203 780 5261 ἡ
835 5206 924 5255 καὶ
984 5205 1115 5272 μετὰ
1165 5205 1222 5254 τό
1269 5199 1487 5254 διελθεῖν
1518 5207 1712 5262 ταύτην

99 5291 252 5355 ὃλην,
299 5289 512 5364 ὔστερον
565 5291 808 5362 inde/sto,
859 5291 954 5343 οὐκ
1002 5287 1463 5363 ἀντιπαραδίδωσι
1520 5302 1710 5365 σαφῶς,

100 5380 213 5432 ἀλλ’
281 5376 570 5452 ἀμφίδοξον
620 5382 741 5433 ὅσον
800 5379 899 5433 ἀπό
945 5390 1043 5432 τῶν
1098 5382 1344 5455 ῥημάτων
1425 5381 1707 5434 ὑπολείπει·

101 5475 321 5540 πότερον
378 5471 743 5541 ὑποσχόμενος
783 5477 874 5529 τὴν
924 5467 1161 5522 δουλείαν
1207 5469 1356 5531 εὐθὺς
1398 5473 1481 5521 τόν
1520 5472 1710 5541 μισθὸν

98 5567 198 5620 τῆς
246 5557 448 5629 Ῥαχὴλ
495 5558 692 5623 ὓαϐεν,
748 5564 776 5617 ἦ
811 5563 938 5630 μετά
991 5565 1084 5618 τὴν
1133 5568 1232 5611 τῶν
1261 5564 1426 5610 πόνων
1458 5556 1709 5621 ἐπίδειξιν

99 5653 194 5699 καὶ
220 5654 316 5708 τῆς
343 5648 681 5718 ὑποσχέσεως
711 5653 802 5705 τὴν
831 5647 1228 5722 συμπλήρωσιν,
1261 5650 1388 5718 μετὰ
1413 5655 1562 5700 τοῦτο
1585 5651 1709 5722 πρὸς

1904 4757 2075 4824 Quod
2140 4762 2276 4830 post
2340 4756 2789 4813 hebdomadem
2859 4770 3152 4812 annorum
3233 4753 3494 4810 Jacobus

1831 4850 2031 4906 Leiam
2063 4863 2170 4921 pro
2220 4846 2431 4902 Rachel
2488 4862 2736 4902 uxorem
2789 4845 3132 4919 sumpserit,
3185 4843 3493 4916 Scriptura

1828 4942 2075 4994 testatur
2116 4954 2130 5004 ;
2178 4937 2457 5008 quodque
2499 4940 2632 5007 post
2693 4934 2875 5002 alium
2937 4935 3078 4991 item
3129 4951 3230 5006 per
3262 4939 3490 5005 septem

1830 5043 2022 5084 annos
2069 5026 2428 5082 famulitium
2487 5025 2804 5081 Rachelem
2865 5024 3102 5080 duxerit
3149 5040 3222 5080 ex
3274 5023 3488 5080 eadem

1830 5116 2214 5190 perspicuum
2259 5120 2371 5172 est.
2443 5116 2650 5171 Utrum
2691 5129 2833 5170 vero
2879 5113 3076 5170 statim
3137 5117 3274 5186 post
3324 5112 3489 5186 polli-

1823 5206 2004 5262 citum
2061 5203 2428 5260 famulitium
2484 5219 2736 5260 uxorem
2798 5202 3136 5274 sumpserit,
3197 5218 3275 5259 an
3350 5207 3488 5276 post

1822 5293 2182 5350 famulitium
2227 5291 2646 5364 adimpletum,
2699 5307 2822 5347 non
2879 5291 3172 5364 liquidum
3233 5296 3344 5356 est,
3377 5293 3488 5348 sed

1821 5386 2108 5457 quantum
2140 5398 2208 5437 ex
2268 5381 2464 5436 verbis
2519 5380 2894 5450 ambiguum.
2943 5382 3151 5437 Utrum
3192 5385 3370 5454 pacta
3409 5381 3484 5437 de

1822 5471 2113 5527 famulitio
2144 5471 2280 5534 tide,
2321 5471 2659 5527 mercedem
2692 5469 3006 5526 Rachelem
3039 5471 3346 5543 acceperit,
3380 5485 3478 5534 an,

1819 5565 2028 5616 exacto
2058 5559 2262 5616 labore
2295 5563 2351 5615 et
2402 5559 2692 5616 absolutis
2745 5559 3068 5632 promissis,
3097 5557 3480 5614 matrimonio

1818 5665 1959 5705 eam
1993 5649 2106 5706 sibi
2141 5649 2424 5720 junxerit,
2459 5665 2530 5704 ex
2561 5649 2760 5707 verbis
2799 5649 2950 5706 inter
2981 5651 3295 5718 utramque
3348 5660 3479 5700 sen-
