4060 6218
648 282 783 350 1163

1855 252 2083 346 rnom
2123 283 2595 342 PATRIARCHIE
2633 283 2745 342 cr.
3836 293 3901 343 mg
3966 254 3967 346 ξ

640 421 893 477 tentiam
926 434 1098 475 mens
1128 417 1316 474 dubia
1334 416 1601 474 ﬂuctuat.
1631 418 1910 483 Quaedam
1942 419 2243 485 argument

2363 448 2374 465 .
2406 412 2577 482 γάμον
2608 411 2853 483 ὴγάγετο³
2888 410 2998 463 ἀλλ’
3031 409 3131 463 ἀπὸ
3163 414 3253 483 μὲν
3290 419 3380 463 τοῦ
3403 413 3571 486 ῥητοῦ
3602 415 3729 485 πρός

640 510 719 566 ad
777 510 836 565 id
882 508 1189 575 inclinant,
1230 506 1396 579 quod
1432 511 1612 579 pacta
1649 506 1766 561 ﬁde
1814 506 2011 562 statim
2068 503 2295 559 sociam

642 598 900 656 Jacobus
957 598 1248 667 virginem
1282 597 1597 669 acceperit.
1647 596 1863 651 Verum
1921 595 1969 650 si
2041 591 2297 665 peractis

643 694 869 759 septem
897 687 1072 742 annis
1115 703 1248 742 eam
1289 686 1573 750 duxisset,
1620 684 1810 740 Jacob
1854 683 2149 739 videretur
2177 695 2296 735 non

640 778 835 833 solum
862 776 1034 832 annis
1075 775 1281 845 viginti
1317 775 1479 845 apud
1524 774 1746 837 Laban,
1781 779 1841 828 ut
1872 773 2157 844 scriptum
2189 774 2293 835 est,

642 870 1070 933 commoratus,
1092 865 1197 919 sed
1220 864 1407 919 multo
1431 863 1828 919 diutius.Nam
1854 862 1901 917 si
1922 867 2057 935 post
2072 863 2299 932 septem

638 969 832 1010 annos
850 951 1164 1009 Rachelem
1181 951 1291 1008 sibi
1305 952 1522 1023 junxit,
1542 950 1699 1008 aliud
1726 950 1994 1023 spatium
2016 947 2301 1023 temporis

640 1043 913 1114 elapsum
935 1048 1021 1097 est
1046 1042 1106 1097 in
1130 1057 1252 1113 quo
1282 1057 1389 1096 sua
1418 1041 1469 1096 ei
1502 1039 1779 1096 sterilitas
1806 1038 2161 1112 exprobrata
2190 1040 2300 1091 est.

640 1131 1001 1202 ancillasque
1013 1130 1240 1187 Iacobo
1254 1129 1323 1186 ad
1341 1128 1557 1185 sobolis
1569 1128 2024 1201 procreationem
2037 1123 2301 1198 praebuit,

644 1220 881 1292 illasque
951 1224 1263 1291 postquam
1302 1220 1364 1274 in
1403 1219 1539 1273 sinu
1606 1217 2034 1289 concepissent,
2086 1228 2303 1286 pueros

646 1314 997 1381 genuerunt.
1051 1310 1180 1375 Quo
1232 1312 1495 1380 tempore
1526 1312 1770 1380 peracto
1810 1305 1971 1362 aliud
2003 1302 2220 1361 exstitit
2247 1302 2303 1357 in

639 1414 762 1472 quo
828 1397 1062 1464 Rachel,
1142 1397 1463 1454 sterilitatis
1524 1401 1778 1469 purgata
1833 1392 2300 1467 exprobratione,

640 1487 845 1559 genuit
876 1487 1215 1559 Josephum.
1244 1487 1507 1559 Denique
1531 1491 1665 1558 post
1688 1490 1929 1558 partum
1953 1483 2299 1553 Josephum,

614 1622 617 1625 .
642 1594 743 1635 sex
766 1592 961 1637 annos
986 1576 1252 1631 declarat
1280 1576 1586 1647 Scriptura
1607 1590 1707 1646 per
1736 1590 1890 1647 quos
1913 1572 2170 1629 Iacobus
2197 1586 2303 1643 pro

641 1670 823 1738 pacta
847 1664 1052 1721 ovium
1086 1664 1363 1724 mercede
1385 1664 1628 1719 Labano
1657 1661 1981 1717 famulatus
2011 1664 2101 1715 est
2128 1678 2141 1728 ;
2175 1659 2305 1714 hasc

2405 500 2671 574 μερίζεται
2696 502 2726 558 ἠ
2776 497 3005 552 διάνοια”
3037 500 3283 574 λογισμοὶ
3327 497 3386 553 δὲ
3430 520 3567 562 τινες
3604 502 3780 572 μᾶλλον

2404 593 2490 641 τὸν
2520 597 2637 642 νοῦν
2682 592 3032 660 ὑποτίθενται,
3066 594 3133 652 ὡς
3163 594 3293 662 μετά
3332 596 3423 649 τὴν
3453 593 3749 664 ὑπόσχεσιν
3775 594 3825 654 εἰς
3852 597 3911 665 is.

2405 679 2518 731 λίαν
2552 680 2698 739 εὐθὺς
2736 684 2793 732 τὸ
2837 683 3050 751 γύναιον
3096 679 3459 756 προσελάϐετσ
3516 680 3628 734 ἐπεὶ
3660 683 3700 733 εἰ
3735 688 3837 751 μετὰ
3867 705 3912 735 π,

2411 768 2786 841 συμπλήρωσιν
2816 777 2911 830 τῆς
2945 768 3215 830 ἕπταετίας
3258 773 3450 827 ταύτην
3482 771 3728 841 ἠγάγετο,
3759 772 3805 823 οὐ
3827 793 3913 843 ρςκ.

2411 860 2576 910 εἴκοσι
2614 860 2700 915 ἔτη
2734 856 2782 909 ἐν
2819 866 2879 930 τῇ
2913 865 3005 910 τοῦ
3046 857 3223 911 Λάϐαν
3250 860 3391 930 οἰκίᾳ
3425 861 3450 911 ό
3492 858 3700 923 Ἰακὼϐ,
3742 863 3798 921 ὡς
3829 864 3916 920 rita;

2413 966 2561 1018 φησι,
2614 943 2901 1022 διατρίψας
2940 952 3191 1019 φαίνεται,
3235 947 3362 999 ἀλλὰ
3400 954 3489 1000 καὶ
3540 951 3729 1000 τούτων
3771 949 3907 1000 claim

2412 1035 2456 1086 εἰ
2505 1038 2606 1112 γὰρ
2651 1039 2780 1107 μετὰ
2818 1033 3445 1112 τεσσαρεσκαιδεκαετίαν
3498 1042 3594 1095 τὴν
3645 1037 3819 1109 Ῥαχὴλ
3848 1041 3917 1109 ᾖτε.

2411 1143 2548 1195 γετο,
2598 1130 2785 1197 χρόνος
2842 1128 3043 1186 πάντως
3124 1127 3289 1200 ἕτερος
3360 1123 3676 1191 διελιιίλύθει⁹
3748 1126 3787 1177 ἐν
3837 1129 3921 1195 ᾧτε

2414 1215 2443 1270 ἡ
2503 1218 2774 1286 στείρωσις
2819 1215 2980 1276 αὐτῆς
3042 1211 3375 1286 διηλέγχετό,
3432 1220 3524 1267 καὶ
3574 1214 3622 1266 ἐν
3748 1219 3823 1277 τὰς
3854 1237 3919 1267 πει

2418 1298 2604 1364 δίσκας
2625 1302 2697 1365 εἰς
2734 1301 3077 1357 παιδοποιίαν
3117 1312 3187 1371 τῷ
3219 1303 3406 1357 Ἰακὼϐ
3432 1310 3733 1377 παρείχετο,
3784 1304 3820 1355 ἐν
3855 1307 3923 1369 ὥς

2414 1388 2600 1443 ἐκεῖναι
2656 1395 2791 1445 κατὰ
2841 1396 3073 1466 γαστρός
3118 1392 3375 1446 λαϐοῦσαι
3410 1398 3534 1455 τοὺς
3590 1390 3773 1455 παῖδας
3812 1396 3920 1445 ἀείτί·

2414 1500 2554 1545 κτον,
2605 1487 2695 1534 καὶ
2748 1486 2880 1554 μετὰ
2927 1490 3105 1535 τοῦτον
3164 1484 3327 1555 ἔτερος
3380 1482 3427 1534 ἐν
3484 1483 3525 1551 ᾧ
3581 1485 3610 1540 ἡ
3663 1482 3833 1553 Ῥαχήλ
3868 1502 3923 1531 τρ..

2418 1566 2727 1643 ὀνειδισμῶν
2785 1570 3108 1644 ἀπολυομένη
3141 1580 3233 1633 τῆς
3286 1578 3639 1645 στειρώσεως,
3682 1575 3758 1623 τόν
3799 1572 3920 1637 Ἰωτω

2416 1657 2749 1712 ἐτεκνώσατοσ
2807 1657 2919 1713 εἶτα
2968 1664 3100 1732 μετὰ
3153 1664 3239 1713 τὸν
3283 1665 3433 1713 τόκον
3486 1668 3582 1712 τοῦ
3637 1660 3804 1731 Ἰωσήφ
3839 1662 3923 1729 ing:

644 1761 921 1824 tempora
950 1768 1065 1808 non
1097 1751 1306 1821 viginti
1339 1767 1535 1808 annos
1566 1753 1763 1807 solum
1795 1749 2247 1821 complectuntu:

2338 1770 2383 1825 Β
2416 1748 2470 1810 ἐξ
2499 1746 2894 1820 ἐπισημαίνεται
2926 1752 2955 1808 ἡ
2991 1754 3164 1823 Γραφή
3214 1750 3295 1803 ἐπὶ
3336 1752 3517 1822 μισθῷ
3564 1748 3809 1822 προϐάτων
3846 1746 3920 1800 air.-

644 1844 917 1914 Namque
943 1841 1071 1896 istis
1117 1840 1489 1912 temporibus
1520 1841 1567 1894 si
1609 1840 1892 1913 adjeceris
1919 1838 2065 1893 illud
2093 1838 2153 1893 in
2182 1853 2304 1905 quo

616 1931 858 1991 sterilis
886 1930 997 1986 fuit
1046 1930 1283 1995 Rachel,
1328 1934 1385 1985 et
1416 1930 1474 1984 in
1527 1946 1650 2001 quo
1706 1932 2035 1998 genuerunt
2089 1942 2305 1998 pueros

646 2018 899 2083 ancillis,
916 2019 1177 2090 spatium
1196 2016 1384 2082 multo
1400 2018 1642 2088 longius
1666 2017 1983 2088 colligitur.
2001 2017 2142 2081 Qua:
2164 2030 2305 2070 vero

646 2124 875 2168 merces
913 2107 1131 2165 Jacobo
1180 2108 1332 2164 inter
1362 2107 1809 2180 quatuordecim
1861 2112 1918 2163 et
1972 2121 2075 2161 sex
2113 2119 2305 2160 annos

643 2198 936 2255 famulato
957 2197 1296 2253 decernitur
1326 2197 1354 2252 ‘l
1402 2214 1541 2254 cum
1581 2196 1745 2253 nullo
1776 2194 2065 2268 temporis
2111 2193 2304 2265 spatio

644 2288 923 2345 videatur
970 2288 1155 2345 Jacob
1199 2286 1551 2344 famulitium
1582 2287 1712 2343 sine
1764 2285 2037 2342 mercede
2081 2283 2303 2339 tulisse.

647 2377 943 2432 Etenimin
964 2376 1165 2447 prima
1187 2392 1485 2432 annorum
1499 2374 1903 2438 hebdomade,
1928 2389 2037 2446 pro
2068 2373 2300 2445 Rachel,

618 2480 872 2523 .merces
922 2464 973 2520 ei
1003 2466 1169 2529 Leia;
1205 2480 1314 2537 pro
1361 2465 1629 2521 secunda
1658 2463 2032 2519 hebdomade
2063 2462 2297 2527 Rachel,

642 2568 875 2624 proque
922 2568 1024 2609 sex
1063 2553 1197 2609 aliis
1250 2554 1419 2609 annis
1451 2553 1563 2609 sibi
1610 2558 1923 2624 comparat
1952 2567 2113 2607 oves.
2146 2550 2299 2619 Quid

642 2640 823 2710 igitur
842 2656 950 2712 pro
966 2640 1173 2713 elapso
1195 2642 1344 2698 inter
1359 2640 1813 2713 quatuordecim
1844 2644 1899 2696 et
1925 2656 2028 2695 sex
2060 2640 2299 2695 ultimos

644 2745 838 2786 annos
860 2729 1056 2800 spatio
1090 2728 1119 2784 ?
1150 2731 1291 2795 Quae
1330 2730 1448 2785 alia
1480 2745 1704 2785 merces
1729 2728 2022 2801 detegitur
2050 2729 2077 2784 ?
2117 2727 2299 2801 Opor-

643 2823 793 2875 teret
823 2818 1005 2884 enim,
1031 2819 1078 2874 si
1102 2819 1360 2875 Jacobus
1375 2818 1827 2892 quatuordecim
1850 2818 2025 2873 annis
2049 2818 2299 2889 peractis

643 2906 961 2965 Rachelem
990 2908 1101 2963 sibi
1131 2908 1525 2979 adjunxisset,
1566 2913 1625 2963 et
1647 2905 1881 2972 Rachel,
1907 2906 2169 2977 primum
2192 2912 2301 2962 ste-

642 2996 791 3061 rilis,
831 2995 1051 3052 deinde
1092 2997 1431 3069 peperisset,
1474 2998 1590 3054 alio
1622 3002 1888 3068 tempore
1918 3002 2297 3067 consumpto,

2414 1836 2595 1891 λεῦσαι
2626 1841 2711 1889 τόν
2761 1838 2949 1890 Ἰακὼϐ
2989 1847 3058 1909 τῷ
3113 1838 3313 1904 Λάϐαν,
3360 1839 3492 1910 οὐχὶ
3524 1843 3656 1911 μόνα
3685 1842 3824 1890 εἴκοσι
3850 1857 3923 1907 ση-

2414 1927 2801 2000 κεφαλαιοῦται·
2858 1926 2988 1980 ἀλλὰ
3045 1933 3133 1980 καὶ⁵
3176 1936 3278 1989 τοῖς
3332 1933 3553 1999 χρόνοις
3596 1930 3782 1989 τούτοις
3803 1927 3922 1999 ixmil

2413 2019 2819 2090 προστιθεμένου
2868 2019 2985 2069 καθ’
3033 2019 3086 2069 ὃν
3131 2037 3183 2070 τε
3225 2016 3548 2091 έστείρευσεν
3608 2021 3636 2075 ἠ
3684 2017 3845 2089 Ῥαχὴλ
3872 2036 3921 2065 ιιι

2414 2106 2532 2158 καθ’
2580 2108 2633 2157 ὃν
2682 2109 2735 2158 αἱ
2761 2102 3048 2159 παιδίσκαι
3077 2109 3296 2170 ἔτικτον,
3327 2106 3478 2158 πλέον
3526 2108 3552 2158 ό
3586 2110 3763 2179 χρόνος
3786 2107 3923 2171 aurip-

2414 2213 2520 2245 ται·
2575 2199 2657 2256 τίς
2709 2191 2767 2247 δὲ
2811 2200 2897 2247 καὶ
2927 2198 3115 2267 μισθὸς
3144 2198 3329 2248 τούτου
3383 2199 3437 2247 τὸ
3491 2196 3683 2267 μεταξὺ
3711 2204 3793 2244 τῶν
3829 2190 3922 2243 3a:-

2413 2286 2680 2357 τεσσάρων
2722 2289 2926 2359 χρόνων
2964 2290 3053 2336 καὶ
3102 2293 3200 2336 τῶν
3254 2285 3307 2347 ἐξ
3358 2293 3425 2355 τῷ
3495 2284 3679 2336 Ἰακὼϐ
3714 2280 3921 2335 dcimam

2416 2380 2485 2442 τῷ
2539 2372 2715 2425 Λάϐαν
2761 2372 3105 2448 ἀφορίζεται;
3140 2374 3182 2425 εἰ
3214 2369 3273 2425 δὲ
3314 2370 3569 2445 οὐδεμίαν
3618 2382 3707 2425 τῶν
3746 2367 3919 2442 περιόδων

2411 2469 2482 2531 τῷ
2533 2460 2718 2515 Ἰακὼϐ
2767 2466 2999 2534 φαίνεται
3062 2463 3249 2534 ἀμισθὶ
3302 2467 3394 2520 τὴν
3454 2459 3690 2514 δουλείαν
3726 2460 3923 2512 ἐταλαιπω-

2404 2556 2565 2635 ρείτο·
2630 2549 2680 2603 ἐν
2736 2556 2825 2622 μὲν
2881 2554 2981 2627 γὰρ
3042 2560 3103 2624 τῇ
3164 2557 3345 2625 πρώτη
3403 2551 3653 2623 ἑπταετία
3728 2548 3817 2600 ἀντὶ
3871 2554 3905 2599 τὲ

2420 2639 2605 2712 Ραχήλ
2663 2642 2690 2698 ἡ
2754 2645 2883 2693 Λεία
2923 2643 3115 2712 μισθός
3151 2640 3316 2709 αὐτῷ.
3368 2639 3480 2692 ἀντὶ
3515 2636 3574 2693 δε
3627 2649 3711 2701 τῆς
3754 2635 3920 2707 δευτέρας

2405 2730 2435 2787 ἠ
2488 2728 2704 2800 Ῥαχὴλ·
2758 2735 2847 2781 καὶ
2905 2728 3015 2782 ἀντὶ
3071 2738 3170 2781 τῶν
3220 2728 3527 2782 τελευταίων
3574 2727 3691 2780 ἑτῶν
3724 2727 3786 2794 ἐξ,
3816 2727 3833 2775 ὁ
3866 2721 3919 2775 c‘u

2407 2826 2504 2870 τῶν
2559 2817 2829 2892 προϐάτων
2886 2819 3026 2890 αὐτῷ
3082 2821 3493 2892 χορηγούμενος
3570 2819 3678 2869 ἀντὶ
3730 2823 3827 2885 γοῦν
3868 2832 3919 2863 τις

2407 2907 2599 2979 μεταξὺ
2650 2913 2845 2980 χρόνου
2907 2917 3002 2969 τῆς
3061 2903 3687 2982 τεσσαρεσκαιδεκαετίας
3736 2908 3806 2955 καὶ
3862 2908 3919 2951 tali

2408 2996 2708 3049 τελευταίων
2748 2997 2820 3062 ἓξ,
2852 3002 2929 3059 τίς
2977 2996 3375 3068 ἐπιγινώσκεται
3405 2999 3601 3069 μισθός
3644 2996 3819 3065 ἓτερος;
3857 2987 3917 3041 ἔξει

644 3085 829 3156 hujus
850 3101 1092 3157 quoque
1138 3086 1312 3158 spatii
1345 3086 1678 3143 mercedem
1705 3090 1911 3142 notam
1943 3084 2247 3156 praefinita:

2338 3112 2379 3168 C
2411 3083 2470 3139 δὲ
2528 3086 2569 3138 εἰ
2625 3088 2756 3157 μετὰ
2806 3090 2898 3144 τὴν
2966 3085 3345 3160 συμπλήρωσιν
3400 3093 3494 3145 τῆς
3577 3076 3914 3156 τεσσαρεσκαιίίί

643 3173 854 3235 fuisse.
922 3174 1043 3232 Sed
1105 3192 1409 3249 nusquam
1488 3176 1803 3247 Scripturaa
1870 3174 1985 3231 alia
2051 3190 2295 3237 merces,

644 3279 947 3335 nusquam
975 3266 1137 3322 aliud
1154 3272 1386 3338 tempus
1400 3270 1613 3339 praeter
1641 3265 2097 3337 quatuordecim
2122 3269 2178 3321 et
2198 3281 2297 3320 sex

644 3368 860 3422 annos,
919 3360 1239 3427 supputato
1291 3356 1418 3426 jam
1478 3355 1730 3427 tempori
1787 3353 2057 3411 medium
2120 3354 2301 3411 inter-

646 3440 903 3514 ponitur.

2410 3181 2620 3236 καετίας
2666 3181 2760 3234 τὴν
2805 3175 3004 3247 Ῥαχὴλ
3061 3177 3085 3228 ό
3160 3174 3347 3229 Ἰακὼϐ
3406 3178 3616 3247 ἔγημεν,
3691 3171 3767 3225 εἷθ’
3812 3170 3915 3225 οὕτως

2409 3267 2440 3323 ἠ
2496 3262 2752 3323 παιδίσκη
2812 3270 2901 3317 καὶ
2959 3267 2988 3323 ἡ
3042 3264 3241 3336 Ῥαχὴλ
3294 3267 3637 3337 στειρεύουσα
3691 3267 3764 3313 καὶ
3819 3257 3915 3307 πίω

2408 3358 2665 3407 τίκτουσα
2713 3359 2902 3426 χρόνον
2955 3354 3102 3406 ἄλλον
3171 3353 3569 3417 κατηνιίλωσαν,
3656 3356 3733 3403 καὶ
3792 3352 3913 3400 ταῦτα)

2410 3447 2496 3496 τὸν
2535 3444 2726 3515 μισθὸν
2764 3445 3079 3495 καθεστάναι
3131 3449 3410 3517 γνώριμον·
3466 3440 3579 3495 ἀλλ’
3627 3437 3823 3511 οὖδαμού
3858 3443 3916 3490 fr);

2411 3540 2619 3607 Γραφῆς
2664 3537 2780 3586 οὔτε
2830 3535 3022 3605 μισθός
3098 3538 3351 3605 φαίνεται,
3406 3536 3528 3585 οὔτε
3592 3536 3760 3607 χρόνος
3815 3524 3912 3582 alii;

2410 3625 2554 3696 παρὰ
2580 3624 2647 3675 τὰ
2667 3618 3033 3696 δεκατέσσαρα
3060 3627 3149 3676 καὶ
3179 3626 3244 3677 τὰ
3264 3623 3316 3686 ἓξ
3339 3626 3424 3681 ἔτη
3448 3624 3758 3697 παρενθήκην
3780 3616 3913 3685 ἐπέχω

2408 3712 2573 3784 λόγων
2610 3714 3114 3784 συγκατάταττεται.

2168 3889 2511 3949 MONITUM.

713 4023 863 4075 Ante
885 4016 1277 4091 quaestionem
1318 4031 1353 4072 a
1381 4014 1555 4071 nobis
1591 4015 1763 4085 juxta
1788 4014 2049 4071 indicem
2082 4017 2206 4071 Vat.
2242 4030 2496 4072 numero
2523 4014 2778 4073 CCCXIII
2805 4016 3107 4087 signatam
3134 4017 3321 4073 Maius
3352 4022 3616 4091 quatuor
3636 4018 3763 4075 alias
3789 4010 3915 4086 publi»

644 4109 819 4178 cavit,
850 4124 975 4179 quae
989 4106 1164 4164 titulis
1195 4112 1249 4163 et
1268 4104 1757 4177 inscriptionibus
1778 4105 2037 4177 propriis
2060 4108 2265 4161 carent
2285 4109 2343 4161 et
2367 4106 2569 4161 nescio
2584 4121 2707 4178 qua
2736 4107 3205 4163 amanuensium
3222 4106 3581 4177 negligentia
3600 4107 3771 4164 nonin
3790 4103 3914 4160 indice

643 4202 975 4254 numeratae
1002 4195 1257 4252 fuerunt.
1287 4198 1404 4252 Nos
1432 4195 1564 4261 has,
1593 4209 1662 4250 ne
1692 4194 1872 4249 series
1897 4195 2301 4266 quaestionum
2329 4200 2384 4250 et
2412 4210 2700 4251 numerus
2729 4197 3015 4260 turbetur,
3040 4196 3299 4268 propriis
3327 4198 3595 4269 signatas
3630 4195 3839 4252 numeris
3853 4190 3916 4245 ad-

639 4286 975 4358 jungimus,
1032 4301 1159 4341 cum
1192 4284 1427 4341 numeri
1468 4285 1581 4339 sub
1617 4284 1835 4354 quibus
1860 4286 2021 4355 apud
2066 4284 2282 4339 Maium
2335 4288 2650 4355 apparent,
2681 4284 2895 4341 turbati
2945 4286 3062 4341 sint
3091 4291 3149 4341 et
3202 4285 3338 4341 duae
3387 4288 3733 4358 questiones
3771 4281 3911 4340 eodem

644 4391 889 4432 numero
946 4373 1139 4431 notari
1179 4374 1480 4445 deberent,
1524 4374 1575 4427 si
1604 4388 1743 4427 eum
1793 4372 1905 4427 hac
1945 4374 2004 4427 in
2046 4388 2107 4427 re
2153 4370 2553 4445 sequeremur.
2601 4373 2733 4429 Post
2773 4374 2883 4429 has
2924 4379 3185 4447 quatuor
3229 4375 3592 4446 quaestiones
3646 4391 3737 4431 eas
3767 4375 3913 4442 septem

645 4461 788 4519 alias
827 4460 1272 4529 collocabimus,
1309 4459 1533 4535 quibus
1557 4458 1877 4517 Vaticanus
1909 4460 2098 4518 codex
2135 4466 2314 4517 caret.

1144 4558 1470 4627 QUrESTIO
1511 4558 1798 4615 CCCXIV.
2336 4558 2381 4613 D

1763 4659 1848 4715 De
1864 4659 2083 4730 populo
2099 4661 2271 4729 jussu
2303 4657 2542 4713 Davidis
2572 4667 2906 4716 numerato.

1236 4756 1392 4806 Edita
1424 4756 1614 4806 aMaio
1649 4756 1704 4817 (l.
1738 4770 1785 4805 c.
1818 4771 1868 4819 p.
1903 4757 2012 4813 154,
2051 4757 2158 4814 155,
2187 4771 2239 4819 q.
2273 4756 2400 4816 311).
2429 4756 2487 4804 In
2524 4755 2565 4804 ll
2596 4755 2728 4819 Reg.
2763 4772 2839 4806 xx:

1818 4771 1868 4819 p.
1903 4757 2012 4813 154,
2051 4757 2158 4814 155,
2187 4771 2239 4819 q.
2273 4756 2400 4816 311).
2429 4756 2487 4804 In
2524 4755 2565 4804 ll
2596 4755 2728 4819 Reg.
2763 4772 2939 4814 xxxiv,
2964 4759 2987 4806 1
3018 4756 3186 4808 Paral.
3223 4772 3327 4815 xxi,
3365 4761 3410 4809 1.

610 4918 613 4923 ι
715 4853 834 4907 Hoc
860 4847 1108 4905 verbum
1160 4845 1404 4903 secundi
1456 4848 1677 4915 Regum
1711 4846 1862 4911 libri,
1889 4865 1918 4897 «
1965 4847 2303 4902 Commovit

645 4938 826 4995 David
848 4940 893 4974 ‘1
934 4960 945 4991 :
982 4957 1009 4989 »
1043 4936 1210 4992 vides
1238 4951 1254 4991 :
1285 4940 1340 4990 et
1371 4935 1429 4991 in
1460 4935 1657 5008 primo
1690 4934 2180 5007 Paralipomenon
2215 4937 2298 4992 sic

2967 4562 3282 4616 ΕΡΩΊἮΣΙΣ
3320 4562 3462 4617 ΤΙΔ’.

2484 4849 2552 4899 Τό
2592 4851 2764 4919 μέντοι
2816 4848 2972 4922 ῥητὸν
3026 4848 3053 4899 ὃ
3102 4846 3149 4899 ἐν
3194 4857 3256 4921 τῇ
3310 4845 3530 4924 δευτέρᾳ
3574 4858 3665 4901 τῶν
3698 4845 3906 4901 Βασιλιιὼ.

2420 4957 2439 4985 ε
2464 4936 2745 5001 Ἀνέσεισε,
2779 4944 2965 5005 κεῖται,
2984 4941 3070 4989 τόν
3093 4935 3280 5001 Δαϐὶδ,
3314 4959 3342 4990 »
3371 4946 3524 4991 τοῦτο
3557 4936 3592 4991 δ
3594 4944 3621 4997 ἡ
3653 4938 3695 4989 ἐν
3720 4945 3769 5007 τῇ
3792 4938 3904 5004 τριέτει

611 5020 1042 5097 expressum:
1082 5046 1109 5078 «
1171 5025 1550 5081 Consurrexit
1604 5028 1803 5079 autem
1864 5026 2039 5080 Satan
2091 5029 2301 5081 contra

646 5115 847 5186 Israel,
873 5120 929 5171 et
952 5115 1265 5171 concitavit
1294 5114 1478 5170 David
1507 5119 1567 5169 ut
1600 5119 1939 5170 numeraret
1968 5114 2164 5170 Israel.
2195 5117 2240 5150 ⁶²
2270 5135 2296 5165 ››

648 5209 780 5261 Haec
819 5203 940 5260 duo
988 5204 1094 5260 etsi
1122 5203 1413 5260 contraria
1445 5204 1774 5269 vtdeantur,
1807 5204 2052 5259 minime
2100 5208 2298 5259 tamen

644 5296 1005 5368 repugnant.
1036 5295 1219 5349 Furor
1234 5294 1479 5366 quidem
1497 5294 1731 5349 Domini
1752 5293 2065 5349 commovit
2088 5291 2297 5358 David,

646 5383 873 5457 impulit
902 5382 1121 5438 scilicet
1150 5386 1205 5438 et
1234 5382 1497 5438 incitavit
1522 5383 1598 5439 ad
1629 5383 1802 5439 Israel
1834 5382 2295 5447 numerandum,

648 5477 892 5548 propter
919 5470 1122 5545 p0puli
1152 5471 1560 5528 defectionem.
1591 5474 1769 5529 Satan
1797 5487 1957 5538 vero,
1989 5476 2052 5528 ut
2075 5486 2301 5545 semper

722 5582 767 5620 ⁵¹
804 5583 847 5641 ll
874 5581 1016 5659 Reg.
1044 5594 1202 5649 xxiv,
1235 5583 1283 5635 1.
1320 5579 1367 5613 ⁶²
1398 5578 1418 5635 l
1444 5580 1633 5637 Paral.
1667 5596 1780 5653 χχι,
1820 5584 1865 5636 1.

2413 5032 2511 5076 τῶν
2545 5026 3022 5099 Παραλειπομένων,
3072 5048 3095 5077 α
3146 5032 3363 5093 Ανέστη,
3414 5030 3771 5102 παρατέθειται,
3805 5020 3905 5074 Iri?

2414 5122 2484 5184 τῷ
2540 5113 2772 5188 Ἰσραήλ·
2825 5120 2913 5168 καὶ
2963 5114 3204 5169 ἀπέσεισε
3242 5120 3326 5169 τὸν
3366 5115 3533 5170 Δαϐἱδ
3583 5116 3829 5189 timearis“
3858 5114 3905 5156 τεν

2411 5202 2551 5255 λαόν⁶
2590 5226 2612 5253 ι)
2648 5210 2735 5256 καὶ
2786 5205 2879 5256 οὐκ
2932 5207 3071 5257 ἔστιν
3121 5205 3360 5268 ἀλλήλοις
3409 5205 3602 5259 ἐναντία
3624 5213 3782 5269 ταῦτα,
3808 5198 3838 5251 εἰ
3857 5214 3903 5244 11'

2415 5289 2575 5345 δοκεῖ’
2647 5296 2675 5351 ἡ
2738 5299 2826 5366 μὲν
2874 5302 2963 5346 τοῦ
3029 5300 3154 5349 Θεοῦ
3213 5296 3341 5368 ὀργὴ
3398 5295 3622 5349 ἀνέσεισε
3667 5298 3739 5345 τὸν
3787 5278 3901 5341 Δαεῖδ·

2416 5386 2528 5441 ἦτοι
2573 5382 2781 5440 ἐκίνησε
2839 5389 2927 5437 καὶ
2981 5381 3285 5438 διεσάλευσε
3348 5389 3471 5458 πρὸς
3538 5390 3625 5443 τὴν
3682 5382 3898 5456 aptium”,

2412 5468 2505 5525 διὰ
2528 5475 2620 5531 τὴν
2662 5470 2950 5526 ἀπόστασιν
2976 5481 3067 5527 τοῦ
3096 5473 3241 5528 λαοῦ.
3274 5478 3343 5527 Τό
3375 5471 3453 5541 δὲ,
3501 5476 3673 5537 Σατάν,
3706 5476 3762 5531 ὡς
3785 5467 3898 5519 ἐξίει)
