4026 6206
203 264 358 321 1165

1036 263 1132 320 AD
1174 264 1724 322 AMPHILOCHIUM
1765 265 2095 336 QU/ESTIO
2135 267 2412 338 CCCXIV,
2455 270 2705 329 CCCXV.

3442 273 3580 330 1166

198 393 386 444 εἰωθεν
417 389 464 442 ἐν
505 397 566 462 τῇ
605 391 716 462 θείᾳ
743 395 918 464 Γραφῇ
981 387 1095 444 ἀντὶ
1140 398 1252 459 τοῦ,
1306 391 1647 464 κολαφισμός,
1705 397 1816 460 xui,

1929 393 1992 448 in
2021 393 2322 466 Scriptura
2352 411 2523 453 sacra
2549 397 2716 465 solet,
2781 412 2887 469 pro
2930 413 3106 468 poena
3149 401 3204 453 et
3259 399 3585 456 tentatione

197 482 522 552 πειρασμὸς,
564 477 1011 551 ἐκλαμϐάνεσθαιο
1069 481 1202 532 ὥστε
1229 479 1270 532 εἰ
1323 487 1411 532 καὶ
1459 484 1530 552 μὴ
1576 481 1813 554 ὠργίσθη

203 571 365 629 Θεὸς,
398 567 491 619 οὐκ
523 567 582 618 ἂν
620 566 892 627 ἀνεσείσθη
923 569 949 619 ό
987 565 1173 633 Δαϐὶδ,
1211 572 1324 627 ἦτοι
1365 572 1492 640 πρὸς
1531 570 1815 641 ἐνθύμησιν

201 660 434 726 μετέστη
467 664 558 708 τοῦ
599 655 893 730 ἀριθμῆσαι
922 660 1008 709 τὸν
1038 657 1191 709 λαόν¹
1230 658 1272 710 εἰ
1299 654 1357 710 δὲ
1386 663 1458 731 μὴ
1515 658 1813 727 ἁνεσείσθη,

204 743 329 797 οὐδ’
363 748 389 797 ό
434 749 724 820 πειρασμὸς
777 749 926 799 ἔπεσε
965 754 1036 817 τῷ
1079 747 1312 821 Ἰσραὴλ,
1345 751 1502 818 ἤγουν
1534 750 1558 798 6
1609 750 1771 799 Σατάν
1799 765 1810 776 ·

203 835 342 886 αὐτὸ
380 838 482 909 γὰρ
539 839 594 887 τό
647 835 1001 907 ἀριθμηθῆναι
1050 844 1203 889 τοῦτο
1253 840 1417 888 αἱτιον
1465 836 1667 908 λέγεται
1723 844 1815 889 τοῦ

204 933 532 996 πειρασμοῦ,
565 929 737 977 καίτοι
778 933 869 986 τῆς
908 924 1248 987 ἀποστάσεως
1289 925 1478 998 μᾶλλον
1507 931 1601 984 την
1642 926 1814 976 αἰτίαν

202 1012 594 1076 ἀπο-τεκούσης.
628 1015 766 1068 Ἐπεὶ
813 1020 900 1068 xui
945 1023 1171 1076 Μωῦσῆς
1205 1016 1484 1088 ἠρίθμησε,
1528 1020 1616 1068 καὶ
1649 1012 1817 1068 Δαϐὶδ

203 1103 370 1155 πάλιν
399 1106 531 1176 μετὰ
566 1108 656 1162 τὴν
688 1104 890 1174 πληγήν
916 1124 927 1136 ο
961 1109 1050 1158 καὶ
1081 1101 1304 1177 οὐδεμιᾷ
1341 1106 1532 1158 τούτων
1563 1111 1662 1156 τῶν
1695 1101 1814 1177 ἀρι-

207 1194 459 1264 θμήσεων
489 1196 606 1246 οὔτε
655 1202 833 1265 μῶμος
887 1198 1001 1246 οὔτε
1050 1193 1223 1264 πληγὴ
1277 1192 1700 1264 ἐγκατέσκηψεν
1735 1194 1814 1244 ὅτι

203 1278 267 1334 δὲ
329 1286 406 1344 τό,
458 1285 639 1346 Σατάν,
699 1281 812 1334 ἀντὶ
865 1291 957 1334 τοῦ
1005 1290 1298 1356 πειρασμοῦ
1349 1287 1438 1334 καὶ
1488 1281 1813 1354 κολαφισμοῦ

199 1371 549 1439 λαμϐάνεται,
578 1377 666 1422 xui
689 1371 740 1434 ἐξ
766 1371 977 1444 ἐτέρρων
1002 1368 1158 1430 δῆλον
1184 1391 1196 1403 ο
1231 1376 1315 1424 xui
1343 1391 1370 1423 (ι
1390 1372 1671 1428 Ἀνέστησε
1686 1373 1809 1442 γὰρ,

201 1464 364 1531 φησι,
401 1461 563 1511 Σατὰν
603 1458 686 1512 ἐπὶ
714 1461 930 1534 Ἰσραήλ
967 1456 1128 1536 ’Ἄδερ
1171 1463 1254 1512 τὸν
1286 1456 1546 1513 Ἰουδαῖον
1567 1476 1579 1487 ”
1609 1478 1636 1511 ››
1667 1463 1756 1510 καὶ
1787 1459 1812 1510 ὁ

201 1547 503 1609 ἀπόστολος
543 1548 742 1610 Παῦλος
768 1567 779 1579 ·
810 1569 834 1599 ιι
862 1545 1048 1606 Ἐδόθη
1081 1569 1171 1621 μοι
1203 1548 1396 1620 σκόλοψ
1425 1557 1486 1621 τῇ
1533 1553 1688 1622 σαρκὶ
1719 1548 1814 1618 ἄγε-

195 1637 354 1708 γελος
381 1640 568 1706 Σατὰν,
599 1638 681 1688 ἵνα
717 1656 782 1709 με
827 1638 1080 1710 κολαφίζῃ
1111 1657 1121 1667 ·
1160 1659 1187 1690 ››
1215 1640 1319 1690 οἶον
1346 1638 1558 1710 ἄγγελος
1602 1642 1691 1688 καὶ
1716 1638 1811 1688 ὑπ·

1928 482 2231 553 excipitur.
2259 485 2340 540 Ita
2389 485 2528 540 utsi
2582 502 2704 542 non
2753 485 2938 541 iratus
3003 485 3204 542 fuisset
3232 490 3406 553 Deus,
3461 504 3585 546 non

1929 574 2268 627 commotus
2298 571 2501 630 fuisset
2540 574 2748 640 David,
2778 590 2886 630 nec
2907 573 3193 630 nimirum
3220 576 3424 647 populi
3477 594 3584 633 nu-

1928 659 2198 715 merandi
2241 662 2556 718 consilium
2588 664 2648 718 in
2689 663 2893 719 animo
2935 662 3243 733 agitasset.
3279 664 3336 719 Si
3383 669 3580 724 autem

1927 763 2041 804 non
2073 755 2412 806 commotus
2463 750 2686 817 fuisset,
2740 757 2894 807 certe
2927 751 2986 806 in
3046 751 3582 824 lsraelpericulum

1928 853 2048 894 non
2072 837 2395 904 incidisset,
2418 839 2477 895 id
2501 845 2608 907 est,
2639 842 2837 897 Satan.
2866 842 2933 896 Ut
2954 839 3106 896 enim
3129 842 3430 913 Scriptura
3452 858 3580 914 per-

1926 925 2108 990 hibet,
2137 929 2470 984 numeratio
2487 929 2689 1002 populi
2712 946 2898 986 causa
2922 929 3105 1001 pestis
3124 929 3245 984 fuit.
3275 932 3345 986 Ut
3379 935 3582 988 autem

1926 1031 1990 1072 se
2020 1032 2116 1072 res
2150 1015 2348 1085 habet,
2373 1017 2625 1074 defectio
2654 1017 2856 1091 populi
2879 1018 3051 1074 talem
3076 1019 3305 1090 peperit
3325 1019 3572 1076 cladem.

1927 1105 2150 1161 Etenim
2170 1106 2407 1178 Moyses
2423 1123 2666 1180 quoque
2687 1107 2968 1179 populum
2989 1107 3342 1172 numeravit,
3366 1109 3575 1164 David-

1924 1210 2040 1266 que
2062 1210 2266 1251 rursus
2290 1200 2657 1268 postpestern
2688 1213 2701 1251 :
2734 1201 2995 1253 attamen
3027 1195 3172 1251 nulli
3220 1196 3435 1253 harum
3466 1213 3575 1253 nu-

1926 1283 2312 1340 merationum
2331 1300 2440 1340 nec
2458 1284 2644 1348 labes,
2666 1300 2773 1341 nec
2792 1301 2970 1357 poena
2992 1284 3278 1340 incubuit.
3300 1286 3581 1341 Caeterum

1924 1388 2029 1444 pro
2044 1388 2221 1443 paena
2232 1379 2285 1428 et
2301 1373 2556 1444 periculo
2578 1376 2754 1429 Satan
2768 1373 3126 1446 deprehendi
3141 1378 3196 1429 et
3208 1389 3276 1429 ex
3294 1375 3577 1432 aliislocis

1923 1466 2174 1517 constat.
2209 1480 2237 1511 «
2255 1461 2568 1518 Suscitavit
2589 1462 2739 1517 enim
2753 1465 2956 1531 Satan,
2981 1463 3061 1519 ait
3087 1461 3410 1535 Scriptura,
3437 1481 3574 1521 con-

1923 1555 2012 1606 tra
2038 1549 2214 1606 Israel
2238 1551 2387 1606 Ader
2409 1551 2661 1607 Judeum
2696 1569 2709 1617 ;
2749 1574 2775 1600 n
2801 1551 3144 1624 Paulusque
3216 1553 3566 1625 apostolus;

1924 1658 1949 1688 α
1983 1637 2165 1695 Datus
2196 1645 2282 1696 est
2313 1639 2456 1695 mihi
2484 1639 2762 1696 stimulus
2781 1640 2977 1697 carnis
3012 1656 3159 1697 mea:
3196 1641 3445 1712 angelus
3474 1644 3574 1699 Sa-

198 1731 402 1801 ηρέτης
458 1734 751 1799 πειρασμοῦ
798 1747 888 1778 και
940 1727 1297 1800 κολαφίσμοῦο
1340 1731 1600 1792 τουτέστι,
1635 1726 1720 1779 Δι’
1751 1725 1810 1776 οὗ

1921 1727 2200 1800 tanae,qui
2217 1743 2304 1783 me
2331 1727 2912 1800 colaphizet".3°,»in
2933 1746 3054 1802 quo
3069 1730 3300 1802 ponitur
3329 1731 3574 1802 angelus

195 1836 296 1888 μοι
350 1818 398 1868 οἱ
459 1815 773 1888 κολαφισμοὶ
837 1821 925 1869 καὶ
995 1819 1045 1869 οἱ
1112 1821 1395 1890 πειρασμοὶ
1457 1815 1804 1890 ἐπέρχονται’

195 1906 492 1958 αἱνίττοιτο
533 1901 582 1957 δ’
623 1904 684 1956 ἂν
726 1909 784 1958 τὸ
815 1907 973 1980 ῥητὸν
1011 1910 1130 1964 ἤτοι
1175 1901 1510 1978 Ἀλέξανδρον
1555 1908 1642 1957 τὸν
1672 1905 1808 1958 Χαλ-

191 2001 298 2048 κέα
350 1999 435 2048 τὸν
468 1994 630 2047 πολλὰ
681 1997 820 2047 κακὰ
866 1995 1198 2067 ἐπενεγκόντα
1261 2004 1325 2066 τῷ
1360 1995 1564 2066 Παύλῳ,
1599 1995 1627 2052 ἦ
1689 1997 1808 2056 τοὺς

187 2086 317 2138 κατ’
374 2082 530 2136 ἐκεῖνο
591 2091 776 2156 καιροῦ
837 2087 1117 2158 τυράννους
1172 2089 1261 2137 καὶ
1299 2081 1807 2156 ἑτεροδιδασκάλους

187 2172 639 2244 ἐπανισταμένους
683 2172 844 2242 αὐτῷ,
878 2177 968 2224 καὶ
1020 2172 1217 2225 πολλῶν
1271 2181 1571 2248 πειρασμῶν
1603 2173 1803 2233 αἰτίους

183 2267 281 2314 καὶ
321 2258 592 2325 διακόνους
623 2261 764 2333 αύτῷ
793 2265 1181 2334 γεγενημένους.

756 2463 1070 2511 ΕΡΩΤΗΣΙΣ
1109 2457 1253 2513 ΤΙΕ’.

1921 1832 2032 1889 pro
2063 1816 2391 1873 ministerio
2449 1833 2642 1890 paena:
2693 1821 2748 1873 et
2804 1820 3165 1885 tentationis,
3205 1818 3265 1875 id
3326 1823 3433 1884 est,
3470 1819 3573 1876 Per

1919 1921 2104 1978 quem
2156 1905 2301 1961 mihi
2353 1906 2592 1978 colaphi
2650 1912 2706 1962 et
2754 1906 3104 1964 tentationes
3189 1907 3564 1976 inﬂiguntur.

1917 1993 2179 2050 Obscure
2213 1996 2772 2068 possetsigniﬁcare
2794 1997 2908 2053 hoc
2931 1997 3175 2053 verbum
3207 1997 3296 2052 vel
3322 1997 3572 2053 Alexan-

1916 2084 2092 2139 drum
2115 2084 2391 2140 aerarium
2419 2085 2701 2142 artiﬁcem
2733 2103 2768 2143 a
2818 2101 2941 2158 quo
2987 2085 3178 2142 multa
3227 2101 3447 2158 passus
3486 2090 3573 2141 est

1917 2170 2154 2239 Paulus,
2196 2173 2287 2228 vel
2327 2173 2510 2246 hujus
2543 2175 2822 2246 temporis
2860 2189 3029 2244 reges
3068 2177 3125 2230 et
3148 2174 3426 2230 homines
3464 2172 3570 2246 qui

1913 2259 2029 2316 alia
2040 2261 2316 2318 docentes
2329 2262 2502 2334 eique
2527 2263 2827 2320 adversati
2860 2262 3170 2319 multarum
3191 2263 3566 2320 tentationuin

1912 2355 2178 2406 auctores
2205 2356 2260 2408 et
2285 2352 2536 2408 ministri
2566 2352 2754 2410 Paulo
2795 2351 3046 2408 fuerant.

2488 2459 2810 2528 onmno
2851 2457 3095 2516 cccxv.

1095 2574 1216 2630 Cur
1247 2573 1440 2630 David
1465 2575 1558 2629 vir
1578 2574 1894 2631 secundum
1935 2589 2034 2631 cor
2050 2574 2160 2632 Dei
2177 2575 2511 2644 appellatus
2533 2576 2724 2645 fuerit

1353 2671 1505 2721 Edita
1534 2686 1566 2722 θ,
1595 2673 1730 2722 Maio
1766 2673 1820 2729 (1.
1851 2687 1898 2722 c.
1939 2688 1990 2736 p.
2021 2674 2128 2728 155,
2163 2674 2270 2729 156,
2303 2687 2356 2721 n.
2384 2673 2516 2734 312).

1987 2772 2107 2826 Ηοο
2136 2770 2384 2827 verbum
2407 2788 2460 2826 :«
2488 2771 2689 2826 Inveni
2721 2769 3227 2828 Davidhominem
3241 2770 3568 2827 secundum

1914 2877 2016 2916 cor
2047 2876 2270 2929 meum,
2314 2883 2341 2909 η
2370 2860 2748 2916 nominatum
2794 2860 2854 2914 in
2901 2859 3084 2914 veteri
3139 2857 3443 2930 Scriptura
3481 2859 3567 2915 sic

1914 2965 2035 3004 non
2067 2949 2354 3012 invenies,
2386 2963 2739 3020 quanquam
2790 2952 2846 3004 et
2895 2948 2955 3002 in
3004 2946 3254 3002 Psalmis
3302 2947 3562 3015 canitur;

1918 3058 1946 3090 «
1985 3037 2183 3093 Inveni
2225 3037 2407 3092 David
2449 3051 2684 3091 servum
2717 3051 2955 3102 meum;
2989 3036 3122 3091 oleo
3171 3040 3381 3091 sancto
3430 3051 3565 3091 meo

183 3127 326 3179 πολὺ
357 3135 446 3179 τοῦ
497 3128 765 3200 εἰρημένου
794 3127 957 3202 ῥητοῦ
988 3135 1050 3200 τῇ
1110 3126 1240 3188 λέξει
1297 3123 1571 3183 διέστηκεν
1599 3145 1611 3156 ·
1642 3126 1800 3198 ἐγγύ-

1914 3126 2053 3183 unxi
2094 3143 2231 3182 eum
2259 3129 2364 3180 δι.»
2388 3125 2499 3181 Sed
2513 3125 2712 3198 priora
2735 3125 2907 3194 longe
2940 3125 3014 3180 ab
3036 3125 3124 3180 his
3150 3123 3405 3180 distant:
3428 3139 3560 3195 pro.

181 3237 338 3292 τερον
389 3213 438 3268 δ’
469 3216 528 3268 ἂν
560 3219 635 3274 εἴη
669 3217 856 3288 μᾶλλον
903 3219 958 3267 τὸ
1002 3217 1264 3291 εἰρημένον
1299 3225 1369 3287 τῷ
1400 3221 1639 3290 προφήτῃ
1700 3224 1795 3268 Σα-

1914 3218 2167 3289 piusque
2229 3215 2530 3271 accederet
2567 3215 2731 3286 quod
2787 3213 3080 3286 propheta
3120 3213 3348 3270 Samuel
3405 3212 3563 3269 Sauli

181 3305 364 3380 μουηλ
403 3309 533 3379 πρὸς
576 3309 661 3357 τὸν
714 3305 876 3357 Σαούλ
899 3323 910 3335 ⁸
948 3301 1218 3366 ὀνειδίζων
1252 3308 1351 3380 γὰρ
1395 3305 1546 3358 αύτόν
1577 3311 1669 3364 τήν
1700 3326 1796 3358 πα-
1829 3302 1841 3353 4

1914 3306 2078 3372 dixit,
2133 3321 2266 3360 cum
2318 3305 2650 3375 increparet
2701 3319 2836 3358 eum
2908 3301 3200 3376 quoniam
3275 3301 3562 3358 mandata

1909 3399 2320 3464 transgressus
2341 3398 2486 3458 erat,
2516 3391 2687 3465 eique
2709 3391 3053 3464 praediceret
3085 3391 3208 3446 fore
3258 3395 3321 3447 ut
3372 3405 3560 3460 regno

1907 3482 2221 3556 pelleretur
2253 3498 2266 3537 :
2305 3505 2326 3531 ε
2359 3481 2507 3547 Quia
2547 3480 2608 3536 in
2656 3480 2776 3536 vias
2831 3479 3056 3535 Domini
3086 3478 3397 3534 ambulare
3456 3493 3560 3534 no-

1906 3571 2065 3628 luisti
2101 3575 2156 3626 et
2223 3569 2508 3626 mandata
2552 3567 2706 3623 illius
2767 3582 2888 3622 non
2937 3566 3271 3632 custodisti,
3328 3568 3559 3638 quaeret

1906 3662 2196 3718 Dominus
2226 3658 2342 3715 sibi
2373 3659 2763 3729 virumjuxta
2804 3673 2907 3713 cor
2963 3673 3166 3724 suum,
3227 3655 3332 3729 qui
3379 3655 3552 3712 faciet

1905 3766 2117 3808 omnes
2144 3750 2484 3806 voluntates
2507 3749 2634 3820 ejus
2661 3746 2887 3804 ".nSed
2912 3746 3190 3819 quamvis
3221 3745 3349 3801 haec
3373 3745 3554 3817 paulo

1905 3840 2280 3912 expressiora
2312 3839 2433 3895 sint
2461 3853 2644 3909 quam
2666 3852 2737 3892 ea
2767 3852 2898 3908 qute
2943 3835 3052 3892 fert
3095 3835 3385 3907 psalmus,
3433 3849 3555 3890 non

1908 3936 2107 3986 tamen
2132 3929 2296 3984 omni
2326 3944 2397 3984 ex
2422 3932 2586 3998 parte
2618 3941 2755 3981 cum
2784 3925 2898 3980 illis
2937 3924 3131 3980 verbis
3170 3928 3509 3993 congruunt
3538 3939 3550 3979 :

1907 4043 1936 4070 «
1969 4018 2172 4074 Inveni
2196 4018 2376 4072 David
2402 4017 2561 4071 Jesse
2609 4014 2818 4077 ﬁlium,
2876 4014 3187 4071 hominem
3229 4013 3400 4082 juxta
3453 4027 3554 4066 cor

1905 4123 2120 4172 meum,
2147 4127 2172 4157 ν
2199 4122 2326 4177 quae
2341 4103 2518 4160 divus
2545 4103 3040 4173 Paulus,quamvis
3057 4100 3318 4172 apprime
3332 4103 3555 4164 nosset,

1903 4201 2157 4253 attamen
2184 4210 2376 4250 coram
2400 4192 2618 4265 populo
2639 4191 2708 4246 de
2730 4190 2924 4246 activa
2957 4190 3090 4246 vitae
3127 4190 3349 4245 ratione
3377 4188 3561 4245 verba

1904 4285 2127 4341 faciens
2146 4287 2234 4349 δ”,
2268 4297 2443 4338 voces
2470 4296 2653 4354 supra
2674 4281 2861 4336 dictas
2882 4295 2990 4350 per
3009 4278 3351 4334 abusionem
3382 4292 3554 4332 usur-

1904 4374 2084 4447 pavit.
2121 4372 2340 4429 Dicitur
2373 4371 2550 4426 David
2587 4370 2757 4441 juxta
2788 4384 2889 4423 cor
2921 4367 3021 4422 Dei
3049 4367 3324 4421 inventus
3350 4365 3552 4432 fuisse,

182 4465 349 4518 τολῶν
381 4467 761 4539 ὑπαρχουσῶν,
795 4461 867 4516 δι’
908 4465 975 4516 ὧν
1025 4466 1050 4515 6
1099 4472 1194 4525 τῆς
1225 4462 1410 4537 ἀρετῆς
1461 4469 1792 4540 χαρακτηρί-

1914 4461 2088 4536 quod.
2121 4461 2321 4517 multis
2355 4459 2648 4516 mandatis
2672 4456 3040 4527 vigentibus,
3071 4455 3293 4528 quibus
3317 4455 3552 4510 virtutis

184 4559 340 4618 ζεται
386 4560 592 4625 τρόπος,
644 4551 868 4624 οὐδεμία
916 4553 1042 4610 οῐλλη
1073 4554 1255 4610 ἵστησι
1287 4552 1505 4610 πλησίον
1533 4561 1666 4607 Θεοῦ
1703 4558 1791 4607 καὶ

1914 4551 2214 4624 proprium
2262 4550 2628 4622 exprimitur,
2686 4547 2917 4602 nullum
2975 4545 3138 4602 aliud
3190 4543 3436 4616 propius
3477 4543 3556 4600 ad

182 4646 312 4696 ὅσον
371 4641 666 4718 ἀνθρωπίνη
715 4647 864 4716 φύσει
911 4639 1132 4694 δυνατὸν
1183 4643 1251 4704 εἰς
1300 4647 1387 4700 τὴν
1425 4647 1548 4716 πρὸς
1605 4643 1841 4709 έκεῖνονῙ

1914 4644 2086 4698 Deum
2119 4656 2226 4696 nos
2239 4638 2472 4710 erigitet
2489 4640 2770 4709 quantum
2790 4635 3076 4691 humanae
3101 4641 3328 4689 naturae
3341 4632 3552 4688 datum

1902 4735 2006 4795 est,
2040 4729 2118 4785 ad
2143 4725 2592 4784 similitudinem
2625 4723 2777 4779 illius
2832 4722 2997 4787 tollit,
3057 4737 3246 4795 quam
3289 4720 3550 4776 inimicis

1901 4819 2121 4876 nostris
2174 4818 2335 4874 bona
2389 4831 2497 4887 pro
2563 4813 2734 4870 malis
2782 4812 3125 4869 retribuere-
3180 4814 3452 4881 Namque
3488 4809 3550 4866 in

1901 4907 2214 4977 Evangelio
2239 4905 2388 4962 dixit
2429 4904 2716 4960 Dominus
2781 4920 2793 4958 :
2827 4923 2851 4953 α
2904 4904 3099 4958 Estote
3131 4915 3274 4970 ergo
3323 4898 3550 4956 miseri-

1898 4997 2107 5053 cordes
2124 4997 2272 5052 sicut
2292 4999 2350 5050 et
2373 4998 2538 5051 Pater
2553 4997 2741 5048 vester
2768 4990 3104 5048 misericors
3125 4995 3232 5045 est.
3263 4989 3362 5045 Ille
3386 4988 3547 5045 enim

1897 5086 2076 5142 solem
2103 5101 2279 5141 suum
2304 5084 2440 5142 oriri
2471 5083 2610 5139 facit
2639 5097 2818 5154 super
2866 5081 3058 5137 bonos
3111 5084 3167 5136 et
3197 5078 3388 5136 malos
3411 5079 3481 5135 ⁸³.
3519 5099 3544 5130 υ

1898 5178 2281 5246 Rursusque:
2336 5194 2362 5225 «
2419 5171 2745 5228 Benefacite
2791 5169 2886 5226 his
2934 5169 3039 5242 qui
3087 5169 3342 5225 oderunt
3417 5184 3546 5234 vos,

1896 5268 1955 5320 ut
1983 5264 2105 5320 sitis
2133 5262 2230 5318 ﬁlii
2261 5261 2444 5318 Patris
2470 5259 2642 5316 vestri
2675 5259 2777 5333 qui
2803 5260 2868 5315 in
2896 5258 3059 5316 caelis
3077 5263 3165 5316 est
3201 5260 3269 5314 “.
3301 5278 3325 5311 ν
3358 5256 3546 5314 David

1892 5353 2061 5422 igitur
2101 5352 2200 5408 illa
2230 5353 2438 5406 virtute
2468 5349 2765 5422 praeditus,
2794 5349 3075 5422 quamvis
3102 5349 3222 5406 alia
3260 5364 3334 5404 ex
3377 5351 3545 5420 parte

262 2773 340 2823 T6
369 2767 447 2835 δὲ,
483 2790 510 2823 ‹‹
540 2769 700 2844 Εὗρον
726 2773 812 2824 τὸν
857 2767 1026 2823 Δαϐὶδ
1055 2767 1226 2844 ἄνδρα
1267 2772 1403 2822 κατὰ
1433 2776 1525 2829 τὴν
1573 2768 1798 2843 καρδίαν

185 2880 323 2933 μου,
360 2882 387 2908 ››
416 2861 582 2934 ῥητῶς
606 2864 696 2932 μεν
746 2861 909 2921 οὕτως
952 2858 1000 2910 ἐν
1031 2868 1092 2932 τῇ
1152 2859 1358 2930 Παλαιᾷ
1387 2867 1561 2934 Γραφῇ
1615 2860 1708 2911 οῦκ
1740 2860 1799 2912 ἂν

186 2949 425 3022 εὑρεθείη
455 2967 467 2978 ο
496 2948 540 3001 εἰ
563 2952 664 3023 γὰρ
688 2948 842 3001 καὶέν
870 2949 1100 3022 Ψαλμοῖς
1125 2946 1311 3020 ᾄδεται
1332 2969 1342 2980 ·
1383 2971 1409 2998 ‹‹
1442 2949 1602 3024 Εὗρον
1634 2946 1799 3002 Δαϐἱδ

186 3042 283 3091 τὸν
316 3034 500 3090 δοῦλόν
525 3057 648 3110 μου,
670 3037 717 3089 ἐν
738 3039 872 3109 ἁγίῳ
904 3037 1054 3109 ἐλαίῳ
1084 3041 1281 3108 ἕχρισα
1302 3038 1456 3089 αὐτόν
1478 3054 1489 3066 ⁸
1519 3060 1545 3086 ››
1579 3037 1682 3089 ἀλλ’
1711 3035 1798 3090 οὖν

179 3395 418 3468 ράϐασιν
459 3404 558 3446 τῶν
597 3404 819 3462 νομικῶν
872 3393 1081 3447 ἐντολῶν
1135 3400 1224 3446 καὶ
1267 3400 1360 3453 τὴν
1404 3398 1659 3447 ἔκπτωσιν
1701 3403 1798 3458 τῆς

185 3484 470 3559 βασιλείας
520 3485 659 3554 αύτῷ
705 3492 1109 3558 προαναφωνῶν,
1144 3489 1274 3555 φησί
1303 3487 1434 3556 πρὸς
1483 3483 1655 3548 αὐτὸν,
1717 3486 1797 3537 ὅτι

186 3597 216 3628 (ι
235 3571 460 3632 Ἐπειδὴ
489 3577 553 3626 σὺ
571 3576 703 3625 κατὰ
724 3575 818 3634 τὰς
837 3569 996 3635 ὁδοὺς
1018 3577 1212 3645 Κυρίου
1230 3578 1316 3625 καὶ
1335 3576 1396 3625 τὰ
1415 3575 1798 3646 προστάγματα

187 3665 358 3716 αὐτοῦ
390 3664 702 3737 πορεύεσθαι
734 3662 792 3714 ού
818 3661 1015 3735 βούλει,
1039 3661 1290 3725 ἐκλέξεται
1322 3662 1485 3734 ἑαυτῷ
1509 3664 1533 3714 6
1556 3667 1686 3724 Θεὸς
1710 3665 1796 3716 ἇν-

187 3751 303 3828 δρα
333 3755 469 3804 κατὰ
493 3757 586 3810 τὴν
606 3748 832 3824 καρδίαν
864 3751 1038 3817 αὐτοῦ,
1071 3750 1126 3813 ὃς
1153 3757 1364 3810 ποιήσει
1391 3755 1558 3804 πάντα
1586 3755 1652 3804 τὰ
1677 3752 1796 3825 ἀρε-

190 3846 299 3896 στὰ
327 3842 537 3894 ἐνώπιον
560 3841 719 3893 αὐτοῦ
740 3861 751 3872 ·
792 3862 815 3891 ν
847 3840 954 3892 ἀλλ’
994 3840 1037 3893 εἰ
1061 3846 1150 3893 xui
1179 3841 1490 3915 πλατύτερον
1519 3849 1670 3893 τοῦτο
1702 3850 1796 3902 τῆς

183 3933 254 4006 ῥή
267 3950 393 3991 σεως
425 3939 516 3990 τῆς
539 3930 823 4002 ψαλμικῆς,
868 3930 999 3988 πλὴν
1041 3930 1099 3982 ού
1129 3931 1264 3982 κατὰ
1297 3933 1462 3982 πάντα
1502 3930 1797 4005 ἀπαράτρε-

185 4026 323 4072 πτόν
345 4021 460 4071 ίστι
477 4028 581 4080 τοῖς
598 4019 817 4091 ὀνόμασι
835 4022 964 4093 πρὸς
978 4021 1052 4083 τὸ,
1077 4038 1106 4068 (ι
1127 4019 1286 4093 Εὗρον
1308 4023 1394 4070 τὸν
1413 4016 1580 4072 Δαϐὶδ
1595 4023 1681 4070 τὸν
1702 4027 1794 4071 τοῦ

184 4110 392 4164 ’ῐεσσαὶ
413 4106 583 4183 ἄνδρα
607 4111 744 4161 κατὰ
763 4113 856 4166 τὴν
887 4105 1109 4183 καρδίαν
1135 4128 1235 4180 μου
1261 4128 1272 4140 ·
1302 4130 1330 4161 ›)
1353 4107 1460 4159 ἀλλ’
1486 4104 1746 4160 οὖντοῦτο
1769 4110 1795 4160 6

184 4200 465 4258 Θεσπέσιος
498 4196 695 4259 Παῦλος
728 4193 883 4258 εἰδὼς
913 4198 985 4257 εἰς,
1025 4196 1212 4249 ἐκεῖνον
1245 4193 1563 4266 δημηγορῶν
1595 4195 1643 4248 ἐν
1677 4204 1795 4260 ταῖς

181 4287 421 4350 Πράξεσι
449 4286 808 4359 σχηματίζει·
852 4285 979 4358 ἀνὴρ
1023 4282 1082 4337 δε
1129 4285 1329 4357 λέγεται
1371 4289 1507 4337 κατὰ
1534 4290 1628 4344 τὴν
1663 4306 1793 4358 καρ-

182 4375 313 4430 δίαν
343 4384 434 4428 τοῦ
467 4384 600 4430 Θεοῦ
645 4377 903 4448 εὑρῆσθαι
934 4376 959 4426 6
1014 4371 1201 4443 Δαϐὶδ,
1260 4372 1438 4433 ἐπειδὴ
1473 4374 1670 4427 πολλῶν
1720 4376 1794 4427 ἐν-

181 4735 440 4806 όμοίωσιν
484 4730 806 4797 ἀναϐιϐάζει,
841 4734 908 4792 ὡς
938 4736 996 4782 τό
1056 4734 1175 4791 τοὺς
1221 4729 1444 4801 ἐχθρούς
1486 4731 1790 4802 ἀμείϐεσθαι

182 4822 446 4892 ἀγαθοῖς·
494 4827 583 4874 xui
629 4825 730 4895 γὰρ
785 4823 810 4872 6
875 4824 1134 4893 Κυριακός
1174 4821 1225 4872 έν
1272 4821 1604 4892 Εύαγγελίοις
1645 4821 1790 4894 λόγος

183 4916 355 4984 φησί⁸
407 4935 431 4960 υ
477 4913 682 4964 Γίνεσθε
739 4911 1056 4983 οἰκτίρμονες
1088 4913 1156 4972 ὡς
1209 4915 1298 4961 καὶ
1349 4911 1373 4961 6
1427 4916 1604 4985 Πατὴρ
1648 4914 1788 4984 ὑμῶν

177 5001 466 5076 οἰκτίρμων
491 5018 501 5030 ’
539 5000 687 5060 αὐτὸς
742 5002 842 5073 γὰρ
894 4998 1151 5052 ἀνατέλλει
1199 5003 1285 5051 τὸν
1338 4999 1479 5058 ἣλιον
1512 5001 1671 5053 αὐτοῦ
1704 5001 1787 5055 ἐπὶ

179 5088 410 5160 ἀγαθούς
441 5094 530 5142 καὶ
560 5091 817 5160 πονηρούς
838 5107 849 5118 ⁸
884 5110 912 5139 »
965 5093 1054 5140 xui
1093 5087 1244 5140 πάλιν
1265 5105 1276 5116 ·
1311 5108 1338 5139 «
1373 5088 1548 5148 Καλῶς
1592 5097 1785 5142 ποιεῖτε

177 5187 291 5240 τοῖς
318 5188 569 5251 μισοῦσιν
615 5180 770 5250 ὑμᾶς,
829 5179 911 5230 ἵνα
959 5179 1178 5249 γένησθε
1236 5179 1405 5249 ὅμοιοι
1453 5185 1544 5228 τοῦ
1587 5182 1784 5250 Πατρός

175 5289 277 5342 μου
308 5277 400 5320 τοῦ
429 5267 476 5320 ἐν
503 5275 613 5330 τοῖς
637 5268 870 5340 οὐρανοῖς
895 5285 906 5296 ·
949 5292 968 5315 ο
1004 5269 1028 5318 ό
1060 5274 1184 5337 γοῦν
1226 5264 1392 5319 Δαϐὶδ
1431 5269 1622 5323 ταύτην
1661 5285 1780 5316 κατι

178 5360 419 5432 ορθῶσας
451 5362 544 5416 τὴν
576 5356 782 5433 ἀρετὴν,
830 5357 872 5409 εἰ
914 5360 997 5407 xui
1047 5354 1093 5407 ἐν
1144 5355 1335 5419 ἄλλοις,
1364 5356 1452 5406 άτε
1480 5352 1546 5413 δη
1582 5357 1776 5428 ἄνθρω-

250 5536 370 5573 ⁵³-⁸⁰
401 5537 443 5590 Il
475 5535 602 5590 Cor.
637 5551 736 5599 xu,
770 5539 817 5587 7.
880 5536 920 5569 ³⁸
958 5534 1080 5588 Psal
1123 5550 1386 5596 LXXXVIII,
1418 5537 1506 5586 2t.
1569 5536 1614 5567 ³³
1646 5536 1781 5604 Reg.
1840 5548 1960 5586 xm.
2001 5531 2082 5584 ~14.
2137 5532 2181 5564 ³³
2213 5535 2333 5584 Act.
2368 5545 2479 5593 xui,
2535 5531 2622 5583 2'2.
2654 5530 2700 5564 ³³
2755 5529 2890 5587 Luc.
2931 5528 3119 5593 vr,36.
3179 5529 3226 5562 ³⁸
3268 5523 3412 5580 ibid.
3447 5525 3539 5578 27.
