4026 6206
497 294 635 354 1167

1701 294 1791 351 PH
1804 294 1937 351 OTlI
1975 282 2450 349 PATRIARCHIE
2489 294 2576 349 ΟΡ
2589 340 2601 351 .

3724 293 3829 348 1168

498 429 677 497 prout
728 423 1006 479 humanae
1073 425 1162 477 est
1192 426 1420 479 naturte
1462 422 1803 477 inferiorem
1836 436 1963 475 sese
2004 436 2145 492 prae-

2262 438 2349 480 πος
2399 420 2486 485 ὢν,
2542 422 2871 491 κατηνέχθη,
2924 420 3135 479 εἰκότως
3172 421 3307 470 κατά
3346 422 3442 475 τὴν
3501 414 3725 490 καρδίαν
3769 430 3836 471 m

498 515 709 575 bnerit,
738 513 899 568 haud
924 513 1241 578 immerito,
1298 514 1386 567 vel
1444 511 1781 567 secundum
1825 526 1927 566 cor
2024 508 2142 571 Dei,

500 602 765 677 praestitit
788 610 839 656 et
862 601 1097 672 pietate,
1132 608 1187 656 et
1229 603 1458 657 caeteris
1514 602 1842 667 virtutibus,
1898 614 2020 655 non
2052 614 2146 654 so-

499 692 625 748 lum
656 690 834 754 Sauli,
856 690 959 744 sed
989 692 1165 745 etiam
1194 691 1477 745 omnibus
1502 690 1621 745 fere
1642 691 1745 762 qui
1774 688 1940 745 illum
1973 692 2144 744 aetate

500 780 799 836 consecuti
824 784 981 833 sunt.
1016 783 1197 834 Nemo
1229 781 1410 845 enim,
1446 780 1655 852 inquit,
1680 785 1744 834 ut
1777 778 1965 833 David
1991 784 2145 833 recte

497 870 641 924 vixit
676 884 880 925 coram
914 869 1186 923 Domino.
1223 869 1446 924 ldcirco
1481 869 1852 940 prospiciens
1913 866 2145 923 Davidis

497 958 775 1013 virtutem
804 957 1095 1028 propheta
1134 956 1316 1012 dixit:
1354 978 1379 1008 «
1411 957 1683 1023 Quaesivit
1729 956 2003 1012 Dominus
2035 955 2144 1010 sibi

499 1046 696 1101 virum
718 1047 878 1116 juxta
903 1061 1007 1100 cor
1034 1061 1211 1100 suum
1242 1046 1343 1118 qui
1376 1046 1775 1102 faeietomnes
1817 1044 2147 1101 voluntates

500 1134 654 1205 ejus.
695 1154 718 1184 ι)

571 1221 721 1278 Nihil
751 1222 1027 1295 prohibet
1047 1223 1132 1277 vel
1164 1224 1221 1277 in
1256 1223 1565 1297 Scripturis
1613 1223 1931 1295 quominus
1967 1222 2149 1292 hujus

501 1312 801 1367 sententia:
834 1311 1113 1367 interiora
1163 1313 1422 1377 scrutati,
1458 1329 1593 1369 eam
1623 1329 1741 1368 non
1772 1312 1832 1367 in
1865 1310 2146 1367 Davidem

501 1404 733 1457 tantum
766 1400 1115 1459 referamus,
1139 1401 1237 1456 sed
1271 1403 1465 1472 potius
1494 1402 1571 1456 ad
1619 1401 1787 1456 illum
1836 1405 2035 1456 ortum
2078 1415 2148 1455 ex

502 1491 726 1545 semine
750 1489 985 1544 Davidis
1009 1494 1068 1545 et
1092 1491 1275 1554 Jesse,
1306 1490 1623 1555 Christum,
1648 1492 1820 1559 cujus
1838 1490 2003 1559 regni
2030 1504 2149 1544 non

502 1580 608 1635 erit
636 1580 790 1634 ﬁnis.
828 1581 1006 1635 Sacra
1031 1580 1189 1633 enim
1221 1579 1522 1650 Scriptura
1550 1579 1623 1634 de
1652 1579 1749 1635 illo
1779 1579 1919 1634 alibi
1967 1579 2108 1634 dicit
2136 1595 2148 1632 :

501 1692 527 1719 ‹‹
558 1670 687 1739 Ipse
726 1667 1025 1722 invocabit
1050 1683 1143 1721 me
1169 1684 1179 1721 :
1212 1670 1377 1722 Pater
1406 1684 1575 1722 meus
1607 1685 1669 1723 es
1699 1673 1760 1723 tu
1795 1674 2017 1737 ;etego
2039 1669 2154 1739 pri-

2256 516 2387 561 Θεοῦ
2419 517 2510 561 τοῦ
2542 506 2712 562 Δαϐὶδ
2763 510 2821 561 ού
2880 512 3005 581 πρὸς
3059 508 3245 561 ἐκεῖνον
3294 514 3474 579 μόνον,
3511 510 3652 558 κατά
3680 527 3729 558 τε
3769 518 3841 565 τιν

2255 597 2513 651 εὐσέϐειαν
2544 604 2633 650 καὶ
2686 603 2779 657 τὴν
2829 598 2986 655 ἄλλην
3020 597 3203 673 ἀρετὴν
3259 602 3354 655 τὴν
3401 599 3682 668 ὑπεροχὴν
3712 595 3841 668 rixa,

2254 687 2382 739 ἀλλά
2437 692 2525 738 καὶ
2572 691 2700 762 πρὸς
2756 692 2876 749 τοὺς
2924 688 3103 759 ἑφεξῆς
3165 693 3356 758 μικροῦ
3416 689 3658 746 πάντας
3692 683 3849 745 Οὐδείς

2253 780 2375 850 γὰρ,
2411 784 2588 848 φησὶν,
2629 776 2826 849 ἐγένετο
2858 779 2925 839 ὡς
2962 774 3131 829 Δαϐὶδ
3157 781 3389 837 ποιήσας
3418 780 3479 827 τὸ
3510 776 3639 827 εῦθῦ
3670 774 3851 825 ἐνώπιον

2257 872 2485 940 Κυρίου·
2522 863 2616 919 διὰ
2668 874 2821 918 τοῦτο
2878 871 3233 940 προορώμενος
3284 870 3379 922 τὴν
3413 873 3509 916 τοῦ
3569 861 3737 916 Δαϐὶδ
3762 863 3853 935 ἁρεο

2256 960 2349 1014 τὴν
2381 958 2405 1007 6
2432 961 2697 1029 προφήτης
2738 960 2919 1028 φησὶν,
2949 958 3017 1018 ὡς
3050 976 3077 1003 ιι
3134 954 3428 1017 Ἐκλέξεται
3480 955 3633 1022 αὐτῷ
3674 955 3700 1004 ὁ
3746 958 3855 1013 Θεὸς

2256 1042 2428 1118 ἄνδρα
2468 1047 2603 1097 κατὰ
2660 1050 2751 1102 τὴν
2791 1041 3015 1116 καρδίαν
3064 1043 3241 1108 αὐτοῦ,
3301 1048 3392 1095 καὶ
3438 1049 3668 1100 ποιησει
3714 1045 3857 1094 πέπιι

2257 1136 2323 1186 τὰ
2350 1132 2545 1207 ἀρεστὰ
2574 1132 2784 1185 ἐνώπιον
2809 1133 2987 1185 αὐτοῦ.
3022 1155 3047 1180 n

2331 1218 2498 1275 Ούδεν
2552 1219 2610 1275 δὲ
2655 1222 2840 1274 κωλύει
2871 1228 2961 1275 καὶ
2991 1220 3093 1274 ἀπὸ
3144 1230 3235 1274 τοῦ
3264 1224 3591 1295 ’γράμματος
3619 1224 3749 1295 πρὸς
3783 1224 3860 1277 τήν

2261 1307 2495 1363 διάνοιαν
2536 1310 2913 1384 ἀναχωροῦντα
2959 1316 3030 1383 μὴ
3073 1311 3150 1363 ἐπ’
3200 1310 3392 1362 ἐκείνου
3431 1315 3598 1381 μόνον
3644 1318 3734 1360 τοῦ
3776 1318 3861 1361 Δα-

2261 1396 2353 1451 ϐἱδ
2383 1404 2468 1452 τὸν
2499 1405 2748 1473 χρησμὸν
2797 1399 3028 1465 ἐκϐῆναι,
3086 1400 3217 1452 ἀλλὰ
3244 1399 3373 1451 πολὺ
3421 1398 3628 1469 μᾶλλον
3684 1398 3761 1449 ἐπὶ
3792 1403 3862 1449 τὸν

2264 1488 2362 1540 ἀπὸ
2402 1497 2492 1541 τοῦ
2551 1493 2847 1561 σπέρματος
2898 1485 3067 1541 Δαϐὶδ
3118 1495 3207 1540 καὶ
3265 1490 3466 1541 Ἰεσσαὶ
3525 1494 3862 1558 καταγόμενον

2266 1580 2513 1650 Χριστὸν,
2556 1578 2616 1629 οὗ
2654 1587 2747 1641 τῆς
2779 1577 3051 1650 βασιλείας
3110 1579 3202 1629 οῦκ
3251 1580 3399 1629 ἔσται
3452 1576 3640 1637 τέλοςο
3673 1580 3730 1628 τὸ
3776 1580 3861 1646 γὰρ

2267 1669 2397 1740 ἱερὸν
2426 1669 2649 1739 Γράμμα
2679 1673 2837 1739 φησὶν
2868 1666 3104 1739 ἀλλαχοῦ
3130 1672 3246 1741 περὶ
3269 1666 3429 1718 αὐτοῦ
3456 1687 3468 1698 ·
3513 1688 3544 1717 ι(
3578 1666 3746 1727 Αὐτὸς
3766 1665 3863 1717 ἔπι-

498 1757 868 1826 mogenitum
904 1772 1121 1825 ponam
1155 1755 1320 1811 illum
1375 1758 1674 1812 excelsum
1730 1773 1851 1828 prae
1913 1758 2149 1826 regibus

2263 1756 2537 1808 καλέσεταί
2574 1776 2635 1828 με
2693 1762 2918 1830 Πατέρα,
2959 1759 3103 1828 κάγὼ
3139 1762 3465 1829 πρωτότοκον
3523 1758 3682 1813 θήσω
3731 1756 3865 1806 αὐτὸν

500 1845 750 1899 terrae“.
784 1867 806 1895 ››
830 1846 1015 1909 Quem
1040 1846 1440 1915 prmnuntians
1472 1862 1574 1916 per
1602 1846 1977 1917 Prophetam,
2004 1848 2157 1900 Deus

501 1934 797 1989 Christum
825 1939 1018 1987 ortum
1062 1950 1091 1987 e
1133 1934 1355 1988 semine
1374 1934 1623 2005 Davidis,
1659 1934 1818 2006 quod
1849 1935 2055 1991 attinet
2079 1934 2155 1989 ad

502 2023 832 2087 hominem,
863 2022 1119 2077 Verbum
1147 2028 1347 2077 autem
1378 2039 1447 2077 ex
1494 2026 1631 2088 Deo,
1666 2024 1849 2078 Deum
1886 2023 2157 2079 Salvato-

502 2129 629 2169 rem
679 2116 948 2167 nostrum
974 2112 1056 2167 ait
1086 2112 1383 2167 invenisse
1433 2115 1761 2168 secundum
1823 2129 1925 2168 cor
1954 2129 2149 2182 suum,

505 2206 706 2274 utpote
745 2202 845 2256 uni
872 2206 929 2257 et
958 2201 1151 2257 eidem
1176 2217 1244 2256 ac
1278 2203 1404 2274 ipse
1436 2202 1612 2258 Pater
1664 2203 1948 2258 voluntati
1988 2201 2155 2258 addi-

505 2297 666 2347 ctum
702 2307 715 2355 ;
742 2292 907 2363 quod
935 2291 1137 2346 videas
1159 2293 1336 2347 etiam
1361 2292 1690 2347 inhumana
1712 2292 1922 2349 Christi
1944 2297 2153 2347 natura

505 2382 599 2436 cui
630 2380 839 2436 eadem
874 2381 1144 2436 voluntas
1175 2386 1279 2445 est,
1322 2382 1531 2437 eadem
1571 2382 1887 2438 voluntatis
1919 2398 2152 2452 expres-

506 2468 593 2523 sio
620 2474 798 2539 atque
826 2469 937 2539 ipsi
968 2472 1081 2523 Deo
1116 2470 1287 2524 Patri.
1318 2472 1459 2533 Quae
1492 2470 1810 2539 vultenim,
1844 2471 1942 2534 ait,
1962 2470 2153 2534 Pater,

507 2558 634 2613 haec
660 2557 782 2611 vult
807 2572 1048 2628 quoque
1081 2558 1277 2622 Filius,
1314 2564 1371 2614 et
1400 2565 1678 2615 sexcenta
1731 2560 1866 2615 alia.
1902 2559 2072 2620 Quod
2105 2559 2154 2614 si

505 2646 584 2702 ad
622 2646 887 2700 strictum
932 2646 1092 2700 verbi
1132 2662 1377 2701 sensum
1432 2653 1686 2717 spectes,
1755 2664 1911 2703 unus
1955 2648 2045 2704 hic
2070 2652 2157 2704 est

504 2735 607 2806 qui
635 2733 970 2789 voluntates
992 2734 1179 2790 Patris
1214 2736 1304 2789 sui
1332 2735 1507 2791 faciat
1539 2737 1606 2803 ³⁸,
1636 2752 1771 2792 cum
1798 2736 1927 2807 ipse
1971 2737 2156 2793 David

506 2824 689 2879 vitam
720 2822 1013 2893 degendo,
1049 2838 1171 2879 non
1200 2825 1449 2880 omnino
1479 2826 1655 2896 culpa
1692 2826 1948 2880 caruerit
1976 2843 1989 2891 ;
2043 2825 2156 2882 hoc

506 2913 752 2986 quidem
823 2913 1087 2969 maxime
1135 2914 1489 2985 perspicitur
1545 2931 1615 2970 ex
1659 2914 1792 2971 Uria
1831 2920 1888 2969 et
1944 2915 2155 2987 p0puli

507 3003 977 3072 enumeratione,
1004 3002 1454 3075 praesertimque
1486 3022 1558 3059 ex
1602 3005 1687 3060 ira
1731 3004 1976 3059 furentis
2033 3020 2157 3075 qua

2266 1845 2464 1916 ὑψηλὸν
2496 1850 2638 1917 παρά
2662 1848 2859 1908 πάντας
2911 1851 3031 1908 τοὺς
3064 1844 3333 1917 βασιλεῖςο
3366 1865 3397 1893 (ι
3448 1852 3660 1897 Τοῦτον
3712 1864 3869 1915 τοιγα-

2265 1943 2385 2008 ροῦν
2451 1932 2726 2009 προδηλῶν
2782 1937 2806 1986 6
2854 1940 2979 1996 Οεός
3038 1932 3130 1987 διὰ
3180 1943 3269 1986 τοῦ
3323 1940 3640 2008 Προφὴτου,
3693 1938 3775 1985 τὸν
3824 1934 3869 1984 ὰ

2268 2030 2561 2097 σπέρματος
2598 2028 2685 2095 μὲν
2736 2021 2903 2076 Δαϐὶδ
2968 2026 3103 2075 κατὰ
3156 2027 3213 2076 τὸ
3263 2022 3622 2095 ἀνθρώπινον,
3659 2027 3715 2075 ἐκ
3752 2030 3870 2077 Θεοῦ

2266 2110 2324 2166 δὲ
2358 2117 2486 2165 Θεὸν
2515 2118 2702 2184 Λόγον,
2738 2117 2968 2185 Χριστὸν
3003 2117 3089 2165 τὸν
3125 2120 3338 2184 Σωτῆρα
3371 2115 3549 2184 ἡμῶν,
3590 2118 3753 2185 φησὶν
3794 2112 3871 2162 αύ-

2263 2206 2348 2253 τόν
2404 2202 2657 2274 εὕρασθαι
2700 2205 2831 2253 κατὰ
2892 2207 2983 2259 τὴν
3030 2198 3253 2273 καρδίαν
3317 2202 3503 2266 αὐτοῦ,
3595 2205 3750 2253 οἱονεὶ
3812 2201 3869 2252 ἑνὶ

2264 2296 2352 2342 καὶ
2384 2300 2455 2361 τῷ
2512 2291 2653 2360 αύτῷ
2710 2296 3089 2362 συναπτόμενον
3137 2290 3404 2362 θελήματι,
3436 2290 3540 2341 κᾶν
3601 2290 3650 2342 ἐν
3683 2299 3752 2359 τῷ
3793 2300 3869 2347 τῆς

2265 2382 2587 2452 ἀνθρωπίνης
2662 2384 2859 2452 φύσεως
2948 2378 3250 2454 ἑγνωρίζετο
3338 2385 3701 2452 συγκρίματι,
3793 2386 3871 2429 και

2263 2472 2427 2539 τούτῳ
2452 2471 2481 2525 ἡ
2520 2467 2681 2540 βουλὴ
2724 2475 2813 2520 καὶ
2844 2472 2871 2526 η
2922 2468 3148 2541 ἕνέρογεια
3190 2477 3279 2520 τοῦ
3331 2474 3612 2542 [ἰατρικοῦ
3667 2466 3870 2537 θελήμα-

2263 2578 2349 2620 τος
2381 2555 2702 2619 ἀδιάστατος
2727 2574 2737 2587 ·
2766 2557 2829 2610 Ἃ
2859 2560 2958 2631 γὰρ
3010 2557 3157 2623 θέλει,
3189 2562 3367 2629 φησὶν,
3411 2559 3436 2608 6
3470 2562 3693 2630 Πατὴρ,
3720 2563 3872 2607 ταῦτα

2268 2648 2397 2700 θελει
2455 2654 2542 2699 καὶ
2587 2648 2612 2698 6
2672 2650 2820 2708 Υἱός²
2880 2651 2970 2699 καὶ
3019 2652 3183 2719 μυρία
3236 2647 3402 2699 ἄλλα·
3443 2652 3537 2697 καὶ
3602 2648 3741 2698 κατὰ
3792 2649 3868 2696 τον

2264 2735 2451 2811 ἀκριϐῆ
2508 2736 2677 2808 λόγον,
2712 2736 2862 2797 οὗτος
2891 2736 3031 2787 ἐστιν
3063 2738 3087 2787 6
3122 2739 3291 2789 πάντα
3318 2738 3383 2786 τὰ
3437 2734 3650 2809 ἀρεστὰ
3692 2734 3868 2788 πεπλη-

2263 2830 2436 2899 ρωκὼς
2463 2834 2552 2877 τοῦ
2607 2830 2839 2898 Πατρός·
2875 2827 3032 2877 ἐπεὶὸ
3057 2845 3115 2897 γε
3172 2822 3336 2877 Δαϐὶδ
3386 2827 3508 2895 ἔχοι
3545 2828 3614 2876 ἄν
3660 2843 3769 2875 τισι
3792 2827 3869 2873 καὶ

2265 2914 2317 2977 ἐξ
2345 2915 2412 2965 ὧν
2446 2915 2628 2989 ἔπραξε
2666 2913 2829 2974 λαϐὰς
2880 2924 3179 2986 παρασχεῖν
3206 2932 3217 2943 ·
3277 2913 3359 2966 ἐπὶ
3404 2918 3496 2985 μὲν
3528 2922 3629 2965 τοῦ
3685 2914 3868 2983 θύρίον

2265 3012 2571 3077 περιφανῶς,
2609 3009 2699 3055 καὶ
2751 3001 2832 3054 ἐπὶ
2884 3012 2943 3075 τῇ
2996 3002 3356 3077 ἀπαριθμήσει
3409 3010 3502 3053 τοῦ
3548 3003 3704 3067 λαοῦ,
3738 3002 3870 3071 τάχα

506 3091 567 3148 in
593 3091 783 3147 Nabal
813 3092 999 3160 irruit,
1035 3099 1091 3147 et
1117 3108 1187 3147 eo
1213 3094 1377 3164 quod
1397 3109 1514 3147 non
1547 3093 1781 3164 expleta
1805 3093 1981 3163 plane
2003 3093 2149 3162 lege,

2267 3090 2324 3145 δὲ
2362 3098 2451 3145 καὶ
2483 3094 2568 3144 ἐπὶ
2626 3101 2687 3165 τῇ
2742 3100 2832 3144 τοῦ
2866 3092 3045 3145 Νάϐαλ
3100 3098 3374 3165 καταιρόρῳ
3418 3094 3570 3166 ῥύμῃ
3606 3098 3699 3143 καὶ
3726 3093 3865 3163 ὀργᾷ,

508 3181 567 3237 in
591 3181 1068 3237 maledictionem
1093 3182 1383 3237 inciderit.
1402 3186 1669 3255 Namque
1691 3183 1918 3238 videtur
1931 3184 2155 3238 Pascha

502 3286 623 3326 non
652 3270 1065 3335 comedisse,et
1087 3270 1314 3343 aliquot
1332 3271 1480 3341 legis
1504 3278 1797 3344 praecepta
1817 3272 2150 3338 violavisse,

498 3373 620 3415 non
646 3363 835 3414 tamen
853 3375 987 3430 qua:
1001 3365 1139 3415 sunt
1157 3360 1404 3415 maximi
1430 3361 1890 3416 momenti.ltem
1903 3360 1973 3415 de
1988 3376 2149 3415 man-

499 3447 652 3502 datis
665 3464 799 3518 quze
812 3451 1098 3519 prascepit
1109 3448 1231 3505 ﬁlio
1250 3448 1550 3505 Salomoni
1569 3449 1640 3504 de
1654 3448 1797 3504 Joab
1810 3454 1864 3504 et
1878 3449 2057 3504 Semei
2073 3452 2154 3515 ;et

499 3550 571 3589 ex
598 3534 693 3589 his
720 3536 818 3590 Dei
841 3536 1061 3592 verbis:
1079 3540 1239 3593 «Non
1264 3538 1409 3593 mihi
1436 3538 1708 3593 institues
1730 3538 1980 3594 domum
2001 3554 2153 3611 quo-

498 3622 663 3679 niam
689 3624 777 3679 vir
806 3624 1167 3694 sanguinum
1198 3641 1262 3681 es
1288 3628 1355 3679 ’7.
1379 3648 1402 3677 »
1439 3626 1576 3682 Haec
1607 3628 1883 3699 quamvis
1906 3643 2150 3684 excusa-

499 3712 687 3769 tiones
704 3712 969 3769 habeant
988 3729 1124 3785 qua:
1158 3714 1397 3771 Davidis
1424 3716 1822 3772 innocentiam
1855 3721 2145 3782 tueantur,

500 3806 757 3859 attamen
774 3802 961 3875 primo
974 3808 1218 3875 aspectu
1238 3804 1435 3861 multis
1460 3805 1771 3862 obstacula
1794 3805 2063 3862 videntur
2076 3821 2149 3861 ne

501 3891 684 3947 David
715 3892 917 3949 fecerit
943 3897 1159 3949 cuncta
1196 3894 1528 3950 secundum
1582 3911 1683 3951 cor
1716 3895 1836 3950 Dei.

1015 4000 1340 4064 QUAZSTIO
1374 4001 1501 4058 CCC
1514 4004 1647 4060 XVI.

2264 3187 2353 3234 καὶ
2374 3184 2454 3233 ὅτι
2480 3187 2549 3253 μὴ
2580 3184 2747 3234 πάντα
2777 3185 2839 3234 τὰ
2870 3190 2959 3233 τοῦ
2985 3187 3143 3254 νόμου
3176 3181 3443 3252 φυλάττων
3471 3183 3581 3233 ὑπὸ
3610 3181 3741 3255 ἀράν
3769 3198 3869 3230 τινα

2265 3274 2469 3323 ἔπιπτεν
2490 3288 2502 3300 ·
2546 3274 2661 3323 οὔτε
2690 3276 2789 3343 γὰρ
2823 3275 2879 3322 τὸ
2914 3275 3113 3342 Πάσχα
3144 3276 3375 3342 φαίνεται
3420 3275 3633 3341 φαγὼν,
3666 3276 3755 3321 καὶ
3784 3270 3866 3320 οὐκ

2264 3360 2415 3431 ὀλίγα
2442 3368 2539 3412 τῶν
2567 3358 2614 3411 ἐν
2645 3369 2716 3430 τῷ
2761 3365 2919 3431 νόμῳ,
2971 3359 3064 3411 κᾶν
3097 3365 3167 3432 μὴ
3224 3363 3288 3411 τὰ
3317 3366 3522 3433 καίρια,
3580 3358 3868 3430 παραϐεϐα-

2266 3455 2485 3521 σμένος·
2518 3455 2606 3500 καὶ
2655 3452 2683 3507 ἠ
2740 3453 2872 3501 κατά
2902 3457 2992 3501 τοῦ
3030 3448 3183 3501 Ὶωὰϐ
3236 3445 3294 3500 δὲ
3342 3454 3431 3501 καὶ
3486 3456 3665 3521 Σεμεεὶ
3720 3444 3864 3500 δεδο-

2262 3543 2384 3610 μένη
2425 3536 2593 3597 ἐντολὴ
2624 3546 2694 3608 τῷ
2720 3536 2877 3590 παιδί
2903 3556 2913 3567 ·
2965 3544 3055 3590 καὶ
3088 3543 3166 3601 τὸ,
3201 3560 3228 3588 (ι
3262 3538 3335 3589 Οὐ
3372 3542 3436 3590 σῦ
3493 3536 3863 3611 οἰκοδομήσας

2261 3648 2348 3700 μοι
2385 3625 2543 3692 οἷκον,
2591 3630 2671 3679 ὅτι
2720 3627 2846 3700 ἀνὴρ
2882 3631 3113 3701 αἱμάτων
3146 3626 3219 3679 εἶ’
3282 3650 3306 3679 )›
3370 3627 3412 3679 εὶ
3462 3634 3557 3679 καὶ
3591 3632 3682 3687 τὰς
3708 3627 3864 3678 ἐπιλῦ-

2264 3736 2368 3778 σεις
2430 3721 2648 3789 ἔχουσιν
2700 3718 2772 3778 εἰς
2820 3717 3059 3769 αθωωσιν
3120 3723 3469 3788 περιιστωσας
3535 3720 3629 3769 τὸν
3690 3712 3861 3779 Δαϐὶδ,

2262 3805 2367 3858 ἀλλ’
2408 3804 2495 3858 οὖν
2522 3809 2654 3858 κατὰ
2684 3811 2739 3858 τὸ
2770 3811 3049 3879 πρόχειρον
3088 3806 3298 3867 πολλοῖς
3329 3803 3577 3877 ἐμποδὼν
3614 3810 3860 3871 ἵστανται,

2259 3901 2330 3968 μὴ
2375 3899 2509 3948 κατά
2540 3901 2630 3955 τὴν
2660 3893 2883 3970 καρδίαν
2932 3899 3102 3947 πάντα
3148 3895 3350 3947 τελέσαι
3396 3896 3559 3947 αὑτὸν
3594 3905 3687 3948 τοῦ
3719 3904 3858 3949 Θεον.

2799 4010 3113 4057 armum:
3152 3993 3318 4068 Τις.

1612 4102 1733 4157 Cur
1767 4116 1989 4157 manna
2016 4101 2079 4156 in
2112 4116 2296 4158 eremo
2333 4100 2541 4158 ἀθεωιο
2592 4101 2890 4159 ceciderit.

1700 4217 1851 4267 Edita
1884 4232 1915 4266 θ.
1945 4217 2081 4267 Maio
2116 4217 2171 4279 (l.
2205 4230 2251 4268 c.
2283 4232 2334 4281 p.
2365 4218 2474 4273 156,
2514 4231 2564 4265 n.
2601 4218 2729 4275 313).

566 4330 786 4386 Manna
808 4330 972 4402 quod
1005 4331 1064 4386 in
1087 4330 1320 4389 deserto
1387 4348 1563 4389 mane
1624 4332 1892 4388 lsraelitis
1941 4332 2149 4389 funde-

2329 4336 2398 4386 T6
2449 4330 2507 4386 δὲ
2538 4332 2585 4385 ἐν
2626 4342 2685 4407 τῇ
2739 4332 2914 4408 ἐρήμῳ
2964 4337 3101 4407 πρωί
3147 4335 3237 4406 μὲν
3288 4335 3346 4385 τὸ
3396 4335 3570 4405 μάννα
3611 4336 3857 4402 καταπέμ-

494 4418 687 4483 batur,
702 4423 1165 4491 etortygometra
1177 4437 1311 4493 qum
1327 4437 1573 4493 vespere
1600 4422 2146 4494 pluebat,eamdem

495 4508 573 4564 ad
604 4508 858 4579 ﬁguram
882 4510 1145 4564 attinent.
1176 4509 1392 4565 Manna
1427 4511 1669 4583 quidem
1697 4527 1873 4566 mane
1940 4510 2145 4566 funde-

492 4598 690 4666 batur,
719 4598 863 4669 quia
892 4597 1085 4667 ﬁgura
1124 4604 1246 4654 erat
1270 4599 1521 4655 caelestis
1560 4601 1755 4672 panis,
1782 4600 1993 4656 Christi
2048 4600 2146 4654 Dei

493 4686 821 4759 nostri,qui
845 4686 1079 4757 justitia:
1100 4687 1187 4742 sol
1205 4692 1261 4742 et
1284 4688 1423 4743 solis
1449 4694 1612 4744 ortus
1626 4689 2146 4746 nobisintenebris

492 4775 827 4847 jacentibus
859 4777 1156 4848 apparuit.
1203 4779 1347 4832 Cum
1388 4778 1565 4847 igitur
1624 4777 1897 4833 sensibile
1923 4794 2147 4834 manna

496 4865 683 4922 simile
714 4866 1008 4938 quiddam
1040 4866 1409 4924 habeathuic
1439 4868 1546 4923 soli
1579 4874 1632 4923 et
1663 4868 2144 4939 aurormjustitite

497 4957 910 5011 convenienter
942 4971 1118 5012 mane
1147 4956 1416 5012 funditur
1448 4964 1509 5012 ut
1558 4973 1729 5013 suam
1796 4973 1930 5011 cum
1981 4955 2143 5012 afﬁni

500 5059 608 5098 suo
648 5043 1097 5103 similitudinem
1126 5052 1332 5104 servet.
1381 5047 1791 5119 Ortygometra
1837 5062 1974 5101 vero
2030 5046 2144 5100 sub

498 5146 740 5203 vespere
788 5133 955 5206 pluit,
1024 5144 1084 5191 ut
1134 5138 1359 5193 hostias
1408 5138 1806 5193 lsraelitarum
1853 5136 2144 5191 sacriﬁcio

498 5222 782 5293 praebeat,
814 5238 953 5278 nam
980 5225 1108 5297 ipsa
1139 5227 1437 5298 ﬁgurabat
1466 5227 1692 5282 cultum
1722 5226 1813 5297 qui
1856 5226 2019 5298 apud
2048 5227 2147 5280 Ju-

500 5311 666 5367 daaos
696 5311 755 5366 in
786 5312 1043 5370 tenebris
1074 5320 1129 5371 et
1166 5316 1339 5388 quasi
1380 5318 1531 5372 inter
1580 5315 1837 5371 obscura
1884 5316 2147 5373 veritatis

502 5399 748 5470 vestigia
776 5400 980 5470 ﬁebat,
1012 5403 1334 5473 pinguibus
1388 5412 1444 5460 et
1517 5405 1769 5461 fumosis
1820 5406 2146 5477 vaporibus

2259 4424 2449 4475 πεσθαι
2503 4430 2574 4493 τῷ
2617 4422 2849 4495 Ἰσραὴλ,
2908 4423 3134 4495 ἑσπέρας
3189 4419 3247 4475 δὲ
3296 4427 3391 4481 τὴν
3442 4422 3851 4497 ὀρτυγομήτραν,

2258 4513 2501 4573 τοιαύτης
2546 4510 2793 4584 ἀναφθείη
2854 4511 2913 4563 ἆν
2948 4514 3195 4585 θεωρίαςο
3252 4515 3321 4564 Τό
3367 4516 3457 4583 μὲν
3509 4518 3685 4583 μάννα
3736 4514 3853 4583 πρωί

2258 4605 2577 4674 κατήρχετο,
2607 4603 2687 4653 ὅτι
2725 4606 2886 4663 τύπος
2919 4599 2978 4659 ἦν
3008 4610 3099 4653 τοῦ
3138 4602 3377 4673 οὐρανίου
3409 4602 3601 4675 ἄρτου,
3639 4607 3851 4674 Χριστοῦ

2256 4698 2345 4742 τοῦ
2377 4698 2509 4743 Θεοῦ
2561 4693 2728 4763 ἡμῶν,
2776 4690 2828 4752 ὃς
2876 4687 3219 4752 δικαιοσύνης
3265 4688 3442 4749 Ἥλιος
3494 4696 3590 4743 καὶ
3648 4690 3846 4745 ἀνατολὶ

2256 4780 2403 4837 ἡλίου
2462 4783 2585 4852 ἡμῖν
2649 4778 2949 4854 ἐπεδήμησε
3008 4789 3119 4843 τοῖς
3158 4780 3204 4833 ἐν
3255 4784 3468 4832 σκότει*
3504 4779 3619 4833 ἐπεὶ
3667 4778 3751 4833 οὖν
3787 4785 3847 4847 τῷ

2255 4877 2347 4930 τῆς
2399 4866 2925 4943 δικαιοσύνηςᾚλίῳ
2977 4874 3066 4922 καὶ
3116 4878 3177 4943 τῇ
3212 4868 3431 4940 ἀνατολῇ
3488 4871 3847 4942 παρεικάζεται

2255 4962 2311 5009 τὸ
2372 4958 2622 5016 αἰσθητὸν
2663 4962 2848 5031 μάννα,
2900 4960 3111 5019 εἰκότως
3165 4961 3368 5011 κάτεισι
3399 4962 3559 5031 πρωί,
3615 4969 3685 5029 τῷ
3731 4978 3842 5027 r747-

2254 5056 2387 5118 ’γενεῖ
2433 5053 2523 5105 τὴν
2586 5047 2860 5119 ἀναλογίαν
2929 5049 3217 5120 φυλάττονι
3275 5050 3304 5106 ἡ
3382 5044 3439 5099 δὲ
3494 5048 3842 5121 ὀρτυγομήτρα

2256 5141 2486 5189 κάτεισιν
2540 5138 2761 5212 ἑσπέρας
2816 5140 3112 5200 ζωοθυσίαν
3167 5146 3271 5198 τοῖς
3329 5138 3687 5210 Ἰσραηλίταις
3730 5137 3839 5193 7:):-

2255 5235 2441 5301 ροῦσα,
2486 5224 2662 5285 ἐπειδὴ
2716 5235 2808 5286 την
2865 5227 2912 5279 ἔν
2969 5238 3041 5299 τῷ
3098 5235 3236 5299 νόμῳ
3267 5223 3568 5301 παρεδήλου
3599 5227 3835 5297 λατρείαν.

2257 5320 2366 5377 ἣτις
2390 5316 2437 5368 ἐν
2479 5324 2651 5377 σκιαῖς
2689 5337 2739 5369 τε
2779 5323 2863 5369 καὶ
2924 5314 3299 5391 ἀμυδροτέροις
3346 5319 3525 5388 ἴχνεσι
3579 5325 3673 5377 τῆς
3725 5315 3836 5369 ἀλη-

2259 5408 2392 5465 θείας
2448 5405 2700 5459 ἐτελεῖτο·
2754 5410 2829 5459 ἓτι
2860 5404 2919 5460 δὲ
2967 5413 3056 5459 καὶ
3104 5410 3321 5459 κνίσσαι
3374 5410 3459 5457 καὶ
3513 5404 3669 5458 ἀτμοὶ
3693 5406 3834 5476 ζοφώ-

577 5558 623 5592 ³⁵
654 5556 802 5613 Psal.
831 5556 1109 5626 Lxxxvm,
1140 5556 1228 5611 28.
1264 5560 1309 5593 ³⁵
1342 5559 1537 5615 Matth.
1571 5576 1669 5625 vn,
1698 5564 1785 5614 2t.
1824 5562 1865 5595 ’τ
1901 5561 1942 5615 ll
1970 5563 2113 5633 Reg.
2146 5577 2261 5625 xvr,
2285 5561 2338 5615 8.
