4026 6206
163 319 319 378 1169

1019 321 1112 376 AD
1152 319 1705 378 AMPHILOCHIUM
1747 318 2077 388 QUAESTIO
2115 318 2680 376 CCCXVIl-CCCXX.

3417 319 3560 376 H70

162 439 290 506 δεις
348 440 442 496 διὰ
507 451 606 495 τῶν
676 445 916 516 θυμάτων
970 444 1279 517 έπελύγαζον
1336 449 1422 498 τὸν
1479 445 1638 520 ἀέρα·
1694 451 1784 498 καὶ

1893 446 2046 500 inter
2076 443 2365 500 sacriﬁcia
2394 461 2583 501 aerem
2615 443 3095 500 obscurantibus.
3133 444 3451 518 Meritoque
3481 447 3560 504 ad

160 532 390 594 εἰκότως
439 535 570 606 πρὸς
630 532 852 608 ἑσπέραν
900 538 957 586 τὸ
1007 537 1372 608 προχαράττον
1426 540 1520 593 τήν
1573 539 1784 607 νομικὴν

161 624 369 675 Θυσίαν
424 624 728 694 κατεφέρετο
805 629 914 685 τοῖς
989 623 1363 698 Ἰσραηλίταις
1424 627 1670 684 ὡσαύτως
1727 619 1786 674 δὲ

161 715 214 764 εἴ
261 731 344 772 τις
397 710 550 773 ἄλλος
595 710 830 770 έθελήσοι
871 711 1042 765 λαϐεῖν
1095 721 1246 766 τοῦτο
1297 716 1364 776 ὡς
1416 715 1787 786 προχάραγμα

156 810 267 864 τῆς
315 800 387 862 εἰς
433 804 661 874 Χριστὸν
711 805 956 868 πίστεως,
989 802 1081 854 οὐκ
1127 801 1188 854 ἂν
1242 809 1332 854 τοῦ
1374 803 1567 863 εἰκότος
1619 821 1784 874 παρα-

164 891 423 963 σγαλείη·
456 894 546 942 καὶ
576 897 669 942 τοῦ
715 896 956 962 σώματος
985 888 1045 944 δε
1082 900 1318 966 Χριστοῦ
1347 893 1372 944 6
1401 891 1569 944 λαϐὼν
1601 889 1785 944 έδίδου

163 989 288 1042 τοῖς
329 981 596 1052 μαθηταῖς
623 981 648 1031 6
677 984 852 1053 Σωτήρ
883 979 1060 1052 λέγων·
1107 1003 1134 1032 ι(
1163 982 1354 1053 Φάγετε
1379 983 1578 1045 πάντες,
1604 1001 1633 1033 ι)
1666 985 1786 1041 εἴτις

163 1073 521 1143 προτύπωσιν
570 1073 697 1142 φαίη
746 1073 804 1121 τὸ
849 1072 1036 1142 μάννα,
1072 1069 1293 1141 εὐλόγως
1336 1069 1396 1122 ἂν
1442 1071 1583 1145 εὖροι
1622 1074 1680 1123 τὸ
1737 1069 1785 1122 ἐν

163 1165 236 1230 τῇ
299 1160 475 1230 πρωῖᾳ
522 1166 674 1210 τοῦτο
705 1159 950 1230 φέρεσθαι
993 1166 1098 1220 τοῖς
1143 1159 1515 1232 Ἰσραηλίταις
1567 1162 1785 1232 καὶγὰρ

160 1249 199 1305 ἡ
255 1246 510 1305 καθολική
563 1254 655 1300 τοῦ
700 1254 833 1300 Θεοῦ
887 1247 1192 1315 Ἐκκλησία,
1239 1256 1388 1301 τοῦτο
1437 1254 1548 1301 νυνὶ
1593 1245 1786 1321 διαφυ-

159 1335 372 1403 λάττει,
415 1335 464 1388 έν
501 1345 574 1408 τῷ
629 1344 721 1398 τῆς
772 1339 973 1410 πρωίας
1025 1347 1194 1413 καιρῷ
1235 1343 1330 1396 τήν
1381 1340 1518 1411 ἱερὰν
1568 1343 1658 1391 καὶ
1695 1358 1786 1390 κα-

168 1428 344 1498 θαρὰν
374 1431 465 1479 καὶ
493 1425 813 1499 ἀναίμακτον
853 1429 1037 1480 θυσίαν
1085 1435 1516 1500 μυσταγωγοῦσα
1561 1433 1651 1481 καὶ
1693 1433 1786 1486 τήν

165 1523 267 1567 τοῦ
295 1520 557 1587 παναγίου
599 1518 896 1588 Πνεῦματος
925 1519 1087 1589 χάριν
1118 1514 1460 1589 ἐκδεχομένη.

736 1612 1011 1660 ΕΡΩΤΗΣῙ
1020 1613 1050 1659 Σ
1088 1605 1232 1660 ΤῙΖ’.

1899 550 2208 607 vesperam
2277 534 2442 605 quod
2506 534 2784 605 legitima:
2853 538 2980 589 erat
3054 533 3309 590 victimas
3365 536 3559 608 ﬁgura

1894 623 2165 678 Israelitis
2204 628 2611 694 ortygometra
2649 622 3050 678 differebatur.
3094 623 3316 678 Eodem
3375 626 3558 682 modo

1895 728 2015 768 non
2066 728 2102 768 a
2153 712 2540 783 conjiciendis
2592 713 2939 768 abhorreret
2994 712 3097 782 qui
3151 712 3263 768 hoc
3295 719 3560 771 censeret

1895 801 2394 874 praenuntiavisse
2421 801 2599 856 ﬁdem
2643 801 2696 854 in
2731 799 3049 856 Christum.
3094 804 3320 872 Corpus
3358 808 3558 858 autem

1897 892 2109 948 Christi
2139 891 2304 964 quod
2341 897 2656 963 postquam
2701 890 2960 962 cepisset
3002 890 3262 946 Christus
3295 891 3562 948 Salvator

1897 979 2854 1053 nosterdiscipulisdeditdicens:
2879 979 3213 1035 «Comedite
3227 995 3436 1036 omnes
3449 984 3552 1034 ³⁸.»

1898 1070 1955 1127 Si
1985 1072 2120 1143 quis
2151 1071 2600 1142 prmﬁguratum
2627 1084 2756 1124 esse
2780 1084 3005 1124 manna
3021 1069 3262 1135 diceret,
3291 1075 3556 1128 censeret

1898 1176 2123 1216 manna
2142 1161 2352 1216 merito
2372 1159 2649 1216 Israelitis
2660 1174 2838 1215 mane
2855 1157 3107 1214 allatum
3122 1173 3268 1224 esse;
3289 1175 3555 1233 namque

1897 1249 2194 1306 catholica
2225 1249 2325 1304 Dei
2358 1248 2612 1305 Ecclesia
2649 1263 2879 1304 morem
2937 1247 3100 1303 hunc
3150 1248 3329 1302 hodie
3369 1249 3548 1305 etiam

1896 1338 2176 1395 observat
2197 1355 2336 1394 cum
2356 1353 2532 1395 mane
2546 1343 2820 1394 sanctum
2844 1351 3184 1409 purumque
3209 1341 3266 1392 et
3280 1337 3553 1394 incruen-

1899 1431 2022 1482 tum
2084 1427 2446 1484 sacriﬁcium
2534 1427 2802 1493 celebret,
2886 1430 3131 1498 accepta
3204 1425 3554 1483 sanctissimi

1896 1517 2148 1588 Spiritus
2169 1517 2358 1588 gratia

2413 1604 2741 1672 QU/ESTIO
2781 1604 3059 1660 CCCXVII

897 1705 1050 1755 Edita
1078 1720 1109 1754 a
1139 1705 1276 1756 Maio
1312 1705 1365 1762 (ι.
1399 1720 1442 1755 c.
1477 1720 1528 1768 p.
1567 1706 1676 1761 156,
1709 1705 1798 1754 157

1895 1739 1908 1751 .
1941 1705 2070 1767 314).
2105 1731 2166 1739 -
2201 1703 2258 1752 In
2291 1704 2413 1754 Gen.
2447 1715 2593 1760 XVII,
2624 1705 2652 1752 2
2686 1717 2834 1768 seqq.

239 1793 328 1846 Ἐν
357 1797 530 1866 μέντοι
559 1802 649 1865 τῷ⁸
681 1813 710 1844 ι(
744 1799 908 1852 Θήσω
937 1799 1031 1852 τήν
1072 1791 1335 1853 διαθήκην
1365 1814 1464 1866 μου
1497 1793 1591 1846 ἆνὰ
1620 1798 1776 1866 μέσον

1960 1797 2022 1848 In
2049 1794 2164 1849 hoc
2179 1794 2383 1857 verbo,
2417 1815 2437 1842 ‹
2469 1794 2728 1850 Statuam
2768 1797 3008 1864 pactum
3041 1807 3245 1848 meum
3275 1791 3426 1847 inter
3457 1808 3552 1848 me

161 1883 302 1954 έμοῦ
339 1887 429 1934 καὶ
473 1890 568 1936 σοῦ
595 1902 623 1934 ν
654 1886 786 1958 πρὸς
829 1886 916 1935 τὸν
947 1883 1186 1957 Ἀϐραὰμ
1214 1883 1481 1955 εἰρημένῳ,
1515 1880 1776 1942 διαθήκην

161 1975 260 2043 μὲν
307 1974 374 2023 τὰ
401 1979 488 2023 νῦν
530 1976 621 2030 τὴν
669 1977 953 2044 περιτομήν
999 1969 1199 2030 δηλοῖ·
1235 1975 1290 2024 τὸ
1333 1971 1410 2038 δὲ,
1457 1974 1580 2024 Ἀνὰ
1617 1977 1775 2045 μέσον

162 2063 298 2133 έμοῦ
330 2067 420 2114 καὶ
463 2070 582 2129 σοῦ,
613 2065 693 2115 ὃτι
739 2064 878 2122 Αὕτη
926 2062 1020 2136 έμή
1069 2060 1300 2122 διαθήκη
1341 2067 1638 2136 μεσιτεῦσει
1677 2063 1775 2136 ἀμ-

164 2158 284 2224 φοῖν
353 2151 665 2223 ἀναμεταξὺ,
719 2153 797 2205 ὅτι
874 2149 1118 2224 ἀψευδεῖς
1187 2172 1271 2206 σοι
1344 2155 1400 2205 αἱ
1471 2153 1592 2225 παρ’
1651 2152 1773 2224 ἐμοῦ

161 2245 379 2293 ἔσονται
410 2239 731 2312 έπαγγελίαι·
768 2261 796 2292 ››
825 2238 1050 2294 δύναται
1081 2237 1138 2295 δε
1162 2245 1240 2309 τὸ,
1269 2265 1297 2293 ιι
1324 2242 1450 2296 Ἀνὰ
1471 2246 1628 2312 μέσον
1650 2241 1774 2314 ἐμοῦ

160 2335 257 2382 καὶ
305 2349 399 2382 σου
430 2351 458 2382 »
492 2335 581 2383 καὶ
623 2335 878 2402 χρονικήν
917 2350 1033 2383 τινα
1077 2333 1373 2405 παράτασιν
1418 2333 1770 2403 ὑπεμφαίνειν,

157 2423 253 2472 καὶ
324 2422 520 2476 ταύτην
583 2423 627 2472 εἶ
690 2439 769 2481 τις
832 2419 1003 2490 ἔμελλε
1077 2427 1134 2492 τῇ
1211 2428 1462 2492 περιτομῇ
1542 2440 1772 2494 παραμε-

159 2509 432 2582 τρεῖσθαι,
463 2510 671 2560 ὡσανεί·
701 2507 759 2560 Ὀ
806 2513 900 2566 τὴν
939 2511 1064 2582 πρὸς
1111 2512 1167 2561 σὲ
1209 2514 1320 2561 νυνὶ
1360 2506 1621 2568 διαθήκην
1653 2529 1772 2562 συν-

162 2599 318 2657 ιστὰς
370 2596 493 2667 ἐγὼ,
547 2599 695 2649 ἔσται
760 2599 840 2650 ὅτε
897 2603 1184 2669 γενήσομαι
1243 2599 1538 2670 ἄνθρωπος’
1595 2604 1684 2650 καὶ
1737 2601 1766 2657 ἠ

160 2683 404 2743 διαθήκη
449 2705 550 2758 μου
582 2686 714 2744 αὕτη
755 2688 872 2744 ήτοι
911 2687 940 2744 ἡ
988 2691 1240 2759 περιτομή
1277 2685 1375 2738 ὄιπό
1417 2695 1512 2740 σοῦ
1541 2692 1632 2746 τήν
1676 2686 1770 2762 ἁρ-

155 2779 274 2847 χήν
317 2773 573 2839 λαϐοῦσα,
603 2779 794 2849 μέχρις
839 2774 962 2848 ἐμοῦ
1009 2773 1420 2849 διακρατήσασα
1453 2776 1595 2840 λήξει
1625 2797 1636 2809 ⁸
1680 2783 1768 2830 καὶ

155 2867 265 2937 γὰρ
324 2866 456 2936 μετὰ
511 2869 605 2922 τήν
667 2869 950 2938 περιτομὴν
1017 2872 1108 2917 τοῦ
1179 2870 1438 2918 Δεσπότου
1510 2873 1764 2940 Χριστοῦ,

157 2955 339 3006 οὐκέτι
393 2958 577 3025 χώραν
647 2956 804 3026 ἔσχεν
863 2956 892 3012 ή
949 2957 1085 3006 κατὰ
1155 2959 1313 3026 νόμον
1382 2959 1623 3026 γενομένη
1679 2964 1769 3016 τῆς

155 3041 516 3116 ἀκροϐυστίας
561 3049 833 3118 περιτομήν
885 3041 989 3094 ἀλλ’
1043 3047 1159 3096 ὅσοι
1203 3047 1624 3120 περιετμήθησαν
1681 3049 1769 3097 καὶ

1886 1887 1940 1938 et
1971 1887 2045 1947 te,
2065 1903 2089 1933 υ
2116 1881 2418 1938 Abraham
2447 1882 2623 1946 dicto,
2662 1884 2812 1938 Deus
2841 1881 3099 1937 ostendit
3125 1879 3280 1952 pacti
3311 1880 3552 1953 quidem

1886 1973 1974 2027 sui
2003 1973 2244 2040 signum
2277 1987 2408 2026 esse
2434 1971 2971 2026 circumcisionem.
2999 1971 3118 2025 Hoc
3147 1985 3307 2033 vero,
3337 1989 3365 2022 «
3397 1971 3554 2026 Inter

1887 2076 1981 2116 me
1998 2064 2055 2116 et
2076 2065 2148 2126 te,
2171 2082 2197 2108 »
2223 2059 2380 2115 hanc
2404 2059 2525 2114 vim
2545 2059 2727 2116 habet
2759 2075 2771 2113 :
2798 2062 3035 2130 «Ipsum
3069 2075 3271 2114 meum
3305 2065 3551 2129 pactum

1885 2150 1942 2204 in
1976 2150 2174 2204 medio
2215 2149 2324 2203 erit
2375 2147 2528 2204 inter
2565 2164 2676 2204 nos
2705 2148 2995 2221 quoniam
3027 2163 3176 2203 mete
3216 2163 3337 2203 non
3376 2151 3552 2203 erunt

1883 2238 2047 2294 falsae
2071 2237 2522 2310 promissiones.
2556 2257 2583 2289 »
2608 2237 2806 2294 Potest
2834 2253 3078 2309 quoque
3094 2237 3206 2292 hoc
3233 2258 3252 2287 ε
3275 2236 3432 2292 Inter
3455 2251 3549 2292 me

1881 2333 1938 2383 et
1965 2333 2017 2383 te
2052 2348 2077 2379 »
2111 2327 2371 2398 spatium
2403 2326 2688 2398 temporis
2725 2325 3061 2396 designare,
3105 2325 3288 2398 quod,
3331 2325 3378 2380 si
3409 2325 3546 2398 quis

1883 2415 2488 2472 velitcircumcisione
2516 2415 2727 2479 metiri.
2753 2414 3076 2470 habebitur
3099 2417 3251 2470 Deus
3268 2414 3397 2470 haec
3430 2413 3549 2469 fere

1881 2507 2084 2562 dicens
2115 2523 2127 2560 :
2157 2505 2402 2562 Pactum
2434 2505 2599 2578 quod
2621 2520 2733 2574 ego
2760 2504 2956 2577 pepigi
2989 2511 3184 2560 tecum
3216 2504 3323 2559 erit
3355 2519 3548 2576 usque

1881 2595 1959 2651 ad
1979 2602 2214 2668 tempus
2244 2611 2365 2665 quo
2386 2594 2571 2650 homo
2592 2593 2757 2649 ﬁam.
2792 2596 2857 2650 Et
2879 2609 3081 2649 meum
3110 2600 3364 2664 pactum,
3399 2591 3553 2649 scili-

1879 2689 1971 2740 cet
1999 2685 2372 2740 circumcisio
2410 2699 2546 2756 qua:
2594 2699 2630 2739 a
2681 2687 2734 2738 te
2791 2682 3027 2754 incipiet
3081 2697 3273 2753 usque
3321 2682 3396 2738 ad
3451 2697 3548 2738 me

1881 2774 2122 2845 vigebit.
2181 2773 2406 2829 Etenim
2466 2777 2599 2844 post
2666 2771 2901 2828 Domini
2961 2771 3172 2828 Christi
3239 2771 3548 2828 circumci-

1878 2864 2128 2929 sionem,
2152 2863 2379 2918 nullam
2405 2863 2532 2933 jam
2546 2861 2757 2917 habuit
2783 2862 2982 2917 locum
3024 2861 3292 2933 prmputii
3315 2875 3546 2916 secun-

1878 2954 2021 3008 dum
2047 2952 2236 3022 legem
2262 2951 2652 3007 circumcisio.
2681 2950 2798 3006 Sed
2813 2967 2991 3022 quam
3021 2949 3188 3006 multi
3214 2949 3546 3005 circumcisi

1879 3047 2015 3096 sunt
2045 3046 2167 3096 tam
2204 3039 2369 3095 multi
2401 3045 2608 3095 contra
2636 3039 2827 3109 legem
2853 3058 2865 3106 ;
2895 3039 3022 3095 haec
3062 3043 3264 3094 autem
3295 3037 3545 3093 circum-

155 3139 582 3206 παρανομοῦντες
631 3134 1094 3204 περιετμήθησαν·
1126 3134 1155 3191 ή
1203 3129 1261 3186 δὲ
1298 3135 1442 3208 παρὰ
1487 3142 1599 3204 Θεῷ
1649 3137 1768 3206 ὡρι-

1892 3129 2026 3186 zisio
2057 3145 2092 3185 a
2125 3132 2241 3185 Deo
2273 3127 2566 3201 praefinita
2614 3128 2674 3184 in
2705 3129 2838 3200 ipso
2867 3127 3094 3185 Christo
3133 3126 3316 3183 ﬁnem
3338 3126 3540 3184 habet.

160 3225 326 3292 σμένη
373 3225 621 3294 περιτομή
653 3220 701 3272 ἐν
733 3221 874 3292 αὐτῷ
904 3225 1164 3274 πέπαυται
1193 3231 1262 3293 τῷ
1293 3230 1526 3295 Χριστῷ.

717 3316 1032 3364 ΕΡΩΤΗΣΙΣ
1071 3311 1222 3364 ΤΙΗ’.

153 3403 252 3452 Διὰ
302 3405 353 3451 τί
403 3399 711 3473 ἐπετίμησεν
743 3401 768 3451 6
815 3400 1022 3462 Ἰησοῦς
1069 3409 1140 3470 τῷ
1185 3405 1380 3473 Πέτρῳ,
1414 3403 1499 3452 τὸν
1551 3402 1766 3453 θάνατον

646 3468 712 3523 δυ
721 3491 814 3524 σαν
821 3468 1136 3543 ασχετοῦντι
1160 3473 1211 3542 (1
1226 3474 1240 3540 )
1262 3489 1276 3539 ;

2023 3290 2344 3356 QU/ESTIO
2382 3289 2679 3346 CCCXVIII
2713 3288 2920 3362 [CoisL
2958 3289 3140 3344 Taur.
3185 3287 3398 3359 XCIII].

1879 3381 2072 3447 Quare
2096 3383 2265 3436 Jesus
2296 3381 2559 3440 Petrum,
2591 3381 2836 3434 mortem
2867 3379 2997 3444 eius
3025 3393 3182 3447 aegre
3227 3378 3539 3447 ferentem,

2518 3466 2846 3536 increpavit
2875 3467 2903 3522 ?

504 3569 779 3632 Editarum
809 3584 841 3620 a
863 3569 1056 3620 Wolfio
1081 3569 1496 3635 quadragesima
1524 3572 1716 3636 quinta
1743 3569 1891 3632 (Cur.
1925 3568 2133 3624 Philol.,
2166 3571 2203 3616 t.
2236 3568 2299 3625 V,
2327 3581 2379 3632 p.
2412 3567 2523 3615 68‘.
2552 3565 2776 3617 Galland
2813 3580 2865 3628 p.
2891 3565 3000 3624 706,
3033 3577 3086 3613 n.
3121 3563 3192 3626 9).

224 3659 446 3731 Ὀτιπερ
503 3659 546 3710 εἰ
615 3665 704 3711 καὶ
767 3660 958 3734 φίλτρῳ
1028 3661 1215 3724 ζέοντι,
1275 3664 1363 3712 καὶ
1428 3669 1618 3734 στοργῇ
1684 3660 1767 3732 ἔμ-

150 3751 307 3820 πύρῳ
365 3743 534 3800 έδόκει
588 3755 904 3820 προαγαγεῖν
943 3751 1000 3799 τὸ
1049 3749 1213 3822 ῥῆμα,
1266 3748 1371 3799 ἀλλ’
1431 3746 1518 3800 οὖν
1570 3745 1766 3808 ἡδονὴν

153 3841 326 3911 ἔφερεν
381 3845 452 3906 τῷ
514 3833 760 3908 διαϐόλῳ.
817 3845 920 3890 Τοῦ
983 3840 1084 3911 γὰρ
1135 3842 1207 3908 μή
1267 3840 1446 3890 παθεῖν
1501 3842 1585 3890 τὸν
1637 3847 1762 3912 Χρι-

155 3929 305 3992 στὸν,
337 3922 524 3996 κέρδος
566 3923 626 3984 ἦν
656 3931 900 3999 μέγιστον
945 3934 1016 3997 τῷ
1059 3932 1279 3997 Σατανᾷ,
1311 3927 1399 3980 ait:
1431 3923 1497 3985 δὴ
1546 3936 1635 3987 τῆς
1664 3937 1762 3979 τῶν

155 4013 442 4088 ἀνθρώπων
482 4012 791 4088 τυραννίδος
829 4014 922 4068 οὐκ
975 4013 1309 4087 έξισταμένῳ.
1343 4019 1436 4067 Διά
1485 4022 1636 4067 τοῦτο
1675 4012 1761 4067 οὖν

151 4109 240 4157 καὶ
274 4105 306 4162 ή
339 4102 638 4176 ἐπιτίμησις
663 4103 800 4176 λέγει
825 4121 836 4134 ⁸
869 4123 897 4155 (ι
926 4102 1124 4174 Ὕπαγε
1170 4105 1339 4156 ὀπίσω
1381 4123 1501 4175 μου,
1536 4110 1755 4171 Σατανᾶ,

154 4189 296 4245 διότι
325 4192 386 4246 οῦ
411 4199 611 4266 φρονεῖς
639 4196 704 4246 τὰ
741 4201 834 4246 τοῦ
864 4201 1018 4248 Θεοῦ.
1066 4214 1091 4244 ι

1948 3659 2143 3714 Causa
2173 3659 2254 3713 rei
2286 3657 2414 3712 hinc
2445 3661 2551 3722 est,
2585 3655 2772 3727 quod,
2808 3655 3085 3728 quamvis
3113 3669 3183 3709 ex
3218 3652 3413 3710 calido
3460 3653 3543 3710 af-

1879 3748 2029 3804 fectu
2051 3751 2108 3804 et
2137 3762 2341 3803 amore
2372 3745 2623 3801 fervente
2654 3745 2735 3800 ita
2767 3744 2931 3816 loqui
2962 3743 3280 3806 videretur,
3325 3742 3538 3799 eadem

1876 3842 2075 3893 tamen
2107 3852 2290 3907 opera
2319 3834 2562 3890 diabolo
2616 3838 2850 3904 gratum
2908 3831 3185 3889 faciebat.
3245 3831 3538 3887 Christum

1873 3926 2032 3981 enim
2064 3940 2182 3980 non
2217 3923 2462 3996 perpeti,
2502 3923 2835 3978 maximum
2890 3921 3123 3976 lucrum
3181 3921 3540 3977 conciliabat

1873 4016 2124 4078 Satanae,
2186 4014 2259 4067 de
2310 4016 2591 4082 potestate
2649 4027 2760 4066 sua
2797 4012 2857 4065 in
2918 4010 3191 4065 homines
3223 4025 3536 4080 nunquam

1870 4102 2137 4174 alioquin
2179 4100 2576 4156 deturbando.
2641 4100 2958 4172 Propterea
3007 4099 3176 4154 etiam
3211 4097 3537 4170 increpatio

1870 4191 1950 4246 ita
1989 4190 2290 4247 habebat:
2327 4208 2353 4239 «
2400 4187 2742 4257 Retrocede,
2807 4190 3048 4252 Satana,
3116 4201 3312 4258 neque
3378 4187 3535 4245 enim

1883 4280 2046 4350 sapis
2068 4295 2159 4347 ea,
2183 4295 2317 4351 quas
2347 4277 2444 4334 Dei
2474 4278 2698 4336 sunt”.
2726 4299 2750 4328 ι

1196 4371 1512 4437 ουλεετιο
1555 4370 1801 4428 CCCXIX
1843 4369 2044 4443 [Coisl.
2081 4370 2259 4426 Taur.
2304 4367 2503 4442 XCIV].

1267 4471 1349 4525 De
1379 4469 1678 4526 Absalomi
1715 4469 2011 4525 seditione.
2060 4499 2127 4510 —
2171 4467 2416 4523 Inedita.

152 4571 215 4625 Ti
276 4573 521 4640 σημαίνει
602 4571 629 4626 ὂ
694 4575 786 4620 τοῦ
859 4567 1142 4641 ’Δϐσαλὼμ
1199 4575 1268 4638 τῷ
1349 4571 1507 4640 πατρὶ
1573 4566 1764 4620 ἐπανά-

864 4659 1048 4702 στασις
1072 4656 1086 4706 ;

222 4733 332 4788 Τήν
390 4736 491 4781 τῶν
548 4725 820 4782 Ἰουδαίων
879 4729 1119 4793 εἰκονίζει
1181 4731 1315 4781 κατὰ

149 4821 530 4873 ἕπανάστασιν.
544 4859 556 4873 .
568 4861 580 4872 .
591 4861 602 4872 .

1385 4736 1474 4780 τοῦ
1532 4735 1762 4803 Σωτῆρος

723 4913 1035 4962 ΕΡΩΤΗΣΙΣ
1073 4905 1197 4960 TK'.

145 5003 269 5058 Πῶς
289 4997 375 5062 (2)
402 4994 747 5068 ἐντελλόμενος
769 4997 794 5048 6
823 5001 998 5068 Σωτήρ
1028 4999 1224 5056 πάντας
1243 4993 1473 5068 ἀγαπᾷν,
1503 4995 1758 5048 ἐπιτάττει

217 5072 436 5139 πέμπων
465 5064 856 5140 τοῦςμαθητὰς
882 5064 1039 5130 εἰς’τό
1071 5064 1338 5140 κήρυγμα,
1364 5064 1567 5138 μηδένα
1588 5067 1757 5118 ἀσπά-

217 5135 412 5200 ζεσθαι
443 5141 575 5191 κατὰ
598 5135 690 5196 τήν
720 5135 844 5192 ὁδόν
867 5156 879 5202 ;

1946 4566 2098 4633 Quid
2115 4567 2410 4638 signiﬁcat
2435 4565 2746 4623 Absatomi
2769 4569 2980 4621 contra
3019 4567 3253 4633 patrem
3289 4560 3538 4619 seditio?

1943 4727 2178 4796 Figurat
2241 4726 2573 4782 Judaeorum
2639 4726 2995 4782 seditionem
3063 4727 3272 4781 contra
3329 4723 3532 4782 Salva-

1874 4822 2399 4972 ίοωᾙιέιὺἑετιο
2432 4905 2646 4962 cccxx
2678 4903 2877 4978 [σοίει.
2929 4905 3108 4960 Taur.
3141 4902 3325 4978 XCV].

1871 4996 2164 5062 Quomodo
2193 4997 2477 5052 Salvator
2523 5001 2741 5062 noster,
2782 5009 2980 5066 omnes
3037 5007 3244 5066 amare
3288 4993 3528 5066 jubens,

1938 5067 2260 5133 discipulos
2294 5073 2490 5123 tamen
2519 5082 2648 5122 suos
2677 5066 2758 5122 ad
2784 5065 3232 5134 praedicandum
3271 5065 3528 5134 mittens,

1937 5139 2230 5207 praecipit,
2266 5153 2340 5194 ne
2368 5154 2539 5210 quem
2572 5139 2634 5193 in
2666 5137 2762 5194 via
2800 5139 3066 5194 salutent
3092 5138 3139 5172 ‘0
3163 5137 3191 5190 ‘I

370 5236 642 5287 Editarum
679 5250 711 5286 a
759 5236 955 5286 Wolﬁo
985 5235 1400 5300 quadragesima
1416 5238 1732 5293 sexta(Cur.
1769 5237 1976 5292 Philol.,
2009 5242 2052 5286 t.
2097 5237 2156 5292 V,
2183 5251 2234 5300 p.
2267 5237 2376 5285 684.
2409 5234 2652 5292 Galland,
2687 5250 2738 5299 p.
2764 5236 2874 5291 706,
2907 5249 2960 5284 n.
2997 5236 3074 5291 10,
3112 5249 3165 5300 q.
3192 5237 3291 5286 9b).

754 5329 895 5378 ἔστιν
980 5323 1182 5377 ἐναντία
1263 5333 1428 5377 ταῦτα
1498 5325 1748 5383 ἀλλήλων.

931 5433 978 5467 ³⁸
1009 5431 1208 5488 Matth.
1243 5447 1362 5498 xw,
1394 5437 1484 5488 23.

214 5322 389 5390 Ἐδει,
443 5328 523 5378 ὃτι
591 5326 684 5379 οὐκ

213 5434 265 5468 ⁸⁸
291 5431 491 5489 Matth.
535 5448 696 5499 xxvn,
725 5435 816 5489 26.

1933 5330 2196 5394 Noverat,
2219 5341 2289 5381 ea
2308 5324 2422 5381 sibi
2454 5325 2710 5380 invicem
2729 5340 2850 5381 non
2881 5324 3208 5383 adversari.
3233 5325 3529 5399 Amplexi—

1597 5436 1646 5470 ⁴⁰
1677 5435 1816 5489 Luc.
1851 5452 1906 5499 χ,
1941 5438 1993 5490 4.

1726 5533 1952 5590 NOTAE.

211 5639 298 5709 (1)
339 5639 511 5696 Deest
536 5637 599 5696 in
637 5636 773 5696 cod.
808 5636 974 5695 Colb.

1929 5639 2005 5711 (2)
2040 5637 2420 5696 Desideratur
2447 5641 2503 5696 et
2531 5638 2645 5697 hoc
2670 5653 3029 5713 responsum
3057 5637 3116 5694 in
3151 5635 3314 5692 Colb.
