4026 6206
37 272 203 341 1189

125 408 442 478 Origenes,
471 423 533 478 q.
562 409 605 474 Ι,
632 423 691 464 c.
735 411 822 474 33,
855 410 1005 476 LXX,
1037 411 1255 468 CCXXI.

125 479 324 552 Plato,
351 496 410 552 q.
443 479 706 544 LXXVII,
737 480 892 552 XCII,
921 480 1223 539 LXXXIII.

124 551 589 624 Polycbifonius,
622 551 840 624 nottiin
874 567 936 624 q.
965 554 1114 609 CLII.

124 621 474 694 Sophocles,
508 638 569 694 q.
607 621 903 678 LXXXIIIL

126 693 562 766 Symmachus,
593 709 655 766 q,
691 694 888 760 XXIII,
917 696 1028 760 XL,
1067 697 1240 764 XLII,
1269 697 1450 754 CLIV.

1228 275 1666 345 FRAGMENTA
1712 274 1783 345 IN
1823 279 2272 350 MATTHEUM.

3290 296 3430 368 1190

121 765 695 846 Ineodoretusnot.
739 766 901 846 adq.
936 768 1162 846 XXXVI,
1195 769 1466 846 c_cx1._1x,
1499 769 1790 846 CCLXXII,
1823 774 2141 846 CCLXXIV,
2176 777 2477 835 CCLXXXI.

121 835 478 913 Ilieodorus
510 835 983 913 Mopsuestenus,
1015 843 1140 894 not.
1174 841 1250 897 ad
1281 856 1340 913 q.
1379 842 1419 909 I,
1453 857 1504 898 c.
1535 842 1720 901 32-33.

119 907 522 973 Theodotion,
555 907 616 980 q;
649 909 756 974 XL,
798 908 979 967 CLIV.

41 1060 3124 1089 2—m—

42 1077 3124 1106 Ἣ

816 1194 1332 1321 ΡΗΟΤΙΙ
1423 1200 2412 1326 ΡΑΤΒΙΑΒΩΗᾸΕ
2497 1207 2698 1330 CP.

500 1455 1484 1617 COMMENTARIORUM
1577 1464 1686 1616 IN
1775 1464 2122 1622 NOVIJM
2218 1467 2981 1628 TESTAMENTIIM

1420 1714 1587 1782 QUAE
1628 1717 2064 1778 SUPERSUNT.

735 2035 1526 2129 FRAGMENTA
1637 2041 1772 2132 IN

1895 2041 2722 2140 ΜΑΤΤΗλΈυΜ.

805 2221 906 2293 (Ex
947 2223 1164 2281 Catena
1194 2223 1457 2281 Corderii
1485 2224 1672 2282 Graio.
1703 2225 1829 2283 Lat.
1865 2225 1926 2283 in
1954 2229 2150 2286 Matth.
2195 2234 2339 2290 tom.
2369 2233 2411 2299 Ι,
2445 2233 2664 2306 in-t‘ol.)

439 2516 682 2594 ’Δϐραὰμ
709 2516 943 2590 ἕγέννησε
965 2521 1050 2571 τὸν
1078 2517 1281 2574 Ἰσαάκ,

124 2609 346 2662 Φωτίου.
407 2606 646 2681 Ἀϐραὰμ
703 2604 797 2659 διὰ
847 2611 1066 2668 πίστεως
1119 2604 1427 2666 ἐδικαιώθη.
1481 2611 1661 2681 Τούτῳ

53 2694 112 2751 δε
161 2699 504 2751 πιστεύσαντι
555 2695 689 2754 εἶπεν
749 2698 774 2748 6
831 2702 980 2758 Θεὸς⁶
1035 2697 1284 2755 Πληθυνώ
1341 2702 1398 2750 τὸ
1453 2704 1662 2773 σπέρμα

54 2806 171 2852 σου,
215 2792 304 2840 καὶ
363 2783 522 2839 δώσω
585 2806 670 2839 σοι
716 2790 812 2847 τὴν
859 2794 980 2858 γῆν.
1037 2787 1143 2841 Καὶ
1205 2785 1253 2838 ἐν
1313 2792 1397 2840 σοὶ
1467 2787 1660 2842 ἐνευλο-

49 2879 380 2949 γηθήσονται
434 2882 605 2928 πᾶσαι
654 2877 708 2928 αἱ
767 2874 943 2948 φυλαί.
995 2875 1057 2927 Εἰ
1110 2876 1198 2927 οὖν
1256 2875 1424 2935 ἀληθῆ
1508 2880 1660 2950 φθέγ-

48 2985 198 3037 γεται
233 2967 260 3018 6
292 2969 442 3036 Θεὸς,
477 2969 566 3017 καὶ
626 2969 832 3040 σπέρμα
875 2962 1114 3040 Ἀϐραὰμ
1153 2966 1202 3016 οἱ
1233 2962 1484 3018 Ἰουδαῖοι
1511 2971 1658 3040 μόνοι

49 3057 436 3127 τυγχάνουσιν,
487 3054 628 3107 οὗτοι
681 3050 739 3107 δε
787 3057 903 3106 οὔτε
941 3062 1034 3115 τῆς
1072 3062 1168 3127 γῆς
1211 3053 1504 3127 ἐκράτησαν
1558 3063 1659 3108 πω-

48 3163 190 3207 ποτε,
250 3147 368 3197 οὔτε
411 3150 683 3218 κρατοῦσι⁶
741 3149 841 3196 ποῦ
895 3143 1009 3195 ἐστι
1057 3146 1118 3195 τὸ
1159 3151 1248 3196 τοῦ
1289 3150 1421 3196 Θεοῦ
1473 3143 1658 3207 ἀληθὲς

49 3237 109 3286 τὸ
157 3237 288 3309 πρὸς
350 3231 590 3308 Ἀϐραὰμ
653 3231 954 3306 εἰρημένον;
1023 3229 1161 3285 Ἀλλ’
1214 3231 1320 3285 ἕπεὶ
1401 3229 1656 3287 ἀδύνατον

49 3323 357 3394 ψεύσασθαι
411 3326 560 3391 Θεὸν,
618 3325 828 3398 φανερόν
886 3319 1044 3386 ἐστιν,
1086 3323 1168 3374 ὅτι
1219 3325 1313 3380 τὴν
1355 3331 1456 3374 τῶν
1504 3321 1656 3375 ἐθνῶν

45 3412 367 3472 Ἐκκλησίαν
419 3415 627 3486 σπέρμα
676 3409 909 3463 ἐκάλεσεν
970 3411 996 3462 6
1051 3414 1182 3471 Θεὸς
1235 3418 1323 3463 τοῦ
1393 3411 1654 3485 ’Δϐραάμ.

45 3508 209 3554 Τοῦτο
266 3497 327 3554 δὲ
393 3504 571 3572 γέγονε
629 3496 723 3553 διὰ
771 3507 862 3552 τοῦ
915 3498 968 3562 ἐξ
1021 3501 1181 3552 αὐτοῦ
1230 3499 1500 3573 μελλοντος
1547 3521 1658 3572 γεν-

46 3593 270 3650 νηθῆναι
352 3597 609 3664 Χριστοῦ.
687 3589 772 3649 Εἰς
841 3589 896 3641 ὄν
989 3591 1345 3642 πιστεύσαντα
1396 3592 1460 3643 τὰ
1536 3593 1654 3650 ἔθνη

50 3684 261 3753 σπέρμα
315 3677 559 3752 ’Δϐραᾰμ
606 3676 921 3745 ἐκλήθησαν,
977 3676 1036 3730 ού
1081 3681 1220 3750 νόμῳ
1277 3681 1497 3752 φύσεως,
1531 3679 1658 3734 ἀλλὰ

49 3770 257 3842 χάριτι.

1937 2524 2070 2580 CAP.
2107 2526 2148 2578 Ι.
2183 2525 2351 2584 Vens.
2383 2530 2436 2582 2.
2497 2528 2808 2587 Abraham
2835 2532 3034 2602 genuit
3063 2532 3250 2590 Isaac.

1840 2612 2052 2669 Photii.
2081 2614 2386 2672 Abraham
2419 2631 2518 2687 per
2554 2616 2734 2674 ﬁdem
2749 2619 3109 2690 justiﬁcatus
3135 2627 3242 2678 est.
3277 2622 3423 2679 Huic

1769 2716 1946 2772 porro
1973 2703 2100 2773 jam
2124 2703 2384 2760 credenti
2407 2705 2759 2763 dixitDeus:
2791 2708 3202 2780 Multiplicabo
3235 2726 3422 2768 semen

1768 2797 1955 2862 tuum,
1989 2797 2043 2847 et
2068 2791 2220 2848 dabo
2277 2793 2381 2849 libi
2437 2801 2670 2852 terram.
2719 2797 2799 2852 Et
2825 2797 2883 2852 in
2941 2803 2996 2854 te
3017 2798 3424 2856 benedicentur

1767 2894 1959 2934 omnes
1987 2880 2177 2938 tm‘bus
2204 2883 2244 2937 ¹.
2269 2881 2326 2937 Si
2351 2882 2526 2954 igitur
2556 2899 2699 2940 vera
2737 2884 2878 2941 dicit
2906 2886 3082 2952 Deus,
3125 2892 3183 2944 et
3213 2903 3420 2944 semen

1767 2967 2018 3024 Abrahae
2045 2970 2237 3026 Judaei
2268 2971 2378 3026 soli
2401 2976 2560 3041 sunt,
2585 2971 2639 3026 bi
2671 2988 2805 3029 vero
2852 2989 3048 3047 neque
3106 2980 3327 3033 terram
3348 2976 3410 3032 in

1768 3056 2026 3113 solidum
2051 3058 2432 3116 obtinuerunt
2457 3077 2749 3134 unquam,
2769 3076 2957 3133 neque
2979 3064 3108 3134 jam
3123 3064 3414 3122 obtinent:

1767 3145 1871 3201 ubi
1893 3150 1981 3203 est
2018 3148 2235 3204 veritas
2256 3147 2468 3205 divinae
2494 3149 2906 3221 promissionis
2917 3152 3170 3209 Abrahae
3191 3153 3365 3211 factm
3389 3155 3418 3210 ?

1768 3235 1881 3291 Sed
1920 3237 2200 3308 quoniam
2229 3237 2596 3310 impossibile
2623 3243 2714 3295 est
2753 3241 3065 3297 mentitum
3090 3243 3275 3298 Deum
3289 3259 3419 3300 esse

1764 3324 2149 3381 manifestum
2166 3331 2253 3383 est
2267 3325 2586 3382 Ecclesiam
2603 3328 2871 3398 gentium
2889 3330 3249 3402 appellatam
3266 3347 3414 3399 esse,

1765 3429 1803 3469 a
1829 3415 1948 3470 Deo
1973 3430 2178 3471 semen
2204 3415 2477 3472 Abrahae.
2522 3416 2644 3473 Hoc
2712 3423 2914 3474 autem
2971 3418 3296 3491 perfectum
3330 3427 3418 3478 est

1764 3517 1871 3574 per
1909 3519 2068 3568 eum,
2099 3505 2202 3576 qui
2232 3504 2559 3561 nasciturus
2586 3512 2711 3562 erat
2748 3522 2820 3562 ex
2852 3507 2984 3578 ejus
3007 3509 3208 3580 stirpe,
3255 3509 3416 3566 Chri-

1766 3597 1946 3648 stum.
1966 3591 2030 3648 In
2046 3608 2230 3664 quem
2252 3593 2556 3650 credentes
2582 3600 2788 3665 gentes
2815 3611 3022 3653 semen
3037 3595 3293 3654 Abrahaa
3314 3615 3416 3656 vo-

1763 3684 1909 3739 catae
1947 3685 2106 3746 sunt,
2145 3697 2268 3739 non
2301 3682 2514 3738 ratione
2542 3687 2794 3752 natura,
2837 3685 2943 3743 sed
2973 3685 3186 3756 gratia.

112 3863 300 3910 Ταῦτα
323 3852 385 3909 δὴ
402 3853 562 3937 αὐτοι)
582 3854 976 3937 ἐνθυμηθέντοῆ
1009 3851 1360 3937 Edon-diﬁc)“
1392 3860 1585 3924 Κυρίου

1774 3858 1934 3916 Vsas.
1975 3864 2065 3937 2_0.
2099 3863 2227 3937 Hac
2251 3868 2443 3918 autem
2490 3877 2574 3937 _eo_
2607 3863 2930 3937 cogitante,_
2981 3879 3113 3937 ecce
3169 3867 3416 3937 angelus

431 3928 545 3979 κατ’
578 3926 888 4000 ὃναρίὲφάνη
913 3928 1073 3999 αύτῷ,
1096 3926 1271 4000 λέγων.

111 4021 343 4071 Φωτίου.
375 4015 460 4076 Εἰς
508 4014 727 4088 ἀπορίαν
784 4019 1047 4077 καταστὰς
1093 4017 1118 4068 6
1167 4016 1361 4088 Ἰωσὴφ
1413 4021 1531 4092 περὶ
1565 4024 1655 4077 τῆς

44 4109 312 4182 Παρθένου
372 4104 466 4157 οὐκ
518 4105 779 4162 ἠπίστατο
833 4104 1072 4177 ἀσφαλῶς
1143 4109 1194 4156 τί
1248 4101 1330 4157 δεῖ
1388 4111 1477 4157 καὶ
1534 4101 1656 4158 δια-

40 4196 378 4269 πράξασθαι.
426 4194 737 4267 Ἀπορούντι
764 4191 824 4247 δὲ
854 4193 992 4266 αύτῷ
1023 4195 1168 4267 ὤφθη
1209 4195 1235 4246 6
1278 4193 1495 4266 ἄγγελος
1522 4193 1654 4246 λύων

41 4288 198 4339 αὑτοῦ
267 4288 366 4342 τὴν
418 4281 741 4356 ἀμηχανίαν,
803 4287 894 4336 καὶ
947 4284 1022 4336 ἔτι
1098 4285 1228 4358 πρὸς
1271 4287 1366 4342 τὴν
1413 4283 1654 4342 ἀλήθειαν

41 4372 278 4447 ὁδηγῶν.
348 4372 408 4426 Εἰ
457 4375 559 4444 γὰρ
612 4371 859 4444 ἐγίνωσκε
915 4377 1219 4446 παρανόμου
1284 4372 1469 4444 μίξεως
1527 4369 1656 4425 εἶναι

39 4469 129 4521 τὴν
183 4463 408 4528 κύησιν,
443 4463 560 4514 οὔτε
605 4461 775 4536 λάθρα
803 4463 864 4512 ἄν
914 4460 1181 4520 ἠϐουλήθη
1233 4459 1493 4513 ἀπολῦσαι
1539 4464 1656 4514 οὔτε

41 4559 301 4627 «φανερῶς,
359 4545 560 4612 δίκαιος
621 4552 712 4603 ὧν·
782 4549 910 4602 ἀλλὰ
988 4552 1155 4603 πάντα
1208 4559 1427 4609 ποιῆσαι
1481 4552 1582 4603 ὅσα
1629 4551 1654 4602 6

39 4650 194 4715 νόμος
248 4638 472 4698 ἐκέλευε.
516 4641 612 4694 Διὰ
667 4642 765 4716 γὰρ
839 4642 1034 4698 ταύτην
1081 4645 1174 4697 τὴν
1235 4639 1406 4692 αἰτίαν
1473 4641 1656 4714 ἠπόρει

42 4733 66 4783 ὁ
116 4732 349 4801 Ἰωσὴφ,
404 4733 494 4781 καὶ
545 4730 688 4802 ὤφθη
749 4729 774 4780 ὁ
823 4727 1043 4801 ἄγγελος
1091 4728 1261 4781 λύσων
1335 4728 1495 4781 αὐτοῦ
1560 4733 1655 4787 τὴν

42 4819 298 4892 ἀπορίαν.

481 5087 688 5161 Μαρίαν
721 5087 815 5145 τὴν
843 5083 1067 5158 γυναῖκά
1099 5104 1219 5142 σου.

117 5179 349 5232 Φωτίου.
405 5179 634 5226 Γυναῖκα
677 5181 768 5227 τοῦ
823 5173 1018 5247 Ἰωσὴφ
1075 5174 1220 5227 καλεῖ
1274 5176 1303 5234 ἠ
1361 5179 1533 5249 Γραφή
1560 5179 1653 5234 τὴν

116 5305 134 5340 ί
171 5303 322 5359 Gen.
359 5314 454 5368 xu,
490 5300 555 5356 17
589 5313 757 5372 seqq.

1977 3933 2223 3988 Domini
2241 3933 2523 4002 apparuit
2553 3935 2616 3989 in
2643 3938 2854 3990 somnis
2879 3935 2947 4000 ei,
2979 3936 3200 3994 dicens.

1834 4019 2046 4075 Photiz‘.
2080 4020 2331 4092 Ancipiti
2363 4019 2625 4092 Josepho
2656 4026 2712 4076 et
2737 4021 2894 4078 circa
2923 4022 3221 4092 Virginem
3290 4039 3416 4093 gra-

1762 4105 1967 4162 vidam
1995 4108 2158 4163 vario
2170 4108 2603 4177 cogitationum
2621 4107 3408 4181 aastuﬂuctuanti,apparuit

1764 4195 2012 4265 angelus
2044 4195 2495 4268 perplexitatem
2524 4194 2828 4268 explicans
2855 4199 3328 4270 omnem,reique
3354 4199 3414 4255 in

1764 4281 1953 4356 ipsius
1972 4284 2280 4341 veritatem
2298 4284 2545 4340 ducens.
2574 4284 2987 4341 Conﬂictatum
3005 4291 3203 4342 autem
3219 4287 3415 4358 ipsum

1764 4373 1825 4429 in
1856 4373 2196 4446 suspicione
2225 4374 2378 4440 sola,
2412 4374 2502 4430 vel
2522 4373 2664 4430 hinc
2703 4379 2954 4445 apparet
3009 4375 3210 4448 ;quod
3255 4376 3417 4433 velut

1765 4463 2164 4536 praajudicare
2188 4463 2521 4536 quidquam
2551 4478 2792 4529 cavens,
2827 4463 3057 4520 occulte
3115 4463 3415 4522 dimittere

1765 4552 1961 4624 ipsam
1989 4553 2176 4608 voluit
2209 4569 2421 4625 ;quam
2449 4553 2495 4608 si
2519 4551 2792 4608 adulterii
2820 4568 2958 4609 vere
2988 4569 3154 4610 ream
3180 4569 3418 4627 compe-

1766 4642 1960 4709 risset,
1988 4657 2098 4697 nec
2125 4642 2282 4699 clam
2307 4657 2418 4697 nec
2447 4641 2650 4714 palam
2679 4640 3042 4698 dimissurus
3068 4643 3282 4708 fuerat,
3328 4649 3417 4698 ut-

1767 4736 1904 4802 pote
1927 4731 2158 4802 justus:
2190 4731 2294 4786 sed
2321 4731 2496 4801 juxta
2527 4730 3106 4802 prmscriptumlegis
3127 4733 3202 4788 de
3219 4748 3292 4789 ea
3319 4733 3413 4790 fa-

1767 4825 1990 4876 cturus.
2007 4821 2153 4878 Haec
2168 4820 2436 4876 videlicet
2455 4818 3218 4893 dubitandicunctandique
3235 4837 3420 4878 causa

1765 4909 2022 4982 Josepho
2049 4909 2266 4966 exstitit
2303 4931 2314 4976 ;
2347 4909 2532 4979 digno
2581 4913 2896 4980 propterea
2916 4909 3011 4966 cui
3042 4909 3292 4982 angelus
3319 4925 3420 4983 ap-

1766 5013 1985 5069 parens
2021 4997 2455 5054 dubitationem
2486 5012 2731 5053 omnem
2755 4999 3119 5070 abstergeret
3171 4999 3274 5071 (I).

2085 5087 2349 5144 Mariam
2380 5088 2693 5156 conjugem
2747 5091 2932 5144 luam.

1833 5175 2048 5233 Photii.
2074 5177 2329 5233 Uxorem
2384 5173 2628 5246 Josephi
2665 5179 2836 5232 vocat
2868 5177 3172 5250 Scriptura
3237 5177 3422 5250 Virgi-

1630 5426 1860 5484 NOTAE.

118 5555 200 5627 (I)
237 5552 324 5612 Cf.
367 5551 769 5620 Quaastionem
804 5551 936 5610 XXII
965 5555 1022 5610 et
1051 5554 1113 5614 C.
