4060 6218
595 222 728 280 1191

1802 208 2043 273 PHOTII
2081 204 2558 270 PATRIARCHE
2595 208 2698 271 ΟΡ.
3802 212 3889 272 1192

592 366 747 417 nem,
783 347 947 421 quod
971 362 1041 402 ea
1065 344 1297 401 nullum
1326 344 1499 401 oﬂicii
1529 359 1738 414 genus,
1780 358 1903 415 quo
1931 343 2242 398 honestam

2357 342 2632 412 Παρθένον,
2667 343 2735 401 ὡς
2766 338 3065 412 φυλάξασαν
3096 337 3267 391 πάντα
3292 340 3356 390 τὰ
3380 345 3441 411 τῇ
3481 343 3707 411 σώφρονι
3741 351 3895 411 7mm

592 442 934 494 matronam
958 435 1246 490 adversus
1268 434 1461 489 virum
1491 449 1666 488 suum
1699 432 1867 503 fungi
1889 431 2074 497 decet,
2110 444 2248 499 erga

590 542 726 583 eum
759 523 1204 597 prastermiserit
1234 522 1331 591 (2).

666 614 831 679 Quod
854 613 1009 670 enim
1037 612 1096 666 in
1117 626 1185 669 ea
1206 616 1415 668 natum
1438 616 1543 679 est,
1574 610 1646 667 de
1661 610 1888 681 Spiritu
1907 614 2107 665 sancto
2138 612 2244 663 est.

662 772 884 830 Photii.
917 770 1005 827 Ad
1030 786 1134 827 eos
1162 770 1263 842 qui
1288 768 1438 826 forte
1454 773 1726 842 quaerant
1755 767 2152 841 quamobrem
2178 780 2250 821 ex

595 863 812 935 Spiritu
853 864 1062 916 sancto
1092 864 1417 931 conceptus
1471 858 1702 914 dicatur
1732 858 1992 913 Christus
2048 872 2061 911 :
2126 868 2249 910 non

592 952 752 1008 enim
772 950 947 1006 Filius
972 948 1245 1021 Spiritus,
1281 948 1387 1003 sed
1406 948 1592 1004 Patris
1616 947 1881 1003 Christus
1907 946 2020 1001 :sic
2048 959 2251 1000 occur—

591 1043 759 1105 ritur,
796 1039 1082 1111 Spiritum
1112 1037 1226 1093 dici
1262 1037 1545 1093 deitatem
1588 1051 1849 1105 omnem,
1883 1035 2055 1105 juxta
2091 1032 2252 1105 quod

595 1129 870 1187 Salvator
898 1130 1015 1183 ait:
1049 1126 1315 1196 Spiritus
1343 1133 1425 1182 est
1457 1128 1629 1189 Deus,
1652 1130 1703 1182 et
1732 1140 1824 1180 eos
1854 1126 1958 1195 qui
2002 1123 2255 1179 adorant

590 1218 870 1287 ipsum,in
896 1217 1135 1286 Spiritu
1148 1222 1203 1271 et
1223 1216 1474 1272 veritate
1492 1218 1717 1284 oportet
1732 1212 2252 1284 adorare.Proprie

595 1314 793 1365 tamen
822 1310 879 1362 et
916 1305 1308 1361 notionaliter
1339 1304 1548 1360 dicitur
1569 1304 1823 1375 Spiritus
1872 1307 2108 1357 sanctus
2137 1316 2253 1356 una

590 1411 847 1469 persona
899 1394 1229 1450 Trinitatis.
1273 1393 1568 1450 Caeterum
1631 1392 1746 1448 hoc
1772 1391 1899 1448 loco
1954 1390 2253 1446 mentione

591 1486 844 1558 Spiritus
866 1484 1056 1539 sancti
1082 1483 1562 1552 licetintelligere
1593 1481 1864 1537 virtutem
1905 1480 2047 1536 Filii.
2102 1482 2250 1534 Nam

588 1582 645 1632 et
658 1574 833 1631 Filius
846 1572 1102 1644 Spiritus
1132 1588 1208 1627 vo
1236 1578 1425 1637 catur,
1443 1575 1641 1643 utpote
1654 1571 1829 1625 Deus.
1853 1569 2032 1625 Mirari
2052 1574 2250 1623 autem

2352 433 2614 501 πρέποντα
2650 432 2780 501 πρὸς
2810 431 2896 480 τὸν
2930 427 3119 489 έαυτῆς
3151 427 3396 499 σύζυγον.

2353 608 2422 659 Τὸ
2509 609 2610 681 γὰρ
2675 605 2722 658 ἓν
2791 605 2917 679 αὐτῇ
3006 607 3267 681 γεννηθὲν,
3325 605 3380 658 ἐκ
3444 610 3741 679 Πνεῦματός
3802 608 3898 661 ἐστι»

3064 677 3217 749 ἁγίου
3226 720 3239 733 .

2428 771 2646 823 Φωτίου.
2705 770 2838 842 Πρὸς
2886 770 3005 828 τοὺς
3047 766 3285 838 λέγοντας
3359 775 3467 829 πῶς
3525 766 3580 819 ἔκ
3660 770 3903 840 ﬂuvium;

2357 856 2506 927 ἁγίου
2560 858 2588 914 ἡ
2641 858 2858 918 κύησις·
2910 855 2969 908 οὐ
3020 857 3120 928 γάρ
3170 854 3309 907 ἐστιν
3363 857 3388 907 ὁ
3436 859 3668 928 Χριστὸς
3711 860 3814 918 Υἱὸς
3844 868 3903 910 τοὺ

2361 947 2674 1017 Πνεῦματος,
2730 944 2859 997 ἀλλὰ
2910 951 3003 996 τοῦ
3060 948 3276 1017 Πατρός·
3335 948 3476 997 ἔστιν
3529 946 3709 998 εἰπεῖν.
3752 948 3822 999 ὅτι
3858 948 3909 1000 is-

2359 1054 2507 1106 γεται
2555 1041 2763 1106 Πνεῦμα
2812 1039 2963 1086 πᾶσα
3010 1034 3039 1091 ἡ
3106 1036 3305 1097 θεότης,
3364 1036 3428 1094 ὡς
3494 1053 3627 1106 φησι
3681 1037 3707 1087 ὁ
3753 1043 3906 1108 Σωτήρ·

2363 1130 2569 1196 Πνεῦμα
2622 1125 2646 1175 ὁ
2718 1126 2865 1189 Θεὸς,
2938 1127 3028 1175 καὶ
3108 1126 3228 1185 τοὺς
3299 1132 3719 1196 προσκυνοῦντας
3795 1125 3910 1175 oriri:

2362 1211 2409 1264 ἐν
2461 1215 2719 1285 Πνεύματι
2769 1216 2858 1264 καὶ
2910 1210 3128 1285 ἀληθείᾳ
3185 1208 3267 1264 δεῖ
3342 1220 3674 1284 προσκυνεῖν.
3736 1219 3912 1284 Λέγεται

2362 1299 2421 1354 δὲ
2465 1298 2612 1363 ἰδίως
2662 1306 2751 1353 καὶ
2802 1304 2861 1353 τὸ
2911 1308 3118 1373 Πνεῦμα
3168 1305 3226 1353 τὸ
3269 1301 3437 1372 ἅγιον,
3489 1307 3755 1355 τουτέστιν
3791 1306 3914 1375 inpia

2360 1393 2666 1451 ὑπόστασις·
2728 1390 2912 1443 οὐκοῦν
2968 1395 3056 1443 καὶ
3115 1397 3323 1462 Πνεῦμα
3378 1389 3522 1462 οἷγιον
3584 1393 3700 1443 ἔστι
3767 1400 3913 1449 νοῆσαι

2359 1485 2448 1532 καὶ
2489 1486 2578 1538 τὴν
2642 1487 2733 1532 τοῦ
2776 1482 2899 1532 Υἰοῦ
2963 1475 3208 1551 δύναμιν·
3264 1484 3353 1531 καὶ
3428 1482 3529 1553 γὰρ
3596 1485 3687 1532 καὶ
3752 1483 3774 1532 ὁ
3830 1484 3915 1541 Υἱὸς

2361 1576 2570 1641 Πνεῦμα
2622 1569 2873 1635 καλεῖται,
2924 1571 3054 1621 καθό
3110 1572 3256 1629 Θεὸς·
3317 1568 3377 1620 ου
3427 1565 3512 1620 δεῖ
3561 1565 3623 1621 δὲ
3668 1571 3911 1642 θαυμάσαι·
3992 1560 3993 1621 i

589 1679 714 1721 non
726 1666 977 1732 oportet.
997 1660 1113 1726 Qui
1135 1661 1293 1715 enim
1313 1676 1385 1715 ex
1406 1675 1528 1715 uno
1544 1660 1671 1715 viro
1688 1658 1889 1714 eduxit
1921 1674 1975 1711 m
1988 1657 2242 1711 ulierems

2359 1666 2430 1728 τῷ
2483 1660 2583 1731 γὰρ
2642 1656 2695 1709 ἐκ
2747 1661 2903 1729 μόνου
2956 1664 3047 1708 τοῦ
3102 1653 3288 1731 ἀνδρὸς
3349 1655 3663 1728 ἐξαγαγόντι
3713 1666 3915 1728 γυναῖκα,
3992 1650 3993 1699 l

589 1751 801 1825 quidni
823 1750 1013 1822 possit
1044 1749 1205 1805 idem
1231 1765 1302 1804 ex
1328 1764 1449 1805 una
1462 1765 1705 1822 quoque
1734 1746 1981 1803 muliere
1996 1762 2252 1818 puerum

592 1841 846 1898 educere
874 1838 951 1911 (3)
979 1837 1007 1892 ?

588 1933 759 1986 Vsus.
789 1931 884 1985 22.
918 1930 1047 1984 Hoc
1060 1933 1263 1984 autem
1294 1930 1483 1982 totum
1504 1928 1737 1996 factum
1756 1931 1859 1991 est,
1878 1931 1943 1981 ut
1968 1924 2254 1993 adimple-

635 2008 805 2058 retur
826 2000 987 2072 quod
1008 1999 1232 2054 dictum
1272 2006 1355 2055 est
1385 2014 1422 2055 a
1443 1998 1681 2054 Domino
1705 2014 1809 2066 per
1827 1996 2197 2067 prophetam.

666 2090 882 2147 Photii.
916 2091 1167 2146 Comma
1209 2087 1379 2143 istud
1419 2087 1503 2143 sic
1534 2086 1840 2142 sehabens
1873 2103 1884 2141 :
1920 2087 2039 2141 Hoc
2063 2092 2252 2141 autem

591 2188 779 2239 totum
796 2181 1028 2249 factum
1053 2185 1152 2244 est,
1177 2183 1287 2233 etc.
1315 2177 1559 2232 cuinam
1583 2176 1962 2232 tribuendum
1982 2186 2253 2247 personae

2362 1744 2583 1799 ὃυνατον
2641 1744 2752 1799 ἔστι
2798 1749 2886 1798 καὶ
2932 1744 2987 1797 ἐκ
3043 1750 3203 1819 μόνης
3258 1749 3501 1818 γυναικὸς
3557 1743 3733 1800 παῖδα
3778 1747 3919 1819 ἐξαγασ
3992 1750 3993 1753 “

2358 1842 2485 1907 γείν.

2359 1932 2522 1978 Τοῦτο
2573 1920 2632 1977 δε
2660 1923 2775 1977 ὅλον
2800 1927 3029 1999 γέγονεν2
3069 1925 3153 1999 ίνα
3174 1924 3422 1998 πληρωθῇ
3456 1928 3514 1976 τὸ
3545 1925 3705 1999 ῥηθὲν
3738 1927 3825 1979 ὑπὸ
3853 1934 3919 1979 τοῦ

2775 1993 2965 2067 Κυρίου
2998 1993 3092 2049 διὰ
3113 2004 3203 2049 τοῦ
3243 1993 3535 2071 προφήτου.

2432 2089 2649 2140 Φωτίου,
2695 2088 2764 2137 Τὸ
2804 2086 2985 2159 ῥητὸν,
3017 2088 3075 2137 τὸ
3120 2090 3283 2157 Αέγον·
3318 2092 3483 2138 Τοῦτο
3536 2082 3601 2138 δε
3628 2086 3738 2139 ὅλον
3761 2092 3915 2159 γέγονε,

2360 2180 2497 2237 τίνος
2526 2177 2586 2227 ἄν
2618 2177 2716 2241 εἴη,
2760 2182 2851 2226 τοῦ
2882 2174 3101 2246 ἀγγέλου
3131 2175 3161 2234 ἣ
3198 2182 3285 2227 τοῦ
3317 2175 3693 2247 εὐαγγελιστοῦ
3726 2183 3832 2246 ;Τῷ
3855 2194 3919 2247 μιν

590 2274 677 2328 est
702 2272 730 2327 ‘I
761 2268 1092 2339 Angelone,
1118 2283 1194 2323 an
1219 2266 1597 2336 evangelista:
1617 2264 1719 2320 ?ln
1738 2265 1984 2337 speciem
2015 2263 2242 2336 quidem

2362 2260 2533 2317 δοκεῖν
2567 2271 2659 2316 τοῦ
2691 2261 2928 2335 ἀγγέλου,
2957 2265 3025 2325 ὥς
3054 2267 3183 2335 φασί
3218 2282 3346 2326 τινες
3376 2273 3475 2315 τῶν
3516 2264 3847 2338 ἐρμηνευτῶν,
3873 2272 3915 2336 τῇ

590 2358 800 2429 Angeli
840 2363 951 2424 est,
990 2362 1055 2413 ut
1092 2357 1269 2411 etiam
1312 2356 1695 2427 interpretum
1735 2353 1973 2427 quidam
2019 2353 2252 2416 docent,

587 2463 651 2504 re
682 2452 884 2503 tamen
923 2461 1096 2511 vera,
1144 2444 1449 2516 scriptoris
1469 2444 1568 2515 (4).

589 2537 725 2592 Cu.
758 2537 823 2591 ll.
864 2536 1033 2590 Vans-
1082 2534 1165 2588 13.
1215 2534 1328 2599 Qui
1372 2549 1504 2589 cum
1546 2533 1923 2597 recessissent,
1980 2546 2107 2587 ecce
2140 2546 2244 2587 an-

661 2607 832 2678 gelus
854 2605 1096 2678 Domini
1115 2605 1403 2674 apparuit
1429 2608 1491 2660 in
1522 2604 1741 2660 somnis
1768 2602 2241 2678 Joseph,dicens:

663 2675 856 2749 Surge
880 2683 934 2732 et
972 2676 1171 2746 accipe
1197 2691 1442 2747 puerum
1468 2682 1519 2731 et
1540 2682 1790 2732 matrem
1842 2677 1982 2745 ejus,
2024 2681 2077 2730 et
2108 2675 2247 2745 fuge

658 2749 721 2805 in
735 2750 1098 2819 Egi/ptum.

657 2838 878 2896 Photii.
917 2839 979 2893 In
1012 2837 1341 2909 IEgyptum
1371 2835 1521 2908 fugit
1561 2835 1841 2901 Christus,
1892 2841 1952 2890 ut
1982 2839 2038 2891 et
2087 2835 2243 2889 hanc

588 2926 1008 2993 sanctiﬁcaret,
1037 2925 1552 2999 quemadmodum
1579 2925 1947 2998 Babylonem
2000 2939 2106 2997 per
2136 2926 2241 2981 Ma-

2362 2350 2421 2407 δὲ
2451 2351 2666 2425 ἀληθείᾳ
2689 2360 2779 2405 τοῦ
2815 2356 3175 2425 συγγραφέως.

2356 2531 2841 2605 Ἀναχωρησάντων
2874 2526 2933 2583 δὲ
2958 2530 3147 2596 αὐτῶν,
3182 2528 3299 2607 ἰδοῦ
3334 2531 3553 2604 ἅγγελος
3610 2538 3795 2607 Κυρίου
3820 2540 3911 2606 γαί.

2425 2602 2579 2680 νετΑαι
2609 2604 2725 2680 κατ’
2764 2607 2885 2680 ὄναρ
2916 2611 2988 2673 τῷ
3022 2603 3233 2680 Ἰωσὴφ,
3275 2602 3461 2674 λέγων·
3491 2602 3759 2680 ⁸Ἐγερθεὶς
3784 2602 3913 2679 παρά-

2424 2673 2546 2751 λαϐε
2592 2678 2648 2726 τὸ
2698 2671 2913 2727 παιδίον
2959 2671 3052 2726 καὶ
3088 2671 3413 2751 τὴνμοτέρα
3442 2671 3631 2745 αὐτοῦς
3669 2684 3755 2730 καὶ
3796 2671 3913 2750 φεῦγε

2426 2745 2495 2808 εἰς
2528 2749 2808 2817 Αἴγυπτον.

2425 2838 2641 2889 Φωτίου.
2684 2835 2769 2895 Εἰς
2812 2838 3071 2906 Αἴγυπτον
3122 2837 3296 2908 φεύγει
3339 2834 3365 2887 ὁ
3426 2840 3681 2909 Χριστὸς,
3730 2838 3804 2889 ἵνα
3845 2840 3909 2887 καὶ

2353 2927 2546 2982 ταύτην
2587 2924 2806 2997 ἁγιάσῃ·
2836 2926 3009 2997 ὥσπερ
3054 2929 3147 2983 τὴν
3178 2924 3457 2978 Βαϐυλῶνα
3500 2921 3599 2979 διὰ
3651 2935 3748 2980 τῶν
3775 2929 3913 2999 μάγων

586 3032 694 3090 gos
728 3014 834 3088 qui
874 3016 952 3073 ad
986 3032 1126 3072 eum
1159 3014 1539 3073 adorandum
1598 3018 1894 3081 venerant,
1917 3012 2242 3071 sanctiﬁca-

2354 3015 2570 3085 ἡγίασεν
2601 3011 2844 3065 ἐλθόντῶν
2872 3013 2939 3075 εἰς
2967 3016 3325 3088 προσκύνησιν
3356 3015 3534 3070 αὐτοῦ.

584 3110 772 3163 verat.

588 3195 729 3252 CAP.
764 3195 857 3251 III.
893 3195 1057 3250 Vatis.
1106 3199 1159 3250 9.
1202 3193 1280 3249 Et
1342 3208 1415 3250 ne
1467 3193 1654 3251 velitis
1718 3193 1910 3250 dicere
1931 3193 2095 3249 intra
2121 3207 2239 3259 vos,

655 3268 901 3323 Patrem
929 3265 1524 3322 habemusAbraham
1549 3281 1560 3319 :
1586 3266 1718 3321 dico
1733 3267 1885 3321 enim
1908 3264 2088 3329 vobis,
2108 3279 2242 3335 quo-

656 3338 825 3394 niam
849 3344 1056 3406 potens
1087 3344 1169 3393 est
1200 3338 1355 3392 Deus
1388 3336 1459 3392 de
1478 3336 1778 3405 lapidibus
1802 3336 1929 3391 istis
1958 3338 2242 3392 suscitare

662 3410 819 3476 ﬁlios
843 3408 1114 3465 Abrahw.

652 3496 871 3552 Photii.
905 3495 1077 3561 Quod
1105 3494 1339 3567 lapides
1393 3494 1507 3550 hos
1563 3495 1723 3560 dicit,
1781 3499 2129 3552 nontamen
2176 3494 2236 3550 in

582 3584 887 3657 lapididus
911 3584 1099 3640 haeret
1147 3584 1235 3639 vis
1283 3584 1610 3651 sententias,
1671 3585 1775 3640 sed
1838 3584 2113 3640 homines
2137 3584 2239 3640 de-

585 3674 782 3744 signat
809 3689 980 3746 quos,
1015 3673 1387 3744 imperfectos
1408 3672 1543 3729 licet
1563 3678 1619 3729 et
1642 3673 1911 3729 inﬁdeles
1939 3678 1995 3729 et
2015 3689 2236 3746 paupe-

581 3778 698 3827 res,
718 3768 915 3835 potest
944 3776 1199 3831 magnos
1238 3767 1293 3818 et
1326 3760 1585 3818 illustres
1641 3761 1893 3828 efﬁcere,
1954 3762 2001 3817 si
2034 3768 2236 3819 tamen

581 3850 695 3923 ipsi
736 3851 935 3907 sinant
960 3855 1016 3905 et
1035 3850 1213 3906 velint
1262 3867 1275 3917 ;
1332 3850 1851 3922 quemadmodum
1906 3851 2232 3924 Abraham,

582 3942 747 4014 quod
776 3944 893 3998 Deo
923 3940 1192 4010 credidit,
1219 3956 1288 3996 ex
1318 3940 1536 4011 ignotis
1571 3941 1873 3997 natalibus
1914 3943 2230 4009 obscurus,

582 4030 809 4087 ilustris
842 4030 1026 4087 evasit
1057 4030 1159 4101 (5).

723 4121 891 4176 Vsus.
929 4124 1012 4174 t2.
1034 4118 1215 4188 Cujus
1253 4118 1655 4176 ventilabrum
1685 4119 1944 4177 inmanu
1975 4122 2121 4192 ejus.

650 4207 856 4264 Photii
882 4208 1041 4264 Sicut
1070 4208 1231 4263 enim
1262 4207 1321 4262 in
1351 4208 1695 4279 supellectili
1728 4209 1982 4266 aliarum
2014 4211 2229 4267 artium

581 4301 719 4353 sunt
743 4298 1140 4354 instrumenta
1164 4301 1324 4352 certa
1367 4296 1445 4352 ad
1484 4296 1950 4354 discernendum
1990 4316 2062 4356 ea
2100 4316 2232 4372 quas

2354 3199 2470 3271 ΚαὶΔ
2511 3199 2581 3271 pf;
2626 3191 2832 3271 Δδόξητε
2879 3194 3046 3271 λέγειν
3209 3196 3427 3271 ἑαυτοῖς,
3482 3200 3700 3271 Πατέρα
3758 3197 3914 3271 ἔχομαι

2421 3266 2519 3318 τὸν
2556 3266 2811 3341 Ἀϐραὰμ·
2879 3266 3008 3341 λέγω
3071 3270 3172 3340 γὰρ
3254 3270 3397 3341 ὑμῖν,
3470 3270 3550 3321 ὅτι
3629 3266 3915 3322 "cremat

2422 3341 2552 3413 βερς
2723 3337 2822 3390 τῶν
2887 3337 3042 3391 λίθων
3080 3337 3298 3391 ’τούτων
3369 3339 3565 3413 ἐγεῖραι
3653 3346 3798 3394 τέκνα
3862 3348 3915 3409 τῷ

2419 3408 2679 3482 Ἀϐραὰμ.

2419 3503 2639 3553 Φωτίου.
2693 3501 2763 3551 Τὸ
2815 3500 2871 3551 ἑκ
2918 3506 3018 3551 τῶν
3056 3498 3205 3551 λίθων
3252 3502 3470 3568 τούτων,
3508 3500 3567 3553 οῦ
3612 3506 3734 3565 τοὺς
3770 3502 3915 3559 λίθους

2347 3587 2531 3649 αὐτοὺς
2558 3588 2709 3659 λέγει·
2740 3587 2845 3640 ἀλλ’
2871 3589 2951 3640 ὅτι
2982 3586 3035 3651 ἐξ
3063 3589 3346 3662 ἀνθρώπων
3373 3588 3560 3642 ἀτελῶν
3589 3595 3683 3644 καὶ
3714 3590 3911 3643 ἀπίστων

2345 3681 2434 3730 καὶ
2464 3682 2691 3735 πενήτων
2724 3674 2945 3730 δύναται
2982 3677 3239 3749 μεγάλους
3267 3697 3321 3730 τε
3344 3684 3434 3731 καὶ
3480 3678 3771 3753 ἐπισήμους
3793 3688 3911 3737 ποιῆ-

2348 3786 2456 3832 σαι,
2510 3765 2689 3839 ἐάνπερ
2736 3765 2968 3819 ἐθέλωσι·
3019 3768 3250 3839 καθάπερ
3292 3769 3319 3819 ὁ
3370 3767 3611 3842 Ἀϐραὰμ
3661 3773 3912 3828 πιστεύσας

2346 3863 2459 3926 Θεῷ
2490 3854 2544 3919 ἐξ
2572 3854 2789 3928 ἀσήμων
2819 3854 3021 3927 γέγονεν
3052 3854 3330 3929 ἐπίσημος.

2700 3944 2777 3997 Οὔ
2798 3949 2855 3997 τὸ
2886 3947 3040 3997 πτύον
3072 3948 3119 3997 ἓν
3142 3953 3202 4018 τῇ
3228 3950 3374 4019 χειρὶ
3406 3946 3587 4003 αὐτοῦ.

2415 4038 2630 4090 Φωτίου.
2683 4034 2883 4107 Ὠσπερ
2940 4037 3041 4108 γὰρ
3098 4033 3184 4087 ἰπὶ
3242 4043 3341 4087 τῶν
3402 4035 3566 4088 ἄλλων
3644 4036 3911 4108 ἐπιστημῶν

2343 4121 2455 4175 ἐστι
2510 4125 2626 4175 τινὰ
2676 4127 2873 4198 ὄργανα
2926 4120 3233 4196 διακριτικὰ
3288 4132 3388 4177 τῶν
3426 4128 3563 4178 κατὰ
3622 4132 3717 4187 τὴν
3753 4132 3910 4199 ripa

2342 4211 2506 4264 καλῶν
2557 4231 2611 4265 τε
2666 4217 2755 4266 καὶ
2795 4211 3061 4265 ἐναντίων·
3126 4214 3261 4266 οὕτω
3312 4218 3403 4267 καὶ
3440 4213 3490 4267 ἕν
3543 4224 3657 4279 τοῖς
3686 4236 3910 4291 γεωργου-

2341 4305 2513 4372 μένοις
2555 4304 2584 4360 ἠ
2641 4301 2770 4363 ἄλως
2811 4300 2924 4355 ἐστὶ
2973 4306 3063 4355 καὶ
3103 4305 3159 4355 τὸ
3190 4306 3371 4358 πτύον.
3421 4304 3503 4357 Ἐν
3542 4308 3647 4379 γὰρ
3698 4314 3755 4379 τῇ
3787 4306 3911 4357 ἆλωνι
3992 4316 3993 4319 ‘

576 4385 749 4457 juxta
777 4386 961 4442 ﬁnem
986 4392 1043 4441 et
1072 4385 1401 4442 institutum
1456 4386 1744 4459 cujusque
1798 4387 1892 4443 vel
1955 4388 2118 4445 bona
2143 4390 2231 4445 vel

2353 4392 2367 4442 5
2422 4398 2566 4452 σῖτος
2610 4390 2711 4444 ἀπὸ
2760 4398 2852 4444 τοῦ
2908 4389 3113 4466 ἀχύρου
3163 4388 3511 4466 διακρίνεται·
3569 4395 3771 4448 οἷστισι
3808 4411 3910 4465 παρ·

584 4489 757 4530 secus
777 4480 933 4539 sunt,
952 4474 1033 4530 sic
1051 4479 1106 4530 et
1134 4473 1193 4529 in
1212 4474 1571 4543 agricultura
1599 4475 1991 4548 frugibusque
2026 4476 2230 4534 labore

582 4564 803 4620 rustico
836 4562 1080 4629 eductis,
1116 4578 1257 4619 area
1287 4570 1343 4619 et
1378 4563 1773 4620 ventilab’rum
1817 4570 1923 4621 est.
1974 4566 2038 4621 In
2095 4583 2231 4625 area

582 4653 808 4724 quippe
833 4653 1182 4708 frumentum
1211 4667 1245 4708 a
1274 4651 1447 4723 palea
1502 4652 1876 4710 discernitur.
1923 4654 2052 4722 Qua
2072 4656 2232 4711 simi-

578 4740 829 4799 litudine
859 4743 1186 4800 adumbrat
1217 4741 1557 4809 Ecclesiam,
1592 4747 1649 4799 et
1679 4743 1780 4799 Dei
1834 4744 1954 4801 vim
2006 4745 2231 4802 discer-

579 4838 821 4891 nentem
853 4850 889 4890 a
916 4831 1093 4889 bonis
1124 4847 1227 4888 eos
1252 4832 1357 4903 qui
1389 4831 1535 4888 tales
1554 4847 1679 4889 non
1710 4839 1847 4889 sunt
1865 4833 1965 4905 (6).

2340 4480 2535 4541 εικοίζει
2587 4486 2681 4539 τήν
2722 4500 2774 4534 τε
2822 4480 3132 4539 Ἐκκλήσιαν
3180 4486 3271 4533 καὶ
3312 4487 3407 4542 τὴν
3443 4480 3813 4557 διακρίνουσαν
3840 4487 3907 4533 τοῦ

2341 4576 2474 4623 Θεοῦ
2523 4567 2743 4643 δύναμιν
2796 4568 2897 4623 ἀπὸ
2949 4578 3049 4623 τῶν
3130 4569 3335 4643 ἀγαθῶν
3412 4576 3535 4636 τοὺς
3608 4580 3683 4647 μὴ
3774 4574 3907 4625 ratri-

2338 4678 2478 4720 τους.

2140 5013 2368 5071 NOTAE.

672 5208 727 5280 2)
755 5207 836 5280 Ci.
870 5208 1272 5280 Qumstionem
1298 5207 1520 5280 XXII,C.

673 5278 724 5344 3)
752 5278 833 5335 Cf.
870 5280 936 5344 Ο.
979 5278 1150 5333 XXII.

672 5211 706 5261 2
755 5208 836 5263 Cf.
870 5208 1113 5273 Quaestit

649 5208 727 5424 ἕξ
752 5278 833 5335 Cf.
870 5280 936 5344 Ο.
979 5278 1103 5333 XXl

647 5353 705 5423 (4
755 5348 839 5405 Cf.
874 5352 937 5415 Ο.
964 5350 1113 5405 XXV.

2408 5210 2483 5285 (ὃ)
2512 5210 2593 5285 εξ.
2628 5227 2688 5285 q.
2722 5212 2938 5285 xxxi.

2407 5283 2486 5354 (6)
2519 5283 2604 5339 cr.
2635 5283 2695 5357 q.
2737 5284 2936 5341 xxxu.
