4026 6206
103 266 140 321 1
156 265 274 322 193
1300 267 1732 327 FRAGMENTA

1897 267 2346 325 MATTHEUM.
3361 267 3499 326 1194

105 389 693 466 Τότε-παραλαμϐάνει
741 391 896 466 αὐτὸν
945 394 973 446 ὁ
1025 391 1265 458 διάϐολος
1321 395 1394 459 εἰς
1435 403 1528 454 τῆν
1578 393 1731 466 ἁγίαν

1856 393 1971 450 3n.
2007 395 2093 448 IV.
2127 393 2302 451 Vens.
2335 399 2385 450 5.
2430 395 2592 450 Tunc
2618 393 2928 460 assumpsit
2984 409 3115 452 eum
3149 395 3417 454 diabolus
3443 399 3501 453 in

200 462 385 528 πόλιν,
425 462 516 516 καὶ
567 465 779 522 ἵστησιν
833 464 987 517 αύτὸν
1051 465 1134 520 ἐπὶ
1189 471 1246 520 τό
1304 469 1578 542 πτερύγιον
1619 462 1732 518 ντοῦ

204 554 366 605 ιερου.

1911 471 2180 522 sanctam
2203 466 2521 533 civitatem,
2563 471 2615 522 et
2641 465 2846 521 statuit
2874 481 3000 522 eum
3025 481 3202 536 super
3228 469 3503 540 pinnacu-

1915 538 2038 592 lum
2079 538 2305 605 templi.

248 554 366 609 ρον.

1915 553 2038 592 tum
2079 553 2305 605 ῑθπιριι.

1910 625 2125 682 Photii.
2153 625 2256 682 Illa
2285 625 2502 682 verba:
2554 625 2816 682 Assumit
2859 641 2985 682 eum
3039 626 3330 695 diabolus,
3380 644 3502 685 non

1841 728 1912 771 eo
1939 715 2233 787 pertinent
2264 719 2325 772 ut
2353 714 2616 788 aliquam
2649 718 3001 786 potestatem
3034 715 3307 773 habuerit
3344 733 3505 774 exer-

1843 803 2101 859 cueritve
2131 803 2404 860 diabolus
2433 804 2493 860 in
2543 803 2841 859 Christum
2878 820 2891 858 :
2925 804 3030 859 sed
3087 804 3169 861 ita
3215 810 3370 862 recte
3417 806 3506 861 in-

112 893 486 966 οἰκονομικῶςο
522 896 604 946 ἶνα
630 893 991 970 πληρωθείσης
1019 906 1115 958 τῆς
1156 906 1249 951 τοῦ
1279 895 1528 952 διαϐόλου
1560 895 1732 949 ἐπιθυ-

1856 891 2240 962 :elligentibus
2269 897 2488 950 sonant
2519 896 2600 959 ut,
2660 892 3056 965 permissione
3119 893 3198 950 illi
3257 894 3336 951 ab
3374 894 3506 967 ipso

110 990 252 1055 μίας
284 987 652 1058 καταισχυνθῇ
684 984 882 1049 τελείως
911 991 1001 1040 καὶ
1031 989 1249 1061 ἡττηθῇ.

1856 981 2071 1039 3hristo
2095 982 2273 1049 facta,
2305 983 2600 1040 Christum
2632 983 3041 1054 assumpserit.
3075 983 3245 1050 Quod
3276 1001 3312 1040 a
3338 984 3508 1042 Chris

111 1079 221 1130 sto
251 1073 552 1146 sapienter
576 1074 882 1146 provisum
915 1081 1022 1141 est,
1061 1081 1124 1130 ut
1153 1093 1403 1150 compos
1435 1073 1695 1148 improbi
1747 1071 2012 1128 desiderii
2050 1072 2263 1138 factus,
2306 1087 2416 1129 nec
2469 1076 2668 1128 tamen
2699 1072 2779 1128 ad
2830 1077 3137 1144 speratum
3186 1077 3502 1146 provectu-

202 629 425 679 ⁴Ιθωτίου.
470 627 560 689 Τό,
608 624 1008 698 Παραλαμϐάνει
1050 627 1204 680 αὐτὸν
1249 630 1274 680 ό
1321 625 1582 694 διάϐολος,
1628 625 1734 698 οὐχ

109 715 209 766 ὅτι
260 715 374 784 μετ’
424 713 661 777 ἔξουσίας
706 715 862 768 αὐτόν
906 715 1078 771 ἔλαϐεν
1112 734 1125 748 ⁸
1159 716 1265 770 ἀλλ’
1311 715 1632 771 ἐνδείκνυται
1670 719 1734 776 ὡς

108 807 620 879 παραχωρήσαντος
668 813 760 857 τοῦ
807 814 1062 881 Χριστοῦ,
1108 807 1382 883 παρέλαϐε.
1437 811 1538 860 Καὶ
1583 814 1734 859 τοῦτο

114 1156 354 1230 'ﬁnem,
388 1162 850 1220 confunderetur
869 1165 1116 1222 omnino
1149 1166 1424 1224 diabolus
1464 1171 1520 1222 et
1559 1163 1734 1237 plane
1775 1159 2118 1216 vinceretur.

151 1257 322 1338 ἰδὼν
374 1258 432 1314 δε
511 1264 628 1338 τού-ς
692 1260 906 1334 ὄχλους,
966 1261 1116 1338 ᾄνίϐη
1199 1265 1272 1338 είς
1334 1267 1390 1318 τό
1424 1265 1599 1338 νδρος,
1642 1264 1733 1338 καὶ

195 1334 512 1420 καθίσαντος
547 1333 728 1398 αὐτοῦ,
799 1335 1096 1409 προσῆλθον
1175 1336 1316 1408 αύτῳ
1384 1337 1432 1389 οἱ
1480 1333 1734 1408 ’μαθηταὶ

196 1423 364 1457 αυτου
373 1443 386 1457 .

200 1497 424 1549 Φωτίου.
453 1493 722 1548 Ἐκάθισεν
752 1495 778 1546 ὁ
823 1499 1070 1568 Χριστός,
1101 1497 1183 1549 ἶνα
1230 1498 1280 1550 ὀί
1319 1499 1408 1570 μεν
1447 1495 1599 1569 ὄχλοι
1643 1491 1739 1546 διὰ

121 1584 192 1634 τὰ
244 1582 334 1635 ὑπ’
367 1582 526 1636 αὐτοῦ
562 1588 804 1656 γινόμενα
854 1586 1101 1656 θαύματα
1143 1589 1529 1639 πιστεύσωσιν·
1581 1585 1629 1637 οἱ
1679 1581 1738 1636 δί

120 1673 370 1743 μαθηταὶ
417 1669 793 1745 διδασκόμενοι
843 1677 922 1727 ἔτι
977 1674 1423 1748 ίλλαμφθήσονται
1477 1680 1565 1727 καὶ
1613 1679 1740 1732 νοή-

1845 1260 1978 1316 CAP.
2017 1261 2080 1315 V.
2110 1261 2270 1315 Vens.
2306 1259 2360 1316 1.
2400 1259 2611 1316 Videns
2636 1265 2836 1315 autem
2858 1259 3030 1315 Jesus
3052 1259 3274 1327 turbas,
3297 1275 3509 1317 ascen-

1915 1330 2000 1384 dit
2031 1330 2094 1385 in
2124 1336 2414 1387 montem:
2448 1337 2501 1386 et
2533 1347 2665 1387 cum
2701 1331 2956 1399 sedisset,
3002 1338 3378 1388 accesserunt
3425 1333 3506 1389 ad

1916 1417 2046 1458 eum
2069 1401 2344 1471 discipuli
2367 1403 2511 1471 ejus.

1919 1490 2138 1547 Photii.
2178 1490 2338 1546 Sedit
2377 1489 2643 1546 Christus
2675 1494 2738 1547 ut
2776 1490 2961 1548 turbae
2991 1491 3236 1565 quidem
3263 1496 3506 1564 propter

1851 1579 2135 1636 miracula
2180 1595 2316 1652 quae
2355 1579 2582 1636 ﬁebant
2640 1579 2718 1635 ab
2771 1580 2924 1652 ipso,
2959 1580 3506 1650 crederent;disci—

1849 1669 2004 1741 pulis
2029 1684 2201 1724 veroe
2222 1670 2544 1725 lucesceret
2562 1668 2762 1724 adhuc
2786 1669 3002 1725 clarius
3027 1669 3297 1726 doctrina
3317 1686 3505 1742 quam

127 1779 302 1812 σωσεν
345 1763 424 1814 ὅτι
467 1761 526 1814 ού
575 1767 727 1835 μόνον
775 1762 1046 1838 ἅνθρωπός
1086 1763 1247 1834 ἔστιν,
1280 1764 1408 1818 ἀλλὰ
1453 1769 1542 1817 καὶ
1586 1768 1732 1824 Θεός.

1856 1758 2212 1815 audiebant:
2255 1773 2327 1814 eo
2359 1773 2548 1830 usque
2581 1762 2642 1812 ut
2683 1757 3074 1826 intelligerent
3115 1773 3505 1831 nequaquam

125 1847 207 1899 Ού
262 1851 365 1923 γὰρ
431 1852 683 1924 σωμάτων
740 1855 913 1925 μόνον,
967 1851 1096 1906 ἀλλὰ
1148 1857 1235 1906 καὶ
1290 1853 1482 1927 ψυχῶν
1543 1852 1738 1924 ὑπῆρξε

127 1937 420 2009 θεραπευτή
432 1958 473 2000 ς.

263 2206 351 2268 Εἰς
382 2203 531 2260 ούδεν
565 2206 747 2280 ἰσχύει
773 2209 869 2277 ἔτι,
904 2207 948 2261 εἰ
976 2213 1045 2282 μὴ
1072 2209 1358 2283 βληθῆναι,
1388 2230 1440 2264 κ.
1468 2230 1515 2265 τ.
1547 2210 1595 2265 λ.

198 2371 420 2423 Φωτίου.
451 2367 611 2430 Ἀλας
645 2376 745 2440 γῆς
777 2388 908 2441 φησι
952 2373 1074 2432 τούς
1116 2372 1180 2423 τὰ
1225 2372 1337 2423 θεῖα
1376 2367 1732 2430 διδάσκοντας

121 2456 304 2527 λόγια,
389 2459 645 2530 στύφοντα
731 2463 820 2511 καὶ
897 2459 1190 2532 ῥωννύοντα
1256 2463 1340 2513 τόν
1423 2466 1540 2512 νοῦν
1632 2466 1732 2511 τῶν

127 2565 446 2603 ακουοντων.

218 2635 331 2688 Ούκ
359 2632 511 2694 ἦλθον
538 2635 854 2704 καταλῦσαι,
898 2636 1026 2691 ἀλλὰ
1053 2637 1328 2712 πληρῶσαι
1357 2642 1444 2691 τόν
1468 2641 1640 2710 νόμον.

197 2729 422 2778 Φωτίου.
491 2723 549 2777 Ὀ
626 2725 834 2799 πληρῶν
913 2746 1066 2799 μονον
1141 2733 1230 2780 καὶ
1313 2728 1384 2790 εἰς
1471 2725 1735 2800 ἀκρίϐειαν

124 2815 270 2884 ἄγων
322 2813 499 2879 αὐτόν,
555 2813 824 2886 φυλάττων
863 2815 1054 2878 μᾶλλον
1105 2821 1258 2888 μόνον
1298 2816 1453 2882 ἐστὶν,
1513 2815 1572 2868 ού
1639 2819 1734 2887 μὴν

124 2901 420 2957 καταλύων.
496 2903 554 2956 Ὀ
611 2905 711 2978 γὰρ
783 2909 877 2963 τὴν
960 2909 1309 2980 σκιαγραφίαν
1375 2914 1466 2966 τῆς
1543 2907 1738 2974 εἰκόνος

125 2990 437 3066 ἀναπληρῶν
487 2988 580 3045 διὰ
626 3001 726 3046 τῶν
763 2996 1083 3068 χρωμάτων,
1117 2994 1382 3056 τελειωτὴς
1430 2995 1490 3047 ἂν
1533 2995 1734 3068 λέγοιτο

124 3090 222 3142 τῆς
272 3081 478 3143 εἰκόνοςο
537 3086 666 3156 ἤπερ
723 3081 998 3157 ἀναιρέτης
1041 3084 1225 3145 αύτῆς.
1281 3087 1386 3143 Τὴν
1436 3087 1536 3158 γὰρ
1585 3106 1734 3139 σκια-

122 3173 486 3244 γραφηθεῐσαν
539 3148 784 3248 πρότερον
947 3182 1018 3245 τῷ
1065 3178 1203 3246 νόμῷ
1255 3148 1516 3228 πολιτείαν
1577 3174 1730 3230 ἐλθὼν
1772 3148 1812 3206 C

124 3262 149 3312 ὁ
181 3263 412 3335 Χριστὸς
451 3259 761 3337 ἇθεράπευσί
789 3281 844 3315 τε
867 3267 958 3315 καὶ
989 3263 1302 3316 τετελείωκεν

122 3510 235 3601 ’.ΟιςΔ
276 3525 362 3578 ἐὰν
422 3522 510 3579 οὖν
557 3526 687 3601 λύσῃ
743 3532 908 3601 μίαν,
941 3536 1040 3582 τῶν
1098 3527 1308 3582 ἐντολῶν
1380 3531 1573 3583 τούτων
1638 3537 1739 3582 τῶν

199 3598 516 3675 ξλαχίστων,
573 3597 706 3675 καὶἈ
743 3597 942 3674 διδάξῃ
1010 3601 1156 3675 ⁸οὕτω
1209 3605 1351 3675 τοὺς-
1407 3601 1732 3675 ἀνθρώπους,

197 3669 486 3747 ἰλάίχιστος
584 3669 930 3730 κληθήσεται⁷
1003 3671 1050 3725 ἓν
1147 3681 1209 3746 τῇ
1321 3669 1570 3747 βασιλείᾳ
1641 3682 1739 3727 τῶν

197 3741 453 3814 οὐρανῶν.

201 3835 424 3886 Φωτίου.
475 3830 792 3904 Ἐλαχίστην
845 3837 1004 3905 φησὶν
1059 3831 1262 3892 ἐντολὴν
1313 3839 1406 3893 τὴν
1473 3831 1735 3890 δοκοῦσάν

122 3937 240 3971 τισι
291 3923 554 3988 τοιαύτην,
601 3927 689 3975 καὶ
735 3927 805 3994 μὴ
844 3923 963 3975 καθ’
1011 3922 1221 3981 ἑαυτήν.
1268 3931 1444 3976 Ταῦτα
1493 3921 1553 3978 δε
1602 3925 1742 3997 λέγει

124 4007 334 4080 ἀνάγων
390 4013 532 4083 ἡμᾶς
582 4015 712 4085 πρὸς
755 4015 822 4064 τὰ
866 4013 1029 4084 μείζω
1080 4021 1180 4066 τῶν
1228 4012 1275 4064 ἐν
1324 4022 1397 4083 τῷ
1450 4018 1590 4086 νόμῳ
1637 4034 1743 4066 κει-

123 4101 312 4170 μένων.
370 4099 446 4151 Ού
499 4103 598 4175 γὰρ
655 4105 749 4160 τὴν
809 4101 971 4161 αὐτὴν
1027 4101 1333 4174 ἐπιτίμησιν
1387 4105 1501 4174 ἔχει
1558 4102 1734 4161 ἔντολή

123 4193 314 4239 πᾶσα·
379 4187 486 4242 ἐπεὶ
538 4186 660 4243 ούδέ
713 4197 862 4244 πᾶσα
926 4192 1116 4265 πρᾶξις
1174 4195 1267 4249 ἴση
1340 4191 1448 4245 ἐστὶ
1515 4194 1734 4253 πάσαις·

125 4274 237 4328 ἀλλ’
287 4276 391 4330 εἰσί
445 4297 573 4340 τινες
619 4279 672 4332 αἱ
710 4284 801 4332 καὶ
847 4285 1020 4356 χωρὶς
1049 4285 1306 4354 τιμωρίας
1351 4280 1583 4354 ἀφίενται
1622 4289 1733 4342 τοῖς

124 4365 518 4440 ἁμαρτάνουσιν
548 4389 562 4402 ·
617 4369 679 4431 ἃς
729 4373 816 4422 καὶ
879 4369 1164 4443 ἐλαχίστας
1223 4374 1347 4433 ’ίσως
1411 4371 1645 4425 ἐκάλεσεν
1703 4375 1728 4425 ό

121 4459 372 4528 Χριστός.
1759 4503 1804 4557 D

118 4734 256 4806 Ἐγώ
290 4729 350 4787 δε
391 4732 518 4808 λέγω
547 4734 667 4808 ύμῖν
711 4736 791 4787 ὅτι
831 4740 934 4796 πᾶς
963 4735 988 4786 ό
1032 4734 1364 4807 ὀργιζόμενος
1396 4742 1466 4806 τῷ
1515 4732 1718 4808 ἀδελφῷ

411 4806 732 4872 αύτοῦείκῆ,
761 4809 940 4878 ἔνοχος
971 4806 1118 4858 ἔσται
1146 4813 1208 4878 τῇ
1241 4811 1433 4878 κρίσει.

190 4907 416 4957 Φωτίου.
464 4902 539 4955 Ού
586 4910 734 4956 πᾶσα
777 4903 903 4976 ὀργὴ
950 4912 1045 4966 τῆς
1091 4908 1307 4976 κρίσεως
1354 4907 1564 4976 ἔνοχος’
1613 4904 1719 4958 ἀλλ’

115 4995 144 5052 ἡ
179 4995 276 5066 μὲν
319 4997 521 5064 ματαία
565 4998 656 5046 καὶ
686 4993 794 5052 εἰκῆ
843 4992 981 5046 ἔστιν
1029 4996 1229 5066 ἓνόχοςο
1263 4995 1294 5052 ἠ
1330 4996 1495 5053 ἣττων
1526 4999 1718 5058 ταύτης

112 5086 208 5134 καὶ
257 5085 332 5154 μὴ
381 5077 476 5134 διὰ
521 5085 811 5156 χρημάτων
857 5082 1098 5156 εὐπορίαν
1145 5083 1175 5141 ἦ
1228 5083 1409 5153 φθόνον
1455 5092 1716 5156 γεγονυῖα,

112 5176 252 5244 μήτε
299 5174 405 5243 μὴν
450 5167 526 5223 δι’
577 5169 764 5244 ἀρετὴν
812 5171 842 5230 ἡ
882 5171 1070 5244 ψυχῆς
1099 5171 1361 5244 ὠφέλειαν,
1405 5180 1720 5247 συγγνώμης

107 5262 260 5316 ἐστὶν
319 5259 464 5323 ἀξία.
497 5259 556 5315 Ἠ
614 5256 674 5314 δε
727 5261 874 5333 ἑτέρα
926 5264 1013 5313 καὶ
1055 5263 1190 5314 κατὰ
1244 5269 1344 5314 τῶν
1401 5260 1720 5334 ἀμελούντων

1848 1864 1980 1904 esse
2008 1847 2176 1902 illum
2230 1847 2538 1903 hominem
2584 1847 2801 1913 solum,
2849 1863 3057 1904 verum
3103 1847 3280 1902 simul
3323 1847 3503 1904 etiam

1849 1940 2075 2003 Deum;
2134 1940 2337 2009 utpote
2380 1937 2482 2010 qui
2536 1951 2655 1992 non
2711 1952 3034 2009 corporum
3085 1940 3340 2005 tantum,
3395 1937 3504 1992 sed

1844 2029 2134 2098 praeterea
2184 2026 2524 2082 animarum
2567 2040 2802 2098 quoque
2846 2030 3184 2082 curatorem
3243 2041 3306 2080 se
3362 2041 3502 2097 pree-

1843 2114 2074 2170 buisset
2093 2117 2150 2170 et
2180 2114 2502 2170 medicum.

1845 2203 2013 2260 Vens.
2048 2204 2135 2260 13.
2168 2204 2264 2259 Ad
2291 2203 2550 2344 nihilum
2577 2205 2739 2260 valet
2760 2203 2954 2330 pura,
2988 2202 3106 2259 nisi
3137 2207 3202 2259 ut
3230 2203 3503 2259 mittatur

2539 2290 2692 2341 oras,
2724 2291 2756 2330 e
2783 2290 2836 2330 c.

2539 2290 2692 2341 oras,
2724 2290 2836 2330 etc.

1915 2363 2134 2421 Photii.
2183 2362 2282 2420 Sal
2311 2367 2484 2420 terra;
2527 2363 2668 2420 dicit
2713 2380 2812 2420 eos
2855 2363 2958 2436 qui
3001 2363 3208 2421 divina
3260 2363 3504 2420 oracula

1844 2453 2244 2526 promulgant,
2278 2452 2615 2524 colligentia
2653 2457 2710 2509 et
2739 2452 3193 2510 corroborantia
3239 2457 3503 2510 mentem

1843 2542 2238 2600 audientium.

1843 2633 2010 2689 Vens.
2049 2637 2131 2688 t7.
2164 2633 2301 2689 Non
2331 2631 2465 2689 veni
2491 2634 2719 2689 solvere
2774 2633 2968 2702 legem,
3011 2631 3112 2688 sed
3161 2631 3503 2701 adimplere.

1921 2721 2135 2777 Photii.
2170 2721 2282 2787 Qui
2315 2720 2506 2791 legem
2533 2720 2741 2793 implet
2765 2726 2822 2776 et
2847 2721 2922 2775 ad
2951 2719 3277 2792 perfectum
3305 2719 3505 2776 addu-

1846 2812 1922 2868 cit
1949 2812 2165 2883 ipsam,
2199 2827 2369 2866 verus
2398 2810 2448 2866 is
2477 2809 2724 2866 demum
2755 2809 3104 2866 observator
3161 2809 3334 2876 illius,
3381 2823 3505 2866 non

1846 2905 2046 2956 autem
2063 2900 2414 2964 destructor,
2441 2898 2558 2955 dici
2587 2898 2789 2954 debet.
2832 2897 2942 2963 Qui
2965 2898 3121 2954 enim
3145 2897 3508 2968 designatio-

1846 3004 1983 3044 ncm
2014 2989 2225 3044 rudem
2245 2987 2519 3057 imaginis
2541 2986 2904 3058 primoribus
2925 2990 3155 3042 tantum
3177 2985 3506 3042 lineamen-

1846 3078 1915 3133 tis
1932 3077 2256 3146 designatte
2269 3074 2622 3131 inducendis
2637 3073 2934 3131 coloribus
2951 3074 3024 3130 ad
3042 3075 3246 3130 vivum
3273 3074 3503 3146 implet,

1843 3166 2126 3240 perﬁcere
2159 3164 2360 3238 utique
2391 3163 2738 3234 imaginem,
2769 3178 2890 3218 non
2939 3167 3137 3219 autem
3181 3162 3377 3218 delere
3415 3162 3508 3218 di-

1844 3255 2071 3310 cendus
2097 3259 2202 3310 est.
2234 3253 2616 3323 Designatam
2659 3257 2860 3307 autem
2907 3251 3081 3325 quasi
3130 3251 3506 3308 lineamentis

1845 3343 2092 3399 rudibus
2115 3343 2262 3414 legis
2308 3342 2542 3409 veteris,
2600 3341 2770 3412 regni
2822 3341 3073 3397 caelestis
3122 3339 3508 3412 disciplinam

1847 3431 2171 3489 elaboravit
2199 3435 2253 3488 et
2282 3431 2538 3488 absolvit
2577 3429 2842 3486 Christus
2869 3431 2969 3499 (7).

1849 3521 2015 3575 Vens.
2051 3522 2137 3576 19.
2172 3520 2282 3587 Qui
2309 3536 2448 3590 ergo
2478 3517 2713 3576 solverit
2737 3534 2920 3590 unum
2941 3517 3014 3574 de
3042 3515 3334 3573 mandatis
3377 3517 3508 3574 istis

1921 3592 2202 3656 minimis,
2229 3598 2282 3648 et
2320 3592 2586 3648 docuerit
2609 3593 2688 3646 sic
2741 3589 3017 3654 homines,
3043 3590 3318 3646 minimus
3351 3603 3508 3645 voca-

1923 3663 2084 3720 bitur
2108 3665 2169 3720 in
2201 3678 2385 3734 regno
2411 3665 2708 3719 caelorum.

1920 3840 2147 3898 Photii.
2173 3841 2482 3896 Minimum
2496 3839 2994 3896 dicitmandatum
3011 3838 3154 3894 illud
3171 3837 3337 3911 quod
3360 3837 3509 3894 forte

1849 3929 2213 4002 quibusdam
2245 3929 2378 3994 tale,
2411 3928 2724 3996 videretur,
2765 3945 2900 3983 cum
2949 3943 3154 3983 revera
3205 3925 3506 3996 ejusmodi

1849 4034 1970 4074 non
2001 4018 2092 4074 sit.
2114 4021 2245 4073 Haec
2261 4021 2459 4072 autem
2481 4017 2620 4073 dicit
2637 4015 3056 4086 cogitationem
3078 4019 3349 4071 nostram
3369 4013 3504 4070 hinc

1847 4107 2123 4164 attollens
2153 4106 2231 4162 ad
2263 4105 2696 4176 suspicandum
2749 4120 2935 4176 quam
2993 4103 3161 4173 gravi
3209 4101 3503 4174 supplicio

1843 4195 2100 4252 tuendus
2127 4196 2198 4251 sit
2220 4192 2522 4264 neglectus
2545 4193 2849 4264 majorum
2877 4195 3304 4265 praeceptorum
3327 4189 3498 4259 legis.

1843 4288 1969 4342 Non
1999 4285 2159 4342 enim
2187 4282 2367 4339 simili
2397 4281 2690 4355 supplicio
2721 4282 2991 4339 mandati
3035 4279 3298 4351 cujusvis
3326 4278 3502 4336 viola-

1840 4376 1920 4432 tio
1950 4375 2230 4446 punitur;
2264 4377 2326 4429 ut
2355 4387 2464 4428 nec
2497 4371 2691 4427 meriti
2746 4371 2907 4444 paris
2955 4371 3107 4426 actio
3158 4367 3502 4442 praecipitur

1836 4464 2060 4519 cunctis
2088 4460 2410 4517 mandatis.
2445 4461 2661 4516 Verum
2709 4458 2996 4516 mandata
3045 4456 3328 4531 quaedam
3360 4461 3500 4514 sunt

1833 4569 1970 4626 quas
1996 4554 2121 4608 sine
2143 4566 2325 4622 poena
2352 4550 2730 4606 remittuntur
2782 4547 3192 4620 peccantibus,
3217 4563 3348 4620 quas
3376 4545 3499 4603 for-

1831 4645 1991 4698 tasse
2021 4640 2268 4696 minima
2300 4639 2559 4695 Christus
2586 4636 2932 4710 appellavit.

1830 4745 2000 4799 Vens.
2031 4745 2124 4798 22.
2166 4741 2289 4811 Ego
2315 4745 2511 4811 autem
2537 4739 2664 4794 dico
2695 4737 2846 4793 vobis
2871 4737 3009 4811 quia
3036 4737 3227 4811 omnis
3253 4735 3357 4808 qui
3377 4736 3497 4792 ira-

2101 4808 2284 4868 scitur
2304 4810 2496 4881 fratri
2520 4825 2646 4875 suo,
2689 4825 2818 4865 reus
2846 4809 2954 4864 erit
2971 4808 3223 4878 judicio.

1900 4911 2121 4967 Photii.
2166 4908 2294 4964 Non
2335 4907 2531 4964 omnis
2556 4907 2645 4962 ira
2684 4905 2893 4978 judicii
2925 4921 3026 4961 rea
3051 4909 3157 4970 est,
3205 4904 3310 4959 sed
3355 4920 3492 4976 qua:

1830 4999 1994 5056 nulla
2022 4998 2239 5054 idonea
2267 4997 2340 5052 de
2366 5012 2550 5052 causa
2569 4994 2922 5051 exardescit.
2959 4996 3074 5050 Hac
3104 4993 3280 5066 siqua
3299 4997 3386 5048 est
3411 4993 3492 5049 le-

1829 5088 1976 5152 vior,
2003 5101 2197 5159 neque
2226 5100 2326 5156 per
2353 5083 2640 5139 invidiam
2659 5081 2737 5138 ob
2750 5081 2982 5153 copiam
2999 5081 3334 5137 divitiarum
3358 5097 3490 5153 quas

1829 5177 1888 5233 in
1923 5175 2126 5248 aliquo
2149 5175 2242 5240 sit,
2272 5176 2376 5229 aut
2403 5177 2646 5245 prOpter
2670 5171 2948 5227 virtutem
2999 5169 3489 5244 spiritualemque

1831 5264 2167 5338 profectum
2199 5261 2260 5318 in
2291 5260 2644 5334 quempiam
2673 5259 3064 5333 concipiatur,
3096 5260 3270 5319 venia
3304 5260 3488 5333 digna

1685 5405 1906 5464 NOTAE.

186 5532 272 5607 (7)
305 5529 392 5589 et.
425 5544 487 5603 q.
523 5529 742 5591 cxcnx.
