4060 6218
534 268 676 327 1195

1744 265 1835 325 PH
1845 266 1980 324 OTlI
2017 266 2203 323 ΡΑΤΗ

2334 266 2492 323 ΟΗιΕ
2531 266 2647 327 CP.
3812 266 3901 321 “’3

536 400 641 453 est.
676 394 849 451 Aliud
880 399 969 452 est
998 395 1099 451 irae
1130 410 1318 467 genus
1359 411 1494 468 quas
1524 393 1806 450 adversus
1825 393 2191 464 neglectores

2334 401 2395 455 ῆς
2446 392 2631 469 ἀρετῆς
2673 396 2941 466 γενομένη,
2978 392 3036 446 οὐ
3082 396 3234 465 μόνον
3276 396 3573 464 συγγνώμη
3591 412 3639 459 ς,
3681 388 3817 443 ἆ)λὰ
3855 416 3913 444 ιι

535 484 767 541 virtutis
795 484 1066 555 insurgit,
1096 501 1226 557 quae
1257 501 1379 540 non
1416 483 1608 539 solum
1636 482 1832 549 venia,
1875 482 1981 539 sed
2012 482 2189 539 etiam

534 572 714 630 laude
752 573 1099 646 honoreque
1137 589 1324 645 qnam
1353 573 1618 629 maximo
1656 577 1744 628 est
1774 571 1974 642 digna.

609 663 719 729 Qui
729 669 922 720 autem
944 662 1183 734 dixerit,
1204 663 1417 729 Fatue,
1435 676 1572 718 reus
1589 662 1699 718 erit
1717 661 1998 732 gehennae
2019 660 2187 732 ignis.

610 823 817 881 Photii.
853 821 1177 880 Concilium
1218 822 1327 878 hoc
1356 822 1488 878 loco
1521 825 1741 878 coetum
1783 824 1839 877 et
1872 820 2189 891 collegium

537 916 881 967 sanctorum
913 915 1103 967 sonat.
1137 911 1426 966 Nimirum
1466 910 1567 983 qui
1592 909 1805 965 dixerit
1852 909 2012 964 fratri
2057 925 2186 973 suo,

536 1004 714 1068 Raca,
736 1016 854 1056 non
879 1001 936 1056 in
966 1016 1154 1055 unum
1186 1000 1456 1072 peccavit
1478 999 1668 1064 illum,
1704 998 1808 1054 sed
1833 998 1894 1054 in
1920 1014 2187 1054 commuo

536 1089 782 1145 nitatem
809 1088 1154 1144 universam
1185 1092 1239 1143 et
1264 1086 1692 1159 rempublicam
1714 1091 2059 1142 sanctorum
2091 1102 2185 1141 cu-

2300 482 2507 535 ἐπαίνον
2538 488 2628 535 καὶ
2654 490 2808 555 τιμῆς
2834 484 2915 535 ὃτι
2955 482 3197 544 πλείστης
3229 482 3371 535 ἐστὶν
3404 481 3557 545 ἀξία.

2296 658 2386 719 ⁸ος
2413 656 2464 712 δ’
2495 658 2555 710 ἂν
2587 662 2726 732 εἴπῃ,
2767 661 2936 733 Maps,
2972 661 3153 743 ἓνοχρς
3180 661 3329 712 ἔσται
3369 658 3442 721 εἰς
3469 662 3574 717 τὴν
3605 662 3832 729 γέεγιω
3858 678 3919 710 τε.

3007 750 3191 805 πυρος.

2371 824 2590 874 Φωτίου.
2621 815 2892 892 Συνέδρων
2919 817 3139 872 ἐνταῦθα
3170 839 3301 891 φησι
3330 823 3390 872 τὸ
3425 828 3531 871 τῶν
3562 819 3773 890 ἁγίωνο
3802 840 3889 871 xz:
3912 842 3925 869 7'.

2298 911 2385 961 τὸν
2414 904 2631 980 ἀδελφὸν
2663 907 2821 959 αὐτοῦ
2856 907 3008 960 εἰπὼν
3029 906 3205 969 Ῥακά,
3240 908 3335 960 οὐκ
3366 908 3439 969 εἰς
3466 908 3565 960 ἕνα
3608 910 3927 979 ἡμάρτηῶ.

2300 995 2407 1049 ἀλλ’
2452 997 2524 1059 εἰς
2565 996 2701 1049 ἅπαν
2741 1000 2799 1048 τὸ
2844 1001 3012 1048 κοινόν
3038 1018 3050 1029 ο
3081 992 3166 1049 διὸ
3193 1000 3282 1049 καὶ
3310 1005 3383 1068 τῷ
3426 992 3718 1070 συνεδρίῳ
3766 998 3931 1068 Erexi;

2299 1084 2459 1154 ἐστιν,
2492 1088 2561 1148 ὡς
2579 1088 2767 1138 τούτνο
2794 1091 3210 1159 καταφρονήσας.

530 1178 629 1250 jus
671 1177 763 1233 ille
807 1177 1149 1233 membrum
1187 1180 1294 1232 est.
1330 1178 1485 1243 Qure
1515 1180 1573 1231 et
1595 1191 1733 1231 reus
1766 1175 1995 1232 concilii
2025 1180 2147 1241 est;
2178 1175 2292 1231 hoc
2340 1179 2433 1230 est
2464 1174 2657 1247 poenis
2700 1174 2953 1231 obnoxis
2984 1190 3139 1248 quas
3174 1174 3248 1232 ob
3283 1175 3421 1231 suiu
3454 1178 3935 1248 contempturus
4004 1244 4005 1249 η

538 1267 852 1323 universus
883 1266 977 1321 ille
1008 1271 1192 1322 coetus
1225 1266 1301 1322 ab
1334 1265 1434 1321 illo
1476 1268 1857 1336 contemptus
1888 1269 1943 1319 et
1969 1264 2224 1321 violatus
2244 1264 2378 1336 jure
2406 1280 2512 1319 suo
2545 1267 2811 1335 repetere
2837 1264 3066 1335 poterit.

540 1356 707 1410 Vens.
742 1355 837 1412 39.
872 1356 1002 1427 Ego
1032 1362 1228 1411 autem
1270 1356 1399 1411 dico
1423 1355 1580 1411 vobis
1604 1354 2004 1411 nonresistere
2021 1356 2202 1409 malo.

601 1444 824 1500 Phom'.
859 1444 1082 1500 Malum
1113 1446 1228 1501 hoc
1254 1444 1386 1501 loco
1413 1444 1555 1500 dicit
1594 1460 1731 1500 eum
1763 1444 1861 1515 qui
1900 1443 2095 1514 pulsat
2120 1443 2205 1499 in-

536 1533 696 1604 juste
726 1534 989 1606 aliquem
1023 1539 1079 1590 et
1124 1534 1280 1590 male
1314 1534 1549 1604 accipit.
1594 1534 1703 1599 Qui
1735 1539 1936 1589 autem
1994 1532 2205 1591 resistit

541 1626 598 1677 et
625 1628 938 1694 repugnat,
982 1623 1216 1679 videtur
1247 1623 1470 1679 malum
1521 1621 1760 1687 imitari,
1790 1622 1904 1677 hoc
1932 1627 2022 1677 est
2073 1636 2203 1693 per-

542 1725 843 1767 cussorem
863 1728 1058 1767 suum.
1088 1712 1144 1768 Si
1162 1712 1341 1781 igitur
1367 1711 1592 1767 malum
1609 1716 1696 1767 est
1717 1711 1931 1767 laedere
1947 1710 2204 1766 vicissim

2454 1355 2589 1425 Ἐγὼ
2622 1350 2680 1406 δὲ
2704 1352 2833 1425 λέγω
2859 1355 2980 1426 ὑμῖν
3005 1357 3077 1424 μὴ
3108 1352 3408 1412 ἀντιστῆναι
3438 1362 3517 1424 τῷ
3554 1363 3807 1427 πονηρῷ.

2386 1446 2603 1497 Φωτίου.
2676 1445 2904 1516 Πονηρόν
2970 1440 3192 1495 ἐνταῦθα
3261 1447 3347 1495 τὸν
3409 1440 3629 1505 ἀδίκως
3690 1446 3937 1495 τύπτοντί

2312 1550 2430 1583 τινα
2502 1536 2587 1584 καὶ
2665 1530 3015 1605 ἔπηριάζοντα
3099 1531 3255 1603 λέγει.
3328 1532 3387 1584 Ὀ
3468 1530 3535 1585 δὲ
3621 1531 3935 1584 ὅωτιπίπτω

2312 1620 2483 1693 [forte
2520 1620 2668 1691 lege.
2712 1619 3051 1694 ἀντιτῡπτων]
3079 1626 3170 1673 καὶ
3214 1620 3657 1694 ἀναμαχόμενος
3695 1626 3835 1675 ἔοικε
3872 1642 3937 1673 τςι

2312 1712 2533 1785 πονηρὸν
2586 1711 2883 1783 μιμεῖσθαι,
2930 1714 3165 1763 τουτέστι
3209 1716 3293 1763 τὸν
3338 1711 3599 1782 τύψαντα
3648 1712 3847 1764 αὐτὸν.
3898 1718 3935 1764 Ei

542 1814 681 1855 eum
706 1801 810 1871 qui
839 1800 1070 1865 lmserit,
1105 1800 1407 1857 laudabile
1438 1800 1611 1856 fuerit
1642 1801 1719 1857 ab
1752 1816 1822 1856 eo
1859 1799 2158 1856 abstinere
2185 1821 2197 1858 :

2334 1804 2481 1851 ὀίνυν
2537 1804 2694 1851 κακόν
2760 1798 2873 1851 ἐστι
2925 1803 2983 1851 τὸ
3038 1798 3385 1859 ἀντιλυπῆσαι
3450 1806 3544 1853 τὸν
3602 1801 3935 1863 λυπῆσαι,

541 1887 685 1960 quin
704 1889 901 1960 potius
918 1890 1719 1956 curareiram,demulcendo
1742 1889 2203 1962 deliniendoque

542 1976 919 2045 adversario;
950 1978 1345 2035 confundetur
1384 1978 1543 2035 enim
1584 1994 1653 2034 eo
1686 1983 1879 2051 pacto,
1913 1982 1969 2033 et
2007 1978 2202 2035 bonus

548 2066 622 2122 de
660 2067 824 2124 malo
861 2069 963 2123 ﬁet
992 2069 1091 2141 (8).

551 2154 722 2213 Vens.
760 2157 849 2214 45.
890 2159 964 2215 Ut
993 2158 1120 2215 sitis
1148 2159 1270 2227 ﬁlii
1311 2158 1513 2285 (Patris
1570 2159 1766 2225 vestri,
1817 2159 1923 2230 qui
1968 2157 2031 2214 in
2060 2159 2207 2214 caelis

1248 2245 1304 2285 es
1340 2272 1352 2285 .
1382 2245 1412 2285 e
1441 2245 1491 2284 c.

1248 2245 1352 2295 est,
1382 2245 1491 2285 etc.

614 2319 825 2375 Photii.
861 2321 1176 2393 Propterea
1214 2318 1426 2375 fratres
1452 2334 1563 2375 nos
1602 2319 1851 2384 vocavit,
1881 2334 2016 2374 cum
2058 2324 2209 2379 servi

545 2409 732 2465 simus
760 2408 967 2479 ipsius,
997 2413 1055 2464 et
1086 2409 1428 2465 cohteredes
1456 2408 1609 2479 fecit,
1641 2408 1808 2480 quod
1849 2409 1977 2479 ejus
2015 2409 2211 2466 imita—

546 2501 702 2553 tores
740 2496 1031 2551 fuerimus
1064 2497 1320 2570 pluentis
1351 2497 1410 2552 in
1451 2496 1705 2568 injustos
1744 2501 1799 2553 et
1845 2504 2205 2569 peccatores,

540 2589 601 2653 ,et
616 2600 688 2641 ex
704 2585 1484 2657 mquoatqueindiﬂ'erenter
1512 2585 1799 2642 omnibus
1817 2586 2004 2643 solem
2031 2603 2208 2643 suum

544 2673 686 2730 oriri
712 2673 1004 2729 facientis.

546 2764 681 2819 CAP.
706 2763 797 2819 Vl.
828 2763 1002 2819 Vens.
1037 2764 1151 2830 3,4.
1182 2763 1424 2821 Nesciat
1453 2763 1696 2821 sinistra
1714 2769 1819 2822 tua
1847 2764 1992 2836 quid
2017 2765 2211 2834 faciat

1176 2836 1423 2892 dextera
1455 2844 1584 2892 tua.

616 2923 828 2980 Photii.
857 2926 935 2980 Ne
964 2923 1314 2991 innotescat,
1353 2924 1566 2996 inquit,
1601 2922 1927 2980 irrationali
1957 2923 2211 2995 portioni

550 3013 730 3069 vestri
768 3028 922 3086 opus
971 3012 1279 3069 rationalis
1325 3012 1559 3077 animm,
1591 3028 1667 3069 ne
1718 3012 1857 3068 huic
1882 3012 1981 3068 illa
2038 3028 2213 3084 agere

550 3102 786 3174 paranti
813 3102 887 3158 sit
908 3101 1338 3173 impedimento
1364 3121 1375 3160 :
1402 3107 1459 3158 et
1491 3101 1593 3159 illa
1621 3118 1759 3175 pars
1791 3119 1924 3175 quae
1963 3102 2215 3172 dignita-

555 3196 672 3247 tem
705 3191 923 3247 divinae
950 3190 1228 3261 imaginis
1261 3206 1381 3246 una
1410 3195 1607 3247 tuetur
1637 3207 1705 3247 ac
1746 3192 2010 3257 sustinet,
2037 3191 2215 3248 rebel-

547 3280 706 3337 lione
731 3279 959 3336 vilioris
991 3280 1379 3352 interpellata,
1424 3280 1839 3352 imperfectum
1878 3280 2214 3353 relinquere

548 3375 801 3440 cogatur
825 3369 991 3441 quod
1033 3369 1185 3426 bene
1224 3370 1546 3441 inceperat.
1604 3371 1828 3427 Reddet
1871 3376 2070 3427 autem
2110 3370 2214 3428 tibi

2314 1888 2506 1960 ἆγαθὸν
2556 1888 2615 1941 ἂν
2666 1893 2740 1947 εἴη
2793 1892 2852 1941 τὸ
2901 1893 2973 1961 μὴ
3005 1897 3155 1942 τοῦτο
3202 1898 3464 1949 ποιῆσαι·
3499 1890 3646 1942 ἀλλά
3690 1897 3939 1950 παντοίως

2317 1980 2631 2053 θεραπεῦσαι
2659 1983 2751 2037 τὴν
2780 1978 2940 2052 ὀργὴν
2966 1983 3055 2030 καὶ
3075 1979 3458 2054 παρακαλέσαι.
3484 1980 3933 2051 Δίσχυνθὴσετω

2312 2070 2410 2141 γὰρ
2443 2073 2531 2120 καὶ
2561 2067 2756 2140 ἀγαθὸς
2784 2066 2894 2120 ἀντὶ
2923 2075 3087 2119 κακοῦ
3112 2074 3227 2137 γενὴ
3240 2087 3405 2124 σεται.

2312 2160 2491 2221 Ὀπως
2526 2159 2746 2229 γένησθε
2776 2159 2881 2209 υἱοὶ
2911 2164 3002 2210 τοῦ
3045 2160 3249 2233 Πατρός
3276 2158 3419 2229 ὑμῶν
3466 2165 3568 2210 τοῦ
3599 2156 3653 2210 ἓν
3689 2158 3934 2233 οὐρανοῖςτ
4020 2172 4021 2177 ‘

3010 2249 3058 2283 κ.
3092 2248 3143 2285 τ.
3160 2228 3220 2283 θλ.

2389 2322 2610 2374 Φωτίον.
2666 2320 2759 2369 Διὰ
2812 2324 2965 2370 τοῦτο
3021 2314 3267 2390 ἀδελφοὺς
3325 2319 3466 2389 ἡμᾶς
3526 2318 3771 2376 κέκληκε
3821 2315 3936 2370 37;-

2316 2409 2431 2469 λους
2493 2412 2641 2469 ὄντας
2708 2406 2887 2477 αὑτοῦ,
2956 2411 3045 2458 καὶ
3120 2406 3593 2480 συγκληρονὸμους
3682 2408 3935 2465 ἐποίητςλ-

2318 2501 2383 2559 ὡς
2409 2501 2683 2570 γεγονότας
2711 2496 2868 2549 αὑτοῦ
2900 2498 3131 2569 μιμητὰς
3162 2495 3453 2569 βρέχοντός
3494 2516 3553 2549 τε
3604 2497 3693 2550 ἐπὶ
3730 2495 3937 2557 ἀδίκους

2318 2592 2407 2639 καὶ
2454 2584 2808 2659 ἁμαρτωλοὺς,
2851 2588 2940 2637 καὶ
2990 2590 3150 2637 πᾶσιν
3199 2585 3387 2657 ὁμοίως
3437 2583 3825 2647 ἀνατέλλοντος
3863 2606 3933 2636 τεν

2320 2674 2462 2733 ἣλιον
2475 2716 2486 2728 .

2318 2768 2402 2822 Μὴ
2480 2768 2659 2834 γνώτω
2733 2764 2761 2821 ἡ
2843 2760 3094 2837 ἀριστερά
3169 2781 3261 2816 σου
3336 2767 3390 2816 τί
3466 2771 3591 2817 ποεῖ
3684 2767 3714 2823 ἡ
3803 2762 3933 2827 δεξιά

3060 2853 3177 2888 σου.

2392 2927 2611 2978 Φωτίου.
2650 2928 2735 2982 Μὴ
2780 2928 2977 2996 γνώτω,
3010 2928 3190 2996 φησὶν,
3332 2921 3381 2975 ἐν
3419 2925 3548 2996 ἡμῖν
3612 2925 3815 2998 ἀλογίᾳ
3859 2934 3933 2983 ti;

2320 3014 2535 3086 λογικῆς
2584 3011 2770 3085 ψυχῆς
2822 3016 2881 3065 τὸ
2936 3014 3098 3086 ἔργον,
3150 3014 3233 3064 ἵνα
3285 3017 3356 3085 μή
3419 3011 3700 3088 ἐμποδίσῃ
3763 3016 3930 3080 this,

2321 3107 2411 3155 καὶ
2462 3107 2608 3175 μείνῃ
2660 3100 2844 3163 ἀτελὴς
2895 3104 2925 3161 ἡ
2983 3103 3233 3163 σώζουσα
3276 3106 3332 3154 τὸ
3378 3102 3494 3154 κατ’
3538 3104 3748 3163 εἰκόνα.
3789 3108 3933 3158 Ἀπο-

2324 3189 2487 3245 δώσιι
2532 3211 2616 3244 σοι
2657 3188 2715 3244 δὲ
2762 3190 2809 3243 ἐν
2841 3198 2911 3263 τῷ
2959 3201 3177 3267 φανερῷ,
3210 3198 3388 3264 φησιν,
3434 3191 3481 3243 ἐν
3529 3201 3594 3265 τῇ
3655 3194 3931 3247 ἀναστάσει

2324 3276 2565 3337 δηλονότι
2592 3301 2604 3314 ·
2638 3281 2755 3332 ὅταν
2810 3280 2868 3333 οὐ
2911 3286 3063 3353 μόνον
3105 3288 3285 3346 ταῦτα,
3335 3278 3464 3333 ἀλλὰ
3512 3287 3607 3335 καὶ
3662 3287 3840 3337 πάντα
3878 3290 3932 3335 τὰ

2323 3372 2531 3442 κρυπτὰ
2560 3372 3033 3443 φανερωθήσονται.

548 3458 612 3514 in
644 3458 909 3529 publico,
950 3458 1050 3526 ait,
1079 3458 1140 3514 in
1171 3460 1599 3516 resurrectione
1642 3460 1930 3526 videlicet,
1969 3461 2207 3532 quando
2247 3474 2369 3517 non
2399 3459 2532 3515 hmo
2563 3458 2780 3526 solum,
2822 3460 2930 3516 sed
2960 3459 3165 3517 omnia
3219 3463 3469 3520 omnino
3501 3462 3933 3521 revelabuntur

545 3563 578 3601 o
594 3546 809 3602 cculta.

551 3636 823 3691 Vsas.i7.
875 3636 961 3690 Tu
999 3641 1194 3692 autem
1250 3650 1382 3691 cum
1412 3638 1680 3707 jejunus,
1724 3652 1880 3707 unge
1918 3641 2118 3707 caput,
2163 3646 2215 3694 et

1065 3707 1281 3776 faciem
1310 3712 1476 3763 tuam
1516 3709 1676 3764 lava.

622 3794 838 3851 Photii.
868 3794 1061 3851 Ambo
1091 3795 1240 3860 haec,
1268 3796 1411 3865 ungi
1439 3800 1493 3853 et
1521 3795 1729 3863 lavari,
1762 3797 2215 3854 consuetudinis

552 3884 886 3941 laetantium
933 3889 1089 3940 sunt.
1142 3884 1274 3941 Vult
1316 3885 1494 3955 igitur
1518 3885 1631 3942 hoc
1690 3884 1960 3943 Christus
2002 3886 2216 3959 jubere

553 3973 648 4030 his
672 3973 907 4033 verbis:
942 3977 1005 4030 ut
1029 3990 1166 4030 cum
1197 3974 1493 4031 hilaritate
1524 3979 1578 4031 et
1604 3974 1827 4045 gaudio
1849 3975 2079 4047 jejunio
2118 3976 2216 4033 de-

555 4064 900 4133 fungamur.
931 4063 1247 4119 Enimvero
1274 4068 1399 4120 tum
1414 4064 1778 4137 praecipuam
1807 4065 2102 4122 habemus
2125 4066 2219 4122 les-

560 4153 723 4209 tandi
749 4168 1024 4216 causam,
1047 4169 1186 4209 cum
1216 4153 1395 4210 bonis
1424 4154 1704 4226 operibus
1734 4170 2017 4211 vacamus
2049 4155 2152 4226 (9).

564 4243 730 4298 Vens.
764 4244 854 4297 21.
910 4242 1020 4299 Ubi
1048 4242 1202 4299 enim
1233 4250 1314 4299 est
1350 4244 1675 4369 (thesaurus
1720 4248 1877 4310 tuus,
1931 4244 2012 4300 ibi
2041 4250 2121 4301 est
2164 4251 2218 4301 et

1229 4329 1326 4369 cor
1376 4330 1539 4369 uum.

1229 4329 1326 4369 007⁸
1350 4329 1539 4369 tuum.

636 4401 859 4459 Photii.
900 4403 1009 4459 Cor
1030 4401 1147 4458 hoc
1184 4401 1318 4458 loco
1364 4402 1634 4459 Salvator
1677 4404 2009 4476 principem
2041 4404 2219 4460 animi

2410 3641 2477 3690 Σὺ
2510 3634 2567 3691 δὲ
2597 3640 2859 3697 νηστεύων
2889 3638 3099 3711 ἀλειψαι
3140 3658 3234 3693 σου
3265 3644 3360 3714 τὴν
3389 3642 3643 3714 κεφαλὴν,
3678 3648 3772 3696 καὶ
3798 3648 3854 3696 τό

2822 3716 3102 3782 πρόσωπόν
3136 3731 3230 3764 σου
3256 3712 3424 3783 νίψαι.

2398 3803 2616 3853 Φωτίου.
2649 3798 2838 3871 ’Ἄμφω
2863 3807 3051 3869 ταῦτα,
3082 3804 3141 3853 τὸ
3173 3799 3473 3874 ἀλείφεσθαι
3510 3809 3603 3855 καὶ
3641 3807 3923 3863 ﬁneﬁne

2324 3894 2427 3947 τοῖς
2476 3887 2885 3961 εὐφραινομένοις
2929 3890 3166 3965 ὑπῆρχε.
3210 3894 3297 3944 Διὸ
3346 3897 3435 3945 καὶ
3481 3893 3509 3944 6
3543 3898 3790 3967 Χριστὸς

2326 3982 2498 4049 χαρᾶς
2559 3997 2612 4029 τε
2664 3982 2751 4030 καὶ
2800 3978 3119 4053 εὐφροσύνης
3174 3980 3366 4034 κελεύει
3431 3986 3804 4055 μετέρχεσθαι
3854 3990 3928 4039 τὴν

2327 4071 2604 4124 νηστείαν
2636 4069 2771 4120 ὥστε
2821 4073 3029 4142 χαίρειν
3089 4070 3231 4140 ἡμᾶς
3275 4066 3358 4123 δεῖ
3403 4075 3494 4124 καὶ
3546 4073 3926 4148 εὐφραίνεσθαι,

2302 4157 2448 4207 οὸταν
2474 4158 2539 4207 τὰ
2564 4155 2697 4209 καλὰ
2720 4155 3074 4230 ἐργαξωμεθα.

2326 4245 2495 4297 ”Οπου
2540 4248 2642 4318 γάρ
2693 4244 2833 4299 ἐστιν
2873 4248 2899 4299 ὁ
2931 4248 3192 4321 θησαυρὸς
3222 4249 3383 4320 ὑμῶν,
3418 4248 3524 4303 ἐκεῖ
3571 4254 3732 4305 ἔσται
3782 4261 3867 4307 καὶ
3906 4258 3925 4307 ὲ

2931 4316 3129 4392 καρδία
3159 4316 3320 4392 ὑμῶν.

2401 4409 2620 4459 Φωτίου.
2666 4402 2899 4480 Καρδίαν
2953 4406 3175 4461 ἐνταῦθα
3223 4411 3249 4461 6
3318 4414 3495 4483 Σωτὴρ
3566 4415 3657 4465 τὸν
3721 4418 3931 4487 ἡγεμόνα

566 4497 801 4565 partem
828 4496 1019 4558 vocat,
1054 4496 1316 4548 mentem
1348 4492 1566 4548 scilicet
1592 4510 1606 4559 ;
1637 4509 1760 4565 qua
1792 4494 2031 4551 notione
2054 4510 2206 4550 eam-

2334 4501 2444 4547 νοῦν
2496 4494 2658 4547 καλεῦ
2706 4496 2836 4548 οὕτω
2884 4499 2985 4570 γὰρ
3037 4503 3126 4550 καὶ
3174 4500 3199 4550 6
3254 4496 3421 4553 Δαϐὶδ
3477 4501 3642 4555 αὑτὸν
3710 4507 3929 4578 ὠνόμασε

565 4583 704 4638 dem
736 4584 912 4637 istam
942 4581 1139 4637 cordis
1190 4597 1331 4638 voce
1361 4588 1612 4654 usurpat
1642 4583 1825 4639 David
1857 4600 1995 4639 cum
2048 4583 2215 4641 dicit:

570 4672 688 4728 Cor
711 4671 998 4727 mundum
1028 4685 1160 4727 crea
1190 4671 1253 4726 in
1278 4687 1381 4735 me,
1408 4672 1562 4728 Deus
1582 4674 1622 4726 ³.
1644 4671 1787 4728 Hinc
1814 4677 1969 4744 patet
2006 4689 2221 4729 avaros

570 4762 675 4832 qui
697 4764 960 4816 mentem
986 4759 1325 4815 devinctam
1342 4759 1563 4815 divitiis
1588 4761 1863 4827 habeant,
1879 4761 2137 4818 alienare
2159 4778 2221 4818 se

570 4852 740 4924 ipsos
776 4866 812 4906 a
836 4849 1200 4922 Deo,utpote
1227 4864 1262 4905 a
1290 4864 1413 4921 quo
1452 4851 1921 4920 praestantiorem
1954 4851 2044 4905 sui
2092 4867 2222 4924 par-

571 4946 691 4997 tem
721 4943 1013 4996 avertunt.

651 5149 670 5180 ³
704 5142 861 5201 Psal.
890 5161 939 5210 L,
980 5146 1062 5199 t2.

2328 4581 2506 4653 λέγων·
2569 4580 2803 4656 Καρδίαν
2857 4587 3088 4661 καθαρὰν
3146 4591 3326 4640 κτίσον
3388 4591 3436 4641 ἓν
3512 4589 3656 4663 ἐμοὶ,
3715 4596 3741 4645 ὀ
3799 4599 3925 4655 Θιος.

2333 4670 2612 4725 Κάντεῦθεν
2668 4675 2717 4725 οἱ
2769 4672 3180 4749 φιλοχρήματοι⁸
3233 4680 3320 4729 τὸν
3386 4686 3505 4731 νοῦν
3568 4680 3925 4757 συνδεδεμένη

2332 4761 2531 4829 ἔχοντες
2598 4769 2705 4823 τοῖς
2757 4768 3053 4837 χρήμασιν,
3110 4764 3469 4840 mmmam
3548 4769 3780 4837 ἑαυτοὺς
3855 4783 3926 4826 τοῦ

2332 4851 2482 4905 Θεοῦ.

2142 5325 2362 5384 NOTE.

656 5531 734 5607 (8)
765 5528 846 5585 Cf.
874 5544 935 5604 q.
972 5526 1225 5593 XXXVII,
1253 5527 1436 5596 XLVI,
1467 5527 1720 5584 CXXXV.

2415 5533 2494 5605 (9)
2534 5534 2614 5591 Cf.
2650 5552 2702 5607 q.
2731 5537 2951 5596 CCXIV.
