4026 6206
181 248 331 309 1197
774 271 779 286 ι
1285 255 1720 313 FRAGMENTA
1757 255 1771 311 l

1957 257 2311 316 lTTHlEUM.
3407 257 3547 318 1198

175 375 281 458 Διὲι
346 381 523 465 τοῦτο,
567 374 698 462 λέγω
773 377 913 465 ὑμῖν,
978 383 1050 465 μὴ
1101 456 1111 465 ¹
1140 388 1419 465 μεριμνᾶτε
1608 382 1762 465 ψυχῇ

1971 383 2140 465 Vens.
2169 388 2256 465 25.
2283 386 2429 465 _Ideo
2455 387 2584 465 dico
2610 385 2780 465 vobis,
2814 398 2889 465 ne
2907 383 3144 465 solliciti
3162 384 3297 465 sitis
3326 387 3540 444 anima!

256 451 419 519 ὑμῶν,
471 451 523 500 τί
563 451 784 572 ἕαγητε,
817 455 907 502 καί
962 456 1012 503 τί
1049 451 1223 519 πίητε,
1260 451 1416 527 μηδὲ
1585 451 1791 526 σώματι

258 520 404 572 ὑμῶν
435 517 558 572 τίὲν
601 521 826 572 ύσησθε.

1955 463 2118 520 estrae,
2149 458 2296 527 quid
2349 458 2733 523 manducetis,
2784 460 2890 512 aut
2947 456 3094 526 quid
3117 457 3344 523 bibatis,
3361 473 3545 530 neque

1955 528 2135 572 irnnri
2160 534 2339 572 nmirn
2359 530 2508 572 mu'd
2526 527 2882 572 induamini-

258 521 404 592 ὑμῶν
435 522 488 572 τί
509 521 826 578 ἐνδύσησθε.
1277 521 1288 527 ⁷
1504 521 1513 525 ⁷
1663 521 1673 526 ⁷

1504 521 1513 525 ⁷
1663 521 1673 526 ⁷
1903 528 2135 597 corpori
2160 521 2339 585 oestro
2359 530 2508 601 quid
2525 521 2881 586 induamini.

256 612 478 663 Φωτίου.
531 608 642 661 Οὐκ
681 605 822 662 εἷπε’
865 614 918 662 τί
971 612 1241 684 φάγεταιή
1297 613 1477 686 ψυχὴ,
1516 615 1546 674 ἦ
1602 619 1653 668 τί
1681 635 1790 668 πιε-

1971 617 2188 674 Photii.
2215 618 2340 674 Non
2376 618 2512 674 dicit
2542 638 2553 677 :
2615 617 2764 689 quid
2814 614 3137 671 manducet
3193 616 3413 684 anima,
3444 622 3546 676 aut

173 715 310 750 ται·
356 697 510 770 ψυχὴ
565 700 666 772 γὰρ
723 705 872 752 πᾶσα
914 698 1194 773 ἀσώματος
1240 699 1393 774 οὖσα,
1449 708 1566 756 οὔτε
1627 703 1763 757 ἐσθίι

1954 703 2044 760 uid
2075 705 2257 762 bibat.
2286 706 2497 763 Anima
2522 706 2680 761 enim
2713 720 2957 777 prorsus
3005 704 3359 776 incorporea
3405 723 3544 762 cum

171 789 302 840 οὔτε
330 791 464 840 πίνει
488 805 502 820 ⁸
546 786 672 840 ἀλλά
699 807 712 820 ο
746 793 829 847 Μὴ
875 796 1234 866 μεριμνήσητε
1263 800 1325 864 τῇ
1377 791 1558 866 ψυχῇ,
1590 813 1641 844 τι
1690 795 1760 865 φοί

1955 798 1990 858 ι,
2024 809 2219 867 neque
2251 795 2573 851 manducat
2600 809 2789 866 neque
2827 793 2994 849 bibit.
3047 793 3163 848 Sed
3229 793 3372 850 dicit
3433 799 3545 852 :Ne

170 894 306 946 γητε
349 876 496 947 ὑμεῖς
542 876 572 936 ἣ
628 880 680 928 τί
709 879 910 936 πίνητε.
964 883 1064 932 Καὶ
1106 882 1206 954 γὰρ
1247 881 1278 939 ἡ
1311 879 1464 952 ψυχὴ
1511 880 1760 954 προϐάλλι

1956 881 2128 939 illiciti
2148 884 2505 941 sitisanimw
2551 884 2687 955 (hoc
2709 887 2792 938 est
2825 882 3051 951 anima)
3107 882 3248 954 quid
3291 883 3546 939 mandu-

169 983 268 1016 ται
322 969 414 1024 τὴν
466 963 728 1039 ὁρατικὴν
777 962 1032 1041 δύναμιν
1075 967 1182 1021 ἀλλ’
1242 968 1300 1021 οὐ
1357 972 1520 1042 χάριν
1578 970 1759 1030 ἑαυτῆς

1959 971 2038 1027 ιιὶε
2060 988 2168 1028 vos
2199 978 2298 1029 aut
2321 972 2470 1046 quid
2496 972 2739 1029 bibatis.
2786 970 3016 1027 Etenim
3048 971 3254 1027 anima
3317 976 3549 1029 exercet

169 1051 312 1106 ἀλλὰ
339 1061 434 1116 τῆς
460 1061 554 1108 τοῦ
612 1060 850 1129 σώματος
903 1061 1148 1134 προνοίας
1171 1077 1183 1090 ·
1217 1065 1370 1111 τοῦτο
1426 1061 1525 1135 γάρ
1579 1057 1693 1112 ἐστι
1725 1078 1759 1110 τι

1955 1077 2077 1133 ,que
2106 1062 2309 1118 incitat
2361 1062 2744 1135 appetitivam
2777 1061 3140 1130 facultatem,
3169 1075 3291 1116 non
3340 1062 3545 1134 utique

174 1147 511 1216 τρεφόμενον.

1957 1149 1984 1205 li
2009 1166 2214 1220 causa,
2247 1152 2351 1208 sed
2411 1151 2650 1224 corpori
2714 1149 3032 1207 consulens
3063 1165 3076 1218 ;
3124 1149 3238 1206 hoc
3270 1150 3430 1207 enim
3459 1156 3547 1208 est

1895 1239 2062 1311 quod
2092 1240 2373 1296 alimento
2405 1243 2796 1297 sustentatur.

245 1325 337 1379 Μὴ
366 1325 578 1394 κρίνετε,
615 1323 698 1375 ἱνα
725 1327 798 1395 μὴ
829 1325 1064 1398 κριθῆτε,
1096 1344 1148 1379 κ.
1176 1345 1223 1380 τ.
1256 1325 1303 1380 λ.

1955 1345 2028 1384 ir.
2065 1332 2176 1385 VII.
2210 1332 2377 1384 Vens.
2403 1335 2449 1385 l.
2507 1330 2709 1386 Nolite
2745 1327 3041 1398 judicare,
3074 1332 3127 1384 et
3150 1343 3266 1384 non
3305 1330 3545 1397 judica-

1939 1401 2359 1457 bimin-i.Notite
2375 1402 2842 1467 condemnare,et
2862 1415 2977 1455 non
2996 1399 3541 1457 condemnabimini.

245 1485 469 1535 Φωτίου.
526 1481 644 1536 Ἐὰν
702 1486 906 1555 κρίνῃς,
964 1485 1214 1559 κριθὴση,
1266 1489 1442 1557 φησὶν,
1487 1487 1586 1538 ὑπό
1638 1505 1785 1539 σεαυ-

1965 1490 2186 1547 Photii.
2229 1489 2284 1546 Si
2351 1491 2607 1556 iudicas,
2636 1489 2945 1562 judicaris,
2975 1488 3188 1561 inquit,
3220 1505 3257 1546 a
3287 1495 3341 1546 te
3394 1490 3540 1562 ipso.

166 1578 289 1624 τοῦ.
352 1570 413 1624 Εἰ
467 1573 568 1644 γὰρ
635 1570 973 1645 ἁμαρτωλοὺς
1035 1577 1244 1645 κρίνεις,
1323 1574 1628 1647 ἁμαρτωλὸς
1694 1577 1756 1627 ὠν

1970 1579 2129 1634 enim
2145 1583 2481 1651 peccatores
2496 1578 2749 1650 judicas,
2783 1582 3059 1650 peccator
3087 1577 3237 1649 ipse,
3259 1577 3543 1635 adversus

166 1662 312 1713 κατά
340 1668 560 1713 σεαυτοῦ
599 1666 694 1719 τὴν
753 1658 894 1714 ἰδίαν
950 1667 1122 1734 κρίσιν
1181 1667 1365 1735 φέρεις.
1399 1662 1554 1737 "Agat;
1607 1665 1756 1718 λοιπό

1957 1667 2279 1739 metipsum
2311 1668 2622 1740 proprium
2629 1669 2650 1740 j
2664 1667 2928 1723 udicium
2947 1666 3063 1724 fers
3094 1685 3108 1734 ;
3134 1666 3257 1723 noli
3286 1683 3427 1738 ergo
3449 1669 3542 1739 ju-

160 1749 222 1802 τὸ
297 1748 499 1822 ἐτέρους
550 1754 760 1818 κρίνειν,
821 1756 911 1804 καὶ
963 1755 1104 1825 κρίνε
1155 1755 1392 1817 σεαυτὸν,
1447 1758 1600 1824 μόνον
1651 1755 1750 1806 ὅπα

1951 1738 2292 1823 ἱοδνέδίἱοε,
2314 1738 2503 1813 εεά⁷ίε
2531 1738 2728 1829 ipsum
2748 1755 2940 1812 solum
2975 1773 2988 1823 ;
3023 1771 3096 1812 ne
3129 1756 3262 1812 aliis
3284 1762 3338 1814 te
3368 1738 3541 1813 vicis-

160 1842 238 1910 μή
267 1837 353 1910 ἀφ’
393 1837 571 1912 ἐτέρων
606 1843 902 1913 κρινόμενος
925 1843 1292 1916 κληρονομήση
1309 1863 1329 1904 ς
1355 1845 1583 1912 γέενναν,

1896 1846 2010 1902 sim
2047 1846 2454 1917 judicantibus
2486 1847 2774 1917 gehennm
2808 1845 3186 1918 adjudiceris.

163 1929 353 2007 Πάντα
421 1923 508 1980 οὖν
581 1929 683 2007 ὅσα
741 1927 801 1980 ἂν
875 1929 1052 1987 θέλητε
1127 1932 1209 1982 ἶνα
1259 1939 1482 1983 ποιῶσιν
1547 1933 1668 2004 ὑμῖν
1733 1952 1753 1984 ο

1952 1953 2059 1991 sas.
2089 1939 2176 1991 i2.
2211 1937 2418 1993 Omnia
2447 1952 2586 2006 ergo
2617 1951 2987 2007 quaecunque
3026 1935 3202 1991 vultis
3223 1936 3542 2004 utfaciant

237 2000 708 2085 “.Y‘GPPROI,'00TM
767 2005 856 2052 καὶ
911 2002 1060 2073 ὑμεῖς
1116 2009 1311 2056 ποιεῖτε
1371 2003 1545 2064 αὐτοῖς
1567 2000 1590 2032 ’⁷
1639 2003 1783 2066 οὗτος

1964 2008 2118 2088 vobis
2145 2000 2684 2088 hominesita'etvbs
2703 2000 3161 2078 facite'illis;hwc
3177 2013 3259 2064 est
3270 2000 3424 2064 enim
3447 2010 3543 2064 tea:

237 2081 344 2144 γαρ
368 2081 508 2123 εστιν
538 2090 564 2122 ο
591 2081 745 2143 νόμος
771 2081 861 2124 καὶ
893 2081 942 2126 οὶ
971 2082 1254 2146 προφῆται.

771 2081 861 2124 καὶ
893 2081 942 2126 οὶ
971 2082 1254 2146 προφῆται.
1964 2086 2017 2136 et
2043 2081 2351 2150 prophetae.

237 2163 464 2217 Φωτίου.
498 2159 557 2212 Ὀ
585 2169 740 2232 νομος
785 2161 905 2214 οὔτο
921 2183 960 2227 ς,
994 2168 1182 2235 φησὶν,
1240 2163 1334 2216 οὐκ
1383 2165 1492 2216 ἔστι
1546 2167 1782 2236 πρόσφα-

1961 2169 2176 2226 ΡΙιοιίί.
2210 2171 2342 2224 Haec
2361 2168 2476 2233 lex,
2503 2167 2714 2241 inquit,
2757 2182 2881 2223 non
2909 2182 3115 2223 recens
3143 2166 3268 2223 lata
3298 2171 3400 2223 aut
3429 2182 3537 2222 nu-

158 2268 273 2314 τος,
316 2245 439 2302 οὐδε
479 2246 792 2314 ἀποδείξεών
838 2271 990 2304 τινων
1044 2258 1135 2305 καὶ
1198 2251 1624 2329 ἐπιχειρημάτων
1668 2250 1748 2306 ded

1947 2273 1996 2313 ει·
2028 2258 2187 2314 edita
2217 2261 2304 2314 est
2339 2273 2352 2312 :
2380 2272 2574 2329 neque
2596 2256 2670 2313 ad
2700 2255 3279 2312 demonstrationem
3321 2255 3537 2311 utilita-

157 2358 316 2411 μενος
382 2341 462 2390 ὅτι
526 2338 703 2400 καλὸς⁶
766 2338 894 2392 ἀλλὰ
956 2349 1050 2404 τῆς
1117 2344 1319 2414 φύσεως
1374 2352 1470 2404 τῆς
1528 2345 1747 2418 ἡμετέρα

1949 2346 2398 2419 ιεεειυίιεῐὶείιυθ
2424 2362 2542 2400 suae
2586 2344 2974 2401 suasionibus
3016 2343 3321 2401 rhetorum
3365 2359 3539 2416 argu-

158 2430 308 2480 ἑστὶν
381 2429 568 2480 ὡσανεὶ
637 2429 1001 2503 παράγγελμα,
1087 2435 1384 2484 τουτέστιν·
1455 2433 1555 2485 ὅσα
1625 2431 1748 2505 ἐσμὲ

1953 2435 2216 2507 entisque
2246 2434 2488 2506 indiget,
2526 2435 2631 2489 sed
2663 2437 2880 2490 naturas
2913 2433 3098 2505 ipsius
3146 2437 3369 2488 nostra;
3419 2432 3539 2489 edi-

157 2517 428 2591 πρόθυμοι
469 2522 558 2569 καὶ
579 2519 811 2589 πάσχειν
843 2517 926 2590 ὑφ’
977 2518 1187 2592 ἑτέρων,
1239 2524 1328 2572 καὶ
1391 2518 1624 2573 ἀπαιτεῖν
1653 2540 1747 2592 παρ

1947 2541 2046 2580 um
2065 2523 2241 2596 quasi
2272 2527 2626 2595 perpetuum
2676 2526 2766 2579 est
2809 2539 2825 2579 :
2882 2526 2946 2578 ut
2999 2537 3135 2594 quae
3179 2519 3430 2577 libenter
3459 2523 3537 2578 ab

158 2605 356 2669 αὐτῶν,
403 2613 570 2658 ταῦτα
617 2604 842 2679 ἐσόμεθα
879 2609 1271 2683 προθυμότεροι
1313 2611 1442 2681 πρὸς
1488 2613 1610 2671 τοὺς
1645 2609 1744 2667 πλη

1947 2614 2013 2668 iis
2043 2612 2368 2684 accipimus
2394 2610 2796 2668 deferentibus
2825 2612 2998 2678 ultro,
3032 2627 3068 2667 a
3118 2609 3536 2667 cunctantibus

157 2698 278 2747 σίον
303 2693 653 2767 ἐργάζεσθαιο
696 2702 850 2748 τοῦτο
879 2699 1002 2770 γὰρ,
1054 2702 1206 2768 φησὶ,
1251 2700 1310 2749 τὸ
1361 2695 1630 2769 δικαίωμα
1668 2717 1747 2750 κοι

1944 2703 2062 2758 iam
2115 2701 2432 2771 exigimus,
2478 2699 2692 2756 eadem
2758 2704 3190 2772 repraesentare
3243 2699 3534 2771 proximis

154 2787 242 2836 νόν
283 2781 424 2836 ἐστιν
481 2782 563 2836 ἇπὶ
609 2789 792 2840 πᾶσιν.
845 2784 991 2838 ’Ὀσα
1038 2787 1137 2858 γάρ
1195 2805 1280 2838 σοι
1332 2786 1473 2856 αύτῷ
1527 2784 1744 2862 δυσχερῑ

1944 2791 2062 2848 iam
2123 2791 2462 2864 promptius
2513 2789 2924 2862 prolixiusque
2970 2793 3339 2844 studeamus.
3401 2790 3534 2842 Haac

153 2874 435 2944 τυγχάνει,
501 2880 671 2926 ταῦτα
728 2878 910 2947 νόμιζε
976 2880 1066 2928 καὶ
1125 2881 1234 2937 τοῖς
1293 2875 1483 2950 ἑτέροις
1554 2884 1743 2928 τοιαῦτ.

1943 2881 2054 2948 lim,
2092 2880 2306 2952 inquit,
2335 2877 2676 2936 communis
2709 2881 2888 2950 atque
2935 2876 3218 2933 omnibus
3269 2875 3533 2948 impositi

153 2959 326 3014 εἶναι’
373 2967 462 3015 καὶ
511 2963 612 3015 ὅσα
669 2963 804 3016 καλὰ
853 2969 944 3018 καί
1005 2964 1257 3037 ὠφέλιμα,
1312 2971 1479 3018 ταῦτα
1525 2970 1612 3017 καὶ
1662 2973 1743 3018 τοί

1942 2968 2060 3024 ﬁcii
2082 2968 2288 3039 regula
2309 2972 2415 3023 est.
2445 2966 2828 3038 Quaecunque
2847 2965 3008 3021 enim
3036 2964 3140 3021 tibi
3161 2964 3276 3038 ipsi
3292 2967 3532 3035 ingrata

151 3050 334 3114 ἄλλοις
365 3049 494 3105 εἶναι
521 3059 758 3108 τοιαῦτα.

1941 3062 2032 3125 .nt,
2067 3057 2277 3113 eadem
2307 3061 2363 3112 et
2393 3056 2521 3112 aliis
2572 3053 2840 3110 similiter
2883 3053 3122 3110 molesta
3151 3068 3284 3110 esse
3342 3053 3531 3109 existi-

1879 3162 2032 3203 mare
2063 3151 2116 3202 te
2147 3145 2423 3201 convenit
2433 3159 2846 3217 ;qutecunque
2878 3158 3020 3200 vero
3044 3142 3209 3199 bona
3239 3141 3527 3214 experiris

1876 3241 1932 3292 et
1961 3234 2302 3299 commoda,
2337 3234 2463 3289 haec
2495 3233 2708 3290 eadem
2747 3237 2804 3288 et
2832 3231 2960 3288 aliis
2999 3231 3144 3287 talia
3161 3247 3312 3288 esse.

484 3317 752 3372 Εἰσέλθετε
783 3313 877 3372 διὰ
905 3328 1002 3382 τῆς
1042 3328 1224 3382 στενῆς
1251 3319 1386 3378 πύλη
1398 3341 1437 3382 ς.
1946 3322 2074 3378 VEB:

1946 3322 2115 3378 Vens.
2145 3322 2232 3378 13.
2274 3323 2508 3378 Intrate
2525 3336 2636 3390 per
2660 3326 2966 3390 angustam
2977 3326 3237 3389 portam.

233 3411 455 3461 Φωτίου.
503 3409 636 3460 Οὔτε
698 3411 848 3466 στενὴ
904 3410 1020 3461 οὔτε
1073 3408 1378 3481 τεθλιμμένη
1412 3407 1552 3462 ἐστὶν
1591 3410 1621 3469 ἡ
1677 3415 1764 3460 νῦν

1942 3411 2155 3468 Photii.
2190 3413 2390 3483 Neque
2411 3414 2672 3480 angusta
2711 3423 2906 3480 neque
2962 3412 3126 3464 arcta
3171 3422 3278 3480 per
3317 3421 3380 3462 se
3437 3411 3527 3463 est

154 3500 407 3567 γενομένη
463 3495 621 3560 πύλη,
677 3494 805 3548 ἀλλά
863 3499 1014 3568 φύσει
1061 3501 1150 3570 μὲν
1204 3497 1422 3551 πλατεῖα
1475 3503 1563 3550 καὶ
1622 3497 1740 3571 εὐρύ

1934 3516 1996 3556 ia
2025 3500 2100 3555 de
2121 3515 2282 3555 nunc
2312 3499 2508 3571 agitur
2536 3501 2731 3570 porta,
2766 3497 2869 3552 sed
2901 3501 3118 3552 natura
3147 3495 3396 3568 quidem
3455 3510 3524 3550 ac

155 3603 359 3658 χωρος,
401 3589 540 3657 νόμῳ
586 3582 644 3638 δὲ
703 3587 937 3660 ἡμετέρῳ
993 3591 1083 3639 καὶ
1134 3591 1436 3661 προαιρέσει
1471 3593 1560 3640 καὶ
1613 3606 1745 3640 στεντ

1936 3587 2212 3644 »ηᾶὶῐὶοιιθ
2242 3587 2484 3661 propria
2508 3586 2628 3643 lata
2655 3591 2712 3643 et
2733 3586 3011 3658 spatiosa,
3058 3584 3325 3641 instituto
3385 3599 3526 3640 vero

157 3673 273 3727 ἐστι
301 3679 394 3728 καὶ
420 3674 750 3748 τεθλιμμένη,
784 3677 853 3736 ὦς
879 3694 1036 3748 φησιν
1069 3677 1094 3728 ὁ
1129 3679 1333 3750 Κύριος.

1937 3678 2246 3750 'bitrioque
2275 3683 2505 3742 nostro,
2533 3680 2591 3732 et
2615 3679 2781 3733 arcta
2837 3681 2892 3731 et
2920 3677 3194 3744 angusta,
3225 3678 3286 3730 ut
3316 3673 3396 3729 ait
3413 3675 3527 3729 Do-

1874 3767 2001 3824 min
2011 3785 2100 3824 us.

156 3853 262 3908 Καὶ
344 3858 417 3922 τῷ
494 3857 571 3938 σιξ)
663 3849 907 3938 ὀνόμξιτι,
966 3847 1216 3938 datadata
1268 3850 1606 3937 ’E5s6’a'lottsv,
1677 3872 1745 3905 κα

1937 3873 2048 3913 tas.
2077 3860 2163 3911 22.
2190 3856 2268 3938 Et
2300 3856 2362 3911 in
2376 3855 2613 3938 nomine
2643 3859 2743 3938 tuo
2760 3853 3049 3938 daemonia
3069 3852 3363 3938 ejecimigs,
3395 3851 3527 3908 etin

319 3919 396 3993 τῷ
426 3931 502 3994 σῷ
528 3919 760 3998 ὀνόματι⁷
773 3919 1024 3996 δυνάμεις
1049 3919 1235 3984 πολλὰς
1260 3919 1571 3995 ἐποιήσαμεν
1593 3942 1605 3988 ;

2103 3928 2336 3982 nomine
2364 3934 2458 3980 tuo
2490 3925 2735 3980 virtutes
2763 3925 2983 3980 multas
3008 3919 3258 3993 fecimus
3287 3921 3314 3976 ἢ

230 4015 457 4066 Φωτίου.
527 4013 592 4065 Οἱ
651 4009 906 4085 δαίμονας
977 4009 1354 4085 φυγαδεύοντες
1433 4017 1522 4064 καὶ
1587 4015 1767 4072 νόσους

1948 4014 2162 4070 Photii.
2194 4015 2301 4080 Qui
2320 4014 2631 4068 daemonas
2655 4012 2934 4080 fugantet
2959 4011 3207 4066 morbos
3225 4009 3530 4081 expellunt

154 4098 545 4162 ἀποδιώκοντες
575 4105 665 4154 καὶ
719 4104 786 4153 τὰ
837 4101 1184 4177 παραπλήσια
1240 4106 1434 4173 σημεῖα
1482 4107 1744 4162 ποιοῦντες

1939 4103 2216 4174 miliaque
2247 4101 2418 4174 signa
2443 4100 2685 4163 faciunt,
2716 4115 2752 4154 δ.
2781 4100 2900 4153 Deo
2935 4097 3068 4153 talis
3095 4097 3394 4154 facultatis
3424 4097 3529 4152 do-

154 4193 303 4263 παρὰ
359 4198 492 4245 Θεοῦ
552 4194 644 4250 τὴν
700 4193 955 4250 τοιαύτην
989 4193 1231 4263 εἰλήφασι
1285 4186 1503 4264 δωρεάν.
1551 4187 1744 4242 Κάντεῦ

1936 4209 2026 4248 1m
2065 4195 2444 4262 acceperunt.
2478 4192 2558 4244 Ex
2588 4204 2710 4261 quo
2739 4187 2874 4260 ipso
2900 4201 3123 4256 magna
3156 4185 3217 4240 in
3255 4201 3356 4242 eos
3383 4185 3526 4240 obli-

156 4282 241 4334 θεν
288 4279 456 4354 ἐχρῆν
502 4279 686 4341 αύτούς
746 4285 837 4333 καὶ
891 4279 1077 4350 ἀρετὰς
1129 4281 1415 4338 κεκτῆσθαι
1464 4287 1568 4340 τοῖς
1610 4283 1745 4354 χαρί

1936 4281 2040 4337 itio
2056 4278 2752 4350 incumbitparandarum
2771 4277 3057 4333 virtutum
3071 4273 3526 4331 cbarismatibus

156 4388 335 4441 σμασι
385 4368 774 4430 καταλληλουςο
851 4368 960 4422 ἐπεὶ
1010 4365 1069 4422 δὲ
1138 4374 1454 4442 χαρίσματα
1516 4368 1745 4442 εἰληφότε

1938 4385 2044 4426 sce
2073 4369 2544 4439 congruentium.
2587 4366 2880 4434 Quoniam
2920 4364 3101 4434 igitur
3149 4363 3528 4419 charismatis

155 4459 254 4511 οὐκ
313 4457 593 4531 ἐφύλαττον
657 4458 892 4525 ἑαυτοὺς,
951 4457 1057 4511 ἀλλ’
1105 4457 1310 4511 ἐποίουν
1340 4460 1406 4510 τὰ
1454 4458 1643 4530 φαῦλα,
1693 4457 1744 4534 ἐῤ

1939 4459 2138 4531 :ceptis
2168 4473 2285 4514 non
2305 4455 2711 4513 custodierunt
2733 4455 2984 4526 seipsos,
3003 4454 3109 4509 sed
3132 4453 3292 4510 mala
3321 4467 3529 4525 perpe-

149 4549 284 4623 ῥέθη
355 4551 484 4619 πρὸς
558 4548 766 4611 αύτούς,
865 4547 1218 4623 Ἀποχωρεῑτε
1306 4546 1394 4600 ἀπ’
1462 4551 1606 4620 ἐμοῦ,
1676 4548 1739 4600 ού]

1936 4547 2360 4615 arunt,dictum
2376 4550 2464 4602 est
2494 4545 2747 4617 adipsos
2769 4563 2779 4603 :
2805 4543 3098 4601 Discedite
3127 4549 3162 4599 a'
3194 4557 3303 4608 me,
3329 4543 3526 4598 nescio

152 4633 287 4690 οἶδα
342 4636 495 4710 ὑμᾶς.
555 4640 689 4699 Τοὺς
751 4638 854 4711 γὰρ
907 4643 1259 4709 γινώσκοντας
1311 4637 1462 4689 αὐτὸν
1516 4642 1604 4689 καὶ
1643 4635 1742 4710 ἀγα

1938 4655 1974 4693 ιε
2002 4657 2014 4706 ;
2047 4641 2474 4707 cognoscentes
2491 4635 2651 4691 enim
2672 4640 2725 4689 et
2752 4637 3024 4690 amantes
3044 4631 3238 4705 ipsum
3262 4631 3528 4688 redamat

153 4734 372 4788 πῶντας
402 4724 680 4799 ἁνταγαπᾴ
709 4727 735 4778 ὁ
766 4729 894 4788 Θεὸς
925 4730 1016 4778 καὶ
1044 4731 1312 4798 γινώσκει.

1199 4745 1312 4781 ῖκει.
1877 4733 1933 4784 et
1964 4726 2226 4782 vicissim
2265 4723 2576 4796 cognoscit
2615 4726 2789 4778 Deus.

154 4815 238 4869 Οὐ
300 4818 403 4889 γὰρ
489 4811 643 4875 ἦλθον
699 4813 946 4891 ’καλέσαι
1045 4811 1306 4891 δικαίους,
1410 4813 1537 4867 ἀλλὰ
1601 4814 1738 4891 ἁμαρ

1933 4834 2010 4872 ir.
2053 4817 2144 4871 IX.
2177 4815 2346 4891 Vens.
2407 4817 2508 4891 l3.
2549 4813 2683 4869 Non
2733 4813 2885 4891 enim
2916 4812 3050 4891 veni
3079 4825 3290 4891 uocare
3308 4812 3523 4881 justos,

625 4886 820 4950 τωλοὺς
877 4887 944 4947 εἰς
1008 4889 1301 4959 μετάνοιαν.
1635 4883 1644 4888 ⁷
1710 4883 1718 4891 ⁷
2193 4904 2215 4941 s

1710 4883 1718 4891 ⁷
2193 4887 2292 4942 sed
2309 4889 2642 4954 peccatores
2673 4884 2752 4939 ad
2814 4883 3239 4952 paenitentiam.

234 4979 453 5030 Φωτίου.
510 4979 600 5040 Τὸ,
655 4975 764 5028 Οὐκ
831 4972 984 5034 ἦλθον
1041 4974 1257 5027 καλέσαι
1319 4971 1580 5041 δικαίους,
1641 4973 1766 5027 ἀλλὰ

1945 4976 2164 5033 Photii.
2200 4974 2366 5038 Illud,
2401 4975 2534 5030 Non
2563 4973 2696 5029 veni
2725 4986 2935 5028 vocare
2956 4972 3172 5042 iustos,
3202 4971 3304 5026 sed
3331 4985 3525 5040 pecca-

155 5064 521 5138 ἁμαρτωλούς,
568 5061 723 5132 εἶπεν,
785 5065 868 5117 ἵνα
919 5061 1063 5137 δείξῃ
1125 5066 1204 5116 ὅτι
1263 5063 1372 5117 Ούκ
1413 5062 1566 5122 ἦλθον
1620 5063 1743 5116 καλέ

1935 5082 2035 5130 res,
2067 5065 2228 5132 dixit,
2257 5067 2317 5118 ut
2339 5061 2673 5118 ostenderet
2701 5076 2818 5115 non
2849 5059 3084 5115 venisse
3127 5059 3326 5132 utique
3356 5075 3418 5114 se
3446 5059 3525 5116 ad

158 5174 255 5208 σαι
308 5155 443 5226 ὑμᾶς
499 5157 616 5215 τοὺς
657 5150 987 5214 δικαιοῦντας
1045 5153 1275 5218 ἑαυτοὺς,
1309 5152 1436 5204 ἀλλά
1477 5157 1596 5215 τοὺς
1642 5154 1748 5226 ὁμο·

1930 5151 2181 5208 )candos
2203 5166 2303 5205 eos
2329 5165 2479 5221 quos
2511 5147 2948 5220 alloquebatur,
2981 5147 3083 5220 qui
3107 5163 3168 5202 se
3198 5148 3366 5219 ipsos
3400 5147 3520 5203 exi-

153 5243 441 5314 λογοῦντας
521 5241 858 5316 ἁμαρτωλοὺς
915 5239 1044 5296 εἶναι
1107 5246 1196 5294 καὶ
1261 5243 1594 5314 πειθομένους
1661 5249 1743 5294 τοῖ

1932 5241 2202 5296 imabant
2226 5237 2834 5309 etjactabantjustos.
2860 5239 3084 5292 Navare
3100 5237 3258 5293 enim
3289 5252 3352 5291 se
3375 5252 3519 5308 ope-

157 5331 303 5404 ἒμοῖς
328 5333 754 5407 προστάγμασιν.

1934 5329 2085 5386 .miis
2111 5326 2699 5384 duntaxatv-coandis
2715 5326 2818 5398 qui
2841 5341 2902 5382 se
2934 5326 3086 5382 ultro
3130 5329 3524 5397 agnoscerent

155 5425 216 5479 et
243 5421 563 5478 faterentur
580 5424 918 5494 peccatores
956 5435 1088 5476 esse
1131 5437 1146 5472 :
1178 5418 1400 5492 quique
1431 5419 1545 5476 ista
1576 5419 1919 5477 humilitatis
1958 5417 2216 5492 propriae
2255 5415 2619 5474 conscientia
2657 5414 2964 5484 submissi,
3018 5414 3241 5473 dociles
3287 5430 3349 5470 se
3395 5413 3517 5469 suis

157 5509 358 5569 verbis
387 5514 448 5570 et
473 5509 876 5584 obsequentes
903 5507 1161 5585 imperiis
1191 5509 1540 5582 praeberent.
