4026 6206
538 230 678 288 1199
1749 230 1992 287 ΡΗΟΤΙῙ
2033 230 2128 286 PA‘

2258 229 2518 288 ARCHE
2560 231 2675 291 CP.
3754 233 3848 293 12$}

539 358 705 412 Vens.
744 359 825 410 t7.
855 354 1059 427 Neque
1102 354 1334 410 mittunt
1389 355 1588 412 vinum
1639 370 1855 413 novum
1912 357 1975 412 in
2036 361 2129 411 utr

2266 353 2440 410 ,Ούδε
2530 356 2813 431 βάλλουσιν
2904 354 3037 431 οἶνον
3136 359 3245 409 νέον
3335 355 3406 420 εἰς
3518 354 3711 419 ἀσκούς
3782 380 3856 412 τι·

1184 433 1418 483 veteres.
2530 428 2538 431 ’

2530 428 2538 431 ’
3000 428 3192 489 λαιούς.

612 534 829 591 Photii.
866 534 1031 589 Utres
1062 535 1311 599 veteres,
1353 532 1629 589 homines
1656 534 1716 589 in
1744 538 1897 591 statu
1925 534 2069 604 legis
2102 551 2191 591 ve-

2370 540 2589 592 Φωτίου.
2644 536 2865 598 Ἀσκούς
2930 535 3179 597 παλαιούς
3230 538 3353 598 τούς
3432 533 3487 587 ἐν
3580 544 3651 606 τῷ
3705 539 3860 607 παλιιῷ

538 623 677 680 teris
716 621 1062 677 constitutos
1093 620 1252 677 dicit.
1285 622 1499 676 Vinum
1518 639 1658 679 vero
1690 640 1933 688 novum,
1980 624 2128 679 Chris

2296 627 2435 695 νόμῳ
2496 627 2759 695 κειμένους
2810 623 2977 695 λέγει’
3033 620 3167 675 οἶνον
3220 619 3279 675 δε
3332 626 3463 687 νέον,
3496 626 3595 681 τὴν
3646 631 3733 675 τοῦ
3773 632 3868 697 Χρίο

540 712 791 783 gratiam
814 709 991 766 nobis
1017 709 1311 782 posterius
1337 711 1566 781 datam,
1590 717 1695 769 aut
1716 716 1949 769 Novum
1994 715 2128 769 Test

2302 720 2427 764 στοῦ
2470 716 2633 787 χάριν
2685 717 2779 772 τὴν
2833 709 3077 766 δοθεῖσαν
3108 714 3234 784 ἡμῖν
3280 712 3527 787 ὕστερον,
3584 713 3615 769 ἦ
3649 717 3737 769 την
3768 720 3868 766 Nix:

537 804 830 856 mentum.

2301 804 2459 860 Διαθή
2468 822 2586 860 κην.

538 909 672 964 CAP.
714 911 773 963 X.
810 909 972 961 Vens.
1007 906 1096 983 38.
1124 907 1203 962 Et
1223 907 1327 978 qui
1350 924 1463 963 non
1494 908 1707 978 accipit
1729 924 1961 983 crucem
1995 924 2128 967 sum

2302 913 2402 962 Καὶ
2467 909 2519 983 ὃς
2594 908 2663 983 κού
2755 908 3003 983 λαμϐάνει
3068 910 3153 961 τὸν
3192 980 3203 983 _
3244 911 3473 983 σταυρὸν
3576 909 3749 983 αῖᾶτοῦ,
3808 916 3877 961 καὶ

821 984 874 1034 et
894 980 1161 1049 sequitur
1179 995 1284 1043 me,
1318 996 1436 1035 non
1467 987 1553 1035 est
1576 996 1667 1037 me
1708 981 1938 1051 dignus.

2496 979 2768 1034 ἀκολουθεί
2797 979 2964 1034 ὀπίσω
2994 1000 3117 1053 μου,
3148 980 3244 1033 οὐκ
3274 979 3392 1033 ἔστι
3415 1000 3527 1053 μου
3558 981 3719 1043 ἄξιος.

609 1086 827 1142 I’hotii.
851 1086 1091 1153 Quinon
1120 1086 1355 1155 bajulat
1381 1102 1613 1143 crucem
1632 1102 1836 1152 meam,
1855 1088 2189 1160 inquit,non

2371 1092 2589 1141 Φωτίου.
2641 1086 2829 1148 Ὀστις
2888 1086 2947 1140 ού
3020 1086 3279 1160 βαστάζει
3330 1090 3418 1138 τὸν
3500 1092 3727 1160 σταυρόν
3783 1109 3878 1159 μου,

538 1183 618 1232 est
647 1191 738 1232 me
761 1176 1041 1246 dignus‘.
1098 1178 1214 1230 Hoc
1243 1180 1349 1241 est,
1418 1176 1691 1249 quisquis
1741 1181 1997 1232 mortem
2054 1194 2128 1234 m4

2300 1184 2478 1248 φησιν,
2537 1177 2631 1231 ούκ
2687 1180 2797 1230 ἔστι
2853 1197 2954 1249 μου
3021 1178 3182 1240 ἄξιος.
3243 1181 3556 1239 Τουτέστεν,
3618 1179 3757 1237 ὅστις
3816 1180 3881 1228 τὸν

536 1280 719 1321 causa
736 1264 1106 1321 subeundam
1119 1280 1239 1320 non
1256 1280 1493 1336 semper
1504 1265 1706 1322 animo
1720 1265 2126 1331 volvit,assidu

2298 1267 2423 1339 ὑπὲρ
2452 1264 2575 1338 ἐμοῦ
2630 1267 2846 1319 θάνατον
2899 1265 2993 1319 ούκ
3025 1265 3102 1319 ἀεὶ
3133 1269 3247 1337 ἔχει
3272 1264 3321 1317 ἐν
3381 1274 3444 1337 τῇ
3482 1265 3649 1339 ψυχῇ
3700 1271 3781 1319 καὶ
3814 1264 3882 1319 δι-

539 1368 659 1425 que
688 1352 1033 1421 meditatur,
1066 1368 1189 1409 non
1218 1359 1304 1409 est
1332 1369 1429 1409 me
1461 1354 1701 1425 dignus.

2299 1364 2490 1416 ηνεκῶς
2519 1362 2697 1408 τοῦτον
2728 1356 2931 1427 μελετᾷ,
2962 1356 3056 1408 ούκ
3085 1358 3199 1408 ἔστι
3230 1374 3331 1429 μου
3359 1355 3537 1417 ἄξιος.

611 1460 745 1517 CAP.
776 1463 859 1517 Xt.
888 1463 1051 1516 Vens.
1085 1461 1245 1537 6._E_t
1279 1460 1479 1537 beatus
1535 1465 1614 1517 est
1640 1461 1745 1533 qui
1770 1475 1887 1517 non
1922 1462 2105 1532 fuerit

2300 1467 2401 1515 Καὶ
2462 1463 2715 1537 μακάριός
2779 1460 2917 1514 ἐστιν
2978 1461 3047 1537 ὃς⁵
3107 1460 3189 1513 ἐὰν
3263 1465 3335 1534 μή
3417 1457 3787 1534 σκανδαλισθῇ
3844 1462 3880 1513 ἐν

964 1532 1408 1589 scandalizatus
1448 1532 1512 1588 in
1576 1532 1687 1590 me.
2463 1532 2471 1534 “

1576 1532 1687 1590 Ὶηέ.
2463 1532 2471 1534 ﬁ
2607 1532 2617 1537 ⁷
3026 1532 3159 1606 ἐμοί.

608 1640 817 1696 Photii.
840 1640 1052 1696 Multos
1078 1639 1359 1696 otfendite
1378 1655 1413 1695 a
1443 1656 1565 1712 qua
1585 1640 1707 1696 duo
1729 1639 2188 1712 discipuliJoan-

2367 1644 2585 1695 Φωτίου.
2620 1638 2803 1693 Πολλοὶ
2843 1636 3281 1699 ἐσκανδαλίζοντο
3324 1635 3422 1691 διὰ
3452 1643 3554 1697 τήν
3608 1635 3707 1691 τῶν
3747 1642 3886 1711 μαετ-

536 1730 648 1794 nis,
682 1730 951 1799 magistri
978 1730 1066 1784 sui
1091 1728 1266 1799 jussu
1297 1745 1366 1784 ac
1424 1730 1688 1785 nomine.
1752 1729 1828 1784 ad
1890 1730 2121 1787 Christu

2296 1738 2393 1783 τῶν
2449 1737 2541 1782 τοῦ
2618 1729 2855 1782 Ἰωάννου
2923 1728 3195 1801 ἐρώτησιν,
3254 1729 3313 1786 ἣν
3398 1733 3773 1803 προσήνεγκαν
3831 1737 3884 1797 τῷ

538 1820 723 1875 functi
750 1824 903 1884 sunt,
922 1818 1163 1888 legatio,
1182 1820 1519 1891 quamdam
1552 1820 1611 1875 in
1630 1821 1859 1876 Joanne
1872 1820 1945 1875 de
1960 1820 2123 1875 Chris

2296 1827 2546 1895 Χριστῷο
2577 1818 2671 1872 ούκ
2713 1818 2921 1871 ἄλλοθεν
2978 1814 3065 1870 οὖν
3107 1817 3214 1871 λύει
3271 1821 3365 1876 τὴν
3415 1816 3737 1889 ἀμφιϐολίαν
3764 1817 3882 1890 εἰμὴ

538 1907 968 1965 dubitationem
988 1907 1251 1963 indicare
1269 1907 1416 1963 visa.
1444 1908 1907 1981 Ambiguitatem
1928 1924 2069 1979 ergo
2103 1926 2128 1965 τ

2297 1908 2347 1972 ἐξ
2396 1908 2563 1961 αὐτῶν
2606 1916 2705 1961 τῶν
2762 1907 3153 1980 ἔρωτησάντων,
3210 1909 3478 1979 μάρτυσιν
3537 1907 3721 1968 αὐτοῖς
3769 1913 3887 1979 χρώ-

538 1996 742 2066 totius,
774 1997 1247 2069 scandalumque
1278 1997 1531 2053 astantis
1554 1998 1782 2070 populi,
1797 2014 1919 2054 non
1947 1999 2128 2054 alium

2296 2017 2461 2071 μενος.
2491 2004 2654 2051 Τοῦτο
2682 1994 2733 2050 δ’
2767 1994 2829 2056 ἧν
2858 1996 2913 2049 ἐκ
2970 2004 3062 2049 τοῦ
3115 1998 3413 2049 θεάσασθαι
3454 1996 3659 2059 αὐτούς
3689 1998 3751 2048 τὰ
3787 1998 3882 2048 θαν-

539 2090 747 2146 melius
779 2088 1039 2146 tollenda
1060 2088 1321 2145 Christus
1352 2090 1599 2162 putavit,
1622 2105 1805 2162 quam
1844 2091 2125 2146 testimon

2296 2107 2457 2161 ματα,
2515 2091 2604 2139 καὶ
2666 2088 3003 2161 ὑποστρέφειν
3064 2089 3195 2161 πρὸς
3248 2087 3519 2152 Ἰωάννην,
3603 2091 3691 2137 καὶ

540 2178 809 2251 ipsorum
836 2178 938 2250 qui
979 2193 1041 2233 se
1072 2177 1605 2247 interrogaverunt.
1660 2178 1848 2235 Utitur
1893 2194 2034 2249 ergo
2076 2179 2130 2235 ill

1420 2183 1605 2234 erant.
1660 2178 1848 2235 Utitur
1893 2194 2034 2249 ergo
2076 2179 2188 2235 illis
2294 2177 2462 2250 γεῖλαι
2491 2175 2689 2247 αύτῷᾶ
2714 2174 3010 2231 ἐθεάσαντο.

538 2268 684 2340 ipsis
724 2268 986 2324 veritatis
1016 2283 1139 2322 suae
1165 2266 1429 2323 testibus.
1466 2266 1753 2323 Miraculis
1784 2267 1946 2323 enim
1975 2268 2036 2324 in
2070 2268 2340 2341 ipsorum
2372 2269 2695 2338 conspectu
2734 2263 3102 2338 perpetratis,
3137 2263 3329 2321 redire
3357 2264 3439 2320 ad
3465 2266 3763 2320 Joannem
3800 2278 3884 2319 eos

535 2356 721 2428 jubet,
753 2372 821 2413 ac
850 2356 1192 2413 renuntiare
1215 2356 1326 2429 ipsi
1352 2372 1488 2429 quas
1524 2356 1831 2412 vidissent.

545 2464 723 2545 Vens.
734 2469 768 2545 ,ς
783 2468 834 2518 0.
849 2464 967 2520 Hic
988 2470 1071 2545 est
1090 2464 1239 2520 enim
1254 2464 1325 2521 de
1350 2480 1460 2545 quo
1480 2464 1769 2545 scriptum
1795 2470 1897 2530 est,
1916 2464 2071 2545 Ecce
2090 2479 2135 2535 eg

2305 2462 2473 2545 Οὗτος
2536 2464 2636 2545 χεὶρ
2704 2460 2818 2514 ἐστι
2878 2464 2999 2545 περὶ
3062 2459 3123 2511 οὗ
3192 2463 3513 2533 γέγραπται,
3589 2458 3747 2523 Ἰδοὺ,

646 2534 805 2589 mitto
822 2537 1100 2605 angelum
1126 2550 1311 2591 meum
1340 2530 1479 2591 ante
1502 2530 1723 2604 faciem
1748 2544 1928 2599 tuam,
1974 2540 2085 2593 etc.
2120 2530 2141 2535 ⁷

2375 2530 2672 2587 ἀποστέλλω
2746 2530 2963 2604 ἄγγελόν
3043 2550 3144 2603 μου
3202 2530 3337 2607 νπρά
3432 2539 3725 2604 προσώπου
3788 2549 3881 2596 σον,

2373 2627 2424 2657 κ.
2454 2626 2500 2657 τ.
2543 2605 2589 2657 λ.

2373 2627 2424 2661 κ.
2454 2626 2500 2659 τ.
2545 2626 2589 2659 Λ.

612 2711 830 2769 Photii.
862 2714 1180 2784 Propterea
1206 2710 1284 2767 ad
1329 2711 1655 2783 discipulos
1684 2714 1930 2770 Joannis
1961 2714 2043 2770 ait
2068 2714 2195 2770 Sal-

2374 2718 2591 2766 Φωτίου.
2639 2713 2734 2764 Διὰ
2791 2717 2944 2763 τοῦτο
2997 2713 3129 2783 πρὸς
3191 2714 3308 2771 τοὺς
3364 2712 3617 2781 μαθητὰς
3677 2710 3880 2763 Ἰωάννου

540 2805 740 2858 vator:
769 2801 971 2857 Videte
994 2800 1286 2856 miracula
1299 2804 1357 2856 et
1382 2802 1670 2870 nuntiate,
1698 2808 1757 2858 ut
1783 2802 1972 2859 solvat
2024 2820 2126 2860 sca

2304 2807 2461 2875 φησὶν
2518 2803 2543 2853 ὁ
2582 2806 2785 2875 Σωτήρ·
2847 2799 3056 2852 Βλέπετε
3103 2800 3170 2850 τὰ
3223 2801 3469 2871 θαύματα
3529 2802 3622 2851 καὶ
3664 2797 3879 2868 ἀπαγγεί-

542 2888 2193 2964 άδιυωᾳιιοδοθειόώῑᾶῑίδυηωυᾰωίφιιορῑθιδἰοίθττοεα-
2301 2893 2439 2961 λατε,
2486 2892 2566 2943 ἵνα
2616 2890 2749 2963 λύσῃ
2800 2891 2855 2941 τὸ
2911 2884 3202 2941 σκάνδαλον
3234 2887 3259 2939 ὃ
3311 2885 3805 2946 ἐσκανδαλίσθησαν
3844 2888 3881 2937 οἱ

542 2979 761 3035 tionem
776 2978 1049 3049 Joannis,
1075 2978 1221 3050 ipsis
1246 2977 1359 3034 illis
1378 2980 1627 3036 Joannis
1658 2980 1963 3053 discipulis
2016 2988 2132 3038 utel

2304 2978 2575 3044 Ἰουδαῖοι,
2638 2975 2732 3031 διὰ
2783 2982 2875 3036 τὴν
2930 2985 3023 3029 τοῦ
3092 2977 3329 3030 Ἰωάννου
3388 2975 3673 3049 ἐρώτησιν,
3730 2976 3879 3035 αὐτοῖς

540 3068 812 3133 testibus,
852 3072 910 3123 et
929 3069 1101 3141 quasi
1148 3068 1231 3125 eis
1289 3068 1533 3125 dicens:
1586 3072 1699 3126 Vos
1729 3070 2004 3141 praeclare
2032 3072 2130 3126 scil

2302 3069 2506 3130 ἐκείνοις
2571 3075 2675 3130 τοῖς
2761 3074 2850 3120 τοῦ
2958 3066 3195 3119 Ἰωάννου
3286 3067 3558 3138 μαθηταῖς
3641 3074 3879 3138 χρώμενος

542 3158 706 3231 quod
731 3157 804 3213 de
837 3172 931 3213 me
957 3160 1217 3215 Joannes
1247 3158 1654 3215 testimonium
1695 3159 1940 3229 dederit,
1974 3160 2132 3232 quali

2301 3162 2554 3233 μάρτυσι,
2638 3157 2793 3229 λέγων
2862 3158 2987 3225 πρὸς
3066 3156 3288 3218 αύτούς·
3372 3155 3547 3228 Ὑμεῖς
3628 3154 3879 3207 ἐπίστασθε

543 3262 655 3319 que
685 3262 755 3302 ac
781 3252 1045 3318 quantus
1076 3254 1492 3320 quantumque
1518 3247 1632 3304 ﬁde
1658 3249 1878 3318 dignus
1913 3250 1959 3305 is
1989 3250 2075 3304 vir
2099 3250 2133 3303 si

2302 3247 2527 3321 ἀκριϐῶς
2570 3250 2663 3305 τὴν
2715 3253 2804 3298 τοῦ
2835 3246 3073 3298 Ἰωάννου
3128 3249 3246 3318 περὶ
3292 3242 3418 3315 ἐμοῦ
3470 3248 3781 3320 μαρτυρίαν,
3809 3247 3876 3294 τὸν

542 3334 863 3407 intelligitis
892 3337 1165 3393 omnium
1207 3338 1505 3402 maxime;
1550 3338 1645 3393 cui
1674 3354 1780 3393 vos
1819 3339 2132 3409 permisisti

2300 3334 2470 3411 ἄνδρα
2520 3338 2696 3397 ὁποῖός
2746 3335 2854 3387 ἐστι
2899 3339 3253 3407 γινώσκοντες,
3313 3338 3403 3387 καὶ
3456 3335 3548 3386 ὑπ’
3591 3333 3744 3385 αὐτοῦ
3792 3330 3878 3404 βα-

545 3428 819 3493 suscepto
850 3423 928 3479 ab
958 3425 1342 3496 eobaptismo
1374 3426 1431 3481 in
1463 3426 1720 3483 Jordane
1771 3426 1906 3499 (10)-

1475 3426 1720 3483 Iordane
1771 3426 1906 3499 (10).
2300 3428 2595 3486 πτισθέντες
2626 3422 2673 3475 ἐν
2703 3432 2776 3495 τῷ
2803 3420 3065 3497 Ἰορδάνῃ.

619 3528 784 3583 Vsus.
820 3530 903 3586 11.
931 3531 976 3583 Α
994 3531 1193 3587 diebus
1219 3539 1414 3607 autem
1429 3534 1677 3607 Joannis
1709 3535 1990 3607 Baptista;
2010 3549 2196 3607 usque

2304 3536 2413 3587 Απὸ
2503 3529 2561 3584 δε
2638 3538 2737 3583 τῶν
2808 3533 3010 3607 ἡμερῶν
3086 3530 3326 3582 Ἰωάννου
3388 3536 3521 3607 ’τοῦ
3610 3533 3872 3607 Βαπτιστοῦ

721 3614 900 3668 nunc,
924 3616 1172 3670 regnum
1195 3603 1473 3658 caelorum
1499 3603 1610 3659 vim
1631 3598 1880 3673 patitur,
1909 3610 2022 3662 etc.
2092 3598 2106 3607 ’

2373 3605 2462 3665 ἕως
2518 3604 2657 3726 dific,
2739 3604 2769 3661 ἠ
2836 3598 3083 3675 βασιλεία
3158 3609 3257 3653 τῶν
3345 3600 3578 3675 οὐρανῶν
3640 3598 3870 3673 βιάζεται,

2373 3695 2424 3726 κ.
2453 3695 2499 3726 τ.
2574 3717 2586 3726 .

2373 3695 2424 3727 κ.
2453 3695 2499 3727 τ.
2544 3695 2586 3729 Α.

615 3773 828 3830 Photii.
844 3774 932 3831 Ad
958 3774 1078 3830 vim
1096 3776 1425 3847 erpositum
1444 3777 1584 3834 dicit
1604 3793 1856 3849 regnum
1881 3780 2192 3851 caelorum,

2377 3786 2595 3835 Φωτίου.
2629 3784 2856 3839 Βιαστὴν
2894 3776 3002 3833 εἷπε
3048 3783 3142 3838 τὴν
3176 3778 3449 3852 βασιλείαν
3497 3786 3600 3831 τῶν
3653 3778 3867 3851 οὐρανῶν,

546 3867 602 3921 et
624 3863 897 3920 violentis
928 3865 1265 3937 raptoribus
1291 3866 1511 3938 praedas
1538 3867 1660 3923 fore
1689 3868 1901 3941 :idque
1928 3885 1963 3927 a
1991 3871 2136 3928 diebi

2304 3876 2393 3923 καὶ
2442 3869 2667 3943 βιαστὰς
2719 3870 2970 3942 ἁρπάζειν
3022 3869 3204 3934 αὐτὴν,
3245 3872 3333 3920 καὶ
3392 3867 3499 3920 ἀπὸ
3550 3877 3649 3920 τῶν
3700 3870 3866 3939 ἡμερῶν

543 3954 812 4020 Joannis,
833 3954 1437 4027 istoloquendimodo
1458 3956 1823 4027 signiﬁcans,
1856 3974 1975 4015 non
2007 3961 2133 4017 cuiv

2305 3960 2564 4017 Ἰωάννου.
2588 3959 2646 4012 Ἠ
2677 3962 2889 4016 τοιαύτη
2942 3962 3147 4029 γέγονεν
3196 3958 3433 4031 ἁρπαγὴ,
3467 3958 3527 4009 οὐ
3574 3964 3676 4017 τοῖς
3707 3960 3866 4027 τυχοῦ⁸

544 4042 618 4097 de
649 4041 828 4113 vulgo
854 4042 1115 4114 promitti
1147 4057 1397 4113 regnum
1418 4044 1596 4111 istud,
1631 4045 1734 4100 sed
1766 4050 2134 4120 contemptor

2307 4070 2409 4115 σιν,
2467 4048 2595 4101 ἀλλὰ
2659 4056 2767 4110 τοῖς
2836 4052 3262 4121 καταφρονήσασι
3337 4046 3568 4099 πλούτου
3627 4051 3710 4098 καὶ
3755 4063 3864 4112 περι-

544 4130 658 4187 bus
681 4131 1123 4203 opum,gloriae,
1148 4132 1773 4203 parentum,ﬁliorum,
1804 4137 2010 4191 mortis
2044 4137 2134 4192 adi

2307 4143 2529 4211 φανεὶας,
2561 4142 2650 4189 καὶ
2682 4140 2867 4209 γονέων
2906 4137 3017 4208 ἅμα
3063 4140 3151 4188 καὶ
3204 4132 3429 4198 παίδων,
3479 4141 3571 4188 καὶ
3616 4134 3762 4187 αύτοῦ
3794 4135 3864 4182 τοῦ

545 4219 753 4291 ipsius.
770 4223 913 4274 Ante
929 4235 1106 4290 porro
1122 4236 1303 4291 quam
1320 4220 1556 4277 doceret
1572 4222 1854 4292 Christus,
1891 4240 2135 4297 quamq:

2310 4228 2551 4278 θανάτου.
2600 4230 2704 4299 Πρὸ
2764 4221 2821 4278 δε
2860 4233 2950 4285 τῆς
2995 4221 3345 4285 διδασκαλίας
3396 4232 3489 4276 τοῦ
3550 4229 3768 4297 Χριστοῦ
3792 4223 3861 4269 καὶ

546 4308 925 4379 apparuisset
944 4309 1228 4374 Joannes,
1245 4310 1449 4365 nondu
1462 4327 1516 4364 m
1532 4316 1656 4365 erat
1672 4310 1864 4383 palam
1890 4319 2129 4368 ostensu

2307 4323 2401 4376 τῆς
2448 4322 2537 4367 τοῦ
2566 4317 2802 4369 Ἰωάννου
2830 4319 3121 4387 παρουσίας
3178 4317 3320 4366 οὔπω
3354 4310 3414 4371 ἦν
3466 4316 3494 4371 ἡ
3531 4311 3763 4385 βασιλεία
3787 4315 3862 4358 τῶν

546 4412 615 4452 ac
630 4398 982 4469 promissum
1000 4412 1255 4467 regnum
1269 4398 1553 4454 caelorum
1568 4418 1583 4469 ;
1602 4400 1704 4454 sed
1726 4416 1855 4472 quae
1874 4406 1995 4456 tum
2029 4408 2198 4459 erant
2233 4446 2277 4500 Β

547 4486 990 4558 promissiones,
1020 4486 1287 4543 carnales
1304 4494 1492 4543 erant.
1514 4489 2137 4563 Promittebaturnem]

2268 4485 2274 4495 ⁷
2309 4489 2441 4551 ἦσαν
2489 4497 2737 4567 σαρκικαί
2762 4509 2774 4521 ·
2809 4495 3069 4554 τουτέστι,
3104 4495 3282 4561 γένους
3320 4488 3642 4562 πληθυσμὸς,
3669 4491 3748 4540 καὶ
3771 4485 3858 4535 κατ’

547 4575 962 4647 multiplicatio
977 4577 1232 4645 generis,
1267 4576 1511 4634 victoria
1543 4578 1617 4633 de
1634 4578 1931 4648 hostibus,
1958 4584 2016 4635 et
2041 4580 2137 4635 sin

2308 4580 2511 4654 ἐχθρῶν
2567 4584 2775 4656 κράτος,
2820 4586 2909 4634 καὶ
2960 4582 3024 4632 τὰ
3077 4582 3460 4651 παραπλήσια·
3516 4579 3599 4651 ἀφ’
3660 4577 3715 4629 οὗ
3762 4572 3855 4625 διὸ

547 4664 733 4721 lia.Ex
748 4681 870 4737 quo
885 4665 1358 4721 autemJoannes
1375 4666 1573 4739 baptis
1585 4684 1749 4723 mum
1772 4669 2137 4741 promulgav:

2308 4671 2544 4731 Ἰωάννης
2600 4670 2790 4728 ἐπέστη
2841 4678 2912 4740 τῷ
2966 4667 3321 4741 βαπτίσματι,
3368 4674 3461 4721 καὶ
3512 4672 3597 4720 τὸν
3658 4668 3852 4737 ἡμέτερον

547 4758 603 4810 et
627 4759 897 4810 nostrum
932 4770 1001 4810 eo
1032 4755 1352 4810 Dominum
1388 4756 1578 4820 tinxit,
1622 4764 1675 4811 et
1708 4757 1950 4828 Spiritus
1982 4774 2090 4814 suo
2123 4765 2137 4814 t

2309 4765 2570 4818 Δεσπότην
2619 4758 2887 4821 ἐϐάπτισε,
2945 4763 3035 4811 καὶ
3082 4762 3140 4811 τὸ
3195 4764 3403 4830 Πνεῦμα
3451 4756 3759 4831 ἐμαρτύρησε
3788 4752 3849 4800 τὸν

546 4843 827 4899 stimonio
850 4844 1286 4901 demonstravit
1308 4845 1677 4914 unigenitum
1695 4847 1884 4902 Patris
1899 4847 2130 4915 Filium,

2309 4857 2574 4921 μονογενῆο
2638 4856 2727 4901 τοῦ
2785 4851 2988 4921 Πατρός
3043 4850 3183 4913 Υὶόν,
3251 4851 3341 4898 καὶ
3393 4847 3546 4907 αὐτὸς
3596 4847 3621 4897 ὀ
3670 4842 3850 4913 Χριστός

546 4932 671 5002 ipse
694 4932 955 4988 Christus
985 4933 1305 5004 praedicare
1333 4935 1779 5007 ccepitregnum
1804 4936 2136 5003 caelorum”

2308 4942 2592 5013 κηρύσσειν
2634 4938 2829 5011 ἤρξατο
2881 4942 2971 4995 τὴν
3026 4935 3298 5009 βασιλείαν
3346 4945 3445 4987 τῶν
3499 4936 3729 5008 οὐρανῶν,
3773 4927 3846 4979 ἀπὸ

550 5024 893 5091 eotempore
919 5021 1557 5080 desideriishominum
1595 5040 1664 5080 ac
1696 5024 1998 5097 cupiditati
2039 5026 2137 5098 obj

2308 5033 2418 5081 τότε
2461 5031 2637 5099 γέγονε
2691 5034 2797 5089 τοῖς
2847 5025 3140 5099 ἀνθρώποις
3204 5027 3500 5098 ἐπιθυμητή
3554 5028 3639 5077 καὶ
3689 5018 3842 5094 ﬁunt

550 5111 712 5163 ctum
754 5115 840 5164 est
863 5112 1210 5185 rapinasque
1236 5114 1565 5187 expositum
1610 5114 1893 5172 caelorum
1922 5131 2140 5187 regnun

1426 5114 1565 5169 itum
1610 5114 1893 5172 caelorum
1922 5131 2196 5187 regnum.
2309 5119 2337 5175 ἡ
2374 5116 2619 5189 βασιλεία
2651 5123 2747 5168 τῶν
2770 5114 3016 5189 οὐρανῶν.

2307 4404 2532 4478 οὐρανῶν
2600 4402 3006 4475 ἐπαγγελλομένη
3076 4410 3337 4475 φανερῶς·
3421 4400 3532 4453 ἀλλ’
3606 4396 3860 4469 ἐπαγγελίαι

622 5251 641 5286 ⁵
688 5253 821 5306 Luc.
852 5269 974 5324 xxv,
1012 5257 1103 5309 27.

2078 5384 2302 5441 NOT/E.

624 5502 733 5581 (οι)
757 5501 840 5559 cr.
883 5516 941 5575 q.
980 5502 1153 5568 χχιχ,
1188 5502 1403 5563 cccxx.
