4060 6218
262 291 398 346 1201

1419 283 1867 346 FRAGMENTA
1905 284 1979 342 IN
2018 286 2462 348 MATTHAEUM.

2992 197 3017 227 ο

3481 295 3621 353 1202

259 421 388 472 Τότε
449 412 981 493 ἤρξατολόνειδίζειν
1047 417 1141 493 τὰς
1215 415 1387 493 πόλεις
1464 413 1512 493 έν
1588 415 1666 493 αἷς
1750 412 1851 484 ἐγέ-

1973 414 2126 493 Vsus.
2154 418 2246 493 29.
2274 417 2438 493 Tunc
2454 417 2620 493 coepit
2637 417 3003 493 exprobrare
3027 419 3362 476 civitatibus
3392 421 3454 476 in
3495 421 3619 493 qui-

333 484 497 542 νοντο’
537 491 589 540 αἱ
634 487 873 542 πλεῖσται
923 484 1166 559 δυνάμεις
1214 487 1395 552 αὐτοῦ,
1465 489 1544 539 ὅτι
1599 486 1658 540 οὗ
1736 505 1855 557 μετ-

333 579 570 620 ενοησαν.

332 671 550 720 Φωτίου.
599 661 744 718 Ἔδει
792 667 884 728 τάς
912 665 1080 726 πόλεις
1127 661 1419 731 ὀνειδίζειν,
1454 666 1535 718 ὅτε
1569 660 1852 722 ἐδικαιώθη

260 755 291 811 ἠ
346 759 504 826 σοφία
552 755 719 806 πάντα
769 751 1080 806 ἐκτελέσασαι
1127 755 1193 806 re
1239 763 1331 815 τῆς
1371 757 1634 827 σωτηρίας
1688 750 1854 804 αὐτῶν

259 846 425 895 αῖτια·
493 840 600 895 ἐπεὶ
677 839 736 895 δε
791 845 956 896 πάντα
997 847 1218 904 ποιήσας
1268 843 1362 896 οὐκ
1417 846 1633 907 ἔπεισεν,
1686 841 1854 914 ἑτέραν

257 935 503 999 τρέπεται
566 927 711 997 ὁδὸν,
762 936 850 984 καὶ
902 931 1162 994 ταλανίζει
1203 932 1413 998 αὐτοὺς,
1473 937 1542 1004 μή
1604 949 1708 990 πως
1760 930 1855 980 κοῐν

261 1016 356 1073 διὰ
395 1027 485 1072 τοῦ
530 1018 851 1093 ταλανισμοῦ
908 1020 1096 1095 ἕλκυση
1148 1025 1276 1096 πρὸς
1331 1025 1594 1094 σωτηρίαν
1647 1018 1851 1078 αὐτούς.

2036 485 2140 567 bus
2162 487 2345 567 facta:
2372 497 2510 567 sunt
2533 485 2816 567 plurimae
2853 490 3093 546 virtutes
3153 493 3304 562 ejus,
3338 494 3480 564 quia
3500 485 3621 550 non

2035 561 2283 625 egissent
2319 561 2751 629 paenitentiam.

2032 663 2247 720 Photii.
2291 667 2616 738 Oportebat
2662 667 3025 738 exprobrare
3080 666 3436 737 civitatibus,
3467 686 3618 743 quo-

1963 749 2127 807 niam
2155 753 2480 823 justiticata
2518 761 2604 812 est
2659 756 2972 829 sapientia,
3015 756 3294 828 perfectis
3340 759 3418 814 ab
3487 761 3620 830 ipsa

1963 841 2262 898 cumulate
2297 843 2412 898 illis
2450 845 2753 915 omnibus,
2787 861 2924 918 quas
2965 845 3041 902 ad
3080 845 3330 902 salutem
3353 847 3618 918 ipsorum

1964 929 2395 990 conficiendam
2413 935 2679 992 efﬁcacia
2700 952 2834 992 esse
2859 936 3452 1008 possent.Postquam
3481 953 3620 995 vero

1964 1019 2167 1075 omnia
2192 1027 2488 1094 expertus,
2521 1040 2641 1080 non
2671 1024 2981 1096 persuasit,
3014 1025 3134 1081 alia
3157 1025 3250 1081 via
3277 1031 3616 1096 grassatur:

255 1109 513 1167 miseros
543 1110 708 1183 ipsos
736 1110 1063 1178 denuntiat,
1101 1111 1149 1168 si
1181 1111 1332 1168 forte
1377 1109 1468 1166 vel
1499 1106 1846 1166 incutiendo
1879 1121 2155 1174 maerore,
2197 1117 2301 1168 aut
2335 1118 2522 1180 metu,
2585 1114 2815 1172 trahere
2837 1115 2909 1169 ad
2975 1114 3228 1170 salutem
3288 1115 3618 1173 obstinatos

259 1203 462 1272 queat.

261 1314 379 1371 Πῶς
410 1306 641 1368 εἰσῆλθεν
673 1308 744 1369 εἰς
773 1309 860 1360 τὸν
900 1308 1040 1361 οἶκον
1062 1315 1162 1380 ,τοῦ
1193 1313 1340 1374 Θεοῦ,
1371 1312 1460 1361 καὶ
1497 1310 1620 1367 τοὺς
1667 1307 1856 1380 ἄρτους

599 1386 693 1442 τῆς
720 1381 1012 1452 προθέσεως
1047 1379 1247 1453 ἔφαγεν,
1280 1401 1331 1434 κ.
1364 1401 1415 1436 τ.
1449 1387 1494 1434 λ.

327 1489 550 1544 Φωτίου.
603 1485 659 1538 ’0
703 1483 870 1540 Δαϐὶδ
909 1484 1118 1548 δίκαιος
1163 1492 1231 1538 ὤν
1273 1489 1356 1540 ὅτε
1385 1491 1505 1550 τοὺς
1546 1487 1737 1562 ἄρτους
1765 1493 1855 1547 τῆς

255 1577 550 1650 προθέσεως
603 1577 776 1648 ἔφαγε,
825 1580 914 1628 καὶ
958 1579 1006 1629 οἱ
1047 1579 1198 1650 ἱερεῖς
1231 1573 1290 1630 δε
1322 1574 1652 1630 δικαιότατοι
1682 1578 1730 1628 οἱ
1767 1571 1854 1628 δε-

258 1662 476 1725 δωκότες
532 1664 672 1736 αὐτῷ
709 1668 827 1728 τοὺς
883 1667 1088 1741 ἄρτους.
1141 1670 1332 1740 Καίπιρ
1393 1665 1488 1718 οὐκ
1535 1666 1596 1724 ἦν
1646 1661 1852 1717 δίκαιον

257 1751 448 1806 έσθίειν
532 1752 620 1806 ἀπ’
691 1753 887 1806 ἐκείνων
944 1763 1043 1806 τῶν
1095 1757 1262 1828 οῐρτων
1320 1758 1456 1822 τινα,
1513 1754 1557 1806 εἰ
1604 1758 1675 1826 μὴ
1737 1757 1854 1814 τοὺς

1969 1306 2104 1362 CAP.
2135 1306 2260 1362 XII.
2313 1308 2483 1364 Vens.
2521 1312 2571 1366 4.
2625 1309 2909 1374 Quomodo
2965 1309 3219 1367 intravit
3280 1311 3342 1365 in
3381 1311 3620 1366 domum

2164 1380 2271 1436 Dei
2298 1386 2352 1437 et
2375 1395 2558 1450 panes
2585 1381 2985 1452 propositionis
3005 1383 3261 1447 comedit,
3291 1385 3402 1438 etc.

2034 1486 2254 1542 Photii.
2279 1487 2457 1543 David
2475 1487 2675 1558 justus
2693 1493 2820 1544 erat
2833 1503 2968 1544 cum
2993 1503 3176 1560 panes
3195 1487 3620 1560 propositionis

1965 1574 2226 1631 comedit
2253 1595 2265 1634 :
2294 1576 2652 1632 sacerdotes
2682 1593 2926 1650 quoque
2945 1577 3256 1648 justissimi
3290 1577 3391 1650 qui
3417 1592 3617 1632 come-

1963 1663 2197 1719 dendos
2228 1679 2332 1720 eos
2361 1680 2548 1735 panes
2589 1665 3082 1737 obtuleruntipsi,
3124 1665 3400 1737 quamvis
3450 1664 3618 1721 nefas

1963 1757 2089 1808 erat
2106 1753 2257 1808 vesci
2275 1753 2408 1808 istis
2430 1753 2687 1826 panibus
2710 1754 2856 1809 alios
2877 1770 3066 1826 quam
3097 1753 3463 1810 sacerdotes.
3506 1755 3620 1810 Da-

260 1843 411 1918 ίερεῖς
447 1846 655 1915 μόνους.
713 1843 880 1906 Οὗτος
945 1840 1004 1896 δε
1061 1842 1228 1895 λαϐὼν
1281 1843 1339 1896 οὗ
1417 1847 1568 1914 μόνον
1648 1845 1850 1914 ἔφαγεν,

1973 1841 2063 1897 vid
2085 1847 2287 1898 autem
2318 1857 2439 1898 non
2468 1843 2730 1899 comedit
2757 1843 2888 1915 ipse
2910 1842 3127 1906 solum,
3177 1843 3281 1898 sed
3303 1841 3618 1897 comitibus

259 1931 388 1985 ἀλλά
438 1937 528 1985 καὶ
589 1937 695 1994 τοῖς
742 1932 850 2004 μετ’
897 1932 1058 1985 αὐτου
1101 1929 1282 1990 ἔδωκε.
1343 1939 1505 1986 Τοῦτο
1571 1928 1630 1985 δε
1689 1930 1853 2001 πολλῷ

257 2017 436 2093 μεῖξον
489 2017 550 2079 ἦν
611 2025 640 2079 ἧ
705 2023 828 2097 ὅπερ
895 2020 1159 2075 ἐνεκάλουν
1237 2029 1342 2082 τοῖς
1422 2019 1729 2082 ἀποστόλοις
1806 2021 1854 2072 οἱ

254 2106 528 2165 Ἰουδαῖοι.

254 2207 322 2262 Εἰ
375 2205 434 2261 δε
497 2211 596 2282 ἑγὼ
651 2208 700 2261 έν
749 2211 1011 2282 Πνεύματι
1050 2213 1193 2282 ,Θεοῦ
1261 2207 1526 2263 Ἐκϐάλλω
1587 2211 1668 2282 -τά
1732 2204 1850 2260 δαι-

325 2279 535 2352 μόνια,’
578 2283 683 2356 ἄρα
759 2279 975 2354 ἔφθασεν
1037 2281 1110 2354 έφ’
1172 2283 1308 2354 ὑμᾶς
1353 2283 1383 2340 ἠ
1452 2279 1698 2333 Βασιλεία
1761 2286 1852 2332 τοῦ

328 2359 481 2406 Θεοῦ.

329 2453 546 2503 Φωτίου.
604 2448 908 2522 ’Δποτόμως
954 2450 1090 2522 λέγει
1142 2451 1221 2502 ὅτι
1279 2449 1537 2523 Ἐφθασεν
1594 2449 1670 2522 ἔφ’
1722 2451 1853 2521 ὑμᾶς

255 2539 285 2597 ἠ
338 2536 587 2610 βασιλεία
637 2545 726 2590 τοῦ
777 2546 930 2610 Θεοῦ,
972 2544 1239 2592 τουτέστιν
1288 2541 1408 2592 ὅσον
1453 2543 1595 2593 οὔπω
1623 2538 1852 2610 λήψεσθε

254 2631 347 2687 τὴν
374 2636 474 2680 τῶν
507 2630 880 2702 ἡμαρτημένων
907 2630 1026 2701 ὑμῖν
1055 2625 1429 2684 ἀνταπόδοσιν.

253 2894 322 2949 Ἤ
396 2903 504 2957 πῶς
577 2891 798 2947 δύναταί
871 2907 951 2956 τις
1034 2893 1276 2948 εἰσελθεῖν
1343 2895 1416 2958 εἰς
1504 2901 1598 2955 τὴν
1684 2896 1851 2949 οἰκίαν

324 2974 416 3019 τοῦ
473 2966 724 3040 ἰσχυροῦ,
778 2971 868 3018 καὶ
929 2969 995 3019 τὰ
1055 2969 1213 3025 σκεύη
1295 2967 1454 3020 αὑτοῦ
1531 2965 1848 3040 διαρπάσαι,

325 3059 376 3092 κ.
411 3057 457 3092 τ.
489 3037 538 3094 λ.

324 3131 540 3183 Φωτίον.
595 3130 754 3186 Σκεύη
811 3125 1028 3180 ἐνταῦθα
1078 3131 1198 3190 τοὺς
1253 3124 1507 3201 δαίμονας
1559 3129 1713 3200 λέγει,
1769 3130 1853 3190 οὖς

251 3218 279 3270 ό
323 3221 498 3289 Σωτὴρ
552 3215 844 3270 ἀπελαύνων
882 3220 972 3268 καὶ
1023 3212 1227 3268 διώκων
1255 3216 1309 3270 έκ
1361 3226 1460 3270 τῶν
1491 3221 1853 3290 κατεχομένων

249 3306 338 3359 ὑπ’
389 3306 578 3372 αὐτῶν,
632 3306 881 3380 ἁρπάζει,
937 3312 1100 3358 Τοῦτο
1134 3301 1193 3358 δε
1233 3307 1327 3358 οὐκ
1365 3308 1427 3359 ἄν
1466 3305 1679 3379 έγένετο,
1714 3307 1850 3379 εἰμὴ

251 3396 279 3448 ό
312 3399 488 3469 Σωτὴρ
517 3398 642 3470 πρὸς
690 3396 829 3465 ἡμᾶς
879 3397 1229 3468 παραγέγονεν
1279 3393 1363 3449 ἐπὶ
1415 3401 1654 3472 σωτηρίᾳ
1683 3397 1850 3468 ἡμῶν,

251 3488 346 3544 τὴν
378 3485 539 3557 ἰσχὺν
565 3484 730 3537 αὐτῶν
756 3483 1001 3536 καθελών.

325 3586 416 3644 Τίς
475 3581 618 3635 ἔστιν
684 3584 713 3640 ἠ
797 3587 1004 3655 μήτηρ,
1053 3599 1202 3654 μου;
1261 3586 1349 3635 καὶ
1437 3587 1567 3646 τίνες
1652 3583 1783 3637 εἰσὶν

822 3656 871 3706 οἱ
897 3652 1110 3726 ἀδελφοί
1139 3673 1238 3726 μου
1275 3671 1288 3719 ;

327 3756 542 3805 Φωτίου.
587 3747 820 3812 Διδαζας
862 3753 1000 3824 ἡμᾶς
1043 3753 1068 3803 ό
1109 3756 1285 3824 Σωτὴρ
1331 3748 1424 3806 διὰ
1469 3751 1622 3824 λόγου
1675 3773 1854 3825 προτι-

258 3842 399 3893 θέναι
443 3845 538 3899 τὴν
583 3839 862 3905 εὐσέϐειαν,
896 3843 1014 3903 ἣτις
1051 3839 1190 3892 ἔστὶν
1221 3840 1363 3915 ἀρχὴ
1425 3851 1606 3894 πασῶν
1638 3842 1851 3916 ἀρετῶν,

253 3935 345 3982 καὶ
391 3935 523 4002 μήτε
577 3933 794 4004 πατέρα,
847 3935 978 4000 μήτε
1042 3933 1244 4003 μητέρα
1322 3937 1578 4003 προτιμᾴν
1667 3933 1850 3998 αὐτῆς,

251 4027 341 4072 νῦν
407 4016 502 4072 διὰ
570 4027 669 4071 τῶν
750 4019 911 4091 ἐργων
979 4017 1268 4071 έπιϐεϐαιοῖ
1344 4019 1472 4092 οἷπερ
1550 4020 1852 4091 ἐφθέγξατο.

252 4110 396 4162 Ἐπεὶ
443 4111 542 4182 γὰρ
601 4109 683 4160 ὅτε
725 4112 842 4168 τοὺς
897 4106 1087 4179 ὄχλους
1129 4107 1379 4179 ἐπιμελῶς
1418 4104 1690 4175 ἐδίδασκε,
1738 4115 1853 4164 τότε

254 4201 547 4255 ἐπέστησαν
579 4198 609 4256 ἧ
642 4216 696 4249 τε
731 4201 906 4270 μήτηρ
959 4201 1048 4248 καὶ
1102 4199 1150 4248 οἱ
1190 4193 1423 4268 ἀδελφοὶ,
1469 4196 1572 4268 οὐχ
1619 4199 1856 4256 ὑπήκου-

255 4305 364 4350 σεν,
417 4286 475 4338 οὗ
527 4294 857 4359 καταφρονῶν
908 4293 1003 4347 τῆς
1046 4290 1284 4357 μητέρος,
1341 4284 1451 4336 ἀλλ’
1491 4287 1572 4338 ἵνα
1620 4292 1689 4359 μὴ
1722 4287 1852 4360 ἀμε-

252 4375 356 4428 λεῖν
410 4372 538 4447 δόξῃ
593 4384 691 4427 τῶν
737 4371 1153 4446 διδασκομένων,
1199 4379 1289 4426 καὶ
1334 4375 1595 4449 περικόψη
1637 4381 1730 4435 τὴν
1771 4374 1852 4430 δι-

255 4461 569 4518 δασκαλίαν.
613 4468 712 4518 Καὶ
761 4463 819 4516 οὗ
868 4468 1211 4536 προτετίμηκε
1246 4469 1338 4523 τὴν
1390 4469 1592 4538 μητέρα
1619 4474 1713 4528 τῆς
1753 4475 1850 4520 τῶν

255 4553 458 4608 πολλῶν
489 4553 755 4626 ὠφελείας.

1962 1947 2199 2004 quoque
2229 1931 2392 1987 dedit
2431 1932 2572 1987 suis.
2608 1932 2777 1998 Quod
2809 1937 2933 1987 erat
2959 1931 3122 1988 haud
3175 1930 3352 2002 paulo
3394 1931 3616 2002 majus,

1960 2035 2144 2092 quam
2175 2021 2234 2076 in
2265 2036 2388 2092 quo
2415 2036 2572 2077 nunc
2608 2020 2801 2077 Judtei
2835 2020 3140 2092 apostolos
3198 2019 3609 2076 criminaban-

1964 2115 2077 2166 tur.

1963 2209 2130 2265 Vens.
2163 2212 2252 2264 28.
2275 2208 2346 2265 Si
2368 2213 2560 2265 autem
2581 2223 2685 2278 ego
2713 2208 2776 2264 in
2788 2207 3019 2276 Spiritu
3037 2207 3147 2264 Dei
3177 2207 3348 2278 ejicio
3389 2207 3602 2264 daemo-

2138 2295 2258 2344 nes,
2295 2280 2478 2351 igitur
2503 2279 2770 2350 pervenit
2797 2279 2859 2335 in
2887 2294 2985 2336 vos
3006 2295 3248 2351 regnum
3282 2279 3406 2336 Dei.

2030 2449 2246 2506 Photii.
2281 2449 2486 2519 Rigide
2515 2449 2661 2505 dicit
2685 2453 2866 2522 atque
2891 2449 2951 2506 in
2982 2465 3162 2506 sensu
3212 2449 3615 2507 comminato-

1959 2539 2068 2604 rio,
2091 2538 2366 2597 Pervenit
2387 2539 2450 2594 in
2465 2554 2562 2595 vos
2587 2554 2836 2609 regnum
2858 2538 2978 2605 Dei,
2998 2539 3170 2609 cujus
3195 2538 3317 2594 vim
3339 2555 3460 2594 non
3478 2554 3614 2609 pro-

1961 2628 2190 2700 pitiam,
2220 2628 2321 2684 sed
2354 2627 2627 2684 infestam
2652 2628 2945 2698 experturi
2971 2628 3254 2683 nimirum
3284 2627 3378 2682 isti
3409 2630 3615 2682 essent

1963 2722 2024 2773 ut
2055 2717 2242 2774 meriti
2265 2722 2451 2774 erant.
2477 2717 2703 2772 Sensus
2729 2716 2888 2772 enim
2920 2722 3008 2772 est
3034 2733 3045 2770 :
3081 2717 3440 2773 Prassentem
3471 2731 3614 2772 mox

1963 2805 2298 2862 ultionema
2317 2806 2434 2862 Deo
2463 2805 2755 2878 recipietis
2792 2809 3122 2860 vestrorum
3153 2809 3542 2877 peccatorum.

1958 2896 2128 2950 Vnus.
2163 2896 2252 2952 29.
2279 2895 2393 2950 Aut
2417 2895 2702 2966 quomodo
2737 2899 2926 2962 potest
2966 2894 3277 2966 quisquam
3305 2896 3532 2950 intrare
3549 2894 3612 2948 in

2137 2966 2370 3023 domum
2395 2967 2596 3036 fortis,
2620 2972 2674 3022 et
2699 2981 2836 3022 vasa
2857 2967 2978 3034 eius
3009 2966 3287 3036 diripere,
3327 2971 3436 3022 etc.

2032 3129 2236 3186 Photii.
2269 3129 2423 3185 Vasa
2447 3128 2542 3184 hic
2571 3127 2882 3182 daemonas
2933 3126 3094 3193 dicit,
3128 3142 3283 3199 quos
3346 3125 3616 3182 Salvator

1962 3219 2204 3290 ejiciens
2234 3218 2556 3287 etabigens
2577 3233 2647 3272 ex
2681 3217 2748 3271 iis
2775 3231 2931 3286 quos
2952 3216 3363 3288 possidebant,
3395 3214 3612 3286 diripit.

1965 3312 2081 3364 Hoc
2113 3314 2311 3363 autem
2343 3323 2462 3362 non
2491 3305 2655 3361 ﬁeret
2682 3304 2787 3360 nisi
2829 3305 3101 3362 Salvator
3139 3306 3215 3362 ad
3241 3320 3352 3360 nos
3404 3303 3616 3361 salutis

1964 3403 2184 3454 nostra;
2202 3413 2384 3453 causa
2405 3395 2766 3461 advenisset,
2819 3393 2939 3450 vim
2971 3411 3040 3452 ac
3064 3395 3250 3451 robur
3276 3409 3489 3450 eorum
3515 3393 3618 3450 eli-

1966 3503 2164 3542 SUI'US.

1967 3587 2134 3640 Vsus.
2174 3585 2262 3640 48.
2293 3582 2430 3649 Quae
2462 3587 2545 3639 est
2570 3587 2762 3638 mater
2798 3596 2944 3647 mea,
2989 3585 3042 3638 et
3102 3579 3206 3652 qui
3235 3585 3377 3637 sunt
3391 3580 3618 3650 fratres

2721 3652 2872 3710 mei?

2033 3753 2251 3811 Photii.
2284 3754 2425 3808 Cum
2450 3753 2630 3808 verbo
2655 3767 2726 3808 ac
2757 3767 3033 3808 sermone
3062 3766 3175 3808 nos
3212 3750 3482 3807 Salvator
3511 3749 3617 3806 do-

1965 3843 2208 3908 cuisset,
2240 3841 2436 3897 ofﬁcia
2466 3841 2788 3910 religionis,
2849 3857 2985 3913 quas
3025 3841 3302 3912 princeps
3333 3840 3616 3895 virtutum

1964 3940 2068 3999 est,
2101 3933 2329 3989 casteris
2376 3932 2661 3987 omnibus
2696 3929 2908 3986 ofﬁciis
2949 3929 3380 4001 praeponenda,
3445 3929 3528 3984 ita
3557 3933 3619 3983 ut

1965 4039 2074 4078 nec
2105 4020 2309 4092 patris,
2342 4035 2449 4074 nec
2475 4019 2675 4074 matris
2713 4019 2774 4072 in
2824 4019 3267 4088 comparatione
3329 4015 3428 4070 Dei
3466 4015 3616 4071 ratio

1963 4109 2275 4171 habeatur,
2309 4122 2468 4162 nunc
2497 4106 2663 4161 factis
2695 4110 2752 4161 et
2783 4104 3057 4176 exemplo
3086 4104 3297 4160 asserit
3328 4102 3492 4175 quod
3527 4103 3618 4157 di-

1965 4203 2146 4253 xerat.
2167 4199 2312 4253 Cum
2343 4196 2502 4250 enim
2529 4193 2642 4266 ipsi
2668 4193 2742 4249 de
2769 4193 2989 4249 divinis
3017 4193 3197 4250 rebus
3217 4193 3295 4249 ad
3318 4191 3613 4264 populum

1963 4285 2170 4343 sedulo
2197 4285 2389 4357 agenti
2420 4284 2898 4356 supervenissent
2921 4289 3112 4340 mater
3140 4288 3196 4338 et
3223 4281 3454 4345 fratres,
3492 4294 3616 4336 non

1962 4374 2234 4431 sustinuit
2261 4373 2619 4429 interbellari
2643 4389 2727 4438 se,
2754 4371 2919 4428 haud
2948 4372 3042 4428 ille
3070 4371 3318 4444 quidem
3354 4374 3612 4425 matrem

1960 4480 2264 4538 spernens,
2297 4464 2394 4518 sed
2423 4478 2496 4518 ne
2523 4478 2731 4518 eorum
2757 4477 2912 4534 quos
2951 4461 3345 4516 instituendos
3404 4459 3467 4514 in
3499 4458 3616 4513 ﬁde

1963 4557 2326 4625 susceperat,
2361 4552 2647 4607 minorem
2691 4566 2878 4623 quam
2913 4547 3450 4618 consanguinitatis
3495 4563 3616 4602 suae

251 4643 442 4716 ipsius
481 4659 688 4699 curam
719 4657 921 4712 gerere
956 4646 1158 4714 posset
1188 4642 1388 4708 videri,
1423 4642 1468 4697 si
1500 4643 1562 4698 in
1593 4645 1799 4700 matris
1860 4645 2110 4717 gratiam
2174 4643 2520 4698 inchoatum
2579 4655 2919 4696 sermonem
2969 4639 3371 4708 abrumperet.
3433 4634 3620 4705 Igitur

256 4732 512 4789 salutem
551 4731 951 4804 plurimorum
980 4732 1082 4804 qui
1114 4731 1388 4788 astabant
1425 4731 1872 4807 audiebantque
1901 4735 2122 4808 ipsum,
2160 4733 2367 4788 matris
2392 4730 2781 4787 consolationi
2816 4728 3070 4800 prmtulit
3127 4728 3258 4797 (11).

462 4820 627 4894 Ὑμεῖς
665 4821 752 4873 οὖν
795 4819 1051 4874 ἀκούσατε
1087 4825 1178 4879 τὴν
1216 4819 1515 4892 παραϐολὴν
1543 4830 1632 4875 τοῦ

889 4898 1212 4966 σπείραντος.

326 4987 542 5035 Φωτίου.
583 4989 693 5036 Τῶν
748 4981 956 5035 ἐντολῶν
993 4989 1083 5034 τοῦ
1137 4989 1370 5055 Χριστοῦ
1418 4983 1466 5034 οἱ
1495 4984 1584 5055 μεν
1615 4987 1847 5042 ἤκουσαν

253 5071 466 5144 ἀμελῶςο
523 5072 668 5124 οὗτοί
698 5071 828 5124 εἰσιν
885 5074 934 5124 οἱ
973 5073 1116 5143 παρά
1167 5075 1260 5129 τὴν
1301 5067 1426 5122 όδόν
1483 5076 1724 5144 κείμενοι.
1785 5076 1847 5126 Oi

252 5159 311 5215 δὲ
337 5160 581 5234 έπιμελῶς
610 5165 720 5233 μεν,
745 5161 802 5212 οὐ
837 5159 1055 5221 ϐεϐαίως
1086 5157 1162 5212 δέ’
1195 5161 1310 5212 ὅσοι
1340 5163 1483 5232 παρά
1505 5165 1600 5220 τὴν
1630 5165 1845 5234 πέτραν.

252 5251 320 5301 Οἱ
348 5245 406 5302 δι
435 5248 683 5322 έπιμελῶς
708 5253 797 5322 μεν
827 5254 917 5302 καὶ
943 5247 1185 5321 βεϐαίως,
1234 5251 1442 5320 ἔχοντες
1473 5245 1507 5301 δ
1511 5253 1531 5302 's
1561 5249 1847 5323 έπισποράν

252 5336 487 5391 ἀκανθῶν
535 5344 626 5392 καὶ
669 5339 936 5400 ζιζανίων.
978 5340 1178 5401 Οἰτινες
1215 5342 1305 5391 καὶ
1345 5337 1703 5412 ἀπεπνίγησαν
1733 5347 1849 5402 ταῖς

251 5427 530 5502 βιωτικαῖς
566 5433 850 5502 φροντίσιν.

319 5680 435 5756 (ιι)
470 5677 552 5737 cr.
581 5693 644 5757 ει.
664 5679 820 5745 XLV,
853 5677 1062 5737 ccxv.

1960 4823 2110 4879 CAP.
2145 4823 2280 4878 Xlll.
2311 4821 2481 4886 Vnus.
2527 4823 2608 4874 t8.
2645 4819 2858 4943 Αιιιίἰιρ⁸
2878 4833 3014 4887 ergo
3070 4815 3421 4886 parabotam
3449 4813 3614 4870 semi-

2686 4906 2804 4943 nan
2837 4905 2904 4943 ιε.

2686 4905 2904 4945 nanus.

2031 4981 2240 5039 Photii.
2268 4982 2547 5037 Mandata
2576 4978 2783 5034 Christi
2824 4976 3076 5050 quidam
3101 4975 3461 5030 audiverunt
3508 4988 3616 5028 ne-

1958 5072 2264 5144 gligenter.
2301 5071 2364 5125 Hi
2393 5073 2529 5124 sunt
2553 5068 2656 5140 qui
2687 5082 2857 5122 secus
2887 5065 3044 5120 viam
3070 5065 3289 5135 jacent.
3314 5062 3424 5117 Alii
3450 5076 3619 5118 exce-

1959 5177 2096 5234 pere
2127 5160 2373 5232 quidem
2405 5157 2649 5213 verbum
2691 5163 2924 5211 strenue
2955 5158 3012 5210 et
3050 5169 3189 5209 cum
3227 5152 3448 5221 studio,
3508 5149 3615 5207 sed

1957 5248 2352 5306 constantiam
2377 5262 2499 5302 non
2538 5245 2880 5301 habuerunt
2922 5259 2933 5299 :
2992 5243 3212 5299 horum
3260 5246 3350 5298 est
3415 5240 3612 5297 solum

1955 5343 2281 5412 petrosum.
2314 5335 2625 5392 Nonnullis
2667 5350 2773 5390 nec
2829 5333 3098 5390 studium
3155 5330 3460 5397 audiendi,
3490 5334 3602 5386 nec

1952 5424 2398 5502 perseverantia
2424 5423 2667 5482 tenendi
2695 5422 2900 5490 defuit,
2924 5437 3137 5481 verum
3167 5437 3243 5480 ex
3281 5419 3618 5494 superjecta

1899 5553 2124 5612 NOT/E.
