  <div class='ocr_page' id='page_1' title='image "/cluster/home/n/w/nwhite01/storage/ocr_20150623/101/hvd.32044054112305/621.png"; bbox 0 0 4060 6218; ppageno 0'>
   <div class='ocr_carea' id='block_1_1' title="bbox 492 276 626 335">
    <p class='ocr_par' dir='ltr' id='par_1_1' title="bbox 492 276 626 335">
     <span class='ocr_line' id='line_1_1' title="bbox 492 276 626 335; baseline -0.015 0"><span class='ocrx_word' id='word_1_1' title='bbox 492 276 626 335; x_wconf 71' lang='grc'><strong>1203</strong></span> 
     </span>
    </p>
   </div>
   <div class='ocr_carea' id='block_1_2' title="bbox 1724 275 2632 338">
    <p class='ocr_par' dir='ltr' id='par_1_2' title="bbox 1724 275 2632 338">
     <span class='ocr_line' id='line_1_2' title="bbox 1724 275 2632 338; baseline 0.007 -7"><span class='ocrx_word' id='word_1_2' title='bbox 1724 275 1961 333; x_wconf 83' lang='grc' dir='ltr'><strong>ΡΗΟΤΙΙ</strong></span> <span class='ocrx_word' id='word_1_3' title='bbox 2002 276 2487 335; x_wconf 79' lang='lat' dir='ltr'><strong>PATRIARCH/E</strong></span> <span class='ocrx_word' id='word_1_4' title='bbox 2526 280 2632 338; x_wconf 78' lang='grc' dir='ltr'><strong>ΟΡ.</strong></span> 
     </span>
    </p>
   </div>
   <div class='ocr_carea' id='block_1_3' title="bbox 3714 282 3844 340">
    <p class='ocr_par' dir='ltr' id='par_1_3' title="bbox 3714 282 3844 340">
     <span class='ocr_line' id='line_1_3' title="bbox 3714 282 3844 340; baseline -0.008 0"><span class='ocrx_word' id='word_1_5' title='bbox 3714 282 3844 340; x_wconf 69' lang='grc'><strong>1204</strong></span> 
     </span>
    </p>
   </div>
   <div class='ocr_carea' id='block_1_4' title="bbox 488 402 3844 476">
    <p class='ocr_par' dir='ltr' id='par_1_4' title="bbox 488 402 3844 476">
     <span class='ocr_line' id='line_1_4' title="bbox 488 402 3844 476; baseline 0.002 -17"><span class='ocrx_word' id='word_1_6' title='bbox 488 406 749 461; x_wconf 77' lang='lat' dir='ltr'><strong>semente</strong></span> <span class='ocrx_word' id='word_1_7' title='bbox 776 403 936 461; x_wconf 90' lang='lat' dir='ltr'><strong>mala</strong></span> <span class='ocrx_word' id='word_1_8' title='bbox 949 402 1352 460; x_wconf 83' lang='lat' dir='ltr'><strong>luxuriantem</strong></span> <span class='ocrx_word' id='word_1_9' title='bbox 1381 402 1691 475; x_wconf 83' lang='lat' dir='ltr'><strong>spinarum</strong></span> <span class='ocrx_word' id='word_1_10' title='bbox 1705 406 1759 459; x_wconf 91' lang='lat' dir='ltr'><strong>et</strong></span> <span class='ocrx_word' id='word_1_11' title='bbox 1774 402 2134 460; x_wconf 82' lang='lat' dir='ltr'><strong>zizaniorum</strong></span> <span class='ocrx_word' id='word_1_12' title='bbox 2153 407 2411 475; x_wconf 82' lang='lat' dir='ltr'><strong>segetem</strong></span> <span class='ocrx_word' id='word_1_13' title='bbox 2425 405 2777 476; x_wconf 82' lang='lat' dir='ltr'><strong>germinant.</strong></span> <span class='ocrx_word' id='word_1_14' title='bbox 2806 405 2973 462; x_wconf 88' lang='lat' dir='ltr'><strong>Unde</strong></span> <span class='ocrx_word' id='word_1_15' title='bbox 2992 404 3429 463; x_wconf 83' lang='lat' dir='ltr'><strong>etsuﬂ‘ocantur</strong></span> <span class='ocrx_word' id='word_1_16' title='bbox 3450 407 3844 466; x_wconf 71' lang='lat' dir='ltr'><strong>saecularibus</strong></span> 
     </span>
    </p>
   </div>
   <div class='ocr_carea' id='block_1_5' title="bbox 489 494 674 549">
    <p class='ocr_par' dir='ltr' id='par_1_5' title="bbox 489 494 674 549">
     <span class='ocr_line' id='line_1_5' title="bbox 489 494 674 549; baseline -0.011 0"><span class='ocrx_word' id='word_1_17' title='bbox 489 494 674 549; x_wconf 91' lang='lat' dir='ltr'><strong>curis.</strong></span> 
     </span>
    </p>
   </div>
   <div class='ocr_carea' id='block_1_6' title="bbox 484 581 2207 650">
    <p class='ocr_par' dir='ltr' id='par_1_6' title="bbox 484 581 2207 650">
     <span class='ocr_line' id='line_1_6' title="bbox 484 581 2207 650; baseline 0.001 -12"><span class='ocrx_word' id='word_1_18' title='bbox 484 584 618 638; x_wconf 77' lang='lat' dir='ltr'><strong>CAP.</strong></span> <span class='ocrx_word' id='word_1_19' title='bbox 652 582 795 639; x_wconf 90' lang='lat' dir='ltr'><strong>XIV.</strong></span> <span class='ocrx_word' id='word_1_20' title='bbox 841 582 1001 636; x_wconf 75' lang='lat' dir='ltr'><strong>Vens.</strong></span> <span class='ocrx_word' id='word_1_21' title='bbox 1038 586 1085 636; x_wconf 86' lang='lat' dir='ltr'><strong>t.</strong></span> <span class='ocrx_word' id='word_1_22' title='bbox 1119 582 1185 636; x_wconf 90' lang='lat' dir='ltr'><strong>In</strong></span> <span class='ocrx_word' id='word_1_23' title='bbox 1204 582 1311 637; x_wconf 87' lang='lat' dir='ltr'><strong>illo</strong></span> <span class='ocrx_word' id='word_1_24' title='bbox 1373 588 1631 650; x_wconf 83' lang='lat' dir='ltr'><strong>tempore</strong></span> <span class='ocrx_word' id='word_1_25' title='bbox 1685 581 1899 637; x_wconf 79' lang='lat' dir='ltr'><strong>audivit</strong></span> <span class='ocrx_word' id='word_1_26' title='bbox 1951 584 2135 638; x_wconf 83' lang='lat' dir='ltr'><strong>Hero-</strong></span> <span class='ocrx_word' id='word_1_27' title='bbox 2164 586 2207 639; x_wconf 84' lang='lat' dir='ltr'><strong>A</strong></span> 
     </span>
    </p>
   </div>
   <div class='ocr_carea' id='block_1_7' title="bbox 803 654 1662 722">
    <p class='ocr_par' dir='ltr' id='par_1_7' title="bbox 803 654 1662 722">
     <span class='ocr_line' id='line_1_7' title="bbox 803 654 1662 722; baseline -0.001 -15"><span class='ocrx_word' id='word_1_28' title='bbox 803 655 903 709; x_wconf 85' lang='lat' dir='ltr'><strong>des</strong></span> <span class='ocrx_word' id='word_1_29' title='bbox 928 654 1226 709; x_wconf 77' lang='lat' dir='ltr'><strong>tetrarcha</strong></span> <span class='ocrx_word' id='word_1_30' title='bbox 1246 654 1469 722; x_wconf 80' lang='lat' dir='ltr'><strong>famam</strong></span> <span class='ocrx_word' id='word_1_31' title='bbox 1502 654 1662 709; x_wconf 83' lang='lat' dir='ltr'><strong>Jesu.</strong></span> 
     </span>
    </p>
   </div>
   <div class='ocr_carea' id='block_1_8' title="bbox 553 742 2133 814">
    <p class='ocr_par' dir='ltr' id='par_1_8' title="bbox 553 742 2133 814">
     <span class='ocr_line' id='line_1_8' title="bbox 553 742 2133 814; baseline 0.001 -17"><span class='ocrx_word' id='word_1_32' title='bbox 553 742 767 798; x_wconf 84' lang='lat' dir='ltr'><strong>Photii.</strong></span> <span class='ocrx_word' id='word_1_33' title='bbox 804 743 1061 798; x_wconf 87' lang='lat' dir='ltr'><strong>Herodes</strong></span> <span class='ocrx_word' id='word_1_34' title='bbox 1088 757 1239 813; x_wconf 69' lang='lat' dir='ltr'><strong>szepe</strong></span> <span class='ocrx_word' id='word_1_35' title='bbox 1270 742 1484 797; x_wconf 84' lang='lat' dir='ltr'><strong>auditis</strong></span> <span class='ocrx_word' id='word_1_36' title='bbox 1511 743 1581 797; x_wconf 87' lang='lat' dir='ltr'><strong>iis</strong></span> <span class='ocrx_word' id='word_1_37' title='bbox 1623 758 1758 814; x_wconf 83' lang='lat' dir='ltr'><strong>quae</strong></span> <span class='ocrx_word' id='word_1_38' title='bbox 1790 743 1864 799; x_wconf 91' lang='lat' dir='ltr'><strong>de</strong></span> <span class='ocrx_word' id='word_1_39' title='bbox 1904 742 2133 799; x_wconf 86' lang='lat' dir='ltr'><strong>Christo</strong></span> 
     </span>
    </p>
   </div>
   <div class='ocr_carea' id='block_1_9' title="bbox 479 830 2134 905">
    <p class='ocr_par' dir='ltr' id='par_1_9' title="bbox 479 830 2134 905">
     <span class='ocr_line' id='line_1_9' title="bbox 479 830 2134 905; baseline 0.001 -19"><span class='ocrx_word' id='word_1_40' title='bbox 479 830 1485 903; x_wconf 82' lang='lat' dir='ltr'><strong>ferebantur,propterinnatamipsi</strong></span> <span class='ocrx_word' id='word_1_41' title='bbox 1532 833 2134 905; x_wconf 89' lang='lat' dir='ltr'><strong>malitiam,quanun-</strong></span> 
     </span>
    </p>
   </div>
   <div class='ocr_carea' id='block_1_10' title="bbox 480 920 2132 993">
    <p class='ocr_par' dir='ltr' id='par_1_10' title="bbox 480 920 2132 993">
     <span class='ocr_line' id='line_1_10' title="bbox 480 920 2132 993; baseline 0.001 -18"><span class='ocrx_word' id='word_1_42' title='bbox 480 936 663 993; x_wconf 91' lang='lat' dir='ltr'><strong>quam</strong></span> <span class='ocrx_word' id='word_1_43' title='bbox 683 920 919 993; x_wconf 81' lang='lat' dir='ltr'><strong>tyranni</strong></span> <span class='ocrx_word' id='word_1_44' title='bbox 941 924 1162 986; x_wconf 78' lang='lat' dir='ltr'><strong>carent,</strong></span> <span class='ocrx_word' id='word_1_45' title='bbox 1192 925 1609 993; x_wconf 81' lang='lat' dir='ltr'><strong>tumoremque</strong></span> <span class='ocrx_word' id='word_1_46' title='bbox 1628 926 1806 993; x_wconf 86' lang='lat' dir='ltr'><strong>atque</strong></span> <span class='ocrx_word' id='word_1_47' title='bbox 1849 937 2132 991; x_wconf 88' lang='lat' dir='ltr'><strong>arrogan-</strong></span> 
     </span>
    </p>
   </div>
   <div class='ocr_carea' id='block_1_11' title="bbox 480 1010 2129 1084">
    <p class='ocr_par' dir='ltr' id='par_1_11' title="bbox 480 1010 2129 1084">
     <span class='ocr_line' id='line_1_11' title="bbox 480 1010 2129 1084; baseline 0.001 -19"><span class='ocrx_word' id='word_1_48' title='bbox 480 1010 647 1075; x_wconf 88' lang='lat' dir='ltr'><strong>tiam,</strong></span> <span class='ocrx_word' id='word_1_49' title='bbox 690 1010 1024 1080; x_wconf 87' lang='lat' dir='ltr'><strong>negligebat</strong></span> <span class='ocrx_word' id='word_1_50' title='bbox 1060 1010 1501 1082; x_wconf 90' lang='lat' dir='ltr'><strong>spernebatque</strong></span> <span class='ocrx_word' id='word_1_51' title='bbox 1538 1012 1774 1067; x_wconf 81' lang='lat' dir='ltr'><strong>famam.</strong></span> <span class='ocrx_word' id='word_1_52' title='bbox 1810 1013 2129 1084; x_wconf 79' lang='lat' dir='ltr'><strong>Postquam</strong></span> 
     </span>
    </p>
   </div>
   <div class='ocr_carea' id='block_1_12' title="bbox 477 1099 2125 1173">
    <p class='ocr_par' dir='ltr' id='par_1_12' title="bbox 477 1099 2125 1173">
     <span class='ocr_line' id='line_1_12' title="bbox 477 1099 2125 1173; baseline 0.001 -18"><span class='ocrx_word' id='word_1_53' title='bbox 477 1115 617 1156; x_wconf 85' lang='lat' dir='ltr'><strong>vero</strong></span> <span class='ocrx_word' id='word_1_54' title='bbox 641 1101 768 1171; x_wconf 90' lang='lat' dir='ltr'><strong>jam</strong></span> <span class='ocrx_word' id='word_1_55' title='bbox 800 1116 871 1157; x_wconf 87' lang='lat' dir='ltr'><strong>ea</strong></span> <span class='ocrx_word' id='word_1_56' title='bbox 909 1100 965 1155; x_wconf 91' lang='lat' dir='ltr'><strong>in</strong></span> <span class='ocrx_word' id='word_1_57' title='bbox 1008 1099 1309 1172; x_wconf 89' lang='lat' dir='ltr'><strong>publicam</strong></span> <span class='ocrx_word' id='word_1_58' title='bbox 1341 1100 1743 1158; x_wconf 85' lang='lat' dir='ltr'><strong>celebritatem</strong></span> <span class='ocrx_word' id='word_1_59' title='bbox 1770 1102 2125 1173; x_wconf 86' lang='lat' dir='ltr'><strong>profecerat,</strong></span> 
     </span>
    </p>
   </div>
   <div class='ocr_carea' id='block_1_13' title="bbox 477 1188 2130 1262">
    <p class='ocr_par' dir='ltr' id='par_1_13' title="bbox 477 1188 2130 1262">
     <span class='ocr_line' id='line_1_13' title="bbox 477 1188 2130 1262; baseline 0 -16"><span class='ocrx_word' id='word_1_60' title='bbox 477 1189 831 1261; x_wconf 83' lang='lat' dir='ltr'><strong>excitatique</strong></span> <span class='ocrx_word' id='word_1_61' title='bbox 861 1188 1068 1246; x_wconf 90' lang='lat' dir='ltr'><strong>auditu</strong></span> <span class='ocrx_word' id='word_1_62' title='bbox 1094 1205 1302 1245; x_wconf 87' lang='lat' dir='ltr'><strong>omnes</strong></span> <span class='ocrx_word' id='word_1_63' title='bbox 1333 1190 1592 1261; x_wconf 86' lang='lat' dir='ltr'><strong>undique</strong></span> <span class='ocrx_word' id='word_1_64' title='bbox 1611 1190 1689 1247; x_wconf 88' lang='lat' dir='ltr'><strong>ad</strong></span> <span class='ocrx_word' id='word_1_65' title='bbox 1703 1190 1969 1247; x_wconf 88' lang='lat' dir='ltr'><strong>dandam</strong></span> <span class='ocrx_word' id='word_1_66' title='bbox 1992 1207 2130 1262; x_wconf 88' lang='lat' dir='ltr'><strong>ope-</strong></span> 
     </span>
    </p>
   </div>
   <div class='ocr_carea' id='block_1_14' title="bbox 476 1277 2128 1351">
    <p class='ocr_par' dir='ltr' id='par_1_14' title="bbox 476 1277 2128 1351">
     <span class='ocr_line' id='line_1_14' title="bbox 476 1277 2128 1351; baseline 0.002 -17"><span class='ocrx_word' id='word_1_67' title='bbox 476 1293 609 1335; x_wconf 87' lang='lat' dir='ltr'><strong>ram</strong></span> <span class='ocrx_word' id='word_1_68' title='bbox 633 1277 869 1333; x_wconf 91' lang='lat' dir='ltr'><strong>docenti</strong></span> <span class='ocrx_word' id='word_1_69' title='bbox 900 1278 1127 1334; x_wconf 90' lang='lat' dir='ltr'><strong>Christo</strong></span> <span class='ocrx_word' id='word_1_70' title='bbox 1144 1279 1578 1336; x_wconf 88' lang='lat' dir='ltr'><strong>concurrebant</strong></span> <span class='ocrx_word' id='word_1_71' title='bbox 1606 1279 1835 1351; x_wconf 90' lang='lat' dir='ltr'><strong>passim</strong></span> <span class='ocrx_word' id='word_1_72' title='bbox 1879 1279 2128 1351; x_wconf 88' lang='lat' dir='ltr'><strong>(quippe</strong></span> 
     </span>
    </p>
   </div>
   <div class='ocr_carea' id='block_1_15' title="bbox 477 1366 2128 1441">
    <p class='ocr_par' dir='ltr' id='par_1_15' title="bbox 477 1366 2128 1441">
     <span class='ocr_line' id='line_1_15' title="bbox 477 1366 2128 1441; baseline 0 -17"><span class='ocrx_word' id='word_1_73' title='bbox 477 1383 722 1424; x_wconf 91' lang='lat' dir='ltr'><strong>omnem</strong></span> <span class='ocrx_word' id='word_1_74' title='bbox 756 1366 1043 1423; x_wconf 85' lang='lat' dir='ltr'><strong>invidiam</strong></span> <span class='ocrx_word' id='word_1_75' title='bbox 1070 1383 1140 1423; x_wconf 91' lang='lat' dir='ltr'><strong>ac</strong></span> <span class='ocrx_word' id='word_1_76' title='bbox 1167 1367 1474 1424; x_wconf 91' lang='lat' dir='ltr'><strong>fastidium</strong></span> <span class='ocrx_word' id='word_1_77' title='bbox 1505 1369 1795 1440; x_wconf 83' lang='lat' dir='ltr'><strong>superbiae</strong></span> <span class='ocrx_word' id='word_1_78' title='bbox 1822 1373 2128 1441; x_wconf 89' lang='lat' dir='ltr'><strong>comperta</strong></span> 
     </span>
    </p>
   </div>
   <div class='ocr_carea' id='block_1_16' title="bbox 474 1456 2128 1530">
    <p class='ocr_par' dir='ltr' id='par_1_16' title="bbox 474 1456 2128 1530">
     <span class='ocr_line' id='line_1_16' title="bbox 474 1456 2128 1530; baseline 0.001 -17"><span class='ocrx_word' id='word_1_79' title='bbox 474 1456 831 1527; x_wconf 85' lang='lat' dir='ltr'><strong>magnitudo</strong></span> <span class='ocrx_word' id='word_1_80' title='bbox 856 1472 1055 1512; x_wconf 88' lang='lat' dir='ltr'><strong>rerum</strong></span> <span class='ocrx_word' id='word_1_81' title='bbox 1082 1458 1522 1530; x_wconf 87' lang='lat' dir='ltr'><strong>manifestaque</strong></span> <span class='ocrx_word' id='word_1_82' title='bbox 1564 1459 1871 1528; x_wconf 89' lang='lat' dir='ltr'><strong>signorum</strong></span> <span class='ocrx_word' id='word_1_83' title='bbox 1912 1457 2128 1514; x_wconf 89' lang='lat' dir='ltr'><strong>elucta-</strong></span> 
     </span>
    </p>
   </div>
   <div class='ocr_carea' id='block_1_17' title="bbox 474 1545 2123 1613">
    <p class='ocr_par' dir='ltr' id='par_1_17' title="bbox 474 1545 2123 1613">
     <span class='ocr_line' id='line_1_17' title="bbox 474 1545 2123 1613; baseline 0 -11"><span class='ocrx_word' id='word_1_84' title='bbox 474 1545 654 1602; x_wconf 89' lang='lat' dir='ltr'><strong>batur</strong></span> <span class='ocrx_word' id='word_1_85' title='bbox 682 1546 794 1611; x_wconf 85' lang='lat' dir='ltr'><strong>vis,</strong></span> <span class='ocrx_word' id='word_1_86' title='bbox 835 1546 1225 1601; x_wconf 88' lang='lat' dir='ltr'><strong>conturbatus</strong></span> <span class='ocrx_word' id='word_1_87' title='bbox 1283 1547 1664 1603; x_wconf 85' lang='lat' dir='ltr'><strong>vehementer</strong></span> <span class='ocrx_word' id='word_1_88' title='bbox 1728 1552 1838 1611; x_wconf 91' lang='lat' dir='ltr'><strong>est,</strong></span> <span class='ocrx_word' id='word_1_89' title='bbox 1867 1547 2074 1602; x_wconf 90' lang='lat' dir='ltr'><strong>dicens</strong></span> <span class='ocrx_word' id='word_1_90' title='bbox 2105 1565 2123 1613; x_wconf 91' lang='lat'><strong><em>;</em></strong></span> 
     </span>
    </p>
   </div>
   <div class='ocr_carea' id='block_1_18' title="bbox 2317 581 3781 661">
    <p class='ocr_par' dir='ltr' id='par_1_18' title="bbox 2317 581 3781 661">
     <span class='ocr_line' id='line_1_18' title="bbox 2317 581 3781 661; baseline 0.001 -24"><span class='ocrx_word' id='word_1_91' title='bbox 2317 583 2395 637; x_wconf 84' lang='grc' dir='ltr'>Ἐν</span> <span class='ocrx_word' id='word_1_92' title='bbox 2422 582 2592 656; x_wconf 80' lang='grc' dir='ltr'>ἐκείνῳ</span> <span class='ocrx_word' id='word_1_93' title='bbox 2623 593 2693 656; x_wconf 79' lang='grc' dir='ltr'>τῷ</span> <span class='ocrx_word' id='word_1_94' title='bbox 2722 592 2887 656; x_wconf 81' lang='grc' dir='ltr'><em>καιρῷ</em></span> <span class='ocrx_word' id='word_1_95' title='bbox 2910 588 3129 661; x_wconf 63' lang='grc' dir='ltr'>ἤκουσεν</span> <span class='ocrx_word' id='word_1_96' title='bbox 3155 581 3391 657; x_wconf 78' lang='grc' dir='ltr'><strong>Ἡρώδης</strong></span> <span class='ocrx_word' id='word_1_97' title='bbox 3421 585 3446 637; x_wconf 88' lang='grc' dir='ltr'><strong><em>ὁ</em></strong></span> <span class='ocrx_word' id='word_1_98' title='bbox 3477 588 3781 661; x_wconf 72' lang='grc' dir='ltr'><strong>τετράρχης</strong></span> 
     </span>
    </p>
   </div>
   <div class='ocr_carea' id='block_1_19' title="bbox 2775 656 3305 715">
    <p class='ocr_par' dir='ltr' id='par_1_19' title="bbox 2775 656 3305 715">
     <span class='ocr_line' id='line_1_19' title="bbox 2775 656 3305 715; baseline -0.002 -7"><span class='ocrx_word' id='word_1_99' title='bbox 2775 662 2868 708; x_wconf 72' lang='grc' dir='ltr'>τήν</span> <span class='ocrx_word' id='word_1_100' title='bbox 2907 656 3067 715; x_wconf 81' lang='grc' dir='ltr'>ἀκοὴν</span> <span class='ocrx_word' id='word_1_101' title='bbox 3105 656 3305 714; x_wconf 83' lang='grc' dir='ltr'>Ἰησοῦ.</span> 
     </span>
    </p>
   </div>
   <div class='ocr_carea' id='block_1_20' title="bbox 2315 742 3851 818">
    <p class='ocr_par' dir='ltr' id='par_1_20' title="bbox 2315 742 3851 818">
     <span class='ocr_line' id='line_1_20' title="bbox 2315 742 3851 818; baseline 0.002 -21"><span class='ocrx_word' id='word_1_102' title='bbox 2315 748 2538 801; x_wconf 79' lang='grc' dir='ltr'>Φωτίου.</span> <span class='ocrx_word' id='word_1_103' title='bbox 2594 744 2652 797; x_wconf 76' lang='grc' dir='ltr'><strong>Ὀ</strong></span> <span class='ocrx_word' id='word_1_104' title='bbox 2698 748 2789 817; x_wconf 64' lang='grc' dir='ltr'>μὲν</span> <span class='ocrx_word' id='word_1_105' title='bbox 2841 742 3084 818; x_wconf 81' lang='grc' dir='ltr'><strong>Ἡρώδης</strong></span> <span class='ocrx_word' id='word_1_106' title='bbox 3155 744 3405 807; x_wconf 76' lang='grc' dir='ltr'><strong>πολλάκις</strong></span> <span class='ocrx_word' id='word_1_107' title='bbox 3481 745 3719 808; x_wconf 70' lang='grc' dir='ltr'>ἀκούσας</span> <span class='ocrx_word' id='word_1_108' title='bbox 3791 752 3851 801; x_wconf 77' lang='grc' dir='ltr'>τὰ</span> 
     </span>
    </p>
   </div>
   <div class='ocr_carea' id='block_1_21' title="bbox 2242 831 3851 909">
    <p class='ocr_par' dir='ltr' id='par_1_21' title="bbox 2242 831 3851 909">
     <span class='ocr_line' id='line_1_21' title="bbox 2242 831 3851 909; baseline 0.001 -23"><span class='ocrx_word' id='word_1_109' title='bbox 2242 838 2359 908; x_wconf 82' lang='grc' dir='ltr'>περὶ</span> <span class='ocrx_word' id='word_1_110' title='bbox 2412 841 2665 909; x_wconf 76' lang='grc' dir='ltr'>Χριστοῦ,</span> <span class='ocrx_word' id='word_1_111' title='bbox 2722 831 2815 887; x_wconf 87' lang='grc' dir='ltr'><strong>διά</strong></span> <span class='ocrx_word' id='word_1_112' title='bbox 2871 840 2965 894; x_wconf 76' lang='grc' dir='ltr'>τὴν</span> <span class='ocrx_word' id='word_1_113' title='bbox 3021 838 3243 907; x_wconf 73' lang='grc' dir='ltr'>ἔμφυτον</span> <span class='ocrx_word' id='word_1_114' title='bbox 3297 835 3457 887; x_wconf 74' lang='grc' dir='ltr'>αὑτοῦ</span> <span class='ocrx_word' id='word_1_115' title='bbox 3512 842 3701 889; x_wconf 78' lang='grc' dir='ltr'><strong>κακίαν</strong></span> <span class='ocrx_word' id='word_1_116' title='bbox 3758 843 3851 895; x_wconf 68' lang='grc' dir='ltr'>τὴν</span> 
     </span>
    </p>
   </div>
   <div class='ocr_carea' id='block_1_22' title="bbox 2241 923 3847 1000">
    <p class='ocr_par' dir='ltr' id='par_1_22' title="bbox 2241 923 3847 1000">
     <span class='ocr_line' id='line_1_22' title="bbox 2241 923 3847 1000; baseline 0.002 -24"><span class='ocrx_word' id='word_1_117' title='bbox 2241 925 2588 997; x_wconf 78' lang='grc' dir='ltr'>ὑπάρχουσαν</span> <span class='ocrx_word' id='word_1_118' title='bbox 2638 923 2715 977; x_wconf 84' lang='grc' dir='ltr'>ἀεὶ</span> <span class='ocrx_word' id='word_1_119' title='bbox 2793 932 2902 987; x_wconf 85' lang='grc' dir='ltr'>τοῖς</span> <span class='ocrx_word' id='word_1_120' title='bbox 2978 928 3263 1000; x_wconf 77' lang='grc' dir='ltr'><strong>τυράννοις,</strong></span> <span class='ocrx_word' id='word_1_121' title='bbox 3342 930 3433 978; x_wconf 80' lang='grc' dir='ltr'>καὶ</span> <span class='ocrx_word' id='word_1_122' title='bbox 3507 931 3593 978; x_wconf 82' lang='grc' dir='ltr'>τὸν</span> <span class='ocrx_word' id='word_1_123' title='bbox 3666 936 3847 999; x_wconf 46' lang='grc' dir='ltr'>τῡρον,</span> 
     </span>
    </p>
   </div>
   <div class='ocr_carea' id='block_1_23' title="bbox 2241 1013 3851 1088">
    <p class='ocr_par' dir='ltr' id='par_1_23' title="bbox 2241 1013 3851 1088">
     <span class='ocr_line' id='line_1_23' title="bbox 2241 1013 3851 1088; baseline 0.001 -23"><span class='ocrx_word' id='word_1_124' title='bbox 2241 1015 2504 1087; x_wconf 80' lang='grc' dir='ltr'><strong>ὑπερεώρα</strong></span> <span class='ocrx_word' id='word_1_125' title='bbox 2545 1018 2634 1066; x_wconf 89' lang='grc' dir='ltr'>καὶ</span> <span class='ocrx_word' id='word_1_126' title='bbox 2681 1018 2977 1088; x_wconf 69' lang='grc' dir='ltr'><strong>κατεφρόνει</strong></span> <span class='ocrx_word' id='word_1_127' title='bbox 3006 1023 3101 1075; x_wconf 82' lang='grc' dir='ltr'><strong>τῆς</strong></span> <span class='ocrx_word' id='word_1_128' title='bbox 3157 1020 3356 1087; x_wconf 76' lang='grc' dir='ltr'>φήμης.</span> <span class='ocrx_word' id='word_1_129' title='bbox 3406 1015 3531 1068; x_wconf 61' lang='lat' dir='ltr'><strong>&quot;Ore</strong></span> <span class='ocrx_word' id='word_1_130' title='bbox 3576 1013 3641 1069; x_wconf 75' lang='grc' dir='ltr'><strong>δε</strong></span> <span class='ocrx_word' id='word_1_131' title='bbox 3669 1017 3851 1069; x_wconf 78' lang='grc' dir='ltr'>λοιπὸν</span> 
     </span>
    </p>
   </div>
   <div class='ocr_carea' id='block_1_24' title="bbox 2239 1100 3849 1179">
    <p class='ocr_par' dir='ltr' id='par_1_24' title="bbox 2239 1100 3849 1179">
     <span class='ocr_line' id='line_1_24' title="bbox 2239 1100 3849 1179; baseline 0.002 -24"><span class='ocrx_word' id='word_1_132' title='bbox 2239 1104 2422 1165; x_wconf 80' lang='grc' dir='ltr'>πάντες</span> <span class='ocrx_word' id='word_1_133' title='bbox 2463 1102 2743 1168; x_wconf 84' lang='grc' dir='ltr'>ἀκηκόασι,</span> <span class='ocrx_word' id='word_1_134' title='bbox 2777 1108 2866 1155; x_wconf 88' lang='grc' dir='ltr'>καὶ</span> <span class='ocrx_word' id='word_1_135' title='bbox 2912 1106 3040 1178; x_wconf 86' lang='grc' dir='ltr'>πρὸς</span> <span class='ocrx_word' id='word_1_136' title='bbox 3071 1108 3159 1161; x_wconf 76' lang='grc' dir='ltr'>τὴν</span> <span class='ocrx_word' id='word_1_137' title='bbox 3205 1100 3561 1157; x_wconf 77' lang='grc' dir='ltr'><strong>διδασκαλίαν</strong></span> <span class='ocrx_word' id='word_1_138' title='bbox 3616 1102 3849 1179; x_wconf 72' lang='grc' dir='ltr'>ἔδραμον</span> 
     </span>
    </p>
   </div>
   <div class='ocr_carea' id='block_1_25' title="bbox 2238 1194 3850 1267">
    <p class='ocr_par' dir='ltr' id='par_1_25' title="bbox 2238 1194 3850 1267">
     <span class='ocr_line' id='line_1_25' title="bbox 2238 1194 3850 1267; baseline 0.003 -24"><span class='ocrx_word' id='word_1_139' title='bbox 2238 1197 2326 1244; x_wconf 80' lang='grc' dir='ltr'>καὶ</span> <span class='ocrx_word' id='word_1_140' title='bbox 2369 1194 2537 1244; x_wconf 80' lang='grc' dir='ltr'>πάντα</span> <span class='ocrx_word' id='word_1_141' title='bbox 2566 1194 2746 1264; x_wconf 80' lang='grc' dir='ltr'>φθόνον</span> <span class='ocrx_word' id='word_1_142' title='bbox 2776 1196 2864 1244; x_wconf 85' lang='grc' dir='ltr'>καὶ</span> <span class='ocrx_word' id='word_1_143' title='bbox 2891 1199 3048 1264; x_wconf 71' lang='grc' dir='ltr'>τῦφον</span> <span class='ocrx_word' id='word_1_144' title='bbox 3101 1194 3130 1250; x_wconf 80' lang='grc' dir='ltr'>ἡ</span> <span class='ocrx_word' id='word_1_145' title='bbox 3180 1200 3279 1253; x_wconf 81' lang='grc' dir='ltr'>τῷν</span> <span class='ocrx_word' id='word_1_146' title='bbox 3336 1198 3661 1267; x_wconf 70' lang='grc' dir='ltr'><strong>πραγμάτων</strong></span> <span class='ocrx_word' id='word_1_147' title='bbox 3706 1195 3850 1248; x_wconf 70' lang='grc' dir='ltr'>ἐνίκα</span> 
     </span>
    </p>
   </div>
   <div class='ocr_carea' id='block_1_26' title="bbox 2238 1279 3843 1355">
    <p class='ocr_par' dir='ltr' id='par_1_26' title="bbox 2238 1279 3843 1355">
     <span class='ocr_line' id='line_1_26' title="bbox 2238 1279 3843 1355; baseline 0.003 -22"><span class='ocrx_word' id='word_1_148' title='bbox 2238 1279 2477 1355; x_wconf 73' lang='grc' dir='ltr'>ἐνέργεια·</span> <span class='ocrx_word' id='word_1_149' title='bbox 2544 1286 2659 1333; x_wconf 87' lang='grc' dir='ltr'>τότε</span> <span class='ocrx_word' id='word_1_150' title='bbox 2706 1280 2939 1343; x_wconf 75' lang='grc' dir='ltr'>ἀκούσας</span> <span class='ocrx_word' id='word_1_151' title='bbox 2990 1280 3217 1353; x_wconf 79' lang='grc' dir='ltr'>ἐφοϐήθη</span> <span class='ocrx_word' id='word_1_152' title='bbox 3280 1282 3417 1345; x_wconf 87' lang='grc' dir='ltr'>λίαν,</span> <span class='ocrx_word' id='word_1_153' title='bbox 3478 1283 3666 1354; x_wconf 73' lang='grc' dir='ltr'>λέγων·</span> <span class='ocrx_word' id='word_1_154' title='bbox 3755 1290 3843 1342; x_wconf 67' lang='grc' dir='ltr'><strong>Μή</strong></span> 
     </span>
    </p>
   </div>
   <div class='ocr_carea' id='block_1_27' title="bbox 2236 1369 3842 1445">
    <p class='ocr_par' dir='ltr' id='par_1_27' title="bbox 2236 1369 3842 1445">
     <span class='ocr_line' id='line_1_27' title="bbox 2236 1369 3842 1445; baseline 0.003 -24"><span class='ocrx_word' id='word_1_155' title='bbox 2236 1388 2359 1421; x_wconf 88' lang='grc' dir='ltr'>ποτε</span> <span class='ocrx_word' id='word_1_156' title='bbox 2382 1369 2616 1432; x_wconf 75' lang='grc' dir='ltr'>Ἰωάννης</span> <span class='ocrx_word' id='word_1_157' title='bbox 2665 1369 2876 1434; x_wconf 79' lang='grc' dir='ltr'>ἀνίστη,</span> <span class='ocrx_word' id='word_1_158' title='bbox 2928 1373 2981 1423; x_wconf 87' lang='grc' dir='ltr'>ὃν</span> <span class='ocrx_word' id='word_1_159' title='bbox 3020 1369 3119 1442; x_wconf 68' lang='grc' dir='ltr'><strong>ἐγὼ</strong></span> <span class='ocrx_word' id='word_1_160' title='bbox 3152 1369 3522 1443; x_wconf 75' lang='grc' dir='ltr'>ἀπεκεφάλισα·</span> <span class='ocrx_word' id='word_1_161' title='bbox 3565 1370 3842 1445; x_wconf 64' lang='grc' dir='ltr'>ψοφοδεὴς</span> 
     </span>
    </p>
   </div>
   <div class='ocr_carea' id='block_1_28' title="bbox 2235 1460 3848 1535">
    <p class='ocr_par' dir='ltr' id='par_1_28' title="bbox 2235 1460 3848 1535">
     <span class='ocr_line' id='line_1_28' title="bbox 2235 1460 3848 1535; baseline 0.004 -26"><span class='ocrx_word' id='word_1_162' title='bbox 2235 1461 2335 1533; x_wconf 83' lang='grc' dir='ltr'>γὰρ</span> <span class='ocrx_word' id='word_1_163' title='bbox 2367 1460 2397 1516; x_wconf 81' lang='grc' dir='ltr'>ἡ</span> <span class='ocrx_word' id='word_1_164' title='bbox 2430 1462 2725 1533; x_wconf 76' lang='grc' dir='ltr'>μοχθηρία,</span> <span class='ocrx_word' id='word_1_165' title='bbox 2765 1464 2853 1512; x_wconf 84' lang='grc' dir='ltr'>καὶ</span> <span class='ocrx_word' id='word_1_166' title='bbox 2906 1467 3174 1529; x_wconf 83' lang='grc' dir='ltr'>τοσοῦτον,</span> <span class='ocrx_word' id='word_1_167' title='bbox 3228 1463 3297 1523; x_wconf 84' lang='grc' dir='ltr'><strong>ὡς</strong></span> <span class='ocrx_word' id='word_1_168' title='bbox 3352 1466 3441 1514; x_wconf 85' lang='grc' dir='ltr'>καὶ</span> <span class='ocrx_word' id='word_1_169' title='bbox 3480 1466 3601 1524; x_wconf 79' lang='grc' dir='ltr'>τοὺς</span> <span class='ocrx_word' id='word_1_170' title='bbox 3625 1469 3848 1535; x_wconf 69' lang='grc' dir='ltr'>νεκροὺς</span> 
     </span>
    </p>
   </div>
   <div class='ocr_carea' id='block_1_29' title="bbox 2239 1543 2552 1600">
    <p class='ocr_par' dir='ltr' id='par_1_29' title="bbox 2239 1543 2552 1600">
     <span class='ocr_line' id='line_1_29' title="bbox 2239 1543 2552 1600; baseline 0.003 -1"><span class='ocrx_word' id='word_1_171' title='bbox 2239 1543 2552 1600; x_wconf 80' lang='grc' dir='ltr'>δεδοικέναι.</span> 
     </span>
    </p>
   </div>
   <div class='ocr_carea' id='block_1_30' title="bbox 476 1634 3845 1712">
    <p class='ocr_par' dir='ltr' id='par_1_30' title="bbox 476 1634 3845 1712">
     <span class='ocr_line' id='line_1_30' title="bbox 476 1634 3845 1712; baseline 0.002 -23"><span class='ocrx_word' id='word_1_172' title='bbox 476 1634 555 1690; x_wconf 89' lang='lat' dir='ltr'><strong>Ne</strong></span> <span class='ocrx_word' id='word_1_173' title='bbox 575 1634 725 1690; x_wconf 89' lang='lat' dir='ltr'><strong>forte</strong></span> <span class='ocrx_word' id='word_1_174' title='bbox 748 1635 1005 1690; x_wconf 86' lang='lat' dir='ltr'><strong>Joannes</strong></span> <span class='ocrx_word' id='word_1_175' title='bbox 1026 1636 1413 1691; x_wconf 84' lang='lat' dir='ltr'><strong>resurrexerit</strong></span> <span class='ocrx_word' id='word_1_176' title='bbox 1436 1652 1615 1708; x_wconf 88' lang='lat' dir='ltr'><strong>quem</strong></span> <span class='ocrx_word' id='word_1_177' title='bbox 1640 1651 1749 1706; x_wconf 90' lang='lat' dir='ltr'><strong>ego</strong></span> <span class='ocrx_word' id='word_1_178' title='bbox 1775 1636 2087 1694; x_wconf 90' lang='lat' dir='ltr'><strong>decollavi.</strong></span> <span class='ocrx_word' id='word_1_179' title='bbox 2129 1636 2538 1693; x_wconf 87' lang='lat' dir='ltr'><strong>Formidolosa</strong></span> <span class='ocrx_word' id='word_1_180' title='bbox 2567 1639 2784 1694; x_wconf 89' lang='lat' dir='ltr'><strong>etenim</strong></span> <span class='ocrx_word' id='word_1_181' title='bbox 2811 1638 3165 1710; x_wconf 84' lang='lat' dir='ltr'><strong>improbitas</strong></span> <span class='ocrx_word' id='word_1_182' title='bbox 3207 1643 3312 1709; x_wconf 87' lang='lat' dir='ltr'><strong>est,</strong></span> <span class='ocrx_word' id='word_1_183' title='bbox 3343 1654 3411 1695; x_wconf 85' lang='lat' dir='ltr'><strong>eo</strong></span> <span class='ocrx_word' id='word_1_184' title='bbox 3445 1639 3699 1712; x_wconf 87' lang='lat' dir='ltr'><strong>quidem</strong></span> <span class='ocrx_word' id='word_1_185' title='bbox 3734 1656 3845 1697; x_wconf 84' lang='lat' dir='ltr'><strong>us-</strong></span> 
     </span>
    </p>
   </div>
   <div class='ocr_carea' id='block_1_31' title="bbox 475 1724 1472 1795">
    <p class='ocr_par' dir='ltr' id='par_1_31' title="bbox 475 1724 1472 1795">
     <span class='ocr_line' id='line_1_31' title="bbox 475 1724 1472 1795; baseline 0.003 -18"><span class='ocrx_word' id='word_1_186' title='bbox 475 1739 593 1795; x_wconf 90' lang='lat' dir='ltr'><strong>que</strong></span> <span class='ocrx_word' id='word_1_187' title='bbox 635 1728 695 1778; x_wconf 92' lang='lat' dir='ltr'><strong>ut</strong></span> <span class='ocrx_word' id='word_1_188' title='bbox 727 1729 995 1779; x_wconf 90' lang='lat' dir='ltr'><strong>mortuos</strong></span> <span class='ocrx_word' id='word_1_189' title='bbox 1025 1724 1204 1780; x_wconf 90' lang='lat' dir='ltr'><strong>etiam</strong></span> <span class='ocrx_word' id='word_1_190' title='bbox 1250 1724 1472 1780; x_wconf 88' lang='lat' dir='ltr'><strong>timeat.</strong></span> 
     </span>
    </p>
   </div>
   <div class='ocr_carea' id='block_1_32' title="bbox 476 1812 2120 1883">
    <p class='ocr_par' dir='ltr' id='par_1_32' title="bbox 476 1812 2120 1883">
     <span class='ocr_line' id='line_1_32' title="bbox 476 1812 2120 1883; baseline 0.004 -19"><span class='ocrx_word' id='word_1_191' title='bbox 476 1813 646 1867; x_wconf 75' lang='lat' dir='ltr'><strong>Vnus.</strong></span> <span class='ocrx_word' id='word_1_192' title='bbox 668 1813 721 1865; x_wconf 84' lang='grc'><strong>5.</strong></span> <span class='ocrx_word' id='word_1_193' title='bbox 749 1812 828 1866; x_wconf 86' lang='lat' dir='ltr'><strong>Et</strong></span> <span class='ocrx_word' id='word_1_194' title='bbox 855 1813 1049 1868; x_wconf 87' lang='lat' dir='ltr'><strong>volens</strong></span> <span class='ocrx_word' id='word_1_195' title='bbox 1079 1815 1250 1869; x_wconf 89' lang='lat' dir='ltr'><strong>illum</strong></span> <span class='ocrx_word' id='word_1_196' title='bbox 1294 1814 1572 1879; x_wconf 84' lang='lat' dir='ltr'><strong>occidere,</strong></span> <span class='ocrx_word' id='word_1_197' title='bbox 1620 1814 1808 1870; x_wconf 78' lang='lat' dir='ltr'><strong>timuit</strong></span> <span class='ocrx_word' id='word_1_198' title='bbox 1833 1816 2120 1883; x_wconf 83' lang='lat' dir='ltr'><strong>populum</strong></span> 
     </span>
    </p>
   </div>
   <div class='ocr_carea' id='block_1_33' title="bbox 678 1884 1875 1955">
    <p class='ocr_par' dir='ltr' id='par_1_33' title="bbox 678 1884 1875 1955">
     <span class='ocr_line' id='line_1_33' title="bbox 678 1884 1875 1955; baseline 0.003 -19"><span class='ocrx_word' id='word_1_199' title='bbox 678 1885 819 1954; x_wconf 82' lang='lat' dir='ltr'><strong>quia</strong></span> <span class='ocrx_word' id='word_1_200' title='bbox 872 1884 1017 1940; x_wconf 89' lang='lat' dir='ltr'><strong>sicut</strong></span> <span class='ocrx_word' id='word_1_201' title='bbox 1042 1885 1389 1955; x_wconf 82' lang='lat' dir='ltr'><strong>prophetam</strong></span> <span class='ocrx_word' id='word_1_202' title='bbox 1419 1902 1544 1940; x_wconf 86' lang='lat' dir='ltr'><strong>eum</strong></span> <span class='ocrx_word' id='word_1_203' title='bbox 1573 1886 1875 1941; x_wconf 82' lang='lat' dir='ltr'><strong>habebant.</strong></span> 
     </span>
    </p>
   </div>
   <div class='ocr_carea' id='block_1_34' title="bbox 473 1972 2117 2031">
    <p class='ocr_par' dir='ltr' id='par_1_34' title="bbox 473 1972 2117 2031">
     <span class='ocr_line' id='line_1_34' title="bbox 473 1972 2117 2031; baseline 0.001 -3"><span class='ocrx_word' id='word_1_204' title='bbox 473 1972 692 2029; x_wconf 82' lang='lat' dir='ltr'><strong>Photii.</strong></span> <span class='ocrx_word' id='word_1_205' title='bbox 723 1972 1224 2030; x_wconf 86' lang='lat' dir='ltr'><strong>Constristabatur</strong></span> <span class='ocrx_word' id='word_1_206' title='bbox 1266 1975 1523 2030; x_wconf 86' lang='lat' dir='ltr'><strong>Herodes</strong></span> <span class='ocrx_word' id='word_1_207' title='bbox 1585 1980 1853 2031; x_wconf 74' lang='lat' dir='ltr'><strong>mstuans</strong></span> <span class='ocrx_word' id='word_1_208' title='bbox 1887 1975 2070 2031; x_wconf 87' lang='lat' dir='ltr'><strong>animi</strong></span> <span class='ocrx_word' id='word_1_209' title='bbox 2108 1991 2117 2029; x_wconf 92' lang='lat'>:</span> 
     </span>
    </p>
   </div>
   <div class='ocr_carea' id='block_1_35' title="bbox 475 2061 2125 2132">
    <p class='ocr_par' dir='ltr' id='par_1_35' title="bbox 475 2061 2125 2132">
     <span class='ocr_line' id='line_1_35' title="bbox 475 2061 2125 2132; baseline 0.001 -15"><span class='ocrx_word' id='word_1_210' title='bbox 475 2076 546 2117; x_wconf 88' lang='lat' dir='ltr'><strong>ac</strong></span> <span class='ocrx_word' id='word_1_211' title='bbox 586 2077 744 2116; x_wconf 90' lang='lat' dir='ltr'><strong>nunc</strong></span> <span class='ocrx_word' id='word_1_212' title='bbox 773 2061 1019 2132; x_wconf 90' lang='lat' dir='ltr'><strong>quidem</strong></span> <span class='ocrx_word' id='word_1_213' title='bbox 1040 2068 1375 2119; x_wconf 88' lang='lat' dir='ltr'><strong>recurrente</strong></span> <span class='ocrx_word' id='word_1_214' title='bbox 1405 2064 1463 2118; x_wconf 91' lang='lat' dir='ltr'><strong>in</strong></span> <span class='ocrx_word' id='word_1_215' title='bbox 1488 2064 1846 2120; x_wconf 85' lang='lat' dir='ltr'><strong>memoriam</strong></span> <span class='ocrx_word' id='word_1_216' title='bbox 1885 2064 1986 2119; x_wconf 87' lang='lat' dir='ltr'><strong>viri</strong></span> <span class='ocrx_word' id='word_1_217' title='bbox 2017 2063 2125 2119; x_wconf 89' lang='lat' dir='ltr'><strong>vir-</strong></span> 
     </span>
    </p>
   </div>
   <div class='ocr_carea' id='block_1_36' title="bbox 475 2150 2121 2226">
    <p class='ocr_par' dir='ltr' id='par_1_36' title="bbox 475 2150 2121 2226">
     <span class='ocr_line' id='line_1_36' title="bbox 475 2150 2121 2226; baseline 0.002 -20"><span class='ocrx_word' id='word_1_218' title='bbox 475 2154 615 2218; x_wconf 90' lang='lat' dir='ltr'><strong>tute,</strong></span> <span class='ocrx_word' id='word_1_219' title='bbox 640 2150 842 2222; x_wconf 90' lang='lat' dir='ltr'><strong>aliqua</strong></span> <span class='ocrx_word' id='word_1_220' title='bbox 862 2152 990 2221; x_wconf 90' lang='lat' dir='ltr'><strong>ejus</strong></span> <span class='ocrx_word' id='word_1_221' title='bbox 1020 2153 1351 2209; x_wconf 90' lang='lat' dir='ltr'><strong>reverentia</strong></span> <span class='ocrx_word' id='word_1_222' title='bbox 1380 2153 1637 2219; x_wconf 85' lang='lat' dir='ltr'><strong>subibat,</strong></span> <span class='ocrx_word' id='word_1_223' title='bbox 1680 2154 2019 2226; x_wconf 85' lang='lat' dir='ltr'><strong>ferociaque</strong></span> <span class='ocrx_word' id='word_1_224' title='bbox 2052 2169 2121 2209; x_wconf 91' lang='lat' dir='ltr'><strong>ac</strong></span> 
     </span>
    </p>
   </div>
   <div class='ocr_carea' id='block_1_37' title="bbox 474 2239 2124 2311">
    <p class='ocr_par' dir='ltr' id='par_1_37' title="bbox 474 2239 2124 2311">
     <span class='ocr_line' id='line_1_37' title="bbox 474 2239 2124 2311; baseline 0.002 -17"><span class='ocrx_word' id='word_1_225' title='bbox 474 2239 795 2295; x_wconf 88' lang='lat' dir='ltr'><strong>crudelitas</strong></span> <span class='ocrx_word' id='word_1_226' title='bbox 820 2240 1330 2311; x_wconf 88' lang='lat' dir='ltr'><strong>compescebatur,</strong></span> <span class='ocrx_word' id='word_1_227' title='bbox 1348 2242 1591 2298; x_wconf 87' lang='lat' dir='ltr'><strong>aliunde</strong></span> <span class='ocrx_word' id='word_1_228' title='bbox 1616 2258 1755 2298; x_wconf 87' lang='lat' dir='ltr'><strong>vero</strong></span> <span class='ocrx_word' id='word_1_229' title='bbox 1770 2242 2124 2299; x_wconf 89' lang='lat' dir='ltr'><strong>recordatio-</strong></span> 
     </span>
    </p>
   </div>
   <div class='ocr_carea' id='block_1_38' title="bbox 471 2327 2121 2399">
    <p class='ocr_par' dir='ltr' id='par_1_38' title="bbox 471 2327 2121 2399">
     <span class='ocr_line' id='line_1_38' title="bbox 471 2327 2121 2399; baseline 0.002 -17"><span class='ocrx_word' id='word_1_230' title='bbox 471 2343 546 2383; x_wconf 89' lang='lat' dir='ltr'><strong>ne</strong></span> <span class='ocrx_word' id='word_1_231' title='bbox 574 2327 984 2399; x_wconf 88' lang='lat' dir='ltr'><strong>promissionis</strong></span> <span class='ocrx_word' id='word_1_232' title='bbox 1036 2333 1091 2384; x_wconf 94' lang='lat' dir='ltr'><strong>et</strong></span> <span class='ocrx_word' id='word_1_233' title='bbox 1143 2329 1280 2386; x_wconf 85' lang='lat' dir='ltr'><strong>tidei</strong></span> <span class='ocrx_word' id='word_1_234' title='bbox 1330 2346 1400 2385; x_wconf 89' lang='lat' dir='ltr'><strong>ac</strong></span> <span class='ocrx_word' id='word_1_235' title='bbox 1451 2330 1907 2386; x_wconf 80' lang='lat' dir='ltr'><strong>existimationis</strong></span> <span class='ocrx_word' id='word_1_236' title='bbox 1977 2347 2121 2386; x_wconf 87' lang='lat' dir='ltr'><strong>cura</strong></span> 
     </span>
    </p>
   </div>
   <div class='ocr_carea' id='block_1_39' title="bbox 473 2415 2120 2487">
    <p class='ocr_par' dir='ltr' id='par_1_39' title="bbox 473 2415 2120 2487">
     <span class='ocr_line' id='line_1_39' title="bbox 473 2415 2120 2487; baseline 0.001 -16"><span class='ocrx_word' id='word_1_237' title='bbox 473 2415 781 2471; x_wconf 84' lang='lat' dir='ltr'><strong>mordente</strong></span> <span class='ocrx_word' id='word_1_238' title='bbox 796 2415 875 2471; x_wconf 90' lang='lat' dir='ltr'><strong>ad</strong></span> <span class='ocrx_word' id='word_1_239' title='bbox 887 2417 1329 2487; x_wconf 75' lang='lat' dir='ltr'><strong>expediendum</strong></span> <span class='ocrx_word' id='word_1_240' title='bbox 1350 2418 1627 2474; x_wconf 88' lang='lat' dir='ltr'><strong>lethalem</strong></span> <span class='ocrx_word' id='word_1_241' title='bbox 1652 2418 1951 2475; x_wconf 90' lang='lat' dir='ltr'><strong>calculum</strong></span> <span class='ocrx_word' id='word_1_242' title='bbox 1978 2434 2120 2474; x_wconf 91' lang='lat' dir='ltr'><strong>con-</strong></span> 
     </span>
    </p>
   </div>
   <div class='ocr_carea' id='block_1_40' title="bbox 474 2504 3521 2582">
    <p class='ocr_par' dir='ltr' id='par_1_40' title="bbox 474 2504 3521 2582">
     <span class='ocr_line' id='line_1_40' title="bbox 474 2504 3521 2582; baseline 0.003 -23"><span class='ocrx_word' id='word_1_243' title='bbox 474 2504 783 2560; x_wconf 90' lang='lat' dir='ltr'><strong>citabatur.</strong></span> <span class='ocrx_word' id='word_1_244' title='bbox 816 2507 879 2559; x_wconf 89' lang='lat' dir='ltr'><strong>Et</strong></span> <span class='ocrx_word' id='word_1_245' title='bbox 909 2505 1042 2561; x_wconf 85' lang='lat' dir='ltr'><strong>vicit</strong></span> <span class='ocrx_word' id='word_1_246' title='bbox 1069 2506 1197 2562; x_wconf 75' lang='lat' dir='ltr'><strong>haec</strong></span> <span class='ocrx_word' id='word_1_247' title='bbox 1214 2507 1511 2579; x_wconf 90' lang='lat' dir='ltr'><strong>cupiditas</strong></span> <span class='ocrx_word' id='word_1_248' title='bbox 1541 2507 1908 2564; x_wconf 83' lang='lat' dir='ltr'><strong>ostentandae</strong></span> <span class='ocrx_word' id='word_1_249' title='bbox 1939 2507 2292 2574; x_wconf 90' lang='lat' dir='ltr'><strong>veracitatis,</strong></span> <span class='ocrx_word' id='word_1_250' title='bbox 2342 2508 2760 2582; x_wconf 72' lang='lat' dir='ltr'><strong>inviolataaque</strong></span> <span class='ocrx_word' id='word_1_251' title='bbox 2798 2510 2953 2581; x_wconf 89' lang='lat' dir='ltr'><strong>juris</strong></span> <span class='ocrx_word' id='word_1_252' title='bbox 3010 2509 3256 2581; x_wconf 86' lang='lat' dir='ltr'><strong>jurandi</strong></span> <span class='ocrx_word' id='word_1_253' title='bbox 3305 2510 3446 2568; x_wconf 86' lang='lat' dir='ltr'><strong>ﬁdei</strong></span> <span class='ocrx_word' id='word_1_254' title='bbox 3507 2535 3521 2568; x_wconf 86' lang='lat'><strong>:</strong></span> 
     </span>
    </p>
   </div>
   <div class='ocr_carea' id='block_1_41' title="bbox 2326 1814 3741 1890">
    <p class='ocr_par' dir='ltr' id='par_1_41' title="bbox 2326 1814 3741 1890">
     <span class='ocr_line' id='line_1_41' title="bbox 2326 1814 3741 1890; baseline 0.001 -23"><span class='ocrx_word' id='word_1_255' title='bbox 2326 1819 2427 1868; x_wconf 77' lang='grc' dir='ltr'><strong>Καὶ</strong></span> <span class='ocrx_word' id='word_1_256' title='bbox 2459 1815 2609 1868; x_wconf 78' lang='grc' dir='ltr'>θέλων</span> <span class='ocrx_word' id='word_1_257' title='bbox 2637 1815 2791 1867; x_wconf 67' lang='grc' dir='ltr'>αὐτὸν</span> <span class='ocrx_word' id='word_1_258' title='bbox 2818 1814 3137 1880; x_wconf 77' lang='grc' dir='ltr'>ἀποκτεῖναι,</span> <span class='ocrx_word' id='word_1_259' title='bbox 3166 1814 3391 1890; x_wconf 63' lang='grc' dir='ltr'>ἐφοϐήθη</span> <span class='ocrx_word' id='word_1_260' title='bbox 3433 1820 3520 1870; x_wconf 86' lang='grc' dir='ltr'>τὸν</span> <span class='ocrx_word' id='word_1_261' title='bbox 3553 1817 3741 1890; x_wconf 79' lang='grc' dir='ltr'>ὄχλον,</span> 
     </span>
    </p>
   </div>
   <div class='ocr_carea' id='block_1_42' title="bbox 2587 1887 3476 1960">
    <p class='ocr_par' dir='ltr' id='par_1_42' title="bbox 2587 1887 3476 1960">
     <span class='ocr_line' id='line_1_42' title="bbox 2587 1887 3476 1960; baseline 0.007 -22"><span class='ocrx_word' id='word_1_262' title='bbox 2587 1889 2663 1938; x_wconf 83' lang='grc' dir='ltr'>ὅτι</span> <span class='ocrx_word' id='word_1_263' title='bbox 2701 1889 2768 1948; x_wconf 81' lang='grc' dir='ltr'><strong>ὡς</strong></span> <span class='ocrx_word' id='word_1_264' title='bbox 2806 1892 3076 1960; x_wconf 69' lang='grc' dir='ltr'>προφήτην</span> <span class='ocrx_word' id='word_1_265' title='bbox 3118 1888 3268 1939; x_wconf 72' lang='grc' dir='ltr'>αὐτὸν</span> <span class='ocrx_word' id='word_1_266' title='bbox 3308 1887 3476 1960; x_wconf 84' lang='grc' dir='ltr'>εἶχον.</span> 
     </span>
    </p>
   </div>
   <div class='ocr_carea' id='block_1_43' title="bbox 2305 1973 3840 2050">
    <p class='ocr_par' dir='ltr' id='par_1_43' title="bbox 2305 1973 3840 2050">
     <span class='ocr_line' id='line_1_43' title="bbox 2305 1973 3840 2050; baseline 0.001 -23"><span class='ocrx_word' id='word_1_267' title='bbox 2305 1978 2519 2030; x_wconf 82' lang='grc' dir='ltr'>Φωτίου.</span> <span class='ocrx_word' id='word_1_268' title='bbox 2545 1974 2807 2027; x_wconf 80' lang='grc' dir='ltr'>Ἐλυπεῑτο</span> <span class='ocrx_word' id='word_1_269' title='bbox 2830 1977 2854 2027; x_wconf 85' lang='grc' dir='ltr'><strong><em>ὁ</em></strong></span> <span class='ocrx_word' id='word_1_270' title='bbox 2879 1973 3476 2050; x_wconf 75' lang='grc' dir='ltr'>Ἠρώδηςμεριζὸμενος</span> <span class='ocrx_word' id='word_1_271' title='bbox 3505 1982 3602 2036; x_wconf 76' lang='grc' dir='ltr'>τὴν</span> <span class='ocrx_word' id='word_1_272' title='bbox 3627 1978 3840 2049; x_wconf 70' lang='grc' dir='ltr'>ψυχήν·</span> 
     </span>
    </p>
   </div>
   <div class='ocr_carea' id='block_1_44' title="bbox 2235 2062 3845 2139">
    <p class='ocr_par' dir='ltr' id='par_1_44' title="bbox 2235 2062 3845 2139">
     <span class='ocr_line' id='line_1_44' title="bbox 2235 2062 3845 2139; baseline 0.003 -24"><span class='ocrx_word' id='word_1_273' title='bbox 2235 2068 2321 2115; x_wconf 72' lang='grc' dir='ltr'>καὶ</span> <span class='ocrx_word' id='word_1_274' title='bbox 2363 2068 2482 2116; x_wconf 71' lang='grc' dir='ltr'>ποτε</span> <span class='ocrx_word' id='word_1_275' title='bbox 2513 2068 2600 2133; x_wconf 70' lang='grc' dir='ltr'><strong>μεν</strong></span> <span class='ocrx_word' id='word_1_276' title='bbox 2633 2072 2722 2116; x_wconf 72' lang='grc' dir='ltr'>τοῦ</span> <span class='ocrx_word' id='word_1_277' title='bbox 2755 2062 2944 2137; x_wconf 85' lang='grc' dir='ltr'>ἀνδρὸς</span> <span class='ocrx_word' id='word_1_278' title='bbox 2984 2063 3162 2137; x_wconf 78' lang='grc' dir='ltr'>ἀρετὴν</span> <span class='ocrx_word' id='word_1_279' title='bbox 3210 2063 3518 2139; x_wconf 70' lang='grc' dir='ltr'>αἰδούμενος</span> <span class='ocrx_word' id='word_1_280' title='bbox 3562 2067 3845 2139; x_wconf 80' lang='grc' dir='ltr'>ἀνεχαιτί-</span> 
     </span>
    </p>
   </div>
   <div class='ocr_carea' id='block_1_45' title="bbox 2234 2151 3844 2229">
    <p class='ocr_par' dir='ltr' id='par_1_45' title="bbox 2234 2151 3844 2229">
     <span class='ocr_line' id='line_1_45' title="bbox 2234 2151 3844 2229; baseline 0.002 -24"><span class='ocrx_word' id='word_1_281' title='bbox 2234 2153 2346 2213; x_wconf 80' lang='grc' dir='ltr'>ζετο</span> <span class='ocrx_word' id='word_1_282' title='bbox 2376 2161 2470 2215; x_wconf 84' lang='grc' dir='ltr'><strong>τῆς</strong></span> <span class='ocrx_word' id='word_1_283' title='bbox 2503 2158 2817 2225; x_wconf 75' lang='grc' dir='ltr'>μιαιφονίας,</span> <span class='ocrx_word' id='word_1_284' title='bbox 2850 2157 2972 2205; x_wconf 72' lang='grc' dir='ltr'>ποτε</span> <span class='ocrx_word' id='word_1_285' title='bbox 3013 2151 3070 2206; x_wconf 78' lang='grc' dir='ltr'><strong>δε</strong></span> <span class='ocrx_word' id='word_1_286' title='bbox 3105 2158 3193 2212; x_wconf 77' lang='grc' dir='ltr'>τὴν</span> <span class='ocrx_word' id='word_1_287' title='bbox 3226 2157 3522 2227; x_wconf 78' lang='grc' dir='ltr'>ὑπόσχεσιν</span> <span class='ocrx_word' id='word_1_288' title='bbox 3560 2156 3844 2229; x_wconf 75' lang='grc' dir='ltr'>πληρῶσαι</span> 
     </span>
    </p>
   </div>
   <div class='ocr_carea' id='block_1_46' title="bbox 2233 2239 3842 2318">
    <p class='ocr_par' dir='ltr' id='par_1_46' title="bbox 2233 2239 3842 2318">
     <span class='ocr_line' id='line_1_46' title="bbox 2233 2239 3842 2318; baseline 0.002 -25"><span class='ocrx_word' id='word_1_289' title='bbox 2233 2239 2561 2313; x_wconf 85' lang='grc' dir='ltr'>βουλόμενος,</span> <span class='ocrx_word' id='word_1_290' title='bbox 2594 2239 2884 2317; x_wconf 76' lang='grc' dir='ltr'>διηγείρετο</span> <span class='ocrx_word' id='word_1_291' title='bbox 2923 2246 3049 2316; x_wconf 82' lang='grc' dir='ltr'>πρὸς</span> <span class='ocrx_word' id='word_1_292' title='bbox 3087 2247 3173 2295; x_wconf 88' lang='grc' dir='ltr'>τὸν</span> <span class='ocrx_word' id='word_1_293' title='bbox 3224 2248 3391 2315; x_wconf 69' lang='grc' dir='ltr'>φόνονο</span> <span class='ocrx_word' id='word_1_294' title='bbox 3443 2242 3614 2307; x_wconf 85' lang='grc' dir='ltr'>δεῖξαι</span> <span class='ocrx_word' id='word_1_295' title='bbox 3650 2245 3842 2318; x_wconf 68' lang='grc' dir='ltr'>βουὶοο</span> 
     </span>
    </p>
   </div>
   <div class='ocr_carea' id='block_1_47' title="bbox 2230 2329 3836 2406">
    <p class='ocr_par' dir='ltr' id='par_1_47' title="bbox 2230 2329 3836 2406">
     <span class='ocr_line' id='line_1_47' title="bbox 2230 2329 3836 2406; baseline 0.002 -25"><span class='ocrx_word' id='word_1_296' title='bbox 2230 2350 2379 2402; x_wconf 86' lang='grc' dir='ltr'>μενος</span> <span class='ocrx_word' id='word_1_297' title='bbox 2430 2334 2493 2391; x_wconf 84' lang='grc' dir='ltr'><strong>ὡς</strong></span> <span class='ocrx_word' id='word_1_298' title='bbox 2544 2334 2748 2405; x_wconf 83' lang='grc' dir='ltr'>ἔνορκος</span> <span class='ocrx_word' id='word_1_299' title='bbox 2798 2331 2931 2395; x_wconf 77' lang='grc' dir='ltr'>ἐστι,</span> <span class='ocrx_word' id='word_1_300' title='bbox 2976 2337 3066 2384; x_wconf 85' lang='grc' dir='ltr'>καὶ</span> <span class='ocrx_word' id='word_1_301' title='bbox 3114 2329 3326 2395; x_wconf 70' lang='grc' dir='ltr'>οὐδενὸς</span> <span class='ocrx_word' id='word_1_302' title='bbox 3377 2330 3685 2406; x_wconf 68' lang='grc' dir='ltr'>φειδόμενος</span> <span class='ocrx_word' id='word_1_303' title='bbox 3738 2344 3836 2387; x_wconf 75' lang='grc' dir='ltr'>τῶν</span> 
     </span>
    </p>
   </div>
   <div class='ocr_carea' id='block_1_48' title="bbox 2230 2418 3163 2494">
    <p class='ocr_par' dir='ltr' id='par_1_48' title="bbox 2230 2418 3163 2494">
     <span class='ocr_line' id='line_1_48' title="bbox 2230 2418 3163 2494; baseline 0.004 -22"><span class='ocrx_word' id='word_1_304' title='bbox 2230 2422 2355 2494; x_wconf 84' lang='grc' dir='ltr'>πρὸς</span> <span class='ocrx_word' id='word_1_305' title='bbox 2382 2418 2652 2494; x_wconf 78' lang='grc' dir='ltr'>ἀρέσκειαν</span> <span class='ocrx_word' id='word_1_306' title='bbox 2670 2428 2769 2473; x_wconf 87' lang='grc' dir='ltr'>τῶν</span> <span class='ocrx_word' id='word_1_307' title='bbox 2802 2419 3163 2492; x_wconf 73' lang='grc' dir='ltr'>ἀνακειμένων.</span> 
     </span>
    </p>
   </div>
   <div class='ocr_carea' id='block_1_49' title="bbox 3583 2519 3839 2570">
    <p class='ocr_par' dir='ltr' id='par_1_49' title="bbox 3583 2519 3839 2570">
     <span class='ocr_line' id='line_1_49' title="bbox 3583 2519 3839 2570; baseline 0.012 -3"><span class='ocrx_word' id='word_1_308' title='bbox 3583 2519 3839 2570; x_wconf 87' lang='lat' dir='ltr'><strong>cavente</strong></span> 
     </span>
    </p>
   </div>
   <div class='ocr_carea' id='block_1_50' title="bbox 473 2592 3839 2675">
    <p class='ocr_par' dir='ltr' id='par_1_50' title="bbox 473 2592 3839 2675">
     <span class='ocr_line' id='line_1_50' title="bbox 473 2592 3839 2675; baseline 0.004 -28"><span class='ocrx_word' id='word_1_309' title='bbox 473 2608 610 2663; x_wconf 89' lang='lat' dir='ltr'><strong>rege</strong></span> <span class='ocrx_word' id='word_1_310' title='bbox 641 2608 715 2648; x_wconf 91' lang='lat' dir='ltr'><strong>ne</strong></span> <span class='ocrx_word' id='word_1_311' title='bbox 745 2592 930 2649; x_wconf 89' lang='lat' dir='ltr'><strong>videri</strong></span> <span class='ocrx_word' id='word_1_312' title='bbox 954 2600 1159 2665; x_wconf 89' lang='lat' dir='ltr'><strong>posset</strong></span> <span class='ocrx_word' id='word_1_313' title='bbox 1183 2597 1435 2666; x_wconf 84' lang='lat' dir='ltr'><strong>gratiam</strong></span> <span class='ocrx_word' id='word_1_314' title='bbox 1467 2612 1537 2652; x_wconf 92' lang='lat' dir='ltr'><strong>ac</strong></span> <span class='ocrx_word' id='word_1_315' title='bbox 1569 2597 1933 2669; x_wconf 89' lang='lat' dir='ltr'><strong>voluptatem</strong></span> <span class='ocrx_word' id='word_1_316' title='bbox 1958 2596 2141 2653; x_wconf 89' lang='lat' dir='ltr'><strong>simul</strong></span> <span class='ocrx_word' id='word_1_317' title='bbox 2165 2598 2649 2655; x_wconf 90' lang='lat' dir='ltr'><strong>accumbentium</strong></span> <span class='ocrx_word' id='word_1_318' title='bbox 2698 2614 2822 2655; x_wconf 90' lang='lat' dir='ltr'><strong>non</strong></span> <span class='ocrx_word' id='word_1_319' title='bbox 2851 2599 3003 2656; x_wconf 91' lang='lat' dir='ltr'><strong>bene</strong></span> <span class='ocrx_word' id='word_1_320' title='bbox 3060 2605 3328 2673; x_wconf 88' lang='lat' dir='ltr'><strong>emptam</strong></span> <span class='ocrx_word' id='word_1_321' title='bbox 3379 2602 3594 2675; x_wconf 85' lang='lat' dir='ltr'><strong>quovis</strong></span> <span class='ocrx_word' id='word_1_322' title='bbox 3645 2603 3839 2675; x_wconf 90' lang='lat' dir='ltr'><strong>pretio</strong></span> 
     </span>
    </p>
   </div>
   <div class='ocr_carea' id='block_1_51' title="bbox 475 2688 703 2753">
    <p class='ocr_par' dir='ltr' id='par_1_51' title="bbox 475 2688 703 2753">
     <span class='ocr_line' id='line_1_51' title="bbox 475 2688 703 2753; baseline -0.004 -17"><span class='ocrx_word' id='word_1_323' title='bbox 475 2688 703 2753; x_wconf 90' lang='lat' dir='ltr'><strong>putare.</strong></span> 
     </span>
    </p>
   </div>
   <div class='ocr_carea' id='block_1_52' title="bbox 472 2770 2112 2847">
    <p class='ocr_par' dir='ltr' id='par_1_52' title="bbox 472 2770 2112 2847">
     <span class='ocr_line' id='line_1_52' title="bbox 472 2770 2112 2847; baseline 0.005 -23"><span class='ocrx_word' id='word_1_324' title='bbox 472 2770 604 2826; x_wconf 77' lang='lat' dir='ltr'><strong>CAP.</strong></span> <span class='ocrx_word' id='word_1_325' title='bbox 651 2770 759 2826; x_wconf 83' lang='lat' dir='ltr'><strong>XV.</strong></span> <span class='ocrx_word' id='word_1_326' title='bbox 795 2771 964 2847; x_wconf 67' lang='lat' dir='ltr'><strong>Yens.</strong></span> <span class='ocrx_word' id='word_1_327' title='bbox 994 2772 1045 2824; x_wconf 80' lang='lat'><strong>2.</strong></span> <span class='ocrx_word' id='word_1_328' title='bbox 1079 2773 1275 2847; x_wconf 82' lang='lat' dir='ltr'><strong>Quare</strong></span> <span class='ocrx_word' id='word_1_329' title='bbox 1315 2774 1597 2847; x_wconf 84' lang='lat' dir='ltr'><strong>discipuli</strong></span> <span class='ocrx_word' id='word_1_330' title='bbox 1658 2775 1745 2831; x_wconf 86' lang='lat' dir='ltr'><strong>tui</strong></span> <span class='ocrx_word' id='word_1_331' title='bbox 1820 2784 2112 2847; x_wconf 86' lang='lat' dir='ltr'><strong>transgre-</strong></span> 
     </span>
    </p>
   </div>
   <div class='ocr_carea' id='block_1_53' title="bbox 766 2842 1827 2903">
    <p class='ocr_par' dir='ltr' id='par_1_53' title="bbox 766 2842 1827 2903">
     <span class='ocr_line' id='line_1_53' title="bbox 766 2842 1827 2903; baseline 0.003 -6"><span class='ocrx_word' id='word_1_332' title='bbox 766 2842 1017 2898; x_wconf 85' lang='lat' dir='ltr'><strong>diuntur</strong></span> <span class='ocrx_word' id='word_1_333' title='bbox 1061 2842 1771 2903; x_wconf 85' lang='lat' dir='ltr'><strong>traditionemseniorum</strong></span> <span class='ocrx_word' id='word_1_334' title='bbox 1801 2847 1827 2900; x_wconf 88' lang='lat'><strong>?</strong></span> 
     </span>
    </p>
   </div>
   <div class='ocr_carea' id='block_1_54' title="bbox 547 2930 2112 3007">
    <p class='ocr_par' dir='ltr' id='par_1_54' title="bbox 547 2930 2112 3007">
     <span class='ocr_line' id='line_1_54' title="bbox 547 2930 2112 3007; baseline 0.004 -21"><span class='ocrx_word' id='word_1_335' title='bbox 547 2931 761 2988; x_wconf 84' lang='lat' dir='ltr'><strong>Photii.</strong></span> <span class='ocrx_word' id='word_1_336' title='bbox 782 2930 907 2986; x_wconf 91' lang='lat' dir='ltr'><strong>Non</strong></span> <span class='ocrx_word' id='word_1_337' title='bbox 934 2939 1165 3003; x_wconf 88' lang='lat' dir='ltr'><strong>oportet</strong></span> <span class='ocrx_word' id='word_1_338' title='bbox 1196 2935 1457 2991; x_wconf 91' lang='lat' dir='ltr'><strong>mirarisi</strong></span> <span class='ocrx_word' id='word_1_339' title='bbox 1484 2935 1789 3007; x_wconf 61' lang='lat' dir='ltr'><strong>quadam,</strong></span> <span class='ocrx_word' id='word_1_340' title='bbox 1824 2951 1958 3007; x_wconf 67' lang='lat' dir='ltr'><strong>qua:</strong></span> <span class='ocrx_word' id='word_1_341' title='bbox 1998 2935 2112 3001; x_wconf 85' lang='lat' dir='ltr'><strong>lex,</strong></span> 
     </span>
    </p>
   </div>
   <div class='ocr_carea' id='block_1_55' title="bbox 471 3019 2117 3094">
    <p class='ocr_par' dir='ltr' id='par_1_55' title="bbox 471 3019 2117 3094">
     <span class='ocr_line' id='line_1_55' title="bbox 471 3019 2117 3094; baseline 0.002 -18"><span class='ocrx_word' id='word_1_342' title='bbox 471 3019 819 3076; x_wconf 80' lang='lat' dir='ltr'><strong>exteriorem</strong></span> <span class='ocrx_word' id='word_1_343' title='bbox 838 3019 1212 3090; x_wconf 89' lang='lat' dir='ltr'><strong>potissimum</strong></span> <span class='ocrx_word' id='word_1_344' title='bbox 1234 3023 1468 3078; x_wconf 91' lang='lat' dir='ltr'><strong>intuens</strong></span> <span class='ocrx_word' id='word_1_345' title='bbox 1486 3023 1899 3094; x_wconf 82' lang='lat' dir='ltr'><strong>instruensque</strong></span> <span class='ocrx_word' id='word_1_346' title='bbox 1924 3023 2117 3079; x_wconf 92' lang='lat' dir='ltr'><strong>homi-</strong></span> 
     </span>
    </p>
   </div>
   <div class='ocr_carea' id='block_1_56' title="bbox 470 3107 2117 3185">
    <p class='ocr_par' dir='ltr' id='par_1_56' title="bbox 470 3107 2117 3185">
     <span class='ocr_line' id='line_1_56' title="bbox 470 3107 2117 3185; baseline 0.001 -20"><span class='ocrx_word' id='word_1_347' title='bbox 470 3125 631 3174; x_wconf 85' lang='lat' dir='ltr'><strong>nem,</strong></span> <span class='ocrx_word' id='word_1_348' title='bbox 665 3107 1034 3181; x_wconf 88' lang='lat' dir='ltr'><strong>prohibebat,</strong></span> <span class='ocrx_word' id='word_1_349' title='bbox 1058 3111 1341 3178; x_wconf 90' lang='lat' dir='ltr'><strong>Christus,</strong></span> <span class='ocrx_word' id='word_1_350' title='bbox 1363 3113 1528 3185; x_wconf 89' lang='lat' dir='ltr'><strong>quod</strong></span> <span class='ocrx_word' id='word_1_351' title='bbox 1545 3112 1930 3183; x_wconf 90' lang='lat' dir='ltr'><strong>disciplinam</strong></span> <span class='ocrx_word' id='word_1_352' title='bbox 1944 3128 2117 3169; x_wconf 91' lang='lat' dir='ltr'><strong>suam</strong></span> 
     </span>
    </p>
   </div>
   <div class='ocr_carea' id='block_1_57' title="bbox 2228 2777 3826 2855">
    <p class='ocr_par' dir='ltr' id='par_1_57' title="bbox 2228 2777 3826 2855">
     <span class='ocr_line' id='line_1_57' title="bbox 2228 2777 3826 2855; baseline 0.003 -27"><span class='ocrx_word' id='word_1_353' title='bbox 2228 2779 2322 2829; x_wconf 88' lang='grc' dir='ltr'>Διά</span> <span class='ocrx_word' id='word_1_354' title='bbox 2362 2781 2413 2828; x_wconf 86' lang='grc' dir='ltr'><strong>τί</strong></span> <span class='ocrx_word' id='word_1_355' title='bbox 2464 2779 2511 2828; x_wconf 82' lang='grc' dir='ltr'>οἱ</span> <span class='ocrx_word' id='word_1_356' title='bbox 2555 2778 2789 2849; x_wconf 78' lang='grc' dir='ltr'>μαθηταί</span> <span class='ocrx_word' id='word_1_357' title='bbox 2821 2797 2913 2830; x_wconf 87' lang='grc' dir='ltr'>σου</span> <span class='ocrx_word' id='word_1_358' title='bbox 2964 2777 3350 2855; x_wconf 64' lang='grc' dir='ltr'>παραϐαίνουσι</span> <span class='ocrx_word' id='word_1_359' title='bbox 3388 2785 3476 2838; x_wconf 80' lang='grc' dir='ltr'>τὴν</span> <span class='ocrx_word' id='word_1_360' title='bbox 3516 2777 3826 2855; x_wconf 79' lang='grc' dir='ltr'>παράδοσιν</span> 
     </span>
    </p>
   </div>
   <div class='ocr_carea' id='block_1_58' title="bbox 2749 2849 3283 2924">
    <p class='ocr_par' dir='ltr' id='par_1_58' title="bbox 2749 2849 3283 2924">
     <span class='ocr_line' id='line_1_58' title="bbox 2749 2849 3283 2924; baseline 0.002 -23"><span class='ocrx_word' id='word_1_361' title='bbox 2749 2858 2846 2901; x_wconf 84' lang='grc' dir='ltr'>τῶν</span> <span class='ocrx_word' id='word_1_362' title='bbox 2876 2849 3235 2924; x_wconf 78' lang='grc' dir='ltr'>πρεσϐυτέρων</span> <span class='ocrx_word' id='word_1_363' title='bbox 3270 2868 3283 2919; x_wconf 88' lang='grc'><strong>;</strong></span> 
     </span>
    </p>
   </div>
   <div class='ocr_carea' id='block_1_59' title="bbox 2298 2934 3842 3013">
    <p class='ocr_par' dir='ltr' id='par_1_59' title="bbox 2298 2934 3842 3013">
     <span class='ocr_line' id='line_1_59' title="bbox 2298 2934 3842 3013; baseline 0.001 -22"><span class='ocrx_word' id='word_1_364' title='bbox 2298 2942 2516 2993; x_wconf 79' lang='grc' dir='ltr'>Φωτίου.</span> <span class='ocrx_word' id='word_1_365' title='bbox 2542 2938 2616 2990; x_wconf 71' lang='grc' dir='ltr'><strong>Οὖ</strong></span> <span class='ocrx_word' id='word_1_366' title='bbox 2650 2934 2730 2991; x_wconf 83' lang='grc' dir='ltr'>δεῖ</span> <span class='ocrx_word' id='word_1_367' title='bbox 2762 2940 3043 3011; x_wconf 78' lang='grc' dir='ltr'>θαυμάζειν</span> <span class='ocrx_word' id='word_1_368' title='bbox 3083 2939 3146 3004; x_wconf 84' lang='grc' dir='ltr'><strong>εἰ,</strong></span> <span class='ocrx_word' id='word_1_369' title='bbox 3180 2947 3272 2992; x_wconf 82' lang='grc' dir='ltr'>τοῦ</span> <span class='ocrx_word' id='word_1_370' title='bbox 3304 2944 3466 3013; x_wconf 84' lang='grc' dir='ltr'>νόμου</span> <span class='ocrx_word' id='word_1_371' title='bbox 3498 2940 3842 3001; x_wconf 77' lang='grc' dir='ltr'>κωλύσαντος</span> 
     </span>
    </p>
   </div>
   <div class='ocr_carea' id='block_1_60' title="bbox 2225 3027 3839 3102">
    <p class='ocr_par' dir='ltr' id='par_1_60' title="bbox 2225 3027 3839 3102">
     <span class='ocr_line' id='line_1_60' title="bbox 2225 3027 3839 3102; baseline 0.002 -24"><span class='ocrx_word' id='word_1_372' title='bbox 2225 3046 2342 3078; x_wconf 87' lang='grc' dir='ltr'>τινα</span> <span class='ocrx_word' id='word_1_373' title='bbox 2369 3030 2437 3088; x_wconf 87' lang='grc' dir='ltr'><strong>ὡς</strong></span> <span class='ocrx_word' id='word_1_374' title='bbox 2470 3030 2594 3099; x_wconf 82' lang='grc' dir='ltr'>πρὸς</span> <span class='ocrx_word' id='word_1_375' title='bbox 2618 3031 2701 3080; x_wconf 83' lang='grc' dir='ltr'>τὸν</span> <span class='ocrx_word' id='word_1_376' title='bbox 2725 3027 2818 3090; x_wconf 82' lang='grc' dir='ltr'><strong>ἔξω</strong></span> <span class='ocrx_word' id='word_1_377' title='bbox 2847 3030 3115 3102; x_wconf 80' lang='grc' dir='ltr'>ἄνθρωπον</span> <span class='ocrx_word' id='word_1_378' title='bbox 3147 3029 3337 3101; x_wconf 79' lang='grc' dir='ltr'>μαλλον</span> <span class='ocrx_word' id='word_1_379' title='bbox 3374 3028 3779 3093; x_wconf 75' lang='grc' dir='ltr'>ἀποϐλέποντος,</span> <span class='ocrx_word' id='word_1_380' title='bbox 3814 3032 3839 3081; x_wconf 75' lang='grc' dir='ltr'><strong><em>ὁ</em></strong></span> 
     </span>
    </p>
   </div>
   <div class='ocr_carea' id='block_1_61' title="bbox 2231 3118 3843 3193">
    <p class='ocr_par' dir='ltr' id='par_1_61' title="bbox 2231 3118 3843 3193">
     <span class='ocr_line' id='line_1_61' title="bbox 2231 3118 3843 3193; baseline 0.001 -24"><span class='ocrx_word' id='word_1_381' title='bbox 2231 3119 2413 3184; x_wconf 83' lang='grc' dir='ltr'>Κύριος</span> <span class='ocrx_word' id='word_1_382' title='bbox 2462 3118 2606 3187; x_wconf 84' lang='grc' dir='ltr'>ἡμῶν</span> <span class='ocrx_word' id='word_1_383' title='bbox 2655 3120 2778 3189; x_wconf 81' lang='grc' dir='ltr'>πρὸς</span> <span class='ocrx_word' id='word_1_384' title='bbox 2826 3120 2910 3168; x_wconf 88' lang='grc' dir='ltr'>τὸν</span> <span class='ocrx_word' id='word_1_385' title='bbox 2956 3120 3055 3169; x_wconf 82' lang='grc' dir='ltr'>ἔσω</span> <span class='ocrx_word' id='word_1_386' title='bbox 3085 3119 3356 3193; x_wconf 78' lang='grc' dir='ltr'>ἄνθρωπον</span> <span class='ocrx_word' id='word_1_387' title='bbox 3391 3123 3701 3192; x_wconf 79' lang='grc' dir='ltr'>ποιούμενος</span> <span class='ocrx_word' id='word_1_388' title='bbox 3744 3124 3843 3177; x_wconf 70' lang='grc' dir='ltr'>τὴν</span> 
     </span>
    </p>
   </div>
   <div class='ocr_carea' id='block_1_62' title="bbox 469 3198 2119 3276">
    <p class='ocr_par' dir='ltr' id='par_1_62' title="bbox 469 3198 2113 3276">
     <span class='ocr_line' id='line_1_62' title="bbox 469 3198 2113 3276; baseline 0.002 -21"><span class='ocrx_word' id='word_1_389' title='bbox 469 3200 548 3255; x_wconf 92' lang='lat' dir='ltr'><strong>ad</strong></span> <span class='ocrx_word' id='word_1_390' title='bbox 576 3198 867 3254; x_wconf 90' lang='lat' dir='ltr'><strong>interioris</strong></span> <span class='ocrx_word' id='word_1_391' title='bbox 910 3198 1170 3257; x_wconf 85' lang='lat' dir='ltr'><strong>hominis</strong></span> <span class='ocrx_word' id='word_1_392' title='bbox 1226 3219 1399 3259; x_wconf 92' lang='lat' dir='ltr'><strong>usum</strong></span> <span class='ocrx_word' id='word_1_393' title='bbox 1465 3203 1764 3275; x_wconf 80' lang='lat' dir='ltr'><strong>praecipue</strong></span> <span class='ocrx_word' id='word_1_394' title='bbox 1820 3202 2113 3276; x_wconf 89' lang='lat' dir='ltr'><strong>dirigeret,</strong></span> 
     </span>
    </p>
   </div>
   <div class='ocr_carea' id='block_1_63' title="bbox 2243 3198 3160 3276">
    <p class='ocr_par' dir='ltr' id='par_1_63' title="bbox 2243 3200 3160 3262">
     <span class='ocr_line' id='line_1_63' title="bbox 2243 3200 3160 3262; baseline 0.005 -5"><span class='ocrx_word' id='word_1_395' title='bbox 2243 3200 2581 3259; x_wconf 64' lang='grc' dir='ltr'>ῗιδασκαλίαν</span> <span class='ocrx_word' id='word_1_396' title='bbox 2604 3206 2696 3258; x_wconf 72' lang='grc' dir='ltr'>οὐκ</span> <span class='ocrx_word' id='word_1_397' title='bbox 2722 3204 2971 3259; x_wconf 75' lang='grc' dir='ltr'>ἐκώλυσεν</span> <span class='ocrx_word' id='word_1_398' title='bbox 3004 3206 3160 3262; x_wconf 70' lang='grc' dir='ltr'>αὐτοὶ.</span> 
     </span>
    </p>
   </div>
   <div class='ocr_carea' id='block_1_64' title="bbox 469 3287 1257 3361">
    <p class='ocr_par' dir='ltr' id='par_1_64' title="bbox 469 3287 1257 3361">
     <span class='ocr_line' id='line_1_64' title="bbox 469 3287 1257 3361; baseline 0 -16"><span class='ocrx_word' id='word_1_399' title='bbox 469 3287 840 3361; x_wconf 87' lang='lat' dir='ltr'><strong>prohibenda</strong></span> <span class='ocrx_word' id='word_1_400' title='bbox 880 3302 999 3344; x_wconf 89' lang='lat' dir='ltr'><strong>non</strong></span> <span class='ocrx_word' id='word_1_401' title='bbox 1014 3292 1257 3348; x_wconf 90' lang='lat' dir='ltr'><strong>censuit.</strong></span> 
     </span>
    </p>
   </div>
   <div class='ocr_carea' id='block_1_65' title="bbox 469 3378 2113 3448">
    <p class='ocr_par' dir='ltr' id='par_1_65' title="bbox 469 3378 2113 3448">
     <span class='ocr_line' id='line_1_65' title="bbox 469 3378 2113 3448; baseline 0.005 -18"><span class='ocrx_word' id='word_1_402' title='bbox 469 3378 637 3433; x_wconf 63' lang='grc' dir='ltr'>νεεδ.</span> <span class='ocrx_word' id='word_1_403' title='bbox 662 3382 747 3437; x_wconf 87' lang='lat'><strong>39.</strong></span> <span class='ocrx_word' id='word_1_404' title='bbox 781 3380 858 3435; x_wconf 82' lang='lat' dir='ltr'><strong>Et</strong></span> <span class='ocrx_word' id='word_1_405' title='bbox 899 3381 1142 3439; x_wconf 85' lang='lat' dir='ltr'><strong>dimissa</strong></span> <span class='ocrx_word' id='word_1_406' title='bbox 1170 3382 1362 3446; x_wconf 85' lang='lat' dir='ltr'><strong>turba,</strong></span> <span class='ocrx_word' id='word_1_407' title='bbox 1387 3382 1622 3439; x_wconf 86' lang='lat' dir='ltr'><strong>ascendi</strong></span> <span class='ocrx_word' id='word_1_408' title='bbox 1653 3383 1715 3438; x_wconf 84' lang='lat' dir='ltr'><strong>in</strong></span> <span class='ocrx_word' id='word_1_409' title='bbox 1748 3382 2113 3448; x_wconf 77' lang='lat' dir='ltr'><strong>naviculam,</strong></span> 
     </span>
    </p>
   </div>
   <div class='ocr_carea' id='block_1_66' title="bbox 858 3454 1706 3524">
    <p class='ocr_par' dir='ltr' id='par_1_66' title="bbox 858 3454 1706 3524">
     <span class='ocr_line' id='line_1_66' title="bbox 858 3454 1706 3524; baseline 0.002 -18"><span class='ocrx_word' id='word_1_410' title='bbox 858 3460 910 3508; x_wconf 82' lang='lat' dir='ltr'><strong>et</strong></span> <span class='ocrx_word' id='word_1_411' title='bbox 941 3457 1095 3510; x_wconf 87' lang='lat' dir='ltr'><strong>venit</strong></span> <span class='ocrx_word' id='word_1_412' title='bbox 1124 3456 1186 3509; x_wconf 90' lang='lat' dir='ltr'><strong>in</strong></span> <span class='ocrx_word' id='word_1_413' title='bbox 1216 3455 1361 3521; x_wconf 84' lang='lat' dir='ltr'><strong>ﬁnes</strong></span> <span class='ocrx_word' id='word_1_414' title='bbox 1388 3454 1706 3524; x_wconf 78' lang='lat' dir='ltr'><strong>Magedan.</strong></span> 
     </span>
    </p>
   </div>
   <div class='ocr_carea' id='block_1_67' title="bbox 537 3536 2114 3614">
    <p class='ocr_par' dir='ltr' id='par_1_67' title="bbox 537 3536 2114 3614">
     <span class='ocr_line' id='line_1_67' title="bbox 537 3536 2114 3614; baseline 0.005 -25"><span class='ocrx_word' id='word_1_415' title='bbox 537 3536 749 3594; x_wconf 86' lang='lat' dir='ltr'><strong>Photii.</strong></span> <span class='ocrx_word' id='word_1_416' title='bbox 784 3545 882 3608; x_wconf 87' lang='lat' dir='ltr'><strong>Ne,</strong></span> <span class='ocrx_word' id='word_1_417' title='bbox 918 3543 1082 3614; x_wconf 90' lang='lat' dir='ltr'><strong>quod</strong></span> <span class='ocrx_word' id='word_1_418' title='bbox 1123 3543 1293 3613; x_wconf 87' lang='lat' dir='ltr'><strong>signa</strong></span> <span class='ocrx_word' id='word_1_419' title='bbox 1332 3542 1601 3614; x_wconf 88' lang='lat' dir='ltr'><strong>quotidie</strong></span> <span class='ocrx_word' id='word_1_420' title='bbox 1633 3541 1869 3610; x_wconf 80' lang='lat' dir='ltr'><strong>faceret,</strong></span> <span class='ocrx_word' id='word_1_421' title='bbox 1903 3558 2114 3598; x_wconf 88' lang='lat' dir='ltr'><strong>auram</strong></span> 
     </span>
    </p>
   </div>
   <div class='ocr_carea' id='block_1_68' title="bbox 464 3626 2116 3702">
    <p class='ocr_par' dir='ltr' id='par_1_68' title="bbox 464 3626 2116 3702">
     <span class='ocr_line' id='line_1_68' title="bbox 464 3626 2116 3702; baseline 0.003 -21"><span class='ocrx_word' id='word_1_422' title='bbox 464 3626 817 3698; x_wconf 89' lang='lat' dir='ltr'><strong>popularem</strong></span> <span class='ocrx_word' id='word_1_423' title='bbox 838 3638 1078 3702; x_wconf 88' lang='lat' dir='ltr'><strong>captare</strong></span> <span class='ocrx_word' id='word_1_424' title='bbox 1094 3630 1797 3700; x_wconf 83' lang='lat' dir='ltr'><strong>videretur(excitabatur</strong></span> <span class='ocrx_word' id='word_1_425' title='bbox 1823 3631 1979 3685; x_wconf 91' lang='lat' dir='ltr'><strong>enim</strong></span> <span class='ocrx_word' id='word_1_426' title='bbox 1999 3630 2116 3686; x_wconf 86' lang='lat' dir='ltr'><strong>fre-</strong></span> 
     </span>
    </p>
   </div>
   <div class='ocr_carea' id='block_1_69' title="bbox 465 3716 2114 3792">
    <p class='ocr_par' dir='ltr' id='par_1_69' title="bbox 465 3716 2114 3792">
     <span class='ocr_line' id='line_1_69' title="bbox 465 3716 2114 3792; baseline 0.004 -23"><span class='ocrx_word' id='word_1_427' title='bbox 465 3716 709 3787; x_wconf 89' lang='lat' dir='ltr'><strong>quentia</strong></span> <span class='ocrx_word' id='word_1_428' title='bbox 739 3717 851 3775; x_wconf 90' lang='lat' dir='ltr'><strong>ista</strong></span> <span class='ocrx_word' id='word_1_429' title='bbox 868 3718 1282 3791; x_wconf 91' lang='lat' dir='ltr'><strong>prodigiorum</strong></span> <span class='ocrx_word' id='word_1_430' title='bbox 1309 3719 1625 3774; x_wconf 87' lang='lat' dir='ltr'><strong>multitudo</strong></span> <span class='ocrx_word' id='word_1_431' title='bbox 1641 3718 1712 3775; x_wconf 84' lang='lat' dir='ltr'><strong>ad</strong></span> <span class='ocrx_word' id='word_1_432' title='bbox 1740 3719 2114 3792; x_wconf 89' lang='lat' dir='ltr'><strong>sequendum</strong></span> 
     </span>
    </p>
   </div>
   <div class='ocr_carea' id='block_1_70' title="bbox 466 3806 2116 3880">
    <p class='ocr_par' dir='ltr' id='par_1_70' title="bbox 466 3806 2116 3880">
     <span class='ocr_line' id='line_1_70' title="bbox 466 3806 2116 3880; baseline 0.003 -21"><span class='ocrx_word' id='word_1_433' title='bbox 466 3807 651 3877; x_wconf 86' lang='lat' dir='ltr'><strong>eum),</strong></span> <span class='ocrx_word' id='word_1_434' title='bbox 683 3806 809 3878; x_wconf 88' lang='lat' dir='ltr'><strong>ipse</strong></span> <span class='ocrx_word' id='word_1_435' title='bbox 838 3823 947 3880; x_wconf 90' lang='lat' dir='ltr'><strong>pro</strong></span> <span class='ocrx_word' id='word_1_436' title='bbox 976 3809 1259 3880; x_wconf 85' lang='lat' dir='ltr'><strong>mysterio</strong></span> <span class='ocrx_word' id='word_1_437' title='bbox 1281 3815 1604 3879; x_wconf 68' lang='lat' dir='ltr'><strong>assumptus</strong></span> <span class='ocrx_word' id='word_1_438' title='bbox 1636 3808 1857 3877; x_wconf 88' lang='lat' dir='ltr'><strong>carnis,</strong></span> <span class='ocrx_word' id='word_1_439' title='bbox 1879 3809 2116 3865; x_wconf 90' lang='lat' dir='ltr'><strong>humili-</strong></span> 
     </span>
    </p>
   </div>
   <div class='ocr_carea' id='block_1_71' title="bbox 466 3896 2116 3964">
    <p class='ocr_par' dir='ltr' id='par_1_71' title="bbox 466 3896 2116 3964">
     <span class='ocr_line' id='line_1_71' title="bbox 466 3896 2116 3964; baseline 0.003 -16"><span class='ocrx_word' id='word_1_440' title='bbox 466 3897 648 3950; x_wconf 89' lang='lat' dir='ltr'><strong>tatem</strong></span> <span class='ocrx_word' id='word_1_441' title='bbox 669 3899 989 3954; x_wconf 88' lang='lat' dir='ltr'><strong>ostendens</strong></span> <span class='ocrx_word' id='word_1_442' title='bbox 1006 3913 1187 3963; x_wconf 87' lang='lat' dir='ltr'><strong>suam,</strong></span> <span class='ocrx_word' id='word_1_443' title='bbox 1212 3896 1468 3955; x_wconf 83' lang='lat' dir='ltr'><strong>ascendit</strong></span> <span class='ocrx_word' id='word_1_444' title='bbox 1484 3897 1546 3953; x_wconf 84' lang='lat' dir='ltr'><strong>in</strong></span> <span class='ocrx_word' id='word_1_445' title='bbox 1566 3898 2116 3964; x_wconf 87' lang='lat' dir='ltr'><strong>naviculam,reces-</strong></span> 
     </span>
    </p>
   </div>
   <div class='ocr_carea' id='block_1_72' title="bbox 467 3985 823 4041">
    <p class='ocr_par' dir='ltr' id='par_1_72' title="bbox 467 3985 823 4041">
     <span class='ocr_line' id='line_1_72' title="bbox 467 3985 823 4041; baseline 0.003 -5"><span class='ocrx_word' id='word_1_446' title='bbox 467 3998 642 4039; x_wconf 89' lang='lat' dir='ltr'><strong>surus</strong></span> <span class='ocrx_word' id='word_1_447' title='bbox 664 3985 823 4041; x_wconf 92' lang='lat' dir='ltr'><strong>inde.</strong></span> 
     </span>
    </p>
   </div>
   <div class='ocr_carea' id='block_1_73' title="bbox 464 4071 2115 4134">
    <p class='ocr_par' dir='ltr' id='par_1_73' title="bbox 464 4071 2115 4134">
     <span class='ocr_line' id='line_1_73' title="bbox 464 4071 2115 4134; baseline 0.004 -8"><span class='ocrx_word' id='word_1_448' title='bbox 464 4071 597 4127; x_wconf 78' lang='lat' dir='ltr'><strong>CAP.</strong></span> <span class='ocrx_word' id='word_1_449' title='bbox 630 4074 933 4131; x_wconf 67' lang='lat' dir='ltr'><strong>XVI.Vens.</strong></span> <span class='ocrx_word' id='word_1_450' title='bbox 962 4075 1047 4132; x_wconf 81' lang='grc'><strong>14.</strong></span> <span class='ocrx_word' id='word_1_451' title='bbox 1071 4076 1146 4132; x_wconf 83' lang='lat' dir='ltr'><strong>At</strong></span> <span class='ocrx_word' id='word_1_452' title='bbox 1185 4076 1282 4131; x_wconf 82' lang='lat' dir='ltr'><strong>illi</strong></span> <span class='ocrx_word' id='word_1_453' title='bbox 1306 4076 1591 4132; x_wconf 71' lang='lat' dir='ltr'><strong>dixerunt</strong></span> <span class='ocrx_word' id='word_1_454' title='bbox 1618 4096 1629 4134; x_wconf 90' lang='lat'>:</span> <span class='ocrx_word' id='word_1_455' title='bbox 1672 4075 1794 4130; x_wconf 86' lang='lat' dir='ltr'><strong>Alii</strong></span> <span class='ocrx_word' id='word_1_456' title='bbox 1826 4078 2115 4133; x_wconf 88' lang='lat' dir='ltr'><strong>Joannem</strong></span> 
     </span>
    </p>
   </div>
   <div class='ocr_carea' id='block_1_74' title="bbox 741 4148 1828 4217">
    <p class='ocr_par' dir='ltr' id='par_1_74' title="bbox 741 4148 1828 4217">
     <span class='ocr_line' id='line_1_74' title="bbox 741 4148 1828 4217; baseline 0 -15"><span class='ocrx_word' id='word_1_457' title='bbox 741 4148 1093 4217; x_wconf 85' lang='lat' dir='ltr'><strong>Baptistam,</strong></span> <span class='ocrx_word' id='word_1_458' title='bbox 1126 4148 1231 4203; x_wconf 87' lang='lat' dir='ltr'><strong>alii</strong></span> <span class='ocrx_word' id='word_1_459' title='bbox 1250 4154 1445 4203; x_wconf 86' lang='lat' dir='ltr'><strong>autem</strong></span> <span class='ocrx_word' id='word_1_460' title='bbox 1472 4148 1692 4214; x_wconf 84' lang='lat' dir='ltr'><strong>Eliam,</strong></span> <span class='ocrx_word' id='word_1_461' title='bbox 1720 4155 1828 4203; x_wconf 89' lang='lat' dir='ltr'><strong>etc.</strong></span> 
     </span>
    </p>
   </div>
   <div class='ocr_carea' id='block_1_75' title="bbox 536 4233 2115 4308">
    <p class='ocr_par' dir='ltr' id='par_1_75' title="bbox 536 4233 2115 4308">
     <span class='ocr_line' id='line_1_75' title="bbox 536 4233 2115 4308; baseline 0.001 -20"><span class='ocrx_word' id='word_1_462' title='bbox 536 4233 745 4289; x_wconf 81' lang='lat' dir='ltr'><strong>Pholii.</strong></span> <span class='ocrx_word' id='word_1_463' title='bbox 766 4236 1010 4293; x_wconf 89' lang='lat' dir='ltr'><strong>Nolebat</strong></span> <span class='ocrx_word' id='word_1_464' title='bbox 1030 4236 1296 4293; x_wconf 87' lang='lat' dir='ltr'><strong>Christus</strong></span> <span class='ocrx_word' id='word_1_465' title='bbox 1318 4237 1470 4292; x_wconf 89' lang='lat' dir='ltr'><strong>ultro</strong></span> <span class='ocrx_word' id='word_1_466' title='bbox 1488 4237 1738 4308; x_wconf 86' lang='lat' dir='ltr'><strong>prodere</strong></span> <span class='ocrx_word' id='word_1_467' title='bbox 1752 4236 2115 4293; x_wconf 89' lang='lat' dir='ltr'><strong>divinitatem</strong></span> 
     </span>
    </p>
   </div>
   <div class='ocr_carea' id='block_1_76' title="bbox 467 4324 2117 4398">
    <p class='ocr_par' dir='ltr' id='par_1_76' title="bbox 467 4324 2117 4398">
     <span class='ocr_line' id='line_1_76' title="bbox 467 4324 2117 4398; baseline 0.003 -22"><span class='ocrx_word' id='word_1_468' title='bbox 467 4337 662 4389; x_wconf 87' lang='lat' dir='ltr'><strong>suam,</strong></span> <span class='ocrx_word' id='word_1_469' title='bbox 692 4324 796 4380; x_wconf 90' lang='lat' dir='ltr'><strong>sed</strong></span> <span class='ocrx_word' id='word_1_470' title='bbox 824 4324 1256 4397; x_wconf 86' lang='lat' dir='ltr'><strong>discipulorum</strong></span> <span class='ocrx_word' id='word_1_471' title='bbox 1284 4326 2047 4398; x_wconf 84' lang='lat' dir='ltr'><strong>exspectabatsententiam</strong></span> <span class='ocrx_word' id='word_1_472' title='bbox 2060 4329 2117 4381; x_wconf 89' lang='lat' dir='ltr'><strong>et</strong></span> 
     </span>
    </p>
   </div>
   <div class='ocr_carea' id='block_1_77' title="bbox 466 4411 2113 4479">
    <p class='ocr_par' dir='ltr' id='par_1_77' title="bbox 466 4411 2113 4479">
     <span class='ocr_line' id='line_1_77' title="bbox 466 4411 2113 4479; baseline 0.002 -12"><span class='ocrx_word' id='word_1_473' title='bbox 466 4411 876 4468; x_wconf 87' lang='lat' dir='ltr'><strong>testimonium</strong></span> <span class='ocrx_word' id='word_1_474' title='bbox 906 4414 980 4470; x_wconf 86' lang='lat' dir='ltr'><strong>de</strong></span> <span class='ocrx_word' id='word_1_475' title='bbox 1012 4431 1102 4471; x_wconf 90' lang='lat' dir='ltr'><strong>se.</strong></span> <span class='ocrx_word' id='word_1_476' title='bbox 1152 4418 1297 4471; x_wconf 89' lang='lat' dir='ltr'><strong>Nam</strong></span> <span class='ocrx_word' id='word_1_477' title='bbox 1348 4416 1399 4470; x_wconf 91' lang='lat' dir='ltr'><strong>si</strong></span> <span class='ocrx_word' id='word_1_478' title='bbox 1441 4415 1661 4470; x_wconf 89' lang='lat' dir='ltr'><strong>diceret</strong></span> <span class='ocrx_word' id='word_1_479' title='bbox 1702 4431 1714 4469; x_wconf 88' lang='lat'><strong>:</strong></span> <span class='ocrx_word' id='word_1_480' title='bbox 1787 4416 1975 4479; x_wconf 91' lang='lat' dir='ltr'><strong>Quem</strong></span> <span class='ocrx_word' id='word_1_481' title='bbox 2019 4431 2113 4471; x_wconf 89' lang='lat' dir='ltr'><strong>me</strong></span> 
     </span>
    </p>
   </div>
   <div class='ocr_carea' id='block_1_78' title="bbox 2230 3382 3833 3456">
    <p class='ocr_par' dir='ltr' id='par_1_78' title="bbox 2230 3382 3833 3456">
     <span class='ocr_line' id='line_1_78' title="bbox 2230 3382 3833 3456; baseline 0.002 -20"><span class='ocrx_word' id='word_1_482' title='bbox 2230 3388 2329 3436; x_wconf 80' lang='grc' dir='ltr'><strong>Καὶ</strong></span> <span class='ocrx_word' id='word_1_483' title='bbox 2378 3382 2804 3456; x_wconf 10' lang='grc' dir='ltr'>ἀπολύσας-,τοὺς</span> <span class='ocrx_word' id='word_1_484' title='bbox 2857 3383 3068 3456; x_wconf 72' lang='grc' dir='ltr'>ὄχλους,</span> <span class='ocrx_word' id='word_1_485' title='bbox 3104 3384 3254 3443; x_wconf 83' lang='grc' dir='ltr'>ἀνέϐη</span> <span class='ocrx_word' id='word_1_486' title='bbox 3289 3384 3357 3456; x_wconf 78' lang='grc' dir='ltr'><strong>εἰς</strong></span> <span class='ocrx_word' id='word_1_487' title='bbox 3401 3390 3459 3438; x_wconf 86' lang='grc' dir='ltr'>τὸ</span> <span class='ocrx_word' id='word_1_488' title='bbox 3509 3386 3707 3450; x_wconf 84' lang='grc' dir='ltr'>πλοῖον,</span> <span class='ocrx_word' id='word_1_489' title='bbox 3742 3394 3833 3439; x_wconf 81' lang='grc' dir='ltr'>καὶ</span> 
     </span>
    </p>
   </div>
   <div class='ocr_carea' id='block_1_79' title="bbox 2635 3452 3432 3529">
    <p class='ocr_par' dir='ltr' id='par_1_79' title="bbox 2635 3452 3432 3529">
     <span class='ocr_line' id='line_1_79' title="bbox 2635 3452 3432 3529; baseline -0.001 -21"><span class='ocrx_word' id='word_1_490' title='bbox 2635 3452 2782 3513; x_wconf 72' lang='grc' dir='ltr'>ἦλθεν</span> <span class='ocrx_word' id='word_1_491' title='bbox 2810 3452 2972 3517; x_wconf 61' lang='grc' dir='ltr'>εἰς’τά</span> <span class='ocrx_word' id='word_1_492' title='bbox 3002 3458 3121 3529; x_wconf 82' lang='grc' dir='ltr'>ὅρια</span> <span class='ocrx_word' id='word_1_493' title='bbox 3150 3454 3432 3529; x_wconf 78' lang='grc' dir='ltr'>Μαγδαλά.</span> 
     </span>
    </p>
   </div>
   <div class='ocr_carea' id='block_1_80' title="bbox 2297 3544 3835 3619">
    <p class='ocr_par' dir='ltr' id='par_1_80' title="bbox 2297 3544 3835 3619">
     <span class='ocr_line' id='line_1_80' title="bbox 2297 3544 3835 3619; baseline 0.001 -20"><span class='ocrx_word' id='word_1_494' title='bbox 2297 3548 2513 3599; x_wconf 78' lang='grc' dir='ltr'>Φωτίου.</span> <span class='ocrx_word' id='word_1_495' title='bbox 2544 3544 2653 3598; x_wconf 78' lang='grc' dir='ltr'>Ἰνα</span> <span class='ocrx_word' id='word_1_496' title='bbox 2681 3550 2752 3617; x_wconf 79' lang='grc' dir='ltr'>μὴ</span> <span class='ocrx_word' id='word_1_497' title='bbox 2804 3546 2922 3597; x_wconf 83' lang='grc' dir='ltr'>καθ’</span> <span class='ocrx_word' id='word_1_498' title='bbox 2960 3545 3187 3603; x_wconf 76' lang='grc' dir='ltr'>ἑκάστην</span> <span class='ocrx_word' id='word_1_499' title='bbox 3240 3554 3399 3599; x_wconf 87' lang='grc' dir='ltr'>ποιῶν</span> <span class='ocrx_word' id='word_1_500' title='bbox 3455 3555 3656 3618; x_wconf 83' lang='grc' dir='ltr'>σημεῖα</span> <span class='ocrx_word' id='word_1_501' title='bbox 3702 3544 3835 3619; x_wconf 71' lang='grc' dir='ltr'>δοξη</span> 
     </span>
    </p>
   </div>
   <div class='ocr_carea' id='block_1_81' title="bbox 2225 3630 3837 3709">
    <p class='ocr_par' dir='ltr' id='par_1_81' title="bbox 2225 3630 3837 3709">
     <span class='ocr_line' id='line_1_81' title="bbox 2225 3630 3837 3709; baseline 0.001 -24"><span class='ocrx_word' id='word_1_502' title='bbox 2225 3632 2513 3706; x_wconf 71' lang='grc' dir='ltr'>φιλόδοξος.</span> <span class='ocrx_word' id='word_1_503' title='bbox 2546 3640 2708 3686; x_wconf 76' lang='grc' dir='ltr'>Τοῦτο</span> <span class='ocrx_word' id='word_1_504' title='bbox 2737 3636 2835 3708; x_wconf 78' lang='grc' dir='ltr'><strong>γὰρ</strong></span> <span class='ocrx_word' id='word_1_505' title='bbox 2869 3630 3104 3709; x_wconf 80' lang='grc' dir='ltr'>διήγειρε</span> <span class='ocrx_word' id='word_1_506' title='bbox 3133 3639 3252 3697; x_wconf 78' lang='grc' dir='ltr'>τοὺς</span> <span class='ocrx_word' id='word_1_507' title='bbox 3292 3635 3487 3705; x_wconf 79' lang='grc' dir='ltr'>ὄχλους</span> <span class='ocrx_word' id='word_1_508' title='bbox 3532 3634 3837 3689; x_wconf 80' lang='grc' dir='ltr'>ἀκολουθεῖν</span> 
     </span>
    </p>
   </div>
   <div class='ocr_carea' id='block_1_82' title="bbox 2224 3720 3831 3799">
    <p class='ocr_par' dir='ltr' id='par_1_82' title="bbox 2224 3720 3831 3799">
     <span class='ocr_line' id='line_1_82' title="bbox 2224 3720 3831 3799; baseline 0.001 -24"><span class='ocrx_word' id='word_1_509' title='bbox 2224 3724 2385 3793; x_wconf 77' lang='grc' dir='ltr'>αὐτῷ.</span> <span class='ocrx_word' id='word_1_510' title='bbox 2414 3727 2620 3785; x_wconf 81' lang='grc' dir='ltr'>Δεικνὺς</span> <span class='ocrx_word' id='word_1_511' title='bbox 2661 3726 2717 3775; x_wconf 86' lang='grc' dir='ltr'>τὸ</span> <span class='ocrx_word' id='word_1_512' title='bbox 2757 3727 2992 3776; x_wconf 85' lang='grc' dir='ltr'>ταπεινὸν</span> <span class='ocrx_word' id='word_1_513' title='bbox 3025 3724 3210 3776; x_wconf 76' lang='grc' dir='ltr'>ἑαυτοῦ</span> <span class='ocrx_word' id='word_1_514' title='bbox 3260 3720 3353 3777; x_wconf 81' lang='grc' dir='ltr'><strong>διὰ</strong></span> <span class='ocrx_word' id='word_1_515' title='bbox 3379 3729 3472 3784; x_wconf 79' lang='grc' dir='ltr'>τὴν</span> <span class='ocrx_word' id='word_1_516' title='bbox 3502 3734 3601 3788; x_wconf 84' lang='grc' dir='ltr'><strong>τῆς</strong></span> <span class='ocrx_word' id='word_1_517' title='bbox 3633 3730 3831 3799; x_wconf 80' lang='grc' dir='ltr'>σαρκὸς</span> 
     </span>
    </p>
   </div>
   <div class='ocr_carea' id='block_1_83' title="bbox 2226 3811 3253 3886">
    <p class='ocr_par' dir='ltr' id='par_1_83' title="bbox 2226 3811 3253 3886">
     <span class='ocr_line' id='line_1_83' title="bbox 2226 3811 3253 3886; baseline 0.001 -21"><span class='ocrx_word' id='word_1_518' title='bbox 2226 3812 2538 3886; x_wconf 85' lang='grc' dir='ltr'>οἰκονομίαν,</span> <span class='ocrx_word' id='word_1_519' title='bbox 2575 3811 2841 3885; x_wconf 85' lang='grc' dir='ltr'>ἀναχωρεί</span> <span class='ocrx_word' id='word_1_520' title='bbox 2868 3812 2939 3876; x_wconf 85' lang='grc' dir='ltr'><strong>εἰς</strong></span> <span class='ocrx_word' id='word_1_521' title='bbox 2964 3816 3022 3865; x_wconf 91' lang='grc' dir='ltr'><strong>τό</strong></span> <span class='ocrx_word' id='word_1_522' title='bbox 3054 3812 3253 3867; x_wconf 84' lang='grc' dir='ltr'>πλοῖον.</span> 
     </span>
    </p>
   </div>
   <div class='ocr_carea' id='block_1_84' title="bbox 2227 4076 3837 4152">
    <p class='ocr_par' dir='ltr' id='par_1_84' title="bbox 2227 4076 3837 4152">
     <span class='ocr_line' id='line_1_84' title="bbox 2227 4076 3837 4152; baseline 0.001 -20"><span class='ocrx_word' id='word_1_523' title='bbox 2227 4082 2291 4132; x_wconf 87' lang='grc' dir='ltr'>Οἱ</span> <span class='ocrx_word' id='word_1_524' title='bbox 2315 4076 2373 4133; x_wconf 71' lang='grc' dir='ltr'>δὲ</span> <span class='ocrx_word' id='word_1_525' title='bbox 2404 4077 2559 4132; x_wconf 82' lang='grc' dir='ltr'>εἷπον·</span> <span class='ocrx_word' id='word_1_526' title='bbox 2596 4082 2661 4132; x_wconf 81' lang='grc' dir='ltr'><strong>Οἱ</strong></span> <span class='ocrx_word' id='word_1_527' title='bbox 2700 4084 2787 4152; x_wconf 64' lang='grc' dir='ltr'>μὲν</span> <span class='ocrx_word' id='word_1_528' title='bbox 2824 4080 3062 4152; x_wconf 67' lang='grc' dir='ltr'>Ἰωάννην</span> <span class='ocrx_word' id='word_1_529' title='bbox 3108 4082 3206 4152; x_wconf 11' lang='grc' dir='ltr'>τὸν,</span> <span class='ocrx_word' id='word_1_530' title='bbox 3238 4085 3557 4144; x_wconf 77' lang='grc' dir='ltr'>Βαπτιστην,</span> <span class='ocrx_word' id='word_1_531' title='bbox 3586 4080 3744 4134; x_wconf 74' lang='grc' dir='ltr'>ἄλλοι</span> <span class='ocrx_word' id='word_1_532' title='bbox 3774 4078 3837 4134; x_wconf 69' lang='grc' dir='ltr'>δι</span> 
     </span>
    </p>
   </div>
   <div class='ocr_carea' id='block_1_85' title="bbox 2791 4150 3247 4205">
    <p class='ocr_par' dir='ltr' id='par_1_85' title="bbox 2791 4150 3247 4205">
     <span class='ocr_line' id='line_1_85' title="bbox 2791 4150 3247 4205; baseline 0.004 -2"><span class='ocrx_word' id='word_1_533' title='bbox 2791 4150 2989 4205; x_wconf 83' lang='grc' dir='ltr'>Ἠλίαν.</span> <span class='ocrx_word' id='word_1_534' title='bbox 3032 4172 3081 4205; x_wconf 92' lang='grc' dir='ltr'>κ.</span> <span class='ocrx_word' id='word_1_535' title='bbox 3118 4171 3166 4203; x_wconf 89' lang='grc' dir='ltr'>τ.</span> <span class='ocrx_word' id='word_1_536' title='bbox 3199 4151 3247 4205; x_wconf 92' lang='grc' dir='ltr'>λ.</span> 
     </span>
    </p>
   </div>
   <div class='ocr_carea' id='block_1_86' title="bbox 2295 4238 3843 4312">
    <p class='ocr_par' dir='ltr' id='par_1_86' title="bbox 2295 4238 3843 4312">
     <span class='ocr_line' id='line_1_86' title="bbox 2295 4238 3843 4312; baseline -0.001 -20"><span class='ocrx_word' id='word_1_537' title='bbox 2295 4244 2512 4293; x_wconf 82' lang='grc' dir='ltr'>Φωτίου.</span> <span class='ocrx_word' id='word_1_538' title='bbox 2544 4239 2653 4292; x_wconf 72' lang='grc' dir='ltr'>Οὐκ</span> <span class='ocrx_word' id='word_1_539' title='bbox 2684 4238 2913 4291; x_wconf 71' lang='grc' dir='ltr'>ἐϐούλετο</span> <span class='ocrx_word' id='word_1_540' title='bbox 2943 4239 3098 4291; x_wconf 84' lang='grc' dir='ltr'>εἰπεῖν</span> <span class='ocrx_word' id='word_1_541' title='bbox 3125 4243 3179 4292; x_wconf 81' lang='grc' dir='ltr'>τὸ</span> <span class='ocrx_word' id='word_1_542' title='bbox 3212 4248 3306 4301; x_wconf 78' lang='grc' dir='ltr'><strong>τῆς</strong></span> <span class='ocrx_word' id='word_1_543' title='bbox 3335 4241 3578 4301; x_wconf 76' lang='grc' dir='ltr'>θεοτητος</span> <span class='ocrx_word' id='word_1_544' title='bbox 3605 4240 3843 4312; x_wconf 68' lang='grc' dir='ltr'>ἀξίωμα,</span> 
     </span>
    </p>
   </div>
   <div class='ocr_carea' id='block_1_87' title="bbox 2225 4325 3843 4403">
    <p class='ocr_par' dir='ltr' id='par_1_87' title="bbox 2225 4325 3843 4403">
     <span class='ocr_line' id='line_1_87' title="bbox 2225 4325 3843 4403; baseline 0.002 -27"><span class='ocrx_word' id='word_1_545' title='bbox 2225 4325 2352 4379; x_wconf 81' lang='grc' dir='ltr'>ἀλλὰ</span> <span class='ocrx_word' id='word_1_546' title='bbox 2378 4333 2470 4387; x_wconf 84' lang='grc' dir='ltr'>τὴν</span> <span class='ocrx_word' id='word_1_547' title='bbox 2497 4337 2595 4380; x_wconf 87' lang='grc' dir='ltr'>τῶν</span> <span class='ocrx_word' id='word_1_548' title='bbox 2641 4330 2887 4399; x_wconf 75' lang='grc' dir='ltr'>μαθητῶν</span> <span class='ocrx_word' id='word_1_549' title='bbox 2919 4327 3120 4395; x_wconf 78' lang='grc' dir='ltr'>ἀνέμενε</span> <span class='ocrx_word' id='word_1_550' title='bbox 3146 4334 3356 4400; x_wconf 77' lang='grc' dir='ltr'>γνώμην</span> <span class='ocrx_word' id='word_1_551' title='bbox 3400 4334 3490 4380; x_wconf 85' lang='grc' dir='ltr'>καὶ</span> <span class='ocrx_word' id='word_1_552' title='bbox 3533 4334 3843 4403; x_wconf 74' lang='grc' dir='ltr'>μαρτυρίαν</span> 
     </span>
    </p>
   </div>
   <div class='ocr_carea' id='block_1_88' title="bbox 2221 4416 3843 4491">
    <p class='ocr_par' dir='ltr' id='par_1_88' title="bbox 2221 4416 3843 4491">
     <span class='ocr_line' id='line_1_88' title="bbox 2221 4416 3843 4491; baseline 0.002 -24"><span class='ocrx_word' id='word_1_553' title='bbox 2221 4419 2338 4489; x_wconf 81' lang='grc' dir='ltr'>περὶ</span> <span class='ocrx_word' id='word_1_554' title='bbox 2365 4416 2543 4469; x_wconf 67' lang='grc' dir='ltr'>αὑτοῦ.</span> <span class='ocrx_word' id='word_1_555' title='bbox 2573 4416 2631 4469; x_wconf 84' lang='grc' dir='ltr'><strong>Εἰ</strong></span> <span class='ocrx_word' id='word_1_556' title='bbox 2654 4422 2752 4489; x_wconf 76' lang='grc' dir='ltr'><strong>γαρ</strong></span> <span class='ocrx_word' id='word_1_557' title='bbox 2780 4417 2933 4489; x_wconf 59' lang='grc' dir='ltr'>ἔλεγε</span> <span class='ocrx_word' id='word_1_558' title='bbox 2968 4422 3096 4469; x_wconf 87' lang='grc' dir='ltr'>Τίνα</span> <span class='ocrx_word' id='word_1_559' title='bbox 3116 4436 3178 4489; x_wconf 81' lang='grc' dir='ltr'><strong>με</strong></span> <span class='ocrx_word' id='word_1_560' title='bbox 3206 4416 3447 4487; x_wconf 76' lang='grc' dir='ltr'>λέγουσιν</span> <span class='ocrx_word' id='word_1_561' title='bbox 3484 4420 3533 4469; x_wconf 81' lang='grc' dir='ltr'>οἱ</span> <span class='ocrx_word' id='word_1_562' title='bbox 3562 4416 3843 4491; x_wconf 75' lang='grc' dir='ltr'>ἂνθρωποι</span> 
     </span>
    </p>
   </div>
   <div class='ocr_carea' id='block_1_89' title="bbox 468 4500 2119 4595">
    <p class='ocr_par' dir='ltr' id='par_1_89' title="bbox 468 4500 2114 4577">
     <span class='ocr_line' id='line_1_89' title="bbox 468 4500 2114 4577; baseline 0.002 -21"><span class='ocrx_word' id='word_1_563' title='bbox 468 4500 731 4556; x_wconf 88' lang='lat' dir='ltr'><strong>homines</strong></span> <span class='ocrx_word' id='word_1_564' title='bbox 746 4503 1110 4570; x_wconf 86' lang='lat' dir='ltr'><strong>existimant,</strong></span> <span class='ocrx_word' id='word_1_565' title='bbox 1129 4520 1232 4569; x_wconf 90' lang='lat' dir='ltr'><strong>me,</strong></span> <span class='ocrx_word' id='word_1_566' title='bbox 1250 4505 1511 4575; x_wconf 90' lang='lat' dir='ltr'><strong>inquam,</strong></span> <span class='ocrx_word' id='word_1_567' title='bbox 1526 4504 1629 4577; x_wconf 87' lang='lat' dir='ltr'><strong>qui</strong></span> <span class='ocrx_word' id='word_1_568' title='bbox 1646 4520 1769 4558; x_wconf 90' lang='lat' dir='ltr'><strong>sum</strong></span> <span class='ocrx_word' id='word_1_569' title='bbox 1784 4504 1880 4559; x_wconf 90' lang='lat' dir='ltr'><strong>Dei</strong></span> <span class='ocrx_word' id='word_1_570' title='bbox 1906 4503 2114 4560; x_wconf 79' lang='lat' dir='ltr'><strong>Filius?</strong></span> 
     </span>
    </p>
   </div>
   <div class='ocr_carea' id='block_1_90' title="bbox 2243 4500 3844 4595">
    <p class='ocr_par' dir='ltr' id='par_1_90' title="bbox 2243 4503 3844 4579">
     <span class='ocr_line' id='line_1_90' title="bbox 2243 4503 3844 4579; baseline 0.002 -24"><span class='ocrx_word' id='word_1_571' title='bbox 2243 4507 2310 4555; x_wconf 81' lang='grc' dir='ltr'><strong>’ὸν</strong></span> <span class='ocrx_word' id='word_1_572' title='bbox 2353 4508 2469 4557; x_wconf 82' lang='grc' dir='ltr'><strong>Υὶὸν</strong></span> <span class='ocrx_word' id='word_1_573' title='bbox 2517 4514 2608 4557; x_wconf 76' lang='grc' dir='ltr'>τοῦ</span> <span class='ocrx_word' id='word_1_574' title='bbox 2655 4513 2787 4558; x_wconf 79' lang='grc' dir='ltr'>Θεοῦ</span> <span class='ocrx_word' id='word_1_575' title='bbox 2820 4522 2833 4572; x_wconf 86' lang='grc'><strong>;</strong></span> <span class='ocrx_word' id='word_1_576' title='bbox 2864 4506 3134 4567; x_wconf 79' lang='grc' dir='ltr'>κολακείας</span> <span class='ocrx_word' id='word_1_577' title='bbox 3164 4507 3225 4557; x_wconf 79' lang='grc' dir='ltr'>ἄν</span> <span class='ocrx_word' id='word_1_578' title='bbox 3258 4503 3317 4563; x_wconf 77' lang='grc' dir='ltr'>ἦν</span> <span class='ocrx_word' id='word_1_579' title='bbox 3358 4508 3387 4564; x_wconf 79' lang='grc' dir='ltr'>ἡ</span> <span class='ocrx_word' id='word_1_580' title='bbox 3435 4515 3537 4558; x_wconf 86' lang='grc' dir='ltr'>τῶν</span> <span class='ocrx_word' id='word_1_581' title='bbox 3579 4510 3844 4579; x_wconf 77' lang='grc' dir='ltr'>μαθητῶν</span> 
     </span>
    </p>
   </div>
   <div class='ocr_carea' id='block_1_91' title="bbox 466 4589 2113 4664">
    <p class='ocr_par' dir='ltr' id='par_1_91' title="bbox 466 4589 2113 4664">
     <span class='ocr_line' id='line_1_91' title="bbox 466 4589 2113 4664; baseline 0.002 -18"><span class='ocrx_word' id='word_1_582' title='bbox 466 4589 825 4646; x_wconf 88' lang='lat' dir='ltr'><strong>adulationis</strong></span> <span class='ocrx_word' id='word_1_583' title='bbox 857 4593 1192 4664; x_wconf 89' lang='lat' dir='ltr'><strong>suspicione</strong></span> <span class='ocrx_word' id='word_1_584' title='bbox 1215 4594 1511 4649; x_wconf 89' lang='lat' dir='ltr'><strong>laboraret</strong></span> <span class='ocrx_word' id='word_1_585' title='bbox 1540 4593 1972 4664; x_wconf 91' lang='lat' dir='ltr'><strong>discipulorum</strong></span> <span class='ocrx_word' id='word_1_586' title='bbox 2025 4609 2113 4649; x_wconf 91' lang='lat' dir='ltr'><strong>re-</strong></span> 
     </span>
    </p>
   </div>
   <div class='ocr_carea' id='block_1_92' title="bbox 468 4678 2110 4752">
    <p class='ocr_par' dir='ltr' id='par_1_92' title="bbox 468 4678 2110 4752">
     <span class='ocr_line' id='line_1_92' title="bbox 468 4678 2110 4752; baseline 0.003 -20"><span class='ocrx_word' id='word_1_587' title='bbox 468 4678 727 4749; x_wconf 90' lang='lat' dir='ltr'><strong>sponsio,</strong></span> <span class='ocrx_word' id='word_1_588' title='bbox 756 4683 1042 4751; x_wconf 75' lang='lat' dir='ltr'><strong>praeeunti</strong></span> <span class='ocrx_word' id='word_1_589' title='bbox 1082 4680 1527 4752; x_wconf 89' lang='lat' dir='ltr'><strong>subjicientium</strong></span> <span class='ocrx_word' id='word_1_590' title='bbox 1563 4685 1675 4737; x_wconf 90' lang='lat' dir='ltr'><strong>:Tu</strong></span> <span class='ocrx_word' id='word_1_591' title='bbox 1706 4682 1878 4737; x_wconf 87' lang='lat' dir='ltr'><strong>Filius</strong></span> <span class='ocrx_word' id='word_1_592' title='bbox 1906 4682 2006 4737; x_wconf 91' lang='lat' dir='ltr'><strong>Dei</strong></span> <span class='ocrx_word' id='word_1_593' title='bbox 2027 4698 2110 4738; x_wconf 90' lang='lat' dir='ltr'><strong>es.</strong></span> 
     </span>
    </p>
   </div>
   <div class='ocr_carea' id='block_1_93' title="bbox 471 4769 2114 4851">
    <p class='ocr_par' dir='ltr' id='par_1_93' title="bbox 471 4769 2114 4851">
     <span class='ocr_line' id='line_1_93' title="bbox 471 4769 2114 4851; baseline 0.004 -30"><span class='ocrx_word' id='word_1_594' title='bbox 471 4769 634 4823; x_wconf 77' lang='lat' dir='ltr'><strong>Vens.</strong></span> <span class='ocrx_word' id='word_1_595' title='bbox 662 4770 749 4823; x_wconf 85' lang='lat'><strong>25.</strong></span> <span class='ocrx_word' id='word_1_596' title='bbox 786 4769 892 4835; x_wconf 85' lang='lat' dir='ltr'><strong>Qui</strong></span> <span class='ocrx_word' id='word_1_597' title='bbox 915 4776 1115 4851; x_wconf 79' lang='lat' dir='ltr'><strong>autem</strong></span> <span class='ocrx_word' id='word_1_598' title='bbox 1153 4772 1474 4851; x_wconf 68' lang='lat' dir='ltr'><strong>perdiderit</strong></span> <span class='ocrx_word' id='word_1_599' title='bbox 1495 4772 1756 4827; x_wconf 88' lang='lat' dir='ltr'><strong>animam</strong></span> <span class='ocrx_word' id='word_1_600' title='bbox 1797 4788 1961 4828; x_wconf 88' lang='lat' dir='ltr'><strong>suam</strong></span> <span class='ocrx_word' id='word_1_601' title='bbox 1982 4788 2114 4841; x_wconf 88' lang='lat' dir='ltr'><strong>pro-</strong></span> 
     </span>
    </p>
   </div>
   <div class='ocr_carea' id='block_1_94' title="bbox 854 4845 1604 4910">
    <p class='ocr_par' dir='ltr' id='par_1_94' title="bbox 854 4845 1604 4910">
     <span class='ocr_line' id='line_1_94' title="bbox 854 4845 1604 4910; baseline 0.001 -14"><span class='ocrx_word' id='word_1_602' title='bbox 854 4847 991 4910; x_wconf 83' lang='lat' dir='ltr'><strong>pter</strong></span> <span class='ocrx_word' id='word_1_603' title='bbox 1017 4858 1123 4907; x_wconf 90' lang='lat' dir='ltr'><strong>me,</strong></span> <span class='ocrx_word' id='word_1_604' title='bbox 1156 4845 1413 4899; x_wconf 83' lang='lat' dir='ltr'><strong>inveniet</strong></span> <span class='ocrx_word' id='word_1_605' title='bbox 1458 4858 1604 4900; x_wconf 89' lang='lat' dir='ltr'><strong>eam.</strong></span> 
     </span>
    </p>
   </div>
   <div class='ocr_carea' id='block_1_95' title="bbox 538 4928 2116 5003">
    <p class='ocr_par' dir='ltr' id='par_1_95' title="bbox 538 4928 2116 5003">
     <span class='ocr_line' id='line_1_95' title="bbox 538 4928 2116 5003; baseline 0.005 -20"><span class='ocrx_word' id='word_1_606' title='bbox 538 4928 753 4986; x_wconf 78' lang='lat' dir='ltr'><strong>Photii.</strong></span> <span class='ocrx_word' id='word_1_607' title='bbox 784 4930 897 4997; x_wconf 80' lang='lat' dir='ltr'><strong>Qui</strong></span> <span class='ocrx_word' id='word_1_608' title='bbox 914 4932 1258 5000; x_wconf 87' lang='lat' dir='ltr'><strong>perdiderit,</strong></span> <span class='ocrx_word' id='word_1_609' title='bbox 1283 4932 1756 5003; x_wconf 88' lang='lat' dir='ltr'><strong>iuquit,animam</strong></span> <span class='ocrx_word' id='word_1_610' title='bbox 1772 4947 1941 4989; x_wconf 91' lang='lat' dir='ltr'><strong>suam</strong></span> <span class='ocrx_word' id='word_1_611' title='bbox 1959 4934 2116 4991; x_wconf 88' lang='lat' dir='ltr'><strong>inve-</strong></span> 
     </span>
    </p>
   </div>
   <div class='ocr_carea' id='block_1_96' title="bbox 466 5017 2115 5092">
    <p class='ocr_par' dir='ltr' id='par_1_96' title="bbox 466 5017 2115 5092">
     <span class='ocr_line' id='line_1_96' title="bbox 466 5017 2115 5092; baseline 0.004 -21"><span class='ocrx_word' id='word_1_612' title='bbox 466 5017 581 5072; x_wconf 86' lang='lat' dir='ltr'><strong>niet</strong></span> <span class='ocrx_word' id='word_1_613' title='bbox 607 5032 754 5073; x_wconf 89' lang='lat' dir='ltr'><strong>eam.</strong></span> <span class='ocrx_word' id='word_1_614' title='bbox 770 5020 935 5075; x_wconf 87' lang='lat' dir='ltr'><strong>Bona</strong></span> <span class='ocrx_word' id='word_1_615' title='bbox 956 5036 1062 5092; x_wconf 90' lang='lat' dir='ltr'><strong>spe</strong></span> <span class='ocrx_word' id='word_1_616' title='bbox 1086 5036 1194 5075; x_wconf 90' lang='lat' dir='ltr'><strong>nos</strong></span> <span class='ocrx_word' id='word_1_617' title='bbox 1216 5021 1580 5076; x_wconf 76' lang='lat' dir='ltr'><strong>confirmans</strong></span> <span class='ocrx_word' id='word_1_618' title='bbox 1596 5037 1665 5076; x_wconf 89' lang='lat' dir='ltr'><strong>ac</strong></span> <span class='ocrx_word' id='word_1_619' title='bbox 1718 5022 2115 5078; x_wconf 87' lang='lat' dir='ltr'><strong>corroborans</strong></span> 
     </span>
    </p>
   </div>
   <div class='ocr_carea' id='block_1_97' title="bbox 471 5104 2111 5182">
    <p class='ocr_par' dir='ltr' id='par_1_97' title="bbox 471 5104 2111 5182">
     <span class='ocr_line' id='line_1_97' title="bbox 471 5104 2111 5182; baseline 0.007 -24"><span class='ocrx_word' id='word_1_620' title='bbox 471 5121 498 5159; x_wconf 89' lang='lat' dir='ltr'><strong>s</strong></span> <span class='ocrx_word' id='word_1_621' title='bbox 509 5104 605 5176; x_wconf 89' lang='lat' dir='ltr'><strong>ubj</strong></span> <span class='ocrx_word' id='word_1_622' title='bbox 617 5107 998 5175; x_wconf 81' lang='lat' dir='ltr'><strong>ungitzFilius</strong></span> <span class='ocrx_word' id='word_1_623' title='bbox 1018 5110 1167 5166; x_wconf 81' lang='lat' dir='ltr'><strong>enim</strong></span> <span class='ocrx_word' id='word_1_624' title='bbox 1184 5110 1716 5166; x_wconf 82' lang='lat' dir='ltr'><strong>hominisventurus</strong></span> <span class='ocrx_word' id='word_1_625' title='bbox 1730 5116 1811 5166; x_wconf 87' lang='lat' dir='ltr'><strong>est</strong></span> <span class='ocrx_word' id='word_1_626' title='bbox 1826 5110 1887 5165; x_wconf 91' lang='lat' dir='ltr'><strong>in</strong></span> <span class='ocrx_word' id='word_1_627' title='bbox 1898 5111 2111 5182; x_wconf 87' lang='lat' dir='ltr'><strong>gloria,</strong></span> 
     </span>
    </p>
   </div>
   <div class='ocr_carea' id='block_1_98' title="bbox 469 5195 2116 5270">
    <p class='ocr_par' dir='ltr' id='par_1_98' title="bbox 469 5195 2116 5270">
     <span class='ocr_line' id='line_1_98' title="bbox 469 5195 2116 5270; baseline 0.005 -21"><span class='ocrx_word' id='word_1_628' title='bbox 469 5208 600 5249; x_wconf 80' lang='lat' dir='ltr'><strong>sua.</strong></span> <span class='ocrx_word' id='word_1_629' title='bbox 624 5197 767 5250; x_wconf 87' lang='lat' dir='ltr'><strong>Nam</strong></span> <span class='ocrx_word' id='word_1_630' title='bbox 789 5195 835 5249; x_wconf 88' lang='lat' dir='ltr'><strong>si</strong></span> <span class='ocrx_word' id='word_1_631' title='bbox 857 5212 1013 5253; x_wconf 91' lang='lat' dir='ltr'><strong>nunc</strong></span> <span class='ocrx_word' id='word_1_632' title='bbox 1029 5200 1271 5270; x_wconf 89' lang='lat' dir='ltr'><strong>quidem</strong></span> <span class='ocrx_word' id='word_1_633' title='bbox 1294 5198 1439 5254; x_wconf 91' lang='lat' dir='ltr'><strong>nihil</strong></span> <span class='ocrx_word' id='word_1_634' title='bbox 1463 5214 1752 5270; x_wconf 88' lang='lat' dir='ltr'><strong>magnum</strong></span> <span class='ocrx_word' id='word_1_635' title='bbox 1766 5199 2025 5269; x_wconf 88' lang='lat' dir='ltr'><strong>cogitare</strong></span> <span class='ocrx_word' id='word_1_636' title='bbox 2043 5201 2116 5257; x_wconf 91' lang='lat' dir='ltr'><strong>de</strong></span> 
     </span>
    </p>
   </div>
   <div class='ocr_carea' id='block_1_99' title="bbox 469 5284 2117 5362">
    <p class='ocr_par' dir='ltr' id='par_1_99' title="bbox 469 5284 2117 5362">
     <span class='ocr_line' id='line_1_99' title="bbox 469 5284 2117 5362; baseline 0.005 -25"><span class='ocrx_word' id='word_1_637' title='bbox 469 5298 567 5338; x_wconf 91' lang='lat' dir='ltr'><strong>me</strong></span> <span class='ocrx_word' id='word_1_638' title='bbox 591 5284 853 5354; x_wconf 89' lang='lat' dir='ltr'><strong>potestis,</strong></span> <span class='ocrx_word' id='word_1_639' title='bbox 889 5293 1120 5355; x_wconf 89' lang='lat' dir='ltr'><strong>propter</strong></span> <span class='ocrx_word' id='word_1_640' title='bbox 1136 5286 1531 5343; x_wconf 87' lang='lat' dir='ltr'><strong>humilitatem</strong></span> <span class='ocrx_word' id='word_1_641' title='bbox 1580 5288 1810 5353; x_wconf 88' lang='lat' dir='ltr'><strong>carnis;</strong></span> <span class='ocrx_word' id='word_1_642' title='bbox 1844 5292 1907 5344; x_wconf 91' lang='lat' dir='ltr'><strong>at</strong></span> <span class='ocrx_word' id='word_1_643' title='bbox 1943 5289 2117 5362; x_wconf 88' lang='lat' dir='ltr'><strong>longe</strong></span> 
     </span>
    </p>
   </div>
   <div class='ocr_carea' id='block_1_100' title="bbox 472 5371 2119 5450">
    <p class='ocr_par' dir='ltr' id='par_1_100' title="bbox 472 5371 2119 5450">
     <span class='ocr_line' id='line_1_100' title="bbox 472 5371 2119 5450; baseline 0.004 -21"><span class='ocrx_word' id='word_1_644' title='bbox 472 5371 653 5430; x_wconf 91' lang='lat' dir='ltr'><strong>aliam</strong></span> <span class='ocrx_word' id='word_1_645' title='bbox 667 5378 807 5427; x_wconf 90' lang='lat' dir='ltr'><strong>tunc</strong></span> <span class='ocrx_word' id='word_1_646' title='bbox 821 5372 989 5428; x_wconf 90' lang='lat' dir='ltr'><strong>vobis</strong></span> <span class='ocrx_word' id='word_1_647' title='bbox 1005 5374 1122 5430; x_wconf 92' lang='lat' dir='ltr'><strong>mei</strong></span> <span class='ocrx_word' id='word_1_648' title='bbox 1134 5376 1385 5447; x_wconf 87' lang='lat' dir='ltr'><strong>speciem</strong></span> <span class='ocrx_word' id='word_1_649' title='bbox 1396 5375 1917 5447; x_wconf 86' lang='lat' dir='ltr'><strong>objiciam,summo</strong></span> <span class='ocrx_word' id='word_1_650' title='bbox 1931 5378 2119 5450; x_wconf 86' lang='lat' dir='ltr'><strong>splen-</strong></span> 
     </span>
    </p>
   </div>
   <div class='ocr_carea' id='block_1_101' title="bbox 469 5460 2106 5537">
    <p class='ocr_par' dir='ltr' id='par_1_101' title="bbox 469 5460 2106 5537">
     <span class='ocr_line' id='line_1_101' title="bbox 469 5460 2106 5537; baseline 0.004 -18"><span class='ocrx_word' id='word_1_651' title='bbox 469 5462 614 5520; x_wconf 90' lang='lat' dir='ltr'><strong>dore</strong></span> <span class='ocrx_word' id='word_1_652' title='bbox 644 5460 965 5520; x_wconf 83' lang='lat' dir='ltr'><strong>adveniens</strong></span> <span class='ocrx_word' id='word_1_653' title='bbox 996 5477 1134 5519; x_wconf 92' lang='lat' dir='ltr'><strong>cum</strong></span> <span class='ocrx_word' id='word_1_654' title='bbox 1164 5465 1391 5535; x_wconf 88' lang='lat' dir='ltr'><strong>angelis</strong></span> <span class='ocrx_word' id='word_1_655' title='bbox 1422 5465 1475 5519; x_wconf 89' lang='lat' dir='ltr'><strong>in</strong></span> <span class='ocrx_word' id='word_1_656' title='bbox 1508 5465 1699 5537; x_wconf 86' lang='lat' dir='ltr'><strong>gloria</strong></span> <span class='ocrx_word' id='word_1_657' title='bbox 1730 5468 1913 5525; x_wconf 88' lang='lat' dir='ltr'><strong>Patris</strong></span> <span class='ocrx_word' id='word_1_658' title='bbox 1963 5468 2106 5525; x_wconf 88' lang='lat' dir='ltr'><strong>mei.</strong></span> 
     </span>
    </p>
   </div>
   <div class='ocr_carea' id='block_1_102' title="bbox 2223 4592 3301 4669">
    <p class='ocr_par' dir='ltr' id='par_1_102' title="bbox 2223 4592 3301 4669">
     <span class='ocr_line' id='line_1_102' title="bbox 2223 4592 3301 4669; baseline 0.003 -22"><span class='ocrx_word' id='word_1_659' title='bbox 2223 4594 2517 4669; x_wconf 84' lang='grc' dir='ltr'>ἀπόκρισις,</span> <span class='ocrx_word' id='word_1_660' title='bbox 2547 4596 2623 4647; x_wconf 88' lang='grc' dir='ltr'>ὃτι</span> <span class='ocrx_word' id='word_1_661' title='bbox 2646 4599 2710 4647; x_wconf 82' lang='grc' dir='ltr'><strong>Σὺ</strong></span> <span class='ocrx_word' id='word_1_662' title='bbox 2743 4592 2789 4647; x_wconf 79' lang='grc' dir='ltr'>εἴ</span> <span class='ocrx_word' id='word_1_663' title='bbox 2813 4597 2838 4646; x_wconf 83' lang='grc' dir='ltr'><strong><em>ὁ</em></strong></span> <span class='ocrx_word' id='word_1_664' title='bbox 2869 4597 2987 4657; x_wconf 82' lang='grc' dir='ltr'><strong>Υἱὸς</strong></span> <span class='ocrx_word' id='word_1_665' title='bbox 3018 4603 3107 4648; x_wconf 75' lang='grc' dir='ltr'>τοῦ</span> <span class='ocrx_word' id='word_1_666' title='bbox 3140 4603 3301 4650; x_wconf 73' lang='grc' dir='ltr'>Θεοῦ.</span> 
     </span>
    </p>
   </div>
   <div class='ocr_carea' id='block_1_103' title="bbox 2222 4769 3837 4847">
    <p class='ocr_par' dir='ltr' id='par_1_103' title="bbox 2222 4769 3837 4847">
     <span class='ocr_line' id='line_1_103' title="bbox 2222 4769 3837 4847; baseline 0.001 -21"><span class='ocrx_word' id='word_1_667' title='bbox 2222 4772 2315 4835; x_wconf 85' lang='grc' dir='ltr'><strong>Ὃς</strong></span> <span class='ocrx_word' id='word_1_668' title='bbox 2369 4769 2417 4824; x_wconf 85' lang='grc' dir='ltr'>δ’</span> <span class='ocrx_word' id='word_1_669' title='bbox 2467 4774 2526 4823; x_wconf 77' lang='lat' dir='ltr'><strong>civ</strong></span> <span class='ocrx_word' id='word_1_670' title='bbox 2582 4771 2806 4846; x_wconf 69' lang='grc' dir='ltr'>ἀπολέσῃ</span> <span class='ocrx_word' id='word_1_671' title='bbox 2851 4776 2955 4847; x_wconf 23' lang='grc' dir='ltr'>*τὴν</span> <span class='ocrx_word' id='word_1_672' title='bbox 3003 4772 3181 4847; x_wconf 70' lang='grc' dir='ltr'>ψυχὴν</span> <span class='ocrx_word' id='word_1_673' title='bbox 3236 4774 3397 4825; x_wconf 75' lang='grc' dir='ltr'>αὑτοῦ</span> <span class='ocrx_word' id='word_1_674' title='bbox 3454 4775 3619 4827; x_wconf 77' lang='grc' dir='ltr'>ἕνεκεν</span> <span class='ocrx_word' id='word_1_675' title='bbox 3680 4774 3837 4847; x_wconf 69' lang='grc' dir='ltr'>ἐμοῦ,</span> 
     </span>
    </p>
   </div>
   <div class='ocr_carea' id='block_1_104' title="bbox 2815 4844 3241 4919">
    <p class='ocr_par' dir='ltr' id='par_1_104' title="bbox 2815 4844 3241 4919">
     <span class='ocr_line' id='line_1_104' title="bbox 2815 4844 3241 4919; baseline -0.002 -23"><span class='ocrx_word' id='word_1_676' title='bbox 2815 4844 2934 4919; x_wconf 71' lang='grc' dir='ltr'>εὗρή</span> <span class='ocrx_word' id='word_1_677' title='bbox 2948 4863 3026 4896; x_wconf 92' lang='grc' dir='ltr'><strong>σει</strong></span> <span class='ocrx_word' id='word_1_678' title='bbox 3056 4845 3241 4902; x_wconf 72' lang='grc' dir='ltr'>αὐτὴν.</span> 
     </span>
    </p>
   </div>
   <div class='ocr_carea' id='block_1_105' title="bbox 2296 4929 3844 5006">
    <p class='ocr_par' dir='ltr' id='par_1_105' title="bbox 2296 4929 3844 5006">
     <span class='ocr_line' id='line_1_105' title="bbox 2296 4929 3844 5006; baseline -0.002 -19"><span class='ocrx_word' id='word_1_679' title='bbox 2296 4938 2513 4989; x_wconf 80' lang='grc' dir='ltr'>Φωτίου.</span> <span class='ocrx_word' id='word_1_680' title='bbox 2566 4932 2660 4995; x_wconf 72' lang='grc' dir='ltr'><strong>³ος</strong></span> <span class='ocrx_word' id='word_1_681' title='bbox 2717 4929 2767 4985; x_wconf 86' lang='grc' dir='ltr'>δ’</span> <span class='ocrx_word' id='word_1_682' title='bbox 2816 4934 2876 4985; x_wconf 78' lang='grc' dir='ltr'>ἄν</span> <span class='ocrx_word' id='word_1_683' title='bbox 2933 4933 3177 5005; x_wconf 75' lang='grc' dir='ltr'>ἀπολέσῃ,</span> <span class='ocrx_word' id='word_1_684' title='bbox 3240 4936 3393 5005; x_wconf 75' lang='grc' dir='ltr'>φησὶ,</span> <span class='ocrx_word' id='word_1_685' title='bbox 3470 4938 3562 4992; x_wconf 81' lang='grc' dir='ltr'>τὴν</span> <span class='ocrx_word' id='word_1_686' title='bbox 3645 4934 3844 5006; x_wconf 68' lang='grc' dir='ltr'>ψυχὴν</span> 
     </span>
    </p>
   </div>
   <div class='ocr_carea' id='block_1_106' title="bbox 2225 5019 3850 5098">
    <p class='ocr_par' dir='ltr' id='par_1_106' title="bbox 2225 5019 3850 5098">
     <span class='ocr_line' id='line_1_106' title="bbox 2225 5019 3850 5098; baseline -0.001 -22"><span class='ocrx_word' id='word_1_687' title='bbox 2225 5024 2404 5087; x_wconf 73' lang='grc' dir='ltr'>αὑτοῦ,</span> <span class='ocrx_word' id='word_1_688' title='bbox 2463 5024 2671 5098; x_wconf 69' lang='grc' dir='ltr'>εὑρήσει</span> <span class='ocrx_word' id='word_1_689' title='bbox 2728 5024 2911 5081; x_wconf 67' lang='grc' dir='ltr'>αὐτήν.</span> <span class='ocrx_word' id='word_1_690' title='bbox 2970 5019 3257 5085; x_wconf 70' lang='grc' dir='ltr'>Εὑελπιδας</span> <span class='ocrx_word' id='word_1_691' title='bbox 3318 5025 3458 5093; x_wconf 78' lang='grc' dir='ltr'>ἡμᾶς</span> <span class='ocrx_word' id='word_1_692' title='bbox 3506 5031 3667 5075; x_wconf 81' lang='grc' dir='ltr'>ποιῶν</span> <span class='ocrx_word' id='word_1_693' title='bbox 3755 5029 3850 5075; x_wconf 78' lang='grc' dir='ltr'>καὶ</span> 
     </span>
    </p>
   </div>
   <div class='ocr_carea' id='block_1_107' title="bbox 2224 5110 3849 5185">
    <p class='ocr_par' dir='ltr' id='par_1_107' title="bbox 2224 5110 3849 5185">
     <span class='ocr_line' id='line_1_107' title="bbox 2224 5110 3849 5185; baseline 0.001 -22"><span class='ocrx_word' id='word_1_694' title='bbox 2224 5115 2579 5185; x_wconf 79' lang='grc' dir='ltr'>καρτερικοὺς,</span> <span class='ocrx_word' id='word_1_695' title='bbox 2635 5110 2834 5183; x_wconf 79' lang='grc' dir='ltr'>ἐπάγει·</span> <span class='ocrx_word' id='word_1_696' title='bbox 2890 5111 3070 5164; x_wconf 72' lang='grc' dir='ltr'>Μελλει</span> <span class='ocrx_word' id='word_1_697' title='bbox 3117 5114 3219 5185; x_wconf 80' lang='grc' dir='ltr'><strong>γὰρ</strong></span> <span class='ocrx_word' id='word_1_698' title='bbox 3278 5112 3302 5162; x_wconf 83' lang='grc' dir='ltr'><strong><em>ὁ</em></strong></span> <span class='ocrx_word' id='word_1_699' title='bbox 3380 5114 3503 5172; x_wconf 78' lang='grc' dir='ltr'><strong>Υἱὸς</strong></span> <span class='ocrx_word' id='word_1_700' title='bbox 3587 5120 3682 5165; x_wconf 80' lang='grc' dir='ltr'>τοῦ</span> <span class='ocrx_word' id='word_1_701' title='bbox 3766 5112 3849 5164; x_wconf 79' lang='grc' dir='ltr'>ἀν-</span> 
     </span>
    </p>
   </div>
   <div class='ocr_carea' id='block_1_108' title="bbox 2230 5196 3849 5276">
    <p class='ocr_par' dir='ltr' id='par_1_108' title="bbox 2230 5196 3849 5276">
     <span class='ocr_line' id='line_1_108' title="bbox 2230 5196 3849 5276; baseline -0.001 -23"><span class='ocrx_word' id='word_1_702' title='bbox 2230 5203 2434 5274; x_wconf 79' lang='grc' dir='ltr'>θρώπου</span> <span class='ocrx_word' id='word_1_703' title='bbox 2484 5203 2737 5276; x_wconf 85' lang='grc' dir='ltr'>ἔρχεσθαι</span> <span class='ocrx_word' id='word_1_704' title='bbox 2795 5202 2844 5253; x_wconf 78' lang='grc' dir='ltr'>ἐν</span> <span class='ocrx_word' id='word_1_705' title='bbox 2890 5209 2951 5273; x_wconf 75' lang='grc' dir='ltr'>τῇ</span> <span class='ocrx_word' id='word_1_706' title='bbox 3009 5196 3136 5272; x_wconf 79' lang='grc' dir='ltr'>δοξη</span> <span class='ocrx_word' id='word_1_707' title='bbox 3213 5200 3394 5255; x_wconf 69' lang='grc' dir='ltr'>αὐτοῦ.</span> <span class='ocrx_word' id='word_1_708' title='bbox 3466 5201 3524 5254; x_wconf 84' lang='grc' dir='ltr'>Εἰ</span> <span class='ocrx_word' id='word_1_709' title='bbox 3577 5205 3677 5274; x_wconf 81' lang='grc' dir='ltr'>γὰρ</span> <span class='ocrx_word' id='word_1_710' title='bbox 3759 5211 3849 5254; x_wconf 67' lang='grc' dir='ltr'>νύν</span> 
     </span>
    </p>
   </div>
   <div class='ocr_carea' id='block_1_109' title="bbox 2227 5286 3849 5363">
    <p class='ocr_par' dir='ltr' id='par_1_109' title="bbox 2227 5286 3849 5363">
     <span class='ocr_line' id='line_1_109' title="bbox 2227 5286 3849 5363; baseline -0.001 -20"><span class='ocrx_word' id='word_1_711' title='bbox 2227 5286 2378 5343; x_wconf 66' lang='grc' dir='ltr'>οὐδὲν</span> <span class='ocrx_word' id='word_1_712' title='bbox 2416 5295 2552 5362; x_wconf 81' lang='grc' dir='ltr'>μέγα</span> <span class='ocrx_word' id='word_1_713' title='bbox 2582 5286 2806 5343; x_wconf 83' lang='grc' dir='ltr'>δύνασθε</span> <span class='ocrx_word' id='word_1_714' title='bbox 2856 5286 3202 5348; x_wconf 86' lang='grc' dir='ltr'>διανοηθῆναι</span> <span class='ocrx_word' id='word_1_715' title='bbox 3243 5294 3358 5362; x_wconf 80' lang='grc' dir='ltr'>περὶ</span> <span class='ocrx_word' id='word_1_716' title='bbox 3414 5288 3562 5363; x_wconf 72' lang='grc' dir='ltr'>ἐμοῦ,</span> <span class='ocrx_word' id='word_1_717' title='bbox 3611 5287 3711 5343; x_wconf 74' lang='grc' dir='ltr'><strong>διὰ</strong></span> <span class='ocrx_word' id='word_1_718' title='bbox 3752 5297 3849 5349; x_wconf 68' lang='grc' dir='ltr'>τήν</span> 
     </span>
    </p>
   </div>
   <div class='ocr_carea' id='block_1_110' title="bbox 2227 5373 3849 5452">
    <p class='ocr_par' dir='ltr' id='par_1_110' title="bbox 2227 5373 3849 5452">
     <span class='ocr_line' id='line_1_110' title="bbox 2227 5373 3849 5452; baseline -0.001 -20"><span class='ocrx_word' id='word_1_719' title='bbox 2227 5388 2321 5440; x_wconf 81' lang='grc' dir='ltr'><strong>τῆς</strong></span> <span class='ocrx_word' id='word_1_720' title='bbox 2366 5382 2553 5451; x_wconf 86' lang='grc' dir='ltr'>σαρκὸς</span> <span class='ocrx_word' id='word_1_721' title='bbox 2608 5383 2933 5431; x_wconf 87' lang='grc' dir='ltr'>ταπείνωσιν·</span> <span class='ocrx_word' id='word_1_722' title='bbox 2989 5378 3092 5430; x_wconf 89' lang='grc' dir='ltr'>ἀλλ’</span> <span class='ocrx_word' id='word_1_723' title='bbox 3158 5373 3245 5430; x_wconf 78' lang='grc' dir='ltr'>οὖν</span> <span class='ocrx_word' id='word_1_724' title='bbox 3291 5378 3449 5441; x_wconf 70' lang='grc' dir='ltr'>αὐτὸς</span> <span class='ocrx_word' id='word_1_725' title='bbox 3504 5378 3605 5450; x_wconf 76' lang='grc' dir='ltr'><strong>ἐγὼ</strong></span> <span class='ocrx_word' id='word_1_726' title='bbox 3655 5379 3768 5452; x_wconf 87' lang='grc' dir='ltr'>εἰμι</span> <span class='ocrx_word' id='word_1_727' title='bbox 3824 5381 3849 5431; x_wconf 82' lang='grc' dir='ltr'><strong><em>ὁ</em></strong></span> 
     </span>
    </p>
   </div>
   <div class='ocr_carea' id='block_1_111' title="bbox 2228 5463 3843 5544">
    <p class='ocr_par' dir='ltr' id='par_1_111' title="bbox 2228 5463 3843 5544">
     <span class='ocr_line' id='line_1_111' title="bbox 2228 5463 3843 5544; baseline 0.001 -25"><span class='ocrx_word' id='word_1_728' title='bbox 2228 5466 2418 5540; x_wconf 78' lang='grc' dir='ltr'>μέλλων</span> <span class='ocrx_word' id='word_1_729' title='bbox 2449 5467 2605 5521; x_wconf 81' lang='grc' dir='ltr'>ἐλθεῖν</span> <span class='ocrx_word' id='word_1_730' title='bbox 2631 5470 2762 5540; x_wconf 88' lang='grc' dir='ltr'><strong>μετά</strong></span> <span class='ocrx_word' id='word_1_731' title='bbox 2790 5475 2890 5521; x_wconf 86' lang='grc' dir='ltr'>τῶν</span> <span class='ocrx_word' id='word_1_732' title='bbox 2922 5465 3149 5540; x_wconf 73' lang='grc' dir='ltr'>ἀγγέλων</span> <span class='ocrx_word' id='word_1_733' title='bbox 3177 5465 3224 5518; x_wconf 74' lang='grc' dir='ltr'>ἐν</span> <span class='ocrx_word' id='word_1_734' title='bbox 3251 5474 3312 5538; x_wconf 69' lang='grc' dir='ltr'><strong>τῇ</strong></span> <span class='ocrx_word' id='word_1_735' title='bbox 3345 5463 3471 5542; x_wconf 74' lang='grc' dir='ltr'>δόξῃ</span> <span class='ocrx_word' id='word_1_736' title='bbox 3501 5476 3596 5520; x_wconf 77' lang='grc' dir='ltr'>τοῦ</span> <span class='ocrx_word' id='word_1_737' title='bbox 3631 5474 3843 5544; x_wconf 80' lang='grc' dir='ltr'>Πατρός</span> 
     </span>
    </p>
   </div>
   <div class='ocr_carea' id='block_1_112' title="bbox 2239 5575 2360 5630">
    <p class='ocr_par' dir='ltr' id='par_1_112' title="bbox 2239 5575 2360 5630">
     <span class='ocr_line' id='line_1_112' title="bbox 2239 5575 2360 5630; baseline 0.008 -23"><span class='ocrx_word' id='word_1_738' title='bbox 2239 5575 2360 5630; x_wconf 84' lang='grc' dir='ltr'>μου.</span> 
     </span>
    </p>
   </div>
  </div>
