4026 6206
229 310 371 368 1205
1369 312 1810 371 FRAGMENTA

2014 312 2210 369 ‘ATTH
2219 315 2417 372 AZUM.
3464 319 3604 374 i206

227 443 335 493 Καὶ
413 436 734 514 ἀκούσαντες
798 442 847 492 οἱ
919 442 1154 514 μαθηταὶ
1224 441 1426 502 ἔπεσον,
1467 439 1586 514 ,ἐπὶ
1664 443 1817 514 πρόσ‹

1985 456 2072 494 AP.
2118 440 2274 514 XVII
2301 443 2471 498 Vens.
2504 445 2556 500 6.
2587 443 2666 499 Et
2695 442 2996 499 audientes
3042 442 3332 513 discipuli,
3385 443 3573 501 cecide

479 530 615 564 ωπον
648 513 835 576 αὐτῶν,
869 507 958 564 κάξ
989 511 1317 584 ἐφοϐήθησαν
1353 507 1578 586 σφόδρα.
1703 507 1712 514 ’

2081 519 2220 568 runt
2253 513 2312 566 in
2337 513 2547 582 faciem
2586 530 2775 585 suam,
2820 521 2873 570 et
2915 507 3240 570 timueruiit
3284 507 3455 572 valde

302 603 524 653 Φωτίου.
579 597 794 658 Ἐπειδὴ
857 604 914 654 τὸ
971 608 1066 663 τῆς
1122 603 1358 662 θεότητος
1410 600 1618 672 ἀξίωμα
1665 619 1829 674 παραυ

2011 600 2227 658 Photii.
2262 601 2586 676 Postquam
2609 604 2985 675 majestatem
3015 603 3341 660 divinitatis
3372 604 3601 662 nudam

220 691 580 762 γυμνούμενον
635 687 913 743 ἐθεάσαντο
973 693 1022 743 οἱ
1085 689 1387 759 ἀπόστολοι,
1439 694 1527 742 καὶ
1594 697 1685 748 τῆς
1738 708 1810 740 τοι

2014 705 2065 744 m
2095 691 2346 762 apostoli
2396 691 2641 748 contuiti
2683 697 2832 759 sunt,
2895 696 2953 747 et
2992 692 3178 747 Patris
3233 709 3438 748 vocem
3499 709 3604 748 au-

223 781 437 852 Πατρός
462 787 628 850 φωνῆς
657 782 912 844 ἤκουσαν,
945 776 1083 832 εἶδον
1133 776 1192 833 δὲ
1241 783 1326 832 τόν
1364 786 1597 838 Μωύσῆν
1627 783 1717 830 καὶ
1742 781 1813 830 r61

2013 785 2196 847 erunt,
2250 784 2488 854 Moysen
2540 797 2784 854 quoque
2831 786 3010 854 atque
3073 782 3260 837 Etiam
3325 781 3603 838 famulari

223 867 411 921 Ἠλίαν
463 863 826 943 δουλοπρεπῶς
901 874 1318 944 παρεστηκότας,
1381 867 1447 929 εἰς
1518 867 1813 940 τελειοτέραπ

2012 869 2140 924 ιοοίθ
2184 885 2253 924 ac
2296 872 2615 926 reverentia
2682 875 3043 943 apparentes
3109 887 3514 942 conspexere;
3543 871 3602 927 in

223 955 548 1028 ἀνήχθησαν
603 958 794 1010 ἔννοιαν
842 962 955 1033 περὶ
1007 966 1097 1012 τοῦ
1152 967 1410 1030 Σωτῆρος,
1469 961 1559 1010 καὶ
1614 960 1677 1018 ὡς
1727 958 1813 1032 ἄρι

2019 958 2356 1016 blimiorem
2377 960 2564 1016 evecti
2580 959 2910 1032 quamdam
2930 960 3505 1030 suntcogitationem
3529 961 3603 1017 de

223 1043 440 1107 ἀληθῶς
467 1045 619 1108 οὗτός
659 1045 799 1099 ἔστιν
829 1048 855 1099 ό
885 1047 1078 1120 μέλλων
1127 1047 1446 1122 λυτροῦσθαι
1475 1050 1560 1100 τόν
1615 1045 1813 1118 Ἰσραηῖ

2013 1048 2262 1112 .lvatore,
2288 1048 2569 1111 nimirum
2599 1050 2766 1105 illum
2801 1065 2927 1105 esse
2975 1065 3183 1106 revera
3225 1065 3363 1105 eum
3391 1049 3493 1123 qui
3515 1065 3603 1105 re-

220 1139 318 1187 καὶ
378 1135 405 1187 6
435 1134 628 1208 μέλλων
676 1138 949 1210 ἤρχεσθαι,
989 1137 1134 1198 οὗτος
1185 1139 1210 1190 ό
1259 1140 1387 1200 Θεὸς
1446 1143 1545 1188 τῶν
1597 1138 1810 1208 πατέρωτ

2010 1142 2295 1208 empturus
2312 1145 2468 1196 esset
2493 1139 2672 1196 Israel
2698 1155 2709 1193 :
2729 1139 2895 1195 illum
2918 1139 3021 1212 qui
3042 1144 3332 1196 venturus
3359 1154 3600 1211 exspec-

220 1223 396 1296 ἠμῶν,
426 1225 452 1276 6
486 1228 682 1298 Κριτής
710 1229 914 1290 ζώντων
942 1231 1030 1280 καὶ
1061 1235 1266 1301 νεκρῶν.

2017 1231 2180 1283 satur
2194 1229 2345 1283 Deus
2376 1233 2616 1300 patrum
2640 1235 3006 1296 nostrorum,
3030 1227 3223 1284 Judex
3246 1227 3526 1286 vivorum
3549 1225 3607 1286 et

1940 1320 2334 1372 mortuorum.

218 1405 355 1456 Τότε
399 1412 628 1464 συνῆκαν
694 1407 743 1458 οἱ
808 1407 1062 1479 μαθηταὶ-
1112 1407 1373 1479 61':_mpi
1436 1406 1673 1460 Ἰωάννου
1737 1414 1808 1458 τοι

2011 1419 2105 1461 :ns.
2131 1406 2212 1463 t3.
2227 1407 2388 1463 Tunc
2402 1406 2829 1465 intellexerunt
2845 1407 3122 1477 discipuli
3132 1407 3275 1479 quia
3289 1407 3360 1464 de
3373 1408 3601 1465 Joanne

684 1474 978 1532 Βαπτιστοῦ
1014 1474 1147 1531 εἶπεν
1177 1474 1373 1540 αὐτοῖς.

2404 1480 2672 1549 Baptista
2727 1480 2966 1536 dixisset
2991 1474 3119 1536 'eis.

299 1568 518 1619 Φωτίου.
571 1565 646 1618 Οὐ
692 1574 765 1638 τῷ
814 1567 1028 1641 ὀνόματί
1071 1566 1207 1620 ἐστιν
1256 1566 1432 1630 Ἠλίας
1486 1568 1511 1619 6
1571 1566 1826 1631 Ἰωάννης,

2007 1566 2217 1622 Photii.
2258 1566 2517 1625 Joannes
2546 1585 2671 1625 non
2695 1569 2942 1625 nomine
3000 1568 3248 1641 quidem
3279 1568 3436 1625 Elias
3488 1574 3596 1633 est,

222 1649 359 1704 ἀλλὰ
393 1660 454 1725 τῇ
489 1654 762 1726 ὁμοιότητι
807 1664 906 1708 τῶν
954 1657 1208 1730 πράξεωνα
1254 1661 1351 1710 Καὶ
1401 1658 1502 1730 γὰρ
1547 1655 1805 1728 ἀμφότερο

2006 1653 2044 1709 (1
2063 1654 2455 1712 similitudine
2470 1673 2668 1714 rerum
2687 1663 3010 1728 gestarum.
3045 1658 3237 1714 Ambo
3260 1659 3422 1714 enim
3441 1675 3596 1731 prae-

225 1737 525 1815 πρόδρομοι
575 1743 862 1816 ἐτύγχανον
925 1754 1018 1807 τῆς
1067 1753 1158 1798 τοῦ
1221 1753 1455 1820 Χριστοῦ
1513 1749 1808 1820 παρουσίας

2009 1759 2204 1800 trsores
2242 1745 2533 1802 adventus
2565 1747 2778 1803 Christi
2803 1763 2816 1813 ;
2840 1747 2935 1803 ille
2987 1747 3222 1819 prioris,
3253 1747 3349 1803 hic
3405 1753 3599 1820 poste-

227 1829 257 1882 6
285 1832 378 1902 μὲν
417 1840 516 1893 τῆς
565 1837 836 1908 προτέρας,
887 1835 913 1887 6
965 1832 1023 1888 δὲ
1065 1843 1155 1896 τῆς
1210 1805 1475 1909 δευτέρας.
1513 1805 1614 1889 Καιὶ
1663 1835 1817 1908 ἀμφό·

2009 1833 2133 1890 πίε.
2165 1835 2418 1908 Uterque
2448 1835 2646 1892 civiles
2689 1805 3074 1893 tumultus‘et
3120 1805 3599 1909 perturbationes

224 1938 372 1994 τεροι
407 1924 528 1983 τούς
586 1922 880 1984 πολιτικοὺς
939 1926 1190 1999 θορύϐους
1241 1924 1501 1998 ἐξέφυγον.
1539 1929 1638 1978 Καὶ
1685 1926 1711 1977 ό
1741 1928 1814 1997 μὲ

2007 1923 2242 1980 scularis
2287 1926 2418 1981 vitae
2469 1925 2800 1983 secedendo
2836 1926 3004 1997 fugit.
3049 1929 3114 1981 Et
3145 1927 3298 1982 Elias
3350 1926 3597 1998 quidem

226 2009 415 2072 Ἠλίας
466 2015 588 2081 ᾤκει
640 2016 725 2064 τόν
783 2015 1091 2088 Κάρμηλον·
1157 2015 1182 2066 6
1237 2011 1296 2067 δι
1349 2015 1589 2076 Ἰωάννης
1655 2014 1705 2066 ἐν
1766 2022 1816 2086 τῇ

2006 2013 2280 2070 lrmelum
2320 2013 2635 2084 habitavit,
2702 2017 2963 2072 Joannes
3013 2020 3216 2072 autem
3247 2015 3308 2070 in
3367 2016 3596 2073 deserto

231 2095 411 2171 ἐρήμῳ
439 2095 694 2172 διέτριϐε’
722 2107 812 2156 καὶ
850 2106 983 2155 κατά
1033 2105 1100 2155 τὰ
1146 2103 1276 2156 ἄλλα
1325 2100 1384 2156 δὲ
1434 2103 1655 2162 πλείστη
1685 2101 1821 2175 ἐτύγ·

2009 2109 2350 2160 >mmoratus
2378 2108 2482 2160 est.
2507 2103 2648 2160 Aliis
2669 2120 2911 2178 quoque
2931 2105 2991 2160 in
3019 2105 3317 2177 plerisque
3344 2107 3599 2163 maxima

227 2207 394 2259 χανεν
425 2188 603 2252 αὐτοῖς
631 2191 660 2249 ἡ
707 2192 969 2264 ὁμοιότης.
1019 2197 1120 2246 Καὶ
1161 2200 1311 2246 τοῦτο
1360 2189 1394 2244 δ
1400 2192 1514 2250 ηλοί
1543 2193 1568 2244 ό
1601 2196 1817 2265 Χριστό‹

2006 2195 2094 2248 ter
2116 2193 2282 2266 ipsos
2300 2193 2624 2251 similitudo
2664 2195 2900 2251 exstitit.
2946 2197 3064 2251 Hoc
3109 2194 3408 2266 signiﬁcat
3437 2195 3594 2253 Chri-

225 2275 414 2348 λέγων,
483 2279 563 2331 ὃτι
642 2279 824 2333 Ἦλθεν
887 2281 1082 2352 Ἠλίας,
1161 2281 1267 2334 ἀλλ’
1315 2281 1409 2334 ούκ
1461 2284 1691 2352 ἔγνωσαν
1741 2281 1815 2332 αύ-

2005 2297 2067 2337 us
2087 2281 2290 2338 dicens
2314 2283 2500 2349 :‘Quia
2528 2283 2698 2341 Elias
2717 2285 2892 2355 venit,
2915 2283 3038 2352 sed,
3063 2300 3183 2340 non
3207 2292 3595 2356 cognoverunt

224 2370 354 2418 τόν⁸
417 2371 686 2421 τουτέστιν
750 2371 775 2421 6
837 2371 1074 2433 Ἰωάννης
1150 2372 1176 2423 6
1241 2373 1377 2424 κατὰ
1436 2372 1606 2423 πάντα
1657 2371 1814 2442 ὅμοιοέ

1944 2385 2094 2428 eum.
2123 2372 2244 2429 Hoc
2273 2376 2364 2429 est
2399 2375 2656 2430 Joannes
2705 2375 2818 2447 ipsi
2847 2389 2954 2447 per
2981 2373 3190 2432 omnia
3219 2373 3449 2430 similis.

225 2474 393 2526 αυτῳ.

303 2549 405 2598 Καὶ
426 2546 736 2618 ἐπετίμησεν
767 2548 904 2620 αὐτῷ
933 2550 958 2602 6
989 2551 1212 2618 Ἰησοῦς,
1247 2571 1298 2606 κ.
1334 2570 1379 2604 τ.
1421 2549 1469 2604 λ.

2083 2552 2249 2607 νειιε.
2294 2552 2378 2606 18.
2419 2552 2498 2608 Ει
2534 2553 2866 2623 increpavit
2905 2553 3071 2610 illum
3102 2555 3288 2618 Jes-us,
3330 2556 3445 2608 etc.

299 2639 522 2690 Φωτίου.
587 2643 689 2689 Τοῦ
736 2643 808 2710 μὴ
868 2647 1050 2711 τυχεῖν
1114 2648 1202 2701 τῆς
1279 2639 1466 2702 ἰάσεως
1515 2644 1634 2714 τρία
1693 2639 1826 2693 εἰσὶν

2009 2639 2224 2696 ΡΙιοιιί.
2261 2640 2590 2706 Quominus
2611 2642 2983 2699 curationem
3005 2646 3471 2714 consequeretur
3490 2639 3598 2696 tria.

221 2727 392 2791 αἴτια,
421 2723 642 2778 ἀπιστία
682 2735 782 2779 τῶν
815 2734 1180 2804 παρεστώτων,
1209 2734 1298 2782 καὶ
1344 2733 1373 2789 ἡ
1407 2733 1525 2802 περὶ
1585 2731 1650 2782 τὰ
1700 2730 1811 2782 θαύ·

2009 2729 2333 2787 istiterunt:
2368 2730 2753 2787 incredulitas
2793 2733 3140 2796 astantium,
3175 2740 3228 2785 et.
3257 2730 3317 2786 in
3345 2731 3599 2786 miracu-

222 2833 375 2887 ματα
422 2813 756 2886 ὁλιγοπιστία
803 2825 902 2870 τῶν
952 2821 1217 2890 μαθητῶν,
1273 2823 1362 2872 καὶ
1412 2821 1441 2878 ἡ
1492 2825 1584 2871 τοῦ
1641 2814 1812 2890 δαιμο

2007 2835 2134 2875 rum
2164 2819 2509 2890 operatione
2531 2819 2744 2890 exigua
2775 2820 2922 2875 ﬁdes
2948 2819 3401 2892 discipulorum,
3435 2818 3597 2873 deni-

221 2903 498 2976 νιζομένου
526 2911 924 2980 γαστριμαργία
945 2913 1034 2960 καὶ
1065 2903 1361 2980 ἀδηφαγία.

2006 2907 2218 2978 tegula
2243 2908 2612 2966 etvoracitas
2649 2908 2806 2964 illius
2857 2908 2962 2981 qui
3000 2925 3037 2965 a
3105 2909 3376 2963 daemone
3423 2921 3596 2963 vexa-

302 2993 440 3046 Ούαὶ
464 3001 535 3065 τῷ
564 2999 745 3069 κόσμῳ
777 2994 878 3049 ἀπό
898 3005 995 3050 τῶν
1029 2995 1351 3053 σκανδάλων.
1933 2995 2128 3054 batur.

2009 3084 2144 3141 CAP.
2188 3086 2360 3144 XVIII
2406 3088 2570 3143 Vnus.
2611 3087 2667 3145 7.
2721 3088 2814 3144 Vas
2877 3087 3095 3144 mundo
3125 3104 3160 3141 a
3192 3086 3519 3143 scandalis.

305 3177 520 3232 Φωτίου,
592 3173 818 3228 Πλεῖστα
870 3181 989 3250 περὶ
1058 3184 1158 3228 τῶν
1230 3172 1533 3229 σκανδάλων
1601 3175 1753 3228 εἰπὼν
1803 3176 1828 3226 ό
1866 3167 1895 3223 C

2011 3175 2230 3231 Photii.
2270 3178 2416 3232 Cum
2457 3175 2716 3248 plurima
2772 3176 2847 3232 de
2905 3175 3206 3232 scandalis
3259 3179 3595 3248 perorasset

227 3265 410 3335 Σωτὴρ
467 3267 552 3317 καὶ
609 3265 874 3340 θρηνήσας
933 3267 1020 3318 τὸν
1077 3270 1292 3338 κόσμον,
1368 3267 1546 3337 θρηνεῖ
1593 3269 1682 3317 καὶ
1744 3267 1817 3316 1'6:

2004 3264 2206 3321 1ristus
2234 3269 2287 3322 et
2318 3265 2611 3321 mundum
2671 3265 3056 3337 deplorasset,
3091 3264 3364 3337 deplorat
3401 3270 3458 3321 et
3495 3265 3594 3320 bo-

223 3351 498 3425 ᾶνθρωπον
564 3354 631 3415 ὡς
679 3351 901 3426 ἐργάτην
945 3363 1042 3406 τῶν
1109 3363 1301 3424 κακῶν,
1363 3351 1563 3415 δεικνύς
1638 3355 1718 3406 ὅτι
1771 3373 1813 3405 οι

2007 3355 2166 3411 inem
2193 3355 2491 3411 malorum
2517 3360 2834 3422 auctorem,
2860 3353 3182 3410 ostendens
3208 3369 3329 3411 non
3363 3358 3593 3411 tantum

220 3444 381 3513 μόνον
418 3445 528 3513 χρὴ
566 3445 631 3494 τὰ
663 3439 933 3496 σκάνδαλα
979 3441 1239 3517 ἐκφεύγειν
1283 3449 1372 3496 καὶ
1422 3442 1805 3517 ἀποτρέπεσθαι

2007 3445 2226 3517 gienda
2250 3449 2306 3500 et
2333 3443 2672 3516 repellenda
2699 3459 2828 3500 esse
2855 3443 3160 3509 scandala,
3178 3459 3383 3501 verum
3416 3448 3471 3500 et
3490 3459 3592 3500 eos

221 3529 358 3582 ἆλλὰ
403 3536 491 3584 καὶ
534 3536 649 3593 τοὺς
705 3535 772 3585 τὰ
814 3540 1029 3586 τοιαῦτα
1065 3536 1396 3607 πράσσοντας
1444 3538 1515 3606 μὴ
1568 3529 1811 3606 ἀποδέχε·

2002 3534 2042 3590 1i
2067 3533 2204 3590 talia
2220 3538 2408 3604 agunt
2433 3548 2818 3606 nequaquam
2847 3549 2978 3589 esse
3000 3533 3400 3590 admittendos
3417 3533 3478 3588 in
3508 3533 3592 3590 fa-

220 3620 374 3672 σθαι.
404 3623 509 3679 Τὴν
537 3623 638 3696 γὰρ
687 3625 817 3694 μετά
867 3625 1061 3675 τούτων
1094 3621 1422 3697 ἀναστροφὴν
1472 3623 1545 3685 εἰς
1600 3627 1810 3696 μίμησίτ

2005 3622 2337 3680 iliaritatem
2351 3638 2420 3679 ac
2432 3622 2794 3678 convictum.
2827 3622 3281 3679 Conversatione
3300 3622 3595 3694 siquidem

218 3708 394 3761 αὐτῶν
424 3707 757 3763 ἐκκαλεῖσθαι
785 3715 905 3774 τοὺς
938 3710 1239 3785 ἀνθρώπους
1274 3711 1572 3785 ἀναγκαῖον.

2005 3712 2437 3768 consuetudine
2460 3711 2664 3768 talium
2688 3727 2932 3768 necesse
2963 3715 3050 3767 est
3067 3711 3382 3785 provocari
3407 3711 3595 3768 homi-

1934 3816 2041 3856 nes
2071 3801 2148 3857 ad
2186 3801 2576 3857 imitationem
2595 3800 2728 3873 (12).

222 3891 329 3940 Καὶ
407 3886 450 3940 εἰ
521 3888 546 3939 6
595 3887 882 3962 _6p9u)p.6g
925 3909 1054 3962 Ϋσου
1136 3887 1470 3952 σκανδαλίζει
1547 3910 1623 3957 σε,
1694 3890 1812 3954 ἔξελε

1999 3905 2102 3946 ms.
2131 3894 2183 3947 9.
2206 3891 2284 3946 Et
2314 3891 2366 3946 si
2396 3869 2754 3962 oculusvtufus
2774 3890 3144 3947 scandalizat
3177 3895 3250 3958 te,
3277 3904 3416 3946 erue
3439 3905 3589 3958 eum,

547 3959 700 4012 αὐτόν
726 3959 815 4012 καὶ
849 3959 976 4034 βάλε
1017 3961 1116 4014 ἀπὸ
1146 3970 1262 4029 σοῦ,
1293 3983 1343 4018 κ.
1372 3983 1420 4018 τ.
1451 3962 1499 4016 λ.

2442 3966 2496 4017 et
2520 3961 2744 4030 profice
2773 3962 2876 4017 abs
2900 3968 2970 4028 te,
2993 3967 3100 4016 etc.

296 4053 519 4106 Φωτίου.
558 4048 663 4102 Κᾶν
708 4049 921 4122 φιλικῶς
977 4055 1053 4110 εἴη
1087 4071 1161 4112 τις
1216 4054 1342 4126 πρὸς
1393 4055 1448 4104 σε
1482 4048 1821 4122 διακείμενος,

2004 4049 2220 4106 Photii.
2245 4048 2585 4115 Quamlibet
2632 4049 2921 4104 benevole
2954 4049 3029 4103 sit
3085 4049 3330 4104 affectus
3363 4062 3504 4117 erga
3542 4051 3592 4103 te

221 4139 302 4194 εἴη
361 4133 420 4190 δὲ
473 4137 698 4212 ἐργάτης
754 4158 808 4191 τε
837 4145 925 4192 καὶ
966 4137 1290 4214 δημιουργός
1318 4148 1416 4193 τῶν
1472 4149 1664 4203 κακῶν,
1697 4140 1811 4192 ἀπο-

1999 4137 2254 4209 iispiam,
2285 4138 2359 4192 sit
2388 4143 2589 4194 autem
2618 4138 2779 4193 idem
2809 4138 3117 4208 Operarius
3149 4141 3205 4192 et
3233 4141 3442 4191 auctor
3465 4151 3589 4191 ma-

219 4224 510 4284 xoDm’Om':
561 4227 741 4296 αὐτοῦ,
791 4233 884 4287 τὴν
947 4227 1149 4302 βλάϐην
1199 4228 1439 4281 ἐκκλίνων
1502 4235 1597 4290 τῆς
1642 4227 1809 4300 ψυχῆς

1996 4243 2166 4282 rum:
2202 4226 2487 4282 abscinde
2521 4231 2572 4282 te
2599 4226 2677 4282 ab
2716 4225 2837 4291 illo,
2876 4224 3196 4298 perniciem
3228 4225 3446 4280 animae
3476 4225 3586 4280 de-

218 4319 316 4368 καὶ
343 4319 429 4367 τὸν
455 4318 510 4369 ἐκ
531 4324 624 4380 τῆς
657 4322 942 4382 συνουσίας
967 4319 1126 4372 αὐτοῦ
1161 4319 1253 4375 ἰόν.

1998 4317 2188 4382 inans,
2221 4321 2273 4370 et
2294 4331 2648 4388 proserpens
2666 4331 2738 4370 ex
2755 4316 3110 4385 contagione
3139 4313 3588 4371 consuetudinis

1935 4407 2102 4463 istius
2133 4421 2428 4463 venenum
2468 4421 2833 4477 praecavens.

218 4492 342 4546 Ἐὰν
372 4489 801 4569 ᾠδὴ-ἁμαρτήσῃ
868 4495 934 4556 εἰς
991 4499 1053 4569 ,σε
1106 4498 1131 4548 ό
1190 4493 1410 4568 ἁδελφός
1467 4515 1582 4569 σου,
1638 4496 1803 4567 ὕπαγε

1995 4511 2108 4552 ms.
2139 4497 2226 4551 15.
2251 4494 2314 4551 Si
2331 4502 2522 4569 autem
2538 4496 2869 4569 peccaverit
2891 4497 2953 4569 in
2969 4494 3229 4569 tefrater
3246 4499 3398 4558 tuus,
3418 4492 3585 4558 vade,

214 4570 312 4617 xui
365 4563 566 4637 ἔλεγξον
615 4563 788 4619 αύτόν’
853 4568 1046 4640 μεταξύ
1125 4576 1221 4620 σοῦ
1289 4563 1377 4620 καὶ
1432 4568 1592 4620 αὑτοῦ
1643 4563 1800 4641 μόνόυ

1744 4563 1826 4620 eu.
2187 4572 2239 4622 et
2269 4567 2496 4638 corripe
2533 4567 2685 4622 inter
2715 4573 2770 4622 te
2799 4572 2853 4622 et
2904 4563 3098 4635 ipsum
3126 4565 3333 4621 solum.

294 4657 514 4710 Φωτίου.
566 4658 700 4716 Τούς
753 4653 1202 4718 σκανδαλίζοντσς
1264 4661 1350 4708 τόν
1412 4656 1636 4716 πλησίον
1701 4656 1828 4709 ἀπο-

2010 4656 2228 4714 Photii.
2259 4657 2589 4713 Detestatus
2617 4655 2883 4711 Salvator
2912 4670 3016 4712 eos
3044 4655 3145 4726 qui
3182 4652 3588 4710 scandalizant

217 4747 526 4816 τρεπόμενος
574 4745 600 4796 6
639 4749 841 4819 Σωτὴρ,
890 4752 978 4797 νῦν
1039 4748 1428 4818 παραμυθεῖται
1487 4749 1609 4808 τοὺς
1668 4765 1807 4798 σκαν·

1996 4748 2300 4814 'oximum,
2364 4763 2526 4803 nunc
2557 4763 2660 4803 eos
2701 4751 3046 4803 consolatur
3099 4746 3205 4818 qui
3237 4744 3586 4802 scandalum

224 4828 624 4904 δαλιζομένους,
672 4840 762 4887 καὶ
816 4833 954 4906 λέγει
1017 4838 1143 4908 πρός
1192 4834 1412 4897 αύτούς·
1465 4839 1550 4893 Μὴ
1598 4840 1814 4888 καταπέ-

1996 4837 2254 4904 Ltiuntur,
2299 4841 2354 4894 et
2377 4837 2520 4894 dicit
2543 4836 2620 4893 ad
2668 4835 2836 4892 illos:
2871 4839 2948 4892 Ne
2998 4834 3200 4891 animo
3245 4839 3586 4890 consterne-

224 4939 354 4978 σητε
408 4919 690 4985 ἐννοοῦντες
735 4922 795 4982 ἣν
850 4925 1108 4983 ύπέστητε
1153 4921 1387 4989 ἀδικίαν,
1437 4923 1542 4976 ἐπεὶ
1603 4921 1814 4977 δυνατόν

1997 4927 2074 4983 ini
2104 4930 2446 4999 reputantes
2477 4933 2767 4999 quantum
2791 4924 3022 4996 injurias
3046 4924 3256 4981 vulnus
3283 4924 3587 4995 acceperi-

219 5008 367 5062 ἔστιν
420 5011 490 5073 εἰς
536 5016 674 5083 μέγα
713 5009 900 5086 κέδρος
954 5022 1306 5086 μεταστῆσαι.
1376 5021 1488 5074 Πῶς
1554 5010 1614 5065 δὲ
1668 5022 1809 5066 τοῡτι

1993 5034 2023 5086 t,
2047 5015 2535 5089 quandoquidem
2557 5015 2684 5070 ﬁeri
2712 5018 2903 5086 potest
2921 5020 2983 5071 ut
3009 5013 3151 5070 illud
3179 5013 3583 5088 quodcunque

215 5103 529 5172 γενήσεταις
561 5101 622 5156 Εἰ
645 5105 732 5154 τόν
772 5099 1105 5161 ἀδικήσαντά
1133 5122 1190 5156 σε
1231 5103 1346 5156 κατ’
1394 5099 1533 5156 ἰδίαν
1582 5101 1798 5175 ἐλέγξεις

2011 5121 2302 5176 magnum
2327 5105 2498 5161 vobis
2540 5105 2774 5161 lucrum
2808 5107 3206 5160 convertatur.
3267 5102 3582 5169 Quomodo

218 5184 472 5242 δεικνύων
551 5190 691 5262 αὐτῷ
754 5193 812 5243 1'6
895 5191 1198 5266 ἁμάρτημα.
1287 5195 1658 5254 Μετανοοῦντος
1717 5196 1808 5266 γὰρ

1991 5200 2125 5251 Item
2139 5195 2199 5250 id
2215 5195 2314 5250 ﬁet
2327 5195 2353 5249 ?
2370 5196 2425 5250 Si
2439 5197 2746 5251 auctorem
2759 5193 2839 5265 inj
2849 5192 2992 5249 uriae
3005 5193 3279 5266 privatim
3294 5195 3581 5264 argueris,

217 5277 415 5332 ἐκείνου
436 5277 512 5353 ἐφ’
554 5279 632 5344 οἷς
663 5280 876 5354 ἔπραξεν
935 5281 1027 5350 εἰς,
1087 5285 1164 5351 σε,
1217 5284 1352 5355 μέγα
1411 5301 1496 5336 σοι
1525 5278 1710 5356 κέδρος
1737 5303 1807 5354 γε·

1990 5299 2104 5340 Lum
2128 5282 2210 5340 illi
2226 5287 2535 5356 peccatum
2563 5282 2913 5341 ostendens.
2948 5283 3005 5340 Si
3035 5283 3195 5340 enim
3225 5299 3363 5341 eum
3394 5283 3580 5356 poeni-

1788 5432 1998 5492 ΝΟΤᾸΞ

217 5591 336 5666 (12)
359 5589 446 5650 Cf.
470 5607 531 5665 q.
555 5593 619 5649 V.
