4060 6218
462 280 486 336 1
498 280 600 337 207

1714 280 1957 338 ΡΗΟΤΙΙ
1998 274 2486 334 PATRIARCHE
2525 277 2631 335 ΟΡ.

3688 283 3809 340 1208

461 406 632 463 tuerit
660 421 868 463 eorum
897 420 1033 478 quae
1064 404 1123 461 in
1151 408 1204 461 te
1255 406 1575 473 commisit,
1629 421 1922 479 magnum
1973 404 2112 460 inde

2256 407 2451 473 ὀσεται,
2511 412 2604 457 σοῦ
2664 424 2716 457 τε
2774 400 2809 457 δ
2816 403 3141 477 ιαλλαγεντος
3197 408 3323 483 πρὸς
3375 406 3551 472 αὐτὸν,
3605 406 3810 481 κάκείνῳ

460 496 567 552 tibi
597 496 887 553 constabit
914 496 1176 551 lucrum:
1202 496 1422 569 quippe
1442 504 1496 552 et
1518 502 1579 553 tu
1600 497 1680 553 illi
1702 494 2114 553 reconciliatus

459 585 724 651 inimico,
774 591 830 642 et
877 586 1002 658 ipse
1044 586 1285 642 veniam
1330 592 1707 651 consecutus,
1762 589 2011 658 peccato
2050 582 2113 638 li-

460 673 837 731 berabimini.

463 767 598 821 CAP.
633 764 814 820 XXIII.
845 766 1006 820 Vens.
1042 768 1092 819 6.
1122 766 1336 820 Amant
1366 771 1555 821 autem
1586 766 1807 832 primos
1828 763 2116 821 recubitus

566 837 631 891 in
662 837 857 905 caenis,
897 840 949 892 et
974 836 1198 905 primas
1227 838 1529 893 cathedras
1556 839 1617 892 in
1643 836 1971 907 synagogis.

531 924 746 981 Photii.
807 927 935 980 Non
994 924 1337 997 simpliciter
1402 926 1483 981 ait
1529 925 1853 982 Dominus:
1907 922 2118 980 Gravia

465 1017 607 1068 sunt
621 1018 678 1069 et
706 1013 1127 1085 importabilia,
1155 1015 1257 1069 sed
1280 1014 1509 1085 judicio
1535 1015 1886 1087 pontiﬁcum
1912 1012 2120 1083 gravia

466 1102 592 1158 deri
625 1107 681 1159 et
704 1103 1134 1175 importabilia.
1166 1106 1307 1170 Quae
1334 1120 1365 1160 e
1386 1105 1511 1160 nim
1541 1105 1657 1177 ipsi
1679 1120 1753 1160 ne
1778 1104 1965 1173 digito
1987 1100 2117 1173 qui-

467 1191 605 1248 dem
620 1198 882 1261 movent,
898 1192 1013 1248 hoc
1025 1197 1129 1259 est,
1146 1209 1281 1265 quae
1295 1209 1369 1249 ne
1381 1199 1675 1249 conantur
1687 1193 1931 1265 quidem
1947 1190 2123 1247 attin-

466 1295 603 1352 gere
616 1296 724 1336 nec
745 1280 1188 1337 iisinchoandis
1216 1298 1276 1337 se
1302 1283 1642 1353 accingunt,
1674 1298 1745 1338 ea
1777 1282 1906 1354 ipsa
1934 1278 2124 1349 gravi—

467 1373 557 1425 ter
584 1369 715 1425 aliis
744 1370 986 1427 edicunt
1020 1375 1082 1426 ut
1109 1371 1320 1427 effecta
1346 1372 1622 1441 reddant,

466 1461 640 1515 Vens.
676 1461 765 1514 29.
811 1461 908 1516 Va;-
930 1461 1110 1525 vobis,
1141 1461 1359 1517 Scribae
1381 1467 1435 1517 et
1466 1462 1749 1517 Pharisaei
1780 1458 2121 1531 hypocriten,

612 1532 718 1603 qui
746 1531 1044 1600 cediﬁcatis
1082 1534 1359 1602 sepulcra
1384 1534 1827 1603 prophetarum,
1856 1536 1973 1587 etc.

536 1709 752 1765 Photii.
814 1710 1134 1765 lEdiﬁcatis
1182 1711 1454 1781 sepulcra
1486 1752 1498 1776 ,
1541 1711 1752 1783 inquit,
1795 1713 2031 1765 auctam
2073 1712 2129 1764 et

466 1798 922 1869 multiplicatam
955 1799 1015 1854 in
1044 1799 1213 1855 vobis
1253 1800 1549 1871 majorum
1582 1805 1909 1856 vestrorum
1942 1798 2128 1854 auda-

465 1887 624 1942 ciam
654 1886 1019 1957 exhibentes,
1049 1888 1359 1960 paratique
1385 1888 1463 1944 ad
1490 1888 1920 1961 prophetarum
1952 1893 2009 1943 et
2032 1888 2124 1958 ju-

466 1981 695 2032 storum
733 1976 946 2048 caedes,
989 1977 1263 2049 exemplo
1303 1978 1538 2033 illorum
1584 1976 2123 2050 reprmsentandas.

467 2064 886 2122 Testiﬁcamini
907 2082 1048 2137 ergo
1075 2068 1414 2123 existimare
1437 2083 1541 2123 vos
1564 2073 1759 2138 patres
1780 2083 1850 2123 ac
1867 2081 2127 2138 proavos

469 2158 695 2211 vestros
715 2154 930 2227 impios
960 2156 1162 2223 fuisse,
1191 2156 1338 2212 dum
1372 2156 1598 2213 similes
1626 2172 1757 2213 esse
1783 2156 1932 2228 ipsis
1960 2170 2127 2212 exer-

470 2244 661 2300 cenda
685 2244 987 2317 impietate
1016 2248 1388 2303 contenditis.

469 2332 640 2389 Vens.
676 2334 764 2390 32.
787 2335 865 2391 Et
891 2351 991 2392 vos
1020 2336 1255 2406 implete
1278 2351 1617 2393 mensuram
1644 2341 1887 2406 patrum
1915 2340 2127 2392 vestro-

1215 2424 1343 2463 rum
1352 2448 1363 2459 .

540 2492 753 2549 Photii.
782 2495 854 2551 Et
884 2511 981 2551 vos
1007 2497 1259 2566 implete,
1284 2498 1498 2569 inquit,
1518 2510 1855 2553 mensuram
1880 2501 2127 2565 patrum

469 2588 816 2638 vestrorum.
850 2586 966 2639 Hoc
992 2590 1076 2639 est
1096 2603 1111 2638 :
1134 2585 1298 2656 quod
1322 2586 1525 2641 animo
1546 2602 1617 2641 ac
1644 2584 2003 2654 cogitatione
2034 2599 2130 2639 ve-

472 2674 596 2725 stra
626 2686 833 2741 prava,
858 2671 1177 2745 studioque
1208 2689 1278 2729 ac
1294 2674 1687 2729 destinatione
1713 2672 1985 2745 aggressi
2001 2675 2130 2744 jam

471 2758 614 2813 estis
647 2758 859 2829 facere,
893 2760 1133 2833 implete
1166 2762 1333 2817 sultis
1365 2766 1422 2818 et
1450 2761 1739 2818 absolvite
1767 2762 1933 2833 juxta
1968 2776 2133 2817 men-

473 2863 677 2903 suram
699 2854 940 2920 patrum
970 2856 1326 2917 vestrorum,
1354 2851 1468 2907 hoc
1492 2856 1598 2919 est,
1619 2852 1676 2907 in
1696 2867 1849 2923 opus
1867 2857 2128 2923 apertum

473 2940 531 2991 et
557 2935 787 2991 facinus
846 2939 1207 3010 aspectabile
1266 2940 1594 3011 producite.
1652 2943 1923 2996 Mensura
1975 2938 2131 2994 enim

475 3026 693 3080 modus
725 3041 794 3082 ac
820 3026 955 3082 ﬁnis
978 3028 1100 3084 odii
1122 3028 1521 3102 fuitpatribus
1548 3028 1816 3100 ipsorum
1850 3027 2138 3083 adversus

2226 494 2661 565 συγχωρηθέντος
2689 501 2781 546 τοῦ
2803 493 3009 570 ἀμαρτὴ
3016 514 3151 567 ματο
3161 516 3200 558 ς.

2226 760 2442 814 Φιλουσί
2506 780 2558 813 τε
2620 765 2713 819 τήν
2806 762 3190 834 πρωτοκλισίαν
3276 763 3327 816 ἐν
3412 772 3516 825 τοῖς
3570 761 3811 829 δείπνοις,

2440 835 2527 893 τὰς
2551 831 3014 910 πρωτοκαθεδρίας
3043 834 3090 887 έν
3118 842 3232 898 ταῖς
3258 844 3609 907 συναγωγαῖς.

2298 926 2516 977 Φωτίου.
2551 922 2673 994 Οὐχ
2704 924 2879 986 ἁπλῶς
2926 944 3084 996 φησιν
3143 926 3168 977 ὁ
3228 928 3455 999 Κύριοςσ
3511 930 3679 999 Βαρέα
3703 945 3818 997 τυγ-

2228 1013 2382 1083 χάνει
2411 1017 2501 1063 καὶ
2550 1007 2954 1078 δυσϐάστακτα,
2987 1012 3115 1067 ἀλλὰ
3161 1016 3298 1067 κατὰ
3351 1020 3446 1073 τὴν
3503 1023 3604 1067 τῶν
3662 1017 3817 1089 ἱερέων

2230 1105 2404 1174 κρίσιν
2444 1099 2611 1177 βαρέα
2637 1106 2853 1174 φανέντα
2890 1108 2981 1156 καὶ
3011 1100 3409 1157 δυσϐάστακτα.
3437 1103 3501 1157 Ἀ
3526 1107 3632 1178 γὰρ
3682 1104 3819 1156 αὐτοὶ

2232 1186 2355 1242 οὐδὲ
2383 1198 2455 1261 τῷ
2486 1187 2723 1264 δακτύλῳ
2752 1200 2979 1261 κινοῦσι,
3008 1198 3298 1259 τουτέστιν,
3344 1189 3468 1246 οὐδε
3498 1192 3821 1267 ἀπάρχονται

2231 1282 2494 1354 πράττειν,
2528 1288 2692 1334 ταῦτα
2715 1289 2824 1344 τοῖς
2849 1282 3039 1357 ἑτέροις
3064 1290 3226 1336 ποιεῖν
3264 1285 3652 1337 έπιτάττουσιν.

2236 1460 2385 1547 Οὐαὶ·
2453 1461 2595 1547 ὑμῖν,
2664 1468 3011 1547 Τραμματεῖς
3093 1466 3183 1547 καὶ
3259 1469 3550 1547 ’Φαρισαῖοι
3621 1464 3824 1535 ὑποκριο

2306 1536 2415 1597 ταὶ,
2469 1530 2549 1584 ὅτι
2618 1530 2949 1655 ρίχοδομείτε
3031 1537 3149 1595 τοὺς
3208 1530 3401 1607 τάφους
3455 1543 3555 1587 τῶν
3632 1530 3823 1607 προρηο

2306 1623 2426 1655 των.
2458 1622 2509 1655 κ.
2537 1623 2586 1655 τ.
2654 1644 2665 1655 .

2306 1623 2426 1668 των,
2458 1622 2509 1658 κ.
2537 1623 2586 1655 τ.
2621 1622 2665 1655 Α.

2308 1698 2525 1746 ψωτίου.
2583 1690 2919 1765 Οἰκοδομεῖτε
2972 1698 3089 1757 τοὺς
3156 1696 3370 1767 τάφους,
3431 1700 3587 1767 φησὶ,
3643 1694 3826 1752 πληθύ-

2236 1800 2395 1842 νοντες
2441 1782 2551 1854 ἅμα
2601 1787 2690 1834 καὶ
2747 1780 3036 1845 δεικνύντες
3089 1787 3182 1842 τὴν
3228 1782 3419 1856 τόλμαν
3470 1792 3574 1835 τῶν
3647 1788 3823 1858 προγό-

2236 1892 2330 1922 νων
2356 1886 2369 1903 '
2420 1876 2509 1923 καὶ
2553 1873 2813 1947 πρόθυμοι
2867 1876 3001 1934 ὄντες
3045 1870 3421 1946 παραπλησίως
3472 1872 3688 1932 ἐκείνοις
3718 1892 3825 1943 προ-

2238 1965 2401 2032 φήτας
2450 1980 2503 2013 τε
2553 1966 2643 2013 καὶ
2690 1957 2926 2021 δικαίους
2972 1960 3305 2014 ἀποκτείνειν.
3366 1965 3452 2015 Διὸ
3495 1966 3588 2014 καὶ
3643 1982 3828 2035 μαρτυ-

2234 2057 2367 2125 ρεῖτε
2422 2058 2529 2113 τοῖς
2582 2055 2851 2124 προγόνοις
2903 2053 2968 2111 ὡς
3034 2048 3265 2117 ἀσεϐέσι,
3332 2053 3612 2115 ποθοῦντες
3671 2053 3829 2124 ὅμοιοι

2236 2138 2440 2201 ἐκείνοις
2468 2142 2727 2211 γίνεσθαι.

2239 2323 2339 2373 Καὶ
2402 2321 2549 2392 ὑμεῖς
2640 2318 2969 2395 πληρώσατεΔ
3040 2322 3099 2372 τὸ
3186 2324 3371 2394 μέτρον
3434 2328 3535 2373 τῶν
3605 2326 3829 2395 πατέρων

2948 2391 2977 2442 ὑ
2982 2398 3108 2463 μῶν.

2308 2483 2522 2534 Φωτίου.
2586 2483 2685 2532 Καὶ
2733 2481 2879 2552 ὑμεῖς
2932 2479 3260 2554 πληρώσατε,
3330 2484 3483 2553 φησὶ,
3547 2485 3611 2534 τὸ
3662 2487 3831 2555 μέτρον

2238 2576 2339 2620 τῶν
2379 2572 2608 2641 πατέρων
2640 2571 2801 2641 ὑμῶν.
2829 2574 3129 2633 Τουτέστιν,
3178 2570 3299 2642 ὅπερ
3352 2566 3561 2643 διανοίᾳ
3605 2574 3745 2643 ὑμῶν
3774 2581 3828 2644 τῇ

2240 2665 2443 2732 πονηρᾴ
2469 2662 2558 2711 καὶ
2597 2665 2657 2730 τῇ
2695 2655 2902 2731 σπουδῇ
2937 2663 3026 2710 καὶ
3056 2666 3117 2731 τῇ
3148 2660 3416 2731 προθυμίᾳ
3442 2655 3833 2736 διαπράξασθαι

2245 2746 2510 2819 βούλεσθε,
2549 2747 2859 2819 πληρώσατε
2907 2747 3033 2800 αὐτὸ
3072 2749 3211 2799 κατά
3256 2750 3313 2800 τὸ
3366 2753 3550 2821 μέτρον
3604 2758 3707 2802 τῶν
3745 2770 3833 2802 πα·

2243 2840 2399 2909 τέρων
2445 2838 2620 2908 ὑμῶν·
2674 2840 2856 2907 ἤγουν,
2918 2836 2986 2898 εἰς
3032 2838 3180 2909 ἔργον
3238 2839 3448 2909 φανερὸν
3510 2842 3603 2890 καὶ
3663 2840 3836 2913 πρᾶξιν

2246 2926 2505 2997 ὁρωμένην
2554 2924 2845 2997 ἐξαγάγετε.
2902 2926 3099 2998 Μέτρον
3150 2929 3251 2998 γὰρ
3310 2922 3370 2983 ἦν
3423 2933 3529 2987 τοῖς
3582 2930 3836 3001 πατράσιν

2248 3014 2415 3066 αὐτῶν
2445 3016 2578 3066 κατὰ
2619 3022 2717 3065 τῶν
2765 3022 3043 3087 προφητῶν
3077 3016 3103 3066 ὁ
3154 3010 3228 3066 δι’
3280 3012 3472 3087 ὕϐρεως
3497 3020 3589 3066 καὶ
3640 3014 3840 3085 ἀτιμίας

474 3114 817 3186 prophetas,
843 3133 1005 3173 mors
1033 3134 1171 3173 cum
1206 3099 1777 3188 contumeliaiatque
1807 3116 2130 3186 ignominia

2251 3104 2484 3165 θανάτος.
2549 3109 2709 3155 Τοῦτο
2786 3099 2844 3155 δι
2910 3103 3002 3156 οὐκ
3069 3101 3425 3164 ἐπιτάττοντος
3489 3103 3657 3170 ἐστιν,
3725 3104 3841 3155 ἀλλὰ

477 3204 817 3274 conjuncta.
842 3207 977 3263 Haec
1000 3222 1179 3278 porro
1206 3211 1390 3264 verba
1416 3223 1535 3263 non
1560 3206 1955 3280 praecipientis
1977 3211 2133 3273 sunt,

477 3292 583 3348 sed
620 3295 1006 3364 permittentis
1047 3296 1271 3369 potius.
1322 3298 1416 3353 Sic
1468 3296 1627 3353 enim
1677 3311 1830 3369 saepe
1872 3294 2135 3351 solemus

477 3380 770 3438 deterrere
801 3384 1033 3457 aliquos
1072 3402 1143 3442 ac
1172 3402 1453 3443 revocare
1500 3387 1579 3443 ab
1610 3386 1816 3458 aliquo
1851 3385 2133 3450 facinore,

480 3470 678 3539 specie
708 3486 778 3526 ac
800 3473 1101 3530 schemate
1132 3475 1580 3531 adhortantium
1613 3473 1686 3529 ad
1714 3472 1880 3528 illud.

482 3576 614 3630 CAP.
653 3576 840 3650 XXIV.
905 3579 1075 3633 Vens.
1136 3581 1222 3634 28.
1285 3580 1624 3650 Ubicunque
1661 3580 1848 3649 fuerit
1900 3593 2131 3646 corpus,

777 3648 921 3703 illuc
950 3651 1460 3721 congregabantur
1497 3648 1550 3707 et
1589 3650 1828 3721 aquilae.

551 3733 763 3791 Photii.
807 3736 1332 3804 Quemadmodum
1391 3740 1710 3795 carnivoraa
1759 3738 2027 3794 volucres
2058 3738 2135 3794 ad

478 3822 776 3880 cadavera
826 3825 1114 3893 feruntur,
1168 3828 1247 3884 ita
1276 3833 1332 3885 et
1360 3828 1503 3884 Filio
1558 3827 1817 3884 hominis
1867 3827 2136 3883 veniente

480 3926 691 3967 omnes
717 3915 937 3985 aquilae
963 3918 1489 3987 congregabuntur
1511 3917 1588 3973 ad
1610 3917 1829 3990 ipsum,
1850 3916 2137 3971 sublimes

478 4000 747 4057 videlicet
778 4009 833 4058 et
858 4003 973 4059 alte
1020 4004 1291 4062 volantes
1320 4007 1550 4072 animae,
1606 4004 2075 4077 longissimeque
2105 4020 2141 4061 a

480 4090 860 4146 terrestribus
893 4092 1195 4163 adjunctae
1223 4094 1403 4152 curis.

479 4177 614 4235 CAP.
643 4181 821 4235 XXVI.
852 4182 1019 4236 Vens.
1090 4188 1178 4239 i3.
1252 4185 1438 4240 Amen
1476 4185 1603 4239 dico
1662 4183 1836 4249 vobis,
1897 4183 2141 4238 ubicun-

554 4266 659 4320 que
683 4253 1075 4337 przedicatum
1113 4256 1298 4337 fuerit
1356 4255 1465 4337 [ioc
1508 4255 1894 4337 Epangelium
1928 4255 1989 4309 in
2023 4258 2141 4336 toto

552 4322 788 4404 mundo,
855 4324 1087 4381 dicetur
1114 4322 1166 4381 et
1215 4327 1368 4397 quod
1392 4327 1511 4383 hac
1536 4322 1772 4397 fecit'in
1800 4325 2140 4383 memoriam

552 4408 703 4460 ejus.

554 4500 768 4557 Photii.
802 4502 991 4558 Multis
1031 4504 1217 4576 signis
1262 4505 1520 4561 ostendit
1574 4505 1701 4561 haac
1752 4504 1964 4560 mulier
2010 4518 2141 4560 sese

2252 3197 2626 3265 προτρέποντος
2675 3191 2884 3264 μᾶλλον.
2968 3197 3067 3245 Καὶ
3141 3196 3240 3264 γὰρ
3290 3192 3537 3253 πολλάκις
3600 3194 3838 3263 εἰώθαμεν

2248 3280 2459 3334 κωλύειν
2512 3284 2671 3349 τινὰς,
2738 3282 2833 3334 οὐκ
2904 3280 3309 3354 ἀπαγορεύοντες
3366 3285 3423 3335 τὸ
3487 3284 3661 3355 ἔργον,
3726 3280 3841 3333 ἀλλὰ

2247 3370 2437 3443 μᾶλλον
2469 3367 2504 3424 δ
2509 3375 2808 3444 ιεγείροντες
2830 3374 2955 3446 πρὸς
2986 3372 3129 3423 αὐτὸ.

2245 3567 2413 3621 Ὀπου
2477 3569 2577 3641 γὰρ
2672 3564 2755 3618 ἐὰν
2962 3566 3019 3615 τὸ
3103 3571 3313 3647 πτῶμα,
3401 3564 3505 3615 ἐκεῖ
3573 3565 3840 3634 συναχθὴ-

2816 3655 2993 3688 σονται
3024 3654 3072 3687 οι
3116 3654 3273 3688 αετοι.

2318 3732 2535 3782 Φωτίου.
2567 3726 2766 3800 Ὠσπερ
2798 3728 2864 3779 τὰ
2912 3734 3011 3777 τῶν
3036 3732 3239 3783 πτηνῶν
3290 3725 3403 3795 (14)
3438 3723 3745 3798 σαρκοϐόρα
3768 3722 3842 3775 έπὶ

2246 3820 2312 3870 τὰ
2336 3821 2640 3871 πεπτωκότα
2672 3821 2892 3887 σώματα
2928 3818 3124 3889 τρέχει,
3155 3814 3317 3874 οὕτως
3343 3818 3433 3865 καὶ
3465 3819 3557 3864 τοῦ
3588 3815 3719 3865 Υίοῦ
3761 3817 3843 3863 τοῦ

2250 3906 2522 3981 ἀνθρώπου
2571 3904 2853 3978 ἐρχομένου
2902 3905 3089 3963 πάντες
3132 3905 3180 3955 οἱ
3226 3901 3363 3954 ἀετοὶ
3414 3903 3845 3972 συναχθήσονται

2250 3996 2329 4049 ἐπ’
2378 3995 2568 4047 αὐτόν·
2624 3998 2742 4053 ἤτοι
2800 3995 2846 4046 οἱ
2917 3992 2989 4054 εἰς
3038 3994 3105 4044 τὰ
3175 3991 3353 4063 ὑψηλά
3424 3996 3701 4064 πετόμενοι
3764 3994 3844 4041 καὶ

2252 4085 2491 4137 ἀνωτάτω
2512 4092 2611 4135 τῶν
2644 4081 2877 4154 ἐπιγείων
2898 4082 3238 4154 πραγμάτων.

2251 4174 2415 4246 Ἀμην
2479 4173 2611 4244 λέγω
2676 4173 2812 4246 ὑμῖν,
2882 4172 3009 4246 ὅπου
3090 4168 3175 4221 ἐὰν
3245 4170 3513 4246 κηρυχθῇ-
3563 4167 3846 4246 reid-21317-

2320 4238 2486 4316 γέλιον
2541 4238 2718 4296 ’τοῦτο’
2780 4241 2827 4294 ἄν
2897 4242 2995 4312 ὅλῳ
3073 4250 3144 4311 τῷ
3222 4238 3847 4316 κόσμῲ,-“).αληθήσεται

2321 4310 2405 4368 καὶ
2435 4315 2460 4367 ὃ
2492 4314 2731 4371 ἐποίησεν
2767 4314 2898 4371 αὕτη
2930 4310 2999 4375 εἰς
3029 4310 3362 4385 μνημόσυνον
3389 4310 3569 4371 αὐτῆς.

2320 4506 2540 4556 Φωτίου.
2597 4502 2685 4553 Ἐκ
2737 4498 2931 4551 πολλῶν
2981 4494 3247 4551 δείκνυται
3275 4499 3305 4555 ἡ
3364 4500 3491 4568 γυνὴ
3554 4498 3691 4569 μετά
3735 4495 3845 4547 πολ-

485 4605 722 4659 magnae
754 4596 809 4648 et
841 4574 1155 4648 ineffabilis
1170 4594 1306 4649 ﬁdei
1328 4593 1591 4666 impulsu
1618 4594 1693 4650 ad
1722 4593 2013 4650 Christum
2043 4609 2130 4649 ac-

2251 4590 2337 4651 λῆς
2366 4594 2456 4642 καὶ
2500 4588 2695 4662 ἀφάτου
2753 4592 2973 4647 πίστεως
3020 4592 3319 4658 προσιοῦσα
3360 4592 3432 4654 τῷ
3472 4591 3717 4658 Χριστῷ.
3756 4587 3845 4636 Καὶ

484 4680 714 4735 cedere.
739 4681 1001 4736 Primum
1018 4698 1087 4737 ex
1107 4699 1177 4738 eo
1199 4684 1361 4754 quod
1380 4700 1615 4739 summa
1630 4684 2141 4739 demonstratione

483 4768 787 4840 religionis
832 4787 902 4826 ac
949 4772 1288 4827 reverentiae
1336 4772 1414 4828 ad
1468 4772 1665 4844 ipsum
1701 4772 1878 4838 adiit;
1930 4772 2141 4828 deinde

486 4859 649 4929 quod
684 4865 1045 4931 unguentum
1073 4860 1282 4932 attulit,
1316 4861 1480 4933 quod
1505 4865 1881 4933 peccatorum
1903 4861 2140 4917 veniam

484 4947 750 5017 rogavit;
782 4954 1152 5020 postremum
1184 4955 1240 5005 et
1270 4966 1575 5006 summum
1614 4950 1704 5015 sit,
1739 4950 1899 5023 quod
1930 4949 2140 5005 remis-

488 5035 710 5091 sionem
745 5045 1126 5109 peccatorum
1159 5038 1326 5096 abeo
1360 5041 1637 5113 speravit,
1691 5055 1871 5113 quem
1900 5054 1969 5095 eo
2004 5038 2141 5111 ipso

486 5122 672 5179 Deum
699 5128 1059 5196 agnoscebat
1084 5128 1219 5200 (t3).

2250 4687 2451 4751 πρῶτον
2506 4682 2595 4751 μὲν
2653 4676 2708 4729 ἐκ
2751 4684 2842 4729 τοῦ
2900 4674 3123 4737 εὐλαϐῶς
3174 4673 3413 4727 εἰσελθεῖν
3465 4677 3597 4746 πρὸς
3654 4674 3843 4726 αὑτὸν·

2252 4764 2363 4820 εἶτα
2416 4772 2505 4819 καὶ
2552 4766 2606 4818 έκ
2657 4773 2747 4818 τοῦ
2796 4771 3153 4839 προσενεγκεῖν
3203 4766 3260 4815 τὸ
3299 4765 3499 4835 μύρον·
3546 4766 3633 4814 καὶ
3680 4764 3756 4814 ἔτι
3797 4760 3845 4812 ἐκ

2250 4865 2341 4909 τοῦ
2373 4859 2498 4931 ὑπὲρ
2535 4856 2801 4928 ἁμαρτιῶν
2854 4854 3073 4912 αἰτῆσαι
3097 4870 3109 4882 °
3168 4855 3225 4905 τὸ
3269 4848 3327 4905 δὲ
3377 4850 3768 4923 ἀκροτε).εύτιον
3798 4849 3845 4901 ἐκ

2250 4954 2342 4999 τοῦ
2373 4945 2595 5007 ἐλπίζειν
2621 4953 2709 5006 τῆς
2732 4944 2957 5017 ἀφέσεως
2976 4950 3176 5015 τυχεῖν.

2050 5305 2257 5363 NOTAE

561 5456 637 5527 (3)
658 5454 748 5513 Cf.
790 5471 851 5529 q.
885 5458 987 5512 LV.

561 5554 672 5626 (14)
698 5554 1064 5612 Membranaa
1094 5558 1316 5612 nostrae
1344 5564 1543 5617 κτηνῶν
1573 5557 1879 5618 habebant
1910 5573 2017 5632 pro
2050 5573 2130 5633 qu

2251 5569 2325 5614 on
2356 5552 2763 5611 dubitavimus
2790 5558 2995 5611 πτηνῶν
3024 5548 3370 5608 rescribere.
