4026 6206
237 303 372 364 1209

304 503 568 580 εἰρηκότος
645 503 805 575 αὐτῷ,
869 503 950 557 ὅτι
1025 503 1498 580 Πρὶν-Α’Ᾱάλέκτοραῄ
1575 507 1831 580 φῳνῇσαι,

303 572 418 650 τρὶς
487 572 768 648 ἀπαρνήσῃ
847 595 930 648 με.
987 572 1088 630 Καὶ
1160 576 1372 640 ἇξελθὼν
1423 572 1837 640 ’ἔξω,⁷ἔκλαυσε

303 655 520 722 πικρῶς.

308 741 526 791 Φωτίου.
579 735 740 789 Ὀταν
798 739 824 789 6
881 740 1145 798 Ματθαῖος
1195 738 1341 810 λέγῃ.
1412 739 1538 810 Πρὶν
1593 731 1840 805 ἀλέκτορα

229 833 497 898 φωνῆσαι,
547 829 656 900 τρὶς
707 823 983 898 ἀπαρνήση
1039 846 1120 899 με,
1167 830 1262 884 τὴν
1303 830 1514 900 πρώτην
1567 821 1839 893 ἀλέκτορο-

228 919 430 987 φωνίαν
475 913 778 980 αἰνίττεται,
811 919 904 974 τήν
944 914 1064 974 ὅλην
1113 912 1380 974 δηλονύτι.
1415 916 1501 967 Διὸ
1549 916 1639 965 καί
1687 929 1837 983 φησιο

227 1009 369 1079 Πρὶν
438 1003 570 1062 αὐτὴ
628 1001 949 1078 ἀπαρτισθῇ,
1001 1008 1268 1057 τουτέστιν
1319 1006 1348 1062 ἡ
1405 1003 1495 1060 ὅλη
1564 1001 1843 1075 ἀλεκτορο-

229 1097 423 1166 φωνία,
454 1095 561 1165 τρὶς
607 1089 888 1167 ἀπαρνήσῃ
939 1112 1020 1166 με.
1048 1099 1210 1146 Ὅταν
1257 1090 1316 1146 δε
1363 1094 1389 1145 6
1438 1093 1652 1164 Μάρκος

229 1186 370 1256 Πρὶν
427 1182 456 1240 ἣ
515 1177 602 1242 δὶς
655 1179 906 1256 ἀλέκτορα
957 1191 1214 1254 φωνῆσαι,
1265 1187 1379 1255 τρὶς
1428 1180 1703 1253 ἀπαρνήσῃ
1758 1197 1841 1250 με,

227 1272 331 1334 τάς
389 1269 438 1322 ἓν
492 1269 580 1343 ὅλῃ
660 1278 722 1342 τῇ
780 1275 955 1344 πρώτῃ
1013 1271 1424 1344 ἀλεκτοροφωνία
1472 1271 1846 1342 περιεχομένας

231 1365 494 1432 φωνήσεις
547 1356 722 1426 δηλοῖ,
779 1364 869 1412 καί
917 1378 1096 1432 φησιν,
1147 1361 1227 1412 ὅτι
1277 1365 1406 1433 Πρὶν
1452 1361 1546 1420 τὰς
1607 1354 1704 1409 δύο
1758 1359 1846 1417 τὰς

229 1450 377 1500 κατὰ
432 1451 582 1522 μέρος
652 1453 908 1520 φωνήσαις
976 1449 1264 1523 παρελθεῖν,
1323 1453 1496 1521 τρίτον
1571 1445 1841 1519 ἀπαρνήσῃ

231 1556 322 1611 με.
381 1536 442 1590 Ἠ
490 1539 593 1611 γὰρ
647 1537 736 1596 ὅλη
798 1536 1209 1612 ἀλεκτοροφωνία
1253 1544 1392 1613 τρεῖς
1443 1541 1530 1589 καὶ
1589 1539 1848 1608 τέσσαρας

231 1632 330 1679 καὶ
377 1625 586 1690 πλείους
616 1628 731 1700 ἔχει
760 1633 1034 1700 φωνήσεις.
1075 1626 1233 1680 Ὥστε
1278 1633 1617 1700 συμφωνοῦσι
1660 1623 1848 1697 μᾶλλον

235 1715 479 1778 ἀλλήλοις
509 1717 559 1769 οἰ
587 1716 969 1789 εὐαγγελισταί.

241 1899 348 1949 Καὶ
396 1890 514 1948 ἰδοὺ
544 1897 604 1947 τὸ
648 1899 1029 1968 καταπέτασμα
1064 1903 1158 1968 τοῦ
1186 1902 1311 1948 ναοῦ
1358 1894 1590 1968 ἐσχίσθη
1635 1893 1701 1954 εἰς
1730 1889 1849 1961 δύο,

938 1967 990 2020 κ.
1024 1986 1071 2022 τ.
1103 1967 1151 2022 λ.

317 2059 542 2112 ⁴Ινωτίου.
578 2055 848 2128 Ἐσχίσθη
898 2060 957 2109 τὸ
1003 2060 1395 2129 χαταπέτασμα
1440 2064 1532 2109 τοῦ
1579 2062 1723 2120 ναοῦ,
1763 2054 1854 2106 καὶ

242 2147 496 2217 ὤφθησαν
539 2147 606 2198 τὰ
649 2143 869 2200 ἀθέατα.
901 2153 1066 2199 Τοῦτο
1106 2153 1358 2219 σημαῖνον
1405 2149 1463 2198 τὸ
1514 2150 1607 2204 τήν
1662 2151 1854 2206 Καινήν

241 2236 508 2293 Διαθήκῆν
559 2235 631 2296 εἰς
666 2241 842 2288 πᾶσαν
881 2239 976 2294 τὴν
1021 2235 1324 2308 οἰκουμένην
1374 2229 1724 2309 διαδραμεῖν·
1766 2241 1856 2289 καὶ

240 2327 338 2380 τήν
369 2328 586 2396 νομικὴν
616 2322 855 2396 λατρείαν
883 2324 1139 2398 ἀργῆσαι,
1172 2330 1262 2377 καὶ
1289 2327 1357 2377 τὰ
1380 2324 1540 2396 Ἀγια
1567 2333 1666 2376 τῶν
1696 2324 1857 2398 ἁγίων

241 2417 386 2464 πᾶσι
411 2413 572 2465 θεατὰ
599 2418 691 2466 καὶ
722 2411 935 2486 βάσιμα
961 2417 1244 2486 γεγονέναι.

1452 295 1892 361 FRAGMENTA
1932 296 2001 352 IN
2042 292 2376 352 MARCUM.

232 437 346 518 Kai‘
401 431 635 518 ἕμνήσθη
693 432 722 518 6
799 437 990 518 Πέτρος
1046 441 1138 486 τοῦ
1193 433 1420 518 ῥήματος
1476 437 1568 483 τοῦ
1631 426 1885 518 Ἰησοῦμε

1983 424 2111 478 ’eas.
2143 423 2327 518 35.).—
2470 420 2816 518 regoydatus
2864 425 2948 476 est
2976 421 3182 518 Petrus
3209 421 3374 518 verbi
3426 423 3594 480 Jesus
3701 399 3704 402 6

3460 300 3593 355 1210

2017 493 2176 565 quod
2205 493 2436 549 dixerat
2465 510 2478 548 :
2511 493 2684 547 Prius
2708 506 2884 565 quam
2902 491 3112 565 gallus
3142 499 3356 560 cautet,
3393 500 3481 551 ter
3499 509 3592 551 me

2017 563 2276 634 negabis.
2305 567 2381 621 Et
2403 579 2660 635 egressus
2685 564 2851 631 [oras
2875 563 3036 632 ﬂevit
3065 580 3283 620 amare.

2018 655 2235 710 Pholii.
2262 655 2406 709 Cum
2455 652 2764 708 Matthaeus
2819 651 2980 720 dicit,
3014 653 3346 723 Antequam
3401 655 3595 723 gallus

1950 749 2142 800 cantet
2163 749 2254 799 ter
2277 758 2362 798 me
2397 741 2660 812 negabis,
2693 740 2872 812 primi
2894 745 3105 797 cantus
3158 742 3400 798 nomine
3430 757 3598 799 com-

1949 832 2222 906 plectitur
2242 847 2450 887 omnes
2473 835 2779 902 separatas
2804 830 2934 899 ejus
2955 831 3079 886 avis
3100 845 3276 887 voces
3300 846 3452 902 quas
3475 847 3599 887 mo-

1951 921 2088 978 dico
2120 920 2313 992 spatio
2330 918 2678 976 continuare
2698 918 2864 975 solet.
2888 919 2978 973 Ait
3007 919 3182 987 igitur
3206 937 3218 972 :
3240 918 3600 991 Priusquam

1952 1009 2144 1082 gallus
2175 1010 2438 1082 primum
2460 1012 2703 1064 cantum
2733 1006 3017 1064 omnibus
3039 1007 3163 1062 suis
3197 1008 3466 1079 partibus
3499 1008 3602 1065 ab-

1955 1099 2212 1164 solverit,
2246 1103 2333 1154 ter
2359 1113 2453 1153 me
2480 1097 2756 1167 negabis.
2791 1099 2935 1152 Cum
2964 1111 3100 1151 vero
3136 1095 3370 1153 Marcus
3418 1097 3598 1152 dicit:

1955 1189 2313 1260 Priusquam
2342 1188 2540 1257 gallus
2580 1201 2772 1242 vocem
2803 1185 2888 1241 bis
2914 1183 3160 1248 dederit,
3192 1190 3280 1240 ter
3303 1202 3395 1242 me
3420 1201 3473 1242 es
3494 1202 3602 1244 ne-

1953 1283 2224 1348 gaturus,
2255 1276 2518 1348 primum
2555 1280 2801 1330 cantum
2833 1274 2892 1328 in
2932 1279 3130 1345 partes
3184 1290 3324 1329 suas
3376 1275 3596 1341 dividit,

1955 1366 2070 1422 hoc
2087 1381 2267 1422 sensu
2289 1382 2300 1421 :
2324 1364 2690 1436 Priusquam
2708 1363 3038 1433 singulares
3051 1363 3380 1420 cantilenas
3414 1364 3602 1434 gallus

1956 1455 2112 1510 duas
2141 1453 2388 1518 dederit,
2411 1453 2622 1526 quales
2646 1452 2846 1525 plures
2869 1452 3128 1524 primum
3147 1457 3389 1508 cantum
3412 1453 3600 1509 absol-

1958 1549 2125 1612 vunt,
2159 1547 2244 1600 ter
2267 1559 2364 1599 me
2396 1542 2658 1614 negabis.
2685 1546 2833 1598 Nam
2860 1545 3016 1597 totus
3055 1540 3196 1613 galli
3223 1547 3433 1598 cantus
3465 1558 3606 1598 can-

1959 1633 2143 1689 tiones
2172 1631 2393 1702 colligit
2421 1637 2558 1697 tres,
2586 1638 2861 1702 quatuor,
2899 1633 3004 1685 aut
3039 1629 3240 1701 plures
3300 1645 3492 1701 parvo
3519 1631 3605 1687 in-

1961 1720 2207 1778 tervallo
2228 1719 2576 1791 disjunctas.
2602 1718 2848 1775 Maxime
2869 1718 3045 1788 igitur
3059 1717 3434 1787 evangelista;
3465 1733 3608 1775 con-

1963 1810 2250 1872 sentiunt,
2270 1809 2386 1865 hoc
2416 1807 2665 1880 quidem
2704 1807 2835 1863 loco
2867 1808 3000 1877 (l5).

1964 1899 2097 1956 CAP.
2141 1899 2341 1955 XXVII.
2373 1897 2540 1954 Vens.
2606 1901 2692 1952 5t.
2750 1897 2828 1951 Et
2849 1911 2968 1952 ecce
2996 1896 3190 1951 velum
3219 1895 3424 1964 templi
3475 1895 3613 1953 scis-

2464 1985 2593 2025 sum
2619 1975 2700 2024 est
2731 1968 2794 2023 in
2819 1967 2960 2023 duas
2995 1973 3217 2036 partes,
3252 1971 3360 2022 etc.

2038 2058 2231 2115 Photii
2257 2057 2516 2114 Scissum
2547 2061 2636 2112 est
2664 2055 2863 2111 velum
2897 2055 3118 2128 templi,
3178 2059 3236 2111 et
3291 2054 3612 2111 hominum

1968 2147 2392 2219 conspectibus
2417 2144 2698 2217 expositae
2729 2149 2867 2200 sunt
2894 2159 2989 2200 res
3007 2160 3158 2216 quas
3179 2148 3357 2200 antea
3409 2143 3612 2201 videre

1968 2236 2139 2294 nefas
2159 2240 2303 2294 erat.
2324 2238 2443 2292 Hoc
2459 2234 2835 2305 signiﬁcante
2857 2233 3152 2306 prodigio,
3177 2236 3408 2290 Novum
3420 2236 3615 2291 Testa-

1975 2330 2245 2384 mentum
2274 2325 2333 2380 in
2364 2324 2703 2380 universam
2725 2327 2939 2380 terram
2965 2321 3451 2394 propagandum,
3481 2322 3612 2379 reli-

1975 2416 2213 2488 gionem
2244 2430 2384 2470 vero
2409 2430 2545 2486 quas
2570 2411 2975 2469 observationi
3001 2410 3147 2484 legis
3179 2410 3406 2482 illigata
3432 2416 3612 2479 esset,

242 2505 642 2574 cessaturam,
680 2517 752 2559 ac
784 2505 1000 2560 Sancta
1033 2506 1383 2560 Sanctorum
1417 2503 1691 2560 omnium
1726 2503 1915 2562 oculis
1963 2505 2174 2563 intueri
2229 2503 2580 2570 volentium,
2641 2501 2916 2559 omnium
2967 2499 3278 2573 gressibus
3328 2499 3615 2558 accedere

243 2590 638 2662 cupientium,
659 2596 872 2666 aperta
893 2593 1019 2650 fore
1045 2593 1181 2665 (l5).

1821 2738 2046 2794 NOTAE.

325 2859 442 2931 (t5)
473 2857 558 2915 Cf.
581 2857 652 2914 de
681 2857 896 2914 eodem
927 2861 1286 2928 argumento
1323 2857 1391 2926 Q.
1420 2857 1601 2916 XCVII

1113 3134 1921 3232 FRAGMENTA
1985 3133 2123 3229 IN
2185 3133 2774 3231 MARCUM.

1264 3326 1371 3397 (Ex
1397 3323 1620 3383 Catena
1650 3327 1709 3380 Ρ·
1743 3325 1989 3384 Possini.
2024 3327 2248 3395 Romaa,
2285 3322 2439 3391 1672,
2469 3321 2696 3394 in—fol.)

243 3609 459 3701 Ὀψίας
509 3607 580 3701 δὴ,
623 3616 918 3701 γενομένης,
969 3613 1053 3701 ὅτε
1103 3608 1196 3666 ἔδυ
1245 3614 1271 3666 6
1319 3614 1478 3701 ἣλιος,
1517 3617 1700 3701 ἔφερον.
1735 3615 1865 3701 προς

1983 3609 2408 3701 δλξ,;,ἓ,.Ῡ¹ῗξ¹⁵;
2421 3607 2798 3701 Ξῗῖηῖῗῗηθῖῗ,
2825 3608 3265 3701 Ε’,νξὲἾῗμίίίῗτῗι
3279 3624 3460 3701 ,ῗΨῖδι
3475 3609 3626 3701 999?:

333 3688 466 3760 πρὸς
519 3684 674 3760 αῦτόν
724 3684 923 3747 πάντας
971 3688 1093 3748 τοὺς
1140 3694 1308 3747 κακῶς
1352 3684 1709 3760 ἔχοντας,’καὶ
1750 3684 1865 3745 τοὺς

339 3751 824 3830 δαιμονιζομένους.

339 3849 560 3901 Φωτίου.
611 3848 706 3899 Διὰ
750 3853 903 3899 τοῦτο
957 3844 1188 3919 ἀνέμενον
1233 3849 1289 3899 τὸ
1333 3850 1492 3922 πέρας
1532 3854 1628 3909 τῆς
1672 3847 1867 3919 ἡμέρας

264 3938 353 3989 ἶνα
401 3939 474 4008 μή
527 3931 760 3998 δοζωσιν
811 3933 862 3988 έν
929 3934 1172 4008 Σαϐϐάτῳ
1224 3937 1616 4010 θεραπευθῆναι.
1670 3934 1870 4006 Ἀμέλει

263 4030 360 4078 καὶ
393 4026 442 4077 οἱ
489 4032 590 4077 τῶν
635 4020 911 4078 Ἰουδαίων
955 4025 1233 4098 ἡγούμενοι
1280 4023 1528 4096 ἐπετίμων
1559 4023 1698 4093 αὐτῷ
1729 4024 1874 4095 θερα-

264 4115 478 4167 πεύοντι
525 4111 574 4164 ἓν
606 4112 874 4185 Σαϐϐάτῳ.
909 4115 974 4165 Οἱ
1021 4110 1078 4165 δε
1125 4113 1361 4185 μαθηταὶ
1402 4115 1496 4170 τήν
1539 4111 1756 4184 ἑσπέραν
1797 4113 1868 4181 μὴ

265 4202 600 4276 ἀναμένοντες
628 4202 954 4277 παρεκάλουν
982 4202 1137 4254 αὑτὸν
1169 4203 1261 4263 τὰς
1291 4201 1456 4263 ἰάσεις
1483 4202 1764 4254 ποιεῖσθαι.

271 4366 380 4435 Καὶ
460 4365 596 4435 πρωὶ
686 4365 900 4435 ἔννυχον
1001 4361 1114 4415 λίαν
1189 4361 1419 4427 ἀναστὰς
1505 4362 1700 4427 ἐξῆλθε,
1775 4369 1876 4435 ’καὶ

347 4431 574 4493 ἀπῆλθεν
649 4435 676 4486 6
748 4431 962 4495 Ἰησοῦς
1035 4435 1109 4495 εἰς
1195 4438 1387 4508 ἔρημον
1478 4439 1650 4500 τόπον,
1729 4432 1879 4489 κάκεῖ

347 4509 706 4580 προσηύχετο.

348 4599 567 4649 Φωτίου.
627 4592 806 4657 ’Δξιόν
885 4593 998 4646 ἐστι
1074 4594 1359 4660 ζητήσεως,
1413 4602 1524 4657 πῶς
1587 4597 1613 4648 6
1669 4594 1877 4657 Ἰησοῦς

273 4684 634 4760 ἀναχωρήσας
679 4683 750 4746 εἰς
787 4688 880 4742 τήν
920 4686 1111 4757 ἔρημον
1158 4687 1515 4759 προσηύχετο.
1549 4684 1625 4737 Οὐ
1653 4687 1755 4760 γὰρ
1806 4681 1874 4743 δή

273 4777 348 4834 ὡς
397 4769 632 4846 δεόμενος
678 4778 768 4826 καὶ
814 4773 1053 4847 χρῄζων,
1087 4780 1241 4826 τοῦτο
1289 4772 1479 4826 έποίειο
1512 4778 1601 4826 καὶ
1645 4776 1746 4849 γὰρ
1790 4773 1876 4826 αὖ·

273 4866 368 4924 τὸς
398 4859 458 4920 ἧν
501 4864 526 4915 6
555 4865 648 4926 τὰς
692 4869 790 4914 τῶν
828 4861 1048 4934 λογικῶν
1091 4859 1375 4936 δεχόμενος
1419 4865 1740 4938 προσευχάς⁸
1771 4861 1876 4914 ἀλλ’

2046 3680 2216 3736 disset
2242 3679 2345 3746 sol,
2374 3679 2701 3749 efferebant
2721 3680 2798 3735 ad
2823 3695 2952 3737 eum
2973 3696 3164 3738 omnes
3176 3681 3326 3738 male
3348 3679 3628 3738 habentes

2047 3758 2101 3809 et
2131 3751 2411 3807 dwmonia
2445 3751 2746 3808 habentes.

2048 3839 2270 3898 Pholii.
2293 3843 2606 3911 Propterea
2624 3841 3053 3912 exspectabant
3069 3841 3184 3896 diei
3222 3840 3626 3914 crepusculum

1979 3946 2054 3986 ne
2085 3929 2424 3985 viderentur
2455 3928 2717 3984 Sabbato
2747 3930 2959 3985 curari.
3041 3929 3337 4000 Principes
3410 3929 3632 3985 scilicet

1978 4018 2323 4074 Judasorum
2344 4033 2484 4072 eum
2513 4017 2614 4088 qui
2647 4022 2885 4072 curatus
2905 4017 3166 4072 Sabbato
3192 4015 3414 4081 fuisset,
3429 4017 3526 4088 obj
3539 4032 3633 4071 ur-

1983 4105 2211 4177 gabant
2242 4121 2253 4158 :
2283 4121 2406 4176 quo
2445 4108 2607 4160 metu
2638 4121 2708 4160 ac
2723 4104 3322 4175 superstitioneliberi
3356 4103 3634 4176 discipuli

1983 4193 2283 4264 rogabant
2312 4191 2625 4257 Christum,
2641 4192 2821 4247 etiam
2845 4208 2966 4248 non
2997 4195 3338 4264 exspectata
3359 4207 3629 4264 vespera,

1987 4285 2051 4337 ut
2077 4280 2414 4337 curationes
2462 4285 2827 4351 operaretur.

1987 4372 2152 4427 Vens.
2187 4374 2272 4426 35.
2307 4369 2385 4424 Et
2406 4367 2674 4423 diluculo
2704 4368 2882 4423 valde
2907 4383 3164 4438 surgens,
3201 4382 3461 4438 egressus
3488 4368 3635 4426 abiit

2234 4441 2296 4496 in
2327 4439 2612 4496 desertum
2672 4440 2884 4505 locum,
2925 4439 3126 4511 ibique
3181 4439 3408 4495 orabat.

2059 4601 2280 4658 Photii.
2323 4599 2710 4674 Inquisitione
2775 4599 3023 4672 dignum
3061 4603 3168 4666 est,
3238 4600 3638 4673 quamobrem

1985 4690 2158 4747 Jesus
2191 4693 2327 4762 post
2357 4705 2660 4745 secessum
2713 4689 2775 4745 in
2802 4688 3124 4753 desertum,
3179 4690 3453 4746 oraverit.
3510 4695 3640 4747 Non

1986 4780 2148 4836 enim
2180 4784 2473 4851 tanquam
2505 4793 2620 4850 ope
2673 4778 2947 4849 indigens
2998 4779 3112 4834 hoc
3169 4777 3464 4835 faciebat:
3511 4778 3640 4852 ipse

1987 4868 2211 4942 quippe
2241 4873 2333 4924 est
2351 4867 2455 4940 qui
2487 4866 2886 4940 spiritualium
2912 4883 3117 4939 preces
3139 4867 3389 4940 accipit:
3416 4868 3522 4924 sed
3547 4867 3640 4926 dis

274 4953 613 5025 οἰκονομικῶς
657 4959 810 5005 τοῦτο
870 4960 1052 5017 ποιῶν,
1103 4957 1193 5005 καὶ
1241 4954 1396 5013 τύπος
1443 4953 1567 5025 ἡμῖν
1613 4956 1880 5026 γινόμενος

1987 4955 2323 5030 pensatorie
2349 4957 2464 5013 hoc
2487 4955 2735 5024 faciens,
2771 4960 2826 5013 et
2862 4955 3206 5029 exemplum
3234 4955 3411 5014 nobis
3449 4956 3642 5017 factus

274 5043 459 5106 πάσης
489 5041 708 5117 ἀρίστης
735 5039 988 5116 πράξεως.

593 5127 746 5186 Ἰδὼν
777 5131 803 5182 6
831 5130 1037 5192 Ἰησοῦς
1062 5133 1156 5190 τὴν
1180 5134 1358 5184 πίστιν
1381 5129 1569 5184 αὐτῶν.

352 5295 575 5346 Φωτίου.
609 5289 779 5351 Πολλὴ
821 5292 852 5350 ή
888 5295 1064 5353 πίστις
1103 5287 1164 5350 ἧν
1195 5299 1293 5344 τῶν
1337 5287 1539 5365 ἀνδρῶν
1563 5313 1576 5326 ο
1619 5293 1754 5346 ὥστε
1792 5297 1875 5346 καὶ

279 5385 376 5441 τὴν
428 5386 617 5454 στέγην
669 5379 850 5456 ὀρύξαι
903 5385 993 5434 καὶ
1042 5380 1282 5454 χαλάσαι
1324 5383 1410 5434 τὸν
1458 5382 1748 5457 ἄνθρωπον.
1794 5387 1882 5436 Διό

278 5476 372 5525 καὶ
411 5472 438 5524 6
485 5475 662 5548 Σωτήρ
716 5475 810 5531 τὴν
856 5475 1038 5526 πίστιν
1087 5467 1212 5524 ίδὼν
1259 5479 1360 5523 τῶν
1401 5474 1754 5544 κομισάντων,
1793 5477 1884 5526 καὶ

280 5561 444 5615 αὑτοῦ
491 5568 583 5615 τοῦ
625 5561 906 5635 κάμνοντος
960 5555 1108 5634 (οὐδε
1156 5562 1257 5636 γὰρ
1316 5555 1590 5625 ἀνεδέξατο
1639 5560 1881 5635 ἀρθῆναι,

1989 5046 2186 5102 omnis
2215 5060 2330 5119 ope
2359 5044 2603 5102 rationis
2633 5044 2897 5117 optimae.

1990 5135 2122 5192 CAP.
2172 5135 2346 5192 Vsus.
2400 5139 2453 5191 5.
2506 5133 2650 5191 Cum
2698 5133 3190 5262 (gmeizmvidisset
3257 5137 3426 5194 Jesus
3467 5137 3644 5206 ﬁdem

2819 5221 2851 5260 ν
2959 5247 2976 5262 .

2819 5221 2976 5263 rum.

2061 5295 2279 5352 Photii.
2313 5293 2496 5351 Multa
2524 5293 2670 5350 ﬁdes
2727 5291 2944 5350 horum
3000 5293 3260 5352 virorum
3317 5300 3464 5364 erat,
3504 5298 3572 5352 ut
3591 5299 3648 5353 et

1991 5387 2211 5442 tectum
2230 5383 2690 5457 perfoderent,et
2709 5382 3020 5440 hominem
3031 5386 3426 5443 demitterent.
3453 5387 3648 5452 Quare

1991 5473 2265 5530 Salvator
2293 5473 2419 5530 visa
2449 5473 2568 5530 ﬁde
2618 5472 3042 5545 bajulantium,
3097 5479 3152 5532 et
3179 5473 3373 5548 ipsius
3427 5473 3648 5530 scilicet

1992 5563 2176 5620 etiam
2200 5563 2531 5620 laborantis
2562 5564 2780 5636 (neque
2835 5563 2997 5630 enim
3030 5579 3092 5628 se
3123 5564 3210 5620 sic
3252 5562 3552 5624 laboriose
3592 5565 3649 5625 et
