4026 6206
434 251 565 307 1211
1672 242 1911 300 ΡΗΟΤΙΙ
1950 240 2024 298 ΡΑ

2164 237 2436 301 ΪΑΗΟΗᾸΕ
2473 240 2581 302 CP.
3650 248 3754 309 4242

433 377 583 434 forte
615 373 949 449 periculose
971 370 1064 429 vel
1103 368 1250 437 tolli,
1279 370 1369 427 vel
1399 370 1623 427 demitti
1648 385 1864 443 passus
1904 383 2023 425 esse

2068 410 2080 435 ,
2113 372 2161 425 A
2192 368 2235 422 εἰ
2258 374 2330 443 μὴ
2365 368 2665 424 ἐπίστευσεν
2695 373 2762 435 ὡς
2796 371 3093 443 ἰαθήσεται)
3126 371 3462 449 ἐθεράπευσεν
3490 375 3658 431 αὐτόν.

430 466 544 523 nisi
577 464 923 521 credidisset
944 478 1007 517 se
1029 468 1296 517 curatum
1324 460 1440 531 iri),
1467 461 1693 516 curavit
1716 460 1934 531 ipsum.

432 555 599 611 Vens.
647 555 729 609 14.
753 555 844 627 Et
884 568 1014 627 cum
1034 550 1395 627 praeteriret,
1418 550 1565 627 uidit
1589 550 1736 627 gevi
1754 548 1979 619 Atphcei
2003 564 2022 602 ,ς

2193 554 2291 627 καὶ
2334 553 2602 627 παράγων,
2641 547 2747 605 εἶδε
2790 554 2915 627 Λευὶ
2954 555 3043 605 τὸν
3084 560 3178 627 τοῦ
3220 552 3465 627 ’,Αλφαίου
3505 558 3758 627 καθήμενον

503 627 733 683 dentem
765 625 845 680 ad
875 624 1154 679 telonium
1190 628 1279 676 :et
1309 621 1498 677 aititli
1528 642 1538 679 ε
1573 622 1833 693 Sequere
1856 636 1982 685 me;
2029 623 2083 676 et

2259 621 2341 699 ἐπὶ
2367 621 2425 675 τό
2450 621 2687 699 τελώνιον
2711 644 2722 656 -
2752 629 2840 677 xui
2865 624 2999 699 λέγει
3040 625 3199 696 αὐτῷ·
3229 621 3531 679 Ἀκολούθει
3559 621 3665 699 μοί,
3692 636 3761 681 xui

500 712 740 768 surgens
770 702 994 751 secutus
1020 700 1102 751 est
1132 709 1291 749 eum.

2259 693 2489 757 ἀναστὰς
2519 694 2868 753 ἠκολούθησεν
2898 693 3058 768 αὐτῷ.

498 786 712 842 Photii.
748 785 920 850 Vidit,
984 782 1195 855 inquit,
1253 783 1585 839 Matthaeum
1650 780 2067 854 publicanum.

2259 788 2475 836 Φωτίου.
2537 784 2839 850 Ἐθεάσατο,
2891 789 3040 857 φησὶ,
3100 788 3365 840 Ματθαῖον
3427 789 3519 839 τὸν
3573 788 3765 845 τελώνην

436 875 836 943 Qumrendum
874 873 1051 945 igitur
1071 888 1150 927 an
1180 888 1334 927 unus
1366 872 1590 928 etidem
1623 872 1697 927 sit
1717 870 2026 943 publicani

2185 877 2437 931 Σητητέον
2495 870 2582 925 οὖν
2655 874 2699 926 εἰ
2757 875 2784 925 ὁ
2836 874 2987 935 αὐτός
3039 873 3153 927 ἐστι
3208 875 3431 937 τελώνης
3490 878 3632 949 παρὰ
3678 884 3768 941 τοῖς

428 966 590 1038 apud
618 969 733 1020 tres
761 962 1176 1032 evangelistas,
1211 961 1315 1034 qui
1341 966 1397 1018 et
1427 960 1735 1017 Matthaaus
1788 965 1844 1015 et
1900 960 2016 1014 Lev

2183 968 2357 1037 τρισὶν
2405 964 2430 1014 ὁ
2477 962 2784 1035 καλούμενος
2826 965 3090 1026 Μπθαίος
3133 968 3224 1016 καὶ
3272 967 3451 1026 Λευίς.
3504 968 3603 1017 Δύο
3654 963 3769 1021 ἦσαν

428 1059 695 1112 vocatur.
730 1056 857 1109 Duo
875 1059 1040 1108 erant
1060 1051 1435 1124 publicaniin
1466 1067 1718 1107 numero
1750 1049 2018 1106 duodecil

2182 1052 2396 1106 τελῶναι
2433 1051 2488 1105 ἐκ
2525 1061 2622 1106 τῶν
2655 1049 2887 1120 δώδεκα,
2916 1055 3185 1115 Ματθαίος
3230 1058 3320 1106 καὶ
3351 1054 3602 1117 Ἰάκωϐος
3643 1056 3666 1106 ό
3694 1064 3769 1108 τοῦ

426 1144 859 1217 apostolorum,
902 1140 1210 1197 Mattheeus
1243 1145 1300 1196 et
1327 1141 1585 1197 Jacobus
1614 1138 1837 1211 Alphaei
1865 1140 1998 1209 (16).

902 1140 1210 1197 Mattheeus
1243 1145 1300 1196 et
1327 1141 1585 1197 Jacobus
1614 1138 1837 1211 Alphaei
1865 1140 1998 1209 (16).
2187 1124 2452 1214 Ἀλφαίου.

428 1238 573 1307 CAP.
594 1234 681 1287 III.
714 1235 877 1287 Vens.
902 1236 980 1307 13.
1012 1233 1092 1307 Et
1109 1232 1422 1287 ascendens
1450 1230 1513 1285 in
1546 1236 1800 1307 montem
1844 1244 2018 1286 vocav

2187 1236 2286 1285 Καὶ
2318 1230 2581 1307 ἀναϐαίνει
2619 1232 2693 1294 εἰς
2721 1234 2783 1284 τὸ
2810 1236 2924 1307 ὄρος
2965 1235 3052 1307 καὶ
3086 1231 3467 1307 προσκαλεῖται
3497 1232 3586 1295 οὓς
3617 1232 3769 1291 ἢθελεν

495 1306 576 1362 ad
594 1321 653 1360 se
681 1320 823 1376 quos
855 1305 1040 1359 voluit
1072 1304 1193 1372 ipse
1236 1310 1321 1358 :et
1350 1308 1637 1359 venerunt
1669 1302 1749 1357 ad
1779 1316 1926 1357 eum.

1859 1318 1926 1356 m.
2522 1304 2672 1364 αὐτός
2695 1325 2707 1337 θ
2740 1302 2849 1357 καῖ
2862 1303 3090 1362 ἀπῆλθον
3115 1302 3241 1376 πρὸς
3271 1305 3449 1359 αὐτόν.

496 1394 707 1450 Photii.
731 1392 1009 1449 Ascendit
1037 1392 1095 1447 in
1124 1397 1385 1449 montem
1432 1392 1718 1455 Salvator,
1746 1389 2070 1461 discipulos

2255 1396 2473 1446 Φωτίου.
2533 1393 2618 1453 Εἰς
2666 1397 2723 1445 τὸ
2798 1397 2913 1466 ὄρος
2981 1392 3292 1451 ἀναϐέϐηκεν
3362 1395 3388 1445 ό
3438 1398 3616 1465 Σωτὴρ
3672 1397 3770 1453 τοὺς

424 1482 737 1539 duodecim
776 1484 837 1538 in
872 1481 1177 1555 apostolos
1208 1481 1522 1548 electurus,
1551 1496 1621 1536 ne
1647 1479 1888 1536 fortuito
1917 1478 2011 1535 fac

2185 1477 2395 1534 δώδεκα
2454 1484 2690 1554 μαθητὰς
2755 1482 2947 1554 μελλων
2998 1490 3398 1556 χειροτονῆσαι,
3453 1485 3521 1543 ὡς
3588 1482 3648 1534 διν
3707 1488 3765 1553 μή

425 1573 605 1629 videri
645 1576 1065 1644 posseteorum
1084 1571 1401 1643 promotio.
1436 1573 1605 1626 Facta
1634 1574 1834 1626 autem
1861 1568 1975 1632 die,
2012 1585 2015 1593 ·

2182 1576 2382 1642 ματαία
2432 1570 2599 1623 αὐτῶν
2648 1575 2863 1643 γένηται
2919 1574 2948 1629 ἡ
3002 1570 3252 1646 προϐολή.
3302 1571 3532 1646 Ἠμέρας
3582 1567 3639 1624 δι
3703 1590 3772 1641 γε·

423 1662 612 1719 Lucas
643 1662 740 1726 ait,
777 1661 1007 1716 vocavit
1036 1676 1188 1731 quos
1211 1660 1533 1729 delegerat,
1563 1676 1633 1715 ex
1654 1658 1829 1714 turba
1852 1657 2013 1713 scilic

2183 1665 2413 1732 γονυίας,
2488 1664 2623 1713 κατὰ
2711 1664 2797 1713 τὸν
2894 1665 3123 1731 Λουκᾶν,
3199 1661 3633 1735 προσεκαλέσατο
3697 1661 3773 1723 οὓς

422 1752 682 1823 plurium
718 1766 728 1805 :
759 1766 878 1806 non
911 1750 1071 1805 enim
1097 1750 1346 1806 aderant
1377 1748 1482 1805 soli
1513 1747 1833 1805 duodecim
1867 1763 1879 1802 :
1914 1762 2012 1819 qui

2185 1753 2464 1823 προέκρινε·
2510 1748 2719 1811 πλείους
2754 1751 2853 1825 γὰρ
2908 1746 3043 1808 ἦσαν
3086 1757 3185 1801 τῶν
3238 1745 3453 1802 δώδεκα
3498 1752 3550 1802 οἱ
3600 1754 3775 1825 παρόν.

419 1840 594 1910 elegit
616 1849 673 1896 et
698 1839 1001 1912 apostolos
1018 1838 1369 1909 nominavit,
1390 1838 1516 1909 jam
1537 1845 1662 1893 tum
1693 1838 1807 1894 isto
1829 1836 2009 1892 nomii

2186 1858 2280 1899 τες·
2332 1837 2421 1901 οὓς
2470 1835 2529 1891 δε
2581 1837 2837 1901 ἐξελέξατο
2896 1834 3108 1891 δώδεκα
3159 1837 3450 1911 ἐτύγχανον
3481 1858 3497 1873 ο
3530 1843 3624 1892 καὶ
3672 1841 3776 1891 τού-

418 1929 753 1985 informans
777 1928 1042 1985 ofﬁcium
1061 1928 1528 2000 praedicationis,
1544 1930 1601 1984 et
1630 1942 1780 2000 opus
1811 1926 1888 1983 ad
1911 1941 2008 1998 qut

2184 1947 2299 1989 τους
2364 1926 2598 1981 ἐκάλεσεν
2667 1926 3008 1993 ἀποστόλους,
3067 1927 3133 1988 εἰς
3200 1933 3649 2003 προπαρασκευὴ
3696 1936 3774 1980 τοῦ

419 2019 797 2092 implendum
836 2019 1353 2091 praeparabantur.

2185 2020 2528 2093 κηρύγματος,
2573 2022 2662 2071 καὶ
2712 2017 2785 2080 εἰς
2828 2020 2885 2071 τὸ
2932 2016 3111 2090 με’λλον
3155 2016 3245 2070 ὑπ’
3285 2018 3458 2070 αὐτῶν
3513 2018 3775 2094 πληρωθή-

2182 2109 2370 2160 σεσθαι
2394 2109 2561 2180 ἐργον.

418 2200 583 2254 Vens.
612 2199 699 2255 29.
746 2196 857 2265 Qui
885 2202 1082 2253 autem
1130 2196 1625 2269 blasphemaverit
1688 2194 1752 2250 in
1776 2193 2008 2264 Spiritu

2188 2203 2270 2256 ‘0;
2316 2193 2365 2249 δ’
2397 2195 2457 2249 ἂν
2489 2195 2854 2269 βλασφημήσῃ
2905 2195 3085 2269 εἰςντὸ
3127 2202 3333 2269 Πνεῦμα
3391 2199 3452 2249 τὸ
3497 2197 3665 2268 ἅγιον,
3695 2195 3778 2248 οὐκ

487 2278 783 2335 sanctum,
813 2285 932 2325 non
962 2269 1133 2325 habet
1168 2268 1567 2324 remissionem
1599 2267 1661 2322 in
1688 2272 1995 2324 mternum.

1761 2272 1995 2323 'ernum.
2490 2267 2497 2269 ἡ
2608 2267 2721 2341 ἔχει
2749 2267 2931 2340 ἄφεσιν
2963 2268 3029 2329 εἰς
3058 2271 3147 2320 τὸν
3172 2267 3351 2320 αἰῶνα.

484 2360 869 2417 Photii.Dum
894 2357 1334 2429 blasphemiam
1367 2357 1427 2412 in
1460 2356 1739 2428 Spiritum
1770 2362 2070 2428 expertem

2251 2362 2471 2412 Φωτίου.
2503 2362 2608 2415 Τὴν
2653 2357 2719 2417 εἰς
2748 2361 2834 2409 τὸν
2880 2360 3001 2411 Θεὸν
3043 2355 3388 2429 βλασφημίαν
3421 2356 3777 2428 ἀσύγγιωστον

414 2448 606 2505 venite
620 2448 1174 2519 pronuntiat,Deum
1191 2446 1456 2516 intelligit
1472 2446 1714 2517 Spiritus
1728 2446 1978 2501 nomine.

2185 2442 2308 2499 εἶναί
2362 2465 2494 2519 φησι
2538 2454 2610 2517 τῷ
2666 2453 2758 2499 τοῦ
2808 2448 3105 2519 Πνεύματος
3151 2445 3386 2518 ὀνόματι.
3438 2445 3643 2517 Ὠσπερ
3688 2448 3775 2519 γὰρ

414 2537 570 2593 enim
587 2538 666 2591 vis
710 2536 956 2607 Spiritus
985 2535 1177 2590 sancti
1207 2550 1458 2606 regnum
1490 2535 1607 2589 sive
1640 2536 1920 2605 majestas
1964 2536 2004 2589 D

2184 2538 2206 2595 ἡ
2255 2535 2479 2610 ἐνέργεια
2522 2544 2613 2588 τού
2659 2536 2807 2607 ἁγίου
2853 2538 3150 2608 ῐῙνεύματος
3184 2534 3435 2607 βασιλεία
3466 2543 3606 2590 Θεοῦ
3652 2535 3774 2605 λέγει·

413 2626 647 2690 dicitur,
678 2624 792 2680 hoc
822 2632 910 2679 est
940 2625 1092 2678 Deus
1126 2622 1253 2695 ipse
1289 2639 1300 2676 :
1330 2624 1408 2678 ita
1440 2638 1574 2694 qua:
1599 2623 1882 2695 Spiritum
1921 2640 1994 2696 pe

2174 2644 2279 2690 ται,
2310 2625 2469 2686 οὕτως
2510 2630 2599 2677 καὶ
2638 2626 2667 2683 ἡ
2717 2628 2852 2677 κατὰ
2898 2628 3081 2677 τούτου
3136 2623 3457 2697 βλασφημία
3505 2627 3643 2677 κατὰ
3687 2631 3764 2675 τοῦ

414 2712 812 2785 blasphemia,
840 2715 1023 2767 Deum
1069 2712 1229 2783 petit.
1288 2711 1381 2766 Ait
1444 2711 1621 2780 igitur
1671 2713 2004 2768 contumelia

2177 2719 2300 2768 Θεοῦ
2352 2711 2479 2767 εἶναι
2536 2715 2823 2787 νομίζεται.
2879 2713 3293 2790 Ἀσυγχὼρητον
3361 2711 3422 2767 δὲ
3490 2711 3624 2767 εἶναι
3670 2714 3767 2765 λοι-

413 2820 548 2878 quae
565 2802 984 2873 irrogabantur
1002 2801 1554 2873 Christo,quatenus
1568 2801 1919 2858 occurrebat
1932 2819 2003 2858 sei

2179 2800 2354 2877 δορίαν
2409 2811 2541 2857 Θεοῦ
2592 2823 2741 2876 φησι,
2786 2806 2910 2877 πρὸς
2962 2806 3239 2879 σύγκρισιν
3292 2803 3489 2865 ἐκείνης
3548 2804 3667 2855 καθ’
3718 2802 3769 2859 ἦν

414 2893 576 2951 sibus
605 2897 661 2949 et
683 2908 881 2948 merus
910 2892 1093 2948 homo
1151 2891 1521 2957 censebatur,
1573 2891 1747 2963 quasi
1801 2892 2004 2948 veniali

1674 2891 1747 2946 tsi
1801 2892 2059 2948 veniales
2170 2892 2430 2965 ἐνομίζετό
2456 2913 2509 2946 τε
2537 2898 2627 2946 καὶ
2654 2892 2845 2967 ἑωρᾶτο
2876 2894 2940 2954 ὡς
2969 2894 3264 2966 ἄνθρωπος.

414 2983 595 3041 vidrri
622 2998 796 3054 posse
825 2997 948 3054 prae
1005 2980 1352 3052 inexpiabili
1416 2980 1610 3036 furore
1637 2995 1846 3036 earum
1896 2997 2033 3053 quae
2079 2983 2379 3039 Christum
2440 2998 2550 3055 pro
2586 2985 2701 3038 Deo
2744 2982 3016 3052 agnitum
3082 2982 3304 3038 violare
3365 2981 3758 3040 nihilominus

413 3071 743 3146 pergebant
774 3072 906 3143 (17).

415 3164 542 3218 CAP.
575 3163 639 3216 V.
674 3161 841 3216 Vens.
883 3163 966 3215 10.
996 3161 1075 3236 Et
1120 3159 1553 3236 deprecabatur
1605 3175 1735 3216 eum
1785 3162 2005 3217 multum

2178 3164 2277 3214 Kui
2306 3160 2581 3236 παρεκάλει
2612 3160 2793 3236 αὐτόνμ
2808 3159 2989 3224 πολλὰ,
3028 3161 3111 3212 ἶνα
3137 3164 3208 3233 μὴ
3256 3160 3450 3221 αὐτοὺς
3499 3158 3766 3231 ἀποστείλῃ

705 3248 780 3288 ne
804 3248 863 3288 se
878 3233 1199 3302 expelleret
1224 3238 1399 3288 extra
1430 3232 1740 3301 regionem.

1593 3246 1740 3288 nem.
2380 3232 2389 3236 ’
2742 3232 2835 3295 ἔξω
2864 3240 2958 3294 τῆς
2981 3232 3183 3306 χώρας.

481 3322 695 3378 Photii.
732 3321 1014 3386 Quamvis
1044 3337 1227 3392 supra
1250 3321 1503 3376 modum
1534 3320 1794 3392 improbi
1827 3336 1896 3376 ac
1926 3336 2065 3377 con-

2244 3325 2463 3377 Φωτίου,
2506 3320 2563 3374 Εἰ
2613 3325 2703 3373 καὶ
2744 3322 2876 3392 ἄγαν
2926 3322 3195 3395 μοχθηροί
3241 3319 3370 3373 εἰσιν
3424 3322 3475 3373 οἱ
3519 3317 3764 3392 δαίμονες,

414 3415 688 3467 tumaces
733 3410 1067 3473 daemones,
1095 3414 1430 3479 agnoscunt
1466 3414 1520 3464 et
1568 3409 1828 3465 fatentur
1858 3415 2004 3466 tame

2178 3408 2281 3461 ἄλλ’
2336 3405 2425 3462 οὖν
2485 3407 2761 3481 ἐγίνωσκον
2825 3411 2903 3461 ὃτι
2961 3408 3016 3471 ἐξ
3084 3409 3299 3483 ὕστερον
3351 3408 3768 3467 κολασθήσονται

410 3513 472 3553 se
504 3497 830 3568 aliquando
845 3497 1131 3553 scelerum
1161 3514 1406 3553 suorum
1432 3498 1907 3567 luiturosgraves
1940 3517 2000 3571 p(

2173 3499 2296 3571 ὑπὲρ
2351 3507 2450 3550 τῶν
2510 3498 2915 3571 ἁμαρτημάτων.
2967 3500 3053 3551 Διό
3120 3502 3210 3550 καὶ
3282 3502 3598 3570 νομίσαντες
3665 3494 3763 3556 ἤδη

407 3602 540 3642 nas.
585 3584 775 3652 Quare
805 3587 1091 3657 suspicati
1130 3588 1539 3657 repraesentari
1565 3586 1689 3657 jam
1708 3603 1866 3641 nunc
1914 3588 1997 3659 ips

2178 3585 2443 3661 ἐφεστάναι
2491 3587 2668 3649 αὐτοῖς
2720 3591 2813 3646 την
2870 3586 3101 3651 κόλασιν,
3159 3585 3521 3659 ἒφθϐήθησαν,
3581 3589 3649 3650 ὡς
3705 3586 3768 3645 εἰς

407 3678 815 3748 exspectatum
830 3675 971 3730 olim
1001 3676 1669 3748 supplicium,correpta
1697 3678 1892 3748 spatia
1917 3694 1996 3749 qu

2175 3681 2419 3753 τιμωρίαν
2478 3679 2705 3743 ἥκοντες,
2753 3681 2844 3729 καὶ
2914 3675 3235 3749 παρεκάλουν
3288 3680 3359 3743 μὴ
3426 3680 3530 3749 πρὸ
3588 3682 3765 3751 καιροῦ

406 3770 637 3830 runtur,
672 3768 727 3820 et
758 3764 1034 3820 sustineri
1062 3764 1119 3820 in
1160 3765 1538 3820 constitutam
1572 3765 1729 3823 diem
1760 3767 1996 3824 cruciati

1197 3765 1538 3820 onstitutam
1572 3765 1729 3823 diem
1760 3767 2056 3824 cruciatus
2168 3767 2451 3826 ὑποστῆναι
2484 3770 2575 3825 τὴν
2612 3761 2787 3824 δίκην.

405 3871 546 3911 suos
577 3854 899 3928 postulant.

407 3945 574 4001 Vens.
616 3945 702 4021 i3.
728 3944 807 3999 Et
828 3944 1209 4021 _concess_i_te_is
1225 3943 1424 4021 statim
1456 3946 1643 4021 Jesus.
1674 3946 1749 4001 Et
1781 3954 1994 4003 exeunt

2175 3950 2325 4021 Kui___
2359 3945 2636 4021 ἐπέτρεψεν
2740 3945 2913 4006 αὐτοῖς
2996 3944 3201 4021 εὐθέως-
3355 3944 3590 4021 Ἰησοῦς.
3654 3947 3765 4021 ﬁni

547 4016 794 4087 spiritus
815 4016 1108 4072 immundi
1150 4015 1511 4072 introierunt
1541 4018 1600 4073 in
1623 4033 1854 4087 porcos.

2234 4015 2503 4080 ἐξελθόντα
2557 4015 2638 4069 τὰ
2701 4021 2969 4089 πνεύματα
3042 4020 3105 4069 τὰ
3179 4016 3451 4089 ἀκάθαρτα
3530 4016 3762 4075 εἰσῆλθον

2233 4090 2299 4150 εἰς
2329 4094 2448 4152 τοὺς
2483 4094 2720 4163 χοίρους.

483 4178 691 4234 Photii.
726 4177 1391 4233 Permisitdmmonibus
1417 4177 1686 4233 Salvator
1736 4178 2049 4249 ingrediin

2232 4183 2450 4233 Φωτίου.
2511 4178 2786 4251 Ἐπέτρεψε
2834 4185 2941 4240 τοῖς
2986 4174 3234 4250 δαίμοσιν
3287 4178 3313 4229 ὁ
3372 4181 3551 4252 Σωτὴρ
3605 4174 3760 4228 εἰσελ-

405 4282 640 4340 porcos,
675 4272 738 4323 ut
760 4268 1324 4323 ostendereteorum
1346 4266 1677 4322 furoremin
1710 4283 1839 4334 nos,
1861 4285 1995 4340 qua]

2172 4270 2263 4321 θεῖν
2290 4268 2360 4330 είς
2389 4271 2510 4330 τοὺς
2538 4272 2775 4341 χοίρους,
2807 4270 2889 4319 ἶνα
2938 4262 3081 4339 δείξῃ
3112 4271 3205 4324 τὴν
3243 4266 3362 4319 καθ’
3392 4269 3549 4339 ἡμὼτ
3582 4269 3762 4338 μανίαν

403 4360 496 4411 tus
528 4354 620 4421 sit,
642 4360 698 4411 et
725 4361 948 4426 quanta
970 4361 1235 4412 armatus
1265 4355 1523 4412 nocandi
1548 4356 1621 4410 vi.
1641 4357 1793 4412 Sane
1824 4356 1993 4427 quittt

2171 4366 2256 4409 τῶν
2302 4354 2563 4430 δαιμόνων
2616 4359 2785 4415 ὁπόση
2835 4360 2910 4416 τίς
2942 4353 3090 4408 ἐστι·
3124 4360 3215 4408 xui
3262 4361 3355 4413 τὴν
3406 4353 3636 4428 δύναμιν
3679 4355 3761 4404 αὖε

401 4460 617 4517 porcos
657 4451 959 4501 momento
999 4445 1400 4517 perdiderant,
1430 4444 1600 4501 facile
1632 4444 1991 4515 intelligebai

2168 4456 2255 4500 τῶν
2282 4468 2293 4479 ·
2323 4452 2412 4499 καὶ
2453 4449 2531 4500 ὅτι
2572 4448 2620 4499 οἱ
2666 4449 2949 4507 τοσούτους
2995 4449 3216 4519 χοίρους
3264 4450 3539 4517 συντόμως
3590 4444 3758 4515 ἀφανί-

401 4540 517 4601 tur,
546 4550 665 4591 non
697 4550 894 4590 carere
930 4534 1154 4590 viribus
1185 4535 1262 4590 ad
1314 4534 1593 4591 homines
1663 4533 1991 4590 οοηεὶωίιὶιι

2170 4555 2359 4602 σαντες,
2413 4536 2505 4588 οὐκ
2550 4533 2611 4588 ἂν
2659 4530 2911 4587 ἀδύνατοι
2966 4534 3101 4592 ἦσαν
3167 4534 3301 4586 οὕτω
3356 4529 3627 4586 διαθεῖναι
3678 4534 3760 4581 καὶ

401 4624 761 4696 perdendos,
796 4629 858 4678 ut
884 4640 954 4679 ex
977 4624 1070 4679 his
1094 4623 1379 4679 omnibus
1407 4622 1791 4679 manifestum
1820 4624 1911 4691 sit,
1949 4627 1989 4680 ι)

2169 4630 2267 4687 τοὺς
2310 4625 2625 4699 ἀνθρώπους·
2676 4622 2836 4677 Ὠστε
2893 4620 2988 4677 διὰ
3036 4626 3237 4676 πάντων
3284 4625 3482 4675 τούτων
3550 4622 3759 4695 φανερὰν

403 4713 730 4785 potentiam
763 4712 1057 4785 impedire
1083 4712 1245 4785 ipsos
1262 4713 1589 4785 quominus
1619 4712 1914 4769 adversus
1942 4713 1993 4768 hi

2168 4712 2282 4768 ῑῖναι
2309 4720 2402 4774 τὴν
2439 4723 2531 4768 τοῦ
2563 4722 2695 4769 Θεοῦ
2729 4710 2970 4785 δύναμιν,
3000 4712 3277 4773 κωλύοντος
3306 4711 3498 4774 αὐτοὺς
3542 4720 3758 4771 ποιῆσαι

401 4803 591 4859 mines
618 4802 838 4859 faciant
875 4818 1254 4875 quaecunque
1284 4802 1520 4858 vellent.

2154 4806 2221 4867 εἰς
2244 4809 2364 4867 τοὺς
2393 4804 2694 4879 ἀνθρώπους
2730 4805 2831 4856 ὅσα
2859 4807 2949 4855 καὶ
2979 4799 3278 4874 βούλονται.

406 4892 532 4946 CAP.
566 4892 857 4967 Yl:_Vsn_s.
886 4895 974 4967 28.
1016 4892 1096 4967 Et
1128 4891 1335 4948 attulit
1364 4896 1558 4967 caput
1593 4892 1718 4967 ejus
1754 4889 1815 4946 in
1840 4890 1995 4967 disco

2164 4899 2257 4948 Καὶ
2276 4897 2465 4967 ,ἤνεγκε
2494 4898 2587 4953 τὴν
2630 4892 2852 4966 κεφαλὴν
2898 4892 3058 4944 αὐτοῦ
3101 4889 3185 4967 ἐπὶ
3214 4895 3414 4967 πίνακι,
3448 4887 3754 4967 καὶ-ἔδωκεν

475 4970 526 5017 et
555 4962 700 5018 dedit
740 4964 898 5018 illud
926 4964 1153 5034 puellae,
1205 4969 1259 5019 et
1286 4963 1492 5033 puella
1518 4959 1675 5018 dedit
1705 4963 1886 5018 matri
1908 4980 2044 5032 suae,

2224 4959 2392 5024 αὐτὴν
2417 4974 2487 5036 τῷ
2512 4959 2759 5041 κορασίῳ,
2794 4969 2883 5016 καὶ
2912 4967 2969 5016 τὸ
2996 4964 3242 5036 κοράσιον
3281 4959 3471 5015 ἔδωκεν
3504 4963 3664 5020 αὐτὴν
3692 4966 3748 5032 τῇ

2224 5042 2383 5112 μητρὶ
2411 5039 2591 5097 αὐτῆς,

475 5119 689 5179 Photii.
726 5124 986 5179 Herodes
1012 5139 1216 5180 amore
1244 5140 1454 5182 amens
1488 5141 1556 5183 ac
1587 5141 1829 5200 prorsus
1886 5126 2047 5183 insa-

2226 5132 2443 5181 Φωτίου.
2515 5125 2572 5179 Ὀ
2638 5121 2876 5197 Ἡρώδης
2951 5123 3303 5197 ἐρωτόληπτος
3370 5127 3598 5195 γεγονὼς
3670 5123 3753 5171 καὶ

398 5211 777 5280 nus,veritus
808 5217 897 5267 est
921 5212 1349 5283 jusjurandum
1369 5215 1724 5287 transgredi,
1745 5222 1801 5272 et
1830 5216 1988 5273 occid

2161 5216 2406 5277 παντελῶς
2480 5214 2693 5277 ἀνόητος
2774 5212 3001 5287 ἐφοϐήθη
3066 5216 3152 5266 τὸν
3232 5215 3385 5287 ὅρκον
3458 5210 3751 5285 παραϐῆναι

395 5300 625 5374 justum
647 5314 659 5354 :
683 5300 850 5371 atqui
869 5300 1236 5358 tolerabilius
1256 5304 1597 5378 pejerasset,
1612 5321 1796 5378 quam
1813 5310 1980 5363 tantu

2160 5310 2245 5358 xui
2289 5308 2481 5379 φονεύει
2519 5308 2605 5357 τὸν
2640 5300 2848 5357 δίκαιον
2875 5324 2887 5337 ·
2918 5299 3023 5356 ἔδει
3068 5306 3169 5379 γὰρ
3210 5301 3403 5376 μᾶλλον
3449 5301 3750 5374 ἐπιορκῆσαι

1823 5422 2047 5479 NOTIE.

352 5548 365 5560 -
407 5524 584 5607 “(15)
624 5518 1361 5607 Qupdja’cobumlAlphaai
1408 5526 1800 5607 publicanum
1873 5528 2052 5586 fuisse
2232 5528 2348 5601 (17)
2387 5526 2468 5585 Cf.
2502 5542 2561 5601 q.
2594 5524 2783 5583 XLIX.

406 5592 652 5657 Photius
692 5594 857 5665 dicit,
889 5592 1030 5649 fides
1066 5593 1138 5649 sit
1174 5592 1358 5666 p’enes
1389 5592 1714 5655 auctorem.
