4026 6206
161 287 315 353 1213

1437 289 1876 354 FRAGMENTA
1915 294 1987 354 IN
2027 287 2294 356 LUCAM.

3397 297 3537 358 1214

154 417 257 466 καὶ
305 418 380 487 μὴ
433 420 679 467 τοσοῦτον
717 421 888 486 μῦσος
918 413 1264 488 ἐργάσασθαι.
1310 420 1448 469 Ἐπεὶ
1489 415 1546 467 οὑ
1575 435 1774 468 παντα-

1884 415 2191 488 piaculum
2268 414 2681 471 conscisceret.
2730 416 2926 486 Neque
2974 415 3132 472 enim
3178 416 3534 488 juramentis

156 510 279 575 χοῦ
334 505 395 555 τό
442 502 665 576 εὐορκεῖν
715 501 926 575 ἀγαθόν’
972 503 1175 576 λέγεται
1229 501 1288 557 δε
1343 503 1706 577 σπεκουλάτωρ
1749 506 1775 558 ὁ

160 589 394 664 δήμιος,
457 597 783 664 στρατιώτης
840 594 865 644 ό
914 590 998 644 ἐπὶ
1058 601 1130 664 τῷ
1184 595 1405 666 φονεύειν
1444 596 1565 654 τοὺς
1618 613 1776 645 κατα-

156 685 381 756 κρίτους
423 684 746 753 τεταγμένος.
793 687 990 754 Πτῶμα
1037 679 1096 735 δε
1134 681 1337 754 λέγεται
1380 685 1438 734 τὸ
1468 689 1558 734 τοῦ
1597 689 1775 757 νεκροῦ

162 778 351 842 σῶμα.

243 863 351 913 Καὶ
381 856 517 913 εἶπεν
549 859 746 922 αὑτοῖς⁹
789 866 939 913 Δεῦτε
967 861 1114 932 ὑμεῖς
1140 859 1282 912 αὑτοὶ
1318 864 1431 912 κατ’
1467 857 1606 914 ἰδίαν
1639 860 1704 922 εἰς

428 933 616 1004 ἔρημον
651 935 826 997 τόπον,
855 935 938 984 καὶ
970 930 1296 985 ἀναπαύεσθε
1330 932 1523 1004 ὀλίγον.

239 1025 468 1074 Φωτίου.
518 1022 612 1073 Διά
649 1023 841 1073 τούτων
880 1017 1130 1074 διδάσκει
1179 1025 1294 1083 τοὺς
1336 1030 1432 1084 τῆς
1460 1021 1775 1082 Ἐκκλησίας

163 1106 559 1175 διδασκάλους,
605 1113 678 1183 μὴ
731 1106 1017 1171 διαπαντός
1059 1118 1164 1172 τοῖς
1207 1110 1390 1183 ὄχλοις
1440 1111 1654 1172 ἑαυτούς
1696 1109 1774 1162 ἕκ-

162 1195 409 1264 διδόναι,
463 1197 588 1252 ἀλλὰ
645 1203 734 1251 καὶ
790 1199 1160 1252 συστέλλεσθαι
1209 1205 1300 1252 καὶ
1368 1195 1591 1262 ίδιάζειν
1657 1199 1774 1251 καθ’

160 1287 414 1354 ἑαυτοὺς,
471 1292 562 1340 καὶ
623 1291 710 1340 τόν
765 1296 883 1340 νοῦν
937 1291 1176 1360 συνάγειν
1226 1287 1281 1340 έκ
1331 1297 1425 1350 τῆς
1482 1289 1577 1351 ἔξω
1630 1307 1776 1361 περι-

159 1383 353 1451 φορᾶς,
407 1382 497 1430 καὶ
544 1380 664 1439 τοὺς
716 1385 1003 1438 κοπιῶντας
1052 1376 1100 1428 έν
1156 1377 1293 1449 λόγῳ
1349 1379 1643 1450 θεραπεύειν
1688 1381 1776 1430 καὶ

160 1475 478 1539 σωματικῶς
507 1465 808 1532 ἀναπαύειν,
839 1466 1072 1540 μάλιστα
1100 1470 1230 1540 μετὰ
1259 1471 1352 1525 τὴν
1378 1474 1473 1530 τῆς
1505 1463 1774 1530 διακονίας

159 1555 328 1615 ἐκπλή
333 1576 522 1628 ρωσιν.

1885 511 2038 562 stare
2077 504 2138 560 in
2177 505 2340 560 omni
2378 520 2527 560 casu
2564 503 2867 561 laudabile
2902 509 3007 560 est.
3071 505 3286 563 Dicitur
3349 523 3530 580 porro

1884 594 2222 666 speculator
2252 593 2528 666 publicus
2553 593 2812 649 carnifex
2843 592 2922 650 ad
2955 594 3298 651 multandos
3343 602 3534 654 morte

1883 699 2038 756 quos
2067 683 2198 740 neci
2222 682 2456 754 judices
2500 682 2858 739 addixerunt
2926 682 3297 742 constitutus.
3331 692 3529 758 Πτῶμα

1883 788 2046 839 vero,
2068 772 2337 835 cadaver,
2380 772 2593 827 dicitur
2622 787 2841 844 corpus
2870 773 3107 828 mortui.

1884 861 2049 918 Vens.
2082 863 2169 918 31.
2204 862 2279 916 Et
2309 861 2394 918 ait
2419 861 2542 917 illis
2592 878 2605 916 :
2637 861 2836 916 Venite
2862 876 3123 918 seorsum
3156 863 3219 918 in
3244 861 3535 920 desertum

2190 934 2400 1000 locum,
2435 938 2489 989 et
2530 932 2874 1004 requiescite
2889 934 3198 1001 pusillum.

1953 1021 2166 1078 Photii.
2194 1023 2298 1076 Per
2327 1021 2455 1076 haec
2485 1020 2659 1077 docet
2701 1019 2971 1076 Ecclesiae
2999 1021 3338 1091 magistros,
3369 1038 3445 1079 ne
3476 1038 3536 1080 se

1885 1115 2038 1167 totos
2070 1115 2127 1166 et
2154 1111 2214 1166 in
2241 1113 2671 1182 omnetempus
2697 1108 3038 1165 condonent
3058 1110 3265 1166 usibus
3297 1116 3350 1168 et
3378 1128 3536 1168 curae

1886 1200 2274 1256 multitudinis
2308 1217 2320 1253 :
2351 1199 2454 1256 sed
2477 1199 2826 1256 controhant
2859 1215 2919 1254 se
2941 1199 3257 1264 interdum,
3291 1205 3347 1257 et
3369 1201 3534 1273 apud

1884 1306 1946 1346 se
1972 1290 2106 1355 sint,
2137 1289 2382 1345 collecta
2404 1304 2472 1344 ex
2501 1287 2689 1344 nimia
2727 1287 3050 1344 ditfusione
3084 1294 3302 1344 mente.
3359 1292 3536 1346 Docet

1885 1382 2169 1449 praeterea
2198 1377 2568 1450 praepositos,
2601 1381 2666 1433 ut
2691 1376 2907 1448 quibus
2949 1381 3186 1433 utentur
3244 1377 3532 1434 ministris

1882 1465 2182 1524 laborioso
2213 1466 2487 1523 exercitio
2501 1466 3026 1538 praedicationis,et
3054 1466 3245 1538 plebis
3267 1467 3534 1523 erudien-

1882 1557 1990 1622 dae,
2009 1572 2274 1627 congrua
2295 1555 2669 1628 providentia
2703 1555 3044 1621 consulant,
3061 1571 3349 1612 concessa
3366 1557 3534 1613 statis

156 1649 350 1717 prout
386 1660 541 1718 opus
569 1650 676 1718 est,
699 1645 1070 1718 temporibus
1098 1660 1385 1720 corporea
1409 1645 1589 1702 etiam
1610 1643 1962 1702 remissione
1993 1661 2064 1702 ac
2096 1646 2307 1718 quiete,
2363 1645 2624 1702 maxime
2680 1649 2813 1716 post
2863 1645 3164 1717 expletum
3204 1645 3534 1718 praescripti

156 1749 427 1805 pensum
468 1735 661 1806 operis
674 1779 687 1792 .

153 1821 219 1874 Ὀ
286 1818 362 1898 ,δε
437 1822 644 1886 Ἰησοῦς
717 1819 870 1877 εἶπεν·
950 1830 1133 1898 ξΑφετε
1205 1824 1391 1898 αὑτήνῖ

235 1897 431 1980 κόπους
506 1900 816 1968 παρέχετε;
881 1895 1034 1949 καλὸν
1115 1899 1262 1970 ἔργον
1351 1897 1630 1972 εἰργάσατο
1720 1895 1768 1948 ἓν

237 1983 376 2036 εμοι.

236 2058 461 2110 ψωτίου.
511 2059 574 2109 Τί
629 2059 822 2119 κόπους
878 2061 1135 2132 παρέχετε
1200 2065 1262 2129 τῇ
1316 2061 1567 2129 γυναικί;
1609 2060 1769 2129 φησὶν

156 2144 185 2195 ό
242 2149 448 2218 Σωτήρ·
501 2143 568 2206 εἰς
616 2147 719 2220 γὰρ
762 2149 850 2198 τόν
902 2144 1249 2218 ἐνταφιασμόν
1318 2166 1419 2219 μου
1472 2154 1624 2198 τοῦτο
1685 2164 1769 2198 πε-

155 2237 374 2291 ποίηκε.
405 2240 584 2286 Ταῦτα
630 2230 691 2287 δε
727 2234 862 2307 λέγει
891 2237 1355 2309 παραμυθούμενος
1403 2239 1497 2294 τὴν
1521 2241 1766 2306 γυναῖκα,

155 2327 253 2374 καὶ
285 2321 553 2395 έλιυθέραν
585 2319 832 2376 δεικνύων
887 2333 974 2387 τῆς
1020 2333 1119 2377 τῶν
1169 2323 1470 2377 ἀποστόλων
1508 2323 1766 2397 μέμψεως.

157 2417 428 2464 Τοσοῦτον
475 2414 576 2486 γὰρ
633 2411 839 2485 ἀπέχω,
891 2418 1041 2486 φησὶ,
1090 2421 1182 2468 τοῦ
1227 2413 1541 2488 μέμψασθαι
1583 2413 1765 2479 αὑτὴν,

157 2501 298 2552 ὥστε
354 2496 479 2554 ούδέ
535 2500 720 2574 ἀφήσω
790 2501 961 2555 λαθεῖν
1055 2507 1113 2555 τό
1197 2505 1532 2577 γεγενημένον
1611 2502 1770 2564 αὑτῆς

159 2591 333 2662 ἔργονο
367 2588 475 2642 ἀλλ’
515 2590 650 2653 ἅπας
680 2593 706 2643 ό
737 2595 929 2664 κόσμος
957 2597 1232 2664 γνώσεται·
1270 2591 1372 2645 ἀπό
1409 2595 1509 2667 γὰρ
1541 2592 1769 2665 μεγάλης

159 2673 403 2739 διανοίας
433 2675 493 2738 ἦν
523 2687 700 2751 τοῦτο,
725 2685 816 2734 καὶ
853 2681 1048 2744 πολλῆς
1067 2687 1346 2756 τεκμήριον
1377 2687 1626 2743 πίστεως.

1494 1844 1546 1877 τι
1633 1823 1763 1896 αὑτῇ
1804 1823 1848 1878 Β
1879 1824 2012 1880 CAP.
2037 1821 2378 1896 xlv._Vens_.
2409 1823 2464 1877 6.
2492 1822 2656 1896 Iesus
2689 1829 2880 1880 autem
2923 1823 3116 1880 dixit:
3159 1823 3341 1880 Sinite
3379 1838 3529 1890 eam,

1952 1895 2091 1976 quid
2121 1894 2214 1950 illi
2251 1894 2476 1951 molesti
2515 1893 2649 1952 estis
2681 1897 2710 1952 ?
2741 1897 2975 1952 Bonum
3009 1910 3156 1966 opus
3177 1902 3420 1964 operata
3448 1900 3533 1952 est

1951 1983 2016 2022 ιη
2055 1981 2165 2022 me.

1950 2054 2160 2110 Photii.
2196 2054 2348 2120 Quid
2379 2054 2610 2111 molesti
2657 2055 2796 2112 estis
2825 2055 3060 2112 mulieri
3085 2055 3114 2111 ‘l
3144 2054 3227 2112 ait
3259 2054 3534 2111 Salvator

1878 2144 1939 2200 in
1967 2144 2330 2216 sepulturam
2351 2143 2504 2199 enim
2526 2160 2724 2200 meam
2747 2145 2860 2200 hoc
2872 2144 3026 2202 fecit.
3061 2151 3188 2200 Haec
3211 2159 3352 2200 vero
3385 2143 3533 2200 dixit

1881 2232 2196 2290 consolans
2213 2232 2543 2303 mulierem,
2573 2237 2632 2289 et
2655 2233 2977 2290 ostendens
3004 2233 3083 2291 ab
3108 2233 3396 2306 apostolis
3425 2232 3534 2289 im-

1881 2323 2091 2381 merito
2120 2323 2366 2396 culpari.
2398 2323 2650 2380 Tantum
2681 2323 2860 2389 enim,
2891 2324 3102 2398 inquit,
3137 2325 3354 2380 absum
3381 2339 3419 2380 a
3445 2339 3532 2379 re-

1880 2413 2308 2486 prehendendo
2325 2411 2506 2478 illam,
2531 2416 2595 2468 ut
2618 2428 2740 2470 non
2762 2429 3052 2484 passurus
3075 2413 3188 2468 sim
3212 2413 3398 2470 latere
3419 2412 3532 2469 hoc

1879 2502 2046 2574 quod
2074 2501 2212 2558 fecit
2235 2517 2387 2574 opus
2417 2521 2429 2560 :
2460 2501 2562 2558 sed
2590 2501 2906 2558 eﬂ'ecturus
2926 2505 2985 2558 ut
3009 2507 3162 2559 totus
3189 2501 3335 2558 illud
3363 2515 3532 2557 mun-

1879 2591 1992 2647 dus
2011 2591 2178 2648 sciat.
2206 2595 2250 2646 A
2282 2605 2504 2660 magno
2536 2591 2800 2647 videlicet
2851 2591 3059 2647 animo
3093 2590 3153 2646 id
3195 2589 3530 2663 proﬁcisce-

1881 2680 2075 2745 batur,
2110 2684 2166 2736 et
2195 2679 2395 2736 multae
2417 2683 2543 2736 erat
2571 2679 2860 2736 indicium
2905 2679 3065 2736 ﬁdei.

1057 2965 1847 3062 FRAGMENTA
1955 2969 2092 3058 IN
2203 2962 2670 3060 LUCAM.

238 3181 458 3232 Φωτίου.
538 3181 607 3233 Τὸ
686 3184 960 3254 προοίμιον
1040 3190 1132 3238 τοῦ
1231 3183 1600 3257 εὐαγγελιστοῦ
1667 3182 1764 3238 δύο

159 3269 280 3319 τινὰ
317 3267 569 3339 κεφάλαια
605 3273 858 3343 περιέχει·
904 3273 1162 3326 σύστασίν
1219 3293 1274 3326 τε
1310 3283 1410 3326 τῶν
1447 3277 1547 3347 πρὸ
1603 3273 1763 3326 αὑτοῦ

157 3360 222 3408 τὸ
283 3355 598 3429 Εὖαγγέλιον
657 3359 1095 3434 συγγραψάντων,
1151 3363 1256 3416 οἷον
1316 3364 1588 3417 Ματθαίου
1672 3366 1762 3414 καὶ

1873 3183 2000 3240 CAP.
2096 3183 2117 3237 Ι
2208 3181 2424 3239 Photii.
2517 3180 2906 3251 Evangelistte
2973 3179 3336 3252 proemium
3408 3179 3528 3238 duo

1872 3271 2154 3344 quedam
2179 3275 2400 3343 puncta
2413 3269 2823 3343 complectitur
2841 3268 3162 3340 :objectum
3183 3284 3392 3325 eorum
3417 3269 3523 3341 qui

1872 3365 2009 3418 ante
2034 3363 2234 3434 ipsum
2268 3359 2654 3430 Evangelium
2688 3357 3190 3430 conscripserunt,
3219 3358 3526 3414 Matthaaus

158 3446 402 3520 Μάρκου,
426 3450 515 3498 καὶ
541 3445 820 3518 ἀπολογίαν
839 3445 912 3502 δι’
945 3451 1006 3509 ἦν
1035 3456 1125 3504 καὶ
1151 3451 1308 3514 αὑτός
1337 3452 1423 3503 ἐπὶ
1443 3455 1500 3503 τό
1533 3452 1764 3524 συγγρά-

1878 3449 2096 3507 scilicet
2141 3455 2197 3507 et
2249 3451 2500 3516 Marcus,
2540 3452 2598 3505 et
2627 3447 2879 3505 rationis
2933 3446 3418 3518 explicationem,
3446 3447 3527 3504 ob

160 3552 269 3605 φειν
296 3530 465 3593 ἦλθεν.
508 3534 679 3589 Εἰπὼν
721 3534 779 3590 δὲ
817 3541 897 3605 τό,
940 3538 1308 3616 ἐπεχείρησαν,
1357 3540 1489 3603 λέξιν
1543 3537 1762 3612 δυναμέ-

158 3642 252 3682 νην
281 3622 367 3676 έπί
398 3643 450 3676 τε
479 3632 578 3677 τῶν
608 3625 880 3699 τολμηρῶς
909 3627 1201 3702 ἁπτομένων
1228 3638 1323 3691 τῆς
1353 3631 1644 3692 ὑποθέσεως
1675 3629 1763 3704 ἀρ-

160 3715 392 3784 μόττειν,
424 3717 514 3766 καὶ
553 3716 636 3766 ἐπὶ
667 3722 767 3766 τῶν
797 3715 1026 3780 εὐλαϐῶς
1054 3717 1184 3790 αὐτῇ
1225 3723 1568 3792 προσιόντων
1604 3713 1762 3771 δυσὶν

162 3797 572 3874 ἐπιδιορθώσεσι
627 3807 686 3857 τό
743 3803 1021 3878 ἀμφίϐολον
1065 3814 1160 3868 τῆς
1212 3806 1386 3870 λέξεως
1435 3803 1762 3880 έπιδιορθοῦ-

162 3909 272 3957 ται,
335 3893 389 3943 ἔκ
443 3911 496 3945 τε
546 3900 639 3946 τοῦ
695 3893 854 3947 εἰπεῖν
901 3899 1019 3967 περὶ
1072 3903 1170 3948 τῶν
1231 3895 1761 3970 πεπληροφορημένων

166 3980 291 4052 ἡμῖν
341 3983 684 4054 πραγμάτων,
737 3987 827 4034 καὶ
883 3983 937 4035 ἐκ
990 3991 1080 4036 τοῦ
1145 3983 1320 4049 εἰπεῖν,
1389 3987 1564 4047 καθὼς
1631 4005 1763 4060 παρ-

165 4063 355 4121 έδοσαν
413 4073 462 4122 οἱ
517 4071 796 4136 αὐτόπται,
843 4077 932 4124 καὶ
989 4073 1125 4135 ἑξῆς.
1188 4074 1252 4124 Οἱ
1298 4075 1398 4147 γὰρ
1448 4074 1558 4125 κατ’
1608 4075 1761 4145 ἄμφω

164 4165 331 4211 ταῦτα
359 4157 740 4236 ἐπιχειροῦντες
782 4158 1106 4234 διηγεῖσθαι,
1153 4159 1391 4220 δηλονότι
1433 4161 1761 4225 πανευλαϐῶς

162 4251 251 4299 καὶ
308 4247 505 4310 οἰκείως
562 4247 915 4322 ἐπιχειροῦσι·
971 4259 1032 4323 τῇ
1093 4254 1183 4323 μὲν
1237 4247 1541 4322 ἁδιστάκτῳ
1572 4251 1760 4323 πληρο-

164 4340 320 4409 φορίᾳ
387 4341 446 4390 τό
501 4336 683 4399 ἀληθὲς
737 4338 1158 4411 ἀπαγγέλλοντες,
1214 4349 1275 4414 τῇ
1341 4337 1400 4393 δὲ
1457 4340 1761 4414 ἀξιοπιστίᾳ

162 4433 262 4478 τῶν
313 4422 764 4502 παραδεδωκότων
822 4432 880 4480 τό
933 4425 1319 4502 εύπαράδεκτον
1379 4429 1755 4504 εἰσηγούμενοιο

159 4516 274 4586 άμα
321 4511 379 4568 δὲ
421 4520 511 4568 καὶ
557 4520 634 4583 τό,
673 4513 994 4590 παρέδοσαν,
1035 4521 1258 4591 ἔμφασιν
1307 4522 1447 4591 ἔχειν
1487 4539 1576 4592 μοι
1615 4517 1760 4572 δοκεί

157 4611 251 4665 τῆς
321 4604 407 4656 ἐπὶ
472 4608 528 4658 τό
603 4611 693 4658 καὶ
769 4605 924 4668 αὐτῆς
999 4604 1356 4680 παραδιδόναι
1436 4616 1757 4683 προτροπῆς.

161 4694 348 4754 Καθὼς
388 4695 490 4768 γὰρ
541 4693 723 4747 ἐκεῖνοι
775 4694 1097 4770 παρέδοσαν,
1169 4702 1258 4749 καὶ
1315 4699 1504 4758 αὑτοὺς
1581 4693 1759 4756 δεήσει

1870 3555 2060 3612 quam
2083 3539 2160 3596 ad
2185 3536 2572 3595 scribendum
2589 3540 2808 3593 ductus
2863 3539 2970 3592 est.
3033 3534 3298 3591 Dieendo
3323 3538 3526 3591 autem

1872 3628 2066 3684 conati
2080 3634 2241 3692 sunt,
2266 3641 2478 3684 vocem
2503 3626 2746 3683 adhibet
2765 3628 2902 3697 apte
2924 3623 3320 3696 scriptoribus
3339 3621 3526 3679 auda-

1871 3718 2002 3774 cius
2032 3717 2344 3790 quoddam
2370 3715 2802 3772 intentantibus
2843 3717 3268 3786 argumentum
3313 3726 3530 3769 conve-

1871 3807 2153 3872 nientem,
2189 3811 2245 3864 et
2273 3806 2350 3863 ad
2378 3805 2494 3863 hoc
2519 3805 2615 3878 pie
2645 3803 3087 3862 accedentibus.
3122 3801 3369 3858 Duabus
3399 3816 3526 3859 cor-

1871 3896 2230 3953 rectionibus
2243 3895 2406 3952 vocis
2423 3893 2935 3967 amphibologiam
2951 3891 3254 3956 emendat,
3270 3890 3526 3947 dicendo

1870 3985 1941 4041 de
1971 3986 2143 4041 rebus
2170 4001 2295 4056 quin
2318 3983 2382 4038 in
2405 3983 2568 4038 nobis
2594 3983 2901 4052 completas
2925 3985 3170 4044 sunt,et,
3194 3979 3526 4036 sicuttradi

1871 4075 2085 4129 derunt
2121 4074 2224 4145 qui
2252 4073 2368 4142 ipsi
2405 4071 2696 4136 viderunt,
2722 4074 2832 4125 etc.
2858 4069 2968 4134 Qui
2993 4069 3152 4123 enim
3187 4069 3524 4123 secundum

1870 4162 1992 4218 duo
2022 4162 2150 4217 haec
2174 4175 2417 4217 narrare
2446 4163 2760 4223 conantur,
2791 4157 3095 4214 evidenter
3115 4157 3278 4228 piam
3307 4159 3364 4212 et
3408 4154 3523 4212 do-

1870 4251 2184 4307 mesticam
2215 4265 2340 4306 rem
2373 4251 2669 4306 conantur
2704 4265 2722 4319 ;
2770 4246 3131 4302 inconcussa
3177 4243 3524 4302 certitudine

1870 4355 2076 4395 verum
2104 4343 2436 4405 narrantes,
2465 4353 2538 4394 ex
2562 4335 2880 4393 veracitate
2902 4351 3113 4391 eorum
3134 4335 3237 4406 qui
3268 4333 3524 4391 tradide-

1869 4433 2008 4485 runt
2063 4427 2467 4484 narrationem
2516 4425 2847 4496 legitimam
2887 4429 3275 4495 exponentes.
3333 4422 3524 4479 Simul

1869 4521 2068 4573 autem
2090 4514 2258 4582 illud,
2284 4514 2687 4584 tradiderunt,
2708 4511 2908 4583 majus
2937 4509 3166 4583 aliquid
3197 4510 3343 4567 mihi
3374 4509 3524 4566 indi-

1869 4620 2004 4662 care
2022 4605 2274 4671 videtur,
2292 4620 2478 4676 quam
2495 4601 2894 4675 exprimithoc
2923 4600 3125 4673 ipsum
3154 4598 3519 4656 vocabulum

1870 4696 2127 4763 tradere,
2154 4695 2311 4750 sicut
2335 4693 2488 4749 enim
2510 4693 2612 4748 isti
2633 4691 3106 4760 tradiderunt,et
3127 4688 3258 4746 illos
3289 4692 3520 4761 oporte-

159 4780 315 4834 πάλιν
372 4780 558 4835 ἐκεῖθεν
607 4782 999 4858 παρειληφότας,
1043 4783 1306 4857 ἀκολούθῳ
1349 4786 1483 4857 λόγῳ
1524 4784 1762 4848 ἀλλήλοις

1878 4785 1988 4855 bat,
2008 4801 2134 4840 cum
2157 4782 2513 4840 rursusinde
2532 4781 2919 4852 accepissent,
2935 4779 3230 4836 conformi
3245 4793 3520 4835 sermone

161 4877 331 4922 ταῦτα
371 4867 751 4944 παραδιδόναι·
809 4869 937 4941 εἶτα,
984 4872 1090 4927 ἐπεὶ
1140 4873 1374 4948 ἀγράφου
1432 4882 1527 4936 τῆς
1576 4894 1754 4949 παρα-

163 4955 357 5021 δόσεως
407 4965 700 5034 γενομένης,
760 4960 960 5035 ἀνάγκη
1016 4959 1076 5022 ἦν
1129 4963 1282 5016 πάλιν
1330 4965 1450 5025 τοὺς
1509 4963 1760 5040 παρειλη-

159 5053 319 5122 φότας
374 5049 549 5114 ἄλλοις
593 5049 944 5128 παραδοῦναι’
1014 5052 1284 5107 κάντεῦθεν
1353 5053 1618 5106 συνέϐαινε
1695 5057 1761 5107 τὰ

155 5135 577 5213 παραδιδόμενα,
619 5145 648 5201 ἤ
677 5141 811 5216 λήθη
866 5152 967 5196 τῶν
990 5141 1036 5195 έν
1075 5146 1218 5216 μέσῴ
1257 5138 1680 5216 ὑποδεχομένων,
1723 5147 1752 5202 ἦ

153 5225 475 5303 ῥᾳδιουργίᾳ
538 5230 702 5284 πολλὰ
774 5234 1259 5306 παραπεποιῆσθαιο
1327 5233 1455 5284 ὅπου
1533 5251 1594 5304 γε
1667 5237 1756 5286 καὶ

153 5322 514 5391 γεγραμμένων
567 5323 700 5382 τινες
761 5320 1058 5394 ἐτόλμησαν
1131 5328 1299 5374 ταῦτα
1363 5323 1750 5395 παραφθείρειν.

154 5405 295 5460 Ἐπεὶ
343 5406 430 5460 οὖν
471 5407 712 5482 ἀγράφων
753 5413 906 5463 ὄντων
949 5419 1048 5462 τῶν
1099 5406 1558 5485 παραδιδομένων,
1617 5410 1754 5473 εἰκός

154 5491 218 5555 ἦν
287 5495 461 5550 ἄτοπα
531 5497 696 5551 πολλὰ
779 5497 1078 5572 συμϐαίνειν
1150 5509 1223 5572 τῷ
1316 5509 1501 5574 μακρῷ
1575 5504 1752 5575 χρόνῳ

154 5584 358 5648 εἰκότως
425 5588 476 5640 οἱ
523 5585 624 5641 ἀπὸ
674 5595 773 5642 τῶν
832 5588 1102 5644 αὐτοπτῶν
1176 5595 1266 5644 καὶ
1328 5590 1597 5664 ὑπηρετῶν
1660 5595 1750 5643 τοῦ

152 5673 306 5747 λόγου
381 5682 578 5751 πρῶτοι
643 5677 1036 5755 παρειληφότες,
1127 5682 1382 5756 ἔγγραφον
1448 5681 1603 5732 παντὶ
1676 5685 1748 5749 τῷ

1869 4875 1997 4931 haec
2027 4871 2486 4931 aliistradidisse
2506 4887 2518 4925 :
2537 4869 2776 4936 deinde,
2809 4885 2945 4926 cum
2975 4867 3197 4941 scripta
3219 4882 3342 4924 non
3373 4867 3523 4925 foret

1869 4962 2130 5031 traditio,
2157 4975 2401 5019 necesse
2459 4958 2568 5016 fuit
2609 4958 2825 5016 iterum
2875 4959 2986 5014 hos
3039 4958 3140 5030 qui
3162 4956 3327 5013 illam
3357 4971 3523 5014 acce-

1869 5053 2114 5126 pissent,
2148 5050 2280 5108 aliis
2311 5049 2542 5107 tradere
2576 5047 2868 5121 ;indeque
2898 5046 3147 5119 contigit
3176 5062 3308 5120 qua:
3330 5045 3522 5104 trade-

1865 5141 2108 5207 bantur,
2139 5145 2243 5197 aut
2271 5137 2569 5196 oblivione
2608 5151 2816 5193 eorum
2830 5136 2934 5207 qui
2959 5135 3020 5191 in
3040 5135 3239 5191 medio
3265 5137 3521 5209 accipie-

1863 5231 2034 5298 bant,
2066 5236 2170 5289 aut
2194 5229 2398 5286 fraude
2429 5229 2489 5284 in
2525 5227 2728 5284 multis
2753 5225 3004 5282 alterata
3032 5225 3236 5293 fuisse,
3271 5226 3519 5298 quando

1865 5321 2105 5393 quidem
2129 5319 2306 5376 etiam
2328 5317 2454 5374 haec
2482 5316 2700 5388 scripta
2719 5314 2905 5387 aliqui
2921 5313 3053 5371 ausi
3085 5318 3228 5370 sunt
3256 5330 3520 5372 corrum-

1862 5425 2023 5482 pere.
2057 5411 2205 5466 Cum
2246 5407 2447 5478 igitur,
2483 5406 2776 5478 quoniam
2820 5419 2943 5460 non
2962 5403 3519 5477 scriptaerantqute

1861 5497 2270 5560 tradebantur,
2323 5493 2590 5568 profecto
2659 5492 2826 5551 nulla
2883 5493 3077 5550 aliena
3135 5493 3520 5565 irrepsissent

1863 5586 2050 5644 multo
2081 5589 2364 5658 tempore,
2383 5581 2492 5656 qui
2515 5583 2594 5640 ab
2616 5582 2711 5639 his
2741 5583 2847 5656 qui
2869 5583 3146 5640 viderant
3177 5584 3225 5637 et
3255 5579 3520 5637 ministri

1857 5677 2102 5748 fuerant
2117 5673 2424 5743 sermonis,
2441 5672 2611 5747 primi
2630 5675 2994 5747 acceperant,
3014 5671 3285 5742 scriptam
3297 5667 3518 5727 mundo
