4060 6218
492 293 626 347 1215
1688 288 1923 347 PHOTII
1965 281 2141 347 ΡΑΤΗ

2253 281 2446 346 ἱΟΗΙΕ
2484 282 2585 346 CP.
3726 282 3868 343 1216

490 417 770 473 universo
832 415 1227 486 praestiterunt
1276 417 1707 482 traditionem;
1758 421 1813 471 et
1862 415 2136 471 fraudem

2253 418 2431 486 κόσμῳ
2484 416 2815 487 παρέσχοντο
2858 415 2955 470 τὴν
3002 407 3323 487 παράδοσιν·
3365 414 3451 464 καὶ
3505 415 3603 470 τήν
3651 410 3867 465 έπίϐουο

489 506 866 578 expellentes,
888 506 1320 562 etoblivionem
1347 507 1639 571 tollentes,
1665 511 1721 561 et
1744 505 2138 576 integritatem

2253 503 2340 561 λήν
2387 502 2768 569 ἀπελαύνοντες,
2818 506 2909 552 καὶ
2967 505 3060 559 τὴν
3107 500 3271 559 λήθην
3316 499 3714 565 ἀνακόπτοντες,
3776 508 3863 553 καὶ

490 595 789 652 traditioni
817 601 1213 667 suppetentes.
1242 597 1353 652 Sed
1378 596 1680 653 Matthaeus
1720 603 1771 650 et
1823 597 2052 651 Marcus
2080 600 2141 650 ut
2247 594 2303 643 τὸ
2372 590 2629 651 ἀνελλιπὴς
2697 597 2759 662 τῇ
2824 590 3121 663 παραδόσει
3186 593 3625 662 περιποιούμενοι.
3708 590 3862 644 Ἀλλὰ

490 690 840 757 acceperunt
870 684 953 739 sic
983 689 1039 739 et
1066 683 1477 756 tradiderunt;
1524 685 1623 741 alii
1678 700 1834 755 vero,
1894 690 1955 740 ut
2008 683 2140 739 illos

489 790 678 848 prava
712 778 768 830 et
796 773 1110 830 temeraria
1137 789 1304 830 mens
1326 774 1580 847 impulit,
1613 773 1810 831 conati
1842 777 1981 829 sunt
2011 788 2142 828 nar-

490 878 621 919 rare
638 862 891 935 propria:
915 861 1287 931 cogitationis
1311 862 1619 932 ﬁgmenta,
1654 868 1718 919 ut
1749 861 2139 931 Evangelium

489 953 568 1009 ad
598 952 903 1024 (Egyptios
920 951 1166 1016 dictum,
1187 956 1243 1007 et
1262 952 1650 1021 Evangelium
1672 960 1771 1003 τῶν
1797 951 2137 1007 duodecim.

492 1044 641 1098 Nam
672 1044 735 1096 ut
754 1040 1052 1096 frumento
1078 1041 1317 1107 zizania,
1349 1041 1431 1097 sic
1468 1042 1712 1097 veritate
1741 1040 1942 1096 nititur
1978 1055 2140 1094 men-

490 1130 733 1186 dacium
763 1129 1071 1198 insurgere
1104 1146 1116 1195 ;
1149 1130 1264 1185 ista
1294 1135 1495 1185 autem
1518 1145 1553 1185 a
1599 1132 1837 1201 piorum
1893 1133 2055 1184 ccetu
2086 1131 2140 1183 et

491 1220 785 1275 memoria
813 1217 1105 1273 exsulant.
1129 1218 1242 1273 Sed
1281 1219 1491 1274 beatus
1548 1218 1760 1281 Lucas,
1792 1218 1945 1273 Inter
2004 1232 2140 1289 quae

491 1307 629 1363 dicit
645 1313 707 1363 ut
735 1307 950 1363 horum
978 1308 1079 1379 qui
1102 1313 1237 1363 ante
1264 1308 1461 1379 ipsum
1496 1307 2138 1378 Evangeliumscripse-

491 1402 629 1453 runt
650 1396 933 1453 veracitas
952 1400 1200 1461 constet,
1238 1396 1299 1451 in
1359 1396 1547 1452 simile
1595 1396 1706 1451 illis
1763 1396 2140 1468 propositum

492 1486 836 1555 ingreditur,
870 1485 949 1539 ob
977 1485 1253 1540 eamdem
1312 1502 1559 1542 causam
1612 1501 1747 1557 quae
1780 1492 1835 1540 et
1893 1484 2006 1539 illis
2038 1483 2143 1539 fuit

492 1574 808 1630 scribendi.
847 1576 913 1629 Ut
943 1573 1105 1629 enim
1136 1574 1215 1629 illi
1281 1590 1351 1630 eo
1417 1573 1582 1645 quod
1654 1581 2031 1645 acceperunt,
2088 1578 2144 1629 et

492 1668 783 1735 tanquam
816 1670 1170 1735 acceperunt
1197 1664 1489 1732 scribunt,
1526 1664 1610 1719 sic
1644 1669 1698 1718 et
1727 1663 1852 1734 ipse
1883 1678 1953 1719 eo
1977 1661 2142 1734 quod

491 1770 524 1808 ε
555 1751 866 1824 principio.
905 1757 960 1807 et
986 1756 1277 1823 tanquam
1310 1756 1620 1808 assecutus
1645 1759 1749 1817 est,
1778 1751 1860 1807 ita
1902 1750 1981 1807 ad
2005 1749 2143 1806 scri-

492 1839 759 1897 bendum
778 1839 1071 1895 adductus
1093 1844 1213 1905 est;
1237 1856 1360 1896 non
1388 1840 1566 1910 igitur
1591 1840 1885 1896 contraria
1904 1839 2015 1895 illis
2060 1838 2142 1894 fa-

491 1928 665 1994 ciem,
698 1928 803 1983 sed
827 1944 947 1985 una
976 1928 1381 2000 progrediens,
1404 1929 1525 1985 imo
1562 1929 1883 1985 testiﬁcans
1915 1926 2139 1983 scribit.

493 2017 684 2074 Aliam
714 2033 957 2089 quoque
990 2017 1069 2074 ob
1101 2034 1372 2083 causam,
1407 2022 1470 2073 ut
1498 2017 1815 2090 Theophile
1837 2017 2076 2073 cuidam
2107 2032 2143 2072 a

492 2107 611 2163 Deo
636 2106 869 2172 dilecto,
898 2122 1035 2162 cum
1066 2107 1231 2162 illum
1263 2107 1323 2162 in
1369 2108 1612 2164 veritate
1642 2107 1950 2174 curaverit,
1980 2111 2034 2162 et
2062 2105 2142 2161 illi

491 2195 633 2252 ﬁdei
679 2211 1013 2252 sermonem
1072 2212 1194 2253 non
1246 2197 1535 2269 scriptum
1592 2196 1916 2261 tradiderit,
1950 2210 2143 2268 neque

492 2285 700 2341 auditu
717 2286 841 2342 solo
864 2286 987 2341 haec
1018 2286 1256 2342 credere
1281 2302 1560 2341 securum
1583 2302 1706 2342 non
1738 2286 1830 2351 sit,
1856 2301 1962 2357 per
2004 2285 2144 2340 scri-

492 2379 596 2445 pta
623 2374 704 2430 illi
735 2376 1116 2433 securitatem
1158 2376 1492 2443 verborum,
1525 2376 1597 2431 de
1634 2375 1845 2446 quibus
1875 2375 2143 2431 eruditus

493 2470 572 2519 εει
596 2469 849 2535 praestet,
876 2471 931 2518 et
949 2480 1052 2535 per
1078 2464 1240 2519 illum
1265 2464 1493 2520 mundo
1524 2464 1793 2520 universo
1842 2464 2143 2519 utilitatem

488 2549 797 2620 largiatur.
832 2551 1031 2607 Merito
1067 2567 1210 2621 ergo
1240 2551 1326 2607 illi
1357 2552 1650 2623 prooemio
1690 2568 1844 2625 opus
1874 2552 1986 2607 fuit
2018 2568 2031 2618 ;
2082 2552 2142 2606 in

491 2655 614 2711 quo
638 2640 941 2711 objectum
969 2641 1426 2711 praecedentium
1444 2642 1944 2713 evangelistarum
1963 2656 2141 2712 expo-

492 2728 671 2798 nitur,
705 2731 761 2783 et
795 2744 978 2784 causa
998 2729 1078 2784 ob
1109 2745 1290 2800 quam
1318 2728 1605 2801 postillos
1634 2729 1865 2801 scripsit
1921 2727 2143 2799 signiﬁ-

493 2822 711 2882 catur;
768 2833 908 2873 cum
968 2816 1049 2872 illi
1080 2817 1226 2873 nihil
1277 2833 1449 2874 cerca
1500 2818 1806 2890 prOprium
1837 2817 2142 2889 objectum

491 2906 764 2973 dixerint,
788 2905 894 2962 sed
918 2910 1202 2979 tanquam
1222 2905 1361 2963 huic
1385 2906 1788 2964 testimonium
1804 2906 1879 2963 de
1910 2922 1972 2963 se
2000 2906 2143 2963 dan-

491 2995 640 3052 dum
666 2994 1031 3068 reliquerint.

2247 594 2303 643 τό
2372 589 2629 651 ἀνελλιπὶς
2697 597 2759 662 τῇ
2824 586 3121 663 παραδόσει
3186 593 3625 662 περιποιούμενοι.

2249 682 2518 741 Ματθαίος
2533 683 2623 749 μεν
2648 683 2738 731 καὶ
2766 681 2996 751 Μάρκος,
3034 682 3100 740 ὡς
3130 678 3436 753 παρέλαϐον,
3465 681 3603 733 οὕτω
3634 685 3729 733 καὶ
3761 699 3860 733 πα-

2249 766 2492 842 ρέδοσαν·
2525 769 2669 821 ἄλλοι
2705 764 2764 821 δι
2794 770 2963 829 καθὼς
3010 767 3197 829 αύτούς
3222 770 3252 827 ἠ
3283 772 3484 843 πονηρά
3513 773 3604 822 καὶ
3637 771 3862 842 θρασεῖα

2251 858 2510 917 συνήλασε
2565 864 2769 930 γνώμη,
2829 857 3181 930 ἐπεχείρησαν
3243 854 3551 929 διηγεῖσθαι
3618 854 3862 918 διανοίας

2252 944 2396 1009 ἰδίας
2425 946 2826 1018 ἀναπλάσματα,
2864 949 2935 1009 ὡς
2963 949 3021 997 τὸ
3052 946 3320 1018 λεγόμενον
3360 946 3476 999 κατ’
3512 947 3858 1019 Αἰγυπτίους,

2249 1043 2338 1089 καὶ
2378 1045 2478 1089 τῶν
2534 1032 2744 1088 δώδεκα
2796 1034 3128 1107 Εύαγγέλιον.
3172 1035 3256 1096 Ὠς
3313 1038 3413 1109 γάρ
3470 1044 3544 1106 τῷ
3608 1040 3742 1106 σίτῳ
3803 1040 3861 1087 τό

2252 1126 2505 1195 ζιζάνιον,
2553 1126 2717 1186 οὕτως
2769 1130 2856 1177 καὶ
2903 1131 2964 1197 τῇ
3014 1123 3234 1197 ἀληθεία
3278 1125 3548 1197 φιλονεικεῖ
3579 1129 3639 1177 τὸ
3664 1121 3865 1196 ψεῦδος

2250 1214 2708 1269 έπισυνίστασθαι.
2782 1212 2917 1268 Ἀλλ’
2980 1213 3148 1266 ἐκεῖνα
3210 1216 3301 1285 μεν
3354 1213 3704 1267 εύσεϐούντων
3772 1219 3863 1266 καὶ

2248 1310 2416 1377 χοροῦ
2494 1309 2582 1355 καὶ
2632 1308 2840 1375 μνήμης
2887 1301 3320 1376 ἐξωστράκισται.
3375 1302 3434 1355 Ὀ
3489 1299 3549 1356 δε
3598 1305 3864 1375 μακάριος

2250 1398 2472 1453 Λουκᾶςο
2534 1392 2608 1444 Δι’
2671 1391 2737 1442 ὧν
2795 1394 2886 1463 ἔφη
2948 1393 3323 1450 συστήσασθαι
3377 1401 3476 1443 τῶν
3526 1396 3624 1465 πρὸ
3696 1392 3864 1443 αὐτοῦ

2251 1480 2628 1553 εύαγγελιστῶν
2659 1485 2752 1539 τὴν
2796 1478 3085 1553 ἀκρίϐειαν,
3140 1480 3227 1533 ἐπὶ
3275 1486 3368 1539 τὸν
3422 1482 3606 1553 ὁμοίαν
3648 1480 3862 1541 ἐκείνοις

2250 1574 2553 1644 προαίρεσιν
2583 1572 2811 1642 ἔρχεται,
2844 1566 2920 1622 δι’
2946 1569 3118 1621 αἰτίαν
3164 1566 3237 1621 δι’
3271 1572 3331 1628 ἦν
3357 1568 3612 1630 κάκείνοις
3644 1572 3862 1644 γράφειν

2251 1657 2463 1729 ἐγένετο.
2513 1657 2599 1720 Ὠς
2648 1660 2749 1731 γὰρ
2804 1656 2985 1710 ἐκεῖνοι
3026 1654 3167 1711 διότι
3210 1658 3521 1731 παρελαϐον,
3561 1663 3652 1711 καὶ
3689 1661 3864 1719 καθώς

2250 1746 2536 1820 παρελαϐον
2583 1748 2892 1819 γράφουσιν,
2944 1747 3080 1799 οὕτω
3129 1751 3218 1799 καὶ
3270 1748 3420 1809 οὗτος
3472 1744 3615 1800 διότι
3661 1754 3753 1800 καὶ
3808 1747 3863 1810 έξ

2251 1835 2448 1909 ἀρχῆς,
2503 1839 2594 1888 καὶ
2650 1836 2821 1897 καθὼς
2887 1834 3256 1902 ἠκολούθησεν,
3327 1838 3464 1889 οὕτω
3522 1842 3612 1889 καὶ
3672 1838 3744 1897 εἰς
3802 1841 3859 1888 τό

2249 1927 2457 2000 γράφειο
2508 1922 2758 1983 ἐλήλυθεν.
2813 1924 2924 1977 Ούκ
2976 1924 3181 1977 ἐναντία
3236 1921 3331 1978 οὖκ
3410 1928 3649 1998 πράττων
3734 1925 3862 1978 ἐκεί-

2250 2033 2376 2078 νοις,
2427 2012 2555 2066 ἀλλά
2608 2017 2907 2086 συντρέχων
2953 2018 3043 2066 καὶ
3096 2017 3625 2090 συμμαρτυρούμενος
3666 2014 3859 2087 μᾶλλον

2250 2105 2455 2175 γράφει.
2508 2099 2579 2154 δι’
2636 2102 2811 2174 ἑτέραν
2869 2098 2927 2155 δε
2984 2102 3175 2172 αἰτίαν,

2176 1794 2216 1847 Β

3262 2105 3342 2155 ὅτι
3419 2104 3667 2176 Θεόφιλόν
3745 2123 3864 2155 τινα

2254 2192 2457 2265 θεοφιλῆ
2510 2191 2861 2266 ἐργασάμενος
2899 2189 3127 2257 ἀληθῶς,
3183 2197 3273 2245 καὶ
3331 2196 3417 2245 τόν
3483 2203 3581 2255 τῆς
3631 2199 3861 2254 πίστεως

2253 2286 2394 2353 αύτῷ
2414 2278 2596 2357 παράδ
2599 2278 2658 2334 εδ
2662 2287 2803 2341 ωκὼς
2828 2280 3072 2355 ἀγράφως
3100 2281 3268 2353 λόγον,
3295 2281 3423 2355 ἀκοῇ
3454 2279 3512 2336 δε
3532 2291 3704 2335 ταῦτα
3729 2288 3857 2355 μόνῃ

2252 2374 2487 2423 πιστεύει
2532 2370 2627 2423 ούκ
2680 2368 2740 2429 ἧν
2798 2368 3039 2442 ἀσφαλες,
3083 2376 3173 2423 καὶ
3223 2367 3526 2447 διάγραφῆς
3566 2372 3711 2442 αύτῲ
3766 2376 3863 2429 τήν

2252 2459 2534 2532 ἀσφάλειαν
2563 2468 2661 2512 τῶν
2710 2461 3117 2531 κατηχηθέντων
3155 2459 3320 2531 λόγων
3362 2459 3737 2535 ἀπεργάζεται,
3771 2466 3865 2512 καὶ

2253 2544 2327 2601 δι’
2366 2549 2523 2602 αύτοῦ
2547 2553 2703 2601 παντὶ
2745 2557 2818 2619 τῷ
2856 2552 3039 2620 κόσμῳ
3091 2545 3425 2619 δαψιλεύεται
3478 2556 3574 2609 την
3618 2549 3862 2622 ὠφέλειαν

2251 2638 2475 2699 Εἰκότως
2505 2634 2591 2690 οὖν
2622 2638 2767 2700 οὗτος
2811 2642 2897 2689 καὶ
2931 2643 3209 2710 προοιμίου
3254 2635 3467 2697 έδεήθη·
3513 2635 3589 2692 δι’
3634 2640 3695 2691 οὗ
3728 2643 3757 2697 ἧ
3810 2641 3864 2691 τέ

2253 2730 2513 2788 σύστασις
2556 2736 2655 2779 τῶν
2703 2730 2803 2801 πρὸ
2844 2727 3003 2779 αὐτοῦ
3041 2730 3483 2800 πραγματεύεται,
3520 2734 3613 2781 καὶ
3650 2730 3682 2787 ἠ
3717 2728 3865 2781 αἰτία

2253 2812 2325 2868 δι’
2380 2819 2440 2875 ἦν
2496 2816 2606 2889 μετ’
2673 2816 2893 2877 έκείνους
2949 2816 3191 2891 ἔγραψεν,
3248 2816 3671 2889 έπιγινώσκεται’
3739 2816 3865 2870 έκεί-

2251 2926 2346 2957 νων
2398 2902 2565 2978 μηδεν
2610 2906 2737 2979 ύπερ
2772 2913 2863 2966 τῆς
2914 2902 3055 2968 ἰδίας
3105 2907 3349 2958 εἰπόντων
3391 2909 3723 2969 συστάσεως·
3756 2906 3863 2958 ἀλλ’

2252 2996 2425 3068 ὥσπερ
2479 2996 2645 3067 τούτῳ
2693 2998 2787 3052 τὴν
2847 2994 2971 3069 ὑπερ
3042 2993 3211 3047 αύτῶν
3296 3001 3587 3070 μαρτυρίαν
3648 2995 3866 3049 sum

2253 3082 2527 3137 λοιπότων.

2324 3177 2542 3227 Φωτίου.
2612 3176 2676 3226 Τί
2760 3168 2972 3238 ἰδοῦσα,
3057 3177 3147 3226 καὶ
3230 3178 3365 3235 τίνος
3446 3174 3608 3227 ἕνεκεν
3692 3171 3866 3227 διετα-

2250 3265 2431 3337 ράχθη
2466 3259 2729 3329 ;Ἰδοῦσα
2774 3266 2861 3315 τόν
2927 3262 3139 3335 ἄγγελον
3225 3263 3403 3334 ἁγνοῖς
3478 3264 3587 3326 τοῖς
3672 3264 3866 3337 ὀφθαλ-

2251 3360 2371 3426 μοῖς
2420 3351 2735 3417 ἀτενίζοντα,
2798 3350 2925 3403 ἀλλά
2963 3360 3266 3426 μνηστῆρος
3295 3355 3579 3425 μηνύματα
3623 3358 3863 3428 φέροντα’

2251 3443 2463 3513 καθαρῷ
2517 3439 2779 3513 βλέμματι
2818 3444 3233 3515 προσανέχοντα,
3286 3440 3415 3493 ἀλλὰ
3443 3444 3618 3515 γάμου
3652 3442 3865 3513 λέγοντα

2255 3529 2678 3602 συναλλάγματα·
2732 3532 2925 3583 τούτων
2977 3538 3078 3581 τῶν
3130 3538 3398 3603 νυμφικῶν
3461 3531 3716 3605 ῥημάτων
3776 3551 3862 3602 γει

2252 3624 2433 3692 νομένη
2480 3624 2761 3684 κατήκοος,
2816 3623 2905 3671 καὶ
2961 3621 3141 3671 παθῶν
3200 3618 3442 3691 ἀμέτοχα
3497 3628 3594 3681 τῆς
3661 3620 3866 3692 ὁμιλίας

2252 3711 2317 3760 τά
2346 3712 2605 3780 σχήματα
2634 3706 2922 3780 βλέπουσα,
2955 3716 3065 3769 ταῖς
3115 3716 3214 3760 τῶν
3248 3708 3515 3781 λογισμῶν
3543 3710 3865 3769 ἀντιπνοίαις

2254 3795 2590 3871 ἐταράσσετο,
2648 3796 2803 3871 Ὁρῶ,
2850 3802 3001 3869 φησὶ,
3043 3801 3129 3849 τόν
3175 3802 3410 3869 μηνυτὴν
3458 3798 3690 3861 εὐλαϐῶς
3734 3818 3865 3873 παρ’

2256 3888 2549 3959 ιστάμενον,
2624 3892 2713 3939 καὶ
2770 3895 3075 3962 περιχαρῶς
3130 3891 3224 3945 τὴν
3277 3886 3520 3959 ἀγγελίαν
3592 3887 3866 3942 ἀναπείθο-

2253 3995 2349 4047 μαι
2403 3972 2679 4039 δέξασθαι·
2736 3975 2863 4028 ἀλλά
2908 3979 3195 4048 νυμφικούς
3242 3996 3333 4048 μοι
3384 3976 3572 4049 λόγους
3632 3977 3866 4053 προϐάλ-

2252 4063 2413 4129 λεται,
2473 4070 2562 4117 καὶ
2614 4070 2707 4123 τὴν
2769 4067 2942 4140 χαρὰν
2997 4065 3065 4125 εἰς
3138 4064 3291 4136 φόϐον
3380 4068 3692 4138 μεθίστησι,
3774 4071 3862 4119 καὶ

2256 4152 2465 4226 θορυϐεῖ
2505 4158 2597 4212 τὴν
2639 4153 2820 4226 ψυχὴν
2869 4164 2939 4225 τῷ
2986 4157 3275 4227 μηνύματι.
3309 4154 3443 4227 Ὀρῶ
3482 4158 3540 4207 τό
3582 4159 3864 4229 πρόσωπον

2180 3040 2221 3098 C

563 3172 729 3229 Vens.
763 3176 848 3228 29.
882 3171 1099 3228 Photii.
1125 3171 1279 3238 Quid
1312 3172 1475 3237 vidit,
1510 3176 1567 3229 et
1594 3187 1699 3229 cur
1735 3172 1975 3229 turbata
2004 3177 2088 3229 est
2116 3172 2144 3228 ‘I

491 3261 647 3318 Vidit
677 3261 962 3331 angelum
994 3262 1169 3317 castis
1201 3260 1391 3317 oculis
1432 3262 1782 3330 intuentem,
1806 3260 1907 3316 sed
1936 3259 2143 3331 sponsi

492 3350 711 3407 indicia
742 3355 1044 3421 gerentem
1078 3367 1091 3416 ;
1122 3366 1275 3422 puro
1319 3355 1567 3422 aspectu
1611 3349 2141 3422 contemplantem,

494 3440 597 3495 sed
620 3441 960 3510 nuptiarum
991 3439 1216 3495 foedera
1245 3440 1640 3495 nuntiantem.
1690 3442 1803 3494 Hos
1841 3438 2143 3510 nuptiales

493 3543 799 3584 sermones
830 3528 1099 3598 audiens,
1155 3533 1210 3583 et
1241 3528 1638 3600 cupiditatum
1692 3528 2144 3583 conversatione

491 3619 795 3688 expertem
820 3616 1095 3671 habitum
1124 3632 1392 3682 cernens,
1426 3617 1515 3671 his
1564 3616 1779 3671 rationi
1828 3615 2141 3671 contrariis

493 3702 685 3759 verbis
717 3704 945 3760 turbata
969 3703 1799 3776 est.Video,inquit,legatum
1820 3705 1913 3775 pie
1945 3710 2145 3760 astan-

492 3796 636 3859 tem,
664 3798 718 3849 et
740 3793 871 3849 laeto
893 3793 1099 3849 animo
1124 3792 1407 3849 nuntium
1427 3792 1683 3849 suadeor
1712 3793 1978 3864 accipere
2002 3809 2016 3859 ;
2040 3793 2145 3849 sed

492 3882 789 3954 nuptiales
828 3882 972 3938 mihi
1005 3898 1311 3939 sermones
1353 3882 1569 3953 dirigit,
1604 3887 1660 3937 et
1695 3881 1953 3938 Iustitiam
1983 3882 2046 3937 in
2081 3883 2145 3938 ti-

491 3987 723 4028 morem
753 3972 1057 4035 convertit,
1091 3976 1145 4028 et
1174 3972 1442 4027 animam
1475 3971 1676 4028 turbat
1702 3971 1929 4028 nuntio.
1961 3971 2144 4027 Video

489 4061 722 4117 vultum
736 4062 784 4132 ej
798 4077 862 4115 us
883 4060 1111 4133 pudore
1128 4061 1655 4133 conspersum;sed
1673 4062 1913 4133 nuptias
1933 4062 2143 4118 adesse

490 4150 740 4207 nuntiat.
766 4150 949 4206 Video
985 4150 1308 4222 prudenter
1338 4150 1761 4223 alloquentem,
1804 4151 1902 4206 sed
1935 4166 2145 4207 conce-

490 4240 714 4312 ptionis
753 4239 938 4296 verba
967 4240 1230 4312 loquitur
1258 4258 1275 4311 ;
1330 4245 1382 4294 et
1424 4239 1773 4310 virginitatis
1808 4255 1978 4296 amor
2029 4256 2141 4295 ser-

2255 4239 2402 4295 αἰδοῖ
2458 4242 2879 4315 συστελλόμενον,
2941 4242 3070 4295 ἀλλά
3120 4248 3344 4316 νυμφίου
3412 4264 3502 4316 μοι
3567 4248 3864 4319 παρουσίαν

491 4345 723 4385 monem
756 4335 818 4385 ut
843 4328 1125 4384 dolosum
1166 4328 1454 4400 suspicari
1480 4329 1653 4398 cogit.
1684 4329 1912 4384 Etenim
1966 4329 2141 4398 legati

2255 4331 2637 4403 ἐπαγγέλλεται.
2729 4331 2863 4405 Ὀρῶ
2947 4341 3171 4395 συνετῶς
3262 4329 3651 4406 διαλεγόμενον,
3739 4332 3866 4385 ἀλλά

490 4421 631 4475 tunc
653 4418 846 4475 forma
878 4423 933 4475 et
961 4418 1241 4486 astantia,
1273 4393 1413 4473 cum
1451 4393 1689 4474 habitus
1721 4393 2141 4486 decentia,‘di-

2257 4393 2558 4492 συλληψεως
2611 4393 2825 4497 ῥήματα
2874 4393 3171 4494 φθέγγεταιί
3223 4428 3313 4475 καὶ
3367 4393 3789 4495 τέςιπαρθένιας
3837 4425 3863 4475 ὁ

490 4508 624 4563 vine
671 4508 910 4564 venisse
961 4505 1188 4563 indicat
1236 4506 1599 4576 legationem
1637 4523 1650 4573 ;
1701 4506 1885 4563 verba
1940 4511 2141 4563 autem

2255 4512 2409 4570 πόθος
2454 4514 2544 4562 τόν
2590 4509 2740 4582 λόγον
2793 4513 2861 4573 ὡς
2902 4509 3053 4563 δόλον
3096 4513 3399 4565 ὑποπτεύειν
3450 4510 3719 4585 βιάζεται.
3772 4515 3866 4565 Διά

493 4598 697 4668 sponsi
714 4598 1002 4653 indicium
1021 4595 1364 4653 exhibentia
1385 4595 1647 4652 abnuere
1676 4596 1927 4652 suadent
1946 4611 2141 4652 assen-

2255 4606 2409 4651 τοῦτο
2456 4597 2869 4672 ἐκταράσσομαι,
2924 4603 2995 4661 ὡς
3028 4599 3290 4675 ἰσορρόπῳ
3341 4606 3520 4674 γνώμῃ
3554 4605 3611 4653 τὸ
3645 4607 3867 4674 πρᾶγμα

493 4700 651 4740 sum.
2258 4687 2741 4761 ζυγοστατούμενον
2801 4686 3091 4760 βλέπουσα.
3141 4689 3199 4742 Ἤ
3261 4689 3365 4752 ἕξις
3590 4693 3693 4765 γὰρ
3775 4698 3864 4743 τοῦ

497 4781 730 4847 μηνυτοῦ
762 4778 852 4826 καὶ
881 4776 1223 4840 κατάστασις,
1258 4793 1351 4826 συν
1381 4781 1453 4845 τῷ
1481 4776 1686 4846 κοσμίῳ
1714 4780 1806 4825 τοῦ
1837 4777 2135 4845 σχήματος,
2170 4776 2337 4829 θεόθεν
2370 4778 2510 4835 ἣκειν
2545 4774 2793 4831 διδάσκει
2819 4781 2877 4829 τό
2909 4782 3146 4851 μήνυμα’
3190 4780 3255 4831 τὰ
3281 4779 3495 4853 ῥήματα
3526 4776 3586 4832 δε
3625 4789 3867 4852 μνηστῆ-

494 4882 581 4937 ρος
607 4866 850 4937 ἔμφασιν,
891 4865 1294 4935 ύπεμφαίνοντα,
1330 4863 1584 4916 ἀνανεύειν
1614 4864 1776 4915 πείθει
1805 4867 1898 4921 τὴν
1932 4866 2338 4942 συγκατάθεσιν.

565 4952 780 5008 Photii.
818 4953 1082 5009 Turbata
1114 4960 1195 5010 est
1224 4954 1284 5009 in
1321 4968 1601 5019 sermone,
1627 4968 1748 5008 non
1781 4951 2138 5009 beneﬁcium

2323 4959 2541 5010 Φωτίου.
2598 4953 2924 5031 Ἐθορυϐἡθη
2972 4954 3080 5020 τοίς
3128 4956 3321 5028 λόγοις,
3371 4956 3487 5024 ίούκ
3553 4955 3863 5033 ἀπεστράφη

493 5039 818 5097 abhorruit.
851 5042 1112 5099 Turbata
1132 5049 1234 5109 est,
1263 5042 1368 5098 sed
1398 5042 1693 5099 collocuta
1743 5045 1836 5097 est
1887 5058 1900 5107 ;
1930 5047 1985 5098 et
2016 5057 2139 5098 mo-

494 5128 641 5185 dum
667 5129 1031 5186 salutationis
1051 5131 1456 5198 considerans,
1476 5146 1819 5187 sermonem
1839 5136 2040 5187 autem
2059 5130 2140 5187 vi-

494 5219 643 5276 dens
662 5219 854 5275 ration
871 5221 1527 5292 adversantem,timore
1548 5222 1821 5294 prudenti
1840 5228 2017 5294 capta
2030 5225 2139 5288 est,

496 5313 553 5366 et
564 5312 909 5365 extraneam
923 5310 1292 5367 salutationis
1306 5311 1534 5368 modum
1548 5310 1976 5367 reformidavit.
1987 5312 2030 5376 Q
2041 5309 2142 5366 uid

493 5397 673 5469 igitur
693 5396 937 5468 angelus
963 5397 991 5452 ‘I
1030 5414 1177 5455 num
1216 5399 1482 5471 permisit
1528 5415 1660 5456 eam
1704 5399 1959 5456 diversis
1985 5400 2143 5468 cogi-

492 5486 818 5543 tationibus
842 5485 1085 5552 turbari,
1110 5493 1166 5543 et
1190 5490 1555 5545 anxietatum
1577 5488 1858 5545 ﬂuctibus
1882 5488 2142 5560 agitari?

494 5582 550 5635 et
580 5574 883 5651 quomodo
908 5574 1175 5633 mandati
1192 5591 1313 5634 non
1343 5578 1538 5635 malus
1565 5578 1835 5635 minister
1857 5579 2142 5651 probatus

2250 5048 2345 5103 τὴν
2392 5044 2711 5119 εὐεργεσίαν.
2771 5047 3128 5119 Διεταράχθη,
3199 5044 3327 5098 ἀλλά
3375 5042 3717 5118 διελογίζετο·
3779 5052 3868 5099 καὶ

2250 5136 2338 5185 τόν
2379 5138 2566 5205 τρόπον
2618 5136 2709 5206 μεν
2762 5133 3089 5198 ἐπιζητοῦσα
3140 5142 3234 5188 τοῦ
3288 5134 3600 5207 ἀσπασμοῦ,
3659 5140 3751 5188 τὸν
3812 5133 3870 5188 δ⁴ε

2250 5222 2400 5293 λόγον
2453 5224 2631 5297 ὁρῶσα
2663 5220 3016 5296 διαφεύγοντα
3059 5228 3179 5286 τοὺς
3209 5223 3511 5297 λογισμοὺς,
3567 5223 3713 5298 φόϐῳ
3742 5244 3869 5278 κατ-

2252 5316 2426 5383 είχετο
2498 5318 2776 5388 σωφροντι,
2837 5318 2927 5366 καὶ
2973 5316 3032 5366 τὸ
3080 5313 3215 5377 ξένον
3260 5320 3354 5367 τοῦ
3419 5313 3712 5387 ἀσπασμοῦ
3768 5335 3870 5367 κα-

2253 5400 2548 5459 επλήττετο.
2598 5406 2662 5455 Τί
2695 5402 2782 5454 οὖν
2836 5403 2862 5455 ό
2914 5402 3131 5475 οἰγγελος
3174 5420 3188 5471 ;
3228 5397 3330 5476 ἀρα
3381 5402 3650 5457 κατέλιπεν
3704 5404 3869 5462 αὐτὴν

2252 5496 2360 5552 ταῖς
2414 5490 2771 5552 ἀνασπῶσαις
2828 5489 3086 5553 διανοίαις
3133 5493 3523 5566 ταράσσεσθαι,
3579 5498 3672 5546 καὶ
3757 5499 3872 5555 ταῖς

2252 5582 2455 5653 κύμασι
2496 5589 2597 5634 τῶν
2646 5579 2870 5654 ἀποριῶν
2921 5577 3339 5646 κλύδωνίζεσθαι
3372 5599 3386 5650 ;
3420 5587 3510 5635 καὶ
3547 5591 3659 5647 πῶς
3684 5585 3748 5635 ἄν
3783 5590 3870 5636 τοῦ
