4026 6206
143 314 293 369 1217

1409 309 1850 369 FRAGMENTA
1891 310 1965 366 IN
2006 312 2268 370 LUCAM.

3374 327 3514 382 1218

137 439 557 512 προστάγματος
602 437 661 490 ού
709 436 898 510 φαῦλος
934 438 1197 511 ὑπηρέτης
1244 437 1530 511 ἠλίγχετο;
1559 445 1666 498 πῶς
1689 435 1745 489 δὲ

1862 443 1946 492 est
1970 437 1999 492 ?
2027 441 2337 511 quomodo
2367 456 2579 513 poenas
2605 459 2726 500 non
2766 444 2929 517 juste
2965 447 3166 512 subiit,
3200 453 3364 522 quod
3398 456 3510 511 vir-

140 525 304 588 δίκας
332 527 426 580 οὑκ
457 526 518 578 ἀν
561 523 780 587 δικαίως
817 526 1200 601 εἰσεπράττετο,
1235 530 1315 581 ὄτι
1355 533 1449 589 τὴν
1497 530 1747 602 παρθένον

139 614 484 691 θορυϐεῖσθαι
511 615 782 682 κατέλιπε;
812 610 905 667 διὰ
942 619 1000 667 τό
1050 620 1122 688 μὴ
1171 613 1299 669 εἶναι
1329 623 1496 669 τοίνυν
1528 613 1748 669 δυνατόν

137 705 529 778 θορυϐουμένην
597 709 686 757 καὶ
738 702 1080 776 φοϐουμένην,
1137 704 1360 778 ἀκριϐῶς
1415 704 1617 758 ἀκούειν
1681 706 1750 756 τὰ

136 795 530 868 λεχθησόμενα,
557 791 592 847 δ
598 797 651 847 ιὰ
678 802 832 847 τοῦτο
856 794 966 847 λύει
983 803 1183 869 πρῶτον
1210 796 1370 856 αὐτῆς
1389 798 1476 847 τὸν
1499 793 1674 868 φόϐον.

216 889 438 940 Φωτίου.
472 884 583 937 Ούκ
632 883 837 942 ἀπάτην
882 880 1035 942 ἦλθον
1076 883 1302 944 λαλῆσαί
1348 903 1452 944 σοι,
1485 883 1613 936 ἀλλὰ
1657 889 1749 943 τῆς

139 973 350 1035 ἀπάτης
397 972 660 1049 ἀναίρεσιν
734 973 1145 1044 εἰσηγήσασθαι.
1201 974 1277 1026 Οὐ
1333 973 1597 1032 πλανῆσαι
1651 992 1750 1025 πα-

135 1068 423 1138 ραγίγονα,
468 1071 565 1124 τῆς
613 1058 672 1115 δε
712 1061 906 1122 πλάνης
955 1061 1212 1136 λύτρωσιν
1261 1063 1646 1134 ἐγγυήσασθαι·
1689 1061 1747 1114 ού

137 1152 377 1212 συλῆσαί
422 1171 508 1205 σοι
553 1156 648 1210 τὴν
691 1151 884 1204 ἄσυλον
925 1153 1202 1226 παρθενίαν
1240 1148 1571 1225 ἐπεδὸμησα,
1623 1150 1751 1204 ἀλλά

137 1249 235 1295 τοῦ
282 1241 517 1294 πλάστου
561 1248 654 1303 τῆς
697 1241 977 1314 παρθενίας
1013 1246 1104 1294 καὶ
1142 1241 1367 1313 φύλακος
1415 1246 1509 1300 τὴν
1553 1241 1749 1299 ὲνοικη-

140 1350 226 1383 σιν
269 1330 747 1403 εὐαγγελίσασθαι·
775 1330 870 1382 οὑκ
917 1335 1075 1403 ὄφεως
1123 1331 1228 1403 εἰμι
1270 1336 1521 1404 πονηρίας
1569 1327 1744 1384 διάκο-

135 1440 242 1486 νος,
301 1419 431 1472 ἀλλά
493 1427 584 1472 τοῦ
643 1426 1034 1492 καταργοῦντος
1097 1422 1184 1472 τόν
1250 1424 1362 1492 ὅφιν
1438 1419 1744 1483 ἀπόστολος.

136 1509 532 1583 Νυμφοστόλος,
608 1508 702 1560 οὐκ
779 1507 1050 1568 ἐπίϐουλος
1125 1512 1455 1581 παραγέγονα
1487 1529 1498 1542 ·
1573 1516 1749 1583 χαρᾶς

136 1598 398 1672 πρόξενος,
429 1598 488 1650 ού
532 1598 701 1658 λύπης
748 1602 1063 1670 παραίτιος·
1100 1602 1360 1670 σωτηρίας
1406 1597 1743 1671 προάγγελος,

136 1687 230 1739 ούκ
263 1685 514 1747 ἀπωλείας
542 1685 835 1759 σύμϐουλος
861 1707 874 1720 ·
907 1684 1007 1757 εγὼ
1056 1693 1166 1748 τοῖς
1211 1687 1590 1761 προστάγμασι
1638 1693 1748 1749 τοῖς

1859 526 2060 596 ginem
2088 529 2312 586 turbari
2341 531 2656 603 permisit?
2684 535 2834 600 Quia
2867 550 2989 591 non
3021 543 3146 594 erat
3175 539 3349 610 igitur
3372 559 3508 615 pos-

1858 615 2027 703 sibile
2045 618 2348 674 turbatam
2391 625 2448 676 et
2485 621 2749 678 territam
2800 625 3011 680 audire
3063 634 3343 685 accurate
3370 647 3509 703 quas

1856 702 2112 762 dicenda
2157 712 2345 773 erant,
2398 707 2533 765 ideo
2586 711 2846 781 primum
2924 713 3055 783 ejus
3107 721 3334 773 metum
3388 702 3508 775 sol-

1854 790 1956 849 vit.

1927 882 2093 938 Vsus.
2117 883 2204 940 30.
2223 884 2439 941 Photii.
2465 889 2590 943 Non
2623 887 2892 945 fraudem
2921 891 3051 947 veni
3081 893 3186 950 tibi
3221 895 3510 965 dicturus,

1860 971 1963 1026 sed
1986 970 2211 1028 fraudis
2231 973 2699 1033 destructionem
2723 979 3064 1034 edocturus.
3088 984 3213 1038 Non
3245 985 3322 1040 ad
3350 1001 3512 1043 erro-

1857 1075 1983 1116 rem
2017 1061 2172 1126 veni,
2200 1063 2303 1119 sed
2330 1064 2408 1120 ad
2439 1068 2653 1122 erroris
2674 1067 3031 1124 solutionem
3058 1075 3506 1132 arcessendam.

1859 1152 1983 1206 Non
2006 1151 2290 1209 intactam
2321 1153 2721 1224 virginitatem
2743 1163 3020 1230 rapturus
3053 1159 3220 1230 affui,
3255 1165 3359 1219 sed
3397 1165 3509 1221 vir-

1857 1239 2119 1310 ginitatis
2133 1242 2390 1298 auctoris
2406 1247 2462 1299 et
2477 1245 2740 1300 custodis
2759 1247 3080 1304 adventum
3104 1251 3508 1310 nuntiaturus.

1857 1330 1984 1384 Non
2008 1330 2296 1401 serpentis
2324 1331 2563 1388 malitias
2595 1350 2729 1390 sum
2761 1335 3051 1406 minister,
3085 1339 3191 1394 sed
3216 1343 3509 1412 serpentis

1857 1416 2236 1474 destructoris
2257 1419 2595 1492 apostolus.
2614 1423 2972 1494 Nuptiarum
3001 1427 3264 1494 nuntius,
3288 1445 3412 1484 non
3424 1431 3512 1486 in-

1858 1505 2106 1562 sidiator
2137 1507 2387 1564 adsum:
2417 1509 2613 1578 gratiae
2641 1527 2857 1583 praeco,
2887 1529 3009 1568 non
3039 1515 3262 1571 doloris
3289 1533 3508 1585 causa;

1857 1594 2065 1650 salutis
2097 1596 2506 1666 angelus,non
2531 1600 2879 1671 perditionis
2908 1603 3209 1676 complex.
3246 1608 3367 1676 Ego
3403 1608 3509 1664 Do-

1859 1684 2002 1739 mini
2031 1700 2136 1755 per
2187 1686 2478 1743 mandata
2525 1688 2816 1744 rationem
2873 1693 3038 1748 tuam
3085 1693 3335 1761 sanabo,
3395 1710 3509 1764 ego

137 1783 478 1837 Δεσποτικοίς
504 1779 625 1837 τοὺς
658 1778 782 1836 σούς
811 1774 1100 1847 λογισμοὺς
1129 1777 1433 1848 θεραπεύσω
1463 1797 1476 1809 ·
1505 1775 1606 1847 ἐγὼ
1631 1779 1745 1837 τοὺς

1862 1773 2169 1830 anxietatis
2194 1774 2434 1831 vincula
2455 1775 2705 1833 solvam.

137 1863 373 1937 δεσμούς
405 1863 644 1918 διαλύσω
673 1873 766 1925 τῆς
793 1863 1035 1939 ἀπορίας.

205 1962 312 2008 Τοῦ
364 1954 544 2009 αὑτοῦ.
587 1955 817 2028 Χάριτός
863 1953 979 2006 ἔστι
1023 1955 1164 2016 θείας
1211 1956 1236 2006 ὁ
1289 1952 1588 2026 ἀσπασμός,
1638 1953 1748 2006 ἀλλ’

136 2044 197 2098 ού
253 2046 456 2116 φύσεως
497 2045 755 2118 ὑπουργὸς
784 2064 796 2076 ·
827 2045 1046 2116 χάριτος
1099 2045 1296 2108 θεῐκῆς,
1345 2043 1440 2095 ούκ
1492 2043 1748 2117 ἀνθρωπί-

135 2154 228 2196 νης
284 2131 594 2193 ἐπιϐουλῆς*
648 2134 874 2206 χάριτος
926 2135 1012 2184 τὸν
1072 2130 1388 2204 ἀνθρωπίνον
1437 2129 1749 2204 ὑπερπηδώ-

135 2241 236 2285 σης
289 2221 561 2293 λογισμόν.
613 2221 748 2274 Ἀλλ’
797 2222 918 2273 ὅταν
963 2223 1125 2292 χάριν
1185 2220 1438 2294 ἀκούσῃς,
1488 2223 1744 2297 ἄνθρωπε,

134 2316 206 2383 μὴ
249 2313 422 2383 μάτην
466 2315 525 2364 τὸ
571 2313 823 2385 χάρισμα
867 2318 930 2382 τῇ
989 2311 1232 2382 Παρθένῳ
1263 2313 1634 2383 χορηγηθῆναι
1663 2331 1747 2365 νο-

133 2405 302 2472 μίσῃς
328 2421 342 2433 ο
376 2396 515 2472 μηδε
540 2399 832 2473 φιλοτιμίαν
877 2395 1113 2452 διάκενον
1159 2403 1217 2451 τό
1259 2395 1426 2472 δῶρον
1457 2398 1743 2472 ὑπολάϐῃς.

135 2489 267 2563 Εὗρε
311 2491 415 2561 γὰρ
476 2491 638 2563 χάριν
689 2490 720 2547 ἡ
774 2489 1034 2561 Παρθίνος
1076 2490 1221 2562 παρά
1275 2497 1409 2559 Θεῷ,
1461 2491 1540 2541 ὅτι
1597 2487 1745 2552 ἀξίαν

135 2578 327 2636 ἕαυτήν
378 2584 452 2648 τῷ
498 2585 809 2651 Δημιουργῷ
863 2579 1240 2629 κατεσκεύασεν
1269 2598 1282 2610 ·
1315 2579 1395 2630 ὃτι
1447 2587 1520 2648 τῷ
1572 2578 1744 2631 κάλλει

133 2676 225 2728 τῆς
272 2666 483 2738 ἀγνείας
524 2670 619 2725 τὴν
665 2666 856 2728 εαυτῆς
903 2666 1090 2737 ψυχὴν
1135 2669 1433 2741 ὡραίσασα,
1487 2687 1744 2726 κατοικη-

131 2761 316 2829 τήριον
366 2753 670 2831 ἀξιέραστον
722 2755 910 2814 ἑαυτὴν
963 2756 1057 2808 τού
1108 2755 1241 2827 λόγῳ
1310 2761 1430 2819 τούς
1493 2756 1744 2831 οὐρανούς

134 2849 523 2918 στερεώσαντος
563 2847 926 2916 ἡτοιμάσατο·
968 2845 1047 2896 ὅτι
1095 2844 1154 2896 ού
1197 2849 1358 2916 μόνην
1408 2850 1502 2904 τὴν
1552 2848 1740 2918 παρθε-

134 2939 252 2986 νίαν
280 2935 545 3007 ἄχραντον
577 2929 903 3006 διετήρησεν,
937 2931 1066 2985 ἀλλὰ
1089 2952 1149 3004 γε
1185 2939 1275 2986 καὶ
1304 2938 1397 2992 τὴν
1440 2939 1740 3008 προαίρεσιν

133 3022 425 3094 ἀμόλυντον
523 3028 871 3094 πνετήρησεν
905 3043 918 3056 ο
997 3024 1078 3074 ὅτι
1153 3020 1209 3074 ἔκ

523 3028 871 3096 πνετήρησεν
905 3043 918 3056 ο
997 3024 1078 3074 ὅτι
1153 3021 1209 3074 ἔκ
1311 3021 1534 3097 βρέφους
1616 3025 1742 3076 καθ-

1927 1951 2226 2022 Ejusdem.
2252 1952 2465 2010 Gratiae
2477 1954 2696 2011 divinas
2718 1956 2992 2013 salutatio
3017 1962 3123 2024 est,
3156 1976 3280 2017 non
3309 1966 3510 2017 autem

1858 2046 2084 2096 naturae
2113 2042 2499 2115 obsequium;
2533 2045 2736 2113 gratim
2779 2045 3018 2117 divinae,
3065 2064 3182 2105 non
3225 2049 3510 2106 humanae

1855 2129 2084 2185 fraudis
2111 2146 2125 2196 ;
2152 2133 2350 2202 gratia:
2379 2132 2704 2189 humanum
2732 2134 3094 2192 intellectum
3143 2139 3501 2210 superantis.

1858 2219 1971 2275 Sed
1988 2235 2125 2276 cum
2157 2222 2411 2292 gratiam
2438 2223 2714 2289 audieris,
2735 2242 2772 2282 ο
2800 2226 3005 2292 homo,
3039 2243 3113 2283 ne
3136 2228 3354 2285 frustra
3384 2230 3510 2284 Vir-

1857 2308 1978 2378 gini
1999 2310 2253 2379 gratiam
2270 2311 2426 2368 hanc
2448 2314 2772 2385 praestitum
2789 2331 2920 2371 esse
2949 2315 3254 2373 arbitreris
3271 2337 3288 2389 ;
3312 2333 3508 2390 neque

1855 2396 2267 2456 liberalitatem
2300 2401 2472 2457 inane
2516 2402 2742 2458 donum
2775 2419 3045 2460 censeas.
3081 2407 3310 2462 Invenit
3349 2408 3506 2464 enim

1856 2487 2098 2556 gratiam
2135 2489 2305 2558 Virgo
2324 2490 2486 2561 apud
2529 2492 2713 2547 Deum
2743 2509 2757 2558 ;
2785 2494 2950 2564 quod
2982 2510 3044 2549 se
3092 2493 3344 2565 dignam
3388 2497 3508 2552 Deo

1854 2577 2222 2648 comparavit
2242 2595 2254 2645 ;
2288 2579 2447 2651 quod
2464 2579 2750 2636 castitatis
2769 2581 3214 2653 pulchritudine
3236 2584 3506 2640 animam

1854 2681 2026 2722 suam
2039 2669 2617 2738 exornans,dignum
2630 2669 3044 2727 habitaculum
3061 2677 3248 2728 semel
3266 2673 3318 2728 ei
3335 2673 3508 2743 cujus

1852 2753 2035 2810 verbo
2057 2755 2188 2810 coeli
2251 2755 2470 2813 ﬁrmati
2499 2762 2636 2813 sunt
2683 2757 3015 2830 disposuit;
3049 2760 3212 2832 quod
3262 2776 3385 2816 non
3413 2776 3506 2816 so-

1845 2843 1971 2900 lum
2002 2844 2402 2914 virginitatem
2423 2845 2770 2902 inviolatam
2798 2849 3073 2914 servavit,
3098 2849 3201 2904 sed
3228 2849 3506 2905 volunta-

1849 2937 1968 2989 tem
2018 2933 2593 3004 irreprehensibilem
2649 2937 2990 3002 custodivit;
3032 2938 3199 3009 quod
3237 2953 3269 2994 e
3306 2937 3504 3009 pueris

1851 3037 1886 3077 a
1920 3023 2036 3076 Deo
2062 3021 2426 3078 sanctiﬁcata
2454 3028 2560 3088 est,
2584 3024 2862 3094 templum
2893 3024 3197 3096 spirituale
3228 3040 3347 3081 non
3381 3041 3508 3081 ma-

133 3113 370 3184 ηγιάσθη
421 3118 555 3183 Θεῷ,
587 3111 709 3174 λαός
751 3110 996 3183 ἔμψυχος
1023 3115 1109 3163 καὶ
1150 3109 1422 3175 ἀλάξευτος
1460 3120 1532 3183 τῷ
1583 3110 1740 3185 βασι-

1862 3108 2147 3164 nufactum
2178 3111 2300 3179 regi
2323 3110 2525 3179 glorias
2551 3111 2974 3179 habitandum,
3026 3119 3270 3186 propter
3298 3129 3508 3186 corpo-

131 3201 214 3255 λεῖ
258 3210 352 3262 τῆς
403 3197 564 3264 δόξης
610 3196 1065 3273 οἰκοδομούμενος,
1105 3197 1200 3253 διὰ
1248 3204 1307 3254 τό
1352 3209 1442 3254 τοῦ
1500 3208 1740 3274 σώματος

133 3285 506 3348 ἀκηλίδωτονο
569 3285 664 3342 διὰ
726 3293 782 3342 τό
834 3298 931 3351 τῆς
999 3291 1277 3363 παρθενίας
1326 3291 1690 3366 ὑπέρλαμπρον
1724 3312 1737 3324 ·

134 3377 236 3434 διὰ
271 3382 332 3431 τό
370 3387 464 3442 τῆς
511 3378 719 3450 ἁγνείας
765 3378 1079 3451 ἀμόλυντον·
1115 3375 1209 3432 διὰ
1256 3383 1318 3432 τό
1362 3387 1455 3442 τῆς
1501 3385 1742 3454 προαιρέ-

136 3488 268 3531 σεως
299 3469 665 3543 καθαρώτατον
693 3489 706 3501 ο
737 3464 772 3520 δ
778 3470 832 3519 ιά
855 3471 914 3520 τό
954 3476 1047 3530 τῆς
1071 3467 1259 3540 ψυχῆς
1290 3473 1418 3541 πρὸς
1457 3473 1550 3528 τὴν
1577 3470 1744 3543 ἀμαρ-

132 3561 254 3609 τίαν
285 3555 520 3632 ἀρῥεπες,
553 3562 642 3610 καὶ
674 3563 766 3609 τοῦ
794 3561 1084 3630 κρείττονος
1107 3556 1492 3628 ἀμετάπτωτον.

209 3650 431 3700 Φωτίου.
481 3648 552 3698 T6
603 3645 801 3718 μίλλον,
853 3649 918 3706 ὡς
973 3642 1082 3704 ἤδη
1131 3650 1296 3720 παρόν
1364 3645 1740 3720 ἀποφαίνεται·

136 3733 257 3788 ἀντὶ
320 3737 422 3809 γάρ
499 3742 610 3800 τοῦ,
671 3740 904 3800 ποιήσει,
969 3739 1128 3807 φησὶν
1188 3734 1447 3804 ἐποίησεν,
1502 3740 1571 3800 ὡς
1635 3733 1741 3796 ἤδη

135 3825 462 3896 κατορθωθὲν
510 3827 600 3876 καὶ
647 3829 912 3896 γενόμενον
963 3832 1054 3884 τῆς
1097 3824 1276 3890 αὑτοῦ,
1337 3831 1487 3898 φησὶ,
1547 3829 1742 3901 χειρός,

137 3913 240 3966 οὑκ
292 3911 566 3986 ἀνθρώπου
620 3916 678 3965 τό
735 3915 903 3988 ἔργον·
962 3911 1211 3971 Ἐποίησε
1264 3916 1473 3988 κράτος,
1541 3915 1600 3967 ού
1655 3913 1748 3968 διὰ

139 4005 408 4064 Μωῦσέως
436 4003 522 4071 (1)
559 4004 629 4064 ὡς
656 4001 818 4055 πάλαι
847 4001 929 4054 ἐπὶ
956 4005 1075 4064 τούς
1106 4002 1419 4073 Αἰγυπτίους
1443 4024 1456 4036 ·
1498 3999 1624 4055 ούδέ
1654 4000 1749 4056 διὰ

137 4093 326 4149 Ἰησοῦ
372 4097 462 4143 τοῦ
511 4098 683 4156 Ναυῆ,
735 4093 805 4153 ὡς
851 4094 968 4144 τότε
1011 4090 1385 4165 Ἱεριχούντεια
1439 4096 1593 4164 τείχη
1656 4112 1749 4145 κα-

135 4184 364 4234 τασείων
391 4176 622 4253 περιόδῳ
666 4182 835 4253 ἱερέων
861 4184 954 4240 καὶ
1003 4179 1305 4252 σαλπίγγων
1335 4181 1448 4254 ὴχῇ
1475 4202 1488 4214 ·
1518 4177 1641 4234 οὐδὲ
1674 4178 1708 4234 δ
1713 4182 1748 4234 ι’

138 4269 388 4342 ἀγγίλου,
421 4270 486 4330 ὡς
525 4271 681 4328 ἡνίκα
721 4271 816 4331 τὰς
863 4269 1042 4322 ἑκατὸν
1093 4266 1421 4340 ὀγδοήκοντα
1461 4273 1608 4322 πέντε
1653 4290 1746 4342 χι-

134 4355 337 4418 λιάδας
383 4362 765 4433 κατεστρώννυε
802 4365 902 4410 τῶν
954 4357 1208 4430 πολεμίων
1237 4375 1249 4387 ·
1300 4355 1424 4412 οὐδὲ
1471 4355 1547 4411 δι’
1593 4359 1746 4412 οἶλλου

136 4451 303 4509 τινόςο
337 4445 465 4500 ἀλλὰ
507 4443 602 4500 διὰ
647 4451 821 4512 τίνος;
855 4442 930 4499 δι’
956 4447 1115 4499 αὑτοῦ
1163 4454 1254 4499 τοῦ
1297 4448 1488 4502 οἰκείου
1521 4447 1751 4523 βραχίο-

135 4555 243 4598 νος.
279 4540 524 4609 Βραχίων
572 4532 632 4590 δε
678 4543 770 4589 τοῦ
820 4539 1041 4611 Πατρός,
1077 4537 1102 4587 ὁ
1150 4537 1282 4597 Υἱόςο
1316 4540 1451 4589 κατά
1491 4541 1571 4601 τό,
1604 4537 1751 4591 Ἐλυ-

135 4629 336 4700 τρὼσω
374 4623 422 4676 ἰν
467 4623 719 4699 βραχίονί
758 4644 852 4677 σου
903 4629 988 4678 τὸν
1035 4625 1156 4677 λαόν
1196 4644 1310 4678 σου.
1346 4626 1419 4678 Δι’
1457 4626 1616 4679 αὑτοῦ
1663 4625 1750 4679 οὖν

140 4720 301 4771 νίκην
334 4713 634 4788 εἰργάσατο,
664 4719 754 4767 καὶ
782 4722 1030 4787 τροπαῖον
1057 4716 1247 4772 ἔστησε
1273 4717 1410 4768 κατὰ
1451 4724 1550 4768 τῶν
1592 4717 1754 4769 πάλαι

134 4805 534 4877 τυραννούντων
573 4812 671 4856 τῶν
702 4802 925 4877 ἐχθρῶν.

212 4899 325 4946 Τοῦ
396 4892 572 4946 αὐτοῦ.
645 4898 1109 4965 Κατετροπώσατο,
1186 4896 1363 4965 φησὶν,
1433 4893 1526 4945 οὐκ
1596 4895 1754 4966 Αἰγυ-

135 4987 354 5047 πτίους,
383 4981 413 5040 ἣ
447 4983 766 5055 Ἀσσυρίους
796 4982 826 5040 ἡ
855 4978 979 5034 τόδε
1009 4985 1067 5034 τὸ
1111 4985 1371 5054 πολέμιον,
1406 4981 1533 5035 ἀλλὰ
1561 4986 1751 5048 πάντα,

133 5072 397 5143 λογισμόν
451 5073 774 5143 ὑπερήφανον
824 5073 1065 5123 τουτέστι
1119 5077 1189 5142 μὴ
1255 5073 1618 5125 ύποκύπτοντα
1665 5079 1754 5125 καὶ

134 5162 542 5233 πειθαρχοῦντα
609 5167 672 5232 τῇ
737 5164 1004 5234 παρουσίᾳ
1055 5159 1233 5212 αὑτοῦ.
1294 5157 1607 5214 Διεσκέδασε
1663 5168 1754 5216 καὶ

141 5250 351 5321 σαθρὰς
380 5246 636 5320 ἀπήλεγξε
666 5250 760 5311 τὰς
811 5249 1165 5322 ὑπερηφάνους
1209 5245 1445 5312 διανοίας
1489 5260 1585 5313 τῆς
1631 5271 1756 5325 καρ-

137 5336 269 5399 δίας
301 5337 490 5404 αύτῶν,
518 5336 580 5400 ἃς
613 5339 773 5410 ἔσχον
802 5337 874 5400 εἰς
899 5341 957 5390 τό
985 5342 1058 5411 μὴ
1089 5346 1372 5392 πιστεῦσαι
1412 5343 1496 5392 καὶ
1527 5338 1756 5412 φοϐηθῆ-

133 5447 229 5482 ναι
282 5426 462 5497 αύτὸν,
503 5423 812 5501 διελίκμησε
853 5429 949 5488 τὰς
987 5429 1340 5500 ὑπερηφάνους
1390 5436 1492 5482 τῶν
1543 5434 1613 5502 μὴ
1665 5450 1757 5483 πι-

1847 3198 1930 3254 ris
1960 3197 2296 3269 puritatem.
2342 3204 2580 3271 propter
2607 3200 2956 3270 virginitatis
3011 3201 3213 3267 decus,
3265 3208 3509 3275 propter

1851 3287 2136 3343 castitatis
2165 3288 2580 3359 integritatem,
2611 3293 2856 3360 propter
2902 3289 3230 3346 voluntatis
3273 3291 3509 3348 mundi-

1850 3377 2016 3440 tiam,
2043 3380 2283 3448 propter
2319 3377 2523 3433 animae
2553 3383 2756 3435 contra
2781 3383 3093 3450 peccatum
3136 3380 3505 3449 ﬁrmitatem,

1853 3467 1984 3521 etin
2009 3465 2172 3522 bono
2206 3467 2620 3522 constantiam.

1925 3557 2091 3611 Vens.
2125 3556 2212 3610 49.
2244 3555 2458 3612 ΡΙιοιὶί.
2513 3556 2821 3623 Futurum,
2853 3563 2917 3613 ut
2929 3558 3056 3632 jam
3108 3574 3374 3630 praesens
3400 3574 3511 3631 ap—

1853 3649 2040 3717 paret.
2077 3647 2225 3700 Nam
2257 3661 2365 3717 pro
2390 3645 2592 3714 faciet,
2636 3647 2801 3714 dicit,
2843 3647 3009 3716 fecit,
3056 3649 3230 3719 quasi
3271 3649 3399 3718 jam
3429 3648 3514 3705 fa-

1853 3739 2016 3790 ctum
2046 3740 2100 3790 et
2125 3733 2451 3806 perfectum
2482 3751 2700 3791 manus
2729 3736 2875 3806 ejus,
2908 3752 3029 3792 non
3056 3737 3314 3793 hominis
3335 3753 3511 3809 opus.

1853 3824 2018 3880 Fecit
2036 3823 2380 3892 potentiam,
2415 3840 2534 3880 non
2580 3840 2686 3896 per
2710 3827 2952 3896 Moysen
2979 3831 3043 3881 ut
3064 3827 3204 3882 olim
3232 3827 3292 3881 in
3336 3829 3510 3898 [Egy-

1856 3915 2041 3984 ptios;
2070 3927 2263 3984 neque
2291 3928 2395 3983 per
2417 3914 2553 3967 Jesu
2579 3913 2768 3968 ﬁlium
2800 3916 2976 3978 Nave,
3012 3920 3076 3968 ut
3107 3920 3244 3970 tunc
3277 3915 3511 3970 Jericho

1858 4001 2080 4056 mcenia
2130 4000 2433 4055 excutiens
2481 4016 2586 4071 per
2639 4002 3013 4057 sacerdotum
3086 4002 3401 4057 circuitum
3454 4008 3513 4057 et

1857 4087 2138 4144 tubarum
2189 4103 2406 4143 sonum
2437 4104 2450 4153 ;
2483 4103 2673 4160 neque
2703 4103 2811 4160 per
2839 4089 3215 4158 angelum,ut
3263 4089 3511 4161 quando

1857 4183 2094 4233 centum
2121 4177 2388 4249 quinque
2409 4178 2781 4247 etoctoginta
2802 4177 2987 4233 millia
3004 4177 3268 4234 hostium
3289 4184 3512 4234 macta-

1856 4267 1969 4332 vit;
1994 4281 2189 4338 neque
2215 4265 2399 4320 alium
2429 4265 2713 4338 aliquem.
2751 4267 2864 4322 Sed
2895 4281 2999 4337 per
3027 4266 3336 4338 quodnam
3361 4271 3389 4322 ?
3414 4282 3514 4337 per

1860 4372 2037 4410 suum
2061 4354 2370 4428 praprium
2387 4355 2720 4412 brachium.
2746 4355 3058 4411 Brachium
3081 4360 3277 4411 autem
3302 4354 3510 4422 Patris,

1862 4444 2036 4501 Filius
2062 4461 2077 4510 ;
2102 4444 2429 4500 secundum
2453 4444 2616 4516 quod
2630 4443 2842 4500 dicitur
2863 4464 2874 4502 :
2901 4445 3191 4501 Liberasti
3202 4444 3262 4500 in
3278 4443 3516 4501 brachio

1861 4542 1954 4590 tuo
1979 4535 2262 4604 populum
2295 4539 2483 4590 tuum.
2510 4536 2613 4590 Per
2643 4537 2802 4589 hunc
2832 4533 3010 4604 igitur
3043 4533 3350 4589 victoriam
3374 4535 3518 4589 ade-

1861 4629 1997 4696 ptus
2028 4632 2132 4687 est,
2155 4629 2212 4680 et
2243 4630 2534 4696 tropaeum
2567 4624 2770 4679 statuit
2798 4627 3004 4680 contra
3046 4623 3175 4679 illos
3219 4623 3323 4694 qui
3372 4621 3517 4678 olim

1860 4712 2353 4784 dominabantur,
2391 4712 2692 4769 inimicos.

1934 4893 2235 4962 Ejusdem.
2264 4892 2568 4962 Dispersit,
2598 4896 2661 4948 ut
2712 4891 2994 4964 loquitur.
3020 4907 3141 4948 non
3194 4892 3516 4964 Egyptios,

1863 4988 1966 5038 aut
1989 4982 2281 5053 Assyrios,
2313 4987 2416 5038 aut
2437 4981 2665 5038 similes
2691 4981 2911 5046 hostes,
2943 4981 3046 5037 sed
3074 4996 3320 5037 omnem
3352 4981 3517 5038 intel-

1862 5071 2078 5127 lectum
2103 5086 2164 5125 se
2194 5071 2589 5136 extollentem,
2634 5071 2692 5126 id
2721 5075 2812 5126 est
2863 5085 2984 5125 non
3039 5069 3424 5127 inclinantem
3462 5086 3522 5126 se

1864 5176 1972 5216 nec
2000 5159 2449 5215 submittentem
2475 5175 2676 5216 coram
2707 5159 2852 5231 ipso.
2881 5159 3150 5232 Dispersit
3179 5163 3235 5215 et
3261 5160 3523 5217 caducas

1865 5266 1994 5306 esse
2021 5249 2276 5305 convicit
2302 5249 2589 5320 superbas
2635 5248 3023 5317 cogitationes
3051 5249 3250 5304 cordis
3293 5265 3521 5314 eorum,

1865 5354 2016 5411 quas
2044 5339 2380 5394 habuerunt
2427 5353 2566 5393 cum
2620 5353 2738 5393 non
2772 5336 3153 5394 crediderunt
3201 5354 3310 5394 nec
3341 5337 3523 5392 “illum

1867 5433 2224 5484 metuerunt.
2271 5426 2544 5498 Dispersit
2623 5425 2915 5500 superbas
2967 5442 3088 5484 non
3159 5426 3526 5484 credentium

1736 5554 1944 5612 NOT/E

217 5694 300 5766 (ι)
332 5692 547 5751 Confer
570 5693 855 5752 volumen
897 5694 1170 5767 primum
1199 5694 1406 5769 primm
1438 5695 1712 5755 editionis
1739 5711 1806 5770 ρ.
1840 5697 1958 5753 190.

437 5784 682 5843 ΡΑτιιοι..
724 5784 833 5841 Ga.
900 5785 985 5841 (II.

3121 5783 3191 5840 39
