4060 6218
505 251 640 306 1219

1715 247 1951 304 PHOTII
1990 245 2474 304 PATRIARCH/E
2511 247 2599 304 CP
2614 294 2626 305 .

3732 246 3858 302 1220

508 379 758 439 mentes,
805 388 915 430 nec
956 373 1069 429 illis
1136 374 1355 430 umbra
1429 373 1830 431 excusationis
1897 372 2132 446 reliquit

2265 375 2588 425 στευσάντων
2622 370 2879 435 διανοίας,
2914 367 3037 424 οὐδὲ
3068 371 3219 422 σκιὰν
3248 370 3426 431 αὐτοῖς
3453 370 3721 423 ὑπολιπὼν
3744 370 3857 423 ἀπο-

512 468 662 522 Nam
687 465 931 535 proprio
964 463 1162 527 corde,
1203 479 1339 518 cum
1364 462 1504 518 talia
1524 464 1812 519 baberent
1833 463 1906 519 de
1931 463 2152 535 quibus

501 552 849 609 erubescere
876 552 1179 608 debebant
1220 552 1409 607 inﬂati
1440 558 1596 621 sunt,
1627 558 1683 608 et
1729 552 1986 608 fructum
2019 566 2153 623 pro-

499 642 639 715 priae
673 641 888 698 mentis
912 640 1211 705 lethalem,
1245 640 1715 698 incredulitatem
1743 640 2146 713 praebuerunt.

570 818 738 874 Vens.
783 820 871 873 32.
924 817 1143 873 Photii.
1204 819 1272 873 Ut
1299 817 1505 883 homo,
1561 818 1827 889 exponit;
1886 832 2029 872 nam
2085 820 2149 871 ut

497 910 671 973 Deus,
701 921 884 979 supra
912 906 1077 978 quod
1106 921 1397 976 magnum
1431 912 1541 962 est.

568 996 860 1067 Ejusdem.
884 996 1130 1066 Magnus
1156 995 1460 1067 erit,quod
1482 995 1613 1068 jam
1640 999 1784 1061 erat,
1805 999 1858 1049 et
1888 995 1933 1049 si
1951 992 2145 1050 carnis

494 1085 889 1143 humilitatem
916 1084 1126 1139 induit.
1154 1087 1281 1140 Non
1307 1085 1467 1140 enim
1495 1084 1881 1140 humanitatis
1912 1100 2144 1139 assum-

499 1175 641 1248 ptio,
676 1173 1156 1243 magnitudinem
1196 1173 1497 1229 imminuit
1526 1173 1878 1240 divinitatis;
1908 1172 2016 1227 sed
2040 1188 2145 1243 po-

496 1264 611 1320 tius
647 1262 933 1320 attollitur
962 1263 1038 1319 ad
1068 1262 1229 1319 illam
1256 1263 1645 1319 humanitatis
1675 1262 2000 1318 humilitas.
2032 1261 2141 1316 Etsi

496 1353 677 1423 igitur
701 1352 780 1408 ad
810 1369 1051 1408 carnem
1080 1353 1380 1409 demissus
1410 1359 1512 1418 est,
1546 1352 1630 1408 ita
1662 1357 1859 1409 tamen
1887 1354 1998 1409 erit
2027 1366 2143 1407 ma-

486 1458 661 1512 gnus,
694 1448 757 1497 ut
782 1446 925 1498 erat.

556 1531 865 1601 Ejusdem.
925 1534 1072 1596 Non,
1126 1533 1367 1586 nomine
1412 1534 1474 1586 tu
1505 1529 1853 1602 appellabis,
1896 1531 1997 1585 sed
2047 1529 2141 1585 ille

487 1620 835 1683 vocabitur;
866 1636 901 1675 a
926 1636 1068 1692 quo,
1099 1636 1175 1676 an
1207 1620 1508 1676 evidenter
1537 1636 1642 1691 per
1663 1619 2142 1675 consubstantia-

2260 460 2457 531 λογίας.
2515 463 2644 515 Ἀπὸ
2696 464 2793 532 γὰρ
2858 460 3045 519 οἰκείας
3110 456 3329 533 καρδίας
3387 464 3563 511 καίτοι
3633 470 3855 512 τοσαυτί

2260 552 2463 620 ἔχοντες
2516 554 2581 601 τὰ
2648 547 2994 602 δυσωποῦντα
3050 548 3255 612 αὐτοὺς,
3312 546 3719 619 ἐφυσιώθησάν
3775 557 3856 601 και

2259 643 2454 704 καρπόν
2485 639 2709 711 ὀλέθριον
2748 648 2843 701 τῆς
2874 635 3015 699 ἰδίας
3054 636 3262 709 ψυχῆς,
3295 643 3387 696 τήν
3435 636 3686 691 ἀπιστίαν
3734 658 3857 712 παρα

2259 732 2382 787 ἐστη
2392 748 2507 781 σαν.

2325 817 2411 891 [Ρ.
2462 819 2548 873 17.
2583 818 2661 888 8.]
2701 822 2922 874 Φωτίου.
2952 820 3023 869 Τὸ
3058 814 3377 889 ἀνθρώπινον
3417 814 3721 869 ὑποϐάλλων
3748 838 3760 850 ·
3795 820 3859 878 ὡς

2254 910 2355 982 γὰρ
2386 910 2531 971 Θεὸς,
2558 912 2646 959 καὶ
2677 908 2802 979 ὑπὲρ
2844 910 2902 958 τό
2932 910 3085 978 μέγα.

2324 1003 2426 1049 Τοῦ
2474 997 2654 1048 αὐτοῦ.
2710 995 2770 1048 Ἢ
2822 998 2995 1068 μέγας
3036 998 3181 1047 ἔσται
3228 996 3351 1068 ὅπερ
3408 992 3488 1062 ἦν,
3540 995 3583 1046 εἰ
3632 1000 3726 1047 καὶ
3770 1002 3862 1053 τήν

2256 1084 2577 1158 βραχύτητα
2604 1094 2699 1145 τῆς
2748 1089 2938 1157 σαρκὸς
2968 1080 3280 1141 ὑποδύεται,
3331 1081 3471 1135 Οὐδὲ
3512 1088 3640 1157 γὰρ,
3675 1082 3796 1137 οὐδ’
3832 1088 3858 1142 ἡ

2253 1183 2343 1234 τῆς
2390 1174 2802 1250 ἀνθρωπότητος,
2854 1172 3172 1248 πρόσληψις,
3223 1178 3282 1224 τό
3335 1175 3548 1243 μέγεθος
3603 1193 3863 1245 κατασμι-

2251 1267 2425 1337 κρύνει
2477 1274 2572 1326 τῆς
2612 1267 2867 1327 θεότητος,
2926 1262 3053 1315 ἀλλά
3115 1262 3440 1332 συνυψοῡται
3494 1262 3688 1333 μᾶλλον
3729 1263 3858 1334 αὐτῇ

2251 1359 2308 1407 τό
2357 1358 2592 1407 ταπεινόν
2640 1363 2735 1416 τῆς
2788 1352 3199 1428 ἀνθρωπὸτητος.
3260 1351 3367 1405 Κᾶν
3423 1360 3547 1423 γοῦν
3604 1359 3857 1426 πτωχεύῃ

2248 1448 2345 1502 τήν
2385 1446 2576 1518 σάρκα,
2606 1442 2734 1495 ἀλλά
2758 1448 2847 1495 καὶ
2878 1442 3040 1501 οὕτως
3063 1445 3222 1514 μέγας
3246 1444 3398 1493 ἔσται
3426 1444 3604 1513 ὥσπερ
3631 1438 3715 1498 ἧν.

2321 1539 2423 1584 Τοῦ
2473 1532 2653 1585 αὐτοῦ.
2710 1532 2899 1584 Οὐκέτι
2962 1535 3025 1582 σὺ
3084 1536 3172 1588 τήν
3229 1529 3414 1588 κλῆσιν
3482 1531 3862 1602 ὀνοματοθιτήο

2253 1641 2378 1685 σεις,
2442 1621 2546 1673 ἀλλ’
2602 1621 2786 1682 ἐκεῖνος
2837 1620 3176 1679 κληθήσεται.
3212 1622 3361 1691 [Ιαρά
3409 1624 3562 1683 τίνος,
3613 1621 3643 1677 ἦ
3698 1616 3861 1677 δηλο-

485 1709 604 1765 lem
634 1708 914 1764 Patrem?
942 1710 1121 1765 Nemo
1153 1709 1300 1764 enim
1331 1711 1489 1764 novit
1518 1709 1733 1764 Filium
1785 1708 1901 1764 nisi
1925 1710 2095 1763 Pater
2124 1726 2134 1775 ;

2253 1715 2357 1762 νότι
2409 1714 2550 1783 παρά
2606 1718 2694 1762 τοῦ
2753 1712 3035 1781 όμοουσίου
3082 1713 3322 1781 Πατρός;
3364 1705 3542 1770 οὐδεὶς
3588 1712 3692 1779 γὰρ
3752 1707 3860 1761 οἶδε

484 1798 545 1853 in
566 1813 686 1869 quo
714 1803 915 1853 autem
952 1805 1035 1853 est
1065 1814 1206 1853 vera
1224 1799 1482 1867 cognitio
1531 1797 1730 1868 geniti,
1765 1798 1859 1852 hic
1917 1813 2139 1852 nomen

484 1888 845 1959 imposuisse
884 1887 1249 1943 conveniens
1292 1887 1391 1957 qui
1432 1886 1723 1953 credatur,
1780 1885 1995 1956 dignus
2028 1893 2134 1940 est.

483 1979 800 2049 Propterea
836 1977 1014 2032 dicit:
1046 1976 1144 2031 Hic
1174 1982 1253 2032 est
1299 1977 1487 2030 Filius
1535 1990 1695 2031 meus
1740 1976 2009 2031 dilectus.
2044 1975 2139 2029 Est

479 2064 658 2136 igitur
705 2080 963 2137 semper,
1010 2063 1119 2119 etsi
1160 2079 1318 2119 nunc
1379 2079 1597 2119 nomen
1630 2063 1707 2118 illi
1740 2063 1817 2119 ad
1868 2066 2135 2118 nostram

482 2152 930 2209 instructionem
946 2152 1440 2209 declaratur.ldeo
1460 2151 2136 2223 vocabitur,inquit,non

482 2240 600 2296 ﬁet.
636 2244 768 2297 Erat
797 2242 956 2297 enim
991 2248 1126 2297 ante
1184 2241 1406 2297 saecula
1458 2240 1978 2298 consubstantialis
2017 2256 2138 2296 una

485 2345 623 2385 cum
656 2330 827 2386 Patre
869 2346 1146 2400 regnans.
1184 2333 1347 2385 Hunc
1378 2330 1699 2402 concipies,
1734 2330 1910 2399 hujus
1950 2336 2139 2384 mater

484 2418 852 2485 ostenderis;
894 2419 1054 2474 hunc
1094 2425 1233 2474 tuus
1300 2420 1599 2488 virgineus
1656 2424 1856 2474 uterus
1909 2418 2133 2490 recipit,

482 2521 664 2577 quem
695 2506 978 2561 caelorum
1010 2507 1386 2562 immensitas
1416 2522 1537 2562 non
1569 2507 1850 2563 continet.

552 2682 765 2739 Pholii.
797 2680 913 2738 Sed
940 2682 1087 2755 quid
1113 2682 1191 2739 ad
1213 2682 1324 2739 ista
1343 2683 1712 2738 sanctissima
1743 2682 1919 2751 Virgo
1939 2684 1966 2737 ?
1991 2698 2133 2737 num

478 2773 682 2831 verbis
710 2772 1022 2837 mollitam,
1053 2781 1154 2830 aut
1212 2773 1530 2829 intellectui
1576 2773 1844 2828 auditum
1890 2772 2139 2828 libenter

484 2863 853 2936 praebentem
876 2862 1375 2918 dixitinconsulto
1402 2877 1717 2919 assensum
1731 2878 1792 2918 se
1819 2862 2137 2934 praestare?

484 2968 751 3008 minime.

556 3130 689 3185 CAP.
734 3130 800 3184 II.
843 3131 1010 3184 Vens.
1057 3129 1144 3184 34.
1209 3127 1430 3185 Photii.
1476 3127 1623 3191 Scio,
1657 3127 1867 3199 inquit,
1911 3132 2133 3200 aperte,

484 3220 548 3274 ut
603 3222 984 3289 conceptum,
1038 3215 1535 3287 praegnationem,
1568 3220 1621 3270 et
1650 3214 1859 3270 Filium
1906 3215 2049 3271 mihi
2080 3221 2136 3272 et

482 3310 721 3377 partum
762 3321 1025 3361 enarras.
1096 3306 1209 3361 Sed
1270 3304 1460 3360 multo
1527 3304 1719 3373 magis
1777 3304 2133 3360 anxietatem

485 3393 721 3459 auxisti,
763 3410 799 3449 o
830 3393 1078 3462 Angele;
1121 3397 1328 3464 partus
1366 3393 1525 3448 enim
1565 3393 1761 3448 omnis
1792 3393 1896 3448 viri
1935 3394 2136 3463 cogni-

483 3484 641 3539 tione
675 3487 1070 3553 comparatur.
1114 3482 1240 3537 Mea
1292 3486 1491 3537 autem
1538 3482 1801 3537 virorum
1856 3483 2134 3537 societate

484 3571 886 3637 abhorrentia,
921 3586 1041 3627 non
1065 3571 1211 3627 mihi
1238 3572 1500 3643 primum
1519 3569 1967 3640 intelligentiam
1987 3587 2133 3642 prae-

484 3661 714 3733 statbuj
728 3677 795 3714 us
813 3661 1241 3732 conceptionis;
1267 3659 1573 3732 quomodo
1586 3674 1728 3729 ergo
1746 3660 1849 3715 erit
1872 3660 2128 3728 genitus,

483 3751 655 3821 cujus
683 3750 914 3819 genitor
942 3765 1065 3805 non
1106 3750 1483 3820 cognoscitur
1502 3748 1529 3803 7

553 3839 768 3895 Photiz’.
811 3838 919 3906 Qui
968 3838 1130 3893 enim
1198 3837 1518 3893 sterilitatis
1574 3837 1877 3893 vinculum
1936 3837 2127 3905 solvit,

481 3928 608 4001 ipse
636 3934 869 4001 partum
901 3928 980 3983 illi
1003 3932 1197 4000 potest
1217 3932 1520 3998 praestare,
1545 3927 1775 3999 absque
1792 3926 1898 3982 viri
1920 3943 2132 3999 coope—

479 4017 733 4074 ratione.
770 4018 877 4083 Qui
906 4018 1064 4072 enim
1089 4017 1370 4072 siccatam
1401 4016 1662 4072 radicem
1682 4017 1741 4071 in
1768 4016 2129 4072 fructiferam

481 4107 737 4178 stipitem
765 4110 1080 4168 restaurat,
1112 4105 1207 4160 hic
1224 4121 1466 4177 quoque
1492 4105 1617 4159 sine
1634 4105 1886 4159 humore
1926 4121 2129 4177 agrum

478 4195 540 4251 in
571 4196 895 4251 fecundum
927 4210 1140 4250 arvum
1170 4193 1249 4247 illi
1278 4192 1609 4249 renovabit.
1661 4193 1760 4249 Sin
1800 4199 1990 4249 autem
2029 4211 2128 4250 vo-

478 4284 651 4340 luerit
681 4300 784 4356 per
815 4282 1092 4355 exempla
1145 4283 1327 4338 ﬁdem
1357 4283 1573 4337 horum
1605 4298 1738 4354 qua;
1793 4284 2131 4338 nuntiantur

2248 1803 2333 1851 τόν
2382 1802 2519 1863 Υἰόν,
2556 1800 2598 1851 εἰ
2652 1803 2722 1871 μή
2778 1800 2802 1850 ό
2856 1803 3059 1870 Πατήρ*
3092 1798 3213 1870 παρ’
3273 1797 3333 1849 οὗ
3388 1793 3445 1849 δὲ
3496 1806 3696 1868 γνῶσις
3743 1797 3860 1857 6th:-

2251 1891 2344 1949 θὴς
2388 1896 2478 1941 τοῦ
2517 1893 2853 1959 γεννήματος,
2884 1887 3037 1948 οὗτος
3084 1885 3333 1938 ἐπιθεῖναι
3373 1891 3461 1937 καὶ
3506 1886 3701 1945 κλῆσιν
3741 1907 3858 1939 κατ-

2248 1977 2463 2034 άλληλον
2532 1975 2873 2038 ἀξιόπιστος·
2928 1972 3013 2029 διὸ
3056 1980 3147 2027 καί
3202 1993 3379 2047 φησιν⁸
3434 1976 3607 2037 Οὗτός
3666 1975 3784 2029 ἐστι
3833 1980 3855 2027 6

2248 2069 2363 2127 Υἱός
2414 2085 2513 2138 μου
2570 2067 2595 2116 6
2645 2064 2933 2135 ἀγαπητός.
2966 2064 3145 2117 Ἔστιν
3183 2060 3269 2116 οἶν
3312 2063 3412 2129 ἀεὶ,
3459 2064 3504 2116 εἰ
3550 2070 3647 2117 καὶ
3696 2074 3788 2116 νῦν
3826 2067 3852 2121 ἡ

2246 2156 2429 2215 κλῆσις
2472 2155 2610 2224 αὐτῷ
2647 2154 2719 2216 εἰς
2771 2156 3024 2226 ἡμετέραν
3073 2149 3424 2206 διδασκαλίαν
3473 2159 3856 2226 πεφανέρωται.

2247 2248 2341 2297 Διά
2406 2252 2555 2296 τοῦτο
2620 2248 2709 2295 καὶ
2776 2243 3115 2307 κληθήσεται,
3188 2247 3368 2313 φησιν,
3420 2242 3478 2293 οὗ
3550 2248 3853 2313 γενήσεται.

2246 2334 2341 2385 Ἦν
2388 2336 2489 2406 γὰρ
2543 2337 2631 2384 καὶ
2680 2336 2779 2406 πρὸ
2826 2331 3022 2383 αἰώνων
3068 2338 3138 2401 τῷ
3179 2333 3443 2402 ὁμοουσίῳ
3495 2328 3856 2403 συνεδριάζων

2248 2427 2431 2496 Πατρί.
2464 2428 2655 2474 Τοῦτον
2707 2418 2971 2492 συλλήψη,
3011 2422 3197 2471 τούτου
3241 2424 3418 2490 μήτηρ
3453 2415 3857 2491 ἀναδειχθήσζ,

2244 2520 2423 2564 τουτον
2446 2513 2470 2563 6
2500 2513 2588 2570 σός
2614 2511 2920 2583 παρθενικὰς
2941 2505 3266 2579 ὑποδέχεται
3294 2507 3505 2575 κόλπος,
3536 2509 3591 2559 ὃν
3621 2509 3857 2581 οὖράνιον

2247 2601 2341 2653 οὐκ
2368 2599 2542 2673 ἐχὼρη
2554 2618 2608 2651 σε
2638 2605 2811 2659 κῦτος.

2323 2690 2402 2759 [Ρ.
2456 2688 2537 2743 18.
2581 2687 2655 2757 α.]
2703 2690 2921 2739 Φωτίου.
2976 2685 3132 2739 Ἀ).λά
3182 2690 3233 2737 τί
3274 2689 3401 2758 πρὸς
3434 2693 3607 2737 ταῦτα
3646 2688 3677 2744 ἡ
3736 2707 3859 2738 παν.

2249 2783 2375 2849 αγία
2428 2779 2717 2851 Παρθένος;
2765 2769 2867 2847 ἀρα
2921 2774 3071 2835 εὐθὺς
3126 2774 3557 2845 κατεμαλακίσθη
3620 2782 3731 2836 τοῖς
3776 2776 3856 2826 λό-

2246 2886 2380 2938 γοις,
2410 2868 2440 2925 ἡ
2475 2869 2567 2927 τὰς
2607 2864 2765 2927 ἀκοὰς
2806 2861 2975 2925 ἡδέως
3015 2862 3393 2915 ἀναπετάσασα
3433 2871 3538 2923 τοῖς
3581 2864 3857 2936 λογισμοῖς

2249 2956 2402 3027 ἐφῆκε
2456 2959 2620 3029 φέρειν
2687 2952 3030 3015 ἀνεξετάστως
3086 2956 3180 3009 τήν
3248 2954 3685 3022 συγκατάθεσιν;
3757 2953 3852 3005 Οὓς

2173 3032 2213 3087 C
2251 3041 2450 3116 δαμῶς.

2316 3132 2403 3205 [Ρ.
2442 3134 2501 3188 18
2542 3132 2620 3202 a.]
2664 3135 2882 3186 Φωτίου.
2917 3125 3078 3193 Οἶδα,
3109 3134 3287 3200 φησιν,
3331 3128 3583 3201 ἐμφανῶς,
3618 3132 3689 3190 ὡς
3737 3129 3853 3182 σύλ-

2245 3222 2403 3293 ληψιν
2457 3226 2545 3273 καὶ
2602 3224 2901 3292 κυεφορίαν,
2941 3223 3030 3271 καὶ
3080 3221 3199 3272 Υὶόν
3252 3238 3360 3289 μοι,
3409 3224 3500 3270 καὶ
3549 3223 3725 3284 τόκον,
3775 3220 3853 3270 1.6-

2244 3318 2542 3384 γοσγραφείς.
2595 3309 2748 3362 Ἀλλά
2790 3308 2958 3377 πολλῷ
3008 3307 3156 3360 πλέον
3207 3308 3438 3369 ηὔξησας
3486 3312 3580 3366 τήν
3631 3307 3849 3381 ἀπορίαι

2246 3399 2285 3451 ὦ
2315 3399 2511 3471 ἄγγελε.
2546 3404 2706 3459 Τόκος
2752 3400 2848 3470 γὰρ
2889 3396 3047 3463 ἄπας,
3082 3392 3271 3469 ἀνδρὸς
3315 3402 3559 3469 κοινωνίᾳ
3608 3402 3849 3449 συνίστα-

2244 3506 2348 3541 ται·
2384 3491 2411 3546 ή
2448 3484 2506 3540 δὲ
2539 3496 2625 3547 τῆς
2668 3490 2799 3558 πρὸς
2829 3482 3025 3559 ἄνδρας
3079 3485 3283 3557 ὁμιλίας
3328 3484 3692 3558 ἀλλοτρίωσις,
3725 3484 3848 3538 οὐδὲ

2245 3583 2336 3635 τήν
2370 3576 2543 3651 ἀρχήν
2569 3577 2640 3638 εἰς
2695 3575 2849 3633 ἀκοήν
2891 3579 3207 3648 κατέρχεται
3254 3584 3347 3636 τῆς
3381 3574 3701 3645 συλλήψεως.
3738 3582 3848 3635 Πῶς

2244 3663 2330 3718 οὖν
2396 3669 2542 3718 ἔσται
2614 3684 2705 3737 μοι
2781 3668 3025 3736 γέννημα,
3084 3663 3143 3716 οὗ
3218 3668 3472 3735 γεννήτωρ
3528 3664 3623 3716 οὐκ
3695 3663 3845 3735 5729'»-

2241 3772 2455 3829 ρισται;

2312 3844 2472 3917 [Pag.
2535 3846 2590 3897 21
2654 3843 2730 3913 a.]
2791 3846 3010 3897 Φωτίου.
3061 3841 3119 3893 Ὀ
3170 3844 3271 3914 γὰρ
3341 3847 3658 3915 στειρὼσεως
3712 3843 3845 3896 λύων

2244 3930 2435 4005 δεσμὰ,
2486 3932 2638 3993 αὑτός
2682 3938 2770 3984 καὶ
2817 3932 2965 3984 τόκον
3018 3931 3186 4002 ἐαυτῷ
3240 3928 3462 3983 δύναται
3515 3936 3843 3986 κατασκευά-

2244 4041 2353 4089 σαι,
2384 4019 2519 4094 δίχα
2555 4026 2819 4093 μεσιτείας
2858 4018 3065 4093 ἀνδρὸς.
3093 4020 3151 4073 Ὀ
3183 4024 3269 4078 τήν
3304 4020 3650 4093 ξηρανθεῖσαν
3689 4024 3844 4095 ῥίζαν

2242 4112 2308 4173 εἰς
2367 4116 2691 4187 καρποφόρον
2743 4109 2984 4181 στέλεχος
3029 4107 3344 4176 ἁνανιώσας,
3395 4109 3554 4171 αὐτὸς
3609 4118 3700 4164 καὶ
3750 4118 3844 4171 τήν

2241 4203 2455 4274 ἄνικμον
2516 4202 2742 4274 ἄρουραν
2814 4200 2880 4260 εὶς
2933 4198 3141 4273 εὔφορον
3191 4205 3372 4272 χώραν
3425 4198 3591 4269 ἐαυτῷ
3659 4219 3845 4253 καινο-

2240 4297 2471 4350 ποιήσει.
2504 4289 2604 4343 Ἂν
2637 4287 2696 4342 δὲ
2728 4288 2892 4362 βούλῃ
2938 4293 3027 4341 καὶ
3075 4285 3473 4363 παραδείγμασι
3521 4298 3623 4341 τῶν
3674 4289 3846 4363 ἀπηγ-

479 4373 769 4444 accipere,
804 4372 1001 4444 parvis
1033 4386 1253 4441 magna
1274 4386 1665 4442 componens,
1686 4375 1741 4427 et
1771 4386 1876 4443 per
1896 4377 2131 4443 praeter-

2253 4380 2486 4453 γελμένων
2538 4382 2631 4437 τὴν
2682 4357 2879 4431 πίστιν.
2909 4357 3346 4452 παραδέξασθαι,
3384 4384 3596 4450 μικροῖς
3644 4381 3712 4430 τὰ
3760 4357 3849 4452 μὶ-

478 4463 559 4519 ita
582 4462 763 4518 fidem
792 4461 1024 4517 addens
1082 4460 1322 4527 futuris;
1352 4461 1434 4515 ita
1465 4461 1754 4530 concipies
1784 4462 1846 4515 in
1881 4467 2047 4517 utero
2076 4470 2127 4518 et

473 4551 666 4623 paries
689 4550 895 4619 ﬁlium,
926 4553 986 4604 ut
1009 4548 1177 4619 virga
1232 4555 1431 4604 Aaron
1486 4548 1705 4605 inculta
1754 4549 2126 4619 germinavit,

476 4639 651 4712 quasi
686 4639 959 4694 radicum
988 4653 1096 4709 ope
1123 4637 1361 4708 adjuta;
1395 4644 1461 4692 ut
1483 4654 1583 4693 ros
1610 4654 1640 4693 e
1670 4638 1821 4694 caelo
1860 4638 1917 4693 in
1946 4639 2127 4694 vellus

474 4728 864 4798 descendens,
906 4727 1103 4798 ipsum
1162 4725 1344 4781 solum
1396 4725 1628 4796 rigavit,
1662 4731 1877 4782 terram
1926 4733 2124 4783 autem

474 4832 596 4873 non
623 4816 1017 4882 humectavit;
1050 4820 1115 4871 ut
1152 4816 1332 4870 rubus
1369 4816 1507 4884 igne
1539 4815 1699 4880 arsit,
1732 4823 1787 4870 et
1814 4815 2126 4871 ﬂammam

472 4905 742 4960 nutriens
784 4921 904 4961 non
956 4910 1339 4976 consumptus
1365 4909 1483 4960 est:
1518 4904 1601 4959 sic
1633 4910 1688 4959 et
1717 4908 1780 4959 tu
1828 4905 2126 4976 concipies

472 4992 685 5057 ﬁlium,
717 5010 959 5049 carnem
998 5000 1319 5066 praestans,
1362 4992 1708 5049 alimentum
1748 4993 2125 5049 immateriali

472 5082 596 5151 igni
635 5082 925 5153 przebens,
982 5090 1037 5139 et
1083 5082 1699 5154 incorruptibilitatem
1738 5098 2121 5141 conservans.

474 5173 607 5227 Haec
632 5170 789 5226 enim
813 5175 980 5227 tuam
1008 5172 1239 5243 pridem
1269 5171 1740 5243 praeﬁgurabant
1767 5172 2121 5243 praegnatio-

471 5275 643 5326 nem;
702 5260 989 5316 innovate
1037 5265 1175 5315 sunt
1222 5262 1333 5317 ista
1380 5266 1436 5316 et
1505 5262 1995 5333 praeexstiterunt,
2058 5266 2122 5318 ut

471 5348 735 5422 mysterii
766 5349 825 5404 in
855 5354 908 5404 te
938 5348 1271 5406 exsistentis
1328 5350 1744 5407 adumbrarent
1789 5350 2121 5423 incompre-

466 5439 947 5499 hensibilitatem.

2238 4469 2375 4542 γάλα
2429 4468 2732 4532 εἰκάζουσα,
2791 4471 2879 4519 καὶ
2936 4472 3037 4526 τοῖς
3097 4468 3331 4538 φθάσασι
3395 4470 3721 4539 πιστουμένη
3782 4471 3847 4520 τὰ

2240 4558 2504 4632 μελλοντα,
2587 4558 2749 4617 οὕτως
2831 4554 3069 4628 συλλήψῃ
3147 4557 3195 4607 ἐν
3272 4559 3465 4627 γαστρὶ
3547 4560 3641 4607 καὶ
3721 4557 3842 4628 τέξῃ

2240 4652 2371 4713 υἱόν,
2424 4649 2494 4709 ὡς
2540 4648 2569 4704 ἡ
2633 4641 2831 4719 ῥάϐδος
2874 4646 3074 4715 Ἀαρὼν
3123 4642 3462 4715 ἀγεωργήτους
3524 4642 3845 4705 ἐϐλάστησι,

2239 4742 2302 4790 τὰ
2354 4746 2451 4789 τῶν
2501 4735 2848 4810 ἐρριζωμένων
2897 4733 3240 4807 ἐνεργήσασα·
3290 4735 3354 4793 ὡς
3404 4734 3427 4785 6
3488 4735 3633 4795 ὑετὸς
3684 4736 3844 4809 οὖρα-

2235 4830 2376 4880 νόθεν
2422 4826 2507 4878 ἐπὶ
2545 4828 2631 4877 τόν
2677 4828 2835 4876 πόκον
2879 4829 3169 4895 φερόμενος,
3211 4822 3362 4874 αὐτὸν
3411 4826 3564 4892 μόνον
3611 4823 3843 4887 ἑπότιζε,

2236 4921 2323 4975 τὴν
2365 4912 2423 4967 δι
2465 4922 2562 4986 γῆν
2609 4914 2702 4966 οὐκ
2750 4909 3021 4986 ἐδρόσιζεν
3052 4928 3064 4941 ·
3100 4914 3164 4971 ὡς
3198 4912 3228 4970 ἡ
3276 4909 3439 4982 βάτος
3477 4914 3536 4963 τὸ
3584 4921 3692 4988 πῦρ
3744 4916 3843 4966 υπ-

2237 5003 2468 5076 εὸἐχετο,
2496 5007 2585 5055 καὶ
2610 5008 2704 5060 τήν
2735 5001 2898 5074 φλόγα
2936 5004 3217 5074 τρέφουσα,
3249 5000 3344 5052 οὐκ
3391 4998 3672 5072 ἐφθείρετο.
3709 5003 3845 5054 οὕτω

2232 5100 2319 5145 καὶ
2371 5100 2434 5145 σὺ
2486 5091 2724 5165 συλλήψη
2778 5092 2887 5142 υἱόν
2937 5092 3110 5166 σάρκα
3153 5085 3492 5154 δανείζουσα,
3524 5095 3725 5164 τροφὸν
3776 5100 3844 5161 τῷ

2234 5182 2370 5253 ἀύλῳ
2423 5185 2547 5253 πυρὶ
2610 5184 2942 5254 παρέχουσα,
2999 5183 3089 5231 καὶ
3151 5182 3245 5236 τήν
3307 5176 3612 5252 ἀφθαρσίαν
3668 5178 3845 5233 ἀνθέλ-

2230 5290 2417 5324 κουσα.
2472 5277 2649 5323 Ταῦτα
2692 5272 2791 5342 γὰρ
2845 5273 2940 5326 τήν
2991 5272 3087 5327 σὴν
3135 5266 3396 5341 πόρρωθεν
3442 5271 3843 5341 προιζωγράφει

2229 5362 2508 5431 κυοφορίαν
2541 5378 2553 5392 ·
2635 5357 2996 5415 ἐκαίνοποιήθη
3076 5363 3242 5409 ταῦτα
3315 5359 3408 5408 καὶ
3502 5361 3840 5430 προῠπέστι,

2231 5445 2314 5497 ἵνα
2353 5453 2442 5498 τοῦ
2488 5449 2624 5499 κατά
2665 5450 2721 5500 σὲ
2763 5449 3058 5521 μυστηρίου
3106 5449 3481 5518 σκιαγραφήσῃ
3535 5448 3597 5497 τό
3653 5444 3841 5499 ἀκατά-

2228 5530 2290 5590 λη
2298 5550 2444 5584 πτον.
