4026 6206
159 331 183 385 1
198 327 302 385 221

1430 333 1863 392 FRAGMENTA
1909 336 1982 392 IN
2019 341 2285 400 LUCAM.

3393 358 3531 412 1222

221 454 391 528 [Pag.
450 456 518 509 22
566 453 650 524 b.]
711 459 930 510 Φωτίου.
991 457 1130 512 Ἐπεί
1173 480 1284 533 μοι,
1342 467 1493 534 φησι,
1556 469 1764 534 Πνεῦμα

1951 464 2168 524 ΡΙιοιίί.
2218 471 2512 535 Quoniam
2557 471 2724 543 mihi,
2786 475 2996 547 inquit,
3050 477 3334 548 Spiritum
3401 497 3541 538 san-

147 544 306 616 ἄγιον
368 541 733 596 ἐπελεύσεσθαι
791 541 1158 619 διετράνωσας,
1219 549 1390 603 ούκέτι
1459 550 1770 612 ἀντιπίπτω,

147 631 281 686 οὐδε
343 631 607 704 ἀντιλέγω.
662 636 932 693 Γενηθήτω
999 657 1090 709 μοι
1146 641 1283 690 κατά
1348 643 1403 691 τό
1449 641 1596 714 ῥῆμά
1655 658 1770 691 σου.

150 723 215 775 Εἰ
267 719 390 784 ἀξία
436 728 507 791 τῷ
559 725 792 795 Δεσπότη
843 728 1114 797 κρίνομαι,
1155 727 1475 800 ὑπουργήσω
1503 732 1775 802 χαίρουσα

149 819 227 882 τῷ
262 810 512 882 θελήματι
545 828 557 842 ·
588 810 632 863 εἰ
680 813 705 863 ὁ
767 811 1016 876 Πλάστης
1070 821 1141 885 τῷ
1197 816 1468 889 πλάσματι
1513 816 1774 870 ἀναπαύε-

150 919 271 971 ται,
321 896 664 971 οἰκοδομείτω
717 904 804 953 τόν
853 899 994 956 οἶκον
1059 903 1212 964 αὐτὸς
1265 904 1448 977 ἑαυτῷ,
1506 909 1573 968 ὡς
1626 903 1773 959 εὑδό-

150 1008 292 1047 κησε
322 1006 337 1020 ο
376 987 779 1050 ζωοπλαστείτω
831 989 880 1042 ἐν
911 991 1027 1064 ἐμοὶ
1069 997 1163 1050 τὴν
1223 996 1396 1067 σάρκα
1437 1000 1528 1054 τὴν
1569 995 1772 1048 ἑαυτοῦ,

151 1081 228 1141 ὡς
279 1074 418 1131 οἶδεν
450 1078 604 1139 αὐτὸς
660 1083 747 1132 καὶ
796 1083 861 1142 ὡς
909 1080 1156 1154 βούλεται
1187 1095 1201 1111 ⁸
1231 1087 1429 1154 γένοιτό
1471 1105 1560 1157 μοι
1615 1088 1680 1138 τὰ
1710 1088 1778 1138 σά

149 1168 372 1241 ῥήματα
408 1170 766 1243 περατούμενα
793 1172 1091 1245 πράγματι.

231 1257 313 1328 [ρ.
347 1256 438 1310 27.
469 1256 572 1330 8.].
608 1262 827 1314 Φωτίου.
875 1259 934 1312 Ὁ
972 1259 1280 1337 ἀσπασμὸς,
1315 1265 1507 1316 ἄνωθεν
1539 1279 1552 1294 ⁸
1590 1265 1619 1322 ἡ
1654 1262 1776 1316 σύλ-

150 1345 317 1417 ληψις
347 1347 580 1419 ἄσπορος
613 1364 624 1375 ·
654 1349 684 1405 ἡ
720 1350 932 1415 κύησις,
979 1352 1254 1427 ἄφραστος
1285 1371 1297 1383 ·
1327 1349 1528 1417 ὠδῖνες,
1561 1351 1780 1424 ἀλόχευ.

151 1455 237 1488 τοι
271 1452 284 1466 ⁸
323 1440 545 1510 σφραγὶς
589 1444 686 1499 τῆς
723 1441 1016 1511 παρθενίας,
1053 1445 1082 1501 ἡ
1119 1451 1218 1496 τῶν
1249 1440 1448 1496 ὠδίνων
1479 1439 1725 1503 διάλυσις
1757 1456 1770 1470 ⁶

152 1527 178 1576 ό
234 1529 406 1594 τόκος,
465 1526 693 1602 ἄφθορος
750 1544 762 1557 ’
823 1534 912 1582 καὶ
963 1531 993 1588 ἡ
1055 1540 1316 1600 τεκοῦσα,
1378 1534 1628 1604 παρθένος
1690 1533 1781 1584 καὶ

153 1616 286 1686 μετά
368 1617 630 1685 γέννησιν.
703 1619 832 1679 Θεὸς
911 1617 958 1670 έν
1036 1627 1214 1695 σαρκὶ,
1299 1625 1357 1674 τὸ
1436 1626 1730 1693 τικτόμενον
1763 1632 1776 1646 ⁸

152 1705 314 1776 χορὸς
367 1701 614 1776 ἀγγέλων,
671 1703 820 1779 ᾆσμα
877 1711 934 1761 τὸ
999 1711 1176 1782 θαῦμα
1240 1714 1560 1785 ποιούμενοι.
1623 1711 1784 1766 Ἔνθα

149 1795 414 1845 τοσούτων
480 1798 570 1846 καὶ
647 1795 965 1853 τηλικούτων
1054 1797 1360 1872 συνδρομὴ,
1414 1809 1518 1861 πῶς
1595 1803 1655 1853 ἄν
1708 1810 1782 1854 τις
1817 1809 1858 1867 Β

153 1879 656 1956 διαμφισϐητήσειε,
709 1886 805 1938 κάν
889 1889 1058 1942 πάντα
1173 1889 1373 1943 ἀσεϐεῖν
1444 1893 1582 1943 ἔθετο
1645 1890 1784 1962 μελέ.

153 1992 268 2041 την,
304 1974 386 2025 ὅτι
441 1978 512 2045 μὴ
569 1977 698 2046 ούχὶ
749 1978 1000 2050 παρθένος
1055 1981 1082 2036 ἱ)
1166 1981 1423 2051 Παρθένος
1478 1984 1566 2031 καὶ
1620 1985 1784 2053 μέχρι

151 2061 334 2122 τέλους
379 2058 666 2134 διέμεινεν;
699 2065 832 2118 ὥστε
862 2067 891 2124 ἡ
940 2075 1041 2119 τῶν
1107 2067 1386 2141 ἀχράντων
1435 2069 1598 2140 λόγων
1656 2069 1784 2128 ἀλή-

154 2152 270 2203 θεια
317 2153 376 2203 τό
423 2155 514 2223 μεν
567 2149 872 2225 παράδοξον
899 2163 986 2208 καὶ
1020 2157 1276 2231 ὑπερφυὲς
1327 2163 1417 2211 καὶ
1463 2159 1590 2230 ὑπὲρ
1618 2161 1784 2212 κατά-

151 2238 335 2310 ληψιν,
385 2238 652 2298 ἠϐουλήθη
707 2251 1072 2317 παραστῆσαι,
1116 2248 1239 2319 ὅπερ
1300 2249 1414 2299 ἐστὶ
1481 2251 1627 2307 τόκος
1661 2249 1780 2300 ἄνευ

155 2323 349 2401 ἀνδρὸς
398 2327 723 2400 ἐπιγνώσεως
755 2347 768 2360 ’
801 2334 860 2383 τό
919 2328 978 2385 δὲ
1037 2338 1170 2406 μετά
1220 2342 1406 2404 ταῦτα,
1467 2342 1596 2388 νοεῖν
1660 2355 1782 2388 κατ·-

154 2419 322 2469 έλιπεν
353 2419 424 2478 ὡς
452 2415 752 2473 ἀκόλουθον.
779 2423 849 2473 Τὸ
877 2424 978 2496 γάρ
1010 2427 1104 2482 τὴν
1157 2423 1206 2476 ἐν
1250 2429 1386 2495 τόκῳ
1441 2427 1779 2497 παρθενεύου-

157 2524 276 2570 σαν,
328 2511 420 2558 καὶ
462 2509 522 2558 τὸ
567 2507 746 2560 λοιπὸν
797 2505 890 2561 διὰ
938 2509 1060 2583 βίου
1121 2515 1472 2587 παρθενεύειν,
1504 2517 1621 2566 οὗτε
1667 2534 1779 2566 και-

153 2597 236 2646 νόν
282 2594 415 2657 ὅλως
466 2596 494 2654 ἣ
543 2594 866 2672 παράδοξον,
903 2598 1030 2653 ἀλλὰ
1088 2606 1178 2654 καὶ
1233 2610 1342 2664 τοῖς
1399 2608 1778 2676 προηγησαμέ-

154 2705 255 2746 νοις
313 2684 367 2747 ὶξ
434 2684 716 2757 ἀναγκαίου
774 2689 967 2760 μᾶλλον
1027 2691 1286 2762 ἑπόμενον.
1340 2693 1537 2755 ’Ἀλλως
1593 2713 1646 2746 τε
1693 2695 1777 2745 καὶ

154 2781 255 2825 τῶν
322 2771 592 2826 Ἰουδαίων
668 2781 795 2839 τέως
877 2781 1229 2852 επιστομίζιιν
1305 2782 1330 2832 ὁ
1405 2781 1778 2852 εύαγγελιστὴς

154 2865 287 2932 ἔγνω
332 2865 390 2914 τὸ
423 2860 758 2936 βλάσφημον,
792 2865 841 2918 οἱ
885 2865 939 2918 ἔκ
988 2874 1225 2942 πορνείας
1288 2873 1374 2921 τόν
1433 2871 1664 2944 ἄσπορον
1694 2875 1776 2923 τό·

153 2969 246 3002 κον
273 2947 309 3003 δ
315 2956 538 3025 ιέσυρον.
574 2957 659 3006 Διὸ
685 2959 774 3006 καὶ
800 2959 926 3029 πρὸς
974 2961 1068 3015 τὴν
1111 2957 1310 3011 ἐκείνων
1353 2960 1439 3011 ἰστ
1461 2979 1582 3011 αται
1611 2963 1774 3012 κακό-

153 3060 324 3109 νοιαν,
388 3036 460 3093 δι’
515 3042 582 3093 ὧν
638 3051 821 3118 τρανοῖ
888 3053 983 3108 τῆς
1034 3050 1285 3110 τεκούσης
1348 3052 1410 3100 τὸ
1484 3047 1762 3122 ἀνέπαφον⁸

1882 556 2043 610 ctum
2072 565 2572 628 superventurum
2596 576 2727 618 esse
2750 563 3122 632 signiﬁcasti,
3154 582 3274 623 non
3299 571 3539 642 resisto,

1882 657 2002 699 non
2031 649 2393 706 contradico.
2426 651 2568 707 Fiat
2597 651 2743 708 mihi
2761 655 3083 711 secundum
3112 657 3350 714 verbum
3376 666 3538 716 tuum

1883 731 1930 786 si
1961 732 2146 803 digna
2177 752 2212 792 a
2245 739 2496 795 Domino
2537 740 2797 812 judicor,
2844 757 3027 813 pareo
3085 745 3358 814 gaudens
3413 749 3538 819 ejus

1883 821 2206 890 voluntati;
2241 827 2287 880 si
2319 827 2555 885 Creator
2583 831 2643 885 in
2675 836 2948 887 creatura
2975 839 3260 900 moratur,
3295 836 3542 894 aediﬁcet

1886 911 1998 966 sibi
2026 912 2155 984 ipse
2175 914 2448 982 domum,
2478 923 2541 974 ut
2567 918 2820 975 libuerit.
2851 920 3131 978 lnformet
3154 923 3211 978 in
3240 940 3337 980 me
3366 942 3542 982 suam

1886 1015 2150 1066 carnem,
2192 1009 2257 1060 ut
2286 1005 2392 1061 scit
2422 1005 2548 1079 ipse
2597 1013 2654 1065 et
2684 1015 2746 1066 ut
2792 1009 2951 1078 vult;
2980 1009 3127 1067 ﬁant
3185 1013 3333 1070 mihi
3358 1014 3546 1072 verba

1887 1092 1991 1145 tua
2017 1089 2212 1164 reipsa
2242 1093 2558 1167 completa.

1959 1269 2174 1328 Photii.
2233 1271 2520 1330 Salutatio
2573 1275 2866 1347 cmlestis;
2919 1280 3228 1352 conceptio
3286 1280 3410 1337 sine
3451 1298 3544 1338 se-

1892 1362 2082 1431 mine;
2119 1367 2450 1437 praagnatio
2490 1368 2844 1437 ineffabilis;
2878 1372 3116 1429 dolores
3167 1373 3294 1430 sine
3334 1379 3542 1446 partu:

1889 1456 2238 1528 virginitatis
2309 1460 2593 1531 sigillum,
2649 1463 2930 1520 dolorum
2977 1465 3280 1533 liberatio;
3336 1474 3544 1540 partus

1889 1549 2238 1619 inviolatus;
2272 1555 2503 1626 pariens
2535 1556 2700 1627 virgo
2726 1561 2784 1612 et
2817 1565 2954 1630 post
2993 1566 3268 1631 partum;
3307 1562 3456 1617 Deus
3486 1561 3546 1617 in

1891 1659 2088 1712 carne,
2121 1662 2301 1718 quem
2342 1651 2598 1722 peperit;
2633 1652 2978 1721 angelorum
3039 1653 3253 1709 chorus
3305 1656 3548 1712 canticis

1890 1739 2233 1810 prodigium
2281 1742 2730 1802 celebrantium.
2769 1746 2870 1801 Hic
2911 1747 3113 1802 talium
3145 1753 3199 1803 et
3243 1752 3545 1805 tantorum

1894 1831 1998 1887 fuit
2012 1848 2336 1891 concursus
2353 1837 2688 1909 ;quomodo
2702 1839 3551 1913 contenderetaliquis,quam-

1894 1924 1981 1979 vis
2029 1941 2208 1982 omne
2240 1929 2296 1984 in
2351 1929 2720 2002 impietatem
2779 1932 3042 1988 studium
3092 1935 3378 2005 posuerit,
3428 1951 3550 1991 non

1894 2018 2182 2089 virginem
2232 2021 2307 2076 ad
2353 2021 2533 2078 ﬁnem
2573 2024 3002 2096 permansisse,
3056 2043 3192 2081 cum
3225 2026 3548 2083 verborum

1893 2113 2381 2172 intemeratorum
2424 2117 2638 2172 veritas
2658 2118 2968 2174 ostendere
2997 2118 3244 2174 voluerit
3276 2136 3400 2175 rem
3435 2125 3553 2174 stu-

1891 2207 2154 2279 pendam
2186 2213 2240 2264 et
2268 2225 2452 2282 supra
2480 2216 2756 2266 naturam
2790 2217 2846 2268 et
2876 2211 3238 2267 intellectum
3271 2212 3549 2284 positam,

1891 2316 2024 2372 quae
2049 2307 2155 2367 est,
2187 2308 2394 2374 partus
2453 2305 2579 2360 sine
2610 2306 2718 2361 viri
2765 2304 3145 2376 cognitione?
3175 2307 3316 2372 Quae
3349 2310 3549 2362 autem

1891 2399 2236 2465 sequuntur,
2271 2397 2567 2470 explicare
2614 2398 2839 2464 inutile,
2899 2403 3098 2470 utpote
3152 2399 3544 2454 consectaria.

1891 2487 2188 2558 Virginem
2212 2490 2371 2545 enim
2404 2490 2461 2546 in
2489 2496 2665 2562 partu
2689 2489 2892 2556 fuisse,
2925 2495 2982 2546 et
3006 2491 3238 2562 reliqua
3272 2491 3388 2546 vita
3437 2491 3549 2546 vir-

1888 2580 2086 2650 ginem
2114 2598 2484 2653 permanere,
2512 2599 2704 2655 neque
2727 2599 2953 2640 novum
2975 2584 3223 2640 omnino
3249 2589 3335 2639 est
3357 2597 3552 2656 neque

1888 2674 2271 2744 stupendum,
2300 2676 2406 2731 sed
2431 2677 2630 2748 potius
2645 2677 2978 2733 necessario
2999 2693 3072 2732 ex
3107 2683 3280 2732 antea
3298 2676 3550 2733 narratis

1887 2767 2175 2838 sequitur.
2232 2774 2359 2824 Imo
2414 2769 2762 2826 Judaaorum
2815 2783 3059 2842 quoque
3115 2769 3546 2841 blasphemiam

1888 2861 2204 2918 retundere
2243 2862 2435 2934 potuit
2485 2863 2873 2934 evangelista,
2933 2863 3036 2934 qui
3067 2878 3098 2917 e
3151 2861 3544 2918 fornicatione

1886 2969 2015 3009 esse
2069 2953 2498 3011 inseminatum
2554 2961 2794 3028 partum
2827 2954 3254 3012 obtrectabant.
3309 2955 3442 3011 ldeo
3494 2960 3550 3011 et

1885 3048 2091 3098 contra
2121 3043 2359 3099 illorum
2387 3045 2613 3100 malam
2638 3049 2887 3100 mentem
2910 3048 3260 3114 statuuntur,
3290 3058 3548 3115 parquae

158 3128 292 3181 ἀλλά
330 3133 419 3182 καὶ
465 3133 524 3182 τό
573 3132 685 3197 ἕως,
744 3131 902 3187 ἐνίοτε
931 3137 1020 3206 μεν
1050 3140 1180 3212 πρὸς
1226 3133 1629 3197 ἀντιδιαστολὴν
1680 3146 1770 3192 τοῦ

1886 3131 2166 3202 parientis
2193 3132 2614 3188 inviolabilitas
2655 3133 3096 3189 demonstretur
3147 3133 3250 3188 sed
3275 3137 3328 3188 et
3350 3135 3408 3184 τὸ
3439 3132 3548 3188 do-

155 3216 344 3290 ἕφεξῆς
403 3223 622 3292 χρόνου,
681 3223 746 3283 ὡς
800 3225 1022 3297 εἴρηται,
1082 3225 1560 3300 παραλαμϐάνεται,
1611 3226 1770 3279 ἐνίοτε

148 3303 211 3360 δε
243 3304 327 3358 ἐπι
369 3303 599 3366 δηλώσει
626 3311 861 3382 μεγάλων
914 3315 1075 3388 ἔργων
1125 3318 1212 3366 καὶ
1250 3316 1562 3389 θεοπρεπῶν,
1598 3317 1768 3368 καθά-

149 3415 247 3470 περ
294 3403 405 3465 νῦν,
460 3397 518 3448 ού
567 3403 670 3470 μὴν
737 3404 865 3475 πρὸς
938 3399 1341 3462 ἀντιδιαστολὴν
1395 3402 1566 3476 ἐτέρου
1631 3409 1766 3477 χρό-

152 3503 247 3537 νου
295 3487 456 3549 τινός,
507 3486 633 3538 ἀλλὰ
671 3493 759 3540 καὶ
803 3489 1098 3543 τούναντίόν
1147 3492 1216 3553 εἰς
1264 3489 1601 3549 ύποδήλωσιν
1643 3495 1766 3546 ἄπει

156 3577 351 3648 ράντου
407 3571 791 3648 διαστήματος.
877 3584 974 3631 Καὶ
1042 3579 1272 3632 ἀνατελεί
1342 3583 1443 3653 γὰρ
1530 3580 1578 3633 ἐν
1651 3589 1765 3642 ταῖς

153 3665 380 3736 ἡμέραις
427 3663 586 3717 αύτοῦ
635 3662 972 3732 δικαιοσύνη,
1031 3669 1128 3729 ἕως
1177 3669 1238 3721 οὗ
1308 3668 1646 3746 ἀνταναιρεθῇ
1730 3673 1760 3729 ἠ

159 3751 377 3810 σελὴνηο
428 3757 540 3818 καὶ,
591 3757 763 3807 Κάθου
793 3754 847 3808 ἐκ
879 3753 1061 3819 δεξιῶν
1105 3778 1226 3829 μου,
1276 3759 1369 3822 ἕως
1411 3761 1472 3811 ἄν
1527 3761 1597 3812 θῶ
1644 3765 1764 3822 τοῦς

157 3839 388 3912 ἐχθρούς
459 3860 555 3893 σου
602 3841 888 3897 ὑποπόδιον
937 3852 1037 3897 τῶν
1087 3843 1265 3898 ποδῶν
1306 3866 1420 3900 σου·
1476 3853 1583 3913 καὶ,
1636 3849 1762 3902 Μεθ’

157 3930 305 4001 ὑμῶν
361 3929 468 4002 εἰμι
505 3931 598 3992 ἕως
635 3940 730 3993 τῆς
782 3933 1098 3996 συντελείας.
1173 3935 1330 3994 Δῆλον
1385 3939 1487 4009 γάρ
1547 3939 1619 3999 ’ὡς
1681 3937 1763 3989 έν-

155 4019 333 4070 ταῦθα
376 4022 434 4070 τό
474 4019 563 4079 ἕως
615 4020 672 4072 ού
730 4028 977 4094 χρονικόν
1043 4043 1095 4074 τι
1142 4025 1402 4098 μεθόριον,
1459 4031 1548 4078 καὶ
1607 4029 1765 4098 πέρας

154 4108 494 4180 παρεισάγει,
549 4111 761 4180 μέγεθος
820 4107 879 4163 δε
946 4113 1090 4164 θείων
1157 4116 1476 4187 πραγμάτων
1543 4116 1571 4172 ἠ
1631 4114 1765 4177 λέξις

154 4192 572 4270 παραδηλοῦσα,
630 4197 699 4260 εἰς
761 4197 1123 4274 ἀπεριόριστον
1169 4204 1466 4274 παράτασιν
1522 4207 1607 4255 τόν
1647 4212 1764 4256 νοῦν

152 4294 259 4338 τῶν
313 4284 727 4358 ἐντυγχανόντων
777 4286 1088 4362 ἀναπέμπει.
1144 4295 1242 4343 Καὶ
1297 4290 1428 4343 ἄλλα
1486 4288 1545 4344 δε
1600 4298 1764 4367 μυρία

155 4378 305 4428 ἔστιν
347 4376 525 4448 εὑρεῖν,
572 4373 644 4429 δι’
693 4377 761 4429 ὧν
801 4374 961 4438 δῆλον
1005 4381 1344 4449 καθίσταται,
1389 4383 1458 4442 ὡς
1505 4381 1618 4434 ἀντὶ
1673 4390 1766 4434 τοῦ

1880 3235 2004 3287 nec,
2035 3236 2196 3276 nunc
2225 3221 2285 3277 in
2325 3221 2670 3278 distantiam
2710 3221 2878 3278 seriei
2933 3221 3240 3292 temporis,
3297 3221 3548 3293 quando

1880 3309 2224 3376 adhibetur,
2273 3309 2638 3380 intelligitur,
2693 3327 2857 3367 nunc
2921 3310 2982 3365 in
3039 3309 3541 3380 signiﬁcationem

1879 3413 2242 3468 magnorum
2268 3405 2325 3455 et
2347 3399 2692 3456 divinorum
2734 3415 3017 3472 operum;
3049 3400 3205 3454 sicut
3233 3399 3328 3454 hic
3358 3398 3549 3454 sumi-

1879 3493 1992 3553 tur,
2020 3503 2141 3543 non
2167 3490 2225 3543 in
2269 3487 2607 3545 distantiam
2651 3488 2804 3544 alius
2851 3487 3176 3558 cujusdam
3229 3486 3542 3558 temporis,

1877 3577 1982 3632 sed
2009 3592 2040 3631 e
2065 3578 2361 3633 contrario
2391 3577 2463 3632 ad
2486 3577 2921 3632 ostendendam
2942 3575 3239 3632 inﬁnitam
3271 3573 3538 3630 duratio-

1876 3683 2038 3723 nem.
2081 3668 2303 3723 Etenim
2336 3672 2539 3738 surget
2566 3668 2626 3723 in
2657 3666 2865 3723 diebus
2904 3667 3036 3736 ejus
3065 3664 3311 3736 justitia,
3351 3663 3545 3720 donec

1876 3756 2213 3812 destruatur
2255 3756 2429 3824 luna;
2486 3761 2563 3820 et,
2615 3757 2829 3812 Sedea
2884 3755 3115 3812 dextris
3149 3754 3318 3818 meis,
3368 3751 3543 3809 donec

1874 3861 2092 3916 ponam
2123 3846 2383 3902 inimicos
2407 3852 2538 3900 tuos
2559 3845 2887 3902 scabetlum
2907 3845 3115 3914 pedum
3150 3843 3417 3898 tuorum‘
3450 3858 3463 3906 ;
3489 3845 3545 3897 et

1886 3933 2190 3991 Vobiscum
2213 3951 2341 3990 sum
2372 3935 2556 3990 donec
2587 3934 2777 3991 veniat
2809 3933 3250 3990 consummatio.
3293 3929 3543 3986 Evidens

1875 4025 2033 4080 enim
2066 4030 2157 4079 est
2179 4023 2253 4078 ibi
2284 4027 2341 4075 τὸ
2367 4024 2562 4088 donec,
2595 4039 2717 4078 non
2746 4021 3135 4094 temporalem
3163 4019 3411 4074 limitem
3439 4021 3544 4073 aut

1877 4113 2198 4168 terminum
2229 4112 2561 4178 adducere;
2609 4111 2731 4167 haec
2761 4127 2878 4166 vox
2929 4115 3130 4164 autem
3178 4104 3540 4175 magnitudi-

1875 4217 2014 4258 nem
2071 4201 2408 4257 divinarum
2476 4215 2670 4256 rerum
2725 4199 3066 4262 ostendens,
3122 4198 3180 4251 in
3244 4192 3541 4250 inﬁnitam

1876 4291 2286 4346 extensionem
2309 4291 2504 4346 ideam
2529 4305 2728 4344 rerum
2757 4304 2892 4359 quea
2913 4287 2993 4342 ibi
3015 4287 3336 4342 occurrunt
3355 4281 3542 4336 addu-

1876 4380 1971 4434 cit.
2004 4379 2132 4435 Alia
2153 4384 2353 4435 autem
2381 4377 2670 4450 permulta
2702 4376 2952 4431 inveniri
2987 4379 3252 4445 possunt,
3273 4386 3378 4444 per
3403 4386 3539 4442 quas

157 4460 418 4525 διηνεκῶς
470 4469 562 4518 καὶ
595 4465 669 4528 εἰς
719 4470 806 4519 τόν
869 4467 1050 4534 αἰῶνα,
1103 4469 1129 4526 ἡ
1189 4468 1322 4532 λέξις
1373 4469 1763 4544 παραλαμϐάνε

1886 4468 2184 4524 evidenter
2217 4468 2508 4535 statuitur,
2537 4467 2694 4522 hanc
2717 4480 2920 4520 vocem
2950 4479 3058 4534 pro
3081 4477 3198 4517 non
3219 4461 3539 4529 interrupto

154 4573 271 4606 ται.
329 4551 490 4606 Ὀταν
547 4551 634 4607 οὖν
680 4552 922 4618 δείξωσιν
965 4559 1014 4609 οἱ
1051 4558 1220 4610 πάντα
1259 4559 1489 4632 θρασεῖς,
1520 4562 1651 4632 μετά
1674 4565 1766 4619 τὴν

154 4652 257 4704 τῆς
291 4641 508 4705 σελήνης
536 4641 916 4719 ἀνταναίρεσιν,
956 4651 1050 4705 τὴν
1093 4654 1186 4699 τοῦ
1225 4653 1459 4721 Χριστοῦ
1498 4652 1587 4700 κάὶ
1635 4658 1766 4703 Θεοῦ

157 4735 314 4803 ἡμῶν
363 4728 704 4791 δικαιοσύνην
759 4733 832 4797 εἰς
875 4738 932 4786 τὸ
987 4740 1057 4803 μὴ
1113 4736 1166 4787 ὃν
1218 4734 1609 4804 καταδύουσαν,
1679 4745 1767 4792 καὶ

157 4822 298 4894 μετά
348 4840 410 4892 γε
462 4826 520 4874 τό
567 4823 881 4881 ύποτεθῆναι
935 4829 1054 4887 τούς
1103 4825 1322 4899 ἐχθροὺς
1361 4827 1518 4880 αὐτοῦ
1570 4835 1664 4888 τῆς
1711 4827 1768 4880 ἐκ

158 4907 354 4972 δεξιῶν
391 4908 654 4982 καθέδρας
693 4919 786 4964 τοῦ
827 4916 1032 4986 Πατρός
1087 4919 1544 4988 παρακινούμενον,
1587 4921 1616 4974 ἤ
1679 4923 1768 4970 καὶ

155 5000 300 5073 μετά
350 5003 440 5056 τὴν
489 4999 777 5053 συντέλειαν
829 5009 917 5053 τοῦ
970 5002 1169 5070 αἰῶνος,
1222 5005 1305 5056 ὅτε
1345 5004 1536 5076 μᾶλλον
1591 5005 1769 5068 αὐτοῖς

156 5089 190 5145 ἠ
253 5085 517 5148 οἰκείωσις
563 5097 662 5140 τῶν
718 5091 964 5162 μαθητῶν
1002 5089 1368 5164 ἀφιστάμενον,
1409 5098 1527 5146 τότε
1585 5091 1770 5148 διαπο-

153 5179 425 5249 ρείτωσαν
452 5181 542 5229 καὶ
571 5177 614 5229 εί
644 5181 773 5250 μετά
802 5183 888 5231 τόν
918 5179 1142 5255 ἄρρητον
1171 5186 1321 5234 τόκον
1352 5179 1539 5256 ἀνδρὸς
1563 5183 1770 5256 ὁμιλίας

155 5267 190 5324 ἡ
226 5265 486 5337 Παρθένος
525 5265 844 5339 ἐμελέτησεν.

236 5352 405 5427 [pag.
467 5359 556 5421 39,
614 5356 699 5430 8.]
756 5362 976 5413 hirtos.
1029 5358 1333 5422 Συντελέσας
1385 5362 1411 5414 ὁ
1475 5361 1771 5436 πρεσϐύτης

153 5447 258 5502 τὴν
309 5443 380 5506 εἰς
430 5448 487 5498 τὸ
527 5450 670 5499 Θείον
737 5443 1062 5521 δοξολογίαν,
1125 5453 1368 5526 τρέπεται
1427 5450 1605 5504 λοιπὸν
1688 5452 1772 5505 ἐπὶ

239 5621 258 5656 ¹
293 5621 448 5679 Psal.
479 5637 592 5691 eux,
632 5628 681 5680 1.

1878 4563 1935 4613 et
1963 4558 2021 4612 in
2056 4557 2278 4614 smcula
2315 4557 2561 4613 assumi.
2597 4554 2848 4620 Quando
2901 4552 3079 4623 igitur
3121 4550 3213 4606 isti
3269 4548 3541 4605 audacis-

1879 4649 2032 4713 simi,
2066 4649 2406 4715 ostendunt,
2441 4651 2574 4716 post
2600 4644 2761 4700 lunas
2811 4639 3280 4698 destructionem
3322 4637 3533 4695 Christi

1878 4743 1934 4793 et
1961 4738 2054 4793 Dei
2087 4735 2586 4805 nostrijustitiam
2609 4735 2669 4789 in
2695 4733 2950 4789 nihilum
3015 4728 3243 4794 reduci,
3298 4731 3537 4798 etpost-

1878 4825 2252 4899 quampositi
2287 4824 2504 4879 fuerint
2547 4823 2661 4878 sub
2709 4820 2969 4894 pedibus
3018 4819 3151 4890 ejus
3205 4814 3538 4878 inimici,il-

1878 4915 2004 4971 lum
2035 4915 2225 4971 esede
2256 4914 2334 4970 ad
2366 4913 2555 4968 Patris
2607 4913 2914 4967 dexteram
2962 4908 3154 4979 dejici,
3205 4909 3311 4962 aut
3356 4904 3535 4961 etiam

1878 5010 2016 5078 post
2061 5002 2642 5060 consummationem
2673 4998 2894 5064 saeculi,
2941 5013 3079 5052 cum
3133 4996 3328 5068 potius
3359 4993 3471 5065 ipsi
3503 5009 3540 5049 a

1879 5093 2310 5166 discipulorum
2365 5092 2668 5147 mansione
2723 5087 3298 5160 repellentur,tunc
3353 5083 3540 5139 ambi-

1880 5191 2043 5256 gant,
2079 5197 2156 5238 an
2189 5186 2320 5253 post
2344 5179 2707 5236 ineﬁabilem
2755 5181 2994 5249 partum
3024 5174 3130 5230 viri
3185 5173 3533 5230 societatem

1879 5272 2051 5342 virgo
2082 5270 2398 5327 curaverit.

1949 5361 2164 5418 Photii.
2193 5363 2340 5415 Cum
2389 5356 2726 5430 perfecisset
2779 5369 2959 5410 senex
3014 5369 3191 5409 suam
3232 5353 3288 5408 in
3345 5352 3532 5406 Deum

1881 5450 2279 5520 doxologiam,
2305 5447 2550 5503 demum
2577 5444 2936 5502 convertitur
2961 5442 3038 5498 ad
3060 5439 3536 5498 benedictionem
