4060 6218
248 238 388 294 1225

1512 227 1957 292 FRAGMENTA
1998 231 2066 288 IN
2106 234 2369 293 LUCAM.

3476 241 3612 298 1226

249 365 426 438 θαῖρον
482 365 572 436 μεν
627 363 693 413 τά
758 361 1029 433 φθάσαντα
1078 369 1176 414 τῶν
1230 361 1638 437 ἁμαρτημάτων,
1698 355 1841 412 ούδὶν

1959 357 2229 428 perfectae
2257 362 2419 420 viam
2447 363 2810 437 disponens;
2834 365 3136 422 mundana
3150 367 3392 438 quidem
3414 384 3449 423 a
3479 383 3615 440 pec-

246 448 297 506 δ⁹
349 451 573 525 ἀσφαλες
612 447 727 503 οὐδ’
773 452 1027 522 ἐχέγγυον
1071 457 1188 526 περὶ
1235 460 1334 503 τῶν
1373 453 1651 523 μελλόντων
1690 467 1848 522 χαρι-

246 543 485 614 ζόμενον.
559 544 629 592 Τό
685 543 995 592 Δεσποτικόν
1053 536 1113 592 δὲ
1185 547 1274 592 καὶ
1331 546 1588 612 σωτήριον
1643 540 1847 590 πάντων

242 635 334 703 μεν
374 639 474 682 τῶν
529 627 890 702 προλαϐόντων
941 629 1144 702 ῥύσιον,
1202 630 1379 704 ῥώμης
1433 627 1492 682 δὲ
1538 629 1847 702 παρεκτικόν

241 723 330 770 καὶ
368 718 578 789 ἰσχύος,
624 720 696 787 μὴ
739 719 875 769 κατά
905 719 994 778 τάς
1023 722 1233 789 πρώτας
1263 718 1562 778 ὀλισθήσεις
1605 719 1679 769 ἔτι
1718 717 1848 788 πρὸς

240 810 306 860 τά
357 808 501 864 πάθη
560 807 954 878 κατασύρεσθαι
1016 825 1028 838 ·
1071 813 1162 859 καὶ
1212 811 1271 859 τὸ
1323 810 1434 880 μὲν,
1489 806 1561 868 εἰς
1601 809 1694 864 τὴν
1746 812 1846 856 τῶν

239 895 469 972 ούρανῶν
501 894 739 968 ἀναφέρει
795 893 1089 967 βασιλείαν,
1150 901 1240 948 καὶ
1287 899 1346 948 τό
1393 896 1572 968 μεῖζον
1617 895 1840 962 πάντων,

239 987 507 1038 υἱοθεσίαν
563 983 845 1056 χαρίζεται
896 999 911 1014 ο
958 986 1016 1036 τὸ
1049 980 1108 1036 δὲ
1137 992 1288 1036 τινῶν
1339 987 1428 1056 μὲν
1479 986 1662 1056 ἄφεσιν
1709 1000 1847 1055 παρ-

242 1077 378 1146 ίχει,
425 1075 543 1125 οῦτε
593 1068 654 1124 δί
717 1070 1043 1144 κληρουχίαν
1095 1072 1322 1148 οὐρανῶν
1383 1071 1670 1145 βασιλείας,
1721 1066 1846 1122 ούδὶ

241 1162 413 1233 πολλῷ
491 1160 680 1234 μᾶλλον
724 1164 852 1236 πρὸς
903 1163 1170 1224 υἱοθεσίας
1229 1160 1531 1221 ἀναϐιϐάζει
1589 1158 1794 1233 ἀξίωμα
1824 1176 1838 1191 ο

242 1251 582 1323 έντελέστερον
630 1245 689 1302 δε
738 1255 856 1325 περὶ
886 1253 1081 1303 τούτων
1121 1251 1172 1303 ίν
1233 1259 1303 1319 τῷ
1358 1251 1563 1324 Ἰωάννῃ
1623 1254 1712 1302 καὶ
1767 1257 1841 1319 τῷ

240 1342 493 1410 Ματθαίῳ
523 1342 750 1413 ε’ίρηται,
805 1339 1004 1393 Ἐκείσε
1034 1337 1123 1392 οὖν
1171 1343 1292 1402 τούς
1340 1338 1641 1412 φιλολόγους
1669 1356 1841 1411 παρα-

237 1428 552 1501 πέμψαντες,
581 1429 728 1499 ἠμεῖς
752 1427 838 1480 ἐπὶ
865 1430 930 1480 τά
959 1427 1190 1500 ἐχόμενα
1213 1431 1391 1501 ἴωμεν,

308 1521 525 1570 Φωτίου.
561 1516 672 1569 Ούκ
728 1513 840 1568 οἶδε
884 1513 1104 1569 σύνοδον
1155 1515 1384 1575 ἀλλήλων
1429 1515 1693 1578 πλεονεξία
1749 1519 1838 1566 καὶ

235 1605 594 1679 φιλανθρωπία
627 1624 640 1636 ·
686 1607 892 1678 μακρὰν
924 1605 1112 1678 ἀπέχει
1156 1605 1284 1678 ἀνὴρ
1339 1605 1564 1676 ἐλεήμων
1612 1613 1708 1667 τῆς
1736 1612 1835 1656 τῶν

232 1696 592 1748 πλουτούντων
674 1692 1044 1768 μισαδελφίας.
1131 1699 1224 1747 Διά
1301 1703 1474 1761 τοῦτο,

233 1787 429 1856 χάσμα
451 1783 760 1858 ἐστήρικται
787 1783 977 1855 μεταξύ
1007 1787 1206 1855 γεέννης
1229 1787 1319 1835 καὶ
1351 1781 1645 1856 βασιλείας.

311 1962 390 2033 [p.
423 1963 549 2017 228.
599 1959 683 2031 b.]
741 1965 960 2015 Φωτίου.
1016 1960 1164 2013 Ἦλοι
1212 1964 1308 2022 τὰς
1364 1962 1674 2021 Δεσποτικὰς
1718 1957 1836 2012 δια⁹

234 2057 489 2119 περονῶσι
541 2047 805 2122 παλάμας,
863 2054 952 2102 καὶ
991 2053 1107 2110 τούς
1159 2057 1255 2112 τῆς
1308 2054 1492 2110 κακίας
1543 2051 1688 2120 ἡμῶν
1728 2055 1838 2111 τοῖς

236 2140 413 2213 μέλεσι
466 2141 827 2214 παρεμφύντας
896 2139 1072 2205 ὄζους,
1127 2139 1209 2211 ὑφ’
1260 2140 1327 2190 ὧν
1380 2138 1690 2212 ἔξερημοῦτο
1746 2143 1836 2190 καὶ

235 2227 508 2282 ἔκακύνετο
561 2232 620 2280 τὸ
669 2228 1010 2303 ἀνθρώπινον,
1065 2227 1244 2288 αύταίς
1287 2227 1564 2280 ἀνασπῶσι
1604 2218 1827 2301 ’ῥίζαις,

236 2321 481 2391 Στέφανος
534 2317 588 2380 ἕξ
644 2316 877 2370 ἀκανθῶν
924 2324 985 2388 τῇ
1044 2316 1237 2389 κεφαλῇ
1284 2321 1705 2390 περισφίγγεται,
1746 2321 1836 2368 καὶ

235 2411 262 2461 ὁ
305 2403 640 2469 πολυὼδυνος
707 2415 800 2468 τῆς
853 2407 1078 2468 παλαιᾶς
1140 2409 1367 2480 κατάρας
1439 2405 1612 2468 κλοιὸς
1670 2405 1836 2458 ἀπαυ-

234 2501 506 2570 χενίζεται
556 2513 570 2528 ο
617 2497 787 2569 λόγχη
835 2495 1030 2568 πλευρά
1095 2493 1461 2570 διορύσσεται,
1514 2501 1605 2548 καὶ
1662 2497 1691 2553 ἡ
1741 2504 1837 2557 τῆς

239 2591 508 2662 σωτηρίας
533 2587 677 2659 ἡμῶν
704 2585 1094 2658 ἀναστομοῦται
1130 2590 1297 2658 M713.

311 2675 400 2749 [p.
441 2676 566 2731 306.
609 2674 698 2748 b.]
733 2679 958 2730 Φωτίου.
1000 2674 1203 2728 Μᾶλλον
1236 2672 1295 2728 δί
1323 2676 1578 2750 ῥήγνυται
1608 2679 1836 2727 καταπέ-

236 2784 416 2837 τασμα
443 2772 534 2817 τοῦ
578 2772 724 2830 ναοῦ,
771 2764 906 2835 ξύλῳ
948 2771 1040 2816 τοῦ
1071 2769 1332 2818 Δεσπότου
1358 2768 1696 2840 κρεμαμένου,
1743 2759 1838 2816 διά

236 2854 446 2920 πολλάς,
494 2850 662 2926 οἶμαι,
708 2854 797 2914 τάς
828 2853 1020 2914 αἰτίας.
1053 2857 1123 2906 Τό
1164 2857 1253 2925 μὲν
1277 2856 1378 2926 γάρ
1416 2857 1508 2911 τὴν
1546 2862 1646 2924 γῆν
1675 2852 1836 2923 κλόνῳ

235 2949 424 3018 μικροῦ
453 2938 561 2995 δεῖν
596 2943 1098 3014 συγκατωεχθῆναι,
1133 2938 1353 2995 δυνατόν
1389 2941 1498 2994 ἔστι
1525 2949 1633 3004 τοῖς
1672 2939 1834 3012 ἀγνω-

1956 449 2100 503 catis
2130 453 2574 521 prasteritis,sed
2607 456 2747 511 nihil
2805 455 3136 520 tutamenti,
3170 457 3313 512 nihil
3379 457 3612 513 roboris

1956 537 2033 593 ad
2064 538 2262 598 futura
2282 541 2558 613 largiens.
2602 544 2834 601 Domini
2861 549 3060 600 autem
3093 549 3149 600 et
3170 544 3485 601 Salvatoris
3509 546 3616 602 ba-

1956 627 2194 698 ptisma,
2226 632 2431 688 omnia
2459 633 2755 705 praeterita
2780 633 3011 698 lavans,
3045 633 3320 689 virtutem
3344 639 3400 689 et
3428 635 3614 692 robur

1956 721 2214 788 praestat,
2247 735 2322 776 ne
2351 721 2409 775 in
2433 721 2659 792 priores
2711 721 2923 794 lapsus
2971 722 3102 794 jam
3158 721 3236 777 ad
3300 723 3612 793 passiones

1955 804 2360 878 abripiamur;
2396 809 2518 865 imo
2550 810 2609 864 in
2641 811 2932 866 caelorum
2964 826 3214 880 regnum
3267 810 3610 879 introducit,

1955 899 2010 950 et
2035 895 2200 966 quod
2239 897 2523 954 omnibus
2555 900 2747 970 majus
2774 903 2881 967 est,
2937 899 3196 955 ﬁliorum
3233 899 3612 972 adoptionem

1954 981 2215 1054 largitur.
2247 986 2494 1043 Joannis
2525 992 2726 1045 autem
2756 987 3060 1060 baptisma
3087 995 3468 1061 peccatorum
3486 990 3617 1063 qui-

1953 1071 2092 1128 dem
2122 1075 2536 1132 remissionem
2585 1077 2829 1148 praebet,
2872 1077 2972 1132 sed
3005 1092 3124 1132 non
3157 1077 3409 1134 caalestis
3447 1079 3613 1150 regni

1952 1161 2373 1232 haereditatem,
2410 1181 2604 1238 neque
2663 1166 2852 1222 multo
2903 1166 3096 1238 magis
3127 1167 3204 1223 ad
3271 1167 3612 1238 adoptionis

1950 1249 2304 1320 dignitatem
2334 1253 2564 1310 attollit.
2607 1255 2879 1326 Apertius
2932 1255 3002 1311 de
3063 1256 3147 1310 his
3207 1255 3267 1310 in
3305 1258 3533 1311 Joanne
3559 1259 3612 1312 et

1950 1339 2223 1397 Matthan
2247 1342 2478 1413 legitur,
2512 1343 2588 1400 ad
2631 1359 2787 1416 quos
2837 1344 3176 1416 philologos
3223 1345 3610 1412 remittentes,

1951 1443 2058 1484 nos
2083 1431 2160 1486 ad
2189 1433 2565 1503 propositum
2594 1433 2928 1490 volvamus.

2018 1519 2168 1574 CAP.
2226 1521 2358 1576 XVI.
2420 1525 2592 1580 Vens.
2624 1525 2712 1580 3t.
2774 1523 2994 1581 Photiz’.
3030 1525 3158 1580 Non
3185 1523 3441 1580 invicem
3474 1539 3612 1580 con-

1950 1607 2193 1664 veniunt
2217 1609 2470 1667 avaritia
2497 1615 2556 1668 et
2585 1611 2950 1677 liberalitas;
2986 1612 3244 1668 multum
3300 1611 3471 1668 abest
3523 1612 3614 1668 vir

1551 1698 1638 1746 καὶ
1702 1698 1838 1766 μέγα
1874 1704 1914 1758 Β
1952 1696 2286 1752 misericors
2307 1697 2385 1754 ab
2414 1698 2553 1755 odio
2583 1699 3169 1766 divituminfratres;
3197 1704 3533 1772 propterea,
3557 1705 3614 1756 et

1945 1799 2230 1855 magnum
2247 1787 2555 1854 ﬁrmatum
2583 1792 2671 1843 est
2697 1786 3075 1844 intervallum
3099 1789 3438 1858 gehennam
3463 1787 3614 1844 inter

1946 1877 2003 1928 et
2029 1889 2306 1945 regnum.

2017 1962 2171 2018 CAP.
2199 1964 2354 2018 XVII.
2422 1963 2588 2020 Vens.
2617 1968 2704 2021 33.
2766 1965 2976 2022 Photii.
3009 1964 3165 2022 Clavi
3201 1965 3432 2022 Domini
3472 1965 3597 2038 pal-

1947 2062 2076 2104 mas
2107 2051 2482 2120 transﬁgunt,
2513 2058 2570 2109 et
2597 2053 2838 2109 malitias
2863 2057 3081 2109 nostris
3108 2053 3388 2108 membris
3418 2052 3601 2108 inhre-

1945 2143 2140 2193 rentes
2162 2140 2374 2206 nodos,
2407 2155 2512 2213 per
2549 2157 2704 2214 quos
2727 2146 3025 2198 vastatum
3059 2145 3115 2196 et
3148 2145 3494 2214 corruptum
3522 2145 3610 2197 est

1947 2227 2281 2284 humanum
2323 2243 2536 2298 genus,
2565 2231 2710 2303 ipsis
2737 2230 2997 2286 evellunt
3021 2229 3346 2286 radicibus.
3377 2233 3610 2286 Corona

1945 2331 1976 2371 e
2007 2315 2191 2386 spinis
2228 2318 2402 2390 capiti
2433 2319 2914 2383 circumducitur,
2941 2324 2997 2374 et
3040 2334 3418 2375 mrumnosus
3457 2320 3607 2375 antio

1946 2419 2082 2476 quin
2115 2404 2538 2462 maledictionis
2568 2412 2810 2480 torques
2841 2410 3176 2480 rumpitur;
3209 2407 3421 2464 lancea
3453 2407 3610 2465 latus

1947 2491 2243 2560 dividitur,
2277 2499 2333 2551 et
2357 2495 2536 2552 nobis
2568 2495 2774 2552 salutis
2807 2497 2935 2551 fons
2966 2496 3248 2568 aperitur.

2019 2671 2170 2726 CAP.
2199 2667 2376 2725 XXIII.
2410 2670 2579 2726 Vens.
2613 2672 2701 2725 45.
2751 2669 2967 2725 Photii.
3028 2669 3230 2724 Potius
3285 2683 3426 2724 vero
3478 2669 3612 2724 scis-

1945 2775 2073 2816 sum
2087 2765 2170 2815 est
2187 2759 2380 2815 velum
2396 2759 2612 2827 templi,
2633 2758 2793 2828 ligno
2808 2774 2942 2814 cum
2982 2759 3257 2814 Dominus
3303 2757 3608 2829 penderet,

1946 2848 2025 2905 ob
2057 2847 2362 2921 plurimas,
2390 2853 2556 2919 puto,
2592 2863 2824 2902 causas.
2860 2847 3033 2912 Quod
3059 2847 3219 2902 enim
3252 2851 3406 2902 terra
3444 2849 3612 2901 motu

1949 2953 2160 3010 parum
2175 2938 2437 3008 oportuit
2456 2936 2689 3004 agitari,
2706 2936 2993 3007 possibile
3007 2940 3095 2990 est
3120 2934 3440 2990 incredulis
3464 2933 3610 2990 illud

235 3039 456 3105 μονοῦσι
494 3036 584 3084 καὶ
624 3030 696 3092 εἰς
739 3033 804 3083 τὰ
837 3033 973 3083 κατά
1005 3034 1158 3104 φύσιν
1191 3030 1394 3102 ἀνάγειν
1426 3039 1523 3083 τῶν
1559 3035 1836 3102 στοιχείων

1957 3027 2375 3084 elementorum
2396 3025 2650 3082 naturali
2673 3025 3094 3094 perturbationi
3120 3024 3614 3089 attribuere,scis-

236 3123 401 3179 πάθη.
428 3123 498 3174 Τὸ
517 3117 573 3173 δὲ
601 3121 828 3195 ῥαγῆναι
849 3123 907 3172 τὸ
929 3125 1330 3193 καταπέτασμα,
1362 3116 1477 3192 μηδ
1481 3123 1582 3180 ενὸς
1611 3119 1839 3192 μάλιστα

236 3207 584 3275 διασπῶντος,
619 3207 721 3261 ἀπό
752 3211 943 3262 ἄνωθεν
998 3210 1092 3271 ἓως
1120 3212 1282 3274 κάτω,
1331 3211 1604 3278 θεομηνίαν
1654 3212 1711 3260 τὸ
1762 3213 1837 3260 τέ-

235 3319 328 3374 ρας
381 3297 663 3352 δείκνυσιν.
711 3297 808 3351 Ἦν
858 3294 918 3350 δε
955 3303 1045 3350 καὶ
1104 3297 1360 3370 σύμϐολον
1406 3303 1493 3349 καὶ
1522 3301 1839 3371 προμήνυμα

235 3398 328 3450 τῆς
409 3389 491 3440 ἀεὶ
536 3395 907 3462 καταστροφῆς
992 3406 1045 3439 τε
1093 3391 1183 3439 καὶ
1231 3386 1589 3462 ἰξερημὼσεως
1645 3393 1734 3438 τοῦ
1787 3405 1839 3438 τε

237 3479 563 3553 περιωνύμου
627 3483 752 3528 ναοῦ
821 3471 1122 3529 Ἰουδαῖκῶν
1197 3475 1424 3530 τελετῶν.
1493 3480 1591 3528 Καὶ
1644 3480 1836 3547 τρίτον,

238 3570 308 3629 ὡς
387 3565 560 3618 ούκέτι
637 3569 780 3640 μέρει
837 3569 938 3617 τινὶ
1001 3572 1096 3625 τῆς
1148 3564 1454 3635 οἰκουμένης
1528 3567 1556 3622 ἡ
1605 3563 1841 3616 εὐσέϐεια

242 3655 560 3727 συγκλεισθή
572 3669 736 3707 σεται⁶
770 3652 877 3706 ἀλλ’
903 3655 1110 3706 ἅπαντα
1143 3657 1208 3706 τά
1238 3658 1452 3728 πέρατα,
1484 3661 1585 3705 τῶν
1613 3652 1840 3728 ἀπορῥή-

239 3764 340 3798 των
363 3743 412 3795 ἐν
444 3742 731 3795 ἀπολαύσει
767 3747 1062 3813 γενήσεται.
1095 3741 1210 3795 ’Ἐτι
1251 3745 1281 3800 ἡ
1310 3741 1530 3803 κιϐωτός
1559 3747 1647 3794 καὶ
1677 3745 1742 3795 τά
1790 3745 1838 3794 ἓν

241 3833 396 3906 αὐτῇ,
430 3834 566 3884 κατά
612 3836 699 3884 τὸν
728 3834 887 3884 τύπον
932 3835 1108 3903 γέγονε
1138 3838 1229 3882 τοῦ
1287 3829 1560 3902 ἀνθρώπου
1608 3835 1696 3882 καὶ
1739 3839 1840 3882 τῶν

898 3921 1028 3977 αὕτη
1112 3915 1171 3972 δὲ
1235 3916 1489 3991 διείργετο
1555 3928 1626 3989 τῷ
1683 3937 1837 3970 κατα-

241 4013 558 4082 πετάσματι,
635 4015 725 4061 καὶ
779 4007 1125 4084 ἀπεκρύπτετο
1187 4026 1199 4037 ·
1254 4003 1442 4066 ἐδήλου
1501 4004 1560 4059 δὲ
1629 4012 1722 4065 τὴν
1771 4007 1841 4068 εἰς

242 4101 488 4174 ούρανούς
531 4094 755 4164 εἰσοδον,
807 4096 1099 4170 ἀνθρώποις
1169 4095 1360 4149 ἄϐατον
1423 4097 1842 4170 συντετηρῆσθαι

242 4194 388 4251 τέως.
423 4188 700 4260 Ῥήγνυται
748 4187 838 4240 οὗν
866 4190 922 4239 τὸ
979 4191 1359 4258 καταπέτασμα
1412 4193 1642 4260 Χριστοῦ
1689 4204 1845 4237 σταυ-

241 4282 519 4352 ρουμένου,
568 4281 663 4335 τὴν
712 4279 785 4337 είς
835 4275 1051 4350 οὐρανόν
1099 4271 1303 4328 εἴσοδον
1355 4281 1514 4328 πᾶσιν
1562 4277 1686 4346 ἡμῖν
1721 4275 1844 4326 ύπο-

247 4367 501 4427 σαλπίςον
534 4369 624 4418 καὶ
649 4363 1121 4437 εὐαγγελιζόμενον.

318 4459 538 4510 Φωτίου.
579 4453 676 4507 Ἦν
751 4472 875 4506 ποτε
930 4455 1146 4528 κρύφιος
1202 4453 1347 4525 φίλος
1401 4454 1426 4504 ὁ
1485 4453 1700 4525 Ἰωσὴφ,
1758 4456 1846 4504 καὶ

245 4547 539 4616 νυκτερινὸς
608 4549 838 4611 Χριστοῦ
921 4543 1182 4614 μαθητὴςο
1249 4541 1355 4594 ἀλλ’
1438 4543 1654 4614 ὕστερον
1727 4545 1847 4604 τούς

247 4630 477 4704 δεσμούς
517 4630 808 4706 ἀπορρήξας
860 4639 953 4692 τῆς
1001 4627 1216 4700 δειλίας,
1273 4639 1371 4682 τῶν
1426 4631 1496 4692 εἰς
1541 4635 1600 4683 τὸ
1637 4634 1846 4706 φανερὸν

248 4721 529 4795 φιλούντων
587 4723 886 4794 θερμότερος
942 4739 996 4772 τε
1047 4725 1135 4772 καὶ
1185 4719 1592 4794 θαῤῥαλεῶτιρος
1645 4725 1846 4791 γέγονε-

241 3924 344 3974 ύπὸ
421 3925 507 3973 τὸν
577 3920 812 3994 οὐρανὸν,

247 4817 338 4864 καὶ
389 4816 448 4862 τό
504 4814 813 4864 Δεσποτικόν
868 4811 918 4862 ἐν
966 4809 1111 4882 ὕϐρει
1153 4812 1467 4883 κρεμάμενον
1549 4819 1704 4883 σῶμα
1758 4818 1848 4862 τοῦ

247 4901 401 4964 ξύλου
447 4900 692 4965 καθελὼν,
743 4908 833 4960 τῆς
888 4895 1116 4961 δυνατῆς
1170 4901 1443 4971 θεραπείας
1474 4899 1566 4952 οὐκ
1598 4899 1844 4973 ἠμέλησε·

1198 4987 1444 5047 πολυτελῆ
1520 4994 1850 5064 μαργαρίτην

248 5079 674 5154 ἔμπορευόμενος,
733 5083 822 5130 καὶ
897 5080 1137 5152 κρύπτων
1201 5080 1396 5129 τούτων
1472 5082 1530 5130 τὸ
1617 5075 1852 5130 σπουδας

252 5172 480 5242 ζόμενον.
525 5163 666 5221 Ούδε
716 5169 815 5242 γάρ
874 5169 938 5228 ὡς
983 5163 1050 5224 δή
1095 5186 1144 5218 τι
1195 5171 1330 5238 μέγα
1377 5176 1569 5241 φρονῶν
1613 5171 1641 5226 ἤ
1695 5169 1851 5239 φθεγ-

245 4991 490 5065 ῥημάτων
587 4993 910 5063 μετριότητι,
1014 4992 1100 5040 τόν

1949 3133 2081 3171 sum
2115 3131 2254 3170 vero
2278 3130 2410 3171 esse
2423 3115 2638 3181 velum,
2657 3115 2896 3170 nemine
2927 3114 3248 3186 praesertim
3273 3113 3606 3180 divellente,

1948 3223 1984 3263 a
2014 3221 2254 3262 summo
2285 3220 2468 3276 usque
2499 3206 2803 3270 deorsum,
2830 3204 2928 3259 Dei
2960 3206 3110 3259 iram
3137 3205 3248 3260 hoc
3266 3203 3607 3275 prodigium

1948 3289 2220 3352 ostendit.
2250 3298 2386 3351 Erat
2409 3300 2610 3350 autem
2651 3295 2999 3367 symbolum
3025 3299 3082 3351 et
3133 3294 3419 3350 indicium
3475 3310 3609 3366 per-

1951 3391 2143 3457 petuas
2193 3383 2609 3440 destructionis
2639 3390 2694 3440 et
2723 3384 3070 3440 vastationis
3099 3383 3298 3455 inclyti
3332 3383 3611 3440 Iudaico-

1949 3491 2084 3531 rum
2102 3473 2558 3546 rituumtempli.
2587 3475 2654 3528 Et
2673 3474 2864 3540 tertio,
2883 3473 3050 3546 quod
3071 3488 3190 3530 non
3211 3477 3377 3545 parte
3413 3472 3612 3544 aliqua

1949 3565 2112 3621 orbis
2127 3563 2329 3632 religio
2343 3563 2753 3629 concludetur;
2769 3563 2874 3618 sed
2893 3578 3106 3618 omnes
3133 3562 3286 3618 ﬁnes
3300 3561 3362 3618 in
3394 3567 3609 3634 myste-

1950 3654 2173 3709 riorum
2214 3652 2728 3725 participationem
2770 3651 3162 3708 adducentur.
3213 3653 3345 3707 1am
3397 3667 3536 3706 arca
3556 3655 3615 3707 et

1947 3758 2083 3815 qua;
2113 3742 2475 3804 includebat,
2527 3741 2857 3797 secundum
2891 3741 3146 3810 figuram
3180 3740 3338 3796 facta
3369 3747 3458 3796 est
3507 3739 3613 3796 ho-

1949 3831 2562 3902 miniseteorumquaa
2579 3831 2694 3885 sub
2718 3829 2868 3885 caelo
2883 3833 3054 3895 sunt;
3084 3829 3212 3884 haec
3242 3833 3445 3885 autem
3481 3827 3612 3884 velo

1950 3919 2340 3992 separabatur
2365 3925 2419 3974 et
2459 3917 2894 3982 occultabatur;
2945 3916 3298 3973 ostendebat
3325 3917 3614 3972 hactenus

1950 4007 2590 4074 coelorumingressum
2608 4006 2953 4061 hominibus
2966 4005 3321 4075 impervium
3338 4019 3615 4075 perman-

1952 4099 2132 4162 sisse;
2167 4095 2455 4151 scinditur
2470 4110 2612 4164 ergo
2647 4093 2867 4160 velum,
2887 4109 3024 4148 cum
3056 4093 3320 4148 Christus
3347 4097 3431 4148 est
3479 4108 3613 4147 cru-

1953 4177 2182 4253 c‘ilixus,
2215 4184 2502 4240 caelorum
2529 4185 2870 4253 ingressum
2895 4181 3178 4237 omnibus
3207 4181 3614 4253 prmconizans

1956 4282 2011 4331 et
2041 4275 2407 4331 annuntians
2431 4273 2564 4345 (l9).

2027 4456 2190 4509 Vens.
2221 4456 2309 4509 50.
2349 4451 2562 4507 ΡΙιοιίἰ.
2599 4453 2732 4506 Erat
2762 4449 2920 4506 forte
2945 4447 3216 4505 occultus
3254 4449 3482 4505 amicus
3515 4450 3614 4504 Jo-

1957 4544 2123 4616 seph,
2153 4547 2210 4598 et
2235 4547 2563 4598 nocturnus
2589 4539 2804 4596 Christi
2836 4538 3168 4610 discipulus
3195 4555 3209 4604 ;
3235 4538 3338 4594 sed
3370 4539 3614 4594 tandem

1957 4637 2148 4689 metus
2180 4646 2465 4703 rumpens
2505 4631 2757 4700 vincula,
2795 4627 3082 4684 omnibus
3121 4629 3224 4700 qui
3277 4627 3478 4700 palam
3528 4643 3615 4684 se-

1955 4721 2290 4794 quebantur
2305 4719 2622 4776 ferventior
2650 4722 2709 4774 et
2738 4717 3026 4774 audacior
3059 4716 3250 4772 factus
3271 4721 3380 4772 est.
3415 4715 3484 4771 Et
3510 4719 3618 4771 Do-

1958 4809 2105 4866 mini
2157 4824 2370 4882 corpus
2424 4809 2479 4864 in
2537 4806 2899 4865 contumelia
2971 4820 3350 4878 suspensum,
3395 4803 3616 4874 aligno

1956 4898 2296 4963 demittens,
2338 4896 2501 4970 quod
2529 4896 2725 4969 potuit
2754 4893 3118 4966 obsequium
3167 4908 3290 4949 non
3334 4892 3612 4963 neglexit,

1957 4987 2272 5045 verborum
2307 4984 2736 5054 moderatione,
2779 4983 3094 5056 pretiosam
3135 4997 3340 5038 amens
3373 4997 3615 5052 marga-

1957 5078 2226 5143 ritam,et
2243 5076 2458 5131 horum
2485 5074 2748 5130 valorem
2762 5073 2982 5129 celans.
3012 5073 3140 5128 Non
3164 5072 3320 5128 enim
3351 5076 3416 5126 ut
3430 5072 3615 5128 homo

1959 5171 2158 5223 mente
2183 5169 2239 5222 et
2269 5180 2544 5221 sermone
2577 5161 2892 5235 superbus,
2932 5177 3154 5236 corpus
3209 5162 3447 5235 expetit,
3509 5160 3616 5217 sed

1819 5346 2026 5405 NOTIE

325 5526 442 5598 (is)
465 5524 550 5583 ct.
583 5541 642 5598 q.
682 5525 881 5581 ccxu.
