4060 6218
458 230 596 288 1227

452 359 519 411 ut
545 351 969 411 misericordiae
999 354 1054 407 et
1078 349 1409 408 liberalitati
1438 350 1694 416 deditus,
1750 349 1811 406 in
1843 349 2108 422 sepultu-
2140 352 2188 404 A

452 460 583 500 ram
615 446 918 499 mortuum
956 441 1127 513 petit;
1162 445 1217 497 et
1246 441 1471 497 accedit
1501 440 1581 495 ad
1618 440 1897 505 Pilatum,
1940 440 2110 494 timo-

453 548 581 589 rem
611 537 665 587 et
688 547 973 603 pavorem
1013 531 1335 597 excutiens,
1367 528 1538 601 quasi
1570 528 1818 584 consilio
1859 544 2111 584 consen-

457 622 625 687 tiens,
660 620 868 676 deferri
902 635 1116 690 corpus
1150 620 1365 675 mortui
1419 623 1683 673 hortatur
1713 636 1725 685 ;
1774 619 1905 689 jam
1952 618 2110 673 enim

455 726 775 784 parasceve
802 709 1109 765 occidente
1140 708 1261 764 sole
1301 707 1629 775 desinebat,
1656 716 1713 764 et
1737 708 1827 763 lex
1868 706 2111 764 Sabbati

458 799 735 873 praesenti
760 798 1173 865 illucescebat;
1211 802 1267 854 et
1304 797 1661 870 persuadere
1706 798 1897 867 magis
1950 802 2113 853 ratus

461 894 571 955 est,
597 888 790 959 legem
819 887 1035 960 pariter
1065 887 1455 958 praetendens,
1487 902 1608 959 qua
1638 886 1951 943 vetabatur
1981 901 2110 942 sus-

460 994 649 1051 pensa
675 992 915 1032 manere
946 991 1198 1048 corpora
1227 975 1662 1031 cruciﬁxorum.
1718 974 1908 1030 Judaei
1955 975 2115 1030 enim

462 1068 581 1125 alia
605 1071 809 1123 contra
834 1065 1027 1137 legem
1054 1071 1318 1135 agentes,
1353 1070 1408 1120 et
1433 1068 1639 1136 aperta
1688 1064 1877 1119 fronte
1926 1065 2119 1135 patria

461 1156 725 1214 instituta
778 1154 1296 1225 transgredientes,
1356 1153 1404 1208 si
1461 1153 1605 1225 quid
1661 1153 1950 1209 voluntati
2003 1168 2118 1208 non

464 1244 829 1303 contrarium
855 1242 1225 1308 occurrebat,
1260 1246 1315 1299 et
1334 1242 1681 1298 facillimum
1704 1241 2022 1313 completu,
2042 1241 2121 1297 le—

465 1334 556 1407 gis
578 1332 637 1387 in
666 1333 781 1388 hoc
818 1333 1211 1388 reverentiam
1245 1331 1551 1387 curabant.
1577 1332 1661 1386 Da
1720 1331 1882 1397 mihi,
1924 1330 2121 1402 inquit

466 1422 705 1494 Joseph,
749 1422 799 1476 si
835 1422 937 1486 vis,
996 1420 1236 1491 sepelire
1297 1436 1514 1492 corpus
1570 1422 1708 1475 Jesu
1762 1436 1945 1491 quem
1997 1419 2120 1475 noti

469 1527 679 1567 omnes
710 1510 1183 1582 derelinquentes
1214 1509 1521 1574 abierunt;
1557 1509 1728 1579 cujus
1755 1508 1919 1564 multi
1973 1523 2121 1563 con-

468 1601 790 1656 currebant
814 1599 875 1655 in
892 1600 1167 1670 passione
1184 1602 1568 1669 spectatores,
1583 1613 1741 1652 nunc
1771 1603 1971 1653 autem
1999 1596 2124 1652 nul-

469 1689 563 1745 lus
588 1692 930 1760 permansit,
952 1703 1025 1742 ne
1047 1688 1375 1743 amicorum
1403 1686 1668 1758 quidem,
1704 1686 1782 1741 ad
1838 1686 2125 1758 sepelien—
2156 1708 2193 1761 Β

471 1780 640 1847 dum,
669 1779 840 1834 abest
864 1794 899 1833 a
925 1782 980 1832 te
1006 1777 1079 1832 de
1110 1792 1292 1845 regno
1327 1781 1555 1846 metus;
1591 1780 1862 1831 mortuus
1900 1781 1990 1830 est
2021 1776 2125 1847 qui

471 1872 828 1941 potestatem
860 1867 1243 1937 magistratus
1290 1872 1690 1937 occupaturus
1722 1866 2122 1922 incusabatur.

474 1957 564 2012 Ad
597 1957 787 2029 ipsam
818 1956 1234 2028 apparentiam
1276 1971 1486 2026 expers
1519 1954 1676 2009 visus
1705 1960 1794 2010 est
1822 1955 2017 2010 omnis
2044 1955 2127 2009 in-

470 2046 708 2119 justitias
734 2062 746 2102 :
774 2061 956 2118 quem
985 2046 1411 2117 prophetarum
1450 2043 1807 2099 interfectrix
1837 2043 2042 2113 lingua
2071 2048 2130 2100 et

475 2152 589 2193 vox
620 2140 677 2191 et
701 2139 1006 2198 manus,te
1032 2134 1181 2190 ferre
1210 2139 1485 2189 censente
1539 2134 1957 2189 humaniorem
1997 2149 2131 2189 sen-

474 2225 742 2293 tentiam,
773 2224 889 2279 sub
917 2223 1367 2280 damnationem
1402 2222 1605 2278 mortis
1630 2221 2007 2279 induxerunt.
2046 2223 2129 2278 Da

476 2315 623 2372 mihi
640 2330 902 2371 annuere
933 2314 1207 2383 gratiam,
1236 2329 1337 2384 per
1360 2328 1547 2385 quam
1577 2312 1726 2368 alios
1756 2312 2003 2368 minime
2027 2312 2122 2368 laa-

475 2405 615 2461 dere
645 2409 844 2476 potes;
868 2418 987 2459 non
1013 2402 1171 2458 enim
1215 2402 1559 2458 Judaaorum
1600 2402 1773 2457 turba
1804 2416 1959 2471 aegre
1987 2400 2127 2457 feret

476 2496 524 2549 si
550 2500 702 2550 terra
720 2492 1372 2549 noveritabscouditum
1406 2491 1734 2547 inimicum.
1752 2491 2131 2561 Magisigitur

477 2582 781 2646 dolebunt,
820 2582 865 2635 si
896 2586 1199 2636 mortuum
1250 2596 1424 2651 quem
1474 2580 1723 2635 oderant
1762 2581 2037 2649 viderint,
2070 2579 2131 2634 id

476 2676 589 2737 est,
621 2686 829 2726 eorum
855 2669 1154 2725 victimam
1179 2684 1351 2723 cruce
1380 2668 1842 2739 triumphantem
1893 2684 2129 2724 cernen-

476 2761 624 2817 tium
652 2759 1097 2815 miserationem
1131 2757 1550 2821 adducentem,
1580 2763 1634 2812 et
1661 2757 2131 2827 cruciﬁgentium

477 2849 888 2907 crudelitatem
905 2846 1267 2919 exprobrare
1282 2846 1675 2918 inspirantem
1692 2863 1706 2912 ;
1729 2862 1923 2918 neque
1946 2848 2133 2903 Caesa-

475 2938 557 2994 ris
574 2936 896 2993 amicitiam
911 2951 1032 3007 prae
1057 2951 1117 2991 se
1139 2932 1343 2989 ferent.
1371 2936 1499 2989 Non
1517 2950 1601 3004 es,
1619 2934 1880 2990 dicentes
1897 2935 2130 2990 amicus

475 3026 739 3090 Cmsaris,
770 3024 817 3079 si
833 3024 1088 3080 cadaver
1117 3022 1352 3079 dederis
1394 3028 1549 3078 terra
1571 3022 1825 3093 sepeliri,
1861 3023 1987 3078 sine
2012 3024 2129 3080 haa-
2174 3054 2213 3111 Ο

479 3114 834 3180 sitatione,si
856 3114 941 3169 vis
964 3117 1212 3177 tantum,
1246 3112 1588 3185 implebitur
1614 3128 1749 3168 mea
1787 3113 2134 3181 postulatio.

478 3204 718 3262 Talibus
736 3203 905 3259 Pilati
919 3206 1179 3258 mentem
1197 3200 1506 3258 incantans
1526 3202 1736 3266 verbis,
1759 3202 2134 3274 propositum

478 3294 723 3357 obtinet,
756 3298 812 3348 et
835 3293 1017 3349 sumit
1041 3291 1319 3348 avulsum
1350 3306 1567 3361 corpus
1604 3292 1761 3355 Jesu,
1794 3296 1849 3347 et
1876 3292 2135 3348 assuetis

478 3384 735 3439 honorat
764 3382 940 3438 curis.

480 3478 699 3532 τήσεως.
755 3473 968 3530 Τούτοις
1023 3473 1116 3527 τὴν
1172 3476 1262 3521 τοῦ
1330 3469 1557 3522 Πιλάτου
1614 3466 1920 3541 κατεπᾴδων
1972 3470 2176 3541 ψυχὴν,

486 3568 639 3632 σῶμα
665 3567 757 3611 τοῦ
784 3560 960 3617 Ἰησοῦ
985 3563 1074 3611 καὶ
1102 3566 1190 3618 τῆς
1224 3560 1484 3620 συνήθους
1508 3556 1647 3619 ἀξιοῖ
1682 3558 1975 3632 φροντίδος.

550 3649 844 3718 Ejusdem.
878 3648 1114 3717 Myrrha
1144 3646 1320 3717 igitur
1379 3660 1612 3715 ungens
1643 3653 1699 3702 et
1748 3647 1877 3702 aloe
1926 3662 2144 3719 corpus

482 3736 734 3802 Domini,
771 3735 931 3808 quod
958 3734 1199 3790 mortuis
1221 3734 1634 3805 apudJudaaos
1655 3735 1847 3791 honor
1878 3736 2145 3791 funebris

479 3830 710 3892 erat,et
742 3824 1076 3881 mortuariis
1137 3823 1558 3895 circumligans
1615 3824 1843 3891 fasciis,
1870 3826 1929 3881 in
1983 3841 2143 3882 novo

479 3914 727 3988 deponit
754 3917 1169 3972 monumento.
1203 3916 1435 3970 Novum
1463 3917 1666 3969 autem
1683 3917 2145 3971 monumentum

478 4003 732 4076 paravit,
758 4008 821 4059 ut
842 4003 958 4075 ipsi
996 4002 1252 4058 Domina
1280 4001 1594 4074 quomodo
1624 4003 1817 4073 potuit
1848 4007 2143 4060 honorem

479 4092 701 4164 Ioseph
730 4101 1123 4164 expromeret.
1158 4090 1509 4163 Sepulcrum
1551 4090 1712 4146 enim
1765 4106 1988 4147 novum
2019 4096 2146 4148 erat

484 4185 543 4238 et
572 4182 905 4254 proprium,
970 4196 1093 4236 non
1138 4186 1340 4236 autem
1405 4184 1820 4245 commune,et
1872 4180 2143 4252 plurimis

484 4270 961 4327 contaminatum
990 4269 1362 4340 corporibus,
1422 4270 1557 4325 utin
1610 4270 1856 4325 mortuis
1907 4269 2143 4341 sepulto

485 4359 879 4414 reverentiam
911 4362 1183 4429 praestet;
1212 4361 1270 4413 et
1295 4356 1590 4428 duplicem
1619 4358 1698 4413 ob
1746 4358 1926 4414 aliam
1950 4358 2139 4429 dispo-

486 4447 663 4503 sitam
695 4462 731 4503 a
752 4447 871 4503 Deo
897 4461 1141 4503 causam
1168 4461 1179 4501 :
1207 4446 1400 4517 primo
1417 4446 1680 4518 quidem,
1717 4462 1942 4502 necum
1955 4462 2145 4501 resur-

484 4536 765 4592 rectionis
819 4534 1177 4592 miraculum
1230 4536 1587 4604 contigisset,
1644 4535 1721 4592 ab
1786 4535 2143 4591 audentibus

489 4626 692 4682 omnia
718 4625 937 4681 Judazis
966 4631 1024 4681 et
1050 4640 1172 4680 non
1192 4623 1682 4680 erubescentibus
1706 4624 1865 4680 alius
1890 4624 2142 4695 quidam

489 4716 975 4786 consepultorum
1006 4713 1347 4781 divulgatus
1388 4712 1555 4778 foret,
1606 4729 1724 4769 non
1773 4713 1867 4769 ille
1916 4714 2014 4785 qui
2066 4715 2144 4771 ab

488 4805 602 4861 illis
626 4803 703 4861 ad
722 4818 959 4859 crucem
981 4802 1415 4859 condemnatus
1441 4807 1584 4872 erat,
1619 4807 2149 4868 mortuorum,sur-

489 4894 711 4951 rexisse
727 4912 740 4962 ;
756 4894 860 4949 sed
880 4898 940 4949 ut
958 4892 1068 4947 illis
1086 4891 1490 4963 undequaque
1504 4891 1919 4962 praecideretur
1952 4893 2149 4948 omnis

492 4983 792 5040 mendacii
818 4989 874 5039 et
899 4982 959 5038 in
988 4985 1174 5039 Deum
1204 4980 1323 5038 odii
1342 4980 1599 5038 occasio.
1619 4981 1891 5037 Secundo
1925 4986 2145 5049 autem,

492 5087 567 5127 ne
592 5071 934 5128 viderentur
961 5071 1091 5128 sola
1119 5070 1219 5127 illa
1248 5087 1280 5126 e
1331 5070 1607 5142 sepulcro
1651 5070 1977 5127 surrexisse
2025 5086 2149 5126 cor-

493 5176 664 5233 pora,
696 5160 917 5232 quibus
947 5160 1175 5217 Domini
1223 5175 1433 5233 corpus
1463 5158 1829 5231 applicatum
1860 5164 1917 5215 et
1941 5160 2149 5217 admo-

494 5256 621 5308 tum
674 5249 909 5316 fuisset;
966 5249 1133 5322 quod
1184 5250 1362 5306 etiam
1422 5249 1499 5304 ab
1552 5249 1751 5322 aliquo
1804 5253 2146 5304 sanctorum

493 5354 743 5411 corpore
767 5340 997 5394 vivente
1023 5339 1221 5395 adhuc
1250 5339 1578 5405 differebat,
1608 5344 1663 5395 et
1683 5355 1717 5394 a
1739 5338 1957 5394 fortiori
1988 5353 2148 5396 mor-

495 5434 618 5486 tuo.
642 5427 756 5485 Sed
786 5432 868 5493 ut,
903 5432 1193 5498 tanquam
1232 5444 1411 5499 super
1466 5428 1661 5484 omnia
1720 5426 1895 5484 fuerit
1939 5432 2146 5485 contra

495 5519 789 5575 infernum
811 5515 1079 5590 potentia
1127 5516 1358 5572 Domini
1424 5517 1820 5584 manifestata,
1876 5518 2147 5573 nondum

1709 222 1947 281 PHOTII
1987 223 2470 283 PATRIARCHE
2512 226 2624 282 CP.

3701 231 3843 287 ηπ

2218 354 2449 422 γόμενος,
2498 352 2660 414 οὕτως
2708 355 2763 405 τὸ
2798 360 2954 424 σῶμα
3005 350 3262 419 ἐπιζητεῖ,
3321 352 3431 406 ἀλλ’
3485 358 3556 416 ὡς
3595 356 3659 407 ἄν
3691 355 3844 425 ἐλαίῳ

2222 444 2309 491 καὶ
2350 439 2709 514 φιλανθρωπίᾳ
2766 438 2970 506 διδούς,
3014 442 3086 503 εἰς
3138 447 3307 515 ταφὴν
3356 443 3581 497 αἰτεῖται
3623 448 3713 496 τὸν
3769 465 3839 497 νε·

2221 532 2363 596 χρὸν·
2418 535 2507 581 καὶ
2583 534 2823 602 πρόσεισι
2875 535 2965 603 μεν
3015 539 3086 601 τῷ
3139 532 3366 602 Πιλάτῳ,
3422 538 3568 585 ὄκνον
3634 536 3842 587 ἅπαντα

2222 622 2313 669 καὶ
2368 618 2520 689 φόϐον
2579 617 3015 693 ἀπορριψάμενος,
3076 622 3161 673 οἷα
3215 617 3274 673 δε
3306 620 3507 693 βουλῆς
3558 633 3839 689 κοινωνῶν,

2224 710 2601 779 κατενεχθῆναι
2655 712 2713 759 τὸ
2769 717 2921 781 σῶμα
2967 716 3059 762 τοῦ
3110 712 3415 773 τεθνηκότος
3470 712 3839 784 συμϐουλεύει.

2225 793 2368 854 Ἤδη
2423 800 2524 869 γὰρ
2573 806 2664 858 τῆς
2714 808 3049 869 παρασκευῆς
3096 807 3209 862 ταῖς
3259 808 3353 853 τοῦ
3405 801 3555 859 ἡλίου
3608 799 3843 875 δυσμαῖς

2229 885 2715 956 συνυπυληγούσης,
2745 892 2834 939 καὶ
2882 889 2907 939 6
2935 896 3027 940 τοῦ
3065 888 3329 942 Σαϐϐάτου
3356 896 3513 963 νόμος
3563 901 3627 963 τῇ
3669 892 3844 945 ἐπιού-

2230 994 2294 1047 σῃ
2355 980 2762 1047 συνανεφαίνετω
2828 982 2919 1029 καὶ
2973 979 3325 1053 πιθανώτερος
3369 976 3560 1051 ἐδόκει,
3604 987 3697 1034 καὶ
3754 986 3842 1033 τὸν

2227 1068 2380 1135 νόμον
2440 1066 2568 1125 ἴσως
2622 1065 2941 1136 ὑποφαίνων,
3000 1062 3072 1118 δι’
3150 1068 3203 1118 ὄν
3244 1066 3339 1119 ούκ
3392 1066 3558 1142 ἐχρῆν
3607 1074 3848 1142 μετέωρα

2228 1156 2392 1224 μένειν
2448 1156 2522 1205 ἔτι
2561 1155 2627 1205 τὰ
2684 1159 2905 1227 σώματα
2943 1163 3044 1207 τῶν
3075 1153 3429 1230 ἀνῃρημνων.
3476 1161 3555 1211 Τὰ
3580 1162 3681 1230 μὲν
3741 1164 3845 1232 γαρ

2230 1241 2359 1293 ἄλλα
2410 1250 2505 1293 τῶν
2562 1238 2831 1295 Ἰουδαίων
2889 1242 3154 1316 ἐκθέσμως
3200 1250 3549 1313 πραττόντων,
3597 1253 3688 1300 καὶ
3720 1250 3848 1300 ἀπε·

2229 1330 2528 1403 ρικαλύπτῳ
2578 1340 2636 1403 τῇ
2701 1331 2891 1405 κεφαλῇ
2962 1341 3061 1384 τῶν
3128 1339 3357 1409 πατρίων
3397 1332 3844 1409 ἐκδιαιτωμένων,

2232 1418 2279 1471 ἐν
2329 1420 2403 1480 οἷς
2456 1416 2606 1472 οὐδὲν
2651 1420 2925 1473 ἀντίπαλον
2983 1430 3074 1474 τοῦ
3134 1422 3416 1494 θελήματος
3471 1424 3700 1491 ἀπήντα,
3758 1432 3849 1477 καὶ

2230 1508 2424 1580 ῥᾷστον
2480 1505 2540 1566 ἦν
2598 1507 2879 1573 ἐκτελέσαι,
2932 1511 2960 1567 ἡ
3014 1516 3133 1584 περὶ
3184 1516 3304 1574 τοὺς
3362 1517 3547 1585 νόμους
3603 1514 3849 1567 εὐλάϐεια

2234 1594 2647 1658 κατεσπούδαζς.
2684 1603 2783 1651 Καὶ
2823 1595 2918 1661 δός
2963 1619 3074 1671 μοι,
3117 1606 3275 1672 φησιν
3304 1603 3330 1653 6
3370 1601 3586 1674 Ἰωσὴφ,
3630 1604 3676 1656 εἰ
3717 1603 3848 1675 βού-

2234 1686 2328 1753 λει,
2363 1686 2527 1757 θάψαι
2558 1690 2643 1738 τόν
2673 1691 2845 1760 νεκρὸν
2876 1695 2986 1751 τοῦ,
3040 1689 3237 1756 Ἰησοῦ,
3285 1692 3339 1742 ὄν
3373 1694 3421 1743 οἱ
3459 1698 3691 1761 γνωστοὶ
3720 1696 3850 1744 πάν-

2234 1794 2314 1835 τες
2364 1780 2566 1846 ᾤχοντο
2618 1775 3005 1842 καταλιπόντες,
3065 1778 3124 1830 οὗ
3202 1778 3380 1832 πολλοὶ
3575 1781 3851 1856 συπρρεον

2236 1864 2322 1917 ἐπὶ
2375 1874 2446 1935 τῷ
2508 1866 2662 1917 πάθει
2718 1868 2895 1918 θεαταὶ
2950 1874 3036 1918 νῦν
3088 1863 3136 1919 δ’
3166 1864 3335 1929 οὐδεὶς
3388 1869 3675 1941 ὑπέμεινεν,
3723 1869 3849 1923 ούδε

2236 1963 2335 2007 τῶν
2394 1953 2572 2025 φίλων,
2644 1955 3015 2027 ἐνταφιαστής.
3071 1962 3292 2010 Ἀπεστί
3346 1977 3431 2010 σοι
3488 1959 3645 2031 φόϐος
3691 1958 3851 2033 βασι-

2236 2042 2388 2102 λείας
2436 2045 2671 2100 τέθνηκεν
2718 2046 2743 2095 6
2791 2047 2850 2095 τό
2912 2046 3104 2117 κράτος
3273 2056 3369 2109 τῆς
3411 2046 3652 2110 ἐξουσίας
3683 2050 3851 2121 αρπά-

2240 2151 2331 2185 σαι
2360 2135 2827 2204 κατηγορούμενος,
2882 2138 3047 2208 μέχρι
3098 2130 3157 2187 δὲ
3186 2140 3275 2188 καὶ
3335 2136 3493 2197 αὐτῆς
3540 2140 3854 2211 προφάσεως

2238 2219 2404 2282 ἁθῶος
2458 2217 2627 2292 ὀφθεὶς
2674 2220 2897 2283 ὀπαντὸς
2948 2220 3297 2292 ἀδικήματος⁸
3331 2226 3385 2277 ὃν
3431 2234 3854 2298 προφητοκτόνος

2237 2310 2452 2381 γλῶσσα
2478 2316 2568 2362 καὶ
2616 2315 2753 2382 φωνὴ
2794 2316 2883 2363 καὶ
2935 2319 3127 2385 χεῖρες,
3190 2322 3285 2365 σού
3347 2311 3626 2377 δοκοῦντος
3685 2321 3851 2388 φέρειν

2240 2399 2721 2473 φιλανθρωποτέραν
2791 2400 2982 2473 ψῆφον,
3036 2403 3134 2454 ύπό
3214 2408 3389 2475 κρίσιν
3448 2408 3649 2475 ἤγαγον
3700 2408 3854 2457 θανάο

2241 2508 2349 2542 του.
2394 2493 2481 2548 Δός
2530 2509 2619 2560 μοι
2667 2492 2829 2562 χάριν
2876 2490 3163 2562 ὁμολογεῖν,
3208 2488 3281 2544 δι’
3332 2493 3396 2555 ἧς
3435 2493 3639 2567 ἐτέρους
3699 2492 3852 2547 οὐδὲν

2242 2577 2467 2647 ζημιοῖς.
2503 2573 2642 2630 Ούδὲ
2670 2580 2790 2650 γὰρ,
2845 2576 2959 2631 οὐδ’
2992 2581 3016 2631 6
3060 2588 3161 2632 τῶν
3201 2577 3473 2634 Ἰουδαίων
3516 2582 3680 2653 ὄχλος
3712 2582 3853 2637 ἀνιά-

2246 2685 2391 2718 σεται
2428 2675 2494 2739 γῇ
2542 2669 2792 2739 μαθόντες
2844 2672 2899 2720 τὸ
2940 2668 3129 2741 ἐχθρὸν
3187 2670 3593 2743 καλυπτόμενον.
3644 2673 3849 2726 Μᾶλλον

2244 2759 2331 2828 μεν
2359 2752 2445 2807 οὖν
2492 2753 2912 2831 δυσχεραίνουσι
2962 2762 3052 2810 καὶ
3090 2764 3264 2832 νεκρόν
3302 2764 3390 2813 τὸν
3429 2761 3515 2813 ὑπ’
3548 2762 3717 2814 αὐτῶν
3759 2783 3852 2835 μι-

2247 2848 2492 2917 σούμενον
2549 2844 2841 2917 βλέποντες·
2902 2855 3053 2899 τοῦτο
3110 2852 3199 2920 μεν
3268 2854 3362 2908 τὴν
3412 2850 3582 2902 αὐτῶν
3641 2872 3855 2923 μιαιφοο

2243 2939 2354 2986 νίαν
2402 2943 2474 3004 τῷ
2525 2943 2735 3009 σταυρῷ
2796 2935 3190 3009 θριαμϐεύοντα,
3244 2946 3396 2991 τοῦτο
3444 2937 3501 2992 δὲ
3561 2948 3660 2992 τῶν
3703 2943 3856 3014 ὁρών-

2245 3043 2344 3076 των
2388 3026 2475 3075 τὸν
2522 3024 2653 3076 ἔλεον
2702 3024 2933 3093 ἕλκοντα,
2983 3031 3202 3079 καὶτῶν
3253 3030 3665 3102 σταυρωσάντων
3710 3029 3856 3082 bunu-

2245 3112 2485 3183 λούμενον
2552 3115 2914 3183 μυσάττεσθαι
2972 3119 3065 3173 τὴν
3113 3116 3372 3188 ὠμότητα⁶
3425 3114 3550 3170 ούδε
3585 3124 3681 3176 τὴν
3736 3125 3858 3173 Καί-

2248 3221 2407 3275 σαρος
2465 3202 2792 3255 ἐπισείσουσι
2856 3203 3045 3275 φιλίαν,
3112 3205 3223 3257 Ούκ
3286 3204 3335 3258 εἶ
3384 3206 3548 3278 φίλος,
3602 3207 3854 3279 Ηγοντες.

2244 3298 2335 3343 τοῦ
2384 3296 2668 3366 Καίσαρος,
2701 3292 2744 3344 ἑί
2779 3296 2953 3363 νεκρὸν
2986 3289 3151 3356 δίδως
3197 3303 3257 3367 τῇ
3303 3303 3371 3367 γῇ
3419 3299 3855 3369 κατορύττεσθαι.

2246 3379 2687 3452 Ἀνπροφάσιστος,
2734 3381 2777 3433 εἰ
2826 3379 3002 3452 βούλει
3046 3388 3221 3454 μόνον,
3262 3386 3292 3442 ἡ
3338 3384 3607 3460 πλήρωσις
3646 3394 3745 3447 τῆς
3776 3388 3854 3438 αὶ-

2242 3471 2495 3541 τυγχάνει
2551 3476 2643 3521 τοῦ
2714 3478 2931 3537 σκοποῦ,
2992 3476 3080 3524 καὶ
3131 3471 3381 3545 λαμϐάνει
3431 3477 3741 3550 καθαιρεθεν
3798 3480 3853 3528 τὸ

2326 3654 2429 3700 Τού
2488 3647 2667 3702 αὐτοῦ.
2740 3650 2974 3721 Σμύρνης
3025 3647 3112 3703 οὖν
3169 3649 3505 3705 ἐπεπλάσσων
3557 3658 3649 3705 καὶ
3704 3654 3857 3715 ἀλόης

2254 3740 2312 3788 τὸ
2369 3745 2522 3808 σῶμα
2547 3740 2604 3789 τὸ
2658 3741 2988 3802 Δεσποτικὸν,
3040 3741 3065 3792 ὅ
3110 3747 3218 3801 τοῖς
3272 3741 3549 3794 τελευτῶσι
3602 3746 3748 3817 παρά
3802 3763 3858 3814 γε

2254 3834 2361 3887 τοῖς
2395 3822 2674 3887 Ἰουδαίοις
2715 3831 2841 3899 τιμὴ
2892 3827 3177 3899 τελευταία,
3214 3835 3437 3891 καὶτοῖς
3479 3832 3858 3905 νεκροστολίοις

2256 3915 2596 3988 περιελίσσων
2669 3915 2909 3982 ὀθονίοις,
2986 3922 3113 3991 πρὸς
3169 3927 3240 3989 τῷ
3296 3928 3457 3990 καινῷ
3538 3924 3858 3978 κατατίθησι

2256 4010 2508 4077 μνημείῳ·
2570 4009 2744 4057 καινὸν
2816 4003 2875 4058 δὲ
2928 4010 2985 4058 τό
3037 4016 3286 4080 μνημεῖον
3322 4013 3739 4081 παρεσκεύαστο,
3774 4012 3859 4062 αύ-

2253 4101 2324 4162 τῷ
2374 4112 2426 4145 τε
2469 4100 2539 4162 τῷ
2589 4098 2820 4150 Δεσπότη
2875 4098 2960 4145 τόν
3006 4091 3227 4147 δυνατὸν
3284 4100 3474 4168 τρόπον
3526 4106 3620 4149 τοῦ
3669 4098 3859 4169 Ἰωσὴφ

2254 4186 2410 4252 τιμὴν
2465 4180 2843 4256 ἑξευρίσκοντος
2900 4200 2910 4211 ·
2958 4184 3113 4255 τάφος
3168 4186 3270 4259 γὰρ
3324 4190 3496 4245 καινὸς
3554 4192 3644 4239 καὶ
3698 4185 3856 4248 ἶδίος.

2256 4269 2383 4322 ἀλλὰ
2414 4275 2484 4341 μὴ
2536 4275 2705 4332 κοινός
2737 4276 2827 4324 καὶ
2874 4272 3080 4335 πολλοῖς
3138 4272 3579 4346 ἑκλελυμασμένος
3625 4282 3857 4345 σώμασι,

2252 4364 2343 4417 τὴν
2374 4362 2437 4419 ὡς
2489 4359 2535 4411 ἐν
2575 4368 2766 4431 νεκροῖς
2810 4369 2880 4431 τῷ
2924 4363 3223 4434 θαπτομένῳ
3270 4369 3549 4438 προσνέμει
3608 4371 3859 4437 σεμνότη-

2255 4465 2337 4499 τα·
2386 4452 2474 4499 καὶ
2558 4445 2751 4510 διπλῆς
2802 4449 2956 4511 ἄλλης
3008 4450 3441 4523 οἰκονομουμένης
3479 4453 3655 4515 αἰτίας
3698 4456 3856 4517 ἕνεκα,

2255 4543 2379 4608 μιᾶς
2449 4539 2558 4608 μὲν,
2612 4538 2692 4588 ἱνα
2738 4542 2809 4609 μὴ
2861 4546 2952 4590 τοῦ
3008 4547 3105 4602 τῆς
3154 4538 3489 4601 ἀναστάσεως
3535 4540 3858 4615 ἐπιτελουμέ-

2254 4644 2345 4675 νου
2390 4626 2650 4697 θαύματος
2698 4633 2804 4687 τοῐς
2833 4628 3002 4679 πάντα
3052 4627 3281 4700 τολμῶσι
3326 4634 3417 4681 καὶ
3470 4627 3861 4702 ἀναισχυντοῦ-

2260 4733 2341 4765 σιν
2393 4710 2687 4778 Ἰουδαὶοις,
2739 4715 2887 4776 ἄλλος
2934 4735 3007 4777 τις
3060 4726 3158 4768 τῶν
3210 4721 3636 4789 συντεθαμμένων
3683 4721 3863 4793 ἐπιφη-

2257 4806 2446 4875 μισθῇ,
2480 4804 2583 4875 ούχ
2611 4806 2635 4855 6
2680 4805 2801 4878 παρ’
2833 4806 2997 4858 αὐτῶν
3041 4814 3112 4875 τῷ
3150 4814 3360 4880 σταυρῷ
3405 4804 3863 4883 καταδεδικασμέο

2257 4912 2362 4960 νος,
2416 4901 2515 4944 τῶν
2568 4902 2755 4966 νεκρῶν
2810 4892 3165 4966 ἀνιστάμενος,
3228 4894 3335 4947 ἀλλ’
3372 4898 3455 4947 ἶνα
3510 4897 3691 4961 αὐτοῖς
3744 4920 3864 4952 παν-

2261 4983 2483 5052 ταχόθεν
2616 4988 2762 5033 πᾶσα
2804 4979 3149 5055 ψευδολογίας
3186 4989 3276 5037 καὶ
3330 4986 3625 5058 θεομαχίας
3667 5009 3865 5062 περικεο

2263 5075 2489 5142 κομμένη
2542 5074 2802 5142 πρόφασις
2856 5089 2867 5100 ·
2922 5072 3091 5145 ἐτέρας
3137 5069 3213 5137 δὲ,
3274 5081 3365 5126 τοῦ
3404 5079 3476 5146 μὴ
3530 5072 3689 5137 δόξαι
3733 5084 3866 5131 τισὶν

2262 5160 2429 5212 ἐκεῖνα
2475 5164 2609 5231 μόνα
2654 5168 2752 5212 τῶν
2817 5164 3071 5232 σωμάτων
3126 5161 3471 5225 ἐξαναστῆναι
3525 5173 3618 5216 τοῦ
3676 5170 3864 5239 τάφον,

2261 5250 2335 5311 οἷς
2365 5252 2421 5301 τὸ
2470 5253 2781 5301 Δεσποτικόν
2830 5248 3155 5323 ἐπεχωρίαζε
3195 5260 3348 5323 σῶμα
3394 5257 3482 5304 καὶ
3532 5252 3865 5316 ἐπλησίαζεν

2261 5340 2313 5390 ὃν
2366 5343 2455 5389 καί
2505 5357 2641 5399 τινος
2679 5347 2776 5390 τῶν
2827 5338 2987 5410 ἁγίων
3041 5338 3201 5391 πάλαι
3250 5345 3340 5392 καὶ
3402 5341 3595 5404 ζῶντος
3657 5346 3738 5396 ἔτι
3791 5342 3867 5397 δι·

2262 5432 2568 5497 επίπρακτο,
2640 5433 2731 5480 καὶ
2799 5424 2863 5480 αὖ
2916 5428 3331 5489 τελευτήσαντος·
3393 5428 3521 5482 ἀλλὰ
3570 5434 3633 5482 ἶν’
3692 5437 3865 5508 ὥσπερ

2261 5518 2385 5591 ύπερ
2426 5520 2623 5569 πάντων
2672 5520 2749 5575 εἴη
2798 5521 2857 5570 τό
2901 5520 3036 5571 κατὰ
3078 5526 3169 5571 τοῦ
3200 5515 3333 5589 ᾅδου
3381 5522 3570 5594 κράτος
3599 5523 3627 5574 6
3675 5530 3868 5577 Δεσπόο
