4026 6206
170 267 326 322 1229

1447 265 1883 323 FRAGMENTA
1923 265 1994 321 lN
2036 266 2306 324 LUCAM.
2385 223 2388 226 ’

3411 275 3550 332 1230

169 411 271 453 της
314 386 740 462 ἀναδεδεγμένος,
775 390 912 444 οὕτω
941 395 1030 444 καὶ
1077 399 1176 444 τῶν
1220 400 1496 464 πανταχοῦ
1543 400 1644 464 γῆς
1690 395 1779 443 καὶ

1894 390 2114 463 ubique
2140 407 2246 464 per
2287 396 2472 451 terras
2532 400 2588 450 et
2641 395 2832 452 maria
2879 395 3112 466 agitatis
3162 399 3544 470 corporibus,

169 481 452 543 θαλάσσης
497 475 870 554 διερριμμένων
921 483 1194 552 σωμάτων,
1236 487 1325 534 καὶ
1364 487 1489 555 πυρὶ
1535 486 1624 534 καὶ
1669 479 1781 553 ἁέρι

164 566 649 640 διεσκεδασμνων,
689 568 936 640 λαμπρῶς
977 568 1273 642 ἐπιγνωσθῇ
1335 579 1407 640 τῷ
1461 570 1632 640 οἰκείῳ
1685 571 1782 621 πά-

168 661 252 712 θει
307 655 760 732 διαπεπραγμένος
820 662 913 716 τήν
967 657 1292 711 ἀνάστασιν·
1351 661 1422 720 οἷς
1473 663 1573 733 γὰρ
1634 667 1780 710 τινῶν

164 753 266 820 μεν
326 747 386 800 οὐ
442 749 788 799 συνετέθαπτο
850 753 1081 819 σώμασι,
1134 748 1311 800 πολλοὶ
1370 745 1428 800 δε
1470 756 1568 799 τῶν
1626 747 1780 818 ἁγίων

167 837 510 907 ἀναστάντες,
544 835 722 888 ἄλλοθί
770 855 866 888 που
897 841 986 889 καὶ
1029 836 1206 889 ἄλλοθι
1243 841 1332 888 καὶ
1374 833 1646 910 σποράδην
1694 840 1782 888 καὶ

167 928 230 980 οὐ
286 928 422 979 κατὰ
473 928 530 978 τὸ
583 929 897 978 Δεσποτικόν
942 933 1123 998 μνῆμα
1167 931 1408 994 κείμενοι,
1445 926 1648 986 πολλοῖς
1695 923 1782 984 ἧλ-

167 1018 262 1068 θον
311 1015 386 1078 εἰς
437 1014 744 1088 ἐμφάνειαν⁸
802 1011 896 1068 διὰ
942 1017 1134 1068 τούτων
1188 1014 1378 1087 μᾶλλον
1427 1024 1616 1089 τρανῶς
1668 1015 1784 1067 έπι-

167 1102 464 1176 δείκνυται,
499 1109 571 1177 μή
622 1113 721 1156 τῶν
768 1107 880 1176 μεν,
912 1112 1012 1156 τῶν
1063 1101 1123 1156 δὲ
1173 1109 1269 1176 μὴ,
1317 1102 1424 1156 ἁλλ’
1477 1106 1602 1178 ὑπὲρ
1657 1105 1782 1156 πάν-

165 1213 272 1246 των
312 1201 383 1264 τῷ
413 1198 642 1266 Δεσπότη
693 1193 718 1244 ὃ
748 1211 802 1245 τε
834 1195 1046 1254 θάνατος
1084 1195 1413 1264 γεγενημένος
1455 1197 1544 1244 καὶ
1591 1195 1618 1251 ἠ
1652 1190 1780 1243 ἀνά-

167 1299 383 1346 στασις·
419 1279 513 1335 διὰ
555 1290 719 1335 ταῦτα
762 1285 862 1357 γὰρ
913 1278 1000 1334 οὖν
1038 1287 1128 1334 καὶ
1157 1289 1394 1347 τοιαῦτα,
1427 1283 1602 1342 καινὸς
1641 1281 1666 1333 6
1699 1286 1782 1333 Δε-

169 1375 426 1434 σποτικὸς
454 1374 609 1443 τάφος
652 1379 722 1441 τῷ
773 1370 963 1432 Ἰωσήρ
1005 1370 1275 1433 ἐλάξευτο·
1307 1371 1497 1422 ἐκείνου
1545 1373 1635 1442 μὲν
1683 1375 1778 1442 μή,

169 1469 493 1536 συνορῶντος
522 1463 652 1520 ἴσως
699 1460 923 1524 ἅπαντα,
958 1458 1085 1512 ἀλλὰ
1114 1463 1241 1534 πρός
1280 1460 1329 1512 ἓν
1358 1479 1436 1530 γε,
1469 1463 1561 1518 τήν
1601 1464 1776 1532 τιμήν,

164 1551 548 1611 ἀποϐλέποντος
577 1566 590 1580 ⁸
617 1558 712 1612 τῆς
759 1551 899 1610 θείας
929 1545 988 1601 δὲ
1018 1554 1106 1601 καὶ
1137 1556 1304 1601 ταῦτα
1330 1549 1780 1624 προκαταρτιςού-

170 1661 273 1703 σης
303 1646 393 1693 καὶ
423 1641 895 1711 συνοικονομούσης
926 1643 1281 1710 προγνώσεως.

241 1731 328 1802 [ρ.
362 1735 467 1786 3ίὸ
501 1730 578 1800 8.]
609 1733 826 1782 Φωτίου.
855 1727 934 1781 Θῦ
965 1731 1062 1800 μή)
1090 1727 1410 1786 ὑποληπτέον
1443 1729 1523 1779 ὅτι
1553 1729 1578 1784 ἡ
1612 1729 1781 1800 παρά·
1811 1745 1851 1798 Β

168 1819 326 1880 ϐασις
364 1823 480 1880 τοὺς
524 1817 814 1890 ὀφθαλμοὺς
856 1815 1057 1870 ἐκείνων
1103 1813 1386 1881 διήνοιξεν,
1419 1817 1605 1886 ἄπαγε.
1641 1812 1780 1868 Οὐδὲ

165 1911 294 1981 γὰρ,
329 1905 444 1962 οὐδ’
475 1908 526 1960 ἐν
572 1908 701 1980 αὐτῇ
753 1905 1049 1981 παραϐάσει
1091 1910 1384 1980 γέγραπται
1431 1909 1550 1966 τοὺς
1595 1903 1779 1977 ὀφθαλ-

167 2001 301 2070 μοὺς
347 1997 515 2049 αὐτῶν
569 1993 899 2068 διηνοῖχθαι,
952 1994 1077 2047 ἀλλὰ
1129 1998 1256 2068 μετὰ
1315 2000 1407 2054 τήν
1458 1995 1774 2069 παράϐασινο

166 2087 338 2160 Ὅπερ
382 2089 612 2140 τοιοῦτόν
641 2084 772 2140 ὶστι,
808 2087 952 2138 Μετὰ
997 2089 1090 2142 τήν
1122 2085 1383 2159 ἁμαρτίαν
1427 2088 1496 2147 ὡς
1524 2087 1590 2136 τὰ
1619 2084 1781 2138 πολλὰ

167 2176 456 2248 ἐπίγνωσις
509 2183 602 2227 τοῦ
649 2174 1026 2248 ἁμαρτήματος
1062 2178 1279 2245 γίνεται,
1331 2179 1420 2226 καὶ
1469 2177 1526 2225 τό
1567 2176 1780 2246 μέγεθος

166 2273 264 2318 τοῦ
346 2264 676 2337 τολμήματος
751 2267 863 2316 τότε
939 2261 1126 2335 μᾶλλον
1199 2261 1616 2334 ἐπιγινώσκεται.
1676 2269 1778 2316 Τοῦ

165 2357 274 2427 γὰρ
333 2353 770 2427 έπιπροσθοῡντος
837 2354 1032 2413 πάθους
1097 2343 1186 2404 καὶ
1243 2359 1509 2414 κινοῦντος
1565 2355 1778 2424 οἴστρου

166 2446 303 2518 πρὸς
353 2447 448 2501 τήν
488 2441 770 2514 ἁμαρτίαν,
817 2443 948 2512 μετὰ
1003 2445 1097 2498 τήν
1150 2442 1400 2513 ἔκθεσμον
1450 2440 1636 2514 πρᾶξιν
1692 2459 1780 2492 πε-

166 2535 456 2604 παυμένου,
515 2535 626 2583 τότε
673 2529 844 2602 ὥσπερ
902 2525 1165 2600 διακύψας
1211 2537 1302 2591 τῆς
1350 2529 1538 2589 πολλῆς
1584 2527 1780 2590 ἐκείνης

167 2619 377 2692 ἀχλύος
429 2619 454 2672 6
497 2618 751 2691 λογισμός
779 2622 869 2670 καὶ
919 2617 1186 2689 ἀνανήψας
1235 2616 1394 2691 ἐφορᾶ
1436 2621 1501 2671 τὰ
1550 2637 1777 2692 πεπραγ-

167 2712 303 2782 μένα
353 2714 442 2760 καὶ
498 2707 564 2768 εἰς
630 2709 740 2758 οἷαν
802 2709 1128 2758 κατάστασιν
1183 2707 1235 2770 ἐξ
1293 2707 1402 2768 οῖας
1454 2708 1774 2778 μετηνέχθη,

169 2797 366 2870 μᾶλλον
417 2795 667 2868 λαμϐάνει
723 2800 816 2854 τήν
880 2797 1251 2861 συναίσθησιν,
1292 2802 1381 2848 καὶ
1429 2798 1487 2848 τὸ
1545 2792 1777 2856 συνειδὸς

164 2895 456 2960 τετρῶσκον
509 2885 662 2937 αὐτόν
719 2889 809 2937 καὶ
855 2881 1106 2959 διεγεῖρον
1159 2888 1301 2956 ἔχον·
1346 2881 1612 2937 διαϐλέπει
1657 2903 1780 2956 τραο

165 2984 271 3037 νῶς
307 2974 343 3027 ἃ
396 2982 488 3028 τοῦ
541 2975 733 3034 πάθους
783 2971 1219 3047 έπιπροσθοῦντος
1264 2977 1358 3025 οὐκ
1407 2975 1595 3042 ὁμοίως
1641 2971 1779 3025 ἔϐλε-

166 3084 281 3118 πεν·
317 3063 478 3125 ἄλλως
508 3060 565 3116 δὲ
613 3065 742 3136 πρὸς
781 3066 870 3120 νην
916 3062 1171 3135 ἁμαρτίαν
1201 3064 1420 3124 ἕκαστος
1458 3071 1668 3136 χωρῶν,
1703 3057 1778 3121 οἷς

164 3157 194 3207 6
250 3155 475 3225 πονηρὸς
544 3149 970 3225 διαγαργαλίξων
1027 3170 1081 3204 τε
1131 3156 1220 3203 καὶ
1293 3151 1586 3222 ὑποθέλγων
1644 3152 1778 3222 ἡμᾶς

166 3243 460 3308 ἐκθηλύνει,
521 3246 612 3294 καὶ
665 3245 854 3313 γνόφου
908 3240 1117 3312 πληροῖ,
1172 3244 1558 3314 κεκαρωμένους
1603 3241 1774 3313 ὥσπερ

167 3337 313 3406 φέρει
359 3335 480 3394 τοὺς
533 3330 836 3402 λογισμοὺς,
897 3334 986 3382 καὶ
1039 3332 1402 3403 πεπηρωμένον
1460 3332 1516 3381 τὸ
1566 3329 1776 3380 ὀπτικόν

167 3430 269 3484 τῆς
301 3417 637 3493 διακρίσεως.
669 3421 814 3472 Μετὰ
847 3415 906 3472 δὲ
946 3423 1039 3477 τήν
1076 3418 1263 3491 πρᾶξιν
1295 3417 1380 3470 ὑπ’
1415 3417 1535 3488 ὄψιν
1574 3419 1688 3489 οἱγει
1719 3422 1776 3470 τό

166 3510 446 3582 τολμηθὲν,
497 3513 588 3560 καὶ
638 3507 982 3560 ἁνακαλυπτει
1032 3516 1247 3581 πικρῶς,
1295 3507 1319 3560 ὃ
1367 3511 1614 3580 πρότερον
1659 3508 1779 3559 πολ-

167 3601 286 3660 λαῖς
342 3605 614 3670 μηχαναῖς
669 3596 1058 3650 συνεκάλυπτεν·
1112 3593 1240 3664 εἶτα,
1296 3593 1368 3648 δι’
1423 3596 1490 3647 ὧν
1543 3599 1778 3668 κατάφω-

169 3709 263 3764 ρον
313 3692 398 3740 τόν
443 3692 596 3759 ὄγκον
651 3685 888 3738 ἀποτελεῖ
933 3694 1022 3738 τοῦ
1076 3687 1426 3760 τολμήματος,
1486 3689 1609 3760 πρὸς
1648 3684 1780 3737 ἀπὸ·

170 3796 369 3848 γνωσιν
423 3776 570 3828 ὠθεῖν
622 3782 861 3848 πειρᾶται
917 3778 1003 3826 τόν
1059 3776 1457 3850 ἁμαρτήσαντα.
1511 3777 1580 3826 T6
1631 3782 1777 3846 γοῦν,

174 3867 571 3938 Διηνοίχθησαν
645 3863 812 3916 αὐτῶν
892 3866 941 3915 οἱ
1012 3863 1284 3936 ὀφθαλμοὶ,
1363 3864 1420 3916 οὗ
1495 3867 1623 3937 πρὸς
1696 3865 1782 3914 τόν

175 3957 467 4028 ἔμπροσθεν
519 3957 731 4028 χρόνον,
780 3951 903 4006 οὐδὲ
958 3959 1076 4026 πρὶν
1131 3954 1160 4011 ἡ
1217 3961 1310 4012 τῆς
1358 3952 1564 4012 ἐντολῆς
1603 3951 1784 4010 αὐτοὺς

176 4043 433 4107 ἐκπεσεῖν,
484 4041 864 4118 παραληπτέον.
916 4046 1042 4096 Τότε
1087 4044 1185 4113 γὰρ
1244 4041 1589 4111 ἠνεῳγμένους
1641 4038 1784 4110 εἶχον

176 4133 391 4206 μᾶλλον,
422 4138 579 4205 μήπω
621 4139 712 4185 τοῦ
743 4136 902 4204 ὄφεως
951 4138 1060 4192 τοῖς
1086 4131 1434 4203 ψιθυρισμοῖς
1466 4127 1787 4181 ὐποκλαπέν-

177 4243 287 4286 τες,
318 4226 406 4274 καὶ
458 4227 678 4294 συνορᾴν
724 4224 782 4272 τὸ
830 4224 1102 4293 πρακτέον,
1144 4217 1425 4291 ἐγρήγορον
1477 4220 1648 4290 ἔφερον
1694 4221 1788 4275 τὴν

179 4309 440 4366 διάνοιαν.
462 4311 663 4364 Οὐκοῦν
689 4314 746 4363 τὸ
781 4308 985 4383 βλέπειν
1011 4309 1103 4361 οὐκ
1129 4311 1358 4380 ἔχοντες,
1387 4305 1470 4359 έπὶ
1501 4314 1590 4368 τῆς
1625 4305 1789 4380 ἁμαρ-

181 4407 304 4462 τίας
360 4399 635 4453 ἀνέλαϐον·
673 4400 967 4452 τούναντίον
1026 4395 1084 4451 δε
1139 4403 1232 4457 τήν
1290 4397 1550 4472 ἁμαρτίαν
1611 4395 1658 4449 ἐν
1715 4403 1788 4466 τῷ

179 4493 430 4566 πράττειν
520 4489 916 4561 τυφλώττοντες,
1007 4490 1338 4560 πεπαυμένης
1428 4492 1519 4544 τήν
1609 4488 1789 4559 ὅρασιν

181 4579 578 4638 ἀνεκτήσαντο·
633 4579 854 4630 ἐνταῦθα
909 4581 1081 4648 μέντοι
1153 4580 1232 4641 τὸ,
1294 4577 1685 4647 Διηνοίχθησαν
1742 4576 1790 4626 οἱ

181 4667 462 4742 ὀφθαλμοὶ,
504 4667 618 4720 ἀντὶ
664 4675 776 4733 τοῦ,
817 4670 873 4719 τό
927 4665 1138 4738 βλέμμα
1194 4665 1361 4717 αὐτῶν
1411 4665 1611 4727 ὠξύνθη
1664 4667 1791 4737 πρὸς

183 4759 485 4828 έπίγνωσιν·
525 4757 773 4829 ᾠκονόμει
814 4758 915 4829 γὰρ
969 4759 1094 4815 τέως
1143 4756 1169 4806 6
1211 4757 1400 4827 Κύριος
1449 4757 1506 4806 τό
1550 4758 1620 4826 μή
1662 4774 1794 4825 γνω-

184 4850 385 4906 σθῆναι
411 4847 608 4912 αὐτοῖς,
641 4849 804 4918 μέχρι
842 4852 937 4905 τῆς
966 4852 1057 4896 τοῦ
1084 4845 1244 4918 ἄρτου
1271 4843 1517 4903 κλάσεως.

266 4936 346 5007 [ρ.
379 4940 478 4990 317
528 4934 610 5008 8.]
650 4942 752 4988 Τοῦ
797 4933 974 4986 αὐτοῦ.
1013 4937 1278 5004 Συντέμνει
1331 4936 1424 4990 τήν
1475 4933 1787 5003 ὑπόσχεσιν,

185 5024 288 5080 διά
317 5029 408 5082 τήν
438 5023 790 5094 ὀλιγοψυχίαν
819 5032 918 5074 τῶν
948 5024 1194 5092 μαθητῶν
1221 5038 1232 5051 ’
1267 5026 1354 5072 καὶ
1386 5016 1480 5071 διὰ
1510 5028 1660 5072 τοῦτο
1693 5022 1792 5093 πρό

183 5122 282 5172 τῆς
314 5112 584 5172 Γαλιλαίας
630 5112 678 5163 έν
725 5111 892 5171 αὐτοῖς
920 5109 1317 5185 Ἰεροσολύμοις,
1351 5109 1522 5168 αὐτοῖς
1572 5107 1792 5179 ἐμφανί-

187 5203 361 5266 ζεται,
401 5207 490 5254 καὶ
535 5201 594 5254 οὐ
645 5197 817 5258 δήπου
865 5207 1018 5253 τοῦτο
1066 5206 1161 5260 τῆς
1200 5197 1513 5268 ἐπαγγελίας
1558 5195 1788 5270 παράϐα-

190 5311 300 5352 σις.
350 5297 555 5361 Ταχεία
603 5287 661 5342 δὲ
707 5289 894 5361 μᾶλλον
937 5287 992 5340 ἐκ
1045 5287 1234 5347 πολλῆς
1283 5285 1666 5358 φιλανθρωπίας
1716 5284 1794 5336 ἐκ·

185 5380 460 5453 πλήρωσις
484 5399 496 5412 ·
527 5381 673 5451 ὤφθη
707 5375 765 5431 δε
813 5380 943 5450 μετὰ
985 5385 1154 5429 ταῦτα
1189 5380 1278 5428 καὶ
1327 5375 1376 5426 ἐν
1431 5383 1490 5446 τῇ
1527 5375 1793 5445 Γαλιλαίᾳ,

188 5473 278 5524 ὅτε
309 5469 539 5527 ἀπῆλθον
587 5467 706 5520 έκεῖο
743 5467 1067 5528 Ἀπελθόντες
1110 5468 1231 5538 γὰρ,
1267 5469 1446 5536 φησὶν,
1480 5463 1667 5533 ὄψεσθέ
1713 5482 1793 5534 με.

1892 495 2086 552 neque
2111 480 2168 536 in
2199 481 2336 550 igne
2358 488 2413 538 et
2442 499 2577 539 aere
2629 483 2926 556 dispersis,
2987 485 3144 540 clare
3191 493 3544 544 nosceretur

1892 570 2134 640 propria
2165 570 2372 626 virtute
2398 572 2892 628 resurrectionem
2923 573 3272 645 patravisse.
3307 576 3544 641 Quibus

1891 658 2052 713 enim
2092 673 2213 714 non
2234 660 2619 732 consepultus
2646 667 2772 717 erat
2801 661 3173 733 corporibus,
3207 663 3375 719 multi
3412 681 3547 720 san-

1892 751 2125 802 ctorum
2151 754 2549 819 resurgentes,
2576 749 2653 804 ibi
2683 753 2739 805 et
2786 750 2926 806 alibi
2952 757 3006 806 et
3059 751 3284 824 passim
3335 757 3392 808 et
3424 769 3546 810 non

1886 835 2058 908 juxta
2084 837 2314 892 Domini
2341 840 3092 909 monumentumjacentes,
3129 839 3334 896 multis
3362 856 3550 914 appa-

1891 930 2159 982 ruerunt.
2208 929 2312 982 Per
2358 927 2487 983 haec
2538 934 2734 1000 aperte
2782 930 2974 1000 magis
3027 931 3382 996 ostenditur,
3429 947 3548 987 non

1890 1014 2349 1088 horum,neque
2375 1016 2630 1082 illorum,
2692 1018 2796 1073 sed
2826 1018 3246 1075 universorum
3295 1020 3550 1077 Domino

1891 1103 2102 1160 factam
2124 1120 2251 1160 esse
2274 1110 2526 1162 mortem
2546 1111 2602 1162 et
2623 1107 3396 1180 resurrectionem.Propter
3411 1125 3548 1182 quae

1889 1195 2064 1265 igitur
2089 1200 2144 1252 et
2175 1195 2333 1260 talia,
2366 1212 2593 1252 novum
2624 1198 2870 1254 Domino
2895 1197 3238 1270 sepulcrum
3267 1215 3304 1254 a
3333 1200 3549 1271 Joseph

1891 1283 2150 1340 excisum
2183 1288 2269 1340 est
2301 1303 2313 1351 ;
2346 1284 2451 1356 qui
2504 1285 2742 1357 quidem
2792 1301 2915 1342 non
2966 1286 3174 1343 omnia
3205 1287 3333 1342 haec
3363 1287 3545 1343 simul

1890 1371 2152 1438 videbat,
2183 1372 2289 1428 sed
2322 1389 2530 1438 unum,
2567 1374 2858 1431 honorem
2896 1374 3140 1440 scilicet,
3173 1375 3547 1442 intendebat;

1890 1460 2238 1533 prmvisione
2263 1467 2462 1518 autem
2479 1463 2686 1520 divina
2709 1468 2926 1521 cuncta
2949 1469 3332 1536 praeparante
3346 1469 3403 1522 et
3426 1465 3547 1521 dis-

1891 1555 2168 1622 ponente.

1961 1731 2107 1786 CAP.
2151 1730 2336 1788 XXIV.
2378 1735 2540 1790 Vens.
2575 1736 2660 1790 3t.
2695 1734 2917 1791 Pholii.
2953 1737 3081 1790 Non
3126 1733 3408 1806 equidem
3459 1734 3546 1791 in-

1891 1818 2274 1889 telligendum
2300 1838 2504 1878 eorum
2557 1824 2762 1880 oculos
2800 1823 3272 1894 transgressione
3305 1828 3545 1896 apertos

1888 1907 2087 1975 fuisse,
2111 1909 2282 1966 absit.
2323 1913 2522 1984 Neque
2573 1914 2736 1970 enim
2805 1913 2864 1969 in
2889 1913 3026 1986 ipsa
3075 1912 3545 1982 transgressione

1889 1997 2178 2069 scriptum
2203 2004 2545 2070 estapertos
2576 1999 2755 2058 fuisse
2783 2017 2992 2058 eorum
3015 2001 3237 2066 oculos,
3267 2001 3371 2057 sed
3404 2004 3542 2073 post

1888 2087 2442 2155 transgressionem.
2479 2090 2641 2146 [dem
2673 2094 2761 2146 est
2816 2090 2984 2164 quod
3042 2095 3178 2162 post
3224 2094 3537 2162 peccatum

1890 2175 2082 2246 major
2093 2177 2347 2247 cognitio
2361 2177 2607 2235 offensa:
2633 2179 3169 2245 datur,etaudacias
3191 2178 3539 2249 magnitudo

1888 2269 2028 2320 tunc
2058 2266 2251 2335 magis
2278 2268 2678 2337 cognoscitur.
2710 2272 2855 2324 Nam
2888 2269 3218 2324 otfuscante
3269 2268 3538 2324 animum

1888 2353 2173 2424 passione
2191 2358 2246 2410 et
2265 2355 2322 2409 in
2337 2360 2650 2426 peccatum
2675 2357 2893 2413 furiose
2915 2361 3210 2421 movente,
3227 2361 3362 2429 post
3379 2357 3540 2412 nefa-

1885 2440 2038 2497 riam
2053 2448 2250 2499 autem
2265 2444 2558 2500 actionem
2572 2445 3234 2513 desinente,tunc,velut
3251 2445 3328 2500 ab
3346 2459 3540 2516 opaca

1886 2531 1985 2587 illa
2009 2531 2169 2588 nube
2199 2537 2255 2588 et
2280 2535 2452 2606 quasi
2477 2535 2759 2591 ebrietate
2787 2535 2982 2591 soluta
3034 2535 3185 2591 ratio
3238 2535 3538 2590 actionem

1887 2622 2166 2688 intuetur,
2199 2627 2257 2678 et
2291 2639 2429 2680 cum
2460 2625 2519 2680 in
2553 2625 2737 2680 alium
2760 2642 2831 2681 ex
2863 2625 2980 2681 alio
3004 2629 3229 2681 statum
3274 2623 3541 2680 adducta

1885 2719 1990 2778 est,
2027 2713 2219 2782 magis
2243 2713 2675 2770 conscientiam
2712 2713 2902 2780 audit,
2926 2729 3064 2786 qum
3094 2713 3260 2768 velut
3310 2711 3538 2768 aculeis

1887 2815 2096 2871 pressa
2124 2805 2180 2856 et
2217 2802 2471 2858 excitata
2501 2801 2654 2858 clare
2703 2802 3015 2874 conspicit,
3070 2817 3209 2874 qum
3256 2801 3539 2872 passione

1887 2889 2216 2944 otfuscante
2247 2905 2369 2946 non
2384 2891 2596 2946 eadem
2623 2891 2872 2946 viderat.
2900 2890 3077 2946 Aliter
3095 2894 3292 2946 autem
3307 2887 3386 2944 ad
3409 2903 3540 2960 pec-

1887 2982 2090 3032 catum
2119 2979 2375 3051 quisque
2397 2979 2598 3044 tendit,
2627 2995 2764 3035 cum
2781 2979 3103 3049 malignus,
3132 2977 3354 3050 quibus
3371 2976 3539 3033 blan-

1887 3065 2056 3122 diens
2085 3068 2463 3124 etincantans
2486 3084 2598 3124 nos
2617 3067 2885 3125 debilitat
2899 3073 2954 3125 et
2977 3067 3234 3124 tenebris
3254 3065 3536 3138 complet,

1888 3156 2247 3228 soporiferas
2276 3157 2538 3214 rationes
2580 3158 2844 3226 adducit,
2887 3165 2943 3214 et
2980 3156 3224 3213 oculum
3280 3154 3540 3212 occludit

1886 3245 2280 3301 conscientiae.
2308 3247 2421 3303 Sed
2452 3251 2584 3318 post
2612 3247 2933 3311 actionem,
2980 3251 3117 3302 ante
3137 3244 3346 3300 oculos
3371 3243 3542 3317 ponit

1887 3333 2052 3406 quod
2081 3350 2298 3390 ausum
2324 3339 2496 3400 est,et
2519 3350 2723 3391 amare
2754 3335 2958 3407 aperit,
2997 3333 3163 3406 quod
3189 3334 3354 3406 prius
3387 3331 3541 3387 mul-

1890 3424 1958 3480 tis
1985 3423 2207 3479 artibus
2239 3423 2536 3481 velaverat
2567 3440 2580 3490 ;
2614 3424 2849 3490 deinde,
2888 3429 2949 3480 ut
2977 3423 3356 3481 manifestam
3404 3420 3540 3478 {aci-

1889 3513 2048 3568 noris
2075 3514 2428 3582 gravitatem
2444 3519 2841 3577 consummet,
2874 3513 2936 3568 in
2964 3512 3440 3584 desperationem
3457 3511 3542 3566 in-

1885 3601 2064 3672 jicere
2093 3601 2295 3658 nititur
2308 3609 2694 3674 peccatorem.
2722 3601 2871 3658 lllud
2897 3602 3078 3672 igitur
3111 3618 3124 3656 :
3157 3601 3368 3671 Aperti
3403 3607 3544 3656 sunt

1890 3692 2049 3747 oculi
2077 3707 2433 3758 eorum,non
2462 3692 2818 3764 praecedenti
2844 3696 3136 3763 tempore,
3160 3705 3354 3763 neque
3383 3693 3545 3745 ante-

1890 3795 2074 3852 quam
2090 3781 2147 3835 in
2165 3781 2517 3837 mandatum
2535 3779 3422 3852 peccavissent,intelligendum
3435 3783 3540 3836 est:

1893 3869 2145 3934 Quando
2171 3870 2330 3925 enim
2352 3870 2558 3927 oculos
2577 3871 2882 3927 habebant
2905 3875 3142 3942 apertos
3165 3869 3378 3938 magis,
3397 3882 3546 3923 non-

1894 3958 2039 4012 dum
2072 3959 2362 4029 serpentis
2391 3959 2624 4029 decepti
2656 3959 2992 4022 fraudibus,
3031 3963 3088 4013 et
3110 3959 3185 4013 ad
3216 3956 3546 4011 videndum

1894 4044 2037 4116 quid
2055 4047 2359 4115 agendum
2376 4046 2795 4115 esset,vigilem
2814 4046 3095 4116 gerebant
3110 4045 3547 4100 mentem.Cum

1897 4137 2074 4208 igitur
2089 4134 2280 4190 videre
2308 4149 2428 4190 non
2450 4134 2811 4206 poterant,in
2833 4138 3146 4204 peccatum
3189 4131 3544 4187 inciderunt.

1900 4229 1939 4282 E
1969 4224 2266 4281 contrario
2294 4227 2496 4279 autem
2520 4223 2622 4295 qui
2653 4223 2711 4278 in
2746 4227 3064 4295 peccatum
3103 4220 3340 4290 agendo
3406 4219 3549 4274 caeci

1898 4319 2084 4381 erant,
2129 4317 2367 4385 peracto
2399 4318 2640 4384 peccato
2687 4312 2883 4366 visum
2915 4311 3430 4380 recuperaverant.
3465 4306 3550 4362 lbi

1899 4420 2040 4476 ergo
2071 4403 2286 4460 dicitur
2315 4421 2326 4459 :
2356 4401 2567 4471 Aperti
2590 4407 2721 4457 sunt
2743 4399 3131 4463 eorumoculi,
3153 4402 3441 4468 tanquam
3468 4395 3553 4450 di-

1899 4498 2144 4558 ceretur,
2164 4492 2324 4547 visus
2344 4506 2552 4547 eorum
2577 4491 2769 4559 magis
2798 4489 2872 4544 ad
2898 4487 3302 4557 cognitionem
3335 4487 3551 4540 acutus

1900 4583 2091 4640 factus
2121 4586 2230 4638 est.
2259 4581 2529 4653 Disponit
2555 4579 2715 4636 enim
2745 4577 3030 4635 Dominus
3059 4592 3135 4633 ne
3156 4575 3446 4631 hactenus
3475 4573 3553 4630 ab

1901 4671 2014 4728 illis
2041 4678 2343 4739 noscatur,
2385 4685 2575 4742 usque
2602 4669 2680 4726 ad
2713 4667 3067 4725 fractionem
3095 4663 3294 4739 panis.

1972 4923 2141 4976 Vens.
2185 4919 2272 4974 36.
2324 4917 2624 4988 Ejusdem.
2673 4913 3130 4971 Promissionem
3188 4909 3443 4977 reducit,
3478 4909 3556 4967 ob

1902 5009 2332 5082 discipulorum
2389 5004 2931 5078 pusillanimitatem
2965 5007 3022 5059 et
3079 5005 3396 5074 propterea
3437 5015 3559 5072 prae

1903 5099 2142 5156 Galilasa
2158 5094 2698 5170 ipsisJerosolymis
2715 5093 2826 5148 illis
2846 5097 3117 5164 apparet,
3154 5095 3209 5146 et
3230 5090 3290 5146 id
3311 5089 3560 5146 minime

1903 5194 1994 5245 est
2023 5187 2298 5260 promissi
2331 5184 2569 5241 violatio
2602 5182 2841 5249 ;celeris
2869 5181 3064 5254 potius
3090 5185 3178 5238 est
3216 5196 3288 5236 ex
3322 5194 3550 5249 magna

1904 5278 2188 5334 charitate
2229 5274 2512 5347 impletio.
2541 5272 2715 5328 Visus
2742 5274 2830 5327 est
2859 5277 3058 5328 autem
3103 5269 3352 5343 posthac
3414 5273 3469 5324 et
3503 5269 3562 5323 in

1906 5366 2157 5429 Galilaaa,
2190 5365 2334 5437 quia
2353 5363 2470 5419 huc
2495 5362 2785 5419 abierant.
2854 5359 3004 5416 Dicit
3033 5361 3195 5417 enim
3226 5379 3238 5418 :
3274 5359 3473 5424 Abite,
3503 5360 3559 5412 et

1913 5455 2189 5514 videbitis
2230 5467 2338 5508 me.
