4026 6206
566 230 698 286 1231

1773 233 1859 289 PH
1868 231 2009 289 OTII
2048 232 2527 290 PATRIARCHE
2564 235 2676 297 (ΖΡ.
3704 243 3792 300 123‘.

560 364 3788 389 Μ

1478 511 2159 602 FRAGMENTA
2256 514 2367 603 IN
2460 513 3008 605 JOANNEM.

1906 702 1987 756 Ex
2017 702 2236 759 Catena
2277 700 2555 757 Corderii.

556 957 710 1033 CAP.
764 958 853 1033 IV.
897 959 1179 1033 vaseula.
1241 960 1557 1028 Respondit
1609 961 1796 1033 Jesus,
1820 966 1871 1033 et
1897 960 2049 1033 dixit
2106 959 2201 1015 ei:
2236 960 2281 1013 A
2318 958 2637 1033 Ἀπεκρίθηῇ
2687 961 2711 1010 ό

627 1029 830 1102 Οηιηίε
871 1030 1160 1102 quioibit
1205 1046 1279 1086 ex
1333 1047 1487 1102 aqua
1538 1033 1665 1096 hac,
1734 1031 1885 1087 sitiet
1945 1031 2204 1087 iterum:

623 1100 721 1171 qui
745 1101 1195 1175 au_te_m_biberit
1251 1118 1325 1158 ear:
1355 1100 1512 1174 aqua
1558 1118 1731 1175 quam
1776 1118 1872 1174 ego
1897 1103 2050 1158 dabo
2130 1104 2201 1169 ei,

623 1187 743 1225 non
773 1173 923 1227 sitiet
944 1172 1007 1226 in
1061 1178 1343 1229 aeternum
1360 1218 1373 1231 .

621 1260 838 1315 Photii.
868 1260 1101 1316 Dicente
1126 1261 1225 1317 illa
1262 1279 1277 1316 :
1320 1262 1597 1335 Nunquid
1625 1268 1686 1318 tu
1711 1264 1903 1334 major
1927 1278 1991 1318 es
2026 1263 2195 1319 Patre

550 1353 754 1405 nostro
786 1349 971 1405 Jacob
1002 1350 1029 1405 ?
1053 1365 1172 1406 non
1206 1352 1550 1423 respondit:
1605 1352 1767 1409 Certe
1799 1352 1993 1423 major
2023 1368 2156 1408 sum
2182 1371 2194 1411 :

549 1437 717 1493 visus
748 1439 905 1494 enim
928 1439 1135 1496 fuisset
1171 1456 1298 1496 sese
1330 1446 1564 1497 tantum
1592 1442 1882 1513 jactitare.
1926 1443 2194 1497 nondum

549 1528 638 1582 sui
666 1528 821 1584 facta
847 1528 1219 1599 probatione.
1276 1533 1352 1585 Ex
1394 1530 1567 1585 dictis
1593 1537 1792 1587 autem
1843 1532 1902 1587 id
1961 1531 2193 1587 astruit.

548 1619 674 1672 Non
713 1617 873 1672 enim
901 1618 1248 1690 simpliciter
1276 1619 1425 1675 dixit
1454 1641 1466 1675 :
1496 1620 1655 1676 Dabo
1683 1620 1784 1676 tibi
1808 1636 2065 1692 aquam;
2091 1620 2196 1676 sed

546 1706 711 1777 prius
738 1705 837 1761 illa
852 1706 1031 1761 Jacob
1045 1706 1333 1775 neglecta,
1358 1724 1527 1764 suam
1551 1709 1778 1776 laudat,
1804 1726 1840 1765 a
1874 1725 2190 1765 munerum

544 1798 778 1859 natura,
806 1794 1079 1851 dentium
1110 1796 1312 1851 volens
1336 1797 1731 1854 differentiam
1777 1798 2109 1862 ostendere,
2138 1804 2195 1855 et

542 1888 836 1957 quantum
873 1884 1001 1956 ipse
1020 1886 1420 1956 patriarcham
1452 1887 1759 1944 excelleret
1788 1906 1801 1943 :
1831 1904 1974 1944 nam
2008 1890 2054 1943 si
2085 1888 2195 1944 mi-

542 1973 712 2039 raris,
742 1973 951 2045 inquit,
1005 1973 1187 2029 Jacob
1213 1975 1370 2031 hanc
1421 1992 1643 2048 aquam
1698 1977 1954 2045 dedisse,
2008 1978 2192 2035 haece

540 2062 730 2119 multo
756 2063 1230 2134 prmstantiorem
1253 2064 1409 2120 dabo
1440 2065 1543 2121 tibi
1572 2067 1710 2138 (21).

537 2171 707 2224 Vens.
739 2172 827 2224 20.
848 2169 1054 2226 Patres
1085 2172 1272 2227 nostri
1284 2171 1347 2226 in
1370 2179 1567 2229 monte
1622 2173 1731 2229 hoc
1761 2175 2189 2241 adoraverunt,

610 2246 661 2294 et
690 2257 789 2297 vos
809 2241 1017 2307 dicitis,
1040 2242 1181 2313 quia
1211 2243 1589 2315 Jerosolymis
1610 2251 1695 2301 est
1723 2246 1908 2311 locus,
1934 2247 2037 2302 ubi
2058 2248 2192 2302 ado-

562 2340 569 2343 -
625 2328 768 2369 rare
787 2319 1030 2383 oportet.

608 2416 825 2473 Photii.
854 2418 1040 2474 Judtei
1058 2420 1453 2477 crassioribus
1476 2421 1551 2477 de
1577 2422 1785 2479 divina
1805 2425 2194 2497 corporisque

536 2514 773 2575 experte
788 2512 999 2562 natura
1014 2509 1396 2580 opinionibus
1416 2510 2037 2587 imbuti,Jerosolymis
2049 2515 2199 2571 dun-

538 2598 703 2649 taxat
719 2594 796 2649 ab
827 2596 1113 2650 omnibus
1147 2599 1332 2653 Deum
1380 2599 1759 2656 adorandum
1792 2619 1916 2659 esse
1953 2610 2195 2660 conten-

536 2680 784 2748 debant,
812 2683 984 2753 quasi
1026 2684 1203 2740 semel
1238 2690 1359 2741 tota
1404 2687 1623 2743 ibidem
1684 2690 2189 2762 incomprehensa

535 2770 635 2826 illa
664 2775 719 2826 et
754 2770 1070 2827 ineﬂ‘abilis
1102 2778 1336 2840 natura,
1370 2776 1429 2831 in
1482 2792 1669 2833 unum
1727 2780 2185 2851 quodammodo

536 2864 851 2932 compacta
880 2861 1389 2936 etcircumscripta
1416 2866 1581 2922 foret.
1613 2869 2012 2933 Quamobrem
2053 2877 2187 2927 tan-

535 2965 719 3022 quam
751 2950 1000 3006 omnino
1047 2953 1226 3008 rudes
1275 2954 1388 3010 hac
1432 2954 1490 3010 in
1547 2972 1609 3011 re
1666 2972 1853 3029 arque
1906 2960 2181 3029 imperiti,

536 3054 682 3094 voce
715 3040 1146 3112 prophetarum
1172 3044 1514 3115 reprehensi
1540 3051 1700 3112 sunt,
1726 3046 1956 3104 dicente
1989 3052 2184 3106 Domi-

535 3144 615 3184 no
650 3149 661 3187 :
696 3131 903 3185 Ccelum
924 3132 1075 3187 mihi
1095 3133 1269 3202 sedes,
1308 3140 1463 3190 terra
1511 3141 1707 3193 autem
1736 3137 2054 3195 seabeilum
2092 3156 2185 3209 pe-

535 3218 676 3274 dum
708 3236 991 3276 meorum.
1029 3221 1271 3287 Qualem
1297 3223 1535 3280 domum
1591 3227 1961 3294 aediﬁcabitis
2020 3230 2179 3297 mihi,

533 3308 675 3362 dicit
712 3309 988 3365 Dominus
1013 3309 1042 3364 ?
1079 3311 1179 3367 Vel
1205 3312 1338 3382 quis
1368 3314 1747 3386 locusquietis
1771 3332 1912 3374 mea?
1934 3318 1962 3373 ?
1981 3319 2185 3375 Sama-

534 3396 707 3450 ritani
732 3413 866 3453 vero
888 3414 1148 3467 rursum,
1182 3404 1245 3455 ut
1270 3400 1399 3456 loco
1431 3408 1489 3457 et
1546 3405 1807 3473 regione,
1874 3407 1956 3463 sic
2006 3412 2063 3463 et
2092 3409 2180 3463 in-

532 3484 698 3538 scitia
723 3486 1096 3558 ruditateque
1129 3488 1299 3543 vicini
1340 3491 1581 3558 Judaais,
1624 3494 1683 3547 in
1717 3501 1919 3550 monte
1952 3497 2181 3553 Garizin

533 3570 713 3635 dicto,
742 3574 1035 3627 orationes
1064 3590 1133 3629 ac
1161 3591 1362 3645 preces
1405 3578 1709 3635 faciendas
1749 3583 2179 3653 existimantes,

534 3659 745 3714 merito
772 3660 960 3716 risum
993 3677 1114 3716 non
1144 3662 1456 3731 effugiunt.
1489 3668 1670 3736 Hujus
1694 3675 1896 3727 autem
1948 3648 2178 3731 stolidas
2217 3648 2256 3704 Ο

533 3747 971 3818 superstitionis
1001 3751 1384 3807 occasionem
1433 3753 1541 3808 illis
1570 3758 1827 3826 prmbuit
1852 3759 1951 3817 illa
2006 3761 2183 3820 bene-

531 3834 922 3909 dictio,quam
945 3837 1007 3893 in
1033 3838 1221 3894 Garizi
1248 3845 1452 3896 monte
1478 3842 1685 3899 datam
1720 3862 1790 3901 ex
1826 3851 2182 3909 Deuterono-

531 3925 655 3981 mio
676 3926 1115 3995 cognoscimus.
1141 3930 1375 3987 Hancce
1406 3934 1795 4003 quaestionem
1826 3939 1937 3995 ista
1968 3941 2183 3998 mulier

532 4015 816 4071 Salvatori
840 4020 1129 4089 tanquam
1153 4019 1465 4090 problema
1504 4022 1915 4084 difﬁcillimum
1964 4046 2181 4103 propo-

530 4105 633 4169 nit,
658 4104 899 4161 dicens:
928 4108 1132 4163 Patres
1158 4109 1427 4165 nostriin
1478 4119 1674 4170 monte
1736 4115 1846 4172 hoc
1896 4120 2181 4178 adorave-

530 4200 691 4259 runt,
722 4199 779 4249 et
806 4210 937 4266 quae
966 4203 1315 4268 sequuntur.
1349 4198 1437 4254 Ad
1461 4203 1621 4272 quod
1638 4206 1945 4276 respondit
1969 4207 2181 4266 Salva-

530 4285 623 4337 tor
655 4298 667 4337 :
694 4285 817 4338 Non
847 4284 973 4353 jam
996 4285 1260 4357 amplius
1277 4289 1601 4359 quaesitum
1633 4291 1702 4347 iri
1729 4292 2024 4363 locum,in
2056 4315 2177 4371 quo

530 4371 767 4443 proprie
802 4374 952 4428 Deus
974 4378 1212 4445 putetur
1240 4376 1512 4435 habitare
1563 4397 1576 4447 ;
1610 4381 1713 4437 sed
1746 4386 1809 4439 ut
1840 4386 1943 4456 qui
1973 4390 2179 4446 omnia

528 4459 794 4532 impleat,
838 4464 892 4517 et
933 4463 1207 4520 universa
1228 4468 1545 4535 contineat,
1601 4486 1671 4527 ex
1722 4488 1831 4528 suo
1873 4490 2178 4550 quemque

527 4548 660 4606 loco
686 4551 1001 4607 Dominum
1055 4553 1466 4625 adoraturum,
1502 4562 2019 4630 quemadmodum
2053 4548 2177 4641 qui-

529 4638 671 4693 dam
699 4645 1040 4697 sanctorum
1064 4644 1494 4714 prophetarum
1523 4649 1622 4703 ait.
1650 4650 1866 4708 Horam
1892 4638 2092 4712 autem
2124 4665 2180 4714 et

528 4731 767 4801 tempus
797 4731 1165 4801 ejuscemodi
1200 4731 1415 4790 rituum
1447 4736 1952 4808 abrogandorum,
2004 4754 2178 4804 vocat

528 4832 879 4890 corporeum
904 4836 1079 4877 suum
1099 4821 1153 4877 in
1178 4822 1338 4880 hunc
1363 4826 1661 4884 mundum
1691 4829 2017 4891 adventum
2043 4837 2172 4909 (22).

2794 958 3018 1033 ’[ησοιξς,
3091 963 3181 1011 καὶ
3264 959 3397 1013 εἶπεν
3668 967 3813 1022 Πᾶςό

2386 1026 2543 1082 πίνων
2618 1029 2672 1083 ἐκ
2751 1027 2843 1082 τοῦ
2908 1026 3132 1102 ὕδατοςΔ
3174 1032 3378 1097 τούτου,
3438 1026 3629 1102 διψήίσει
3693 1033 3813 1083 πεῦιγ

2386 1102 2441 1163 ὃς
2489 1098 2538 1155 δ’
2588 1101 2647 1174 ᾂν
2696 1106 2787 1174 πίη
2844 1100 2898 1174 ἐκ
2929 1110 3020 1154 τοῦ
3068 1098 3277 1167 ὕδατος,
3321 1104 3380 1155 οὗ
3418 1098 3512 1174 ίγῶ
3548 1101 3680 1156 δώσω

2386 1174 2444 1225 οὐ
2475 1178 2546 1245 μὴ
2577 1170 2611 1225 δ
2618 1170 2787 1246 ιψήσῄ
2818 1173 2889 1235 εἱς
2917 1177 3006 1226 τὸν
3036 1176 3217 1227 αἰῶνα.

2384 1285 2602 1333 Φωτίου.
2658 1282 2929 1351 Λεγούσης
2981 1281 3164 1344 αὐτῆς,
3206 1285 3291 1338 Μὴ
3350 1284 3414 1332 σὺ
3470 1285 3639 1353 μείζων
3682 1279 3717 1334 εἰ
3756 1291 3819 1335 τοῦ

2310 1374 2502 1443 πατρὸς
2548 1371 2693 1442 ἡμῶν
2743 1368 2964 1435 Ἰακώϐ;
3015 1370 3125 1422 Οὐκ
3182 1367 3338 1433 εἶπεν,
3392 1375 3487 1423 Καὶ
3534 1372 3695 1442 μείζων
3732 1373 3819 1443 εἰμί·

2309 1454 2453 1520 ἔδοξε
2504 1461 2603 1531 γὰρ
2650 1457 2710 1509 ἂν
2768 1458 3053 1529 κομπάζειν
3110 1462 3283 1530 μόνον,
3330 1466 3423 1520 τῆς
3469 1455 3734 1522 ἀποδείξεως
3770 1466 3817 1532 μή

2308 1551 2634 1619 φαινομένης.
2685 1546 2759 1599 Δι’
2799 1548 2866 1598 ὧν
2907 1544 2965 1599 δὲ
3011 1547 3168 1619 λέγει,
3200 1554 3352 1599 τοῦτο
3398 1550 3746 1608 κατασκευάζει.
3770 1549 3820 1599 0-5

2305 1639 2406 1709 γὰρ
2462 1636 2636 1697 ἁπλῶς
2687 1633 2841 1701 εἶπεν,
2893 1642 3053 1689 Δώσω
3110 1655 3194 1689 σοι
3254 1633 3420 1710 ὕδωρ,
3475 1636 3592 1687 ἀλλὰ
3638 1641 3821 1711 πρότερον

2306 1724 2501 1797 ἀμελῶν
2555 1728 2613 1778 τὸ
2670 1733 2761 1778 τοῦ
2816 1724 3019 1791 Ἰακὼϐ,
3061 1730 3177 1778 τότε
3226 1724 3425 1798 ἐπαίρει
3462 1730 3516 1778 τὸ
3562 1726 3728 1791 ἑαυτοῦ,
3754 1726 3821 1777 ἀπὸ

2304 1822 2399 1876 τῆς
2441 1823 2540 1867 τῶν
2576 1811 2780 1889 δωρεῶν
2820 1817 3033 1887 φύσεως,
3078 1818 3137 1867 τὸ
3190 1811 3436 1887 διάφορον
3483 1824 3574 1867 τῶν
3603 1812 3823 1887 διδομένων

2303 1913 2645 1980 παραστῆσαι
2694 1903 3021 1977 βουλόμενος,
3052 1909 3143 1957 καὶ
3191 1910 3284 1962 τὴν
3333 1907 3587 1977 ὑπεροχὴν
3620 1910 3700 1962 τὴν
3738 1909 3825 1976 πρός

2302 1996 2389 2043 τόν
2420 1996 2779 2068 πατριάρχην.
2807 1994 2868 2047 Εἰ
2905 1997 3007 2068 γὰρ
3051 1994 3359 2066 θαυμάζεις,
3393 1998 3537 2066 φησὶ,
3566 1997 3642 2045 τὸν
3670 1993 3823 2057 Ἰακὼϐ,

2304 2083 2384 2133 ὅτι
2404 2090 2556 2135 τοῦτο
2577 2079 2736 2136 ἔδωκε
2756 2086 2814 2135 τὸ
2845 2079 3011 2156 ὕδωρ,
3045 2082 3175 2136 πολύ
3197 2085 3384 2136 τούτου
3407 2081 3582 2156 βελτίω
3606 2079 3736 2135 δώσω
3754 2101 3827 2135 σοι.

2306 2190 2371 2241 Οἱ
2427 2194 2643 2262 πατέρες
2699 2191 2844 2260 ἡμῶν
2896 2188 2944 2241 ἐν
2992 2196 3063 2263 τῷ
3096 2192 3223 2263 Δὄρει
3266 2193 3431 2263 τούτῳ
3485 2192 3825 2263 προσεκύνησαν,

2376 2264 2465 2312 καὶ
2495 2259 2641 2334 ὑμεῖς
2683 2260 2868 2331 λέγετε,
2898 2263 2977 2313 ὃτι
3007 2260 3056 2313 ἐν
3094 2259 3471 2334 Ἱεροσολύμοις
3498 2259 3621 2313 ἐστὶν
3654 2262 3824 2323 orm;

2377 2334 2505 2384 ὅπου
2530 2329 2623 2385 ’δεῖ
2648 2329 2977 2405 προσκυνεῖν.

2378 2443 2597 2495 Φωτίου.
2646 2440 2712 2489 Οἱ
2756 2434 3007 2492 Ἰουδαῖοι
3053 2444 3359 2513 παχυτέρας
3396 2442 3467 2491 ἔτι
3510 2441 3596 2499 τὰς
3630 2441 3724 2511 περὶ
3762 2445 3829 2496 τες

2308 2528 2446 2589 θείας
2487 2546 2539 2579 τε
2585 2532 2674 2579 καὶ
2713 2529 2995 2599 ἀσωμάτου
3046 2530 3244 2599 φύσεως
3285 2524 3558 2598 διαλήψεις
3592 2525 3823 2597 δεχόμενοι.

2305 2614 2352 2667 ἐν
2410 2620 2580 2687 μόνοις
2634 2623 2742 2676 τοῖς
2795 2616 3173 2690 Ἰεροσολύμοις
3237 2625 3440 2689 χρῆναι
3493 2616 3824 2690 προσκυνεῖσθαι

2302 2708 2389 2757 τὸν
2444 2704 2526 2757 ἐπὶ
2578 2707 2767 2764 πάντας
2816 2709 2944 2759 Θεὸν
2994 2702 3321 2772 διετείνοντο,
3355 2709 3425 2768 ὡς
3468 2705 3599 2767 ἅπαξ
3631 2704 3722 2764 ὅλης
3752 2710 3822 2762 τῆς

2302 2791 2528 2867 ἀρρήτου
2568 2799 2657 2846 καὶ
2706 2793 3069 2852 ἀκαταλήπτου
3118 2796 3321 2865 φύσεως
3368 2793 3701 2851 καταλυούσης
3736 2788 3824 2851 ἐκεῖ,

2298 2888 2387 2935 καὶ
2438 2887 2905 2957 περιγραφομένης.
2964 2887 3049 2936 Διὸ
3100 2882 3168 2941 δή
3228 2889 3319 2936 καὶ
3368 2884 3483 2935 λίαν
3538 2881 3830 2936 ἁσυνετοῡντες

2297 2971 2379 3024 ἐπὶ
2410 2975 2575 3042 τούτῳ
2626 2970 2718 3024 διὰ
2768 2981 2864 3034 τῆς
2903 2981 3001 3025 των
3053 2981 3331 3045 προφητῶν
3377 2972 3644 3044 ἠλέγχοντο
3685 2975 3829 3040 φωνῆς.

2298 3068 2385 3113 τοῦ
2452 3068 2585 3114 Θεοῦ
2638 3061 2888 3132 λέγοντος⁹
2936 3062 2993 3113 ’0
3061 3062 3276 3136 οὐρανός
3335 3082 3428 3133 μοι
3496 3064 3669 3136 θρόνος,
3718 3062 3741 3115 ἡ
3790 3052 3832 3107 δὶ

2293 3158 2360 3222 γῇ
2417 3148 2704 3203 ὑποπόδιον
2761 3160 2859 3203 τῶν
2919 3148 3095 3204 ποδῶν
3148 3170 3269 3223 μου.
3343 3158 3495 3204 Ποῖον
3550 3147 3672 3202 οἶκον
3726 3146 3831 3197 οἰκο-

2297 3237 2557 3312 δομήσετέ
2615 3260 2724 3313 μοι,
2782 3241 2917 3312 λέγει
2973 3244 3198 3313 Κύριος
3254 3247 3319 3293 Ἦ
3376 3245 3452 3302 τίς
3506 3242 3532 3292 ό
3584 3244 3715 3297 τόπος
3766 3242 3832 3293 τῆς

2293 3333 2663 3389 καταπαύσεώς
2720 3346 2859 3401 μου;
2927 3337 3242 3402 Σαμαρεῖται
3297 3326 3360 3382 δὲ
3407 3330 3553 3381 πάλιν
3603 3327 3655 3379 οὗ
3696 3323 3831 3397 πόρρω

2292 3426 2386 3480 τῆς
2423 3415 2697 3471 Ἰουδαίων
2743 3417 2972 3490 ἀμαθίας
3017 3423 3259 3489 κείμενοι,
3292 3424 3477 3491 χώραν
3522 3436 3572 3469 τε
3620 3417 3731 3487 ὁμοῦ
3768 3416 3834 3462 καὶ

2295 3504 2644 3559 ἀπαιδευσίαν
2698 3508 2882 3582 ὅμορον
2940 3511 3168 3579 ἔχοντες,
3227 3508 3278 3559 ἐν
3336 3512 3446 3579 ὄρει
3504 3515 3570 3575 τῷ
3630 3505 3831 3576 Γαριζεὶνν

2293 3596 2424 3649 οὕτω
2471 3595 2784 3668 καλουμένῳ,
2839 3601 2928 3649 καὶ
2978 3598 3377 3669 προσεύχεσθαι
3426 3592 3531 3649 δεῖν
3584 3597 3663 3645 καὶ
3706 3606 3835 3661 προσ-

2292 3694 2458 3737 κυνεῖν
2504 3685 2744 3755 οίόμενοι,
2776 3688 2834 3738 τὸ
2876 3685 3126 3756 γελᾶσθαι
3175 3682 3398 3747 δικαίως
3436 3686 3493 3738 οὐ
3523 3681 3828 3755 διαφεύγουσι.

2296 3779 2473 3844 Γέγονε
2535 3771 2593 3826 δε
2664 3778 2753 3826 xui
2810 3774 2989 3835 αὐτοῖς
3043 3783 3135 3835 τῆς
3196 3774 3373 3835 ἀνοίας
3424 3777 3454 3832 ἠ
3510 3778 3754 3848 πρόφασις,
3789 3769 3831 3817 τό

2294 3859 2550 3915 δεδόσθαι
2615 3866 2708 3921 τήν
2758 3862 2991 3934 εὐλογίαν
3044 3865 3093 3915 ἓν
3146 3868 3253 3938 ὄρει
3309 3864 3566 3935 Γαριζεὶν,
3613 3862 3755 3917 καθὼς
3797 3855 3831 3906 ἓν

2293 3957 2663 4026 Δευτερονομίῳ
2746 3956 3096 4025 γεγραμμένον
3172 3954 3500 4026 εὑρίσκομεν.
3572 3952 3747 4005 Ταύτην
3806 3947 3827 3999 ἡ

2290 4046 2418 4111 γυνή
2478 4049 2549 4112 τῷ
2609 4049 2805 4113 Σωτῆρι
2873 4046 2967 4099 τὴν
3026 4042 3269 4104 ζήτησιν,
3334 4045 3406 4104 ὡς
3459 4038 3831 4094 δυσκαταληπτον

2290 4129 2568 4202 πρόϐλημα
2595 4133 2929 4204 προίσχεται,
2964 4130 3214 4201 λέγουσα,
3246 4132 3329 4182 ὅτι
3381 4134 3448 4183 Οἱ
3489 4134 3681 4202 πατέρες
3719 4128 3828 4193 ἡμῶν

2291 4217 2337 4270 ἐν
2381 4228 2450 4288 τῷ
2507 4223 2613 4293 ὄρει
2660 4223 2822 4291 τούτῳ
2866 4222 3284 4293 προσεκύνησαν,
3331 4225 3424 4272 καὶ
3471 4222 3533 4271 τὰ
3578 4218 3695 4279 ἑξῆς.
3732 4214 3829 4285 Πρὸς

2290 4310 2314 4359 ὃ
2361 4328 2518 4380 φησιν
2567 4310 2592 4360 ό
2633 4313 2828 4382 Σωτὴρ,
2864 4308 3051 4361 Οὐκέτι
3099 4308 3389 4368 ζητήσεται
3436 4314 3579 4366 τόπος
3624 4306 3669 4357 ἐν
3708 4304 3739 4371 ᾧ
3777 4296 3826 4352 δὲ

2289 4402 2478 4469 κυρίως
2524 4397 2791 4455 οἰήσονται
2834 4404 3090 4449 κατοικεῖν
3128 4402 3215 4450 τόν
3266 4402 3419 4462 Θεὸν,
3461 4395 3563 4448 ἀλλ’
3600 4397 3663 4455 ὡς
3700 4391 3829 4443 πάντα

2289 4486 2589 4559 πληροῦντι,
2623 4491 2709 4538 καὶ
2757 4490 2996 4554 συνέχειν
3046 4485 3312 4558 ἰσχύοντι,
3361 4490 3743 4558 προσκυνήσωσι
3776 4483 3825 4541 τῷ

2291 4580 2484 4648 Κυρίῳ,
2541 4576 2755 4635 ἕκαστος
2806 4575 2860 4627 ἐκ
2924 4581 3014 4627 τοῦ
3071 4580 3234 4627 τόπου
3287 4575 3466 4645 αὑτοῦ,
3522 4574 3726 4641 καθάπερ
3771 4570 3826 4623 τίς

2288 4681 2419 4732 φησι
2469 4671 2566 4714 τῶν
2614 4662 2773 4733 ἁγίων
2815 4671 3111 4737 προφητῶν.
3143 4662 3305 4736 Ὠραν
3356 4661 3416 4716 δί
3454 4668 3539 4715 καὶ
3578 4664 3735 4733 καιρὸν
3759 4664 3827 4710 fi;

2288 4761 2385 4803 τῶν
2434 4754 2677 4804 τοιούτων
2730 4753 2854 4804 ἐθῶν
2915 4754 3299 4824 μεταστάσεως.
3353 4758 3449 4810 τὴν
3520 4751 3687 4804 ἑαυτοῦ
3731 4760 3824 4815 μετα

2291 4846 2525 4913 σώματος
2551 4837 2837 4912 ἐπιδημίαν
2864 4840 2917 4892 ἐκ
2946 4846 3129 4914 κόσμῳ
3156 4847 3338 4913 φησίν.

1845 5060 1924 5114 Ex
1953 5064 2185 5131 catena,
2214 5068 2253 5119 t.
2300 5065 2361 5130 Il,
2394 5080 2453 5135 p.
2489 5064 2614 5122 444.

600 5166 750 5222 CAP.
806 5170 962 5225 XVII.
1022 5174 1194 5229 Vens.
1252 5179 1427 5233 t3.....
1480 5178 1733 5241 Dicens:
1786 5182 1854 5240 Ut
1915 5183 2174 5243 habeant

521 5254 799 5345 gaudium
820 5273 1004 5315 meum
1031 5261 1354 5331 impletum,
1388 5269 1644 5326 ostendit
1662 5271 1835 5343 clare,
1870 5274 2035 5345 quod
2068 5291 2173 5331 vo-

522 5343 649 5401 lens
679 5344 810 5403 illos
834 5362 871 5404 a
900 5347 1090 5407 multa
1110 5350 1361 5411 liberare
1392 5357 1711 5426 aﬂictione,
1768 5343 2172 5434 praecedenter

2355 5188 2542 5255 Εἰπὼν,
2596 5189 2705 5243 Ἵνα
2761 5192 2926 5262 ἔχωσι
2982 5195 3071 5249 τὴν
3130 5196 3307 5264 χαρὰν
3363 5196 3456 5250 τὴν
3506 5189 3626 5261 ἐμὴν
3676 5182 3824 5237 πεπλε-

2281 5282 2532 5350 ρωμένην,
2566 5276 2822 5337 ἐδήλωσεν
2865 5288 3061 5352 σαφῶς,
3097 5283 3173 5333 ὅτι
3213 5281 3368 5334 θελων
3407 5281 3587 5340 αὐτοὺς
3629 5276 3715 5328 ἀπὸ
3752 5276 3821 5327 τῆς

2282 5366 2473 5428 πολλῆς
2518 5365 2918 5425 ἀνακτήσασθαι
2978 5368 3217 5439 θλίψεως,
3269 5372 3335 5422 τὰ
3376 5370 3700 5443 προειρημένα
3741 5358 3820 5412 ἑλι-

2122 5490 2347 5548 ΝΟΤΑΞ.

594 5597 709 5667 (21)
742 5596 824 5655 Cf.
859 5598 923 5666 Ο.
986 5598 1211 5656 LXXIV.

2358 5616 2472 5689 (22)
2512 5616 2596 5674 cr.
2631 5618 2697 5683 ρ.
2734 5617 2949 5674 LXXIV.
