4060 6218
206 213 350 268 1233

1123 214 1561 271 FRAGMENTA
1603 215 1676 270 IN
1714 211 2129 272 EPISTOLAM
2169 215 2264 269 ΑΙ)
2300 213 2667 271 ROMANOS.

3438 218 3574 273 1234

206 337 386 403 λησεν,
421 335 507 391 διὸ
539 342 629 392 καὶ
680 341 812 414 πρός
859 342 947 398 τὴν
993 338 1190 393 ἐκείνων
1241 339 1670 412 συγκαταϐαίνων
1701 337 1818 393 διά-

1929 339 2086 396 dicta
2116 339 2351 396 locutus
2381 345 2485 406 est,
2518 342 2833 412 propterea
2862 339 2936 395 ad
2982 355 3190 397 eorum
3244 340 3586 419 intelligens

207 447 354 481 νοιαν
394 427 842 502 (παραμυθεῖσθαι
890 431 991 502 γὰρ
1046 428 1231 489 αύτούς
1284 429 1390 482 ἀλλ’
1440 430 1498 482 ού
1539 425 1816 482 διδάσκειν

209 524 299 569 νῦν
355 521 449 575 τὴν
497 525 593 579 τῆς
651 517 915 589 θεολογίας
967 515 1231 592 ἀκρίϐειαν
1289 517 1568 590 ἐϐούλετο),
1620 517 1819 592 ἀνθρω-

214 610 512 677 πινώτερον,
562 609 652 658 καὶ
705 608 775 667 ὡς
825 605 1005 658 ἐκεῖνοι
1053 602 1314 664 ἠδύναντο
1368 609 1814 682 παραμυθεῖσθαι,

211 690 534 765 διαλέγεται,
610 697 853 768 Τήρησον
937 695 1143 766 αύτούς,
1194 696 1371 768 λέγων,
1443 702 1554 761 καὶ,
1614 697 1693 750 Ἐν
1746 704 1817 766 τῷ

211 781 430 854 ὀνόματί
480 801 575 836 σου
605 802 618 816 ο
651 788 761 848 καὶ,
793 782 916 837 Ὀτι
968 788 1108 857 ἥμην
1154 784 1202 838 ἐν
1247 794 1322 856 τῷ
1367 790 1573 858 κόσμῳ,
1603 784 1818 859 ἐτήρουν

210 871 422 939 αύτούς,
466 878 557 924 καὶ
623 874 690 924 τὰ
741 873 914 946 ὃμοια.
947 876 1130 947 Χαρὰν
1182 871 1242 927 δε
1289 879 1382 933 τὴν
1435 873 1580 947 ἐμὴν,
1637 879 1815 946 φησὶν,

212 962 320 1014 οἷον
356 965 450 1019 τὴν
504 966 880 1034 πνευματικὴν,
925 966 1020 1021 τὴν
1066 963 1423 1036 στηρίζουσαν
1463 963 1670 1036 ψυχὰς,
1711 955 1817 1015 ἀλλ’

213 1050 343 1122 ούχὶ
399 1053 642 1108 τοιαύτην
696 1051 808 1102 οἷαν
856 1053 882 1103 ὁ
920 1057 1116 1125 κόσμος
1158 1055 1292 1125 ἔχει,
1340 1050 1435 1106 διὰ
1489 1061 1684 1128 τρυφῆς
1729 1057 1819 1105 καὶ

213 1137 417 1199 ἡδονῶν
445 1145 534 1194 καὶ
561 1148 867 1213 σωματικῶν
893 1141 1171 1205 εὐπαθείας
1203 1147 1602 1215 συνισταμένην.

1925 429 2071 486 tiam
2087 429 2456 486 descendens
2475 448 2492 501 ;
2527 429 2819 486 consolari
2846 428 3004 484 enim
3037 445 3162 499 eos,
3203 447 3323 488 non
3374 437 3573 489 autem

1925 518 2130 574 docere
2157 533 2312 574 nunc
2333 518 2647 588 theologiaa
2676 519 2984 574 veritatem
3033 519 3287 576 volebat.
3349 524 3574 578 Huma-

1926 623 2069 663 num
2096 607 2288 678 magis
2308 607 2640 679 quoddam,
2659 607 2890 680 etquod
2908 606 3040 663 illos
3053 609 3347 665 consolari
3372 611 3574 682 possit,

1926 696 2266 768 exponitur.
2287 696 2470 752 Serva
2504 696 2652 762 illos,
2689 697 2909 769 inquit;
2936 703 3034 753 et:
3069 697 3139 753 In
3177 699 3408 755 nomine
3440 705 3570 765 tuo;

1925 789 2014 842 et:
2040 785 2182 842 Cum
2208 801 2381 842 essem
2403 787 2466 841 in
2505 787 2746 853 mundo,
2799 786 3091 843 servabam
3119 801 3232 855 eos,
3257 791 3312 842 et
3337 787 3570 844 similia.

1927 872 2227 930 Gaudium
2252 879 2450 931 autem
2485 889 2709 941 meum,
2743 875 2957 948 inquit,
2989 879 3053 932 ut
3075 874 3396 946 spirituale,
3449 877 3577 932 ani-

1930 979 2060 1020 mas
2085 962 2352 1032 ﬁrmans,
2397 962 2499 1019 sed
2551 979 2673 1019 non
2703 963 2882 1036 quale
2936 963 3198 1020 mundus
3248 965 3448 1031 habet,
3481 981 3577 1022 vo-

1927 1053 2171 1125 luptate,
2226 1051 2454 1108 deliciis
2485 1057 2542 1109 et
2597 1052 3009 1125 corporalibus
3055 1053 3392 1110 commodis
3433 1069 3576 1112 con-

1929 1146 2113 1199 stans.

214 1249 352 1304 Ηωο
373 1247 626 1317 habetB,
657 1247 764 1303 sed
795 1247 998 1304 forsan
1025 1247 1209 1304 Photii
1257 1253 1415 1313 sunt,
1439 1254 1499 1305 ut
1520 1249 1706 1320 multa
1731 1248 1865 1312 alia.
1895 1248 2121 1305 scholia
2142 1263 2278 1320 quin
2303 1246 2592 1319 interjecit
2618 1247 2727 1320 iste
2749 1247 2908 1316 cod.,
2938 1247 3044 1304 sed
3083 1248 3324 1306 nomine
3362 1249 3492 1320 ejus
3516 1249 3576 1305 in

972 1336 1168 1390 marg,
1203 1320 1425 1392 scripto
1452 1321 1534 1376 sic
1565 1318 1660 1392 φῶ.
1692 1320 1835 1376 Huic
1864 1325 2064 1377 autem
2098 1318 2324 1376 scholio
2354 1318 2475 1376 non
2513 1319 2844 1376 ascribitur.

652 1649 1334 1741 FRAGMENTA
1430 1652 1533 1740 [Ν
1622 1650 2237 1740 EPISTOLAS
2325 1648 2723 1741 SANCTI
2807 1649 3184 1740 PAULI.

1530 1813 1603 1868 Ex
1633 1813 1853 1868 Catena
1881 1811 2265 1867 Crameriana

1275 2021 1320 2078 Ι.
1370 2019 1448 2078 ΙΝ
1495 2015 1938 2081 EPISTOLAM
1982 2019 2084 2077 AD
2131 2017 2517 2080 ROMANOS.

1633 2130 1908 2203 (Causa.
1943 2135 1982 2187 t.
2019 2131 2138 2203 ιν.)

201 2337 340 2390 Ἀλλ’
423 2336 754 2390 ἐϐασίλευσεν
834 2339 860 2388 6
946 2339 1158 2398 θάνατος
1227 2335 1327 2389 ἀπὸ
1404 2332 1579 2410 Ἀδὰμ
1644 2341 1808 2410 μέχρι

1922 2337 2066 2392 CAP.
2098 2337 2159 2391 V.
2194 2337 2360 2392 Vens.
2418 2337 2499 2392 14.
2554 2336 2673 2393 Sed
2721 2338 2986 2410 regnavit
3042 2351 3200 2393 mors
3255 2335 3326 2391 ab
3382 2335 3573 2391 Adam

862 2413 1146 2469 Μωύσέως.

277 2502 498 2551 Φωτίου.
552 2501 686 2571 Τρία
733 2495 875 2550 ἐστὶν
933 2495 982 2549 ἐν
1039 2499 1239 2557 τούτοις
1289 2504 1394 2558 τοῖς
1445 2495 1806 2571 παραϐολικῶς

205 2585 450 2646 ἀλλήλοις
520 2586 908 2657 παρατεθείσιν,
993 2587 1234 2658 ὁμοιότης
1312 2604 1406 2649 τις,
1493 2583 1803 2649 ἐναντιότης,

204 2673 487 2748 ὑπερϐολή.
572 2677 721 2727 Κατὰ
798 2679 892 2732 τὴν
974 2676 1258 2746 ὁμοιότητα
1314 2673 1602 2734 ἐναντιότης
1694 2676 1802 2744 μεν,

205 2764 458 2837 ἁμαρτία,
505 2761 868 2836 ἀναμάρτητον
899 2779 911 2794 '
946 2764 1114 2834 ἔχθρα
1155 2766 1284 2834 πρὸς
1331 2765 1474 2829 Θεὸν,
1506 2761 1802 2833 καταλ)αγὴ

204 2855 332 2928 πρὸς
363 2855 490 2906 Θεὸν
524 2871 536 2884 ·
569 2854 890 2924 κατάκριμα,
924 2848 1226 2924 δικαίωμα”
1262 2851 1490 2904 ἀπώλεια
1533 2856 1623 2903 καὶ
1661 2860 1806 2903 πτῶ-

205 2963 282 3016 μα
319 2946 408 2994 καὶ
456 2943 693 3004 θάνατος,
741 2946 974 3013 σωτηρία
1001 2946 1090 2993 καὶ
1142 2942 1250 3002 ζωὴ
1286 2946 1376 2994 καὶ
1407 2939 1716 3001 ἀνάστασις.
1747 2939 1803 2992 Ἠ

205 3036 296 3105 μὲν
329 3028 416 3084 οὖν
460 3031 754 3093 ἐναντιότης
784 3029 832 3082 ἐν
871 3033 1070 3091 τούτοις
1102 3047 1115 3060 ⁸
1149 3033 1178 3089 ἡ
1227 3027 1286 3084 δι
1333 3033 1590 3103 ὁμοιότης,
1633 3032 1804 3104 ὥσπερ

203 3118 279 3173 δι’
337 3120 449 3182 ἐνὸς
498 3127 609 3180 τοῖς
645 3125 807 3172 πᾶσιν
865 3118 1150 3192 ἐπιγίγονεν
1179 3137 1192 3148 ·
1220 3121 1250 3178 ἡ
1299 3115 1358 3172 δε
1405 3117 1684 3193 ὑπερϐολὴ,
1727 3119 1807 3170 ὃτι

201 3209 286 3262 ἐπὶ
317 3213 407 3282 μεν
454 3217 552 3261 τῶν
592 3214 844 3282 χειρόνων
901 3209 1243 3282 συνέπραξαν,
1277 3217 1350 3279 τῷ
1404 3208 1475 3261 ἐνὶ
1527 3211 1576 3260 οἱ
1629 3207 1806 3260 πολλοὶ

198 3298 284 3351 ἐπὶ
340 3301 398 3350 τό
447 3305 735 3370 μετασχεῖν
796 3297 975 3358 αὐτοῖς
1038 3306 1138 3349 τῶν
1196 3305 1388 3365 κακῶν,
1438 3299 1517 3349 ἐπὶ
1583 3293 1642 3348 δι
1708 3305 1806 3348 τῶν

199 3387 476 3460 ἀμεινόνων
545 3383 738 3452 οὐδεὶς,
794 3385 1104 3461 συνέπραξεν
1161 3385 1289 3438 ἀλλὰ
1347 3390 1498 3459 μόνον
1551 3394 1643 3438 τοῦ
1701 3385 1805 3447 ἑνός

197 3483 438 3551 Χριστοῦ
480 3479 540 3528 τό
585 3479 838 3550 χάρισμα
888 3479 1112 3546 γέγονεν.
1152 3474 1311 3528 Ὠστε
1357 3475 1462 3548 ούχ
1501 3476 1690 3547 ὁμοίως
1722 3479 1803 3527 καὶ

199 3565 407 3631 ἐπίσης,
464 3563 591 3618 ἀλλὰ
645 3566 762 3617 καθ’
819 3563 1104 3638 ύπερϐολὴν
1156 3570 1246 3617 καὶ
1301 3563 1356 3616 ἐκ
1409 3569 1712 3637 περισσείας
1769 3567 1798 3622 ἡ

2464 2423 2641 2479 usque
2671 2409 2750 2464 ad
2760 2409 3026 2478 Moysen.

1988 2497 2196 2552 Photii.
2226 2497 2358 2552 Tria
2400 2503 2540 2552 sunt
2567 2496 2626 2551 in
2681 2496 2774 2552 his
2823 2495 3160 2569 parabolice
3213 2496 3357 2551 inter
3381 2511 3443 2550 se
3483 2495 3574 2550 in-

1918 2585 2106 2641 vicem
2127 2585 2380 2652 collatis,
2409 2585 2736 2642 similitudo
2772 2586 3076 2658 quaadam,
3110 2585 3422 2656 oppositio,
3471 2583 3578 2656 hy-

1918 2674 2174 2745 perbole.
2193 2675 2532 2732 Secundum
2549 2674 2997 2731 similitudinem
3010 2673 3311 2746 oppositio
3329 2673 3574 2747 quidem

1916 2763 2190 2829 ﬁt,noxa,
2225 2765 2545 2831 innocens;
2579 2764 2786 2819 odium
2817 2763 2875 2818 in
2901 2765 3105 2827 Deum,
3140 2763 3447 2818 conversio
3497 2761 3573 2817 ad

1920 2853 2103 2908 Deum
2132 2870 2145 2919 ;
2178 2852 2510 2922 damnatio,
2539 2851 2914 2924 justiﬁcatio;
2965 2851 3238 2923 perditio,
3294 2849 3568 2906 interitus

1917 2948 1970 2997 et
1993 2958 2180 3007 mors;
2207 2941 2390 3006 salus,
2424 2942 2542 2997 vita
2567 2948 2622 2997 et
2651 2941 3021 2997 resurrectio.
3057 2943 3157 2996 Est
3183 2939 3360 3009 igitur
3389 2954 3577 3011 oppo-

1917 3030 2049 3086 sitio
2075 3030 2132 3085 in
2166 3031 2322 3085 istis:
2389 3029 2716 3086 similitudo
2769 3036 2991 3095 autem,
3049 3029 3199 3084 sicut
3228 3043 3334 3100 per
3386 3043 3573 3084 unum

1918 3121 1974 3174 in
1997 3135 2210 3175 omnes
2252 3119 2625 3190 pertransiit:
2680 3118 3007 3192 hyperbole
3055 3123 3275 3183 autem,
3327 3116 3471 3188 quia
3513 3117 3573 3172 in

1915 3209 2142 3264 delictis
2164 3209 2337 3264 simul
2395 3209 2626 3280 operati
2676 3217 2836 3273 sunt,
2881 3209 2939 3262 in
2994 3223 3115 3262 uno
3165 3205 3356 3274 multi,
3408 3205 3574 3278 quod
3617 3247 3622 3251 .

1917 3299 2096 3371 ipsiin
2130 3297 2302 3354 malis
2322 3297 2600 3368 operibus
2633 3298 3246 3361 communicaverunt,
3276 3297 3336 3350 in
3376 3295 3576 3350 melio-

1917 3387 2080 3443 ribus
2110 3403 2250 3442 vero
2275 3386 2474 3442 nullus
2505 3390 2785 3458 operatus
2810 3389 2918 3449 est,
2950 3384 3054 3440 sed
3111 3387 3346 3440 tantum
3394 3383 3574 3438 unius

1916 3476 2122 3532 Christi
2152 3475 2340 3545 gratia
2364 3475 2518 3531 facta
2543 3480 2648 3529 est.
2678 3475 2761 3530 Ita
2780 3490 2897 3529 non
2920 3472 3189 3529 similiter
3213 3487 3341 3528 meo
3371 3487 3578 3544 mqua-

1912 3565 2186 3632 liter,sed
2216 3563 2600 3637 hyperbolice
2625 3572 2680 3619 et
2709 3579 2780 3619 ex
2811 3561 3364 3633 superabundantia
3412 3560 3576 3615 simi-

197 3656 464 3727 ὁμοιότης.
497 3653 658 3706 Πάλιν
691 3650 784 3705 διὰ
809 3660 898 3706 τού
932 3650 1106 3725 Ἀδὰμ.
1134 3662 1233 3706 τῶν
1253 3659 1504 3727 χειρόνων
1531 3654 1803 3725 εἰσαχθέν-

1922 3655 2120 3710 litudo.
2155 3657 2379 3711 Rursus
2411 3669 2546 3709 cum
2581 3669 2687 3725 per
2742 3652 2934 3707 Adam
2974 3650 3192 3707 delicta
3238 3649 3578 3706 introducta

198 3763 320 3812 των,
375 3742 468 3794 ούκ
524 3741 747 3816 ἀνῃρέθη
803 3747 954 3814 μόνον
1012 3750 1194 3814 ταῦτα,
1256 3745 1377 3815 ὅπερ
1432 3745 1497 3803 ὡς
1558 3742 1803 3804 ἐναντίοις

199 3833 377 3905 ὅμοιον
429 3837 519 3884 καὶ
569 3829 839 3901 ἀνάλογον,
897 3829 1024 3883 ἀλλὰ
1074 3837 1164 3884 καὶ
1219 3828 1439 3889 ἐπεδόθη
1489 3835 1630 3904 παρὰ
1676 3841 1802 3903 Χρι-

201 3928 330 3974 στοῦ
358 3925 425 3972 τὰ
455 3919 646 3993 ἀμείνω
677 3937 689 3950 '
724 3921 859 3993 ὥπερ
912 3924 1006 3978 τὴν
1055 3919 1340 3994 ὑπερϐολὴν
1379 3924 1468 3972 καὶ
1498 3925 1590 3977 τὴν
1620 3938 1806 3992 περισ-

203 4014 347 4064 σείαν
379 4013 608 4082 παρίστη
619 4027 725 4062 σιν.

300 4098 500 4171 Ὠσπερ
534 4101 636 4173 γὰρ
679 4094 773 4150 διὰ
802 4105 897 4158 τῆς
921 4106 1192 4170 παρακοῆς
1221 4105 1310 4150 τού
1341 4097 1468 4160 ἐνὸς,
1497 4116 1548 4150 κ.
1580 4115 1626 4150 τ.
1655 4096 1701 4150 λ.

275 4263 495 4313 Φωτίου.
560 4259 729 4312 Εἰπὼν
781 4260 863 4311 ὅτι
916 4260 1079 4320 τύπος
1131 4255 1191 4330 ᾖν
1233 4259 1259 4310 6
1307 4253 1484 4331 Ἀδὰμ
1539 4266 1630 4311 τοῦ
1680 4267 1806 4334 Χρι-

203 4355 371 4402 στοῦο
402 4351 562 4409 τύπος
606 4343 665 4400 δε
718 4343 960 4405 δηλονότι
1013 4347 1067 4399 ἐκ
1119 4354 1210 4400 τοῦ
1264 4345 1513 4402 ἐναντίου.
1570 4347 1654 4410 (Ως
1703 4352 1803 4425 γὰρ

202 4443 389 4498 ἐκεῖνος
433 4440 600 4497 αἴτιος
650 4435 940 4510 ἀνθρώποις
987 4447 1014 4480 8
1063 4439 1306 4503 θανάτου,
1338 4437 1497 4498 ούτως
1524 4439 1549 4489 6
1580 4443 1806 4511 Χριστὸς

204 4531 377 4586 αἴτιος
433 4524 719 4599 ἀνθρώποις
772 4525 1126 4588 ἀναστάσεως.
1191 4527 1346 4578 Εἰπὸν
1398 4523 1507 4592 οὖν,
1565 4530 1629 4586 ὡς
1685 4529 1804 4598 ἔφηο

203 4634 316 4687 μεν,
351 4615 432 4666 ὁτι
459 4617 629 4676 τύπως
655 4611 717 4672 ἦν
748 4617 773 4667 ὁ
805 4611 982 4688 Ἀδὰμ
1025 4623 1115 4668 τοῦ
1157 4623 1394 4689 Χριστοῦ
1423 4633 1435 4645 '
1469 4612 1649 4675 ἐπειδὴ
1691 4616 1805 4688 μίλ-

203 4703 305 4755 λων
339 4702 466 4754 αύτό
506 4706 935 4770 κατασκευάζειν,
972 4703 1030 4755 ού
1060 4707 1210 4774 μόνον
1254 4707 1346 4761 τὴν
1399 4704 1682 4775 ὁμοιότητα
1711 4725 1808 4756 κα-

200 4791 522 4852 τασκευάζει
574 4797 663 4845 καὶ
717 4794 898 4856 τύπον,
961 4791 1089 4844 ἀλλὰ
1143 4796 1232 4844 καὶ
1287 4797 1373 4851 τὴν
1425 4792 1472 4844 ἐν
1525 4801 1595 4863 τῷ
1663 4796 1806 4866 τύπῳ

199 4886 294 4934 καὶ
345 4883 616 4952 ὁμοιότητι
664 4883 932 4954 ὑπεροχὴν
984 4887 1074 4934 καὶ
1128 4887 1453 4955 περισσείαν.
1493 4889 1654 4934 Τοῦτο
1704 4885 1804 4957 γὰρ

199 4967 523 5024 ἐνδείκνυται
584 4967 678 5024 διὰ
726 4978 817 5024 τοῦ
863 4970 1046 5043 λέγειν,
1103 4970 1209 5022 ἀλλ’
1261 4971 1366 5042 ούχ
1414 4973 1483 5032 ὡς
1532 4975 1590 5023 τὸ
1638 4975 1806 5046 παρά-

197 5080 394 5132 πτωμα
427 5079 439 5092 ·
468 5065 558 5113 καὶ
605 5060 782 5125 πάλιν,
824 5065 914 5114 καὶ
965 5061 1071 5132 ούχ
1121 5064 1189 5122 ὡς
1237 5060 1344 5120 ἑνός
1383 5059 1800 5134 ἁμαρτήσαντος.

197 5151 350 5206 Ἐπεὶ
397 5145 485 5202 οὖν
533 5151 775 5203 σύνθετον
829 5150 970 5220 αύτῷ
999 5170 1108 5212 πως
1157 5153 1334 5221 γέγονε
1364 5150 1421 5202 τό
1460 5149 1800 5222 ἐπιχείρημα,

198 5238 552 5312 ἀνομοιότητά
641 5259 749 5303 πως
825 5239 876 5292 ἐν
961 5241 1231 5311 ὁμοιότητι
1302 5236 1633 5292 διαπλέκοντι
1692 5246 1799 5292 νῦν.

1914 3744 2122 3808 forent,
2154 3759 2276 3800 non
2301 3742 2494 3799 solum
2523 3741 2726 3798 ablata
2756 3745 2896 3796 sunt
2924 3740 3043 3805 illa,
3078 3739 3241 3812 quod
3289 3738 3349 3794 in
3389 3754 3580 3811 oppo-

1913 3835 2038 3888 sitis
2068 3832 2514 3888 similitudinem
2535 3835 2594 3887 et
2653 3829 2996 3899 analogiam
3057 3845 3180 3900 prae
3223 3844 3285 3884 se
3333 3826 3574 3893 fert,sed

1913 3922 2054 3977 data
2083 3925 2218 3976 sunt
2238 3933 2341 3990 per
2368 3919 2662 3976 Christum
2684 3918 2932 3973 meliora
2948 3917 3147 3989 ;quod
3178 3916 3572 3988 hyperbolem

1913 4016 1964 4065 et
1993 4007 2605 4080 superabundantiam
2634 4009 2895 4077 praestat.

1915 4100 2079 4153 Vens.
2105 4102 2187 4153 l9.
2223 4094 2717 4176 Quemadmodum
2762 4095 2917 4221 enin
2974 4107 3084 4163 per
3124 4093 3572 4149 inobedicntiam

2558 4181 2756 4221 unius.
2801 4181 2832 4220 e
2901 4207 2912 4219 .

2558 4181 2756 4230 unius,
2801 4181 2912 4221 etc.

1984 4257 2200 4315 Photii.
2242 4258 2472 4329 Typum
2535 4254 2677 4311 dicit
2728 4254 2912 4310 fuisse
2957 4253 3147 4309 Adam
3201 4251 3573 4324 Christi;ty-

1915 4363 2027 4420 pus
2051 4349 2252 4404 autem
2293 4344 2595 4401 evidenter
2625 4347 2715 4401 est
2744 4360 2816 4400 ex
2867 4342 3262 4415 oppositione.
3315 4343 3384 4397 Ut
3411 4340 3574 4400 enim

1914 4438 2009 4494 ille
2037 4451 2224 4493 causa
2250 4434 2600 4491 hominibus
2640 4433 2846 4490 mortis
2890 4431 3022 4497 fuit,
3065 4431 3147 4487 sic
3201 4436 3257 4488 et
3309 4430 3575 4487 Christus

1915 4543 2102 4583 causa
2129 4523 2478 4582 hominibus
2527 4521 2994 4580 resurrectionis.
3056 4520 3199 4576 Dicit
3259 4519 3458 4591 igitur,
3515 4523 3576 4575 ut

1914 4613 2281 4678 notavimus,
2328 4617 2560 4685 typum,
2617 4611 2798 4668 fuisse
2837 4610 3029 4667 Adam
3071 4609 3470 4677 Christi;cum
3515 4608 3572 4665 id

1915 4703 2296 4776 expositurus
2326 4706 2434 4770 est,
2471 4717 2592 4757 non
2626 4700 2820 4756 solum
2852 4699 3300 4756 similitudinem
3332 4697 3574 4770 exponit

1915 4797 1973 4850 et
2003 4798 2235 4866 typum,
2265 4791 2370 4848 sed
2400 4792 2579 4848 etiam
2609 4791 2667 4846 in
2694 4794 2832 4862 typo
2855 4796 2909 4845 et
2941 4787 3324 4845 similitudine
3380 4802 3577 4843 exces-

1919 4899 2052 4939 sum
2080 4887 2138 4938 et
2163 4879 2797 4954 superabundantiam.
2825 4879 2946 4936 Hoc
2976 4878 3136 4935 enim
3181 4875 3442 4934 ostendit
3482 4876 3576 4932 di-

1915 4971 2127 5035 cendo,
2169 4971 2274 5026 sed
2303 4985 2425 5026 non
2458 4969 2611 5025 sicut
2637 4968 2942 5032 delictum,
2972 4971 3030 5024 et
3078 4982 3304 5030 rursus,
3371 4969 3427 5022 et
3450 4980 3573 5022 non

1916 5060 2069 5116 sicut
2094 5075 2214 5116 uno
2239 5063 2539 5131 peccante.
2574 5061 2720 5116 Cum
2744 5057 2924 5127 igitur
2946 5055 3285 5128 composita
3312 5055 3394 5111 illi
3424 5069 3577 5127 quo-

1915 5149 2246 5206 dammodo
2274 5146 2519 5204 factasit
2569 5145 2886 5220 expositio,
2933 5143 3465 5202 absimilitudinem
3495 5148 3573 5201 si-

1918 5237 2232 5294 militudini
2256 5235 2566 5302 inserenti;
2593 5251 2754 5292 nunc
2769 5235 2929 5292 idem
2953 5234 3287 5301 reassumit,
3313 5251 3569 5293 meram-

1541 5373 1773 5428 VARIE
1811 5370 2212 5430 LECTIONES.

266 5512 294 5545 ⁸
324 5499 470 5558 Cod.
499 5497 790 5573 ἅνθρωπος,
810 5497 915 5556 sed
939 5512 1133 5571 marg.
1159 5516 1247 5572 γρ.
1273 5496 1588 5571 ἀνθρώποις,
