4060 6218
507 248 647 304 1235
1724 247 1953 304 ΡΗΟΤΙΙ
1990 244 2464 303 ΡΑΤΒΙΑΒΟΗᾹΞ
2501 245 2613 304 CP.
3741 248 3867 304 1236

503 389 621 447 que
661 371 1113 430 similitudinem
1152 372 1432 438 ostendit,
1468 388 1580 430 nec
1630 374 1842 430 miscet
1895 373 2151 445 aliquam

2268 371 2745 443 ἐπαναλαμϐάνεται
2768 375 2857 446 μεν
2902 376 2960 426 τὸ
3002 372 3150 437 αὐτὸ,
3179 374 3415 447 καθαρῶς
3455 369 3514 426 δί
3551 377 3651 433 τὴν
3702 374 3866 446 ὁμοιόο

504 479 576 520 ex
602 464 859 519 dictione
884 461 1365 518 absimilitudinis
1412 464 1895 535 repugnantiam.
1941 462 2151 519 Deinde

2266 480 2401 519 τητα
2431 458 2667 514 δείκνυσι
2700 479 2711 490 ·
2740 468 2829 515 καὶ
2873 461 3045 514 οὐκέτι
3092 461 3286 514 πλέκων
3330 464 3451 515 ὅσον
3504 461 3608 516 ἀπὸ
3649 471 3745 525 τῆς
3788 465 3862 518 λε-

504 558 706 625 aperte
734 559 791 607 et
819 551 978 607 nude
1008 551 1453 621 demonstrans,
1487 551 1632 624 quia
1659 552 1813 607 sicut
1838 567 1943 623 per
1973 567 2159 606 unum

504 658 665 697 mors
690 640 981 711 regnavit,
1017 638 1206 695 multo
1239 641 1429 712 magis
1457 640 1519 695 in
1557 640 1677 696 vita
1731 640 2004 711 regnabit
2056 656 2161 712 per

506 746 692 787 unum
749 730 1067 795 Christum,
1125 728 1329 799 adjicit
1376 734 1668 801 tanquam
1717 729 2156 785 conclusionem

503 818 746 890 ducens,
766 824 822 875 et
851 820 911 874 in
942 818 1298 890 apertiorem
1331 818 1529 874 adhuc
1563 824 1619 874 et
1648 819 2005 889 pressiorem
2031 834 2160 890 pro-

501 909 726 965 ducens
758 923 1116 974 sermonem,
1149 908 1395 964 etdicit:
1431 908 1633 978 Igitur
1660 907 1805 963 sicut
1822 922 1935 976 per
1976 923 2156 963 unum

501 999 781 1055 delictum
821 999 883 1053 in
910 1012 1105 1053 omnes
1147 996 1407 1053 homines
1459 996 1892 1062 condemnatio,
1929 1000 1985 1051 et
2025 1011 2159 1068 qua

501 1092 850 1160 sequuntur.
887 1086 1108 1142 Deinde
1134 1102 1269 1141 cum
1300 1087 1360 1140 in
1390 1086 1585 1158 primo
1613 1085 1954 1157 composita
1981 1101 2160 1157 expo-

501 1177 711 1232 sitione
744 1176 941 1240 utitur,
971 1174 1032 1229 in
1062 1174 1326 1230 secundo
1349 1174 1642 1247 explicata
1697 1179 1753 1231 et
1781 1175 2050 1247 repetita,
2106 1178 2162 1229 et

498 1267 557 1322 in
589 1282 733 1323 voce
763 1267 936 1330 sicut,
966 1266 1340 1321 conclusioni
1391 1266 1645 1337 abjecta.
1700 1264 1984 1321 Delictum
2025 1264 2161 1337 qui-

497 1348 635 1411 dem
664 1360 721 1411 et
750 1355 979 1411 donum
1005 1362 1060 1410 et
1084 1354 1669 1424 condemnationem,
1697 1360 1752 1409 et
1772 1355 2159 1410 donationem

495 1451 550 1501 et
574 1443 1047 1516 justiticationem
1104 1449 1429 1499 memorat:
1489 1445 1642 1499 unde
1690 1443 1871 1499 etiam
1923 1443 2156 1498 initium

496 1535 767 1606 sumpsit.
810 1533 975 1589 Nullo
1007 1533 1184 1589 modo
1212 1536 1645 1588 contrariorum
1674 1533 1980 1605 utriusque
2014 1548 2151 1587 con-

2266 1552 2430 1604 ματος
2484 1536 2573 1604 μὲν
2626 1538 2716 1585 καὶ
2771 1538 3107 1608 χαρίσματος
3170 1540 3261 1587 καὶ
3331 1541 3725 1610 κατακρίματος
3781 1544 3867 1589 καὶ

494 1623 671 1678 nexio
711 1622 973 1678 indicata
1024 1625 1130 1677 est.
1197 1624 1357 1677 Nunc
1396 1620 1541 1677 illud
1584 1623 1821 1694 exponit
1859 1627 1916 1676 et
1966 1620 2151 1693 aperit

2268 1618 2582 1695 δωρήματος
2638 1628 2728 1674 καὶ
2804 1619 3161 1696 δικαιώματος
3214 1629 3301 1676 καὶ
3356 1629 3602 1678 τοιούτων
3662 1646 3866 1699 μνημο-

495 1710 722 1774 dicens,
751 1711 912 1783 quod
942 1727 1125 1765 unum
1155 1725 1225 1765 ex
1259 1709 1667 1766 inobedientia
1700 1710 1992 1775 manavit,
2020 1709 2151 1765 alte-

2263 1713 2395 1763 νεύει
2447 1729 2460 1743 ⁸
2516 1712 2627 1763 ὅθεν
2675 1717 2764 1763 καὶ
2824 1716 2918 1770 την
2968 1710 3144 1784 ἀρχὴν
3188 1712 3387 1786 εἴληφεν
3431 1731 3442 1743 '
3499 1714 3721 1786 ἑκάτερα
3774 1724 3869 1767 τῶν

496 1816 632 1855 rum
657 1806 856 1855 autem
889 1815 956 1855 ex
994 1799 1329 1854 obedientia
1372 1799 1607 1866 ﬂoruit;
1658 1800 1738 1854 ita
1798 1805 1860 1854 ut
1913 1798 2151 1854 demon-

2265 1799 2500 1853 ἐναντίων
2560 1802 2589 1858 ἡ
2662 1805 2954 1873 συστοιχία
3005 1802 3137 1859 αὕτη
3206 1800 3412 1855 οὐδέπω
3480 1802 3867 1876 ἐπεσημήνατο.

495 1888 699 1945 stratio
728 1889 871 1943 illud
904 1889 974 1943 sit
1001 1889 1377 1960 expotitionis
1400 1890 1459 1943 in
1490 1904 1612 1959 qua
1643 1888 1909 1943 exhibuit
1942 1891 2151 1960 typum

2263 1897 2369 1941 Νῦν
2434 1889 2560 1940 αύτό
2631 1896 2783 1942 τοῦτο
2844 1887 3093 1961 διασαφεί
3177 1896 3266 1943 καὶ
3348 1891 3725 1961 ἀποκαλύπτει,
3786 1900 3870 1944 καὶ

494 1984 550 2034 et
577 1977 1049 2047 similitudinem,
1081 1977 1255 2049 quale
1303 1982 1393 2033 est
1421 1977 1587 2042 illud,
1640 1977 1705 2033 Si
1760 1977 1912 2033 enim
1980 1979 2151 2033 unius

2264 1998 2442 2050 φησιν,
2476 1980 2557 2031 ὅτι
2595 1981 2661 2030 τὰ
2707 1982 2796 2051 μὲν
2846 1979 2901 2031 ἐκ
2946 1988 3219 2052 παρακοῆς
3264 1980 3441 2053 ἐρρύη,
3474 1984 3537 2033 τά
3585 1978 3643 2034 δὲ
3696 1982 3750 2044 ἐξ
3781 1984 3869 2033 ὐπ-

495 2067 704 2124 delicto
733 2082 910 2132 mors,
940 2075 1051 2123 etc.

2263 2076 2421 2127 ακοῆς
2450 2069 2673 2126 ἤνθησεν
2706 2087 2718 2099 ·
2762 2069 2895 2120 ὥστε
2940 2073 3422 2121 κατασκευαστικὸν
3470 2069 3529 2121 ἂν
3580 2074 3658 2127 εἴη
3722 2079 3869 2122 τοῦτο

497 2165 589 2209 τοῦ
648 2156 1060 2230 ἐπιχειρήματος
1141 2163 1233 2208 τοῦ
1312 2156 1794 2217 κατασκευάζοντος
1843 2157 1930 2208 τὸν
2010 2158 2168 2209 τύπον
2225 2162 2313 2209 καὶ
2386 2160 2479 2215 τὴν
2534 2159 2835 2229 ὁμοιότητα,
2889 2158 2997 2209 οἷον
3057 2166 3167 2223 τοῦ,
3227 2158 3288 2212 Εἰ
3338 2162 3439 2231 γὰρ
3490 2167 3561 2229 τῷ
3610 2167 3706 2211 τοῦ
3765 2160 3868 2221 ἐνὸς

2267 551 2385 615 ξεώς
2414 571 2530 604 τινα
2575 551 2940 624 ἀνομοιότητος
2991 554 3176 624 μάχην
3202 569 3212 581 ·
3239 550 3351 605 εἶτα
3382 563 3556 625 σαφῶς
3585 563 3746 607 τοῦτο
3784 563 3865 608 καὶ

2266 644 2502 713 καθαρῶς
2551 638 3031 714 ἐνδειξάμενος,ὅτι
3087 644 3260 715 ὥσπερ
3314 638 3386 695 δι’
3446 642 3551 705 ἐνὸς
3602 643 3866 698 ἐϐασίλεύ-

2269 749 2352 783 σεν
2384 732 2409 782 ὁ
2439 732 2677 795 θάνατος,
2732 731 2899 801 πολλῷ
2948 731 3139 804 μᾶλλον
3198 732 3249 783 ἑν
3288 732 3396 804 ζωῇ
3452 730 3767 804 βασιλεύσει
3800 732 3863 786 δι’

2267 819 2371 881 ἐνὸς
2432 828 2683 893 Χριστοῦ,
2747 820 2927 893 ἐπάγει
2989 823 3162 892 ὥσπερ
3228 827 3723 895 συμπεραινόμενος,
3785 830 3867 876 καὶ

2268 909 2334 969 εἰς
2400 913 2457 962 τὸ
2529 913 2604 963 ἔτι
2670 914 2982 984 σαφέστερον
3040 915 3128 963 καὶ
3199 911 3604 983 συνεσταλμένον
3672 912 3870 984 ἀνάγων

2265 1003 2350 1051 τὸν
2396 999 2567 1070 λόγον,
2603 1004 2691 1052 καὶ
2745 1018 2902 1072 φησιν
2934 1017 2947 1028 ’
2983 1019 3011 1051 (ι
3060 998 3199 1073 ⁵Ἀρα
3228 996 3317 1052 οὖν
3365 1003 3428 1061 ὡς
3483 997 3556 1053 δι’
3616 1001 3725 1062 ἑνός
3780 1022 3870 1055 πα-

2266 1094 2610 1160 ραπτώματος
2710 1089 2776 1149 εἰς
2858 1092 3055 1150 πάντας
3150 1087 3455 1163 ἀνθρώπους
3550 1094 3608 1143 τὸ
3718 1095 3869 1144 κατά-

2265 1197 2447 1249 κριμα,
2483 1197 2510 1229 »
2556 1183 2646 1230 xui.
2694 1180 2761 1230 τὰ
2813 1177 2943 1240 ἑξῆς.
2999 1175 3125 1231 Εἶτα
3171 1183 3261 1231 καὶ
3316 1177 3499 1239 ἐπειδὴ
3551 1185 3641 1233 xui
3696 1180 3748 1233 ἐν
3801 1190 3869 1251 τῷ

2266 1273 2453 1339 πρώτῳ
2496 1272 2585 1319 xui.
2641 1269 2864 1338 συνθέτῳ
2919 1266 3318 1342 ἐπιχειρήματι,
3368 1274 3457 1321 καὶ
3508 1267 3557 1321 ἓν
3617 1278 3691 1340 τῷ
3749 1267 3867 1322 δευ-

2265 1359 2391 1427 τέρῳ
2437 1360 2525 1408 καὶ
2565 1351 3024 1427 διακεκαθαρμένῳ
3071 1361 3161 1409 καὶ
3214 1356 3613 1428 ἐπαναληπτικῷ
3651 1376 3663 1387 ·
3700 1364 3789 1412 καὶ
3820 1359 3864 1411 ἐν

3158 1445 3499 1517 ἐπενεχθέντι.

2267 1452 2337 1513 τῷ
2405 1445 2578 1516 ὥσπερ
2661 1446 3068 1517 συμπεράσματι
3158 1445 3499 1517 ἐπενεχθέντι.
3580 1454 3868 1520 Παραπτῶ-

497 2252 883 2321 παραπτώματι
915 2248 939 2298 ὁ
973 2249 1208 2311 θάνατος,
1242 2265 1270 2297 )›
1304 2251 1388 2299 xui
1423 2245 1559 2308 ἑξῆς.

567 2338 693 2392 Non
726 2335 1007 2391 eumdem
1030 2351 1364 2391 sermonem
1381 2337 1609 2406 repetit,
1634 2338 1695 2389 ut
1716 2335 1906 2407 putari
1926 2338 2149 2405 posset,

494 2424 736 2480 divinus
772 2424 1094 2497 Apostolus
1124 2425 1183 2480 in
1214 2425 1363 2489 istis,
1419 2425 1525 2480 sed
1582 2424 1738 2481 clare
1790 2423 2045 2479 multum
2097 2427 2153 2479 et

492 2518 649 2569 recte
679 2513 974 2569 connectit
999 2518 1056 2569 et
1078 2513 1342 2585 disponit
1368 2514 1489 2570 vim
1507 2515 1723 2570 horum
1750 2514 2034 2585 capitum.
2057 2515 2153 2567 Est

492 2600 672 2670 igitur
696 2600 873 2656 illud:
906 2602 1025 2658 Sed
1048 2618 1166 2657 non
1216 2604 1359 2657 sicut
1411 2604 1715 2669 delictum,
1776 2608 1833 2658 et
1882 2618 2020 2673 quae
2065 2617 2153 2656 se-

490 2694 776 2762 quuntur,
804 2706 986 2760 usque
1009 2690 1123 2746 ad:
1152 2691 1251 2747 Ea:
1274 2692 1473 2747 multis
1494 2692 1721 2748 delictis
1749 2708 1812 2747 in
1858 2692 2153 2761 justiﬁca-

494 2780 718 2847 tionem,
748 2779 1043 2850 expositio
1091 2779 1358 2851 quidem,
1418 2786 1481 2835 ut
1517 2780 1789 2846 diximus,
1839 2784 2051 2852 typum
2097 2784 2151 2835 et

2263 2781 2618 2852 ραπτωμάτων
2687 2780 2759 2842 εἰς
2833 2779 3121 2854 δικαίωμα,
3204 2780 3527 2855 ἐπιχείρημα
3586 2786 3698 2853 μὲν,
3795 2785 3868 2843 ὡς

495 2867 938 2924 similitudinem
969 2868 1319 2935 ostendens;
1354 2869 1554 2925 deerat
1601 2885 1743 2941 ergo
1798 2869 2065 2925 claritate
2096 2874 2151 2923 et

2263 2871 2468 2940 ἔφημεν,
2525 2866 2785 2921 δεικτικὸν
2840 2877 2931 2921 τοῦ
3002 2873 3164 2923 τύπου
3220 2874 3309 2922 καὶ
3370 2879 3466 2931 τῆς
3534 2873 3863 2943 ὁμοιότητος.

494 2957 908 3029 explicatione.
944 2957 1089 3013 illud
1121 2964 1507 3030 praestatque
1540 2961 1810 3030 sequitur
1836 2959 2149 3030 expositio,

2263 2953 2457 3009 Ἐδείτο
2534 2954 2620 3010 οὖν
2704 2963 2980 3030 σαφηνείας
3053 2964 3143 3012 καὶ
3224 2956 3639 3034 διακαθάρσεως.
3701 2968 3868 3013 Τοῦτο

493 3049 770 3117 repetens
788 3047 916 3116 jam
944 3046 1115 3113 dicta,
1147 3052 1203 3103 et
1225 3047 1529 3119 explicans
1558 3052 1611 3103 et
1644 3048 1704 3103 in
1733 3055 1938 3119 aperto
1974 3063 2151 3120 expo-

2263 3049 2479 3097 ποιεῖ.τό
2529 3045 2704 3118 ἐφεξῆς
2756 3046 3103 3120 ἐπιχείρημα,
3160 3048 3581 3120 ἐπαναλαμϐάνον
3636 3053 3697 3101 τὸ
3742 3070 3867 3123 προσ
3952 3070 3965 3079 ·

493 3150 659 3191 nens.
685 3134 801 3190 Sed
823 3134 1138 3207 oportebat
1170 3137 1380 3192 ethuic
1410 3152 1653 3209 quoque
1699 3137 2147 3193 conclusionem

492 3223 641 3288 dari,
674 3229 735 3280 ut
765 3239 882 3280 non
902 3241 970 3280 ex
987 3225 1299 3297 hypothesi
1325 3231 1560 3282 tantum
1574 3226 2147 3283 videaturconstare.

493 3314 615 3369 Hoc
636 3328 758 3369 non
776 3314 1011 3379 omittit,
1028 3314 1134 3369 sed
1150 3321 1438 3386 tanquam
1453 3315 1904 3372 conclusionem
1920 3316 2149 3371 ducens

492 3406 547 3456 et
577 3402 871 3458 sermonis
902 3403 1144 3459 veritate
1174 3403 1385 3470 ﬁdens,
1419 3420 1553 3460 cum
1587 3404 1982 3460 afﬁrmatione
2014 3420 2146 3477 pro-

490 3488 631 3544 lert:
674 3490 868 3559 Igitur
918 3490 1069 3546 sicut
1108 3507 1222 3562 per
1273 3492 1781 3559 unius,delictum,
1806 3497 1924 3548 etc.
1980 3494 2150 3548 Dein-

490 3577 584 3641 de,
624 3592 763 3631 cum
803 3578 984 3647 igitur
1035 3580 1280 3635 minime
1312 3582 1372 3635 in
1413 3580 1631 3635 talibus
1680 3581 2147 3653 expositionibus

490 3664 636 3720 dixit
664 3664 823 3720 unde
855 3665 1129 3721 habuerit
1154 3668 1513 3739 principium
1537 3669 1887 3740 justiﬁcatio
1918 3675 1971 3725 et
2004 3686 2144 3725 con-

488 3752 816 3820 demnatio,
847 3769 1036 3824 neque
1088 3754 1234 3810 illud
1288 3757 1697 3826 praetermittit,
1754 3758 1857 3813 sed
1907 3759 2151 3830 exponit

491 3839 730 3896 dicens:
763 3840 922 3897 Sicut
949 3842 1099 3899 enim
1137 3858 1242 3913 per
1263 3844 1731 3914 inobedientiam,
1752 3851 1860 3902 etc.

2330 2333 2404 2386 Ού
2461 2334 2756 2406 ταυτολογεί
2803 2340 2994 2399 τοίνυν,
3050 2338 3113 2397 ὡς
3166 2337 3226 2388 οἶν
3279 2356 3357 2398 τις
3407 2336 3633 2405 οἰηθείη,
3670 2339 3697 2388 ό
3732 2340 3866 2399 θεῖος

2260 2424 2575 2484 Ἀπόστολος
2606 2423 2653 2475 ἐν
2705 2426 2929 2489 τούτοις,
2982 2423 3107 2476 ἀλλά
3148 2433 3320 2497 σαφῶς
3372 2424 3485 2477 λίαν
3534 2432 3626 2478 καὶ
3657 2423 3865 2498 διηκρι-

2261 2512 2497 2583 ϐωμένως
2568 2512 2883 2584 ἀλληλουχεί
2961 2518 3051 2565 καὶ
3109 2513 3331 2566 ἐντάττει
3399 2522 3499 2565 τῶν
3573 2515 3863 2586 κεφαλαίων

2260 2606 2353 2659 τὴν
2385 2598 2606 2672 δύναμιν
2632 2620 2643 2633 ·
2672 2606 2786 2654 ἔστι
2816 2606 2904 2674 μεν
2964 2598 3051 2653 οὖν
3109 2607 3165 2655 τὸ
3209 2606 3319 2674 μεν,
3377 2602 3514 2654 Ἀλλ’
3562 2603 3668 2674 οὐχ
3709 2607 3775 2665 ὡς
3806 2608 3863 2656 τό

2259 2693 2611 2763 παράπτωμα,
2666 2696 2756 2743 καὶ
2826 2691 2965 2756 ἑξῆς,
3026 2693 3117 2753 ἓως
3197 2700 3310 2760 τοῦ,
3392 2692 3445 2744 ἐκ
3512 2692 3708 2744 πολλῶν
3764 2712 3865 2745 πα-

2260 2781 2618 2852 ραπτωμάτων
2687 2780 2759 2842 εἰς
2833 2776 3121 2854 δικαίωμα,

2259 3138 2524 3208 ειρημένον
2564 3140 2652 3187 καὶ
2701 3132 3042 3209 διακαθαῖρον
3074 3141 3160 3189 xui
3193 3138 3264 3198 εἰς
3309 3142 3369 3189 τὸ
3421 3141 3574 3209 σαφὲς
3606 3136 3867 3210 ἀπαγγὲλο

2256 3222 2340 3276 λον
2372 3240 2386 3254 ⁸
2422 3223 2529 3275 ἀλλ’
2561 3221 2668 3277 ἔδει
2717 3230 2806 3277 καὶ
2856 3234 3009 3278 τοῦτο
3056 3226 3227 3279 λαϐεῖν
3276 3225 3502 3299 ἀξίωμα,
3554 3233 3644 3279 καὶ
3700 3233 3772 3299 μὴ
3818 3227 3869 3290 ἐξ

2258 3314 2548 3373 ὑποθέσεως
2600 3316 2961 3387 προτείνεσθαι
3008 3320 3181 3386 μόνον.
3236 3311 3376 3368 Οὐδὲ
3432 3323 3585 3367 τοῦτο
3634 3322 3869 3389 παρορᾷ,

2259 3401 2366 3453 ἀλλ’
2395 3404 2568 3473 ὥσπερ
2618 3408 3106 3475 συμπεραινόμενος,
3139 3409 3229 3456 xui
3275 3412 3337 3476 τῇ
3401 3413 3490 3456 τοῦ
3541 3404 3701 3475 λόγου
3745 3408 3870 3477 θαρ-

2254 3500 2355 3563 ρῶν
2415 3490 2649 3563 ἀληθεία,
2706 3495 2839 3564 μετὰ
2888 3491 3218 3565 βεϐαιώσεως
3280 3492 3620 3566 ἀποφαίνεται
3662 3510 3675 3523 ·

2257 3576 2343 3631 οὖν
2432 3583 2500 3641 ὡς
2582 3577 2652 3633 δι’

3728 3494 3871 3547 "Anu

2731 3515 2839 3544 ιετα
2888 3515 3218 3565 ρεοαιωσιως
3280 3515 3620 3566 ἀποφαίνεται
3662 3515 3675 3523 ·
3754 3515 3865 3568 Δρα

2731 3581 2839 3642 ἐνὸς
2897 3587 3334 3656 παραπτώματος,
3419 3588 3509 3634 καὶ
3580 3585 3647 3634 τὰ
3731 3582 3865 3645 ἑξῆς.

2258 3664 2405 3735 Εἶτα,
2445 3668 2551 3722 ἐπεὶ
2600 3666 2687 3722 οὖν
2735 3667 2795 3729 ἦν
2828 3670 2980 3722 εἰπὼν
3034 3669 3080 3721 ἐν
3134 3674 3405 3731 τοσούτοις
3450 3670 3870 3745 ἐπιχειρήμασιν

2257 3754 2495 3829 οὐδαμοῦ
2527 3760 2678 3811 πόθεν
2719 3762 2875 3831 ἔσχεν
2929 3758 3103 3832 ἀρχὴν
3132 3764 3188 3812 τό
3243 3756 3513 3832 δικαίωμα
3543 3766 3634 3813 καὶ
3688 3764 3747 3812 τὸ
3777 3782 3869 3813 κα-

2259 3848 2510 3919 τάκριμα,
2563 3844 2685 3900 οὐδὲ
2756 3855 2908 3900 τοῦτο
2966 3854 3192 3923 παρορᾷ,
3248 3846 3376 3901 ἀλλὰ
3441 3851 3624 3907 τίθησι
3684 3848 3869 3920 λέγων,

2257 3934 2457 4007 ’Ὠσπερ
2486 3939 2587 4011 γὰρ
2618 3933 2711 3989 διὰ
2742 3945 2832 3998 τῆς
2860 3946 3153 4009 παρακοῆς,
3185 3943 3276 3990 καὶ
3308 3937 3443 4001 ἑξῆς.

494 4024 651 4081 CAP.
690 4022 803 4078 VlI.
837 4023 999 4076 Vsus.
1054 4023 1111 4078 8.
1149 4021 1288 4078 Sine
1325 4023 1474 4079 enim
1508 4024 1634 4095 lege
1661 4028 1968 4093 peccatum
2000 4041 2151 4081 mor-

1198 4101 1364 4149 tuum
1408 4101 1556 4150 erat.

563 4203 874 4258 Peccatum
905 4198 1143 4270 quidem
1175 4204 1475 4256 mortuum
1508 4208 1669 4267 erat;
1702 4217 1813 4273 ego
1861 4208 2061 4258 autem
2093 4202 2151 4257 in

2337 4208 2555 4257 Φωτίου.
2588 4203 2645 4257 Ἠ
2699 4208 2787 4276 μὲν
2843 4205 3074 4279 ἁμαρτία
3127 4207 3282 4279 νεκρά
3325 4224 3337 4235 ⁸
3385 4209 3485 4277 ἐγὼ
3536 4203 3595 4258 δὲ
3646 4206 3696 4257 ἐν
3738 4207 3870 4277 ζωῇ,

491 4290 615 4346 vita
645 4304 830 4355 eram,
862 4293 1063 4359 utpote
1123 4304 1243 4344 non
1286 4290 1576 4358 turbatus,
1630 4306 1747 4346 non
1790 4292 2151 4377 vulneratus,

2264 4293 2354 4345 ἅτε
2400 4298 2472 4365 μὴ
2518 4292 2881 4367 ἐνοχλούμενος
2924 4294 3065 4367 μηδὲ
3101 4301 3429 4368 νυττόμενος,
3480 4292 3621 4367 μηδὲ
3667 4298 3875 4369 νεκρού-

492 4395 607 4435 non
639 4378 870 4434 occisus
892 4378 970 4433 ab
1001 4377 1119 4432 illo.
1149 4379 1463 4443 Quomodo
1485 4394 1626 4451 ergo
1648 4379 1853 4436 revixit
1878 4380 2022 4436 illud
2054 4397 2151 4452 per

2264 4402 2413 4455 μενος
2461 4384 2545 4435 ὑπ’
2597 4383 2780 4444 αὐτῆς.
2838 4391 2951 4446 Πῶς
3002 4382 3088 4436 οὖν
3135 4383 3381 4445 ἀνέζησεν
3439 4383 3603 4442 ἐκείνη
3655 4381 3754 4437 διὰ
3781 4392 3875 4437 τοῦ

490 4468 726 4539 legem?
751 4467 1107 4533 Quomodo?
1135 4468 1329 4533 Quod,
1358 4468 1498 4524 data
1530 4468 1676 4538 lege,
1711 4468 1903 4539 magis
1939 4470 2018 4526 ad
2045 4471 2151 4527 im-

2264 4476 2421 4543 νόμου
2448 4490 2464 4541 ;
2496 4476 2624 4524 Τίνα
2654 4476 2841 4543 τρόπον
2869 4490 2882 4539 ;
2916 4474 2998 4525 ὅτι
3041 4482 3133 4525 τοῦ
3183 4477 3343 4545 νόμου
3400 4470 3639 4535 δοθέντος
3681 4472 3873 4545 μᾶλλον

490 4557 1223 4630 pugnandumincitatum
1253 4562 1415 4612 estet
1445 4557 1741 4629 quidquid
1789 4573 2003 4616 nocere
2053 4576 2151 4631 po-

2264 4560 2429 4618 ἐκείνη
2479 4564 2608 4632 πρὸς
2661 4563 2890 4615 ἐπίθεσιν
2948 4561 3275 4637 παρωξύνθη,
3338 4566 3426 4614 καὶ
3475 4563 3583 4614 οἷον
3649 4561 3876 4636 ἐπηρεά-

493 4651 641 4703 terat
665 4662 879 4703 ausum
902 4651 1007 4711 est,
1040 4650 1331 4717 tanquam
1376 4647 1788 4702 coronandum
1820 4648 1945 4704 fore
1994 4648 2151 4705 hunc

2266 4669 2355 4702 σαι
2386 4651 2625 4724 ὥρμησεν
2654 4668 2666 4679 ’
2696 4650 2785 4703 ἅτε
2816 4649 2884 4709 δὴ
2918 4656 3009 4703 καὶ
3065 4653 3449 4723 στεφανοῦσθαι
3503 4650 3757 4722 μέλλοντα
3783 4656 3871 4703 τὸν

491 4736 590 4808 qui
642 4734 997 4791 mandatum
1056 4734 1378 4791 servaverit
1435 4736 1850 4801 considerans,
1904 4740 1963 4792 et.
2018 4737 2151 4793 ideo

2263 4738 2553 4811 φυλάξαντα
2601 4743 2693 4798 τὴν
2744 4738 2947 4797 ἐντολὴν
2974 4739 3406 4812 ύπολογιξομένη,
3457 4746 3548 4791 καὶ
3591 4738 3689 4793 διὰ
3716 4748 3873 4793 τοῦτο

493 4824 1047 4895 magisinvidiosum
1065 4823 1309 4879 factum.
1336 4827 1399 4879 Et
1414 4839 1527 4893 ego
1548 4839 1752 4880 rursus
1782 4840 2151 4895 cognoscens

2263 4827 2451 4900 μᾶλλον
2505 4824 2981 4882 διαϐασκαίνουσα.
3042 4834 3142 4882 Καὶ
3199 4828 3297 4900 ἐγὼ
3360 4829 3515 4881 πάλιν
3564 4833 3723 4900 γνοὺς
3784 4826 3880 4881 διὰ

491 4930 598 4985 per
620 4914 812 4983 legem
838 4918 1167 4987 peccatum,
1189 4920 1240 4969 et
1266 4914 1406 4984 quia
1429 4914 1486 4968 in
1512 4914 1623 4970 hac
1650 4915 1987 4985 cognitione
2014 4930 2149 4985 age-

2263 4924 2356 4978 τῆς
2402 4915 2605 4977 ἐντολῆς
2660 4923 2754 4975 τὴν
2805 4916 3087 4991 ἁμαρτίαν,
3119 4919 3188 4978 ὡς
3237 4915 3286 4968 ἐν
3324 4923 3514 4988 γνώσει
3566 4920 3819 4989 πράττων
3848 4917 3882 4968 ἆ

493 5003 637 5058 bam
668 5019 803 5075 quas
820 5002 1001 5059 vitare
1027 5001 1359 5074 oportebat,
1384 5004 1576 5072 magis
1602 5010 1914 5076 prapterea
1943 5021 2151 5078 pecca-

2583 4049 2761 4117 Χωρὶς
2786 4048 2886 4119 γὰρ
2917 4050 3075 4117 νόμου
3107 4046 3342 4119 ἁμαρτία
3370 4049 3544 4119 νεκρά.

2261 5008 2461 5077 φεύγειν
2517 5002 2643 5072 ἔδει,
2718 5006 2906 5078 μᾶλλον
2978 5009 3113 5058 κατά
3182 5014 3336 5058 τοῦτο
3406 5008 3712 5080 ἡμάρτανον
3741 5028 3753 5039 ·
3788 5012 3878 5059 καὶ

491 5091 634 5147 bam
661 5113 672 5158 ;
706 5097 762 5147 et
782 5093 975 5163 magis
1006 5091 1149 5147 illud
1178 5097 1387 5149 contra
1414 5108 1510 5148 me
1539 5093 1738 5148 valens
1790 5093 2144 5157 efﬁciebam,

492 5179 677 5235 robur
704 5179 783 5235 illi
809 5180 1040 5237 addens
1096 5195 1200 5252 per
1250 5182 1653 5251 cognitionem
1706 5188 1872 5238 actus
1918 5183 2144 5254 injusti,

492 5273 549 5324 et
582 5268 761 5324 debili
786 5274 841 5324 et
873 5276 1105 5325 mortuo
1138 5270 1290 5327 vires
1319 5278 1373 5325 et
1404 5270 1586 5326 vitam
1644 5273 1960 5328 suscitans.
1998 5274 2144 5328 Cum

494 5361 695 5414 autem
724 5358 878 5422 vixit,
914 5373 1008 5412 me
1038 5358 1270 5413 occidit.
1305 5362 1635 5430 Antequam
1666 5360 1811 5415 illud
1837 5360 1914 5416 ad
1958 5360 2144 5416 vitam

492 5451 886 5510 revocaretur.
914 5446 1183 5502 vivebam
1210 5463 1321 5518 ego
1343 5449 1559 5517 magis.
1586 5449 1734 5505 Illud
1774 5455 1975 5506 autem
2021 5454 2144 5506 erat

492 5542 627 5593 ante
660 5538 843 5609 legem
875 5543 930 5593 et
957 5536 1308 5594 mandatum
1330 5550 1353 5608 ,'
1375 5538 1453 5593 ita
1475 5543 1556 5602 ut,
1585 5540 1862 5611 quamvis
1882 5539 1976 5595 lex
2024 5555 2143 5596 non

2258 5094 2446 5166 μᾶλλον
2476 5094 2638 5152 αὐτὴν
2686 5096 2799 5146 κατ’
2860 5094 3086 5167 ἐμαυτοῦ
3142 5093 3474 5167 ἐπερώννυον,
3533 5095 3702 5167 ἰσχύν

2258 5181 2350 5236 diu
2395 5191 2489 5246 τῆς
2540 5186 2673 5235 κατά
2720 5192 2910 5255 γνῶσιν
2965 5183 3161 5236 ἀτόπου
3207 5183 3440 5256 πράξεως
3507 5183 3883 5259 ἐπιχορηγῶν,

2255 5278 2343 5325 καὶ
2392 5274 2496 5325 οἷον
2546 5272 2732 5332 ἀσθενῆ
2803 5278 2892 5325 καὶ
2948 5277 3322 5347 νενεκρωμένην
3391 5269 3553 5325 οὖσαν
3610 5272 3884 5347 ἐνισχύων

2255 5366 2344 5414 καὶ
2397 5361 2769 5434 ἀναζωπυρῶν.
2812 5362 2871 5415 Ἠ
2925 5360 2984 5414 δὲ
3016 5364 3234 5423 ζήσασα
3281 5360 3367 5433 ἐμὲ
3417 5360 3690 5437 ἐνέκρωσε.
3774 5366 3881 5436 Πρὸ

2257 5447 2315 5503 δε
2372 5458 2462 5503 τοῦ
2514 5449 2777 5514 ἀναζῆσαι
2829 5452 3045 5519 ἐκείνην,
3106 5450 3205 5522 ἐγώ
3250 5451 3378 5511 ἕξων
3428 5452 3646 5523 μᾶλλον.
3700 5460 3877 5505 Τοῦτο

2257 5535 2316 5592 δι
2363 5534 2424 5597 ἧν
2453 5542 2554 5605 πρὸ
2605 5535 2697 5592 τοῦ
2734 5541 2895 5614 νόμον
2937 5545 3024 5593 καὶ
3065 5547 3157 5601 τῆς
3201 5538 3410 5601 ἐντολῆς
3442 5556 3456 5570 ο
3490 5542 3630 5594 ὥστε
3682 5542 3731 5593 εἰ
3786 5547 3877 5593 xui
