4026 6206
142 253 297 308 1237

1075 253 1520 310 FRAGMENTA
1558 253 1629 311 IN
1669 251 2073 313 EPISTOLAM
2109 254 2206 310 AD
2247 254 2615 312 ROMANOS.

3375 256 3517 312 1238

135 383 220 450 μὴ
264 379 289 430 ὁ
342 381 490 449 νόμος
537 377 786 454 ἁμαρτία,
831 378 938 431 ἀλλ’
969 375 1055 431 οὖν
1087 381 1281 432 ἐκείνου
1327 377 1584 449 δοθέντος,
1617 381 1753 432 κατὰ

1878 380 2290 451 sitpeccatum,
2325 380 2438 436 hac
2465 384 2663 437 tamen
2694 378 2851 447 data,
2903 379 3141 438 duobus
3190 381 3388 438 modis
3425 395 3514 437 re-

137 464 253 520 δύο
301 472 524 540 τρόπους
576 469 606 526 ἡ
664 468 895 540 ἁμαρτία
947 467 1212 534 ἀνέζησεν,
1261 469 1421 530 αὐτῆς
1468 488 1521 521 τε
1558 469 1752 530 ἐκείνης

136 555 344 628 μᾶλλον
389 559 516 631 πρὸς
568 556 796 610 ἐπίθεσιν
849 557 1247 620 ἁνακινηθείσης
1299 564 1389 610 καὶ
1474 555 1750 632 διεγερθείσ

140 666 269 713 σης,
325 651 414 700 καὶ
468 648 614 718 ἡμῶν
667 655 728 720 τῇ
778 650 914 700 κατὰ
957 657 1151 719 γνῶσιν
1198 651 1396 720 ἐκτόπῳ
1445 647 1630 722 πράξει
1681 647 1754 699 ἐν-

141 737 494 808 ισχυσάντων
525 735 708 794 αὑτήνο
760 741 848 790 καὶ
875 741 968 796 τήν
1013 739 1128 792 καθ’
1165 740 1311 810 ἡμῶν
1351 736 1626 795 ἐπιϐουλὴν
1660 741 1752 788 σὺν

138 825 428 900 παῤῥησίᾳ
481 829 919 900 παρασχομένην.
1006 826 1142 880 Ἀλλ’
1191 826 1355 886 ἐκείνη
1416 829 1505 899 μεν
1572 824 1754 888 ἀνέζη-

145 933 266 980 σεν,
292 916 395 987 ἐγὼ
420 911 480 968 δε
510 913 779 969 ἀπέθανον.

219 1002 295 1057 Ἦν
352 1005 454 1078 γὰρ
529 1003 759 1078 ἁμαρτία
834 1003 1070 1077 ἀφορμὴν
1154 1003 1405 1060 λαϐοῦσα.
1490 1004 1754 1079 Ἀνωτέρω

145 1092 309 1144 εἰπὼν
367 1093 468 1159 ὅτι,
525 1091 785 1168 Ἀφορμην
845 1092 1081 1147 λαϐοῦσα
1135 1096 1165 1153 ἡ
1236 1094 1485 1170 ἁμαρτία,
1547 1113 1754 1168 κατειρ-

143 1182 365 1252 γάσατο
421 1179 469 1232 ἐν
528 1180 638 1254 ἐμοὶ
694 1188 867 1235 πᾶσαν
932 1181 1231 1256 ἐπιθυμίαν,
1281 1183 1461 1256 ἐπάγει
1516 1185 1617 1251 ὅτι,
1678 1183 1778 1236 Ou"

147 1275 312 1342 μόνον
389 1269 665 1342 ἐπιθυμίαν
726 1277 897 1325 πᾶσαν
977 1275 1378 1347 κατειργάσατο,
1454 1271 1582 1324 ἀλλὰ
1664 1277 1753 1324 καὶ

151 1358 443 1412 ἐθανάτωσε
507 1379 583 1414 us.
641 1359 781 1419 Αὕτη
843 1365 1045 1432 γέγονεν
1100 1363 1170 1423 είς
1221 1363 1456 1416 θάνατον.
1511 1358 1636 1414 Εἶτα
1693 1363 1757 1422 ὡς

155 1451 270 1510 ἔθος
319 1451 462 1520 αὐτῷ
508 1448 679 1508 αἰτίας
726 1451 919 1513 αἰτίαις
970 1455 1240 1523 συνείρειν,
1283 1456 1372 1504 καὶ
1401 1455 1494 1509 τὴν
1543 1449 1758 1503 ἀκολου-

155 1540 273 1592 θίαν
328 1535 615 1592 ἐνδεικύναι
666 1545 754 1592 καὶ
798 1547 896 1592 τῶν
944 1542 1264 1614 πραγμάτων
1309 1543 1356 1592 ἐν
1412 1548 1514 1601 τοῖς
1564 1540 1756 1611 λόγοις,

149 1630 436 1702 ἀνατρέχει
481 1633 570 1681 καὶ
643 1629 822 1687 τίθησί
900 1642 1026 1689 πως·
1113 1632 1500 1700 Κατειργάσατο
1585 1636 1758 1681 πᾶσαν

1862 468 2004 524 vixit
2034 469 2519 540 peccatum.lllud
2539 469 2732 539 magis
2754 469 2831 526 ad
2862 468 3336 542 impugnandum
3369 470 3514 527 inci-

1862 563 2052 613 tatum
2081 564 2136 614 et
2159 558 2494 614 animatum
2523 559 2698 614 nobis
2728 559 2924 615 alieno
2941 561 3278 615 secundum
3310 558 3516 630 cogni-

1862 645 2084 701 tionem
2107 652 2241 703 actu
2265 646 2554 703 valentius
2576 646 2723 702 illud
2737 645 3145 707 efﬁcientibus,
3168 653 3375 703 contra
3398 662 3511 702 nos

1862 735 1922 790 in
1953 736 2244 808 impetum
2271 737 2689 806 audacissime,
2747 737 2935 793 irruit.
2966 737 3082 794 Sed
3102 743 3403 806 peccatum
3430 752 3513 791 re-

1864 825 2034 894 vixit,
2072 841 2174 896 ego
2233 835 2430 883 autem
2467 833 2737 884 mortuus
2767 841 2916 882 sum.

1932 1005 2088 1062 Nam
2115 1011 2416 1076 peccatum
2456 1004 2760 1062 occasione
2807 997 3057 1073 accepta.
3093 1004 3288 1074 Supra
3317 1002 3466 1058 dixit
3499 1019 3512 1061 :

1865 1094 2176 1152 Occasione
2204 1100 2446 1165 accepta
2471 1099 2780 1163 peccatum
2809 1097 3118 1160 operatum
3165 1097 3245 1147 est
3306 1091 3372 1147 in
3425 1106 3518 1148 me

1863 1199 2087 1241 omnem
2114 1183 2664 1253 concupiscentiam.
2704 1181 2899 1250 Addit,
2931 1180 3096 1253 quod
3157 1196 3279 1236 non
3315 1179 3512 1236 solum

1865 1289 2108 1329 omnem
2140 1271 2683 1343 concupiscentiam
2731 1274 3044 1344 operatum
3067 1274 3176 1334 est,
3205 1269 3310 1324 sed
3336 1272 3393 1324 et
3423 1284 3517 1325 oc-

1865 1363 2000 1418 cidit
2029 1377 2145 1417 me.
2173 1361 2322 1417 Illud
2350 1361 2574 1418 factum
2596 1364 2682 1416 est
2706 1360 2767 1415 in
2794 1362 3067 1415 mortem.
3099 1357 3344 1424 Deinde,
3377 1372 3515 1412 cum

1867 1468 2000 1508 mos
2031 1458 2118 1506 est
2157 1451 2236 1507 illi
2265 1467 2475 1507 causas
2506 1451 2701 1506 causis
2727 1464 3059 1512 conserere,
3087 1454 3157 1502 et
3185 1447 3399 1502 seriem
3428 1461 3518 1501 re-

1866 1557 2002 1598 rum
2032 1541 2340 1596 ostendere
2368 1539 2427 1595 in
2445 1537 2873 1608 verbis,relegit
2901 1542 2957 1593 et
2977 1537 3143 1608 ponit
3176 1536 3475 1607 quomodo
3500 1550 3512 1588 :

1870 1630 2196 1699 Operatum
2221 1635 2302 1685 est
2358 1643 2584 1684 omnem
2623 1625 3161 1694 concupiscentiam
3197 1643 3209 1691 ;
3241 1629 3296 1680 et
3325 1622 3467 1679 dicit
3501 1644 3512 1676 :

150 1700 458 1789 ἐπιθυμίαν·
515 1723 604 1770 καί
678 1737 857 1789 φησιν,
909 1716 1030 1769 Ὀτι
1101 1717 1336 1791 ἀφορμὴν
1385 1717 1620 1771 λαϐοῦσα
1682 1718 1758 1782 ἐξ·

1878 1719 2018 1787 Quia
2047 1719 2348 1775 occasione
2385 1720 2622 1786 accepta
2684 1715 2918 1772 seduxit
2977 1729 3086 1770 me.
3148 1712 3310 1777 Dein,
3347 1712 3522 1767 mittit

154 1807 405 1865 ηπάτησέ
448 1826 530 1879 με.
584 1808 729 1860 Εἶται
757 1806 921 1878 ἀφῆκε
951 1811 1006 1860 τό
1035 1808 1326 1883 προρῥηθεν
1355 1816 1481 1862 νοεῖν
1513 1808 1756 1877 ἐνταῦθα,

152 1897 241 1950 ὅτι
286 1895 376 1950 Ἐκ
403 1898 588 1949 τούτου
615 1893 674 1949 δε
721 1896 1003 1970 εἰργάσατο
1033 1902 1128 1956 τὴν
1159 1897 1456 1971 ἐπιθυμίαν,
1485 1904 1576 1952 καὶ
1608 1907 1760 1953 τοῦτο

153 1984 307 2058 ἀφεὶς
407 1985 742 2038 ἐπισυνάπτει
842 1990 897 2040 τὸ
998 1986 1161 2053 τέλος,
1257 1993 1346 2041 καὶ
1447 1988 1754 2043 ἀπέκτεινεν

157 2077 207 2127 ἰν
321 2076 452 2128 κατὰ
507 2079 799 2146 συνέχειαν,
859 2079 902 2128 εἴ
953 2095 1031 2138 τις
1089 2075 1356 2142 ἀναλάϐοι,
1410 2078 1567 2140 οὕτως
1619 2079 1759 2149 αύτῷ

154 2163 444 2235 εἰρημένονδ
520 2164 778 2238 Ἀφορμὴν
847 2163 1082 2217 λαϐοῦσα
1152 2167 1181 2223 ἡ
1251 2165 1482 2240 ἁμαρτία
1553 2187 1756 2240 κατειρο

153 2255 365 2324 γάσατο
408 2251 456 2314 ἐν
509 2251 622 2325 ἐμοὶ
675 2259 848 2305 πᾶσαν
887 2252 1183 2327 ἐπιθυμίαν·
1240 2260 1327 2313 τὴν
1372 2252 1431 2308 δὲ
1482 2254 1758 2328 ἐπιθυμίαν

154 2344 546 2416 κατειργάσατο
594 2341 928 2400 ἀπατήσασα·
992 2346 1317 2417 ἐργασαμένη
1365 2341 1424 2396 δὲ
1463 2349 1556 2403 τὴν
1582 2343 1756 2398 ἐπιθυ-

156 2437 307 2502 μίαν,
356 2430 616 2484 ἀπέκτεινέ
668 2451 731 2504 με
743 2475 756 2486 .

407 1985 742 2038 ἐπισυνάπτει
842 1990 897 2040 τὸ

840 2431 1020 2486 Ἔστιν
1076 2429 1163 2484 οὖν
1224 2431 1397 2491 ἀπάτη
1471 2434 1617 2486 αἰτία
1670 2443 1760 2494 τῆς

156 2518 456 2591 ἐπιθυμίας.
488 2521 546 2574 Ἡ
576 2517 636 2576 δὲ
667 2521 918 2594 ἐπιθυμία
945 2518 1035 2575 τοῦ
1069 2523 1309 2575 θανάτου·
1351 2528 1445 2582 τὴν
1472 2519 1531 2576 δε
1558 2522 1760 2582 ἀπάτην

160 2609 448 2683 εἰργάσατο
479 2606 573 2662 διὰ
617 2619 713 2672 τῆς
751 2609 952 2672 ἐντολῆς
999 2613 1028 2669 ἡ
1082 2611 1331 2684 ἁμαρτία·
1385 2613 1468 2665 ἵνα
1519 2621 1648 2685 φανῇ
1703 2617 1761 2666 τὸ

156 2697 475 2770 ὑπερϐάλλον
522 2707 618 2760 τῆς
661 2705 848 2762 κακίας
895 2700 1075 2769 αὐτῆς,
1129 2697 1224 2753 διὰ
1289 2708 1382 2755 τοῦ
1440 2700 1638 2774 ἀγαθοῦ
1703 2707 1760 2755 τὸ

155 2789 412 2841 κάκιστον
443 2790 758 2863 ἐργαςομένη
768 2811 810 2853 ς.

233 2882 454 2932 Φωτίου.
508 2878 595 2932 Ἐκ
653 2876 894 2954 δευτέρου
953 2875 1013 2932 δε
1091 2881 1182 2952 ἔφη
1240 2883 1320 2945 τὸ,

158 2966 397 3040 ἁμαρτία
475 2967 710 3040 ἀφορμὴν
791 2965 884 3020 διὰ
972 2977 1068 3030 τῆς
1147 2967 1372 3031 ἐντολῆς
1476 2975 1542 3022 τὰ
1631 2970 1762 3023 αὐτὰ

157 3054 413 3117 ποικίλως
436 3058 868 3118 κατασκευάζων
909 3062 996 3110 καὶ
1017 3058 1243 3121 εἰκότως
1273 3059 1500 3130 μεγάλην
1525 3062 1627 3132 γὰρ
1655 3061 1767 3131 εἶχε

164 3141 330 3208 δόξαν
375 3147 402 3197 ὁ
435 3150 603 3217 νόμος.
651 3153 914 3199 Δείκνυσιν
957 3144 1045 3199 οὖν
1071 3147 1225 3199 αὐτὸν
1255 3145 1420 3219 μηδεν
1458 3147 1765 3221 ὠφελοῦντα,

163 3232 276 3285 ἀλλ’
310 3232 363 3286 ἐκ
401 3237 751 3310 περιστάσεως
788 3240 878 3287 καὶ
924 3235 1217 3308 βλάψαντα·
1272 3238 1353 3288 ἵνα
1383 3234 1768 3310 εύπαράδεκτος

160 3327 400 3394 γένηται,
432 3325 712 3400 κηρύσσων
742 3327 800 3376 τὸ
841 3323 1040 3396 ἀφεῖναι
1079 3328 1169 3397 μέν
1198 3325 1374 3390 αὐτὸν,
1407 3322 1767 3401 προσδραμεῖν

164 3409 227 3465 δε
248 3420 311 3484 τῇ
339 3417 521 3465 πίστοι
547 3421 802 3484 Χριστοῦ.

489 3500 650 3555 Ὀστε
675 3503 701 3554 ὁ
731 3505 818 3574 μεν
845 3507 1000 3574 νόμος
1024 3502 1193 3574 ἅγιος,
1236 3523 1288 3557 κ.
1314 3524 1364 3559 τ.
1397 3503 1443 3559 λ.

237 3595 460 3646 Φωτίου.
503 3594 570 3645 Σὺ
621 3588 703 3644 δε.
736 3591 908 3653 ἁπλῶς
968 3590 1197 3645 δύνασαι
1266 3594 1414 3666 ἅγιον
1481 3597 1568 3646 τόν
1614 3599 1766 3665 νόμον

163 3680 346 3734 εἰπεῖν’
415 3681 496 3733 ὅτι
551 3679 822 3753 ἐφύλαττεν
867 3680 969 3734 ἀπὸ
1027 3681 1357 3758 ἀκαθαρσίας
1406 3686 1522 3743 τοὺς
1577 3682 1765 3755 φυλάτ-

161 3789 354 3830 τοντας
407 3773 582 3823 αὐτόν·
640 3766 866 3836 δίκαιον,
929 3773 1008 3822 ὅτι
1060 3775 1177 3832 τοὺς
1227 3776 1316 3844 μὲν
1367 3775 1764 3846 κατορθοῦντας,

162 3856 410 3930 ἠμείϐετο
461 3855 698 3931 δωρεαῖς·
752 3867 861 3919 τοῖς
911 3855 969 3912 δὲ
1039 3860 1468 3934 παραϐαίνουσιν,
1551 3859 1770 3913 ἐπετίθει

161 3951 260 4009 τὰς
285 3953 554 4023 τιμωρίας.
607 3950 849 4019 Ἀγαθὸν,
899 3951 980 4001 ὃτι
1021 3949 1127 4019 ούχ
1156 3945 1409 4021 ἡδόμενος
1464 3957 1580 4010 ταῖς
1613 3969 1770 4020 τιμω-

162 4041 308 4109 ρίαις
355 4040 386 4096 ἧ
443 4036 572 4110 ὀργῇ
623 4043 894 4112 χρώμενος
949 4036 1204 4100 ἐκόλαζεν
1261 4035 1388 4089 ἀλλὰ
1446 4045 1534 4097 τῆς
1603 4037 1770 4089 αὐτῶν

163 4127 330 4178 ἕνεκεν
379 4131 656 4201 σωτηρίας.
710 4131 811 4180 Καὶ
863 4129 938 4178 ἔτι
987 4128 1066 4178 ὃτι
1115 4128 1278 4199 μικρὰ
1330 4127 1646 4196 κατορθοῦσι
1683 4144 1770 4197 με·

161 4215 306 4286 γάλα
356 4214 652 4288 ἐχαρίζετο’
733 4219 822 4268 καὶ
896 4215 1288 4289 ἁμαρτάνοντας
1355 4221 1600 4288 περιεῖπε·
1682 4217 1770 4265 καὶ

165 4303 229 4357 ού
276 4304 391 4356 κατ’
446 4302 595 4366 ἀξίαν
648 4312 746 4356 τῶν
783 4303 1242 4376 πλημμελημάτων
1293 4301 1550 4366 ἐκόλαζεν.
1605 4302 1772 4364 Αὐτὸς

167 4389 230 4444 δε
274 4401 439 4445 ταῦτα
490 4390 852 4468 παραδραμὼν
894 4392 948 4444 ἐκ
1001 4396 1197 4445 τούτων
1254 4396 1589 4466 συμπεραίνει
1627 4391 1771 4464 ἅγιον

1403 2880 1659 2934 Λαϐοῦσα
1727 2884 1757 2940 ἡ

161 4487 260 4534 καὶ
295 4477 495 4534 δίκαιον
548 4488 638 4535 καὶ
695 4480 889 4554 ἀγαθὸν
921 4483 1050 4534 εἶναι
1095 4481 1182 4534 τὸν
1224 4486 1378 4555 νόμον
1427 4483 1456 4541 ἠ
1499 4487 1592 4540 τὴν
1637 4481 1771 4533 ἐντο-

162 4569 286 4628 λήν.
347 4569 430 4633 Ἐξ
483 4570 592 4633 ἐνὸς
639 4575 749 4642 μεν,
804 4573 884 4623 ὅτι
939 4567 1155 4634 ἐδίδαξε
1221 4590 1283 4643 με
1333 4575 1426 4629 τὴν
1490 4570 1768 4645 ἁμαρτίαν·

163 4663 263 4712 καὶ
325 4657 532 4723 ἐπέταξε
578 4668 753 4732 φυγεῖν
811 4660 994 4718 αὐτήν.
1059 4659 1143 4722 Ἐξ
1194 4660 1364 4733 ἐτέρου
1419 4657 1498 4723 δὲ,
1545 4662 1625 4712 ὁτι
1680 4680 1772 4718 κη-

167 4744 390 4819 δόμενος
439 4754 528 4801 καὶ
577 4749 861 4822 φροντίζων
917 4757 1072 4802 τοῦτο
1125 4748 1384 4807 ἐποίησεν,
1441 4748 1614 4820 ’Ἄγιος
1661 4745 1768 4813 οὖν,

164 4839 252 4890 ὅτι
293 4834 525 4903 ἐδίδαξε,
574 4843 663 4891 καὶ
708 4837 912 4900 ἐπέταξε
956 4845 1133 4911 φυγεῖν
1165 4836 1265 4890 ἀπὸ
1292 4846 1382 4898 τῆς
1425 4837 1768 4911 ἀκαθαρσίας.

163 4933 400 4992 Δίκαιος,
457 4929 537 4979 ὅτι
581 4924 802 4991 διδάξας
839 4928 990 4995 οὑτω,
1035 4932 1128 4986 τὴν
1175 4932 1428 5002 τιμωρίαν
1457 4932 1578 4989 τοὺς
1611 4927 1774 5002 ἀμαρ-

163 5019 417 5078 τάνοντας
448 5015 671 5070 ἀπαιτεῖ·
703 5016 893 5088 ἀγαθὸς
915 5014 994 5085 δε,
1027 5019 1108 5069 ὅτι
1133 5022 1222 5069 καὶ
1246 5018 1384 5077 ζωήν
1413 5036 1502 5090 μοι
1529 5020 1770 5090 προνοού-

163 5124 320 5178 μενος
344 5113 511 5159 ταῦτα
549 5105 786 5160 ἐπετελει.

455 5198 526 5248 Τὸ
555 5191 644 5247 οὖν
670 5194 866 5266 ἀγαθὸν
897 5193 1008 5266 ἐμοὶ
1037 5198 1216 5266 γέγονε
1249 5196 1485 5256 θάνατος.

241 5287 456 5338 Φωτίον.
503 5287 573 5338 Τὸ
621 5286 836 5357 μέγεθος
882 5280 940 5336 δέ
981 5283 1200 5342 ἠθέλησε
1257 5280 1427 5346 δειξαι
1472 5291 1559 5344 τῆς
1604 5283 1775 5356 ἁμαρ-

161 5379 308 5436 τίας·
365 5379 454 5427 καὶ
498 5370 678 5432 ἐπειδὴ
743 5375 934 5434 ταύτης
982 5373 1049 5433 εἰς
1096 5378 1281 5426 κακίαν
1343 5373 1519 5446 μεῖξον
1565 5374 1658 5426 οῦκ
1713 5371 1772 5432 ἧν

162 5463 354 5538 εὑρεῖν·
409 5459 481 5516 δι’
531 5463 692 5523 αὐτῆς
736 5465 932 5524 ταύτης
1000 5458 1386 5535 ἐνδεικνύμενος
1428 5465 1492 5514 τὸ
1563 5464 1774 5534 μέγεθος

162 5556 354 5626 φησίνσ
407 5551 518 5607 Ἵνα
561 5560 690 5625 φανῇ
750 5555 998 5625 ἁμαρτία·
1043 5556 1307 5605 τουτέστιν
1353 5552 1434 5604 ἳνα
1479 5551 1768 5625 ἐκκαλυφθῇ

163 5642 338 5703 αὐτῆς
384 5642 410 5694 ὀ
439 5647 542 5704 πᾶς
571 5650 667 5706 τῆς
708 5646 896 5704 κακίας
926 5640 1162 5709 πλοῦτος,
1211 5645 1301 5696 καὶ
1328 5642 1358 5700 ἠ
1405 5641 1565 5714 ἰσχὺς
1609 5639 1771 5702 αὐτῆς

1798 3023 1838 3080 C

1867 1810 1948 1865 ibi
1968 1808 2467 1879 signiﬁcationem
2497 1821 2702 1862 eorum
2725 1820 2856 1876 quae
2873 1809 3047 1859 antea
3073 1803 3321 1866 dixerat,
3351 1801 3517 1872 quod

1869 1916 1941 1956 ex
1969 1900 2408 1970 hocoperatum
2444 1901 2531 1952 est
2568 1910 2811 1950 omnem
2866 1891 3438 1964 concupiscentiam,
3464 1894 3521 1944 et

1867 1988 2013 2046 illud
2037 1988 2274 2044 mittens
2303 1985 2483 2040 ﬁnem
2508 1984 2728 2052 intexit,
2763 1988 2816 2038 et
2865 1982 3100 2050 occidit,
3135 1987 3198 2035 ut
3229 1983 3524 2052 appareat

1868 2077 2236 2141 connexio,si
2261 2075 2394 2147 quis
2409 2073 2518 2129 hoc
2534 2073 2715 2129 modo
2731 2071 2884 2126 dicta
2902 2071 2952 2141 ej
2965 2088 3033 2125 us
3051 2068 3521 2142 perlegat.0cca-

1867 2167 2028 2224 sione
2054 2168 2618 2234 accepta,peccalum
2644 2166 2951 2230 operatum
2973 2160 3134 2214 estin
3164 2172 3255 2213 me
3295 2171 3521 2213 omnem

1867 2254 2413 2326 concupiscentiam.
2424 2251 2908 2322 Concupiscentia
2919 2267 2966 2303 m
2983 2263 3121 2304 vero
3133 2251 3524 2320 operatumest

1869 2345 2234 2412 seducendo,
2267 2349 2322 2399 et
2349 2342 2658 2415 operando
2697 2338 3246 2411 concupiscentiam
3304 2335 3524 2392 occidit

1871 2452 1984 2492 me.
2019 2432 2296 2490 Seductio
2339 2432 2514 2502 igitur
2569 2445 2754 2486 causa
2799 2434 2888 2485 est
2973 2425 3520 2497 concupiscentia;

1870 2523 2354 2596 concupiscentia
2393 2527 2590 2576 autem
2650 2518 2875 2574 mortis.
2939 2516 3351 2573 Seductionem
3388 2528 3522 2568 vero

1869 2621 2173 2685 operatum
2189 2617 2275 2668 cst
2293 2627 2400 2684 per
2413 2608 2762 2665 mandatum
2779 2610 3094 2678 peccatum
3112 2623 3128 2675 ;
3159 2609 3224 2659 ut
3248 2601 3524 2658 ostende-

1871 2707 2028 2758 retur
2065 2701 2302 2758 malitiae
2342 2698 2468 2770 ejus
2507 2695 2904 2761 immensitas,
2959 2709 3098 2749 cum
3150 2707 3257 2766 per
3303 2691 3524 2747 bonum

1870 2791 2204 2864 pessimum
2228 2793 2524 2861 operetur.

1941 2880 2160 2937 Photii.
2178 2877 2456 2934 Secundo
2485 2878 2685 2931 autem
2715 2873 2896 2929 dixit:
2932 2870 3248 2927 Occasione
3293 2872 3525 2937 accepta

1867 2986 1977 3040 per
2003 2969 2374 3032 mandatum,
2408 2970 2721 3037 peccatum.
2755 2963 2976 3017 Eadem
3016 2959 3183 3014 vario
3217 2957 3398 3014 modo
3430 2972 3526 3012 ex-

1873 3073 2142 3132 ponens;
2175 3060 2233 3112 et
2258 3055 2469 3111 merito
2503 3071 2514 3109 :
2547 3066 2826 3122 magnam
2845 3049 3006 3104 enim
3043 3046 3254 3103 habuit
3283 3045 3525 3102 laudem

1873 3148 1987 3204 lex.
2049 3145 2316 3203 Ostendit
2361 3144 2536 3215 igitur
2565 3157 2701 3198 eam
2731 3139 2878 3194 nihil
2917 3136 3238 3209 profuisse,
3295 3134 3400 3191 sed
3453 3149 3526 3189 ex

1875 3235 2321 3293 circumstantia
2366 3232 2544 3289 etiam
2574 3229 2851 3287 nocuisse
2881 3247 2892 3296 ;
2923 3231 2984 3282 ut
3012 3226 3210 3283 clarus
3233 3224 3523 3288 videatur,

1873 3326 2122 3400 quando
2138 3324 2423 3397 praedicat
2446 3321 2611 3378 illam
2629 3319 2880 3376 desiisse
2901 3317 3042 3372 ﬁdei
3071 3314 3282 3371 Christi
3308 3327 3526 3386 praece-

1875 3415 2136 3472 dentem.

2033 3505 2207 3558 Vitas.
2233 3503 2318 3557 l2.
2353 3501 2554 3572 Itaque
2580 3501 2678 3556 tea:
2713 3496 2946 3568 quidem
2968 3497 3195 3564 sancta,
3238 3495 3346 3547 etc.

1944 3593 2161 3649 Photii.
2191 3594 2272 3647 Tu
2294 3589 2562 3646 absolute
2585 3586 2804 3659 poteris
2821 3587 3092 3640 sanctam
3106 3583 3298 3652 legem
3309 3578 3525 3641 dicere,

1876 3683 2041 3755 quod
2067 3677 2541 3738 abimmunditia
2576 3673 2955 3731 custodiebat
2992 3675 3300 3728 servantes
3339 3667 3526 3732 illam,

1871 3773 2121 3846 justam,
2155 3767 2320 3842 quod
2348 3772 2505 3823 recte
2557 3769 2804 3835 agentes
2851 3761 3027 3819 donis
3083 3756 3526 3846 remunerabat,

1880 3867 2352 3929 transgressores
2383 3860 2577 3910 autem
2643 3851 2838 3925 poenis
2889 3850 3224 3912 multabat;
3277 3845 3529 3908 bonam,

1880 3949 2039 4020 quod
2077 3962 2198 4003 non
2226 3944 2420 4017 poenis
2461 3948 2518 3999 et
2544 3943 2632 3996 ira
2662 3940 2932 4011 gaudens
2961 3938 3181 4009 quibus
3231 3933 3526 3997 utebatur,

1880 4035 2180 4108 puniebat,
2215 4033 2318 4090 sed
2348 4031 2425 4088 ad
2448 4027 2892 4102 procurandam
2937 4040 3143 4081 eorum
3171 4022 3442 4089 salutem,
3475 4025 3532 4076 et

1880 4123 2155 4196 amplius,
2181 4121 2343 4194 quod
2369 4135 2552 4192 parva
2563 4118 2715 4173 bene
2735 4118 2976 4185 agentes
2990 4111 3224 4182 magnis
3237 4109 3529 4173 donabat,

1880 4221 1937 4272 et
1955 4218 2317 4287 pcccatores,
2346 4222 2540 4280 neque
2571 4206 2787 4278 dignas
2817 4202 3053 4259 illorum
3067 4198 3296 4256 delictis
3319 4212 3532 4287 pcenas

1881 4284 2180 4360 sumebat.
2213 4299 2311 4354 Ille
2338 4302 2538 4353 autem
2559 4295 2674 4351 ista
2703 4305 3056 4365 percurrens
3086 4305 3156 4344 ex
3177 4287 3270 4343 his
3295 4284 3530 4342 conclu-

1880 4393 1966 4449 dit
1997 4396 2287 4454 sanctam,
2306 4388 2535 4458 justam
2559 4391 2614 4440 et
2629 4383 2856 4439 bonam
2879 4395 3006 4436 esse
3029 4379 3221 4447 legem
3247 4382 3533 4432 autman-

1881 4483 2093 4538 datum
2129 4496 2141 4534 :
2175 4494 2246 4534 ex
2283 4492 2405 4532 uno
2427 4474 2695 4546 quidem,
2721 4469 2887 4544 quod
2917 4467 3117 4524 didicit
3144 4465 3287 4521 mihi
3326 4479 3534 4537 pecca-

1882 4575 2030 4634 tum,
2073 4573 2130 4624 et
2150 4565 2507 4640 praecepitut
2525 4561 2672 4617 illud
2685 4560 2954 4630 fugerem
2983 4573 3081 4624 ;ex
3102 4554 3286 4611 altero
3308 4556 3529 4617 autem,

1882 4660 2046 4734 quod
2073 4658 2262 4714 libens
2277 4659 2334 4711 et
2347 4652 2669 4709 consulens
2686 4650 2801 4705 hoc
2819 4647 3180 4734 egit.Sancta
3197 4640 3532 4734 ergo,quod

1882 4729 2106 4818 didicit,
2139 4751 2196 4802 et
2239 4742 2519 4817 praacepit
2571 4745 2636 4795 ut
2683 4738 2950 4807 fugerem
3004 4734 3077 4790 ab
3126 4729 3528 4801 immunditia,

1878 4838 2062 4910 justa,
2095 4834 2280 4909 quod,
2312 4836 2632 4905 postquam
2666 4827 2746 4882 sic
2789 4824 3016 4892 didicit,
3055 4837 3265 4896 prunas
3294 4820 3370 4876 de
3398 4833 3533 4910 pec:

1883 4905 2160 4984 cantibus
2197 4922 2396 4990 sumit,
2442 4920 2607 4976 bona
2669 4919 2891 4981 autem,
2940 4911 3099 4984 quod
3157 4909 3337 4966 vitam
3386 4905 3532 4963 mihi

1883 5015 2206 5088 providens
2237 5013 2359 5068 haec
2385 5006 2640 5082 perfecit.

1993 5192 2160 5262 Quod
2185 5207 2318 5262 ergo
2349 5188 2558 5244 bonum
2589 5189 2691 5249 est,
2720 5181 2872 5240 mihi
2891 5180 3122 5251 factum
3136 5183 3217 5234 est
3247 5191 3427 5234 mors.

1953 5283 2169 5341 Photii.
2198 5275 2663 5349 Magnitudinem
2693 5271 2878 5328 voluit
2901 5268 3216 5326 ostendere
3255 5264 3483 5339 peccati
3511 5279 3524 5319 :

1883 5377 1939 5429 et
1965 5373 2256 5445 quoniam
2283 5367 2430 5424 nihil
2451 5363 2700 5421 inveniri
2731 5364 2933 5434 posset
2962 5359 3057 5415 illo
3087 5358 3284 5429 majus
3301 5356 3532 5445 ad‘ma-

1881 5443 2008 5518 lum
2029 5457 2498 5533 procurandum.
2533 5450 2797 5526 perillud
2821 5448 3216 5522 ipsumipsius
3241 5443 3529 5501 exhibens

1883 5548 2360 5621 magnitudinem
2434 5543 2576 5600 dicit
2631 5563 2643 5602 ε
2721 5541 2795 5599 Ut
2862 5543 3154 5610 appareat
3197 5539 3527 5621 peccatum,

1882 5640 1943 5697 id
1971 5615 2076 5705 est,
2109 5644 2171 5696 ut
2206 5635 2539 5695 revelantur
2562 5633 2718 5692 illius
2740 5630 3038 5689 malorum
3077 5623 3350 5682 omnium
3379 5615 3525 5674 divi-
