4060 6218
473 250 610 305 1239

470 374 585 440 tite,
615 379 671 430 et
695 372 851 429 illius
883 372 1067 429 robur
1093 372 1257 445 quod
1289 374 1348 428 in
1373 374 1508 447 ipso
1539 378 1627 430 est
1658 390 1672 440 ;
1741 379 2028 444 tanquam
2055 374 2117 426 ut
2148 372 2189 424 A

470 464 635 536 quod
666 470 856 520 totum
887 468 992 529 est,
1034 470 1223 519 totum
1267 464 1580 520 manifeste
1629 467 1938 537 appareat.
1972 462 2115 516 Cum

470 554 629 609 enim
660 553 954 609 malorum
984 552 1238 609 aliorum
1267 553 1744 623 magnitudinem
1767 565 2118 622 comparare

470 643 772 707 volumus,
797 657 1118 714 possumus
1146 642 1307 697 aliud
1333 643 1478 715 quid
1510 643 1768 714 adjicere
1822 640 1902 696 illi
1952 638 2117 711 quod

470 731 829 801 afﬂigimur;
865 736 921 786 ut
944 732 1233 787 scelestus
1274 738 1399 788 erat
1425 732 1482 787 in
1508 736 1745 789 tantum
1784 730 1946 795 Cain,
1975 728 2116 800 quia

472 821 744 877 fatricida
774 820 962 877 factus
991 826 1094 891 est,
1126 826 1182 876 et
1210 821 1329 877 Deo
1384 822 1611 893 primus
1664 819 1948 876 mentitus
2004 821 2114 872 est.

471 909 535 965 Et
555 925 783 975 rursus,
812 925 934 965 non
954 924 1059 981 per
1077 910 1487 981 prodigiorum
1509 909 1913 967 ostensionem
1929 906 2119 963 addu-

472 1003 602 1054 ctus
631 999 961 1055 estharao
983 998 1060 1054 ad
1091 998 1473 1056 liberandum
1499 999 1816 1065 lsraelitas,
1861 1002 1922 1053 ut
1952 995 2117 1052 exhi-

468 1087 685 1144 beatur
752 1087 891 1144 ilius
957 1088 1263 1144 sententia;
1325 1089 1642 1145 crudelitas
1689 1094 1745 1145 et
1809 1088 2015 1145 odium
2056 1087 2117 1142 in

472 1179 657 1233 Deum
688 1182 785 1248 ;et
815 1176 876 1231 in
907 1178 1130 1233 caeteris
1180 1177 1361 1233 idem.
1413 1181 1561 1235 Nam
1625 1177 1872 1234 inveniri
1926 1180 2118 1249 potest

471 1265 697 1337 aliquid
737 1267 1021 1337 praesenti
1054 1265 1212 1322 malo
1232 1266 1426 1339 pejus,
1463 1267 1632 1339 cujus
1683 1265 2116 1338 perpetratione

469 1354 575 1428 qui
602 1354 794 1423 inique
809 1359 1136 1425 operantur
1148 1355 1505 1412 conveniens
1530 1355 2116 1425 malignitatinomen

472 1444 789 1516 accipiunt.
815 1445 1129 1499 Peccatum
1159 1450 1380 1511 autem,
1412 1462 1549 1501 cum
1575 1446 1697 1511 illo,
1732 1450 1796 1501 ut
1829 1444 2113 1509 diximus,

470 1532 617 1589 nihil
641 1535 813 1604 pejus
864 1533 1113 1589 inveniri
1157 1540 1369 1606 potest,
1411 1535 1614 1607 ipsum
1645 1550 1707 1590 se
1747 1549 1851 1605 per
1880 1550 1941 1589 se
1969 1533 2121 1588 desi-

469 1626 913 1694 gnat;amaram
936 1628 992 1678 et
1018 1623 1296 1679 acerbam
1330 1623 1507 1679 simul
1538 1623 2120 1694 gravitatem,tyran-

470 1711 791 1782 nicamque
822 1715 877 1764 et
903 1710 1179 1767 invictam
1213 1712 1335 1767 vim
1379 1712 1653 1768 ostendit.
1703 1713 1849 1768 Cum
1902 1711 2119 1766 certius
2153 1716 2198 1772 Β

473 1798 762 1856 censuerit
807 1799 921 1854 dici
978 1816 1078 1871 per
1132 1800 1390 1856 nominis
1448 1801 1859 1871 tautologiam,
1906 1800 2117 1856 iterum

471 1902 695 1944 nomen
734 1888 1070 1955 reassumit,
1109 1888 1251 1945 dicit
1280 1890 1438 1945 enim
1467 1890 1777 1962 epithetice
1823 1906 1835 1944 :
1864 1890 2120 1945 Peccans

444 1982 795 2049 peccatum.
870 1977 1207 2033 Acerbitatis
1282 1978 1612 2048 designatio
1689 1978 1965 2035 absoluta
2008 1985 2116 2034 est.

474 2065 868 2135 Cognominat
890 2071 945 2121 et
1002 2082 1123 2121 non
1145 2066 1394 2123 omnino
1426 2082 1460 2122 a
1478 2067 1721 2123 nomine
1745 2067 2017 2124 abscedit
2060 2068 2119 2123 in

471 2171 595 2225 quo
651 2158 853 2211 autem
903 2155 1114 2211 solutio
1160 2171 1292 2211 esse
1340 2156 1590 2222 videtur,
1619 2158 1742 2213 vim
1788 2157 1957 2212 addit
1975 2156 2121 2227 adji-

472 2245 660 2315 ciens,
690 2260 877 2314 supra
907 2245 1134 2302 modum
1164 2262 1177 2311 ;
1205 2250 1263 2301 et
1300 2245 1383 2301 ita
1414 2246 1673 2317 apertius
1723 2246 1898 2300 simul
1928 2252 1982 2302 et
2001 2245 2123 2301 for-

474 2333 606 2400 tius,
647 2334 1032 2391 acerbitatem
1057 2350 1299 2408 quoque
1312 2335 1679 2405 exprimente
1711 2350 1985 2391 sermone
2014 2333 2120 2391 uti-

472 2427 567 2478 tur
595 2422 798 2478 dicens
831 2440 844 2477 :
880 2424 951 2480 Ut
1004 2425 1110 2492 ﬁat
1134 2439 1317 2494 supra
1348 2424 1587 2480 modum
1644 2438 1896 2494 peccans
1920 2438 2123 2493 pecca-

475 2518 620 2567 tum.

609 2688 777 2744 Vens.
816 2692 898 2744 16.
929 2689 996 2746 Si
1023 2695 1220 2746 autem
1260 2690 1418 2761 quod
1447 2692 1604 2756 nolo,
1636 2691 1797 2747 illud
1819 2693 1996 2763 facio.

546 2778 759 2834 Photii.
787 2777 872 2833 Tu
906 2794 1039 2833 vero
1068 2778 1210 2833 mihi
1239 2779 1321 2834 sic
1351 2779 1530 2836 verba
1557 2780 1903 2852 patefacias.
1964 2782 2123 2836 Post-

473 2883 659 2939 quam
689 2867 1069 2923 venundatus
1089 2872 1144 2924 et
1173 2868 1283 2923 sub
1310 2873 1556 2940 peccato
1583 2868 1773 2924 factus
1804 2876 1889 2925 est
1913 2868 2116 2935 homo,

473 2972 593 3011 non
624 2957 929 3027 cognoscit
957 2956 1122 3028 quod
1144 2962 1443 3028 operatur,
1494 2958 1645 3029 turpi
1691 2957 2121 3014 consuetudine

474 3044 722 3101 omnino
749 3044 829 3100 illi
856 3045 1224 3109 dominante,
1259 3060 1453 3118 neque
1486 3047 1889 3103 consentiente
1948 3053 2010 3102 ut
2041 3047 2119 3102 vi-
2160 3069 2200 3126 ρ

473 3134 613 3189 deat
674 3134 902 3190 malum
934 3150 1068 3189 esse
1090 3134 1255 3206 quod
1313 3135 1453 3206 agit.
1502 3136 1906 3201 Quamobrem
1955 3136 2120 3208 quod

475 3223 716 3289 odisset,
738 3224 787 3279 si
825 3223 1103 3280 innoxius
1143 3229 1199 3279 et
1230 3223 1377 3280 liber
1407 3229 1582 3291 esset,
1614 3231 1669 3281 et
1690 3225 1849 3297 quod
1876 3241 1998 3282 non
2026 3226 2121 3281 eli-

477 3318 654 3382 geret.
686 3312 822 3368 illud
852 3313 1033 3383 eligit.
1081 3314 1210 3369 Jam
1253 3314 1628 3371 venundatus
1694 3322 1750 3371 et
1800 3331 1921 3371 non
1979 3331 2123 3370 suus

477 3401 621 3470 agit.
664 3403 718 3458 Si
745 3418 887 3458 vero
912 3402 1059 3457 liber
1088 3407 1144 3457 et
1176 3402 1455 3459 innoxius
1492 3409 1547 3459 et
1588 3420 1754 3460 meus
1777 3404 1986 3469 forem,
2013 3420 2125 3459 non

477 3489 751 3557 eligerem
782 3507 910 3559 quae
941 3506 1102 3545 nunc
1132 3490 1307 3548 facio.
1342 3494 1640 3548 consentio
1683 3494 1800 3563 legi
1844 3493 2125 3563 quoniam

478 3578 631 3633 bona
655 3584 760 3632 est.
790 3579 895 3634 Illa
925 3579 1085 3633 enim
1112 3580 1411 3648 utfugiam
1449 3581 1590 3635 mihi
1622 3583 1933 3647 consentit,
1966 3598 2127 3653 quae,

477 3666 623 3721 dum
658 3667 847 3734 egoin
882 3667 1125 3738 propria
1191 3674 1421 3723 naturai
1467 3669 1737 3725 libertate
1791 3686 2014 3735 versor,
2042 3671 2127 3726 fu-

479 3754 698 3823 gienda
725 3755 926 3809 censui
956 3755 1271 3811 etodibilia
1301 3772 1451 3813 esse.
1487 3759 1607 3814 Non
1634 3758 1899 3829 intelligo
1923 3760 2126 3829 igitur,

478 3842 780 3898 evidenter
798 3844 1310 3909 venundatusmon
1333 3847 1485 3902 enim
1501 3847 1660 3918 quod
1673 3848 1967 3913 volo,dum
1982 3848 2130 3904 liber

480 3948 635 3998 sum,
655 3933 760 3989 hoc
784 3934 950 4003 facio
981 3950 1158 4001 nunc,
1184 3952 1318 3991 cum
1365 3937 1761 4006 venundatus,
1816 3955 1953 3995 sum
1982 3955 1994 4004 ;
2030 3939 2131 3995 sed

475 4021 635 4092 quod
662 4023 781 4089 odi,
810 4023 954 4078 dum
986 4024 1135 4079 liber
1155 4041 1309 4092 sum,
1348 4026 1504 4081 illud
1522 4027 1682 4096 facio
1710 4028 1857 4083 dum
1915 4045 2132 4084 venun-

478 4113 653 4169 datus
684 4129 840 4170 sum.
872 4113 941 4169 Si
961 4129 1096 4169 vero
1117 4115 1271 4185 quod
1292 4118 1422 4171 nolo
1448 4116 1594 4171 dum
1619 4115 1769 4171 liber
1796 4134 1950 4184 sum,
1977 4118 2132 4173 illud

474 4201 655 4270 facio,
691 4201 839 4255 dum
872 4202 1247 4258 venundatus
1287 4220 1441 4267 sum,
1477 4206 1772 4260 consentio
1822 4207 1956 4277 legi,
1986 4207 2131 4262 dum

479 4288 632 4345 liber
659 4306 813 4354 sum,
848 4291 986 4361 quia
1005 4290 1153 4346 bona
1179 4299 1279 4348 est.
1310 4292 1503 4364 Opera
1524 4294 1680 4348 enim
1720 4293 1867 4364 legis
1918 4294 2134 4361 volo,et

480 4393 603 4433 non
630 4394 765 4450 quae
799 4393 957 4434 nunc
998 4379 1170 4435 facio.

550 4475 717 4533 Veas.
742 4478 827 4530 2t.
854 4477 1089 4533 Invenio
1111 4477 1298 4603 igbitur
1323 4479 1752 4604 tegeinmolenti
1763 4482 1907 4539 mihi
1924 4483 2131 4552 facere

1188 4564 1389 4604 onum.
1414 4566 1444 4604 e
1474 4567 1520 4604 c.

1188 4564 1389 4618 onum,
1414 4564 1520 4605 etc.

549 4637 772 4693 Photii.
807 4637 1105 4709 Intelligas
1126 4645 1327 4694 autem
1358 4639 1460 4694 sic.
1498 4642 1577 4695 Ex
1608 4640 1699 4695 his
1728 4656 1863 4712 quae
1893 4642 2126 4708 dixi,in-

479 4726 749 4800 quit,hoc
768 4726 913 4782 mihi
928 4726 1380 4791 concluditur,et
1397 4728 1539 4783 illud
1558 4730 1788 4786 invenio
1809 4732 1992 4802 legem
2013 4748 2130 4789 esse

478 4814 745 4886 legemin
772 4815 1001 4871 bonum
1017 4817 1237 4872 volenti
1249 4816 1396 4873 mihi
1420 4818 1623 4884 facere
1656 4819 1957 4887 bonum;et
1982 4820 2129 4879 illud

477 4907 669 4962 solum
694 4910 932 4978 gratum
963 4910 1069 4962 est.
1099 4906 1311 4961 Malum
1359 4907 1519 4963 enim
1572 4908 1807 4965 invenio
1846 4912 2128 4982 quoniam

479 4995 744 5050 similiter
774 4996 924 5051 mihi
944 4996 1180 5066 adjacet
1215 5000 1300 5062 ;et
1327 5012 1445 5052 non
1478 4997 1685 5053 melior
1715 4998 1903 5056 factus
1934 5018 2129 5059 essem

479 5099 549 5139 ex
582 5083 727 5153 lege,
760 5086 873 5140 nisi
929 5086 1121 5158 magis
1174 5085 1529 5142 damnum..
1576 5127 1588 5139 .
1637 5128 1687 5142 ..
1747 5090 2127 5162 recepissem,

479 5172 642 5244 quia,
667 5177 727 5227 ut
758 5173 1032 5244 adjaceat
1058 5174 1201 5231 mihi
1231 5180 1286 5231 et
1332 5175 1505 5247 quasi
1557 5179 1804 5250 pr0pius
1877 5181 2019 5236 mihi
2059 5182 2133 5239 sit

480 5260 731 5324 malum,
766 5262 888 5317 hth
910 5262 1906 5337 praebuitoccasionem.Lexigitur,
1937 5271 2131 5328 solum

475 5348 572 5405 lex
605 5347 756 5405 facta
788 5356 879 5404 est
910 5349 1054 5405 mihi
1082 5352 1142 5407 in
1185 5353 1440 5420 bonum,
1487 5354 1651 5411 aliud
1703 5361 1907 5414 autem
1962 5359 2128 5416 nihil.

480 5438 650 5496 Unde
665 5437 911 5495 evidens
942 5443 1046 5504 est,
1074 5441 1239 5511 quod
1266 5442 1491 5499 malum
1520 5444 1667 5501 mihi
1690 5445 1793 5503 tali
1827 5448 2009 5506 modo
2031 5450 2131 5508 ad-

2163 4422 2207 4476 D

1742 246 1983 304 PHOTII
2023 244 2504 304 PATRIABCHE
2542 249 2648 305 (ΣΡ.

3702 249 3728 303 1
3739 248 3846 305 240

2226 374 2255 430 ἠ
2291 371 2337 424 ἐν
2393 373 2549 447 αὐτῇ.
2600 372 2720 426 Οἶον
2752 374 2819 425 ἶν’
2862 374 2985 446 ὅπερ
3037 371 3177 424 ἐστὶν
3217 369 3307 428 ὅλη
3363 373 3427 432 ὡς
3478 370 3567 430 ὅλη
3620 376 3836 443 γένηται

2225 461 2468 534 ἐκφανής.
2523 462 2642 515 Ἐπὶ
2689 464 2779 535 μὶν
2829 465 2931 536 γὰρ
2990 470 3090 513 τῶν
3157 459 3320 512 ἄλλων
3372 459 3662 533 ὑπερϐολήν
3723 481 3839 513 τινα

2227 551 2446 612 θέλοντες
2499 560 2865 625 παραστῆσαι,
2935 548 3206 621 δυνάμεθα
3270 549 3393 601 ἄλλο
3441 569 3493 601 τι
3574 549 3834 623 ἐπιφέρειν

2225 648 2295 711 τῷ
2343 636 2704 714 διασυρομένῳ
2753 641 2837 712 ὑφ’
2897 642 3063 711 ἡμῶν
3119 640 3225 691 οἷον
3264 642 3457 710 μιαρός
3484 635 3545 697 ἦν
3577 640 3660 690 ἐπὶ
3716 658 3839 691 τοσο

2225 736 2372 782 οῦτον
2426 732 2452 781 6
2506 732 2654 783 καίν’
2708 730 2787 781 ὅτι
2836 734 2927 780 καὶ
3004 724 3379 800 ἀδελφοκτόνος
3435 731 3649 798 εγενετο⁸
3747 734 3839 780 καὶ

2227 821 2355 872 Θεὸν
2404 827 2607 893 πρῶτος
2665 817 2943 889 ἐψεύσατο.
3010 822 3111 871 Καὶ
3162 816 3338 882 πάλιν,
3393 813 3517 869 οὐδὲ
3559 819 3692 889 μετὰ
3741 823 3836 875 τὴν

2224 916 2323 960 τῶν
2352 912 2636 981 τεραστίων
2686 903 2935 970 ἐπίδειξιν
2988 905 3289 979 παρεκλήθη
3343 911 3528 979 Φαραὼ
3568 906 3838 959 ἀπολῦσαι

2226 1000 2343 1058 τοὺς
2402 996 2751 1071 Ἰσραηλίτας·
2810 997 2891 1048 ἶνα
2947 1003 3077 1067 φανῇ
3135 997 3298 1047 αὑτοῦ
3380 997 3438 1047 τό
3523 995 3663 1066 ὠμὸν
3749 1004 3840 1055 τῆς

2224 1092 2432 1158 γνώμης
2481 1090 2569 1137 καὶ
2619 1087 2873 1158 θεομισές·
2943 1089 3031 1136 καὶ
3075 1086 3160 1136 ἐπὶ
3208 1092 3308 1135 τῶν
3393 1083 3555 1136 ἄλλων
3623 1085 3836 1156 ὁμοίως.

2224 1172 2375 1226 Ἐστι
2429 1176 2531 1247 γὰρ
2590 1175 2751 1249 εὑρεῖν
2819 1193 2870 1225 τι
2918 1180 3096 1248 χεῖρον
3151 1180 3251 1225 τῶν
3326 1174 3694 1244 ὑποκειμένων,
3780 1173 3841 1224 οὗ

2225 1267 2577 1335 μετασχόντες
2627 1265 2676 1315 οἱ
2722 1266 3122 1335 πονηρευόμενοι
3169 1263 3257 1322 τὰς
3295 1262 3411 1313 κατ’
3458 1265 3620 1314 ἐκεῖνο
3673 1280 3845 1335 προσ-

2228 1357 2442 1425 ηγορίας
2498 1350 2856 1424 ἐπιδέχονται.
2906 1353 3023 1405 Ἐπὶ
3083 1347 3141 1404 δί
3197 1359 3289 1411 τῆς
3367 1351 3644 1424 ἁμαρτίας,
3727 1350 3841 1403 ἐπεὶ

2226 1443 2441 1505 ταύτης,
2492 1443 2557 1502 ὡς
2614 1444 2820 1513 ἔφημεν,
2882 1440 2975 1492 οὐκ
3023 1443 3137 1492 ἔστι
3192 1446 3372 1514 χεῖρον
3431 1441 3614 1513 εὑρεῖν·
3671 1438 3842 1499 αὐτῆς

2228 1531 2300 1602 ἐφ’
2374 1530 2562 1592 ἑαυτῆς
2599 1534 2954 1605 κατηγόρησε.
3012 1536 3216 1602 Πικρῶς
3293 1528 3403 1601 ἅμα
3460 1533 3550 1580 καὶ
3606 1524 3843 1602 δριμέως

2227 1623 2313 1671 τὸν
2371 1621 2522 1692 ὄγκον
2575 1619 2755 1687 αὐτῆς,
2810 1624 2900 1671 καὶ
2947 1622 3004 1671 τὸ
3056 1621 3357 1693 τυραννικὸν
3414 1617 3527 1690 ἅμα
3580 1622 3673 1669 καὶ
3752 1616 3843 1668 ἂν.

2228 1708 2544 1783 υπέρϐλητον
2605 1704 3006 1780 ἐνδεικνύμενος.
3090 1707 3235 1759 Ἐπεὶ
3308 1703 3367 1759 δε
3451 1705 3842 1778 ἀσφαλέστερόν

2226 1817 2331 1858 πως
2387 1794 2557 1860 ἔδοξεν
2611 1797 2853 1869 εἰρῆσθαι
2916 1804 2979 1869 τῇ
3036 1795 3351 1867 ταυτολογίᾳ
3418 1802 3510 1848 τοῦ
3559 1794 3840 1866 ὀνόματος-

2228 1886 2381 1939 πα’λιν
2422 1883 2481 1939 δὲ
2527 1884 3043 1958 μεταλαμϐανομένου
3101 1891 3193 1936 τοῦ
3240 1884 3508 1953 ὀνόματος.
3562 1882 3699 1956 Ἔφη
3736 1886 3840 1954 γὰρ

2229 1978 2551 2048 παρωνύμως
2605 1973 2908 2048 ἁμαρτωλὸς
2975 1976 3004 2032 ἡ
3078 1974 3328 2049 ἁμαρτία.
3412 1973 3471 2025 Ἣ
3553 1981 3649 2032 τῆς
3725 1969 3843 2043 δριο

2229 2068 2459 2137 μύτητος
2524 2061 2735 2127 ἰνδειξις
2814 2062 3060 2126 ἐξελύετο.
3146 2062 3509 2135 Παρονομάξει
3751 2067 3841 2113 καὶ

2229 2154 2287 2207 οὐ
2345 2153 2547 2216 τελείως
2618 2152 2904 2225 ἀφίσταται
2970 2160 3061 2204 τοῦ
3142 2151 3415 2224 ὀνόματος.
3504 2152 3586 2203 Ἐν
3784 2147 3841 2203 δι

2230 2242 2532 2296 ἑκλελῠσθαι
2578 2239 2768 2305 ἐδόκει,
2823 2245 2966 2294 τόνον
3012 2240 3193 2313 ἐπάγει
3258 2248 3321 2312 τῇ
3397 2242 3682 2314 προσθήκῃ
3747 2247 3839 2291 τοῦ

2229 2333 2346 2386 καθ’
2395 2330 2699 2405 ὑπερϐολήν
2755 2336 2844 2383 καὶ
2903 2332 3060 2391 οὕτως
3109 2330 3192 2382 ἐπὶ
3240 2334 3299 2382 τὸ
3356 2334 3676 2401 σαφέστερον

2230 2426 2319 2474 καὶ
2375 2424 2590 2484 ἔντονον,
2651 2425 2737 2473 καὶ
2800 2428 2890 2473 τοῦ
2947 2416 3169 2493 δριμέως
3247 2418 3551 2491 ἐμφαντικὸν
3615 2418 3837 2489 μεταλα·

2232 2510 2330 2564 ϐὼν
2376 2514 2460 2563 τόν
2506 2510 2657 2581 λόγον
2706 2514 2890 2583 φησίν·
2944 2510 3054 2563 Ἱνα
3101 2513 3316 2581 γένηται
3366 2509 3482 2561 καθ’
3547 2507 3839 2582 ὑπερϐολὴν

2232 2598 2535 2676 ἁμαρτωλός
2555 2602 2584 2658 ἠ
2620 2599 2871 2674 ἁμαρτία.

2615 2689 2673 2742 Εἰ
2700 2686 2759 2741 δι
2779 2690 2805 2740 6
2840 2687 2899 2740 οὐ
2928 2687 3072 2750 θελω,
3101 2694 3257 2740 τοῦτο
3297 2695 3448 2739 ποιῶ·

2302 2782 2525 2833 Φωτίου,
2592 2782 2657 2829 Σὺ
2704 2775 2762 2831 δέ
2807 2797 2896 2849 μοι
2960 2777 3095 2829 οὕτω
3146 2773 3483 2829 διαλεύκανον
3538 2778 3605 2827 tu
3677 2777 3838 2849 ῥητά·

2230 2870 2375 2921 Μετὰ
2416 2871 2473 2919 τὸ
2523 2871 2787 2941 πραθῆναι
2841 2872 2931 2920 καὶ
2969 2869 3211 2937 γενέσθαι
3263 2869 3363 2919 ὑπὸ
3420 2870 3514 2925 τὴν
3574 2865 3837 2940 ἁμαρτίαν

2230 2962 2316 3009 τὸν
2374 2957 2659 3030 ἄνθρωπον,
2719 2957 2777 3009 οὐ
2842 2962 3088 3025 γινώσκει
3156 2957 3183 3008 ὃ
3261 2953 3665 3030 κατεργᾶξεται·
3751 2963 3839 3014 τῆς

2233 3049 2507 3107 συνηθείας
2535 3051 2624 3107 τὴς
2666 3046 2917 3120 αἰσχρᾶς,
2952 3045 3213 3106 παντελῶς
3253 3045 3413 3097 αὐτοῦ
3452 3045 3837 3117 κυριευσιίσης,

2230 3142 2320 3188 καὶ
2349 3140 2419 3208 μὴ
2455 3139 2848 3209 συγχωρούσης
2877 3131 3069 3187 εἰδέναι
3100 3136 3177 3186 ὅτι
3216 3138 3374 3186 κακόν
3403 3133 3564 3198 ἐστιν,
3608 3133 3636 3185 6
3666 3135 3840 3208 προίσ-

2234 3244 2333 3280 σει.
2387 3228 2473 3278 Διό
2518 3230 2606 3277 καὶ
2654 3227 2680 3276 6
2712 3226 2883 3296 ἐμίσει
2934 3216 3112 3287 οἶν,ἐὶ
3168 3224 3397 3298 ὶπρατος
3451 3228 3542 3275 καὶ
3584 3222 3840 3297 ἐλευθερος

2234 3311 2314 3385 ἦν,
2370 3318 2460 3365 καὶ
2507 3315 2533 3365 ὃ
2585 3312 2679 3365 οὐκ
2729 3313 2789 3365 οἷν
2839 3312 3012 3375 είλετο,
3064 3319 3216 3364 τουτο
3290 3316 3376 3364 καὶ
3435 3314 3686 3384 αἱρεῖται,
3760 3331 3840 3364 πει

2233 3406 2491 3475 πραμένος
2543 3397 2650 3461 ἤδη
2702 3403 2769 3451 ὧν
2827 3405 2916 3453 καὶ
2961 3403 3194 3474 πράττει.
3250 3399 3307 3452 Εἰ
3356 3396 3414 3452 δι
3462 3398 3723 3473 ἐλεύθερος
3776 3400 3839 3449 ὢν

2234 3497 2319 3544 καὶ
2371 3493 2597 3564 ἄπρατος
2638 3495 2727 3541 καὶ
2774 3492 2909 3541 κατὰ
2957 3492 3134 3561 φύσιν,
3184 3489 3276 3541 οὐκ
3336 3490 3396 3539 οἷν
3454 3488 3666 3559 εἱλόμην
3694 3488 3726 3539 ἆ
3754 3496 3840 3539 νῦν

2234 3589 2386 3644 ποιῶ,
2462 3586 2820 3654 Συμμαρτυρὼ
2900 3587 2973 3648 τῷ
3040 3582 3177 3650 νόμῳ
3238 3579 3317 3629 ὃτι
3396 3577 3572 3639 καλός.
3645 3578 3843 3631 Ἐκεῖνα

2234 3671 2332 3743 γάρ
2379 3688 2468 3740 μοι
2517 3667 2913 3740 συμψηφίζεται
2962 3673 3164 3737 φυγεῖν,
3202 3667 3237 3717 οἱ
3260 3671 3347 3719 καὶ
3380 3665 3480 3736 ἐγὼ
3532 3664 3583 3717 ἓν
3612 3673 3675 3736 τῇ
3709 3667 3843 3716 κατὰ

2237 3762 2390 3830 φύσιν
2443 3756 2700 3828 ἐλευθερίᾳ
2742 3758 3040 3827 τυγχάνων,
3099 3758 3275 3830 ἔκρινα
3319 3758 3541 3826 φευκτέα
3587 3751 3721 3806 εἶναι
3756 3762 3843 3805 καὶ

2236 3848 2455 3920 μισητά.
2508 3850 2582 3897 0'3
2618 3852 2861 3917 γινώσκω
2915 3844 3023 3911 οὖν,
3074 3845 3291 3918 πραθείς
3336 3840 3601 3900 δηλονότι·
3644 3843 3705 3893 οὐ
3744 3847 3840 3917 γὰρ

2238 3938 2263 3988 6
2311 3935 2435 3988 θέλω
2483 3933 2739 4005 ἐλεύθερος
2791 3937 2879 3997 ὧν,
2939 3940 3089 3985 τοῦτο
3152 3934 3376 4006 πράσσω
3454 3939 3564 3994 νῦν,
3648 3950 3841 4005 πεπρα-

2239 4028 2387 4095 μένος
2442 4024 2529 4074 ὡν·
2586 4022 2690 4073 ἀλλ’
2744 4022 2769 4073 ὃ
2846 4030 2987 4093 μισῶ
3040 4020 3299 4096 ἐλεύθερος
3370 4022 3459 4084 ὧν,
3516 4028 3674 4073 τοῦτο
3718 4029 3843 4073 ποιῶ

2238 4116 2560 4185 πεπραμένος
2614 4113 2700 4162 ὧν.
2764 4111 2829 4166 Εἰ
2882 4106 2940 4163 δὲ
3001 4112 3026 4162 6
3105 4110 3163 4162 οὗ
3248 4109 3373 4162 θέλω
3440 4108 3704 4181 ἐλεύθερος
3757 4110 3842 4170 ὧν,

2239 4210 2392 4253 τοῦτο
2417 4202 2642 4274 πράσσω
2667 4203 2991 4272 πεπραμένος
3042 4200 3130 4264 ὢν,
3175 4208 3538 4273 συμμαρτυρῶ
3588 4197 3847 4271 ἐλεύθερος

2240 4295 2325 4355 ὧν,
2361 4292 2440 4343 ὅτι
2478 4290 2630 4351 καλός
2659 4292 2685 4341 ό
2730 4294 2906 4362 νόμος.
2950 4291 3027 4340 Τὰ
3063 4290 3165 4363 γὰρ
3195 4288 3330 4341 αὐτὰ
3358 4286 3532 4357 ἕκείνῳ
3565 4286 3843 4360 βούλομαι,

2238 4385 2327 4433 καὶ
2358 4380 2462 4452 οὐχ
2490 4379 2525 4431 ἃ
2551 4387 2639 4431 νῦν
2662 4387 2813 4433 ποιῶ.

2242 4481 2484 4553 Εὑρίσκω
2538 4479 2641 4550 ἄρα
2686 4480 2770 4528 τὸν
2822 4481 2975 4549 νόμον
3023 4482 3100 4553 τῷ
3160 4475 3354 4528 θέλοντι
3412 4475 3529 4547 ἐμοὶ
3580 4483 3745 4529 ποιεῖν
3794 4478 3847 4526 τὸ

2954 4547 3129 4599 καλόν.

2311 4653 2525 4702 Φωτίου.
2577 4644 2841 4705 Ἐκλοὶϐοις
2892 4642 2944 4697 δ’
2989 4647 3050 4697 οἶν
3107 4649 3196 4697 καὶ
3240 4644 3423 4707 οὕτως’
3477 4644 3562 4706 Ἐξ
3592 4645 3663 4695 ὧν
3692 4641 3846 4707 εἶπον,

2240 4743 2389 4811 φησι,
2440 4739 2592 4789 τοῦτό
2635 4754 2724 4807 μοι
2776 4739 3197 4807 συμπεραίνεται,
3261 4738 3350 4785 καὶ
3395 4740 3551 4785 τοῦτο
3602 4735 3847 4806 εὑρίσκω,

2239 4832 2297 4880 τὸ
2351 4823 2479 4879 εἶναι
2532 4830 2618 4877 τόν
2665 4829 2842 4896 νόμον,
2880 4828 3034 4894 νόμον
3085 4824 3154 4885 εἰς
3217 4826 3275 4875 τὸ
3318 4822 3473 4873 καλὸν
3521 4830 3594 4892 τῷ
3660 4822 3852 4875 Θέλοντι

2240 4920 2352 4989 ἐμοὶ
2395 4922 2558 4967 ποιεῖν
2615 4917 2672 4965 τό
2722 4913 2895 4964 καλόν
2953 4917 3042 4964 καὶ
3113 4921 3265 4965 τουτο
3324 4915 3478 4983 μόνον
3560 4913 3853 4985 χαριζόμε-

2239 5026 2342 5057 νον.
2395 5007 2464 5056 Τό
2513 5005 2614 5076 γὰρ
2670 5004 2830 5053 κακὸν
2886 5003 3138 5073 εὑρίσκω,
3175 5002 3257 5053 ὅτι
3309 5001 3502 5071 ὁμοίως
3546 4999 3665 5072 ἐμοὶ
3691 5002 3855 5075 παρεὶς

2240 5114 2424 5147 κειται·
2483 5097 2573 5144 καὶ
2623 5087 2773 5143 οὐδὲν
2823 5088 3127 5145 ἐϐελτιὼθην
3178 5092 3233 5141 ἑκ
3290 5096 3379 5141 τοῦ
3428 5094 3611 5160 νόμου.
3672 5089 3734 5143 Εἰ
3786 5094 3853 5161 μὴ

2239 5188 2328 5235 καὶ
2368 5181 2559 5255 μᾶλλον
2592 5178 2794 5253 βλάϐην
2829 5186 2857 5227 b
2909 5175 3186 5251 ἔδεξοξμην,
3242 5179 3321 5230 ὅτι
3363 5180 3728 5250 παρακεῖσθαί
3772 5198 3857 5250 μοι

2239 5276 2329 5325 καὶ
2373 5272 2478 5323 οἷον
2531 5267 2755 5341 ἐγγίζειν
2809 5286 2900 5340 μοι
2943 5270 3002 5319 τὸ
3059 5270 3218 5319 κακὸν
3270 5270 3538 5342 παρέσχεν
3588 5265 3854 5341 ἀφορμήν.

2238 5362 2296 5414 '0
2352 5365 2507 5434 νόμος
2561 5358 2649 5411 οὖν
2694 5361 2847 5430 μόνον
2892 5361 3049 5430 νόμος
3106 5355 3300 5428 ἕγένετό
3350 5374 3441 5428 μοι
3493 5355 3568 5416 εἰς
3610 5359 3673 5407 τὸ
3735 5355 3861 5427 ἄγα-

2242 5453 2351 5505 θόν·
2405 5447 2527 5501 ἄλλο
2576 5443 2636 5501 δε
2680 5442 2855 5500 οὐδέν·
2915 5448 3071 5499 πόθεν
3118 5441 3299 5512 δῆλον,
3343 5446 3425 5498 ὅτι
3470 5446 3531 5498 τό
3560 5450 3729 5499 κακόν
3773 5464 3863 5519 μοι

1838 5573 1924 5628 VA
1936 5576 2066 5631 [lle
2098 5574 2498 5634 LECTIONES.

560 5692 659 5749 Hic
688 5695 777 5749 est
804 5691 866 5747 in
887 5690 1026 5748 cod.
1066 5705 1297 5748 rasura.
