4026 6206
145 291 173 346 ί
186 291 294 346 241

1087 289 1525 347 FRAGMENTA
1566 289 1636 346 IN
1675 237 2082 348 E‘PISTOLAM
2124 289 2220 344 AD
2259 289 2602 346 ROMANOS

3389 295 3528 349 1242

145 417 408 475 ὡσαύτως
466 415 802 487 παράκειται.
859 414 927 469 Ἦ
975 421 1062 469 καὶ
1117 417 1276 477 οὑτως
1309 433 1322 447 ο
1381 418 1614 490 Εὑρίσκω
1655 415 1761 490 οἶρα

1892 418 2040 480 acet,
2062 418 2212 472 certe
2251 419 2306 470 et
2337 415 2416 470 ita
2446 421 2552 472 est.
2596 415 2833 474 Invenio
2857 416 3048 486 igitur
3078 419 3278 488 legem,
3311 418 3368 474 id
3416 424 3522 485 est,

147 509 243 558 τὸν
320 508 490 576 νόμον,
547 509 808 570 τουτέστι,
887 511 1177 564 κατενόησα
1231 512 1320 559 καὶ
1375 504 1759 578 κατελάμϐανον

148 598 250 652 τὴν
295 593 457 665 ἰσχὺν
486 597 575 645 καὶ
629 597 722 651 τὴν
769 596 924 666 φύσιν
970 603 1058 647 τοῦ
1101 600 1279 668 νόμου.
1330 595 1560 667 Ἐξεῦρον
1603 594 1758 646 αὑτὸν

152 681 388 755 ἀκριϐῶς
442 699 454 711 ⁸
503 683 580 734 ὅτι
623 679 776 736 οὐδέν
828 702 919 756 μοι
979 682 1248 756 βοηθῆσαι
1297 687 1498 756 ἴσχυσε
1544 700 1556 712 °
1608 685 1760 736 πόθεν

153 767 360 838 ante»;
405 773 485 824 ὅτι
544 770 737 824 θέλοντί
783 791 873 845 μοι
911 781 1072 826 ποιεῖν
1115 777 1174 825 τὸ
1230 773 1405 839 καλὸν,
1456 768 1607 824 οὐδὲν
1654 770 1759 824 ἑπι-

153 868 383 932 κουρεῖ·
423 860 529 912 ἁλλ’
585 862 775 932 ὁμοίως
826 865 884 914 τό
943 865 1101 915 κακὸν
1158 865 1469 935 παράκειται
1497 863 1760 934 ἄπρακτόν

154 969 251 1023 μοι
297 953 354 1002 τὸ
389 949 546 1002 θέλειν
585 957 790 1006 ποιοῦν.
853 951 934 1004 Ἐν
981 954 1147 1023 τούτῳ
1204 948 1292 1004 οὑν
1339 951 1484 1025 εὗρον
1536 950 1762 1026 ἀκριϐῶς

155 1043 244 1092 τόν
296 1043 451 1112 νόμον
490 1041 613 1091 ὅσον
666 1039 866 1110 ἰσχύει,
914 1045 1003 1093 καὶ
1049 1045 1124 1100 τίς
1172 1043 1311 1093 ἑστιν
1343 1042 1372 1098 ἡ
1417 1043 1568 1112 φύσις
1599 1040 1757 1110 αὑτῷ,

153 1131 204 1180 ἓν
259 1135 334 1198 τῷ
392 1126 507 1199 ἐμοὶ
563 1136 635 1198 τῷ
701 1127 896 1181 θέλοντι
954 1137 1116 1183 ποιεῖν
1169 1134 1226 1182 τό
1280 1129 1454 1195 καλὸν,
1509 1130 1761 1201 εὑρίσκειν

152 1219 229 1269 ἔτι
275 1221 336 1270 τὸ
391 1221 570 1270 κακόν.
629 1219 948 1289 Παράκειται
1003 1221 1104 1292 γὰρ
1156 1224 1246 1271 καὶ
1303 1219 1397 1271 οὑκ
1446 1217 1763 1275 ἀπελήλαται

151 1306 240 1357 ὑπ’
278 1306 442 1359 αὑτοῦ
487 1305 540 1368 ἐξ
581 1304 724 1378 ἐμοῦ.
781 1310 1003 1359 Δυνατὸν
1054 1303 1113 1360 δὲ
1159 1312 1248 1360 καὶ
1291 1307 1450 1367 οὑτως
1493 1305 1762 1378 ἐγγύτερον

152 1403 250 1458 τῆς
295 1395 474 1459 λέξεως
528 1393 776 1449 ἐκλαϐεῖν.
829 1397 1070 1470 Εὑρίσκω
1123 1397 1226 1470 ἄρα
1283 1405 1356 1467 τῷ
1411 1395 1607 1448 θέλοντι
1651 1392 1764 1465 ἐμοὶ

153 1491 322 1539 ποιεῖν
378 1489 436 1538 τό
485 1483 639 1537 καλὸν
684 1487 820 1537 κατὰ
848 1489 936 1538 τόν
978 1491 1152 1558 νόμον,
1208 1487 1289 1538 ὅτι
1335 1484 1448 1557 ἐμοὶ
1502 1487 1559 1536 τὸ
1609 1485 1764 1535 κακόν

154 1577 492 1647 παράκειται.
548 1577 647 1627 Καὶ
671 1577 772 1649 γὰρ
819 1576 868 1626 οἱ
914 1577 1050 1626 κατὰ
1105 1578 1162 1627 τό
1197 1573 1499 1645 Εὑαγγελιον
1541 1572 1766 1632 θέλοντες

153 1672 326 1716 ποιεῖν
382 1667 438 1716 τὸ
492 1663 666 1728 καλὸν,
729 1663 835 1736 οὑχ
919 1665 1252 1736 εὑρίσκουσιν
1310 1665 1386 1716 ὅτι
1458 1665 1766 1738 παράκειται

158 1753 340 1813 αὑτοῖς
389 1756 448 1806 τὸ
487 1757 665 1804 κακόν.
710 1755 804 1804 Διὰ
843 1761 934 1804 τοῦ
986 1751 1353 1825 βαπτίσματος
1407 1753 1509 1825 γὰρ
1561 1749 1760 1813 ἕξὼσθη

1869 504 2069 560 notavi
2099 508 2156 560 et
2180 503 2436 560 intellexi
2468 505 2587 562 vim
2627 511 2683 560 et
2713 510 2992 562 naturam
3048 507 3213 577 legis.
3265 510 3526 580 Cognovi

1867 593 2031 650 illam
2060 593 2331 666 perfecte,
2374 594 2538 665 quod
2607 593 2753 650 nihil
2783 595 3072 666 adjuvare
3127 597 3324 654 valuit.
3363 598 3528 654 Unde

1869 687 2096 738 certum
2127 683 2260 738 est?
2289 682 2432 754 quia
2464 683 2680 738 volenti
2703 683 2853 740 mihi
2877 685 3080 753 facere
3134 685 3365 752 bonum,
3407 703 3528 742 non

1870 770 2207 841 auxiliatur.
2239 770 2352 827 Sed
2393 770 2660 827 similiter
2692 771 2919 828 malum
2949 774 3184 844 adjacet
3247 775 3530 831 inutiliter

1871 859 2014 916 mihi
2041 859 2190 915 velle
2230 859 2474 916 faciens.
2519 861 2581 915 In
2627 859 2741 916 hoc
2796 861 2973 931 igitur
3020 863 3222 919 inveni
3277 863 3532 936 perfecte

1871 951 2048 1020 legem
2073 953 2366 1020 quantum
2383 948 2596 1016 valeat,
2622 953 2675 1004 et
2701 965 2836 1020 quae
2863 949 2934 1004 sit
2953 950 3083 1020 ejus
3105 956 3340 1018 natura,
3367 950 3534 1023 quod

1873 1037 2018 1093 mihi
2050 1037 2476 1106 volenti/‘acere
2497 1038 2724 1102 bonum,
2754 1038 2990 1094 invenio
3020 1039 3220 1095 adhuc
3274 1041 3528 1097 malum.

1872 1126 2116 1196 Adjacet
2154 1125 2314 1181 enim
2347 1130 2401 1181 et
2429 1142 2546 1182 non
2571 1127 2649 1181 ab
2671 1125 2767 1182 illa
2793 1143 2865 1181 ex
2898 1143 2992 1182 me
3027 1132 3314 1183 movetur.
3342 1132 3537 1186 Potest

1874 1221 2072 1271 autem
2094 1215 2178 1270 sic
2210 1216 2453 1286 propior
2469 1215 2748 1270 dictionis
2764 1231 2974 1271 sensus
3000 1217 3266 1287 intelligi.
3296 1219 3534 1274 Invenio

1872 1305 2062 1375 igitur
2091 1303 2302 1360 volenti
2331 1304 2478 1360 mihi
2496 1305 2698 1375 facere
2730 1306 2939 1361 bonum
2959 1306 3289 1362 secundum
3319 1307 3532 1377 legem,

1875 1393 2155 1466 quoniam
2168 1394 2391 1448 malum
2409 1393 2549 1448 mihi
2564 1393 2814 1463 adjacet.
2832 1395 3058 1450 Etenim
3076 1397 3179 1467 qui
3200 1397 3534 1452 secundum

1879 1481 2260 1552 Evangelium
2301 1481 2510 1538 volunt
2548 1482 2737 1538 facere
2767 1483 3017 1548 bonum,
3076 1500 3195 1539 non
3229 1485 3536 1542 inveniunt

1877 1571 2166 1644 quoniam
2197 1571 2430 1642 adjacet
2458 1571 2570 1626 illis
2601 1573 2860 1641 malum;
2895 1588 3000 1645 per
3052 1573 3349 1646 baptisma
3375 1575 3534 1629 enim

1877 1660 2144 1717 ablatum
2178 1667 2235 1716 et
2273 1665 2540 1717 amotum
2583 1666 2696 1726 est;
2729 1661 2809 1717 ita
2838 1668 2899 1717 ut
2929 1667 3200 1734 oporteat
3245 1664 3323 1718 ad
3372 1663 3538 1720 Chri-

1881 1755 2041 1806 stum
2071 1765 2178 1822 per
2208 1749 2510 1822 baptisma
2535 1749 2786 1820 ingredi,
2818 1751 3008 1821 legem
3035 1751 3392 1809 deserentes.

155 1848 253 1894 καὶ
281 1840 582 1901 ἀπελήλατο.
622 1841 786 1894 Ὠστε
817 1837 902 1894 δεῖ
928 1847 1144 1915 Χριστῷ
1179 1841 1476 1916 προσελθεῖν
1505 1837 1599 1892 διὰ
1621 1846 1710 1891 τοῦ
1742 1836 2132 1912 βαπτίσματος,
2156 1837 2536 1902 καταλιπόντας
2555 1842 2640 1892 τὸν
2664 1843 2836 1912 νόμον.

153 1931 219 1982 Ὀ
273 1933 397 1991 Θεὸς
477 1933 565 1982 τὸν
645 1929 830 1982 ἑαυτοῦ
910 1929 1118 2000 πέμψας
1176 1933 1293 1982 Υίὸν
1373 1928 1420 1982 ἓν
1475 1931 1766 2000 ὁμοιώματι

1892 1928 2176 1983 ΞΑΡᾹἯΙ.
2221 1927 2451 2010 ὶζεῃεβ.
2497 1929 2650 2010 Deus
2702 1929 2920 2010 Filium
2975 1931 3427 2010 suumeittens
3474 1930 3536 1988 in

716 2005 908 2075 σαρκὸς
950 2005 1228 2076 ἁμαρτίας.

232 2095 452 2143 Φωτίου.
509 2093 730 2143 Δυνατόν
805 2093 907 2161 γὰρ
982 2096 1072 2143 καὶ
1129 2091 1262 2143 οὑτω
1319 2090 1586 2155 στίξαντα,
1649 2087 1766 2140 ἀναο

152 2187 372 2250 γνῶναι·
417 2179 478 2230 Ὀ
528 2182 652 2239 Θεὸς
697 2183 784 2231 τὸν
842 2179 1025 2232 ἑαυτοῦ
1071 2179 1278 2252 πέμψας
1330 2181 1446 2232 Υἰὸν
1505 2178 1552 2230 ἐν
1582 2181 1765 2251 ὁμοιώο

157 2287 290 2340 ματι
351 2271 547 2340 σαρκὸς
607 2267 881 2341 ἁμαρτίας,
952 2273 1040 2321 καὶ
1107 2273 1225 2341 περὶ
1302 2269 1561 2343 ἁμαρτίας
1595 2285 1608 2297 ⁸
1659 2263 1770 2319 εἶτα

160 2356 468 2430 ἐπαγαγεῖν,
539 2362 804 2429 κατέκρινε
847 2361 943 2415 τὴν
1001 2358 1260 2433 ἁμαρτίαν
1317 2357 1366 2410 ἕν
1413 2365 1475 2430 τῇ
1541 2361 1698 2432 σαρκί
1751 2373 1763 2386 ’

161 2449 407 2498 τουτέστι
455 2449 543 2499 τὸν
587 2449 706 2498 Υιόν
760 2452 876 2519 περὶ
919 2446 1178 2521 ἁμαρτίας
1217 2465 1230 2477 °
1264 2451 1426 2518 ἤγουν
1476 2448 1620 2500 ἕνεκα
1674 2453 1770 2504 τῆς

166 2535 448 2608 ἁμαρτίας,
488 2543 581 2588 τοῦ
633 2535 814 2610 ἐξᾶραι
862 2536 1042 2595 αὑτήν·
1104 2542 1193 2589 καὶ
1245 2537 1584 2612 ἐλευθερῶσαι
1637 2538 1770 2608 ἡμᾶς

168 2624 273 2676 ἀπὸ
322 2626 536 2686 ταύτης.
598 2631 712 2687 Πῶς
780 2621 866 2677 οὖν
938 2625 1129 2699 ἐξῆρες
1193 2631 1518 2700 Κατακρίνας
1585 2625 1768 2683 αὑτήν.

166 2714 251 2767 Θὺ
300 2716 403 2788 γὰρ
454 2713 622 2774 ἁπλῶς
669 2719 758 2766 καὶ
814 2713 1221 2777 ἔξουσιαστικῶς
1265 2736 1278 2749 ο
1313 2715 1417 2767 ἀλλ’
1472 2716 1571 2766 ὑπό
1617 2711 1772 2772 δίκην

167 2802 384 2874 ἀγαγὼν
437 2802 620 2868 αὐτὴν,
671 2807 760 2855 καὶ
817 2799 988 2866 δείξας
1048 2802 1291 2858 ἀλοῦσαν.
1350 2810 1466 2865 Πῶς
1517 2800 1604 2855 οὑν
1644 2803 1773 2855 ἑάλω

166 2896 261 2943 καί
307 2894 578 2957 ἡττηται;
629 2891 677 2944 ἐν
738 2900 802 2964 τῇ
860 2897 1015 2965 σαρκὶ
1094 2892 1274 2947 αὑτοῦ.
1349 2896 1625 2964 ῐῐροσιέναι
1669 2893 1771 2964 γὰρ

169 2979 498 3054 βουληθεῖσα
524 2985 613 3033 καὶ
639 2985 709 3053 μὴ
742 2981 1042 3053 ἰσχύσασα,
1076 2981 1205 3033 ἑάλω
1233 2985 1321 3032 καὶ
1353 2985 1591 3040 ἣττηται.

241 3073 315 3123 Τὸ
345 3066 404 3122 δε
434 3075 672 3145 φρόνημα
696 3079 790 3133 τῆς
818 3074 1012 3144 σαρκὸς
1040 3071 1212 3146 ἐχθρά
1237 3071 1308 3132 εἰς
1339 3074 1489 3125 Θεὸν.

245 3164 465 3214 Notior).
543 3159 721 3222 Καλῶς
770 3157 858 3213 οὑν
906 3179 1085 3233 φησιν,
1146 3163 1226 3213 ὅτι
1279 3163 1336 3212 τὸ
1399 3165 1634 3232 φρόνημα
1680 3168 1774 3221 τῆς

172 3251 370 3322 σαρκὸς
415 3256 490 3318 τῷ
538 3253 677 3322 νόμῳ
731 3257 824 3302 τοῦ
862 3257 1098 3325 Χριστοῦ
1127 3249 1233 3321 οὑχ
1264 3251 1638 3304 ὑποτάσσεται.
1691 3248 1774 3300 Ἐν

170 3343 282 3410 ὅτῳ
331 3342 420 3410 μὲν
473 3341 576 3413 γὰρ
623 3341 758 3410 ἔστι,
810 3335 968 3398 δῆλον
999 3340 1078 3391 ὃτι
1125 3338 1230 3410 οὑχ
1286 3340 1642 3390 ὑποτάσσεται
1684 3359 1696 3370 ο
1727 3335 1774 3388 ἐν

171 3429 287 3498 ὅσῳ
335 3423 395 3480 δι
441 3427 669 3503 πᾳρίλθη
724 3432 814 3480 καὶ
853 3426 1165 3499 ἀπογένηται
1213 3434 1304 3479 τοῦ
1360 3425 1653 3502 ἀνθρώπου,
1687 3426 1772 3478 οὑ-

175 3513 344 3576 δόλως
373 3519 510 3569 ἔστιν
545 3536 557 3548 ·

175 3611 252 3678 μὴ
302 3608 376 3667 δν·

607 3519 743 3570 ὦστὲ
773 3513 888 3569 οὐδ’
918 3518 1293 3570 ὑποτάσσεται.
1343 3523 1460 3577 Πῶς
1503 3517 1604 3590 γὰρ
1635 3514 1695 3566 ἂν
1720 3518 1776 3567 τὸ

454 3609 484 3664 ἦ
546 3604 932 3671 ἀντιστήσεται,
990 3605 1020 3664 ἢ
1080 3607 1314 3678 ὑποταγῇ
1364 3621 1510 3672 τινι;
1560 3610 1648 3665 Τίς
1687 3601 1777 3657 οὑν

177 3695 540 3747 ὑποτάσσεται
570 3694 665 3762 ;'O
703 3696 972 3770 ἄνθρωπος
1025 3693 1073 3746 ἒν
1201 3699 1259 3747 τὸ
1308 3698 1558 3770 σαρκικὸν
1588 3699 1780 3769 φρόνη-

175 3803 254 3855 μα
292 3781 523 3855 [δυρρι.
578 3783 672 3835 όὺκ
708 3783 890 3856 iam];
947 3782 1053 3834 ἀλλ’
1111 3786 1186 3836 ἔτι
1238 3787 1328 3857 μεν
1376 3791 1467 3836 τοῦ
1527 3791 1779 3859 σαρκικοῦ

175 3877 432 3946 παρόντος
493 3878 833 3946 φρονήματος,
894 3869 1016 3925 οὑδὲ
1078 3871 1280 3934 ἐκεῖνος.
1366 3872 1780 3934 Καταϐληθέντος

179 3959 242 4013 δέ
276 3956 371 4012 διὰ
425 3965 694 4033 μετανοίας
750 3967 840 4014 καὶ
891 3963 1363 4035 ὑποχωρήσαντος,
1422 3967 1538 4014 τότε
1595 3961 1782 4024 ἐκεῖνος

177 4047 503 4124 ἀγαθοεργεῖ,
537 4055 625 4102 καὶ
657 4051 1014 4103 ὑποτάσσεται
1039 4058 1110 4120 τῷ
1145 4055 1284 4122 νόμῳ
1314 4058 1406 4102 τοῦ
1436 4054 1583 4103 Θεοῦ.

432 4138 606 4201 Ἐλπὶς
635 4135 693 4191 δὲ
730 4137 1016 4211 βλεπομένη
1050 4138 1144 4190 οὑκ
1180 4141 1319 4192 ἔστιν
1350 4137 1507 4200 ἐλπίς.

254 4231 475 4283 Φωτίου.
507 4233 571 4282 Τί
611 4231 708 4302 γὰρ
763 4229 856 4281 οὑκ
904 4227 1149 4301 ἐλάϐομεν
1201 4231 1396 4285 ταύτην
1427 4223 1521 4280 διὰ
1562 4236 1656 4280 τοῦ
1687 4226 1783 4300 βα-

177 4322 527 4390 πτίσματος;
577 4317 704 4389 ούχὶ
748 4322 838 4369 καὶ
911 4316 1065 4378 αὑτὸς
1120 4319 1219 4391 πρὸ
1267 4324 1458 4389 μικροῦ
1510 4319 1649 4388 ἔφης,
1704 4319 1784 4369 ὅτι

183 4413 396 4479 Πνεῦμα
445 4408 705 4468 υἱοθεσίας
756 4405 956 4459 ἐλάϐετε
997 4423 1010 4474 ;
1060 4407 1186 4472 Ναὶ,
1243 4411 1422 4478 φησίν,
1483 4411 1641 4459 Ποίαν
1698 4403 1785 4458 οὑν

183 4492 628 4568 ἀπεκδεχόμεθα;
677 4499 782 4554 Τὴν
826 4498 1221 4569 φανερουμένην,
1273 4501 1452 4566 φησὶν,
1509 4497 1644 4547 κατὰ
1691 4499 1785 4553 τὴν

183 4583 550 4659 ἀπολύτρωσιν
596 4593 689 4638 τοῦ
747 4590 984 4656 σώματος
1041 4585 1207 4655 ἡμῶν.
1267 4582 1454 4642 Ἄλλην
1503 4585 1648 4658 παρά
1692 4587 1786 4641 τὴν

185 4675 499 4749 εἰρημένηη
560 4677 641 4732 Μὴ
692 4678 908 4742 γένοιτο.
973 4672 1110 4727 Ἀλλ’
1151 4671 1313 4730 αὑτήν
1367 4670 1559 4730 ἐκείνην
1607 4671 1786 4724 τελειό-

183 4781 333 4836 τερον
375 4767 769 4838 φανερουμένην,
823 4766 912 4814 καὶ
953 4757 1046 4814 διὰ
1089 4765 1271 4836 πείρας
1330 4761 1489 4822 αὑτῆς
1551 4759 1788 4832 ἐπιγινω-

185 4855 463 4924 σειομένην.
513 4854 658 4906 Μετὰ
697 4853 800 4924 γὰρ
854 4855 948 4910 τὴν
993 4849 1353 4924 ἀπολύτρωσιν
1393 4857 1484 4902 τοῦ
1524 4854 1785 4922 σώματος.

181 4945 306 4995 τότε
356 4943 386 4999 ἠ
433 4949 532 4994 τῶν
577 4940 785 5013 ἀγαθῶν
836 4939 1150 5002 ἀπόλαυσις.
1211 4943 1338 4992 Τότε
1388 4941 1559 4991 πάντα
1605 4941 1672 4991 τὰ
1699 4947 1789 5000 τῆς

183 5031 456 5092 υἱοθεσίας
518 5034 861 5106 γνωρίσματα
934 5033 1023 5081 καὶ
1081 5027 1492 5100 ἀποτελέσματα.
1556 5032 1654 5081 Καὶ
1702 5035 1789 5080 νῦν

180 5123 292 5194 γάρ
338 5118 417 5172 ἐπ’
459 5115 635 5172 ἐλπίδι
666 5122 858 5172 τόύτων
891 5117 1132 5190 ίλάϐομεν
1175 5122 1263 5176 τὴν
1310 5119 1590 5172 υἱοθεσίαν.
1628 5117 1790 5180 Αὐτὸς

187 5206 251 5262 δε
308 5207 746 5281 ἐμφαντικώτερον
796 5206 950 5272 εἶπεν,
1002 5205 1287 5279 ἐσώθημεν.
1340 5211 1452 5266 Πῶς
1505 5202 1594 5258 οὑν
1642 5205 1792 5264 ἠλπί-

189 5317 356 5370 σαμεν
448 5305 636 5364 ταῦτα,
712 5301 782 5370 μὴ
879 5299 1074 5349 τούτων
1148 5300 1576 5368 παραγεγονότων
1659 5292 1789 5359 ἤδη,

183 5382 323 5460 μηδ’
381 5387 467 5439 ὑπ’
527 5385 649 5458 ὄψιν
699 5387 844 5459 ἡμῶν
895 5388 1176 5451 πεσόντων,
1240 5380 1372 5458 μηδ’
1415 5385 1516 5436 ὑπό
1563 5391 1792 5457 πεῖραν;

189 5474 396 5540 Καλῶς,
429 5480 607 5548 φησὶν,
662 5480 751 5528 καὶ
799 5474 1033 5547 εόλόγως.
1069 5474 1129 5527 Ei
1183 5476 1284 5546 γὰρ
1333 5472 1420 5526 ὑπ’
1476 5472 1596 5544 ὄψιν
1626 5474 1791 5545 ἡμῶν,

189 5569 286 5618 καὶ
340 5566 441 5617 ὑπὸ
481 5572 660 5639 πεῖραν
705 5561 811 5624 ἤδη
853 5567 920 5617 τὰ
966 5563 1275 5635 ίλπίζόμενα
1327 5560 1501 5635 ἁγαθά
1552 5561 1794 5634 ἐγεγόνει,

191 5655 292 5711 οὑκ
317 5655 379 5707 ἄν
407 5650 470 5714 ἦν
499 5653 824 5728 ἓλπιζόμενα.

2221 1999 2666 2056 similitudinem
2704 2000 2905 2055 carnis
2939 2000 3189 2069 peccati.

1949 2086 2159 2142 Photii.
2193 2087 2392 2144 Potest
2443 2088 2603 2143 enim
2661 2089 2896 2158 punctis
2948 2089 3030 2144 ita
3106 2091 3319 2145 notatis
3373 2090 3532 2161 legi:

1878 2176 2028 2232 Deus
2058 2175 2276 2232 Filium
2313 2193 2479 2233 suum
2531 2177 2766 2233 mittens
2807 2177 2870 2233 in
2926 2178 3308 2235 similitudine
3335 2182 3538 2238 carnis

1875 2266 2116 2335 peccati,
2143 2266 2290 2322 etde
2316 2272 2578 2337 peccato;
2602 2265 2820 2322 deinde
2851 2266 3161 2326 addendo:
3217 2270 3540 2327 Damnavit

1877 2360 2178 2424 peccatum
2195 2357 2259 2410 in
2285 2371 2483 2411 came.
2529 2355 2591 2410 Id
2619 2361 2724 2422 est,
2762 2355 2966 2411 Filium
2999 2357 3072 2412 de
3128 2363 3395 2429 peccato,
3435 2363 3539 2415 aut

1879 2459 2062 2498 causa
2091 2443 2339 2514 peccati,
2375 2449 2436 2498 ut
2487 2443 2633 2498 illud
2657 2443 2904 2509 tolleret,
2937 2449 3120 2500 etnos
3148 2445 3226 2501 ab
3265 2445 3364 2502 illo
3404 2445 3539 2502 libe-

1881 2537 2054 2587 raret.
2087 2531 2402 2597 Quomodo
2431 2547 2572 2602 ergo
2639 2530 2811 2586 tulit?
2862 2531 3161 2589 damnans
3214 2533 3380 2598 illud,
3420 2549 3541 2590 non

1883 2619 2229 2691 simpliciter
2247 2624 2304 2674 et
2329 2620 2683 2685 facultative,
2709 2620 2811 2675 sed
2851 2621 2909 2675 in
2941 2620 3036 2690 jus
3095 2621 3263 2688 illud,
3314 2639 3540 2679 vocans

1883 2709 2289 2765 etconvictum
2308 2709 2652 2766 ostendens.
2673 2709 2991 2775 Quomodo
3013 2710 3191 2780 igitur
3204 2713 3540 2768 convictum

1883 2803 1938 2854 et
1967 2797 2266 2854 devictum
2305 2804 2397 2854 est
2423 2798 2452 2854 ?
2484 2799 2551 2854 In
2582 2813 2765 2856 carne
2788 2797 2980 2864 illius;
3011 2815 3149 2854 cum
3177 2800 3338 2855 enim
3377 2801 3542 2856 intel-

1882 2887 2062 2957 ligere
2092 2887 2372 2944 voluisset
2403 2893 2461 2943 et
2490 2903 2608 2943 non
2631 2887 2928 2957 valuisset,
2960 2887 3305 2944 convictum
3356 2895 3412 2946 et
3441 2890 3541 2945 de-

1885 2976 2108 3032 victum
2141 2981 2251 3032 est.

1955 3065 2124 3121 Vens.
2143 3066 2197 3119 7.
2228 3065 2506 3132 Quoniam
2526 3065 2816 3134 sapientia
2838 3065 3040 3122 carnis
3056 3064 3300 3122 inimica
3321 3075 3399 3123 est
3424 3068 3541 3125 Deo

1954 3154 2162 3210 Photii.
2197 3155 2368 3209 Recte
2397 3169 2541 3223 ergo
2562 3153 2721 3220 dicit,
2741 3154 3020 3225 quoniam
3051 3155 3331 3225 sapientia
3351 3156 3543 3213 carnis

1813 3281 1852 3335 ο
1887 3245 2005 3314 legi
2035 3243 2250 3300 Christi
2268 3259 2382 3298 non
2404 3243 2664 3312 subjecta
2687 3249 2791 3300 est.
2816 3243 3093 3308 Quandiu
3115 3244 3274 3299 enim
3297 3250 3402 3310 est,
3426 3245 3543 3301 evi-

1885 3333 2036 3388 dens
2094 3337 2180 3387 est
2212 3332 2493 3403 quoniam
2525 3347 2643 3388 non
2669 3332 2932 3402 subjecta
2962 3338 3044 3389 est
3071 3349 3085 3398 ;
3127 3333 3396 3406 quandiu
3442 3351 3545 3390 au-

1886 3427 2002 3478 tem
2030 3419 2235 3493 elapsa
2263 3424 2356 3476 est
2379 3425 2436 3476 et
2464 3420 2752 3476 abscessit
2782 3421 2860 3476 ab
2892 3421 3155 3487 homine,
3189 3421 3432 3477 evidens
3457 3427 3546 3479 est

1885 3508 2175 3582 quoniam
2188 3524 2307 3564 non
2322 3508 2590 3580 subjecta
2610 3514 2716 3564 est.
2737 3509 3054 3574 Quomodo
3068 3509 3226 3564 enim
3243 3510 3409 3581 quod
3423 3525 3546 3565 non

1889 3605 1975 3654 est
1999 3605 2102 3654 aut
2121 3597 2348 3653 resistet
2367 3602 2470 3652 aut
2491 3597 2837 3668 subjicietur
2853 3597 3074 3652 alicui?
3089 3599 3224 3668 quis
3240 3613 3384 3668 ergo
3403 3598 3546 3654 sub-

1883 3685 2504 3760 jectusest‘ihomone,
2539 3686 2734 3758 inquo
2751 3687 3046 3758 sapientia
3073 3687 3270 3742 carnis
3285 3688 3550 3744 nonest?

1889 3778 1992 3833 sed
2019 3778 2146 3847 jam
2177 3777 2236 3832 in
2256 3791 2378 3848 quo
2409 3776 2697 3831 invenitur
2717 3776 2915 3831 carnis
2944 3776 3254 3847 sapientia,
3290 3792 3411 3832 non
3451 3777 3548 3833 ille

1891 3871 2000 3922 est.
2018 3869 2372 3921 lmmutatus
2386 3868 2586 3920 autem
2603 3880 2707 3935 per
2720 3865 3125 3934 paenitentiam
3140 3869 3197 3919 et
3219 3881 3546 3922 conversus

1894 3961 2035 4010 tunc
2061 3955 2154 4009 ille
2177 3953 2395 4008 bonum
2428 3959 2703 4023 operatur
2729 3952 2920 4020 etlegi
2953 3951 3051 4006 Dei
3077 3953 3385 4022 subjectus
3440 3958 3546 4009 est.

1964 4131 2136 4185 Vens.
2166 4130 2252 4183 24.
2281 4128 2423 4195 Spes
2443 4132 2627 4181 autem
2682 4140 2813 4196 quae
2866 4125 3084 4181 videtur
3130 4142 3246 4182 non
3288 4131 3367 4182 est
3401 4143 3546 4196 spes.

1963 4218 2176 4276 Photii.
2207 4215 2352 4282 Quid
2385 4230 2526 4285 ergo
2548 4231 2667 4270 non
2692 4212 3038 4286 accepimus
3065 4214 3226 4270 illam
3261 4215 3549 4289 (adoptio-

1895 4311 2058 4378 nem)
2071 4322 2177 4380 per
2194 4305 2531 4378 baptisma?
2547 4319 2746 4359 nonne
2764 4309 2819 4359 et
2836 4303 2963 4374 ipse
2983 4304 3168 4375 paulo
3201 4308 3338 4362 ante
3353 4305 3552 4365 dixisti

1894 4398 2038 4470 quia
2059 4394 2362 4465 accepistis
2381 4393 2655 4464 spiritum
2680 4391 3010 4462 adoptionis
3029 4393 3059 4445 ‘I
3090 4392 3172 4449 lta
3201 4398 3311 4459 est,
3340 4394 3551 4467 inquit.

1897 4486 2139 4554 Qualem
2173 4500 2315 4554 ergo
2344 4483 2803 4555 exspectamus?
2834 4482 2989 4538 hanc
3018 4498 3150 4554 quae
3181 4483 3555 4542 manifestata

1897 4582 2001 4640 est,
2031 4577 2130 4643 ait,
2160 4589 2265 4646 per
2311 4571 2787 4644 redemptionem
2816 4572 3078 4643 corporis
3104 4571 3307 4628 nostri.
3362 4572 3555 4631 Aliam

1896 4679 1968 4720 ac
1993 4663 2154 4719 illam
2179 4676 2314 4734 quae
2345 4659 2498 4716 dicta
2527 4658 2676 4715 fuit?
2707 4659 2855 4714 absit
2883 4658 2896 4714 l
2931 4658 3034 4713 sed
3069 4658 3342 4716 eamdem
3392 4659 3555 4717 illam

1897 4751 2190 4825 posterius
2233 4749 2687 4813 manifestatum,
2721 4753 2776 4803 et
2808 4763 2914 4820 per
2941 4748 3072 4819 ejus
3127 4749 3557 4820 experientiam

1897 4841 2218 4912 cognitam.
2261 4839 2509 4906 Etenim,
2566 4844 2696 4910 post
2751 4835 3218 4905 redemptionem
3267 4837 3556 4908 corporis,

1899 4937 2039 4988 tunc
2064 4931 2364 4986 bonorum
2394 4928 2501 4984 erit
2527 4925 2861 4998 possessio;
2896 4927 3037 4979 tunc
3067 4926 3274 4981 omnia
3314 4942 3561 4983 cernen-

1899 5027 1994 5077 tur
2025 5017 2368 5091 adoptionis
2401 5015 2570 5087 signa
2592 5021 2646 5068 et
2677 5013 2939 5069 affectus.
2977 5015 3142 5068 Nunc
3172 5015 3331 5070 enim
3362 5014 3422 5070 in
3451 5031 3557 5089 spe

1900 5125 2109 5166 eorum
2141 5106 2483 5178 accepimus
2513 5103 2930 5174 adOptionem;
2982 5102 3301 5173 Apostolus
3355 5108 3558 5163 autem

1901 5197 2163 5272 apertius
2179 5196 2355 5251 dicit:
2385 5193 2558 5250 Salvi
2590 5191 2745 5260 facti
2772 5205 2994 5246 sumus.
3051 5191 3367 5255 Quomodo
3415 5210 3558 5265 ergo

1903 5300 2216 5360 speramus
2248 5283 2369 5352 illa,
2401 5281 2680 5351 cumjam
2704 5294 2824 5334 non
2851 5279 3172 5347 evenerint,
3204 5297 3398 5354 neque
3427 5283 3560 5339 visu

1902 5381 2128 5438 nostro,
2145 5387 2340 5444 neque
2353 5368 2717 5442 experientia
2728 5367 2965 5436 cognita
2989 5366 3145 5424 sint?
3166 5369 3316 5426 bene
3333 5376 3388 5427 et
3403 5377 3558 5428 recte

1901 5463 2200 5537 loquitur;
2227 5460 2275 5516 si
2308 5460 2465 5516 enim
2487 5458 2616 5514 visu
2647 5461 2870 5522 nostro,
2921 5461 2980 5513 et
3024 5459 3386 5531 experientia
3427 5459 3558 5529 jam

1904 5570 2034 5626 quae
2057 5555 2370 5625 sperantur
2398 5549 2559 5605 bona
2597 5547 2838 5619 cognita
2885 5553 3101 5612 essent,
3157 5563 3278 5604 non
3327 5550 3559 5620 sperata

1903 5647 2093 5702 orent.
