4026 6206
533 286 668 342 1243

604 411 776 465 Vens.
822 412 909 465 31.
940 406 1080 473 Quid
1107 420 1238 475 ergo
1267 403 1518 459 dicemus
1558 403 1638 459 ad
1660 403 1770 458 ha’c
1789 404 1816 457 ?

604 500 809 555 Photii.
850 500 1008 552 Certe
1035 496 1116 549 ita
1137 499 1241 547 est.
1264 492 1415 557 Quid
1439 492 1686 546 dicemus
1719 493 1798 547 ad
1821 493 1984 548 haec?
2017 488 2189 555 Quod

537 588 728 658 elegit,
751 587 909 660 quod
940 583 1192 647 vocavit,
1224 580 1391 653 quod
1417 580 1767 651 justificavit
1800 580 1963 651 quod
2013 576 2191 649 glori-

536 677 751 740 ﬁcavit,
781 676 866 731 Ad
897 678 1123 729 tantam
1176 668 1602 725 beneﬁciorum
1656 668 2189 739 magnificentiam,

530 766 672 838 quid
695 766 965 820 dicemus
986 762 1013 817 ?
1030 776 1152 816 non
1166 758 1788 830 gratis,inquit,verbis
1809 757 2191 814 abundamus

534 870 733 927 neque
790 867 1043 925 operum
1088 848 1487 904 retributione.
1540 848 1692 904 Talis
1745 852 1831 903 est
1874 846 2191 903 ineffabilia

535 944 665 1014 ejus
704 943 861 998 circa
886 956 996 995 nos
1023 938 1229 1007 gratia.
1252 937 1468 992 Deinde
1491 937 1665 1007 quasi
1682 937 1919 1008 copiam
1947 950 2194 1007 accepe-

534 1034 610 1088 rit
639 1032 798 1097 inde,
818 1029 955 1085 dicit
983 1048 992 1086 ;
1028 1028 1094 1083 Si
1127 1030 1273 1083 Deus
1291 1042 1401 1095 pro
1420 1025 1598 1089 nobis,
1633 1026 1764 1096 quis
1797 1032 2008 1082 contra
2039 1039 2144 1081 nos
2166 1024 2194 1078 ἵ

534 1136 714 1177 nemo
742 1136 754 1185 ;
788 1118 1066 1191 quamvis
1086 1118 1240 1172 enim
1276 1116 1457 1187 aliqui
1482 1131 1694 1171 nocere
1720 1115 2039 1171 niterentur
2071 1128 2194 1170 non

530 1211 850 1277 nocebunt,
882 1206 984 1262 sed
1026 1206 1372 1278 proderunt.

538 1298 695 1354 CAP.
733 1298 875 1354 Vlll.
908 1297 1080 1352 Vens.
1105 1296 1191 1350 28.
1215 1294 1321 1377 His
1353 1295 1456 1364 qui
1472 1294 1793 1377 secundum
1824 1292 2192 1363 propositum

1174 1374 1311 1420 sunt
1348 1373 1558 1421 sancti.

603 1458 815 1513 Pholii.
847 1457 903 1512 Id
924 1462 1028 1521 est,
1048 1456 1141 1512 his
1159 1456 1260 1527 qui
1280 1455 1613 1510 secundum
1643 1454 1970 1519 decretum,
1990 1468 2194 1509 secun-

539 1548 686 1603 dum
718 1547 1112 1619 propositum,
1139 1544 1301 1615 digni
1334 1544 1515 1600 habiti
1532 1548 1668 1599 sunt
1690 1544 1997 1599 sanctitate
2023 1558 2197 1598 voca-

535 1638 743 1693 tionis.

536 1728 699 1780 Vens.
726 1726 815 1778 32.
860 1725 965 1788 Qui
994 1725 1173 1779 etiam
1196 1722 1436 1793 proprio
1468 1722 1623 1793 Filio
1652 1737 1757 1777 suo
1778 1738 1897 1778 non
1918 1726 2194 1793 pepercit,

603 1797 703 1851 sed
722 1813 828 1865 pro
845 1796 1003 1849 nobis
1022 1790 1289 1849 omnibus
1307 1794 1555 1849 tradidit
1570 1790 1735 1849 illum
1758 1790 2065 1865 ;quoino(to
2082 1811 2198 1851 non

601 1868 774 1922 etiam
798 1882 927 1922 cum
962 1866 1068 1920 illo
1100 1865 1301 1920 omnia
1341 1865 1499 1920 nobis
1537 1866 1826 1920 donavit?

606 1954 815 2010 Photii.
850 1955 1111 2027 Apponit
1146 1954 1323 2025 igitur
1379 1954 1562 2009 illud:
1601 1953 1713 2021 Qui
1750 1954 1926 2010 etiam
1958 1956 2198 2024 proprio

532 2044 686 2101 Filio
702 2044 1100 2115 nonpepercit.
1133 2042 1623 2113 Sollicitudinem,
1649 2047 1712 2099 ut
1742 2043 2023 2110 diximus,
2058 2042 2200 2099 inef-

532 2133 776 2191 fabilem
804 2135 900 2190 Dei
921 2135 1078 2190 circa
1109 2149 1219 2189 nos
1250 2133 1598 2197 ostendens,
1627 2132 1949 2205 simulque,
1978 2134 2025 2189 si
2052 2135 2199 2206 quid

533 2239 815 2295 asperum
861 2223 938 2279 ab
968 2222 1173 2295 aliquo
1216 2225 1496 2294 patimur,
1552 2222 1897 2279 ﬁrmitatem
1924 2239 2030 2294 per
2087 2224 2199 2280 hoc

538 2313 885 2385 exemplum
942 2312 1240 2377 suadens;
1274 2328 1394 2367 non
1430 2311 1624 2367 solum
1658 2317 1876 2379 autem,
1904 2312 2009 2367 sed
2030 2318 2087 2368 et
2118 2313 2200 2367 in-

532 2401 760 2457 ducens
786 2407 842 2457 et
862 2401 1202 2472 injungens.
1231 2401 1461 2457 Sienim
1488 2400 1662 2456 Filius
1688 2404 1851 2457 tanta
1874 2416 1983 2472 pro
1998 2408 2049 2455 te
2063 2416 2199 2471 pas-

535 2505 638 2544 sus
666 2496 774 2554 est,
808 2490 955 2561 quid
988 2495 1040 2545 te
1062 2495 1293 2562 oportet
1319 2490 1437 2561 pati
1466 2506 1574 2561 pro
1596 2490 1695 2546 illo
1718 2491 1745 2545 Υ
1796 2494 1868 2554 et,
1898 2488 1993 2545 ille
2035 2493 2199 2546 tanta

532 2578 788 2649 patiens,
810 2583 1072 2648 paternae
1090 2579 1291 2647 gloriae
1306 2584 1361 2633 et
1378 2579 1702 2635 divinitatis
1718 2578 1947 2634 nullum
1966 2578 2197 2634 donum

534 2666 889 2737 recipiebat:
925 2669 1007 2721 Tu
1039 2683 1175 2722 vero
1203 2683 1325 2723 non
1357 2666 1598 2722 omittas
1631 2667 1725 2721 illa
1760 2667 1906 2738 pati;
1950 2666 2197 2723 omnino

533 2754 693 2811 enim
716 2755 891 2810 bonis
916 2755 1247 2827 promissis,
1274 2760 1409 2827 post
1428 2756 1777 2829 passionem
1794 2762 1850 2813 et
1872 2760 2010 2828 post
2041 2772 2201 2812 mor-

535 2851 653 2902 tem
694 2845 915 2916 dignus
947 2844 1287 2901 habeberis.

604 3024 770 3079 Vens.
806 3027 894 3079 33.
932 3024 1070 3089 Quis
1100 3024 1404 3080 accusabit
1425 3024 1703 3081 adversus
1735 3024 1938 3080 electos
1954 3022 2095 3079 Dei?

608 3112 822 3168 Photii.
860 3116 922 3167 1n
954 3112 1044 3168 his
1070 3129 1206 3184 quae
1228 3129 1431 3185 supra,
1466 3113 1698 3169 locutus
1716 3118 1806 3169 est
1835 3114 1904 3167 de
1936 3113 2202 3168 tentatio-

536 3200 716 3257 nibus
755 3218 885 3274 quae
908 3218 1013 3275 per
1042 3201 1390 3258 afﬂictiones
1406 3209 1462 3258 et
1485 3203 1781 3258 cruciatus
1804 3202 1972 3267 ﬁunt,
2004 3202 2201 3257 dicen-

534 3290 647 3347 do:
686 3291 823 3357 Quis
853 3301 1067 3348 contra
1097 3294 1252 3347 nos?
1294 3308 1449 3347 nunc
1503 3291 1754 3347 alteram
1806 3292 2199 3348 tentationum

537 3381 798 3450 speciem
829 3380 1087 3440 indicat:
1123 3381 1539 3447 contumelias,
1577 3381 2088 3452 exprobrationes,
2116 3380 2197 3435 in-

530 3466 722 3536 jurias
750 3469 966 3538 quibus
997 3470 1304 3524 credentes
1344 3487 1379 3526 a
1410 3486 1529 3525 non
1587 3470 1965 3526 credentibus
2016 3469 2199 3541 impe-

536 3554 703 3608 tendi
735 3560 896 3609 sunt.
932 3556 1079 3610 lllud
1106 3573 1347 3628 quoque
1399 3558 1661 3613 ostendis
1712 3559 2000 3613 dicendo:
2063 3560 2199 3623 Quis

536 3642 832 3697 incusabit
857 3650 1058 3699 contra
1088 3648 1299 3699 electos
1324 3647 1467 3701 Dei?
1498 3650 1553 3701 et
1593 3645 1925 3701 manifestat
1978 3646 2079 3711 ibi,
2140 3654 2199 3703 ut

536 3731 596 3785 in
628 3731 1005 3803 supradictis,
1032 3732 1089 3787 in
1141 3748 1383 3802 vanum,
1411 3736 1526 3789 Deo
1572 3734 1955 3804 justiticante,
1988 3734 2058 3789 iis
2089 3733 2198 3790 lin-

537 3834 719 3891 gnam
742 3821 970 3891 prurire
998 3821 1099 3893 qui
1132 3827 1491 3878 accusantet
1516 3822 1942 3879 condemnant.

715 3908 875 3968 CAP.
912 3910 998 3966 1X.
1022 3912 1185 3965 Vens.
1216 3915 1327 3965 1-5.
1375 3912 1690 3968 Veritatem
1721 3912 1871 3983 dico,
1905 3919 2014 3969 etc.

610 3997 829 4054 Photii.
862 4000 972 4056 Sed
1004 3999 1312 4071 quomodo
1339 4000 1496 4067 dicit,
1539 4017 1720 4073 quem
1777 4001 1923 4057 nihil
1957 4008 2197 4075 separat

542 4103 579 4143 a
610 4088 894 4144 charitate
920 4088 1149 4157 Christi,
1186 4089 1345 4145 hunc
1375 4089 1454 4145 ob
1486 4093 1776 4160 cognatos
1807 4091 2102 4163 inquirere
2141 4097 2195 4149 et

540 4182 747 4249 optare
778 4178 855 4233 ab
882 4178 979 4233 illo
1008 4179 1269 4250 separari
1297 4181 1324 4236 ?
1354 4195 1473 4234 non
1519 4186 1655 4234 sunt
1712 4181 2009 4237 contraria
2060 4181 2191 4249 ista,

547 4265 652 4321 sed
683 4271 739 4321 et
770 4267 970 4337 potius
1001 4268 1390 4324 concordant.
1428 4269 1535 4333 Qui
1569 4268 1727 4324 enim
1752 4268 1989 4325 fratrem
2016 4286 2194 4326 suum

540 4354 949 4424 diligit,Deum
971 4356 1195 4427 diligit;
1224 4358 1292 4412 In
1316 4358 1424 4414 hoc
1449 4358 1601 4414 enim
1625 4366 1974 4429 cognoscent
1997 4376 2195 4417 omnes

543 4442 681 4515 quia
714 4444 993 4514 discipuli
1016 4445 1131 4502 mei
1158 4446 1312 4513 estis,
1339 4445 1387 4500 si
1428 4446 1782 4503 charitatem
1850 4447 2107 4505 habeatis
2136 4466 2195 4504 ιη
2225 4434 2270 4488 D

544 4534 923 4589 alterutrum.
958 4535 1041 4588 lta
1072 4541 1175 4599 est,
1210 4534 1441 4606 inquit;
1490 4535 1595 4590 sed
1649 4535 1728 4590 ibi
1790 4536 1886 4590 Dei
1926 4536 2195 4593 charitati

539 4621 798 4694 proximi
823 4623 1528 4696 charitatem,anteponit.
1557 4623 1673 4679 Sed
1704 4624 1834 4680 illos
1863 4625 2191 4695 diligendo,

548 4711 777 4768 Christo
808 4712 1266 4768 identiﬁcamur.
1302 4712 1570 4769 Ostendit
1590 4730 1732 4784 ergo
1750 4716 2195 4786 supereminen-

550 4802 671 4856 tem
691 4801 1064 4870 charitatem,
1097 4802 1155 4857 in
1181 4817 1251 4858 eo
1278 4802 1445 4874 quod
1485 4801 1633 4859 alios
1677 4803 1736 4859 in
1770 4820 1830 4859 se
1853 4805 2194 4875 conjunxit;

544 4887 794 4947 itaenim
827 4890 1071 4961 intelligi
1098 4891 1271 4947 debet
1314 4892 1479 4963 quod
1538 4892 1784 4948 dicitur:
1825 4893 1877 4949 Si
1912 4892 2198 4965 possibile

545 4982 697 5033 esset
718 4995 1036 5049 permeam
1090 4980 1484 5051 perditionem
1536 4982 1826 5038 Christum
1857 4982 2194 5053 gloriﬁcari,

548 5067 605 5119 et
629 5066 846 5122 Judeos
873 5070 1112 5136 salvari,
1146 5086 1268 5127 non
1300 5070 1445 5127 illud
1471 5070 1851 5144 deprecarer;
1882 5072 1997 5127 alio
2020 5088 2201 5129 sensu

549 5152 707 5208 enim
735 5170 855 5210 non
886 5158 1031 5215 dicit
1063 5160 1550 5229 anathema/ieri,
1584 5160 1755 5229 idest,
1790 5161 2010 5217 abhinc
2034 5176 2201 5232 sepa-

543 5241 661 5300 rari
694 5241 926 5310 abillo;
968 5247 1027 5301 id
1086 5249 1245 5304 enim
1296 5249 1556 5306 maxime
1600 5249 2020 5306 detestandum
2075 5256 2197 5321 est;

543 5332 643 5390 sed
679 5332 1001 5389 anathema
1023 5349 1162 5401 esse,
1189 5338 1250 5392 id
1276 5344 1385 5404 est,
1420 5344 1765 5411 separatum
1786 5340 1984 5396 adhuc
2000 5356 2203 5398 mane-

542 5436 627 5489 re,
652 5435 848 5493 neque
870 5421 948 5477 ad
977 5420 1273 5480 Christum
1314 5426 1555 5493 adiisse,
1598 5427 1704 5485 sed
1742 5428 1943 5485 adhuc
1985 5428 2063 5486 ab
2102 5429 2201 5487 illo

544 5510 806 5588 separari
822 5526 836 5579 ;
857 5509 903 5568 si
932 5508 1094 5567 istud
1116 5512 1194 5568 ad
1212 5519 1465 5573 vestram
1477 5519 1928 5577 conversionem
1942 5523 1999 5576 et
2019 5518 2202 5577 ﬁdem

1761 275 1997 333 PHO'I‘II
2039 274 2524 331 PATRIARCHE
2562 275 2669 330 ΟΡ.
3701 282 3791 340 iiii

2709 406 2771 453 Ti
2798 397 2884 452 οὖν
2908 400 3117 474 ἐροῦμεν
3144 402 3269 474 πρὸς
3292 406 3460 452 ταῦτα
3487 417 3500 455 :

2370 494 2589 544 Φωτίου.
2642 488 2709 542 Ἦ
2756 495 2845 542 καὶ
2897 490 3075 549 οὕτως’
3132 494 3194 541 Τί
3246 489 3453 562 ἐροῦμεν
3506 494 3619 562 πρὸς
3659 502 3800 560 τιό-τας

2298 582 2373 630 ὅτι
2429 586 2737 654 προώρισεν,
2795 581 2874 631 ὃτι
2943 579 3198 641 ἐκάλεσεν,
3253 580 3333 630 ὅτι
3416 576 3705 652 ἐδικαίωσεν,
3754 586 3804 634 ὁτι

2299 664 2517 730 ἓδόξασε
2572 685 2585 699 ·

2300 756 2553 829 ἐροῦμενς
2609 754 2750 809 Οὐδὲ
2808 757 3158 831 εῦχαρίστων,
3219 762 3397 828 φησὶν,
3431 756 3585 827 λόγων
3634 760 3813 830 timeri.

2642 672 2771 741 πρὸς
2848 671 3092 725 τοιαύτην
3154 666 3398 739 ἀφθονίαν
3452 667 3727 743 εὐεργεσιῶν,
3777 678 3809 725 τί

2300 865 2388 918 μεν
2422 863 2435 877 ’
2470 852 2540 918 μή
2590 866 2640 899 τι
2690 866 2748 918 γε
2777 850 2935 919 ἔργων
2995 846 3237 919 ἀμοιϐῆς.
3295 850 3520 903 Τοιαύτη
3575 849 3694 899 ἐστὶν
3728 851 3816 920 ἄφα-

2301 955 2384 995 τος
2425 936 2582 989 αὐτοῦ
2617 939 2647 995 ἡ
2699 940 2812 1009 περὶ
2843 939 2978 1009 ἡμᾶς
3032 938 3210 1009 χάρις.
3262 934 3388 989 Εἶτα
3440 938 3600 1001 ὥσπερ
3642 943 3820 1010 πόρισμα

2300 1023 2468 1076 λαϐὼν
2521 1024 2766 1091 ἐντεῦθεν,
2828 1032 3004 1097 φησὶν,
3061 1030 3119 1079 Εἰ
3173 1027 3198 1077 ὁ
3244 1029 3367 1085 Θεὸς
3416 1027 3537 1095 ὑπὲρ
3586 1026 3725 1097 ἡμῶν,
3766 1032 3821 1088 τίς

2302 1116 2421 1166 καθ’
2469 1115 2659 1187 ἡμῶν;
2722 1112 2933 1176 Οὐδείς.
2996 1117 3099 1167 Κάν
3151 1117 3250 1187 γὰρ
3314 1134 3447 1176 τινες
3497 1112 3713 1185 βλάπτειν
3754 1116 3824 1167 ἐτι-

2302 1209 2648 1277 χειρησωσιν,
2682 1204 2740 1256 οῦ
2773 1203 3091 1277 βλάψουσιν,
3127 1202 3250 1255 ἀλλὰ
3275 1204 3638 1275 ὠφελήσουσιν.

2624 1300 2744 1356 Τοῖς
2763 1295 2897 1346 κατά
2928 1295 3173 1365 πρόθεσιν
3202 1292 3416 1354 κλητοῖς
3437 1292 3570 1345 οὖσι.

2378 1460 2596 1509 Φωτίου.
2646 1459 2899 1508 Τουτέστι
2947 1463 3054 1515 τοῖς
3109 1456 3245 1507 κατὰ
3284 1459 3515 1526 γνώμην,
3546 1455 3667 1506 κατὰ
3700 1456 3831 1525 πρόθε-

2311 1564 2391 1598 σιν
2420 1544 2689 1608 ἀξιωθιίσι
2715 1554 2810 1609 τῆς
2839 1544 3093 1607 κλήσεως.

2235 1752 2277 1806 B
2306 1720 2397 1782 ’ος
2449 1742 2505 1794 γε
2564 1729 2656 1774 τοῦ
2711 1719 2849 1774 ἰδίου
2936 1725 3056 1806 rio?
3132 1721 3224 1773 οῦκ
3282 1724 3543 1793 ἐφείσατο,
3600 1721 3693 1806 ἀλλ’
3746 1724 3834 1793 ὑπὲρ

2378 1791 2523 1865 ἡμῶν
2601 1796 2801 1847 πάντων
2874 1791 3174 1865 παρέδωκεν
3255 1791 3435 1857 miror,
3490 1802 3589 1853 πῶς
3636 1792 3744 1863 οὐχὶ
3778 1791 3837 1844 ut

2381 1869 2473 1917 σὺν
2506 1866 2646 1937 αὐτῷ
2675 1868 2741 1918 τά
2760 1868 2929 1917 πάντα
2958 1867 3083 1937 ἡμῖν
3109 1870 3435 1937 χαρίσεταις

2380 1959 2597 2009 Φωτίου,
2631 1954 2837 2006 Τέθεικε
2888 1958 3060 2005 τοίνυν
3118 1958 3197 2017 τὸ,
3246 1960 3342 2014 ’ος
3390 1971 3446 2023 γε
3495 1959 3581 2006 τοῦ
3613 1949 3730 2003 ἰδίον
3754 1955 3839 2002 Tit-5

2309 2063 2403 2095 ουκ
2434 2044 2693 2115 ἐφείσατο,
2726 2048 2819 2101 τὴν
2858 2040 3196 2115 κηδεμονίαν,
3230 2046 3296 2103 ὡς
3346 2045 3549 2113 ἔφαμεν,
3592 2045 3674 2099 τὴν
3699 2042 3839 2111 ἄφετον

2308 2138 2398 2183 τοῦ
2453 2139 2585 2184 Θεοῦ
2628 2135 2722 2189 τὴν
2764 2135 2880 2203 περὶ
2908 2133 3047 2202 ἡμᾶς
3101 2128 3505 2201 ἐνδεικνύμενος.
3563 2134 3650 2180 Καὶ
3694 2128 3782 2197 ἅμα
3814 2129 3842 2176 εἰ

2308 2240 2359 2272 τι
2400 2216 2658 2293 δυσχερὲς
2716 2221 2813 2271 ὑπὸ
2849 2239 2981 2279 τινος
3040 2221 3346 2290 πάσχομεν,
3393 2224 3640 2291 καρτερεῖν
3677 2213 3752 2269 δίξι
3780 2223 3842 2267 τοῦ

2307 2304 2736 2381 παραδείγματος
2810 2318 3092 2383 παραινῶν.
3163 2308 3238 2360 Οὐ
3304 2312 3461 2379 μόνον
3507 2303 3581 2370 δὲ,
3635 2304 3741 2357 ἀλλὰ
3779 2310 3841 2354 καὶ

2309 2398 2664 2470 ἀνακτώμενος
2711 2404 2801 2450 καὶ
2849 2406 3181 2471 παρηγορῶν.
3230 2398 3291 2448 Ei
3318 2401 3424 2469 γὰρ
3474 2398 3498 2447 6
3526 2398 3635 2456 Υἱὸς
3664 2401 3839 2446 τοσαῦτα

2306 2489 2433 2559 ῦπερ
2480 2495 2574 2539 σοῦ
2628 2490 2801 2551 ἔπαθε,
2847 2492 2899 2540 τί
2949 2506 3005 2539 σε
3034 2491 3142 2561 χρὴ
3191 2489 3381 2539 παθεῖν
3422 2488 3546 2557 ὑπὲρ
3575 2490 3711 2536 αὑτοῦ
3737 2500 3747 2548 ;
3775 2491 3837 2534 καὶ

2307 2576 2351 2628 εἰ
2402 2575 2585 2636 ἐκεῖνος
2652 2584 2871 2628 τοιαῦτα
2924 2577 3122 2641 παθὼν,
3182 2583 3274 2635 τῆς
3336 2582 3592 2647 πατρικῆς
3637 2569 3763 2634 δόξης
3797 2589 3836 2621 τε

2306 2670 2395 2717 καὶ
2447 2667 2681 2725 θεότητος
2725 2661 2873 2717 οὐδέν
2926 2684 2977 2716 τι
3035 2666 3412 2735 καθυφειμένον
3470 2659 3658 2723 ἐδέξατο
3694 2656 3831 2730 ’μηδὲ

2310 2758 2374 2806 σὺ
2428 2754 2761 2828 ὀλιγωρησης
2837 2757 3063 2825 πάσχων
3108 2762 3297 2807 ταῦτα.
3390 2754 3596 2813 Πάντως
3651 2752 3731 2821 γὰρ
3766 2756 3838 2798 τῶν

2308 2842 2713 2916 ἐπηγγελμένων,
2790 2848 2874 2895 καὶ
2957 2845 3085 2915 μετά
3138 2845 3205 2895 τὰ
3272 2845 3582 2915 παθήματα,
3635 2844 3708 2892 καὶ
3749 2838 3842 2909 μετὰ

2308 2935 2393 2985 τὸν
2428 2934 2663 3001 θάνατον,
2698 2932 2891 2995 ἀξιωθη
2902 2952 2965 3004 ση
2979 2970 2991 2984 .

2592 3026 2680 3082 Τίς
2704 3020 2968 3093 ἐγκαλέσει
2997 3023 3134 3072 κατὰ
3161 3020 3418 3073 ἐκλεκτῶν
3448 3026 3578 3073 Θεοῦ
3605 3038 3620 3087 ;

2380 3114 2600 3165 Φωτίου.
2676 3111 2755 3163 Ἐν
2807 3118 2917 3171 τοῖς
2972 3112 3259 3183 ἔμπροσθεν
3307 3106 3367 3162 δὲ
3422 3110 3569 3161 εἰπὼν
3622 3110 3724 3165 τοὺς
3765 3121 3843 3155 πει·

2309 3203 2546 3271 ρασμοῦς
2574 3203 2688 3259 τοὺς
2734 3196 2827 3250 διὰ
2870 3198 3087 3269 θλίψεων
3131 3204 3218 3250 καὶ
3265 3197 3537 3269 βασάνων,
3571 3194 3615 3248 ἓν
3642 3203 3703 3264 τῶ
3729 3193 3841 3245 εἰπεῖν

2308 3292 2400 3349 Τίς
2450 3288 2567 3341 καθ’
2608 3290 2797 3360 ημῶνς
2848 3296 2934 3340 νῦν
2982 3289 3147 3359 ἕτερον
3196 3285 3343 3351 εἶδος
3390 3293 3675 3360 πειρασμῶν
3708 3283 3843 3351 λέγει·

2309 3380 2424 3437 τοῦς
2476 3374 2823 3450 ὀνειδισμοὺς,
2886 3381 2981 3439 τὰς
3057 3376 3305 3449 μέμψεις,
3365 3380 3462 3438 τὰς
3510 3370 3757 3448 λοιδορίας,
3801 3367 3845 3427 οἷς

2310 3472 2557 3538 κατέχεον
2607 3469 2656 3519 οἱ
2706 3468 2923 3519 ἄπιστοι
2965 3476 3063 3518 τῶν
3115 3475 3341 3519 πιστῶν.
3398 3471 3497 3519 Καὶ
3548 3471 3687 3516 τοῦτο
3731 3457 3845 3516 δηλοῖ

2311 3552 2405 3607 διὰ
2479 3564 2571 3608 τοῦ
2652 3556 2830 3627 λέγειν,
2914 3561 3000 3616 Τίς
3083 3554 3356 3626 ἐγκαλέσει
3441 3558 3571 3606 κατά
3653 3550 3842 3603 illam}:

2311 3652 2443 3699 Θεοῦ
2485 3662 2498 3711 ;
2550 3650 2638 3697 καὶ
2705 3642 3047 3698 ἀποδείκνυσι
3098 3643 3395 3713 κάνταῦθα,
3449 3647 3613 3715 ὥσπερ
3670 3642 3744 3690 καὶ
3785 3635 3846 3686 ἐπὶ

2308 3743 2407 3787 τῶν
2463 3734 2761 3807 εἰρημένων,
2828 3736 2910 3786 ὅτι
2975 3740 3107 3787 Θεοῦ
3182 3730 3534 3795 δικαιοῦντος,
3608 3730 3670 3789 εἰς
3716 3728 3843 3799 μάτην

2306 3823 2740 3895 γλωσσαλγοῦσιν
2772 3826 2820 3874 οἱ
2850 3823 3140 3894 αἰτιώμενοι
3171 3828 3260 3874 καὶ
3285 3826 3687 3893 κατακρίνοντες.

2757 3912 3026 3971 Ἀλήθειαν
3056 3912 3204 3983 λέγω,
3242 3932 3293 3966 κ.
3328 3932 3379 3967 τ.
3414 3912 3461 3965 λ.

2379 4005 2597 4055 Φωτίου.
2651 4000 2811 4054 Ἀλλά
2867 4010 2983 4069 πῶς,
3037 4006 3217 4073 φησιν,
3251 4001 3307 4052 ὃν
3363 3997 3512 4054 οῦδεν
3555 3990 3843 4071 χωρίζειᾶπὸ

2305 4100 2401 4150 τῆς
2476 4090 2685 4161 ἀγάπης
2756 4098 2844 4143 τοῦ
2920 4097 3174 4164 Χριστοῦ,
3231 4098 3387 4151 οῦτος
3459 4090 3580 4160 ὑπερ
3642 4088 3843 4153 συγγενῶν

2306 4178 2540 4240 ἐπιζητεί
2588 4184 2677 4231 καὶ
2724 4182 2935 4251 εὔχεται
2980 4182 3163 4232 τούτου
3207 4182 3546 4251 χωρισθῆναι
3579 4195 3589 4239 ;
3624 4172 3705 4227 οῦκ
3743 4172 3842 4222 ἔστιν

2306 4268 2511 4321 ἐναντία
2560 4276 2744 4334 ταῦτα,
2804 4268 2930 4321 ἀλλά
2994 4275 3083 4321 καὶ
3150 4268 3342 4340 μᾶλλον
3401 4262 3627 4338 συνᾴδει.
3673 4263 3723 4313 Ὀ
3770 4262 3840 4329 γὰρ

2307 4357 2521 4429 ἀγαπῶν
2573 4362 2659 4410 τὸν
2739 4354 2957 4430 ἀδελφὸν
3012 4358 3192 4423 αὐτοῦ,
3248 4361 3327 4409 τὸν
3394 4359 3519 4410 Θεὸν
3569 4353 3740 4424 ἀγαπᾶ.
3786 4346 3841 4398 Ἐν

2306 4450 2470 4519 τούτῳ
2543 4450 2644 4520 γὰρ
2722 4454 3014 4518 γνώσονται
3100 4450 3284 4509 πάντες
3359 4448 3440 4498 ὅτι
3504 4444 3606 4516 ἐμοὶ
3660 4438 3839 4513 μαθηταί

2306 4534 2440 4601 ἐστε,
2515 4538 2598 4588 ἐὰν
2661 4534 2868 4607 ἀγάπην
2957 4538 3118 4607 ἔχητε
3210 4540 3334 4609 πρὸς
3421 4532 3675 4591 ἀλλήλους.
3748 4526 3837 4581 Nai.

2308 4629 2464 4696 φησίν
2509 4644 2521 4657 ο
2569 4623 2674 4677 ἀλλ’
2721 4626 2943 4677 ἐνταῦθα
2986 4643 3252 4698 προκρίνει
3299 4633 3395 4685 τῆς
3452 4626 3571 4694 πρὸς
3620 4622 3697 4670 τὸν
3748 4614 3839 4665 Θεὸν

2308 4713 2537 4785 ἀγάπης,
2592 4718 2685 4772 τὴν
2739 4722 2831 4766 τοῦ
2863 4713 3105 4772 πλησίον.
3154 4713 3310 4766 ’Δλλά
3351 4716 3411 4765 τὸ
3453 4711 3605 4783 φιλεῖν
3654 4706 3837 4765 ἐκείνους,

2306 4806 2364 4855 τὸ
2415 4803 2683 4855 οἰκειῶσαι
2750 4813 2823 4874 τῷ
2893 4810 3108 4876 Χριστῷ
3163 4802 3295 4855 ἐστι.
3347 4806 3578 4854 Δείκνυσι
3628 4802 3734 4867 γοῦν
3774 4795 3838 4843 τὴν

2307 4892 2729 4966 ὑπερϐάλλουσαν
2783 4892 3011 4964 ἀγάπην,
3068 4896 3146 4946 ὅτι
3200 4898 3289 4945 καὶ
3338 4892 3536 4964 ἐτέρους
3592 4884 3837 4966 συνήλαωῇ

2309 4981 2379 5043 εἰς
2426 4982 2601 5035 αὐτόν.
2678 4983 2824 5035 Οὕτω
2880 4985 2981 5055 γὰρ
3057 4980 3116 5033 ἂν
3171 4989 3339 5034 νοοῖτο
3394 4985 3453 5033 τὸ
3504 4980 3647 5054 ῥητόν
3676 4971 3759 5025 Ἐἰ
3798 4962 3837 5022 ξι

2310 5068 2530 5124 δυνατὸν
2563 5068 2597 5124 δ
2603 5075 2655 5124 ιά
2696 5080 2791 5133 τῆς
2834 5072 2961 5143 ἐμῆς
2992 5070 3261 5137 ἀπωλείας,
3293 5067 3607 5133 δοξασθῆναι
3650 5067 3722 5115 τὸν
3748 5065 3837 5127 Χρι-

2311 5165 2454 5229 στὸν»
2500 5165 2591 5213 καὶ
2648 5163 2878 5219 σωθῆναι
2927 5165 3047 5221 τοὺς
3096 5156 3401 5225 Ἰουδαίους,
3455 5154 3573 5210 οὐδὲ
3623 5159 3751 5206 τοῦτο
3794 5142 3833 5194 ἂν

2309 5253 2720 5325 παρῃτησάμην.
2774 5249 2975 5312 ’Δλλως
3026 5268 3081 5303 τε
3132 5246 3257 5302 οὐδὲ
3313 5249 3445 5320 λέγει
3496 5246 3702 5314 ἀνάθεμα
3736 5234 3830 5307 νοῦ

2314 5342 2457 5406 σθαι,
2508 5345 2797 5405 τουτέστιν,
2846 5339 2949 5392 ἀπὸ
3010 5347 3100 5393 τοῦ
3151 5347 3239 5391 νῦν
3298 5338 3455 5391 αὐτοῦ
3518 5331 3826 5407 χωρισθῆναι’

2311 5438 2463 5483 τοῦτο
2548 5432 2649 5505 γὰρ
2737 5428 3119 5483 ἀπευκτοτατον
3157 5446 3169 5459 ·
3226 5426 3353 5481 ἀλλά
3435 5425 3648 5495 ἀνάθεμα
3720 5412 3825 5477 εἶνιὸ

2312 5523 2570 5591 τουτέστι,
2626 5523 3013 5593 κεχωρισμένον
3088 5521 3164 5573 ἔτι
3238 5514 3384 5584 εἶναι,
3456 5520 3540 5568 καὶ
3606 5516 3736 5584 μήπω
3778 5519 3825 5566 τε
