4026 6206
133 292 291 350 1245

1074 275 1507 336 FRAGMENTA
1546 272 1619 330 IN
1656 267 2055 326 EPISTOLAM
2095 266 2190 323 AD
2226 266 2585 324 ROMANOS.

3378 264 3516 322 1246

135 423 367 492 Χριστῷ
441 410 761 487 προσελθεῖν,
827 407 934 460 ἀλλ’
992 409 1068 459 ἔτι
1129 405 1515 476 κεχωρισμένον
1590 397 1749 450 αὑτοῦ

1884 409 1919 448 n
1956 393 2123 448 illum
2155 391 2488 464 proﬁceret.
2524 395 2650 447 Non
2689 390 2850 448 enim
2887 391 3054 464 quod
3091 392 3164 447 ad
3223 393 3516 448 Christum

130 505 277 560 εἶναι
309 525 322 536 ο
355 503 399 557 εἰ
455 508 610 554 τοῦτο
663 499 736 560 εἰς
773 501 865 555 τὴν
916 496 1163 567 ὑμετέραν
1207 487 1411 545 εἴσοδον
1454 492 1544 540 καὶ
1571 491 1750 538 πίστιν

128 602 236 655 τήν
292 595 360 655 εἰς
413 592 568 645 αὐτόν
619 586 884 641 συνετέλει.
929 589 1015 642 Μὴ
1065 586 1166 656 γὰρ
1216 583 1295 634 ὅτι
1345 577 1642 653 προσῆλθον
1681 582 1752 644 τῷ

133 692 392 759 Χριστῷ,
429 677 523 734 διὰ
562 685 714 732 τοῦτο
761 681 851 728 καὶ
893 676 1028 746 ὑμᾶς
1079 691 1141 745 με
1184 668 1559 743 προκαλεῖσθαι
1607 667 1751 759 vopi-

137 749 300 839 σητε,
337 749 517 844 pueri».
552 771 653 821 Καὶ
681 768 782 840 πρὸ
821 764 946 836 ἐμοῦ
991 764 1128 835 ὑμᾶς
1156 757 1452 830 ἠϐουλόμην
1480 749 1758 828 προσδρα-

136 870 261 938 μεῖν
290 861 454 932 αὐτῷ.

308 968 427 1023 ’Ῑνα
455 968 486 1026 ἡ
521 964 638 1018 κατ’
664 962 874 1034 ἐκλογήν
906 967 997 1012 τοῦ
1024 964 1156 1012 Θεοῦ
1184 956 1429 1032 πρόθεσις
1458 955 1606 1024 μένῃ.

217 1147 453 1204 ⁴Ιῠωτίου.
487 1143 554 1197 Ἠ
593 1143 838 1216 πρόθεσιν
882 1139 1056 1198 εἰπὼν,
1098 1142 1187 1188 τοῦ
1237 1138 1369 1187 Θεοῦ
1423 1135 1513 1188 τὴν
1565 1126 1759 1201 βουλὴν

139 1236 453 1297 ἐδήλωσεν·
509 1233 660 1286 εἰπὼν
721 1227 779 1283 δὲ
844 1227 959 1280 κατ’
1018 1225 1250 1295 ἐκλογὴν,
1293 1217 1480 1282 ἔδειξεν
1535 1220 1618 1271 ὅτι
1667 1221 1760 1269 καὶ

146 1325 392 1401 διέφερον
449 1321 698 1380 ἀλλήλων.
754 1315 944 1377 Οὐδεὶς
990 1317 1088 1389 γὰρ
1147 1312 1406 1384 ἐκλέγεται
1464 1311 1629 1401 ἕτερον
1677 1298 1759 1401 ἄρ’

143 1395 348 1490 ἐτέρου,
385 1413 428 1466 εἰ
467 1415 538 1476 μή
588 1430 641 1462 τι
683 1409 844 1461 αὐτοῦ
895 1403 1224 1458 διαλλάσσει.
1261 1401 1426 1454 Εἰπὼν
1464 1395 1522 1451 δὲ
1565 1398 1658 1450 οὐκ
1709 1395 1761 1459 ἐξ

141 1511 335 1582 ἔργων,
391 1497 666 1578 παρέδειξε
715 1503 774 1550 16
824 1497 1040 1570 μέγεθος
1091 1501 1185 1554 τῆς
1249 1490 1479 1550 κλήσεως
1534 1493 1624 1540 καὶ
1670 1495 1758 1546 τῆς

144 1577 378 1668 χάριτος
422 1577 603 1645 αὗτοῦο
662 1590 737 1642 ὅτι
790 1592 880 1638 καὶ
930 1579 1094 1658 μηδὲν
1143 1581 1464 1655 πραξάντων,
1498 1577 1756 1649 ἐκλέγεται

143 1689 239 1738 καὶ
289 1680 689 1757 προσκαλεῖται.

145 1794 320 1847 γεται,
377 1779 486 1833 πῶς
545 1767 834 1838 ἑκλέγεται;
882 1764 943 1817 Ἠ
997 1765 1084 1834 μὲν
1133 1763 1234 1832 γὰρ
1294 1757 1474 1828 ἐκλογὴ
1528 1755 1610 1808 ἐπὶ
1657 1763 1756 1807 τῶν

147 1843 384 1915 κατάντι
411 1863 613 1930 γίνεται
661 1853 1027 1927 διαφερόντων,
1061 1852 1108 1902 οἱ
1157 1845 1216 1901 δὲ
1254 1843 1419 1918 μηδὲν
1451 1845 1755 1920 πράξαντες,

149 1957 206 2005 τί
281 1948 639 2022 διαφέρουσις
695 1949 797 1997 Καὶ
852 1943 1014 1997 πάνυ.
1083 1940 1449 2011 ’Δνθρωπίνοις
1510 1938 1598 2007 μεν
1655 1937 1756 2007 γὰρ

157 2040 439 2112 ὀφθαλμοῖς
519 2035 626 2089 ἐπεὶ
710 2029 860 2085 οὐδὲν
933 2028 1177 2101 ἔπραξαν,
1233 2022 1357 2078 οὖδέ
1427 2020 1754 2097 διαφέρουσι.

153 2135 289 2202 Θείᾳ
336 2125 393 2182 δὲ
428 2130 720 2202 προγνώσει
759 2130 848 2174 του
896 2120 1186 2193 μέλλοντος,
1241 2115 1368 2168 πολὺ
1431 2110 1755 2186 διαφέρουσι.

155 2223 258 2273 Καὶ
284 2221 388 2290 γὰρ
419 2218 445 2268 ὁ
470 2201 566 2289 μὲν
597 2213 916 2287 εὐηρέστησε
943 2216 1015 2278 τῷ
1056 2215 1190 2277 Θεῷ,
1219 2207 1244 2257 ό
1277 2201 1354 2268 δὲ,
1388 2202 1579 2256 οὐκέτι.

428 2326 577 2394 Λέγω
604 2318 712 2373 οὖν.
746 2321 830 2377 Μὴ
866 2319 1116 2370 ἔπταισαν
1150 2315 1233 2365 ἱνα
1259 2315 1463 2365 πέσωσι
1488 2329 1500 2379 ;

229 2506 454 2558 ιΙτοητίου.
510 2495 722 2556 Ἐπειδὴ
781 2493 840 2549 δε
902 2502 1002 2547 τῶν
1051 2497 1502 2567 προσπταιόντων,
1571 2491 1618 2542 οἱ
1673 2492 1762 2561 μὲν

154 2599 434 2653 πταίοντες
501 2587 928 2647 ὑποσκελίζονται
1006 2589 1179 2656 μόνον,
1239 2584 1287 2634 οἱ
1341 2577 1400 2633 δὲ
1460 2584 1551 2632 καὶ
1605 2597 1763 2630 κατα-

154 2688 444 2746 πίπτουσι,
505 2679 657 2732 θέλων
720 2679 838 2736 τοὺς
895 2669 1182 2732 Ἰουδαίους
1242 2671 1354 2743 οἶμα
1406 2673 1494 2742 μὲν
1547 2669 1620 2731 εἰς
1670 2674 1764 2729 την

154 2777 344 2826 πίστιν
418 2766 729 2842 προτρέψαι,
783 2765 894 2837 οἶμα
963 2759 1022 2815 δὲ
1085 2767 1175 2813 καὶ
1249 2761 1761 2834 παραμυθήσασθαι,

158 2864 317 2934 φησὶ,
368 2860 448 2910 ὅτι
502 2860 558 2909 τό
615 2862 858 2925 πταῖσμα
912 2851 1078 2903 αὐτῶν
1141 2850 1234 2902 οὐκ
1298 2849 1367 2911 εἰς
1434 2850 1765 2901 κατάπτωσιν

158 2950 356 3003 τελείαν
423 2950 650 3018 γέγονεν,
710 2942 838 2996 ἀλλὰ
893 2946 1046 3014 μόνον
1113 2939 1218 2992 οἷον
1291 2937 1762 2996 ὑπεσκελίσθησαν.

1860 481 2162 546 adiverim,
2189 480 2322 537 ideo
2339 496 2446 536 vos
2462 497 2496 536 a
2512 496 2604 535 me
2620 481 2946 536 advocatos
2960 494 3089 536 esse
3117 480 3506 546 arbitremini,

1862 571 2054 644 inquit
2084 590 2100 641 ;
2125 571 2304 628 etiam
2331 574 2467 626 ante
2499 585 2593 624 me
2620 585 2727 624 vos
2752 568 3077 625 voluissem
3099 569 3179 625 ad
3202 568 3365 625 illum
3416 585 3516 626 cu-

1863 675 2108 716 curisse.

1939 943 2088 998 CAP.
2121 943 2208 996 1x.
2254 943 2398 998 Vens
2435 945 2515 996 lt.
2571 941 2639 997 Ut
2678 940 3000 997 secundum
3040 942 3371 998 electionem
3419 943 3524 999 Dei

2364 1014 2731 1082 propositum
2749 1016 3024 1069 maneret.

1940 1119 2148 1175 Photii.
2195 1121 2359 1176 Certe
2404 1117 2661 1174 dicendo
2689 1119 3078 1188 propositum,
3118 1119 3218 1174 Dei
3248 1119 3523 1175 volunta-

1871 1213 1989 1264 tem
2003 1208 2379 1279 signiﬁcavit.
2397 1209 2543 1264 Cum
2559 1212 2758 1263 autem
2783 1207 2941 1274 dicit,
2961 1208 3285 1264 secundum
3299 1209 3526 1264 electio-

1868 1314 2022 1363 nem,
2052 1297 2308 1353 ostendit
2334 1295 2462 1352 hac
2491 1297 2643 1352 inter
2675 1311 2737 1352 se
2768 1295 3214 1352 diﬁ‘erre.Nemo
3241 1295 3398 1351 enim
3427 1295 3526 1352 eli-

1871 1389 2027 1458 gitur
2065 1387 2214 1443 alius
2261 1386 2338 1442 ab
2378 1385 2493 1443 alio
2533 1387 2644 1441 nisi
2682 1385 2756 1442 ab
2797 1385 2889 1442 illo
2928 1385 3180 1442 differat.
3245 1385 3523 1451 Dicendo,

1870 1493 1988 1533 non
2021 1491 2090 1533 ex
2119 1475 2408 1545 operibus,
2453 1473 2721 1532 exhibuit
2760 1474 3062 1531 electionis
3102 1483 3157 1530 et
3187 1474 3287 1530 Dei
3320 1474 3525 1546 gratiae

1871 1565 2347 1635 magnitudinem
2371 1581 2384 1630 ;
2407 1562 2572 1636 quod
2603 1579 2720 1618 non
2747 1578 2818 1618 ex
2835 1563 3220 1635 operantibus
3243 1563 3444 1619 electio
3472 1567 3528 1619 et

746 1675 880 1728 Ἀλλ’
930 1651 981 1726 ἐξ
1037 1651 1202 1744 μηδὲν
1259 1668 1561 1743 πραξάντων
1616 1666 1754 1718 ἐκλέ-

1884 1653 2104 1710 vocatio
2119 1653 2201 1708 ﬁt.
2219 1652 2354 1718 Sed,
2371 1653 2419 1707 si
2437 1668 2547 1707 non
2559 1668 2629 1708 ex
2640 1653 3024 1723 operantibus
3039 1651 3244 1707 electio
3264 1652 3349 1718 ﬁt,
3373 1667 3526 1723 quo-

1874 1742 2052 1798 modo
2081 1742 2354 1812 eligitur?
2386 1741 2601 1798 Electio
2625 1742 2786 1797 enim
2812 1741 2876 1796 ﬁt
2903 1742 2962 1796 in
2992 1741 3086 1796 his
3107 1742 3288 1812 quiin
3321 1740 3525 1813 aliquo

1867 1830 2182 1897 differunt;
2221 1831 2538 1902 qniantem
2570 1846 2690 1886 non
2708 1834 3051 1902 operantur,
3102 1831 3161 1886 in
3185 1845 3302 1902 quo
3363 1828 3528 1885 diﬂ‘e-

1869 1925 2006 1976 rnnt
2035 1919 2064 1973 ?
2093 1920 2341 1975 Multum
2363 1919 2630 1992 quidem,
2661 1919 2938 1975 humanis
2970 1919 3131 1975 enim
3161 1919 3367 1984 oculis,
3389 1935 3528 1975 cum

1869 2009 2012 2064 nihil
2044 2009 2276 2081 operati
2308 2014 2466 2074 sunt,
2488 2024 2609 2064 non
2631 2007 2912 2064 differunt
2938 2025 2950 2074 ;
2976 2007 3182 2064 divina
3203 2013 3406 2064 autem
3437 2024 3530 2064 co-

1869 2099 2130 2168 gnitione
2160 2098 2424 2154 futurum
2457 2105 2753 2165 cernente,
2798 2098 3054 2154 multum
3095 2097 3396 2154 differunt.
3435 2100 3528 2154 Et-

1868 2187 2027 2243 enim
2059 2188 2153 2244 hic
2183 2187 2429 2260 quidem
2451 2188 2570 2243 Deo
2596 2185 2838 2258 placuit.
2871 2186 2972 2243 ille
2999 2191 3201 2242 autem
3240 2202 3384 2244 non.

1871 2297 2021 2351 CAP.
2045 2298 2128 2354 XI.
2157 2297 2322 2351 Vens.
2378 2295 2464 2349 11.
2508 2295 2652 2350 Dico
2683 2309 2821 2364 ergo
2855 2309 2868 2348 :
2902 2294 3195 2365 Nunquid
3230 2296 3315 2350 sic
3347 2294 3531 2363 oﬂen-

2367 2367 2587 2422 derunt
2627 2371 2688 2420 ut
2729 2365 3005 2422 caderent
3045 2369 3072 2420 φ

1944 2496 2157 2554 Photii.
2188 2491 2464 2562 Quonian
2495 2495 2550 2546 et
2579 2489 2675 2545 his
2715 2489 2816 2562 qui
2859 2488 3195 2553 offendunt,
3227 2488 3320 2544 alii
3348 2487 3534 2546 offen-

1873 2587 2071 2643 dendo
2101 2583 2382 2641 vacillant
2412 2585 2666 2645 tantum,
2693 2578 2792 2634 alii
2820 2583 3016 2634 autem
3057 2579 3296 2643 cadunt,
3325 2577 3533 2634 volens

1872 2677 2131 2740 Judaeos,
2165 2670 2437 2729 simulad
2463 2669 2646 2724 ﬁdem
2679 2674 3044 2736 convertere,
3070 2668 3365 2739 simulque
3397 2682 3534 2724 con-

1875 2766 2074 2833 solari,
2109 2762 2272 2828 dicit,
2305 2759 2471 2834 quod
2503 2757 2737 2824 illorum
2780 2757 3035 2814 offensio
3067 2773 3190 2813 non
3227 2757 3287 2812 in
3326 2772 3530 2812 casum

1874 2854 2124 2912 omnino
2149 2853 2303 2907 facta
2317 2847 2543 2917 est,sed
2557 2846 2721 2919 quod
2741 2851 2975 2902 tantum
2990 2848 3167 2901 modo
3183 2844 3534 2901 vacillarunt

1876 2947 1942 3000 Et
1978 2943 2038 2998 id
2073 2954 2316 3013 quoque
2343 2953 2446 3008 per
2475 2934 2810 3007 quamdam
2849 2934 3248 2990 oeconomiam
3279 2931 3536 3005 disposi-

161 3043 269 3093 Καὶ
311 3044 468 3089 τοῦτο
519 3031 590 3087 δι’
640 3033 935 3104 οἰκονομίαν
991 3032 1104 3082 τινὰ
1163 3029 1532 3100 συνεχωρήθη,
1567 3027 1648 3078 ἱνα
1693 3033 1765 3097 τῷ

1884 3037 2002 3090 tum
2029 3035 2115 3087 est
2140 3045 2153 3096 ;
2193 3033 2254 3082 ut
2275 3026 2514 3082 illorum
2531 3023 2744 3080 dilecto
2766 3023 2870 3078 ﬁat
2902 3023 3170 3094 gentium
3195 3021 3381 3086 salus,
3411 3021 3536 3077 illo-

159 3127 369 3180 ἐκείνων
424 3127 808 3197 παραπτώματι
863 3124 1078 3192 γένηται
1129 3121 1218 3192 μὲν
1285 3118 1315 3176 ἡ
1377 3120 1615 3191 σωτηρία
1664 3124 1768 3177 τοῖς

161 3219 356 3281 ἔθνεσι,
410 3218 621 3286 γένηται
683 3208 742 3264 δὲ
794 3214 884 3262 καὶ
961 3209 1130 3262 αὐτῶν
1196 3207 1394 3261 ἐκείνων
1466 3205 1767 3280 διόρθωσις,

161 3303 611 3378 παραζηλούντων
699 3304 789 3352 καὶ
863 3301 1190 3371 μιμουμένων
1277 3299 1394 3356 τοὺς
1468 3295 1520 3358 ἐξ
1593 3294 1764 3350 ἐθνῶν.

157 3402 323 3447 Ὥστε
355 3396 414 3445 τό
461 3397 826 3466 προσπταῖσαι
870 3388 1058 3449 αὐτοὺς
1107 3390 1294 3459 τρόπον
1343 3387 1459 3437 τινὰ
1505 3384 1575 3446 εἰς
1624 3383 1770 3458 ἀνόρο

163 3485 332 3536 θωσιν
388 3479 616 3533 συντελεί
670 3483 764 3538 τὴν
820 3478 1007 3531 αὐτῶν.
1060 3479 1215 3547 Εἴπερ
1265 3473 1312 3526 ἐν
1365 3477 1454 3546 μὲν
1498 3483 1568 3545 τῷ
1606 3494 1771 3547 παρα-

160 3578 413 3644 πτώματι
473 3569 641 3622 αὐτῶν
698 3570 728 3627 ἡ
784 3571 1014 3642 σωτηρία
1063 3573 1166 3626 τοῖς
1223 3566 1437 3628 ἔθνεσιν,
1489 3563 1536 3616 ἐν
1596 3560 1654 3616 δὲ
1706 3571 1766 3636 τῇ

168 3665 414 3733 σωτηρίᾳ
459 3658 658 3712 ἐκείνων
701 3659 731 3715 ἠ
779 3658 972 3709 τούτων
1003 3653 1414 3729 παραζὴλωσις·
1459 3650 1550 3706 διὰ
1587 3649 1646 3705 δε
1679 3660 1772 3715 τῆς

162 3748 589 3823 παραζηλώσεως
671 3749 700 3804 ἠ
796 3754 895 3798 τῶν
970 3747 1308 3796 πεπτωκότων
1402 3741 1768 3817 ἐπανόρθωσις.

164 3842 399 3896 Τοιαύτη
429 3841 530 3908 γὰρ
561 3839 591 3895 ἡ
637 3843 730 3888 τοῦ
771 3841 903 3889 Θεοῦ
949 3838 1184 3906 πρόνοια.
1218 3831 1304 3893 Ἐξ
1335 3829 1538 3902 ἀπόρων
1582 3835 1774 3903 πόρους

163 3933 418 4000 παρέχει,
472 3930 562 3978 καὶ
615 3928 670 3978 ἱκ
717 3933 816 3977 τῶν
870 3923 1108 3976 ἐναντίων
1169 3923 1234 3973 τὰ
1288 3924 1644 3995 χρηστότερα,
1709 3921 1775 3971 Οἱ

168 4022 263 4092 μὲν
338 4019 441 4090 γάρ

517 4011 791 4079 Ἰουδαῖοι,
867 4016 1140 4076 ἔπταισαν,
1218 4011 1352 4061 ὥστε
1440 4015 1610 4060 πεσεῖν
1684 4013 1774 4059 καὶ

1877 3135 2122 3192 rumque
2144 3118 2414 3189 ipsorum
2441 3112 2800 3176 emendatio,
2854 3111 3262 3167 aemulantium
3305 3116 3361 3166 et
3398 3109 3533 3166 imi-

1877 3209 2131 3266 tantium
2165 3223 2267 3262 eos
2307 3203 2408 3276 qui
2440 3206 2581 3258 sunt
2612 3217 2681 3256 ex
2713 3199 2989 3270 gentibus
3027 3219 3045 3272 ς
3083 3199 3165 3256 ita
3196 3204 3258 3256 ut
3297 3199 3534 3256 illorum

1879 3297 2177 3354 vacillatio
2205 3293 2470 3350 medium
2505 3290 2801 3364 quoddam
2825 3290 2908 3345 eis
2931 3293 3174 3362 praestet
3203 3289 3280 3345 ad
3313 3287 3537 3345 revela-

1881 3388 2099 3444 tionem
2132 3404 2144 3440 :
2182 3381 2469 3456 siquidem
2494 3381 2555 3435 in
2579 3379 2818 3436 illorum
2837 3379 3056 3434 delicto
3077 3379 3239 3433 salus
3262 3377 3335 3433 sit
3360 3377 3536 3448 genti-

1881 3477 1985 3532 bus
2008 3475 2100 3542 ;in
2123 3477 2314 3528 salute
2333 3475 2533 3526 autem
2554 3467 2832 3540 gentium,
2853 3465 2882 3521 J
2893 3467 3191 3523 ndaeorum
3207 3466 3532 3530 aemulatio,

1879 3572 1936 3622 et
1967 3580 2071 3636 per
2125 3562 2281 3618 hanc
2328 3557 2768 3614 aemulationem
2807 3571 3016 3612 eorum
3048 3556 3153 3627 qui
3198 3554 3542 3611 ceciderunt

1880 3653 2074 3712 elatio.
2121 3651 2274 3707 Talis
2305 3649 2467 3705 enim
2509 3651 2596 3702 est
2637 3645 2738 3702 Dei
2781 3645 3170 3718 providentia.
3229 3648 3308 3700 Ex
3366 3643 3540 3700 inviis

1881 3745 2008 3800 vias
2044 3741 2290 3815 praebet,
2325 3743 2380 3794 et
2420 3753 2491 3793 ex
2518 3735 2834 3792 contrariis
2866 3734 3120 3792 utiliora.
3159 3733 3346 3790 Judaei
3376 3734 3538 3789 enim

1883 3831 2282 3892 offenderunt,
2331 3827 2411 3881 ita
2453 3831 2514 3881 ut
2552 3824 2882 3880 ceciderent
2913 3827 2970 3878 et
3002 3823 3285 3894 jacerent,
3325 3826 3381 3878 et
3426 3837 3539 3877 nec

1883 3920 1994 3974 sibi
2025 3933 2219 3988 neque
2264 3915 2393 3970 aliis
2425 3913 2558 3968 utile
2587 3912 2883 3983 quiddam
2915 3915 3197 3981 praestare
3249 3914 3496 3980 possent
3523 3927 3535 3976 ;

1885 4008 1989 4063 sed
2012 4007 2311 4061 Christum
2350 4001 2586 4056 illorum
2615 3999 2848 4061 delicto,
2884 4003 2940 4053 et
2983 3999 3043 4052 in
3077 3999 3345 4068 gentium
3386 3997 3544 4052 salu-

168 4107 408 4170 κεῖσθαι,
463 4109 554 4157 καὶ
619 4109 750 4176 μήτε
816 4102 1020 4162 ἑαυτοῖς
1089 4103 1219 4172 μήτε
1293 4098 1477 4170 ἑτέροις
1533 4104 1776 4168 χρηστοῦ

1887 4101 2026 4161 tem,
2055 4098 2112 4150 et
2141 4092 2200 4148 in
2226 4090 2467 4146 illorum
2493 4087 2763 4159 ipsorum
2801 4085 3226 4142 revelationem
3260 4101 3402 4140 usus
3433 4089 3542 4148 est.

163 4215 310 4256 τινος
344 4196 587 4266 γενέσθαι
615 4197 794 4247 αἴτιοι.
826 4191 885 4243 Ὀ
914 4187 972 4243 δὲ
1016 4191 1246 4264 Χριστός
1289 4195 1360 4259 τῷ
1390 4186 1556 4238 αὐτῶν
1582 4192 1988 4259 παραπτώματι,
2020 4187 2110 4236 καὶ
2141 4181 2210 4244 εἰς
2253 4184 2347 4238 τὴν
2391 4185 2490 4230 τῶν
2522 4175 2676 4229 ἐθνῶν
2707 4179 2984 4249 σωτηρίαν,
3016 4179 3106 4227 καὶ
3147 4174 3213 4236 εἰς
3246 4178 3339 4232 τὴν
3371 4172 3538 4226 αὐτῶν

168 4284 381 4338 ἐκείνων
412 4283 541 4358 ἐχρή
554 4302 681 4335 σατο
711 4281 1086 4356 ἐπανόρθωσιν.

173 4391 236 4444 Εἰ
313 4393 411 4466 γὰρ
485 4391 515 4448 ἡ
597 4387 825 4446 ἀποϐολὴ
903 4386 1094 4466 αὐτῶν,
1169 4383 1468 4456 καταλλαγὴ
1553 4388 1776 4455 κόσμου,

875 4478 925 4513 κ.
961 4478 1009 4511 τ.
1049 4457 1099 4512 λ.

250 4572 470 4623 Φωτίου.
513 4568 699 4622 Ἰστέον
745 4586 805 4639 γε
851 4570 974 4639 μὴν,
1010 4567 1089 4618 ὅτι
1131 4568 1212 4630 τό,
1240 4563 1300 4617 Εἰ
1330 4566 1428 4635 γὰρ
1476 4563 1505 4620 ἡ
1551 4560 1776 4620 ἀποϐολὴ

183 4658 440 4725 ατᾶτῶν,ἣ
488 4655 806 4727 ἔπανάληψίς
852 4653 964 4706 ἐστι
1009 4659 1119 4719 τοῦ,
1177 4653 1219 4705 εἰ
1268 4648 1327 4704 δὲ
1360 4655 1416 4704 τό
1448 4653 1782 4725 παράπτωμα

175 4747 372 4810 αὐτῶν,
425 4749 494 4808 ὡς
548 4751 638 4798 καὶ
704 4749 1009 4819 προείρηται
1068 4743 1097 4802 ἦ
1159 4741 1302 4794 αἰτία
1375 4749 1470 4802 τῆς
1547 4735 1782 4801 σπουδῆς

177 4835 394 4890 Παύλου
440 4844 530 4896 τῆς
578 4839 694 4908 περὶ
744 4835 803 4886 16
855 4835 1088 4891 σωθῆναι
1127 4831 1334 4892 αὐτούς.
1375 4829 1460 4892 Ὠς
1508 4827 1567 4880 ἂν
1617 4832 1661 4880 εἴ
1707 4848 1782 4889 τις

175 4926 340 4996 ἔλεγε,
393 4928 455 4977 Τί
535 4919 798 4987 σπεύδεις,
877 4920 1064 4991 Παῦλε,
1128 4922 1253 4993 ὑπὲρ
1318 4927 1418 4972 τῶν
1491 4914 1780 4981 Ἰουδαίων,

173 5014 364 5086 λέγων,
423 5016 591 5075 Εῖπως
658 5010 1024 5086 παραζηλώσω
1089 5029 1188 5082 μου
1269 5012 1362 5068 τὴν
1432 5009 1620 5083 σάρκα,
1694 5011 1783 5058 καὶ

178 5110 343 5157 σώσω
392 5105 533 5164 τινας
582 5101 634 5164 ἐξ
691 5101 900 5166 αὐτών;
956 5104 1052 5161 Τίς
1107 5098 1247 5151 ἔστιν
1301 5099 1326 5150 ό
1392 5101 1638 5158 τοσοῦτός
1689 5115 1782 5148 σου

175 5192 364 5265 ἆγών;
396 5197 520 5259 Ναὶ,
568 5195 717 5264 φησὶ,
768 5194 1022 5265 προσήκει
1070 5207 1160 5262 μοι
1209 5183 1449 5240 σπεύδειν
1505 5191 1594 5238 καὶ
1651 5183 1785 5258 ἀγω-

172 5284 440 5344 νίζεσθαι.
515 5281 574 5336 Εἰ
647 5283 748 5355 γὰρ
817 5284 906 5332 καὶ
995 5281 1189 5331 τούτων
1269 5276 1594 5342 ἐκλιπόντων,
1651 5277 1785 5348 ὅμως

174 5370 484 5444 κατηλλάγη
549 5373 574 5422 ὁ
634 5373 761 5432 Θεὸς
816 5376 890 5440 τῷ
947 5372 1148 5441 κόσμῳ,
1205 5371 1288 5419 καὶ
1347 5370 1403 5418 τό
1468 5369 1784 5439 μεσότοιχον

176 5463 321 5536 ἤρθη
372 5469 468 5523 τῆς
511 5459 734 5521 παλαιᾶς
772 5460 991 5534 ἔχθρας,
1023 5462 1073 5510 1i
1122 5455 1182 5508 ἆν
1214 5455 1271 5509 οὐ
1317 5459 1516 5528 γένοιτο
1544 5456 1786 5529 χρηστόν

175 5557 272 5606 καὶ
348 5552 805 5625 ὑπερθαύμαστον,
880 5551 970 5600 καὶ
1061 5549 1255 5599 τούτων
1351 5546 1614 5599 σωθέντων
1696 5549 1786 5597 καὶ

1886 4382 2060 4437 Vens.
2090 4383 2172 4436 15.
2215 4377 2282 4435 Si
2319 4375 2468 4432 enim
2509 4372 2744 4431 amissio
2791 4386 2984 4428 eorum
3026 4368 3419 4427 reconciliatio
3459 4375 3544 4425 est

2527 4445 2754 4509 mundi,
2789 4447 2898 4499 etc.

1956 4557 2168 4616 Photii.
2203 4553 2514 4612 Sciendum
2547 4556 2638 4608 est
2666 4550 2832 4624 quod
2862 4549 3007 4605 illud
3030 4567 3044 4580 ο
3078 4549 3143 4607 Si
3183 4547 3337 4606 enim
3381 4547 3543 4604 amis-

1888 4653 1975 4705 sio
1987 4643 2484 4716 eorum,repetitio
2506 4647 2595 4697 est
2614 4639 2952 4713 illius,quod
2968 4641 3019 4695 si
3033 4639 3308 4696 delictum
3321 4652 3541 4694 eorum.

1891 4740 1962 4794 Ut
1989 4736 2148 4793 enim
2191 4749 2375 4805 supra
2423 4731 2648 4788 dictum
2717 4735 2828 4794 est,
2871 4745 3056 4786 causa
3108 4733 3196 4784 est
3219 4730 3545 4783 conatuum

1891 4825 2056 4883 Pauli
2088 4825 2164 4881 ob
2195 4823 2429 4878 illorum
2463 4820 2741 4876 salutem.
2787 4819 2842 4876 Si
2887 4819 3043 4874 enim
3101 4817 3236 4890 quis
3275 4816 3496 4871 diceret
3526 4829 3541 4870 :

1894 4914 2049 4982 Quid
2087 4912 2341 4976 conaris,
2373 4908 2574 4975 Paule,
2593 4907 2666 4964 de
2687 4908 2924 4974 Iudaeis,
2954 4905 3210 4962 dicendo
3243 4922 3255 4960 :
3288 4904 3354 4961 Si
3400 4919 3544 4975 quo-

1893 5005 2064 5060 modo
2093 5003 2173 5060 ad
2204 5001 2644 5058 aemulationem
2669 5013 2974 5067 provocem
3009 5009 3244 5053 carnem
3270 4997 3542 5061 meam,et

1893 5092 2076 5150 salvos
2098 5090 2319 5161 faciam
2351 5088 2576 5157 aliquos
2593 5101 2667 5142 ea:
2692 5085 2830 5141 illis.
2888 5084 3172 5150 Quisnam
3228 5085 3543 5138 esttantus

1895 5184 2001 5239 iste
2026 5181 2207 5239 ardor
2233 5180 2260 5236 εἰ
2290 5177 2560 5243 ita,dicit,
2588 5177 2752 5232 decet
2780 5191 2873 5230 me
2893 5173 3095 5231 conari
3117 5178 3174 5230 et
3209 5172 3440 5231 ardere.
3486 5171 3544 5229 Si

1895 5273 2053 5328 enim
2080 5272 2173 5328 his
2197 5271 2504 5336 derelictis,
2537 5264 2947 5323 mihilominus
3005 5262 3344 5320 reconciliet
3382 5262 3540 5317 Deus

1895 5361 2215 5427 mundum,
2246 5366 2302 5418 et
2325 5360 2561 5417 medius
2592 5355 2786 5430 paries
2816 5353 3056 5412 tollatur
3086 5353 3291 5410 veteris
3339 5350 3534 5406 inimi-

1896 5452 2066 5516 citiae,
2097 5450 2247 5523 quid
2283 5465 2406 5507 non
2435 5448 2582 5505 foret
2605 5445 2745 5504 utile
2783 5449 2841 5502 et
2893 5442 3274 5512 admirabile,
3312 5440 3404 5495 his
3428 5437 3540 5493 sal-

1895 5542 2049 5600 vatis
2079 5547 2134 5597 et
2163 5537 2492 5613 assumptis
2523 5537 2552 5592 ?
2583 5538 2724 5604 Quae
2755 5540 2842 5592 est
2863 5534 3037 5606 igitur
3065 5546 3273 5590 eorum
3304 5539 3542 5585 assum-
