4026 6206
548 275 684 330 1247

1750 264 1988 319 PHOTII
2029 259 2507 318 PATRIARCHlE
2546 260 2654 317 CP.
3691 264 3780 320 ηδε

546 400 669 472 ptio
705 406 760 455 et
790 397 1035 459 additio,
1071 394 1179 451 nisi
1221 394 1480 466 perfecta
1506 399 1561 448 et
1592 393 1823 461 integra
1877 388 2100 453 laetitia,
2131 386 2189 441 in

2317 388 2735 460 τροστεθέντων;
2791 391 2873 448 τίς
2920 383 3008 438 οὖν
3066 388 3214 438 ἔσται
3278 384 3438 437 αὐτῶν
3491 386 3518 441 ἡ
3578 387 3789 459 apricis-,1.“

546 490 660 544 hac
710 488 927 543 scilicet
972 485 1228 557 perfecta
1283 490 1339 538 et
1393 498 1549 538 nova
1603 482 1725 536 vita
1780 487 1836 535 et
1892 492 2189 534 resurrec—

548 578 763 633 tionee
805 574 1069 639 mortuis,
1120 574 1415 635 omnium,
1470 586 1590 626 non
1644 569 1841 625 solum
1879 568 1983 641 qui
2009 565 2193 622 offen—

547 666 777 725 derunt,
812 665 914 719 sed
969 668 1024 718 et
1065 662 1167 735 qui
1220 677 1409 733 usque
1459 660 1536 714 ad
1588 664 1838 715 mortem
1898 663 1953 712 et
2001 656 2192 711 interi-

546 758 668 810 tum
697 753 1080 808 ceciderunt?
1112 755 1172 806 Et
1222 750 1353 805 vide
1389 767 1399 804 :
1450 749 1745 820 Incipiens
1796 746 2190 802 offensionem

542 842 860 914 appellavit
912 841 1256 896 Judaeorum
1296 838 1785 905 incredulitatem,
1810 835 2025 890 deinde
2052 833 2195 888 deli-

543 939 723 987 ctum.
756 932 899 987 Cum
931 936 1131 986 autem
1181 927 1294 983 illis
1341 927 1678 991 ostenderit,
1717 927 1764 980 si
1792 924 2032 981 credere
2065 928 2192 979 tan-

543 1025 668 1077 tum
695 1019 1231 1081 volunt,bouorum
1250 1016 1726 1086 magnitudinem
1750 1032 1762 1080 ;
1794 1021 1846 1069 et
1869 1013 1999 1068 illos
2032 1012 2191 1068 exci-

547 1109 773 1173 taverit,
806 1108 937 1163 illos
971 1106 1339 1162 nominando
1365 1106 1631 1177 gentium
1664 1104 1927 1168 divitias,
1985 1101 2193 1157 mundi

548 1199 1110 1267 reconciliationem,
1132 1202 1187 1252 et
1212 1213 1454 1252 carnem
1488 1212 1662 1252 suam
1692 1194 2020 1267 propriam,
2056 1200 2195 1249 tunc

548 1287 971 1343 incredulitatis
997 1286 1163 1341 nefas
1194 1292 1486 1358 quantum
1512 1286 1582 1340 sit
1611 1285 1892 1347 ostendit;
1928 1289 2194 1338 mortuos

546 1394 653 1450 per
674 1377 826 1433 hanc
856 1376 1134 1432 eamdem
1154 1375 1282 1431 ﬁeri
1334 1375 1701 1443 signiﬁcans.
1731 1374 1840 1430 Sed
1875 1373 1988 1428 hoc
2007 1372 2196 1428 admi-

549 1466 809 1523 rabiliter
833 1466 1090 1521 maxime
1120 1465 1489 1536 etsapienter
1514 1463 1675 1520 facit.
1708 1463 1854 1518 Cum
1886 1461 2041 1517 enim
2069 1461 2197 1517 illos

548 1556 849 1628 appellare
879 1560 1164 1620 mortuos,
1194 1570 1468 1609 amarum
1491 1558 1547 1609 et
1576 1549 2078 1608 contumeliosum
2104 1550 2196 1617 sit,

549 1652 605 1701 et
643 1647 703 1701 in
733 1646 1013 1716 injuriam
1044 1644 1233 1712 magis
1268 1659 1451 1715 quam
1485 1643 1543 1697 in
1577 1640 2043 1698 exhortationem
2080 1646 2200 1697 ten-

2301 482 2388 527 καὶ
2429 477 2457 533 ἡ
2507 477 2805 547 προσθήκη,
2849 476 2892 528 εἰ
2949 480 3020 547 μὴ
3073 473 3239 527 τελεία
3289 477 3377 526 καὶ
3425 473 3659 547 ὁλόκληρος
3680 482 3791 550 χαρὰ,

2302 568 2368 624 ὡς
2420 565 2503 617 ἐπὶ
2544 565 2710 637 τελείᾳ
2759 570 2848 616 καί
2902 573 3053 638 καινῇ
3103 564 3208 636 ζωῇ
3256 569 3345 615 καὶ
3398 562 3645 615 ἀναϐίωσιν.
3681 564 3720 615 ἐκ
3748 586 3793 617 νι-

2300 663 2454 726 κρῶν,
2501 657 2727 722 πάντων,
2768 655 2826 707 ού
2876 660 3028 725 μόνον
3073 662 3172 706 τῶν
3228 655 3673 726 προσπταισάντων,
3714 652 3799 707 ἀλλὰ

2302 747 2391 795 καὶ
2447 751 2547 795 τῶν
2598 748 2757 816 μέχρι
2819 746 3040 795 θανάτου
3098 748 3189 795 καὶ
3237 750 3518 814 νεκρῶσεως
3566 750 3802 795 καταπεσόνο

2302 850 2433 899 των;
2487 838 2587 886 Καὶ
2640 835 2754 904 ὅρα·
2816 832 3107 907 ἀρχόμενος
3161 835 3272 905 μεν,
3324 839 3551 903 πταῖσμα
3594 836 3666 889 τήν
3705 831 3805 885 ἀπεί-

2307 924 2443 974 θειαν
2528 921 2736 975 ἐκάλεσε
2810 932 2908 975 τῶν

2305 1010 2516 1069 Ἐπειδὴ

2304 1102 2603 1164 πεισθῆναι,
2662 1104 2719 1152 τὸ
2808 1103 3021 1173 μέγεθος
3086 1109 3184 1152 τῶν
3265 1098 3486 1171 ἀγαθῶν,
3544 1104 3621 1151 καί
3683 1099 3812 1171 ἐπξριν

2305 1189 2515 1258 αύτούς,

2994 918 3301 975 Ἰουδαίων⁸
3358 918 3465 972 εἶτα
3536 924 3808 994 παράπτωμα,

2588 1008 2647 1064 δε
2718 1008 2907 1074 ἔδειξεν
2981 1011 3176 1075 αὐτοῖς,
3255 1010 3336 1063 ἐὰν
3404 1009 3657 1082 βούλωνται
3706 1016 3810 1082 μόνον

2590 1189 2807 1242 πλοῦτον
2898 1189 3049 1242 ἐθνῶν
3137 1188 3323 1253 καλῶν,
3400 1195 3484 1240 καὶ
3564 1188 3815 1255 καταλλαγὴν

2305 1284 2528 1351 κόσμου,
2577 1283 2663 1330 καί
2722 1280 2894 1353 σάρκα
2941 1279 3152 1330 οἰκείαν·
3206 1284 3315 1329 τότε
3369 1283 3455 1329 καὶ
3504 1287 3585 1339 τῆς
3625 1279 3817 1335 ἀπειθείας

2306 1369 2363 1418 τὸ
2415 1368 2608 1419 οἰτοπον
2662 1367 2838 1425 ἡλίκον
2888 1368 3001 1420 ἐστὶ
3055 1363 3297 1431 δεικνύει,
3352 1371 3548 1440 νεκρούς
3593 1366 3720 1425 αὐτῆς
3755 1361 3819 1415 διὰ

2306 1458 2501 1517 ταύτης
2565 1458 2808 1526 γενέσθαι
2878 1454 3299 1527 ἀποφαινόμενος.
3364 1454 3520 1507 Ἀλλὰ
3580 1458 3655 1505 καὶ
3713 1460 3818 1505 τοῦτο

2307 1543 2421 1596 λίαν
2480 1546 2785 1617 θαυμασίως
2842 1552 2981 1597 ποιεῖ
3028 1549 3116 1596 καὶ
3171 1552 3361 1616 σοφῶς.
3419 1539 3612 1601 Ἐπειδὴ
3657 1545 3735 1615 γὰρ
3781 1546 3819 1592 τό

2309 1638 2519 1706 νεκρούς
2590 1634 2776 1697 αύτούς
2835 1634 3211 1707 ὀνομασθῆναι,
3271 1632 3383 1685 λίαν
3434 1636 3602 1706 πικρὸν
3654 1629 3703 1689 ἧν
3760 1640 3821 1683 καί

548 1735 670 1796 dat,
705 1750 825 1789 non
857 1734 1105 1789 itasicco
1125 1733 1302 1787 modo
1327 1732 1383 1786 id
1406 1731 1706 1803 proponit,
1749 1730 1852 1786 sed
1887 1730 2112 1796 miscet,
2146 1735 2200 1784 et

2317 1728 2675 1797 καταφοριγόν
2731 1728 2821 1775 καὶ
2900 1724 2971 1785 εἰς
3039 1722 3186 1797 ὕϐριν
3259 1722 3445 1794 μᾶλλον
3499 1724 3526 1780 ἡ
3590 1726 3822 1794 παραίνεσιν

548 1822 608 1876 in
633 1821 828 1877 laudis
858 1821 1130 1876 ordinem
1165 1819 1394 1885 praefert
1422 1819 1626 1874 dicens
1662 1836 1673 1873 ε
1713 1821 1851 1885 Quae
1878 1818 2200 1887 assumptio

546 1912 901 1974 eorum,nisi
931 1909 1131 1965 vitaex
1162 1912 1410 1963 mortuis
1431 1910 1460 1960 ‘I
1481 1924 1583 1980 per
1613 1909 1770 1967 hanc
1786 1923 2017 1970 vocem,
2052 1908 2197 1970 vita,

545 2000 880 2070 jucundum
922 1998 1232 2070 quoddam
1282 2013 1553 2069 ponens;
1598 2013 1705 2069 per
1748 1996 1893 2051 illud
1922 2002 2144 2060 autem,
2173 2012 2203 2051 e

547 2090 797 2143 mortuis
811 2086 1159 2157 signiﬁcans
1186 2086 1670 2142 incredulitatem
1700 2100 1911 2141 eorum
1948 2088 2201 2141 mortem

550 2192 700 2233 esse.
1916 2160 1931 2167 ’

623 2284 788 2340 Vens.
813 2286 900 2339 28.
923 2282 1251 2340 Secundum
1277 2282 1670 2352 Evangetium
1696 2282 1953 2353 quidem,
1982 2280 2204 2337 inimici

1205 2362 1451 2423 propter
1480 2370 1598 2409 UOS.

624 2461 847 2516 Photii.
876 2461 1109 2524 Quaret
1127 2459 1367 2530 aliquis.
1389 2459 1436 2513 si
1455 2459 1679 2514 inimici
1702 2458 1837 2515 facti
1857 2460 1972 2514 sint
1994 2457 2200 2523 Judaei,

553 2548 934 2621 propterillos
966 2548 1067 2619 qui
1098 2564 1129 2602 e
1150 2548 1432 2615 gentibus
1464 2548 1862 2613 crediderunt,
1896 2547 2203 2620 quomodo

554 2636 828 2707 superius
852 2636 1372 2702 dixerit,0uandiu
1389 2651 1494 2705 ego
1518 2651 1645 2691 sum
1686 2637 1953 2706 gentium
1976 2643 2206 2706 aposto-

554 2724 1067 2791 tus,ministertum
1082 2738 1269 2779 meum
1290 2724 1619 2789 honoriﬁca
1628 2726 1713 2779 bo.
1733 2726 1922 2789 Quare
1936 2727 1963 2781 ?
1989 2725 2047 2780 Si
2067 2741 2205 2796 quo-

554 2814 724 2870 modo
754 2812 835 2869 ad
871 2812 1292 2868 wmulationem
1338 2827 1649 2882 provocem
1707 2828 1941 2870 carnem
1992 2830 2201 2870 meam.

552 2904 609 2960 Si
641 2903 801 2959 enim
830 2902 909 2957 ob
938 2901 1118 2957 ﬁdem
1152 2902 1418 2973 gentium
1432 2902 1792 2959 aemulantur
1813 2908 1869 2959 et
1898 2903 2206 2959 imitantur

551 2992 759 3058 Judaei,
793 2996 850 3048 et
881 2991 1083 3047 ﬁdeles
1110 2992 1278 3058 fiunt,
1303 2991 1610 3063 quomodo
1655 2999 1895 3065 propter
1942 2993 2075 3047 illos
2103 2992 2207 3047 ini-

554 3082 691 3138 mici
722 3098 931 3137 rursus
964 3080 1100 3135 facti
1128 3086 1265 3135 sunt
1298 3062 1434 3135 ﬁdei
1467 3086 1524 3136 et
1568 3062 1867 3152 Evangelii
1893 3084 1919 3138 ‘i
1954 3082 2064 3139 Sed
2090 3081 2208 3152 pri-
2243 3062 2286 3117 ο

558 3187 656 3228 mo
695 3172 948 3227 dicimus
980 3170 1145 3225 illum
1179 3186 1297 3224 non
1324 3170 1545 3225 dixisse
1594 3170 1673 3226 ob
1705 3171 1884 3226 ﬁdem
1941 3172 2205 3242 gentium

556 3261 823 3316 aemulari
848 3264 905 3315 et
944 3259 1161 3315 imitari
1187 3258 1445 3324 Judasos,
1471 3258 1575 3313 sed
1605 3259 1766 3331 quod
1803 3259 2208 3331 gloriﬁcentur

557 3354 614 3404 et
644 3349 989 3414 laudentur;
1023 3348 1224 3404 Gloria
1254 3349 1485 3404 enimet
1517 3348 1649 3403 laus
1680 3348 1739 3404 in
1760 3349 1893 3404 illos
1920 3349 2023 3421 qui
2070 3354 2209 3404 sunt

556 3453 625 3492 ex
659 3437 936 3505 gentibus
970 3437 1292 3501 incurrens,
1327 3436 1459 3492 illos
1513 3437 1795 3493 excitabit
1848 3439 1926 3493 ad
1966 3437 2208 3493 aemula-

555 3525 782 3578 tionem
809 3529 861 3578 et
925 3524 1311 3579 imitationem
1380 3541 1393 3589 ;
1426 3524 1508 3578 ita
1550 3531 1612 3580 ut
1642 3528 2041 3597 repugnantia
2064 3528 2209 3582 invi-

558 3626 686 3667 cem
710 3626 828 3665 non
857 3610 974 3664 sint
1003 3627 1137 3681 quae
1160 3611 1319 3665 dicta
1345 3618 1517 3665 sunt:
1555 3612 1819 3667 secundo
1841 3620 2064 3679 autem,
2087 3630 2206 3670 non

559 3699 880 3756 asserendo
921 3699 1167 3765 dixisse,
1193 3705 1254 3753 ut
1278 3700 1627 3754 aemulentur
1655 3702 1859 3763 Judaei,
1888 3703 1988 3757 sed
2030 3702 2207 3774 quasi

558 3786 920 3857 ambigendo
945 3792 999 3842 et
1026 3787 1383 3843 dubitando.
1411 3787 1470 3843 Si
1494 3790 1802 3859 quomodo,
1836 3790 1973 3847 dicit
2023 3792 2204 3855 enim,

556 3877 637 3935 ad
666 3878 1106 3934 mmulationem
1160 3892 1472 3947 provocem
1505 3894 1739 3935 carnem
1783 3896 1981 3936 meam.
2025 3881 2206 3945 Sicut,

558 3967 830 4031 fortasse,
852 3967 1278 4023 tametsietiam
1300 3966 1379 4023 ob
1395 3984 1601 4025 eorum
1630 3970 1833 4034 ﬁdem,
1864 3986 1984 4026 non
2009 3976 2207 4027 autem

557 4072 664 4129 per
693 4056 942 4127 gloriam
975 4061 1028 4111 et
1061 4055 1323 4124 laudem,
1357 4057 1577 4114 diceret
1619 4058 1697 4113 ad
1763 4059 2207 4115 aemulationem

558 4159 887 4217 provocare
916 4162 978 4201 se
1002 4146 1260 4211 Judaeos,
1295 4163 1414 4202 non
1436 4148 1517 4202 ita
1551 4147 1662 4203 sibi
1704 4156 2014 4220 pugnaret.
2060 4152 2207 4205 Nam

558 4250 688 4289 cum
702 4234 859 4299 dicit,
888 4234 1117 4290 inimici
1136 4242 1386 4304 propter
1418 4236 1885 4301 vos,Judaaorum
1901 4238 2099 4293 incred
2110 4237 2210 4292 uli~

558 4326 743 4379 tatem
772 4323 1080 4393 signiﬁcat,
1110 4330 1166 4379 et
1196 4340 1435 4379 causam
1484 4342 1589 4380 cur
1634 4326 2042 4382 vehementius
2075 4327 2208 4381 ﬁdei

2316 1813 2602 1865 συντελοῡν·
2634 1812 2738 1885 ούχ
2777 1813 2934 1873 οὕτως
2964 1813 3092 1864 αύτὸ
3136 1814 3318 1870 τίθησι
3362 1812 3537 1886 ξηρῶς,
3564 1810 3672 1862 ἀλλὰ
3695 1814 3825 1882 μίγη·

2315 1921 2397 1953 σιν
2428 1902 2576 1967 αὐτὸ,
2605 1907 2693 1954 καὶ
2743 1901 2789 1953 ἐν
2820 1902 2963 1965 τάξει
3007 1901 3217 1954 ἐπαίνου
3262 1904 3497 1975 προάγει,
3533 1901 3686 1970 λέγων,
3717 1901 3822 1959 Τίςὲ

2312 1991 2611 2066 πρόσληψις
2643 1992 2831 2056 αὐτῶν,
2862 1991 2906 2043 εἰ
2930 1996 3002 2063 μὴ
3035 1994 3139 2053 ζωὴ
3187 1989 3240 2041 ἐκ
3283 1998 3468 2064 νεκρῶν
3492 2007 3506 2055 ;
3529 1986 3613 2041 διὰ
3648 1992 3719 2061 μὲν
3749 1995 3824 2049 τοῦ,

2316 2081 2446 2143 ζωὴ,
2477 2084 2535 2132 τὸ
2562 2080 2827 2153 εὐφραῖνον
2862 2082 3023 2141 τιθείς
3051 2098 3063 2111 ⁶
3099 2077 3192 2131 θ’ιά
3238 2075 3297 2131 δὲ
3328 2086 3439 2144 τού,
3470 2079 3520 2130 ἐκ
3544 2086 3719 2151 νεκρῶν,
3744 2078 3829 2127 {ma

2316 2173 2601 2240 σημαίνων,
2632 2171 2709 2221 ὀτί
2734 2171 2762 2227 ἠ
2794 2167 3029 2220 ἀπείθεια
3060 2168 3225 2219 αὐτῶν
3252 2172 3497 2240 νέκρωσις
3527 2164 3598 2225 ἦν.

2503 2277 2647 2327 Κατά
2676 2278 2766 2346 μὲν
2795 2278 2853 2326 τὸ
2887 2274 3213 2345 Edax/757.102,
3249 2273 3437 2349 ἐχθροὶ
3462 2271 3527 2326 δι’
3558 2274 3686 2345 ὑμᾶς.

2385 2385 2603 2435 Φωτίου.
2653 2386 2908 2438 Ζητήσειε
2961 2376 3013 2432 δ’
3060 2381 3121 2431 ἄν
3165 2400 3260 2444 τις,
3322 2380 3365 2432 εἰ
3416 2379 3588 2452 ἐχθροὶ
3627 2382 3828 2449 γεγόνασιν

2316 2466 2586 2534 Ἰουδαῖοι,
2645 2466 2739 2522 διὰ
2811 2472 2932 2531 τοὺς
2980 2468 3033 2532 ἐξ
3097 2470 3250 2521 ἐθνῶν
3328 2474 3711 2529 πεπιστευκότας,
3752 2474 3828 2523 πῶς

2313 2555 2547 2629 ἀνωτέρω
2622 2557 2806 2629 ἔλεγεν,
2847 2557 2956 2629 Ἐφ’
3030 2559 3150 2610 ὅσον
3190 2558 3299 2627 εἰμὶ
3341 2556 3438 2628 ἐγὼ
3491 2556 3625 2609 ἐθνῶν
3666 2554 3825 2605 eam.

2311 2645 2418 2710 λος,
2449 2651 2536 2704 τὴν
2587 2643 2855 2699 διακονίαν
2902 2666 3002 2719 μου
3051 2643 3299 2711 δοξάζως
3338 2652 3513 2711 Διατί;
3544 2649 3670 2705 εἰπως
3701 2662 3820 2713 παραυ

2316 2734 2538 2795 ζηλώσω
2587 2755 2686 2807 μου
2740 2741 2833 2794 τὴν
2886 2738 3076 2808 σάρκα.
3141 2736 3199 2788 Εἰ
3248 2738 3355 2809 γὰρ
3410 2732 3501 2787 διὰ
3547 2744 3625 2793 τῆς
3660 2737 3827 2789 πίστεως

2314 2833 2411 2875 τῶν
2461 2823 2613 2876 ἐθνῶν
2658 2824 3044 2899 παραξηλοῡσι,
3081 2830 3173 2877 καὶ
3211 2832 3495 2896 μιμοῦνται
3540 2826 3583 2876 οἱ
3626 2817 3828 2883 Ἰουδαία,

2313 2917 2402 2965 καὶ
2453 2918 2632 2965 πιστοὶ
2671 2918 2922 2985 γίνονται,
2971 2920 3077 2973 πῶς
3122 2909 3195 2965 δι’
3234 2912 3424 2973 αύτούς
3465 2912 3632 2987 ἐχθροὶ
3664 2916 3833 2979 γίνονται

2315 3002 2466 3055 πάλιν
2508 3010 2597 3063 τῆς
2640 3008 2861 3064 πίστεως
2910 3008 2998 3054 καὶ
3039 3010 3129 3054 τού
3182 3002 3498 3073 Εύαγγελίου
3523 3020 3538 3072 ;
3568 3000 3701 3054 Ἀλλὰ
3739 3005 3835 3073 πρῶ-

2316 3094 2401 3143 τὸν
2442 3110 2624 3163 φαμεν,
2657 3092 2738 3144 ὅτι
2777 3092 2870 3143 ούιι
2916 3093 3007 3163 ἔφη
3042 3088 3135 3144 διὰ
3183 3099 3277 3151 τῆς
3329 3097 3547 3152 πίστεως
3604 3098 3687 3140 τῶν
3729 3085 3836 3138 ἐθνῶν

2316 3179 2650 3252 παραξηλοῦν
2697 3184 2786 3232 καὶ
2833 3182 3109 3252 μιμεῖσθαι
3151 3184 3271 3242 τοὺς
3321 3177 3614 3243 Ἰουδαίους,
3644 3176 3746 3229 ἀλλὰ
3775 3171 3839 3226 διὰ

2316 3277 2409 3322 τοῦ
2453 3267 2773 3332 δοξάζεσθαι
2820 3270 3029 3335 αύτούς,
3063 3266 3156 3321 διὰ
3199 3277 3291 3321 τοῦ
3343 3270 3660 3322 ἐπαινεῖσθαι.
3686 3266 3731 3318 Ἢ
3766 3267 3837 3335 γὰρ

2319 3356 2449 3421 δόξα
2498 3363 2589 3410 καὶ
2632 3360 2657 3410 ὀ
2697 3361 2903 3419 ἔπαινος
2955 3360 2980 3409 ὁ
3019 3358 3089 3420 εἰς
3129 3362 3249 3419 τούς
3299 3356 3358 3422 ἐξ
3401 3358 3545 3411 ἐθνῶν
3588 3356 3839 3428 ἀνατρέχων,

2318 3446 2537 3522 ἐρεθίσει
2566 3448 2751 3509 αύτούς
2798 3452 2885 3499 καὶ
2928 3447 3001 3509 εἰς
3044 3447 3199 3507 ζῆλον
3234 3452 3328 3499 καὶ
3366 3452 3601 3520 μίμησιν,
3624 3441 3841 3496 Ὠστεοῦι

2319 3534 2521 3588 ἐναντία
2558 3534 2697 3587 ἐστὶν
2740 3534 2967 3594 ἀλλήλων
3011 3538 3077 3587 τά
3126 3536 3393 3609 εἰρημένα.
3435 3539 3653 3608 Δεύτερον
3694 3528 3754 3594 οἸ,
3786 3531 3842 3579 ὁτι

2319 3624 2376 3677 ού
2432 3627 2566 3677 κατά
2636 3622 2916 3697 ἀπόφασιν,
2978 3626 3090 3696 ἔφη,
3143 3625 3611 3698 παραξηλώσουσιν
3659 3624 3697 3673 oi
3748 3621 3843 3670 Ἰον-

2320 3710 2483 3780 δαίοι,
2533 3712 2638 3765 ἀλλ’
2688 3712 2984 3785 ἀμφιϐόλως
3043 3718 3132 3766 καὶ
3180 3709 3471 3775 διστάζων·
3524 3716 3579 3766 Εἴ
3616 3729 3708 3769 πως
3750 3709 3841 3779 γὰρ,

2319 3807 2468 3873 φησὶ,
2545 3801 2909 3874 παραζηλώσω
2984 3822 3085 3874 μου
3156 3807 3249 3860 τὴν
3334 3806 3520 3875 σάρκα.
3577 3797 3681 3853 Οῖον
3737 3802 3842 3860 ἶσως,

2318 3894 2481 3961 τάχα,
2528 3892 2660 3942 ὥστε
2711 3890 2754 3942 εἰ
2798 3895 2887 3942 καὶ
2932 3886 3025 3942 διὰ
3069 3898 3161 3951 τῆς
3203 3890 3376 3943 αὐτῶν
3420 3895 3638 3953 πίστεως,
3674 3886 3775 3956 οὐχὶ
3804 3879 3845 3933 δε

2320 3976 2414 4032 διὰ
2466 3987 2557 4038 τῆς
2614 3975 2771 4042 δόξης
2838 3985 2927 4031 καὶ
2988 3988 3085 4031 τῶν
3136 3978 3380 4033 ἐπαίνων.
3438 3978 3601 4050 Ἔλεγε
3657 3977 3843 4049 παραζη-

2317 4068 2435 4120 λούν
2492 4072 2607 4129 τοὺς
2679 4065 2989 4133 Ἰουδαίους,
3048 4064 3163 4120 οὐδ’
3227 4070 3389 4131 ούτως
3456 4068 3663 4141 ἐμάχετο
3705 4064 3845 4129 ἐαυτῷ.

2320 4160 2412 4210 Διά
2454 4161 2542 4230 μεν
2586 4160 2685 4229 γὰρ
2731 4166 2822 4209 τοῦ
2870 4158 3047 4225 εἰπεῖν,
3094 4157 3277 4233 ἐχθροὶ
3322 4157 3397 4211 δι’
3443 4161 3585 4231 ὑμᾶς,
3625 4163 3710 4208 τῶν
3749 4154 3845 4205 Ίον·

2321 4243 2482 4299 δαίων
2534 4251 2628 4304 τὴν
2673 4245 2921 4299 ἀπιστίαν
2950 4246 3106 4317 λέγει,
3137 4253 3225 4300 καὶ
3253 4252 3350 4306 τὴν
3380 4248 3545 4300 αἰτίαν
3574 4242 3640 4297 δι’
3670 4242 3719 4300 ἦν
3752 4256 3844 4308 σῖοα

2322 4333 2562 4410 δρότερον
2595 4333 2979 4407 ἀπεχθάνονται
3023 4342 3083 4407 τῇ
3118 4340 3315 4390 πίστει.
3354 4338 3446 4389 Διά
3488 4332 3543 4387 δε
3586 4340 3685 4397 τοῦ,
3716 4332 3749 4382 εἰ
3772 4341 3847 4382 πως

558 4412 947 4467 adversentur
972 4428 1138 4478 ;cum
1163 4419 1361 4469 autem
1376 4414 1515 4470 dicit
1532 4414 1911 4486 :Siquomodo
1943 4417 2022 4471 ad
2038 4432 2203 4473 (emu-

2321 4424 2687 4497 παραζηλώσω
2768 4428 2860 4483 τὴν
2944 4426 3134 4496 σάρκα,
3204 4430 3297 4483 τὴν
3384 4421 3519 4477 ἰδίαν
3595 4418 3844 4473 ἐνδείκνυται

560 4502 837 4558 lationem
862 4517 1171 4571 provocem
1216 4519 1454 4559 carnem
1500 4520 1701 4569 meam,
1750 4505 2021 4577 proprios
2062 4506 2209 4561 indi-

560 4597 922 4649 catconatus
953 4594 1170 4666 quibus
1193 4594 1417 4649 salvere
1442 4594 1683 4651 Judazos
1719 4596 1923 4651 nititur
1966 4602 2022 4651 et
2048 4602 2212 4653 extra

560 4682 701 4739 illud
736 4684 913 4739 etiam
966 4683 1126 4754 quod
1170 4683 1449 4752 diximus,
1509 4700 1630 4739 non
1687 4686 1771 4740 ita
1809 4693 2212 4757 repugnarent

559 4771 813 4844 apostoli
841 4772 1029 4835 dictae,
1070 4772 1344 4844 quamvis
1377 4778 1695 4846 utrumque
1734 4774 2090 4847 explicando
2118 4776 2211 4831 di-

561 4866 802 4917 ceretur.
838 4862 1063 4917 Etenim
1097 4861 1239 4917 nihil
1272 4866 1489 4918 vetaret
1527 4863 1852 4935 quominus
1881 4864 2061 4936 aliqui
2094 4881 2210 4920 cre.

562 4947 850 5016 dentium,
932 4950 1043 5006 ﬁde
1120 4950 1387 5020 gentium
1457 4952 1709 5017 excitati,
1766 4952 2121 5008 aemulentur
2158 4959 2211 5008 et

563 5034 862 5093 imitentur
896 5056 908 5102 ;
941 5042 998 5094 et
1024 5040 1191 5095 multi
1214 5039 1475 5096 vicissim
1506 5057 1626 5096 non
1654 5041 2043 5113 credentium,
2077 5042 2210 5096 odio

564 5120 800 5179 illorum
830 5128 932 5197 qui
963 5144 1030 5183 ex
1061 5128 1336 5198 gentibus
1390 5135 1526 5185 sunt
1582 5130 1999 5200 pertinaciores
2044 5134 2098 5185 et
2130 5131 2211 5185 in-

564 5210 920 5268 creduliores
946 5221 1001 5270 et
1024 5216 1385 5274 inﬁdeliores
1406 5218 1750 5288 evangelico
1782 5220 2083 5292 praeconio
2110 5220 2213 5277 ad-

562 5307 870 5358 versentur
894 5318 905 5357 :
931 5305 1092 5373 quod
1116 5308 1265 5377 ipsis
1288 5307 1464 5363 rebus
1493 5310 1675 5365 videri
1691 5314 1882 5381 potest
1903 5309 2025 5383 ;qui
2052 5310 2211 5366 enim

566 5394 769 5463 gentes
791 5390 1119 5457 imitantur,
1152 5395 1229 5449 ad
1262 5395 1445 5453 ﬁdem
1460 5398 1848 5465 accedunt,et
1877 5399 2210 5468 salvantur,

564 5480 667 5555 qui
693 5484 891 5537 autem
916 5480 1191 5551 gentibus
1222 5483 1632 5558 adversantur,
1657 5486 1912 5546 acriores
1943 5489 2081 5546 ﬁdei
2108 5490 2214 5547 ini-

564 5572 706 5632 mici
728 5570 1190 5630 constituuntur.

2326 4510 2584 4579 σπουδὴν,
2619 4512 2678 4570 ἢν
2732 4510 2872 4584 εἶχεν
2914 4512 2981 4573 εἰς
3034 4517 3093 4565 τό
3145 4522 3319 4566 σῶσαι
3369 4518 3483 4573 τοὺς
3528 4511 3577 4575 ἐξ
3618 4504 3841 4563 Ἰουδαίων.

2326 4607 2425 4654 καὶ
2467 4607 2633 4676 χωρὶς
2664 4598 2722 4654 δῖ
2764 4610 2865 4653 τῶν
2911 4601 3205 4676 εἰρημένων,
3241 4600 3359 4655 οὔδ’
3402 4603 3554 4661 οὕτως
3595 4599 3780 4671 ἐμάχετο
3800 4593 3842 4641 τέι

2322 4692 2591 4762 λεχθέντα,
2655 4689 2749 4741 κᾶν
2796 4692 2948 4763 ἄμφω
3002 4690 3365 4763 ἀποφαντικῶς
3410 4695 3595 4764 εἴρητο.
3647 4690 3730 4739 Καὶ
3772 4682 3840 4749 γὰρ

2325 4777 2477 4832 οὐδὲν
2530 4778 2717 4831 ἐκώλυε
2772 4782 2917 4841 τινας
2967 4783 3056 4852 μὲν
3111 4790 3208 4832 τῶν
3266 4784 3680 4840 πεπιστευκότων,
3726 4771 3841 4841 ἀνεῖπε

2326 4869 2591 4928 θισθέντας
2645 4875 2705 4940 τῇ
2776 4873 2947 4920 πίστει
3013 4876 3111 4919 τῶν
3173 4869 3349 4937 ἐθνῶν,
3404 4866 3748 4941 παραζηλῶσαι
3783 4858 3841 4906 καὶ

2324 4964 2625 5011 πιστεύσαι.
2684 4960 2781 5008 Καὶ
2835 4965 2933 5008 τῶν
2990 4962 3059 5029 μὴ
3122 4962 3532 5011 πεπιστευκότων
3586 4953 3716 5007 πάλιν
3756 4944 3841 4998 πολ-

2323 5046 2456 5112 λούς,
2512 5050 2657 5118 μίσει
2708 5053 2779 5117 τῷ
2848 5050 2979 5120 πρὸς
3035 5050 3157 5108 τοὺς
3212 5046 3267 5109 ἐξ
3318 5046 3488 5111 ἐθνῶν,
3544 5042 3842 5115 σκληροτέρους

2324 5141 2414 5187 καὶ
2464 5133 2835 5207 ἀπιστοτέρους
2890 5140 2979 5187 καὶ
3045 5134 3440 5208 ἀπειθίστίρους
3488 5143 3554 5204 τῷ
3600 5125 3839 5200 sino/751w.“

2324 5226 2580 5277 κινεῖσθαι
2638 5227 2956 5297 κηρύγματι.
3010 5223 3075 5277 ΑΟ
3130 5231 3217 5277 καί
3271 5224 3347 5277 ἐπ’
3410 5224 3570 5276 αὐτῶν
3620 5216 3727 5271 ἰδεῖν
3766 5216 3839 5264 ἔστι

2325 5322 2423 5365 τῶν
2478 5315 2817 5389 πραγμάτων.
2874 5315 2939 5365 Oi
3003 5316 3093 5385 μὲν
3163 5316 3264 5387 γὰρ
3326 5316 3621 5387 μιμούμενοι
3679 5306 3768 5362 τοὺς
3806 5294 3837 5355 εξ

2326 5405 2501 5469 ἐθνῶν,
2556 5405 2944 5477 προσέρχονται
2999 5409 3058 5474 τῇ
3118 5408 3316 5469 πίστει,
3377 5408 3464 5455 καὶ
3512 5401 3751 5459 σώζονται.
3795 5385 3835 5435 οξ

2328 5487 2386 5545 δε
2438 5493 2636 5552 τούτοις
2702 5490 3133 5565 ἀπεχθανόμενοι,
3196 5489 3531 5566 σφοδρότεροι
3576 5487 3730 5561 ἐχθροὶ
3778 5481 3835 5529 ff?

2326 5586 2548 5643 πίστεως
2580 5583 2945 5638 καθίστανται.
