4026 6206
134 229 285 294 1249

342 366 441 416 Καὶ
468 364 542 436 μὴ
572 363 1044 437 συσχηματίζεσθε
1073 372 1144 437 τῷ
1175 365 1322 418 αἰῶνι
1352 372 1540 438 τοῦτῳ.

207 547 431 598 Φωτίου.
463 540 530 595 Ἦ
578 541 694 596 ἀντὶ
743 550 856 608 τοῦ,
889 547 974 603 Μὴ
1011 546 1459 617 συμμετατίθεσθε
1508 550 1622 606 ταῖς
1653 541 1744 597 δι-

129 630 456 693 δασκαλίαις
505 640 605 684 τῶν
658 631 715 684 ἐκ
766 640 857 686 τοῦ
909 633 1092 696 αἰῶνος
1151 637 1338 687 τούτου
1392 641 1484 687 τοῦ
1543 635 1746 709 ῥέοντος

128 727 227 775 καὶ
277 721 384 793 οὐχ
444 722 721 795 ἱσταμένου
777 726 870 780 τὴν
933 719 1292 776 Γδιδασκαλίαν
1349 742 1744 794 προσαγοντων.

126 817 304 864 Τοῦτο
357 807 416 863 δὲ
462 810 614 863 εἰπὼν
671 811 752 863 ἵνα
784 816 855 883 μή
907 831 1038 874 τινες
1076 821 1176 864 τῶν
1208 809 1479 865 Ἰουδαίων
1511 815 1746 877 εἷπωσιν,

128 899 344 952 Οὐκοῦν
401 895 627 960 οὑδόλως
685 895 768 951 δεῖ
814 901 948 972 ἡμᾶς
1000 902 1594 973 μετασχηματίζεσθαι,
1647 899 1749 952 ἀπὸ

127 996 232 1049 τῆς
274 983 712 1062 παραδεδομένης
763 990 887 1061 ἡμῖν
926 993 1018 1042 τοὺ
1049 995 1209 1062 νόμου
1242 986 1624 1054 διδασκαλίας,
1659 984 1754 1040 διὰ

128 1085 290 1130 τοῦτο
364 1076 563 1149 ἐπάγει,
625 1076 752 1130 ἀλλὰ
830 1081 1282 1154 μεταμορφοῦσθε,
1347 1082 1610 1144 τουτέστι,
1670 1076 1755 1130 Δεῖ

127 1167 273 1237 ἡμᾶς
319 1168 456 1219 κατά
502 1169 560 1218 τὸ
615 1165 812 1240 θέλημα
862 1175 954 1221 τοῦ
1008 1175 1143 1222 Θεοῦ
1184 1170 1578 1241 μετατίθεσθαι.
1615 1165 1751 1218 Πολὺ

131 1251 194 1307 δὲ
221 1257 282 1307 τὸ
331 1259 492 1328 μέσον
519 1264 612 1318 τῆς
663 1253 764 1308 ἀπὸ
814 1264 907 1310 τοῦ
937 1261 1095 1330 νόμου
1130 1254 1509 1322 διδασκαλίας,
1542 1259 1628 1308 καὶ
1659 1263 1751 1316 τῆς

131 1346 273 1396 κατὰ
303 1347 363 1396 τὸ
396 1343 593 1418 θελημα
647 1352 737 1398 τοῦ
785 1353 918 1399 Θεοῦ
979 1351 1178 1419 σοφίας.
1232 1346 1290 1398 Ἠ
1349 1349 1439 1420 μὲν
1488 1347 1611 1418 γὰρ,
1661 1348 1751 1397 καὶ

131 1433 263 1486 αὑτό
294 1436 355 1485 τὸ
388 1441 581 1506 σχῆμα
608 1437 666 1486 τὸ
703 1438 916 1507 νομικὸν
965 1433 1270 1503 ἀπόλλυσιν,
1305 1435 1376 1498 εἰς
1405 1434 1527 1487 ἄλλο
1557 1441 1751 1507 σχῆμα

132 1527 330 1585 κακίας
361 1527 451 1574 καὶ
507 1518 798 1596 διαφθορᾶς
852 1524 1061 1595 ἄγουσα
1095 1542 1106 1554 ⁸
1141 1527 1170 1582 ἠ
1225 1521 1305 1588 δὲ,
1358 1524 1416 1576 ού
1453 1527 1605 1596 μόνον
1655 1522 1749 1575 οὑκ

133 1608 398 1663 ἀπόλλυσι
447 1614 504 1664 τὸ
552 1619 644 1664 τοῦ
685 1616 844 1684 νόμου
902 1621 1096 1684 σχῆμα
1131 1611 1201 1684 (ἐν
1236 1618 1479 1684 σχήματι
1525 1615 1626 1684 γὰρ
1657 1610 1748 1663 καὶ

140 1705 278 1770 σκιᾷ
304 1703 392 1752 καὶ
421 1702 598 1762 τύποις
628 1708 720 1753 τοῦ
762 1706 917 1774 νόμον
967 1703 1229 1775 ὑπῆρχεν)
1263 1701 1391 1754 ἀλλὰ
1435 1706 1525 1754 καὶ
1564 1700 1752 1754 τελειοῖ

137 1788 274 1841 αὐτό
323 1805 336 1818 ·
385 1794 475 1848 τὴν
525 1789 828 1862 λειπομένην
872 1789 1014 1862 αύτῷ
1061 1795 1264 1864 μορφὴν
1303 1796 1392 1843 καὶ
1449 1793 1506 1844 τό
1561 1791 1747 1854 κάλλος

137 1877 507 1950 ἀπάρτίζουσα
552 1884 642 1932 καὶ
691 1877 1084 1954 ἀναπληροῦσα.
1128 1883 1214 1932 Διό
1243 1877 1311 1938 δὴ
1343 1879 1513 1942 καλῶς
1540 1899 1697 1952 φησιν
1729 1898 1741 1912 ’

135 1971 227 2026 Μὴ
330 1968 820 2040 συσχηματίζεσθε,
917 1967 1045 2022 ἀλλά
1133 1971 1581 2044 μεταμορφοῦσθε.
1675 1971 1744 2022 T6

134 2059 231 2128 μεν
274 2057 378 2130 γὰρ
433 2056 573 2110 ἔστιν
627 2056 874 2124 ἀπώλεια,
945 2061 1003 2110 τὸ
1073 2055 1152 2124 δὲ,
1217 2062 1454 2131 σωτηρία
1509 2063 1600 2111 καὶ
1651 2077 1742 2111 τε-

134 2145 360 2206 λειότης.

139 2239 294 2306 Λέγω
322 2237 426 2310 γὰρ
459 2232 572 2311 διὰ*
604 2243 697 2311 τῆς
741 2238 965 2311 χάριτος
1015 2245 1104 2311 τῆς
1155 2234 1398 2299 δοθείσης
1446 2255 1555 2311 μοι,
1587 2241 1744 2311 παντὶ

209 2314 283 2377 τῷ
369 2306 479 2360 ὄντι
551 2307 601 2360 ἐν
670 2306 831 2382 ὑμῖν,
865 2313 937 2381 μὴ
1010 2310 1338 2383 ὑπερφρονεῖν
1405 2306 1529 2381 παρ’
1580 2308 1606 2360 ὃ
1661 2306 1747 2362 δεῖ

212 2397 436 2451 φρονειν.

209 2472 431 2525 Φωτίου.
461 2466 528 2522 Ἦ
557 2473 646 2522 καὶ
694 2469 850 2531 οὕτως
903 2469 1038 2541 λέγει
1063 2486 1076 2499 ’
1099 2473 1186 2528 Μὴ
1235 2470 1563 2545 ὑπερφρονεῖν
1608 2469 1745 2542 ὑμᾶς

137 2558 187 2608 ἐν
228 2561 386 2610 παντὶ
443 2561 744 2633 χαρίσματι
801 2566 874 2630 τῷ
921 2562 1028 2611 ὄντι
1085 2557 1133 2611 ἐν
1185 2560 1325 2631 ὑμῖν.
1394 2561 1600 2616 Ταύτην
1642 2561 1744 2631 γὰρ

134 2649 233 2704 τὴν
285 2647 465 2698 ἄνοιαν
521 2652 610 2699 καὶ
657 2650 724 2699 τὰ
774 2647 1068 2720 ἐπαγόμενα
1111 2643 1305 2712 δηλῶν,
1353 2646 1400 2698 ἐν
1446 2648 1524 2710 οἷς
1562 2666 1741 2720 φησιν,

132 2733 373 2806 Ἑκάστῳ
401 2738 466 2796 ὡς
494 2735 520 2786 ὁ
552 2739 682 2798 Θεὸς
728 2734 952 2811 ἐμέρισε.
1008 2744 1177 2809 Σοφῶς
1228 2732 1287 2788 δὲ
1339 2735 1451 2788 λίαν
1489 2740 1578 2788 καὶ
1620 2754 1743 2787 συν-

135 2831 290 2890 ετῶς,
332 2824 594 2899 προέταξε,
640 2829 696 2878 τό
750 2822 843 2878 διὰ
897 2833 992 2898 τῆς
1038 2828 1259 2900 χάριτος
1305 2832 1397 2878 τοῦ
1437 2831 1583 2888 Θεοῦ,
1624 2825 1742 2896 μέλ-

137 2913 243 2965 λων
274 2912 464 2976 αὐτούς
507 2916 760 2967 νουθετεῖν
815 2914 881 2975 εἰς
932 2918 988 2968 τὸ
1019 2919 1090 2987 μὴ
1137 2916 1486 2990 ὑπερφρονεῖν.
1527 2910 1739 2972 Ἐπειδὴ

135 3004 242 3076 γὰρ
275 3007 364 3054 καὶ
412 3007 470 3055 τό
509 3005 762 3056 νουθετεῖν
804 3007 893 3056 καὶ
944 3002 1232 3056 ἐπιτάττειν
1274 3002 1447 3064 ἄλλοις
1494 3002 1651 3054 ἐνίοτε
1691 3001 1744 3066 ἐξ

133 3092 526 3166 ὑπερφροσύνης
585 3097 803 3165 γίνεται,
865 3091 1131 3167 προλαϐὼν
1183 3091 1368 3146 ἰάσατο
1417 3095 1531 3152 τούς
1573 3095 1742 3144 τοιού-

133 3199 259 3242 τους
315 3180 620 3255 λογισμούς.
664 3181 775 3234 Οὐκ
823 3184 934 3235 ἔστι
987 3184 1110 3257 γάρ,
1165 3186 1316 3254 φησὶ,
1350 3179 1402 3244 ἐξ
1427 3180 1553 3254 ἐμῆς
1579 3183 1742 3255 ὁρμῆς

131 3273 197 3321 τό
228 3271 483 3322 νουθετεῖν
527 3271 658 3343 ὑμᾶς
693 3289 706 3302 ’
738 3269 866 3323 ἀλλὰ
895 3269 994 3323 ἀπὸ
1025 3278 1120 3332 τῆς
1175 3272 1399 3342 χάριτος
1443 3276 1535 3322 τοῦ
1584 3276 1739 3336 Θεοῦ⁹

133 3359 308 3411 αὐτοῦ
355 3355 626 3432 διάταγμα
670 3359 871 3433 πληρῶ.
925 3360 1158 3435 Ἐμέρισε
1212 3355 1270 3412 δὲ
1318 3362 1382 3411 τὰ
1428 3363 1745 3431 χαρίσματα

134 3448 201 3500 οὗ
259 3450 398 3499 κατὰ
433 3448 744 3521 φιλοτιμίαν,
800 3449 928 3502 ἀλλά
990 3451 1126 3501 κατὰ
1188 3451 1246 3501 τὸ
1277 3453 1461 3522 μέτρον
1513 3455 1610 3510 τῆς
1661 3453 1742 3500 πί-

140 3555 328 3599 στεως.
360 3541 588 3600 Πίστεως
637 3535 714 3605 δε,
741 3538 801 3591 ού
830 3546 924 3600 τῆς
971 3540 1107 3591 κατά
1146 3541 1240 3596 τὴν
1277 3537 1515 3612 λατρείαν
1560 3541 1738 3610 φησίν.

145 3629 342 3689 Πάντες
365 3629 466 3701 γὰρ
510 3633 689 3680 πιστοὶ
743 3633 833 3681 καὶ
883 3627 1063 3681 τέλειοι
1119 3626 1166 3679 ἓν
1224 3627 1354 3701 αύτῇ
1399 3627 1501 3680 εἰσι
1556 3624 1741 3685 δηλονο

140 3720 244 3781 ότι,
301 3718 350 3767 οἱ
405 3718 750 3792 χαρισμάτων
807 3716 1125 3788 ἀξιωθέντες,
1173 3715 1300 3770 ἀλλά
1351 3726 1446 3777 τῆς
1493 3718 1630 3769 κατὰ
1678 3718 1746 3768 τὰ

141 3809 464 3879 χαρίσματα
506 3811 748 3868 πίστεως.
783 3809 961 3866 Καθὼς
1003 3810 1093 3859 καὶ
1140 3805 1189 3858 ἕν
1236 3806 1568 3877 Εύαγγελίοις
1603 3809 1746 3880 ε’ίρη-

140 3914 253 3962 ται,
312 3897 488 3969 Κύριε,
537 3897 764 3970 πρόσθες
811 3897 935 3968 ἡμῖν
989 3900 1169 3947 πίστιν
1215 3911 1227 3925 ’
1289 3900 1377 3946 καὶ
1414 3893 1588 3962 πάλιν,
1630 3892 1744 3946 Ἐὰν

140 3987 308 4054 ἔχητε
357 3989 537 4037 πίστιν
595 3989 658 4046 ὡς
710 3989 893 4038 κόκκον
941 3986 1213 4044 σινάπεως.
1271 3987 1373 4036 Καὶ
1421 3982 1593 4047 πάλιν,
1653 3983 1749 4034 Διά

141 4077 241 4131 τὴν
323 4072 686 4145 ὀλιγοπιστίαν
763 4077 926 4148 ὑμῶν.
1006 4073 1164 4132 Δῆλον
1228 4075 1352 4147 γὰρ,
1424 4074 1493 4134 ὡς
1579 4071 1746 4146 ἕτερον

1051 231 1496 296 FRAGMENTA
1536 239 1608 294 IN
1649 230 2053 298 EPISTOLAM
2095 242 2191 298 AD
2233 236 2602 300 ROMANOS.

1777 365 2008 422 ACAP.
2049 367 2160 424 XII.
2204 368 2379 426 Vsus.
2439 372 2492 425 2.
2560 370 2640 426 Et
2695 367 2881 427 nolite
2935 371 3307 442 conformari
3373 373 3513 430 huic

3371 243 3511 304 4250

2559 442 2794 497 saeculo.

1923 543 2135 600 Photii.
2188 548 2351 603 Certe
2389 544 2566 618 quasi
2613 544 2858 611 diceret,
2901 546 3084 604 nolite
3147 543 3513 606 conformari

1854 632 2132 688 doctrinis
2163 649 2371 690 eorum
2401 634 2500 705 qui
2531 650 2604 689 ex
2633 634 2744 689 hoc
2767 636 2990 692 saeculo
3016 637 3184 709 quod
3213 638 3432 695 labitur
3459 643 3516 696 et

1853 737 1978 778 non
2007 722 2181 778 desiit
2220 721 2558 779 doctrinam
2583 722 2910 794 proferunt.
2945 727 3032 781 Ita
3070 741 3213 782 vero
3254 727 3515 792 locutus,

1859 815 1922 865 ut
1951 811 2457 867 nulliJudaeorum
2489 811 2712 880 dicant,
2741 827 2882 883 ergo
2925 829 3070 870 sane
3117 831 3241 871 non
3291 819 3521 886 Oportet

1861 915 1970 955 nos
2001 900 2416 957 transformari
2446 901 2524 957 ab
2555 900 2653 971 illa
2681 917 2817 974 quae
2847 901 3024 957 nobis
3058 903 3274 960 tradita
3305 903 3412 960 fuit
3442 903 3520 960 le-

1862 989 1952 1058 gis
1989 989 2279 1056 doctrina,
2312 989 2458 1046 illud
2489 989 2674 1056 addit,
2720 991 2822 1046 sed
2851 992 3288 1060 reformamini,
3322 992 3384 1048 id
3410 996 3517 1058 est,

1862 1082 2094 1149 oportet
2121 1094 2227 1134 nos
2267 1081 2599 1134 secundum
2631 1078 2735 1134 Dei
2777 1080 3143 1136 voluntatem
3179 1080 3511 1137 immutari.

1861 1168 2139 1237 Magnum
2178 1167 2335 1223 enim
2367 1167 2738 1224 intervallum
2771 1173 2858 1224 est
2895 1168 3045 1224 inter
3092 1168 3276 1236 illam,
3325 1185 3461 1241 quae
3485 1185 3523 1227 a

1859 1253 1987 1326 lege
2016 1255 2211 1322 datur,
2232 1256 2591 1323 doctrinam,
2615 1257 2854 1314 etillam
2881 1273 3033 1330 quea,
3060 1257 3390 1314 secundum
3417 1257 3521 1314 Dei

1858 1344 2226 1402 voluntatem
2250 1349 2358 1410 est,
2387 1345 2912 1418 sapientiam.Una
2939 1347 3121 1414 enim,
3142 1346 3338 1418 ipsam
3361 1347 3521 1402 hanc

1858 1433 2114 1502 legalem
2134 1434 2392 1492 formam
2416 1434 2687 1500 destruit,
2710 1436 2770 1491 in
2796 1435 2970 1491 aliam
2989 1435 3250 1491 formam
3279 1434 3521 1491 malitiae

1857 1524 2573 1595 etperditionisinducens
2591 1543 2603 1594 ;
2623 1525 2808 1581 altera
2825 1531 3026 1581 autem
3045 1540 3166 1582 non
3185 1524 3368 1581 modo
3399 1539 3523 1581 non

1858 1611 2118 1670 formam
2154 1613 2301 1684 legis
2349 1613 2621 1680 destruit,
2651 1615 2713 1670 in
2773 1613 2969 1671 forma
3008 1615 3169 1670 enim
3207 1619 3264 1669 et
3308 1613 3526 1670 umbra

1777 1727 1817 1781 Β
1857 1705 1914 1757 et
1940 1701 2148 1771 ﬁguris
2175 1702 2323 1772 legis
2346 1706 2596 1770 constat,
2636 1702 2741 1758 sed
2773 1701 2938 1758 illam
2970 1701 3222 1775 perficit,
3254 1701 3523 1758 relictam

1852 1789 1934 1846 illi
1959 1792 2219 1862 speciem
2250 1796 2306 1848 et
2338 1790 2848 1864 pulchritudinem
2890 1806 3266 1864 componens
3299 1794 3356 1846 et
3395 1806 3525 1846 am-

1852 1878 2149 1950 pliﬁcans.
2174 1880 2482 1937 Ideoreete
2503 1881 2680 1936 dicit:
2714 1902 2734 1930 ι
2760 1881 2964 1938 Nolite
2995 1879 3411 1950 conformari”
3435 1919 3447 1932 .
3471 1917 3483 1931 .
3509 1918 3526 1934 .

1855 1969 1958 2024 sed
2011 1969 2434 2040 reformamim‘.
2461 1986 2489 2021 »
2522 1968 2675 2026 Illud
2722 1969 2884 2025 enim
2935 1969 3187 2043 perditio
3238 1972 3342 2035 est,
3407 1968 3524 2024 hoc

1855 2062 2056 2115 autem
2087 2058 2251 2114 salus
2276 2063 2333 2116 et
2360 2057 2667 2131 perfectio.

1853 2236 2019 2292 Vsus.
2048 2239 2104 2292 3.
2137 2236 2280 2292 Dico
2302 2235 2458 2292 enim
2481 2252 2591 2306 per
2607 2237 2871 2306 gratiam
2896 2251 3029 2308 quas
3055 2237 3202 2294 data
3223 2243 3307 2294 est
3339 2237 3509 2302 mihi,

1924 2308 2196 2363 omnibus
2225 2309 2329 2378 qui
2363 2315 2500 2364 sunt
2537 2308 2695 2364 inter
2749 2323 2886 2366 vos:
2943 2323 3063 2364 non
3115 2310 3254 2379 plus
3303 2324 3516 2379 sapere

1924 2394 2102 2450 quam
2125 2385 2351 2450 oportet
2380 2395 2610 2448 sapere,
2643 2384 2754 2436 etc.

1924 2469 2136 2524 Photii.
2157 2470 2318 2524 Certe
2339 2474 2395 2524 et
2408 2468 2490 2524 ita
2501 2467 2660 2535 dicit,
2679 2484 2803 2524 non
2818 2467 2952 2540 plus
2971 2483 3176 2540 sapere
3195 2472 3298 2526 aut
3315 2483 3521 2540 super-

1853 2556 1982 2612 bire
1999 2573 2107 2612 vos
2129 2557 2187 2613 in
2215 2557 2381 2613 omni
2396 2557 2558 2612 dono
2585 2557 2750 2630 quod
2773 2562 2859 2613 est
2877 2557 2939 2612 in
2952 2558 3144 2622 vobis,
3184 2557 3338 2614 hanc
3359 2557 3526 2613 enim

1855 2645 2164 2701 stultitiam
2189 2645 2279 2702 his
2299 2662 2436 2718 qua:
2453 2646 2810 2716 adjiciuntur
2843 2646 3195 2711 ostendens,
3229 2645 3329 2701 ubi
3358 2645 3520 2702 dicit:

1855 2753 1885 2786 «
1921 2736 2243 2806 Unicuique
2269 2737 2421 2792 sicut
2468 2737 2625 2792 Deus
2678 2735 2897 2801 divisit,
2954 2737 3253 2806 sapienter
3282 2735 3443 2791 enim
3469 2739 3528 2792 et

1853 2823 2177 2895 prudenter
2189 2823 2496 2896 praevenit,
2514 2839 2623 2893 per
2635 2825 2901 2894 gratiam
2925 2823 3028 2879 Dei
3046 2839 3110 2879 se
3129 2823 3264 2879 illos
3283 2823 3525 2887 debere,

1853 2926 1928 2967 ne
1985 2911 2336 2988 superbiant
2416 2927 2680 2967 monere.
2744 2914 2888 2969 Cum
2953 2911 3115 2967 enim
3164 2927 3406 2968 monere
3469 2916 3528 2968 et

1853 3001 2172 3072 praecipere
2202 3000 2334 3056 aliis
2349 3000 2679 3073 aliquando
2705 3017 2736 3058 e
2777 3000 3063 3072 superbia
3101 3000 3520 3072 proﬁciscitur,

1854 3095 2214 3161 praeverteris
2242 3089 2405 3145 hisce
2449 3089 2777 3146 rationibus
2808 3089 3099 3145 medetur.
3150 3092 3279 3144 Non
3331 3089 3518 3156 enim,

1853 3177 2065 3251 inquit,
2095 3193 2168 3234 ex
2195 3194 2329 3234 meo
2361 3183 2527 3235 motu
2554 3193 2664 3234 vos
2701 3193 2942 3243 moneo,
2979 3181 3086 3234 sed
3113 3193 3222 3248 per
3257 3178 3524 3248 gratiam

1852 3267 1971 3335 Dei,
2019 3268 2149 3338 ejus
2177 3273 2544 3340 praeceptum
2587 3267 2831 3339 impleo.
2874 3266 3076 3323 Divisit
3123 3272 3327 3323 autem
3359 3267 3523 3324 dona

1853 3372 1971 3413 non
2004 3355 2336 3412 secundum
2365 3355 2801 3422 liberalitatem,
2840 3355 2947 3412 sed
2977 3355 3309 3412 secundum
3365 3370 3526 3413 men-

1853 3461 2048 3502 suram
2071 3446 2238 3517 ﬁdei;
2270 3443 2411 3501 ﬁdei
2433 3461 2574 3501 vero
2597 3461 2719 3501 non
2742 3445 2899 3500 illius
2921 3461 3053 3517 qua
3070 3451 3159 3500 est
3186 3443 3525 3501 secundum

1856 3535 2194 3591 servitutem
2206 3573 2222 3600 ,
2246 3534 2440 3607 inquit
2461 3553 2474 3602 ;
2494 3549 2704 3590 omnes
2717 3533 2878 3589 enim
2893 3532 3103 3589 ﬁdeles
3137 3537 3194 3589 et
3218 3533 3528 3589 credentes

1854 3625 1913 3681 in
1945 3624 2042 3680 illa
2068 3629 2198 3680 sunt
2223 3623 2544 3689 evidenter,
2573 3623 2672 3694 qui
2698 3623 2998 3679 donorum
3025 3621 3197 3693 digni
3220 3623 3328 3678 visi
3344 3627 3483 3678 sunt
3509 3640 3524 3690 ;

1857 3713 1965 3770 sed
1993 3712 2169 3779 illius,
2212 3729 2342 3786 qum
2373 3712 2708 3768 secundum
2751 3712 2909 3768 dona
2940 3716 3026 3768 est
3054 3711 3205 3767 ﬁdes
3239 3729 3252 3767 :
3287 3709 3440 3766 sicut
3468 3703 3526 3766 οἵ

1857 3804 1920 3859 in
1946 3801 2278 3872 Evangeliis
2299 3801 2516 3857 dicitur
2545 3817 2557 3855 :
2582 3802 2842 3865 Domine,
2866 3801 3101 3870 adauge
3126 3800 3292 3856 nobis
3314 3800 3522 3868 ﬁdem;

1857 3897 1914 3948 et
1938 3892 2151 3946 iterum
2177 3907 2190 3944 :
2223 3890 2290 3944 Si
2321 3890 2651 3945 habueritis
2679 3889 2857 3955 ﬁdem
2887 3893 2954 3942 ut
2981 3903 3243 3957 granum
3272 3886 3522 3956 sinapis;

1857 3985 1912 4035 et
1926 3980 2140 4034 iterum
2163 3993 2174 4030 :
2193 3978 2443 4045 Propter
2457 3991 2704 4046 parvam
2720 3975 2896 4042 ﬁdem
2912 3973 3352 4031 vestram.Patet
3365 3973 3524 4029 enim

1858 4067 2038 4124 aliam
2062 4065 2221 4120 hanc
2258 4063 2396 4119 ﬁdei
2424 4063 2922 4133 signiﬁcationem
2951 4077 3063 4134 pro
3085 4061 3307 4133 pietate
3345 4059 3522 4116 sumi.

137 4169 300 4215 τοῦτο
332 4170 423 4224 τῆς
450 4167 676 4226 πίστεως
701 4167 758 4216 τὸ
787 4167 1162 4236 σημαινόμενον
1195 4164 1342 4237 παρὰ
1359 4165 1418 4214 τὸ
1440 4160 1524 4214 ἐπὶ
1553 4168 1649 4221 τῆς
1679 4156 1940 4220 εὐσεϐείας
1977 4154 2381 4228 λαμϐανόμενον.

413 4255 533 4306 Εἴτε
561 4254 586 4305 ὁ
615 4253 947 4326 παρακαλῶν,
979 4252 1027 4304 ἐν
1056 4261 1118 4325 τῇ
1148 4250 1495 4326 παρακλήσει.

219 4345 441 4397 Φωτίου.
491 4341 677 4404 ’Δλλος
724 4339 782 4396 δε
831 4340 961 4395 δυσὶ
1011 4346 1216 4417 τρόποις
1282 4340 1394 4393 ὅλον
1458 4338 1750 4411 ἐσχηματί-

144 4431 280 4482 σθαι
317 4433 375 4482 τό
421 4436 620 4505 χωρίον
664 4435 777 4505 ἔφη,
829 4433 920 4494 ἕως
973 4439 1089 4501 τοῦ,
1137 4433 1253 4484 Εἴτε
1296 4430 1321 4482 ὀ
1352 4428 1661 4503 παρακαλῶν
1701 4426 1748 4479 έν

142 4527 213 4591 τῇ
275 4520 621 4594 παρακλήσει.
675 4527 854 4584 Ποίοις
891 4524 1094 4584 τούτοις
1147 4537 1161 4587 ;
1220 4527 1293 4591 τῷ
1343 4519 1593 4592 λεγομένῳ
1647 4515 1747 4568 ἀπὸ

143 4615 329 4660 κοινοῦ
371 4614 460 4662 καὶ
503 4618 576 4681 τῷ
619 4609 911 4681 ἐλλειπτικῷ
945 4627 958 4640 °
991 4614 1082 4662 καὶ
1126 4612 1226 4684 γὰρ
1282 4610 1339 4660 τὸ
1391 4609 1598 4678 ἔχοντες
1647 4602 1748 4656 ἀπὸ

142 4704 328 4749 κοινοῦ
392 4697 506 4751 καθ’
560 4700 776 4753 ἕκαστον
829 4699 989 4752 κῶλον
1057 4695 1534 4773 παραλαμϐάνεται.
1603 4689 1746 4764 Οἶον,

145 4789 254 4839 εἶτε
292 4793 605 4862 προφητείαν
657 4792 773 4862 ἔχει
823 4809 904 4852 τις
945 4809 958 4822 ·
1016 4792 1114 4841 εἶτε
1159 4784 1426 4841 διακονὲαν
1486 4788 1598 4856 εχει
1650 4801 1744 4842 τις.

140 4882 318 4929 Τοῦτο
375 4873 432 4930 δε
474 4883 533 4931 τὸ
587 4879 687 4933 ἀπὸ
746 4888 941 4944 κοινοῦ,
989 4883 1078 4932 καὶ
1129 4878 1332 4950 ζεῦγμα
1382 4874 1612 4938 καλεῖτα,
1669 4874 1750 4924 ὅτι

141 4966 388 5037 ζευγνύει
433 4968 799 5034 πληθυντικὸν,
852 4969 1021 5039 ἑνικῷ,
1074 4975 1164 5020 καῖ
1218 4969 1468 5040 μετοχὴν,
1528 4964 1745 5037 ῥήματι-

142 5056 330 5116 Οὖτως
371 5053 458 5109 οὖν
501 5057 603 5111 ἀπὸ
652 5067 828 5111 κοινοῦ
870 5062 926 5111 τὸ
985 5061 1192 5131 ἔχοντες
1245 5058 1382 5108 κατὰ
1422 5058 1479 5106 τὸ
1549 5053 1750 5124 ζεῦγμα

135 5143 551 5219 λαμϐανόμενον,
596 5147 986 5221 ἀπηρτισμένην
1049 5149 1184 5199 κατά
1253 5152 1406 5197 τοῦτο
1481 5146 1604 5204 τέως
1657 5145 1750 5199 τὴν

139 5237 343 5288 ἔννοιαν
387 5241 477 5289 καὶ
521 5240 586 5290 τὰ
643 5242 822 5310 χωρίοὶ
883 5243 1039 5291 ποιεῖ.
1081 5234 1441 5295 Ἐλλιιπιτκῶς
1494 5227 1552 5284 δε
1598 5229 1751 5283 πάλιν

141 5325 574 5398 ἐσχημάτισται,
621 5328 704 5380 ὃτι
751 5327 914 5380 λείπει
958 5329 1084 5400 πρὸς
1139 5323 1466 5398 μύτοτέλειαν
1515 5327 1607 5373 τοῦ
1636 5323 1754 5377 νοή-

142 5434 339 5489 ματος.
374 5416 499 5469 Οἶον
542 5420 623 5486 τὸ,
654 5421 860 5470 Μενέτω
915 5415 964 5468 ἐν
1019 5413 1091 5486 τῷ
1145 5412 1294 5466 λαϐεν
1341 5413 1554 5470 ἕκαστος
1596 5411 1756 5482 χαρί-

149 5523 345 5576 σματι.
377 5503 444 5558 Ἢ
476 5503 757 5580 ἀρκείσθω,
789 5506 819 5565 ἦ
857 5505 1164 5577 στοιχείθω,
1193 5506 1224 5560 ἦ
1256 5520 1308 5553 τι
1337 5507 1589 5554 τοιοῦτον.
1611 5496 1755 5564 Οἷον,

149 5596 254 5657 εἴτε
295 5599 613 5670 προφητείαν
662 5597 774 5667 ἔχει
801 5613 901 5667 τις,
935 5597 1034 5648 εἴτε
1065 5587 1352 5658 διακονίαν,
1404 5593 1591 5662 μενέτω
1644 5586 1757 5639 ἔκα-

381 5688 647 5752 ,Ρλτεοιη
685 5686 789 5742 Gn.
822 5686 905 5742 Cl.

2035 4247 2200 4300 Vens.
2229 4247 2280 4299 8.
2316 4242 2426 4309 Qui
2463 4242 2813 4299 exhortatur
2849 4241 2913 4296 in
2952 4238 3344 4298 exhortando.

1926 4335 2142 4391 Photii.
2172 4333 2335 4390 Alius
2363 4336 2559 4389 autem
2581 4331 2821 4387 duobus
2854 4331 3050 4386 modis
3071 4333 3260 4384 totum
3320 4326 3523 4384 locum

1855 4423 2195 4488 sumidixit,
2216 4437 2402 4494 usque
2426 4420 2505 4477 ad
2526 4419 2672 4475 illud
2698 4435 2709 4475 :
2741 4419 2880 4476 Sive
2924 4417 3022 4490 qui
3051 4417 3410 4474 exhortatur
3461 4415 3525 4472 in

1857 4513 2246 4572 exhortando.
2290 4509 2516 4576 Quibus
2557 4508 2802 4565 modis?
2829 4508 2889 4563 in
2941 4506 3267 4570 communi,
3299 4510 3355 4560 et
3403 4503 3524 4560 elli-

1857 4602 2030 4676 ptice.
2053 4599 2282 4657 Etenim
2295 4602 2351 4652 τὸ
2372 4597 2653 4654 habentes
2666 4597 2724 4652 in
2739 4595 3048 4652 communi
3065 4609 3168 4667 per
3180 4592 3524 4649 membrum

1856 4691 2130 4749 dictionis
2182 4689 2469 4762 quodque
2529 4685 3020 4756 intelligiturzut,
3091 4683 3213 4738 sive
3272 4681 3528 4754 prophe-

1856 4782 1999 4839 tiam
2031 4779 2248 4852 aliquis
2264 4777 2464 4843 habet,
2492 4776 2614 4832 sive
2647 4774 3044 4831 ministerium
3063 4771 3280 4844 aliquis
3301 4772 3522 4838 habet;

1855 4872 1970 4927 hoc
1991 4875 2193 4927 autem
2209 4867 2371 4941 quod
2395 4867 2455 4921 in
2481 4864 2790 4921 communi
2819 4867 2922 4924 est,
2961 4859 3299 4933 conjunctio
3325 4859 3528 4933 appel-

1856 4958 2049 5021 latur:
2082 4958 2228 5031 quid
2258 4955 2490 5030 plurale
2530 4953 2814 5024 singulari
2839 4951 3237 5023 conjungit,et
3288 4949 3526 5022 partici-

1857 5049 2025 5123 pium
2046 5047 2253 5104 verbo.
2280 5047 2372 5102 Sic
2411 5043 2590 5115 igitur
2617 5043 2679 5098 in
2709 5041 3018 5097 communi
3047 5043 3105 5092 τό
3129 5039 3406 5096 habentes
3439 5056 3529 5096 se-

1859 5138 2125 5195 cundum
2173 5133 2662 5205 conjunctionem
2711 5133 3040 5201 sumptum,
3087 5127 3436 5200 adaptatam
3454 5144 3526 5185 eo

1862 5243 2043 5294 sensu
2075 5239 2263 5296 usque
2286 5223 2368 5278 ibi
2398 5219 2752 5278 sententiam
2785 5219 3051 5274 etlocum
3077 5217 3239 5274 facit.
3267 5217 3530 5290 Elliptice

1864 5320 2065 5372 autem
2104 5314 2318 5370 iterum
2353 5309 2611 5367 sumitur
2635 5307 2781 5381 quia
2801 5306 2966 5364 deest
2991 5306 3218 5380 aliquid
3251 5307 3328 5363 ad
3355 5307 3528 5362 abso-

1864 5405 2054 5462 lutam
2069 5400 2498 5476 perfectionem
2525 5397 2829 5454 sententiis
2859 5413 2871 5453 :
2909 5401 2970 5454 ut
3000 5396 3168 5463 illud,
3203 5398 3448 5452 maneat
3469 5393 3531 5446 in

1865 5509 1989 5567 quo
2014 5492 2243 5564 accepit
2279 5489 2534 5562 quisque
2571 5487 2756 5556 dono,
2810 5494 2912 5545 aut
2941 5489 3254 5544 contentus
3294 5482 3387 5545 sit,
3430 5481 3536 5534 aut

1867 5581 2198 5640 conformet
2221 5595 2304 5650 se,
2327 5585 2430 5636 aut
2453 5576 2617 5635 aliud
2644 5577 2792 5650 quid
2823 5575 3056 5641 simile;
3098 5576 3184 5639 ut,
3217 5570 3342 5718 rare
3398 5578 3534 5639 pro-
