4060 6218
514 306 536 358 1
549 305 645 359 251

1753 300 1990 358 ΡΗΟΤΙΙ
2030 292 2516 355 PATHIARCH/E
2555 299 2660 355 CP.

3748 307 3901 362 1252

510 428 775 500 phetiam
810 427 1027 500 aliquis
1072 426 1276 490 habet,
1323 427 1443 482 sive
1476 426 1889 493 ministerium,
1923 427 2163 480 maneat

2281 442 2397 484 στος
2427 423 2475 474 ἐν
2601 425 2763 482 ἔλαϐε.
2813 430 2915 480 Καὶ
2968 425 3128 483 πολλὴ
3180 424 3320 477 ἐστιν
3384 427 3414 483 ἡ
3474 437 3570 479 τῶν
3632 434 3898 483 τοιούτων

508 518 766 591 quisque
806 517 864 571 in
892 532 961 571 eo
987 516 1150 589 quod
1183 516 1425 586 accepit.
1461 517 1675 571 Multus
1704 531 1947 588 quoque
1970 520 2055 570 est
2082 519 2164 569 ta-

504 607 655 665 lium
685 622 826 661 usus
858 604 1016 675 apud
1051 604 1387 659 mirabilem
1427 604 1697 669 Paulum,
1726 610 1779 660 et
1808 620 1880 659 ne
1912 602 2161 668 mireris,

507 695 612 751 etsi
672 694 907 750 illorum
976 694 1046 748 sit
1096 694 1430 765 imperitus,
1482 693 1643 749 hunc
1701 700 1903 748 tamen
1934 692 2045 747 illis
2084 692 2164 746 uti

507 784 705 839 Gratia
740 784 897 837 enim
930 782 1163 852 majora
1192 787 1501 853 praestans,
1538 782 1928 837 mediocrium
1947 780 2165 852 saepius

504 871 906 941 cognitionem
924 873 1165 943 praebet.
1182 886 1302 927 non
1320 876 1607 943 tanquam
1631 887 1853 942 magna
1873 870 2001 925 haec
2024 869 2160 934 sint;

504 960 649 1032 quid
680 962 839 1017 enim
870 968 1021 1016 esset
1052 961 1207 1016 circa
1229 976 1403 1017 voces
1442 965 1499 1017 et
1537 960 1797 1032 syllabas
1827 964 1884 1016 et
1925 960 2163 1015 illorum

501 1050 997 1121 compositionem
1024 1050 1375 1120 nugantium
1400 1050 1713 1106 hominum
1744 1050 1911 1105 labor
1941 1047 2161 1103 etlausl

501 1142 629 1195 Non
663 1154 802 1209 ergo
825 1144 884 1195 ut
910 1139 1146 1209 magnis
1174 1138 1267 1194 his
1296 1156 1439 1194 usus
1462 1144 1569 1205 est,
1612 1138 1718 1194 sed
1751 1144 1812 1194 ut
1838 1137 2165 1193 confundat

501 1245 603 1285 eos
632 1229 735 1301 qui
759 1228 833 1284 de
855 1228 1076 1284 talibus
1103 1228 1475 1301 superbiunt,
1509 1234 1565 1284 et
1590 1232 1652 1283 ut
1680 1228 1978 1283 lucrentur
2006 1226 2165 1280 iihu-

502 1318 810 1375 militatem
836 1322 894 1374 et
920 1317 1325 1374 obedientiam
1347 1317 1503 1373 illius
1546 1316 1773 1372 moniti.
1803 1321 1953 1388 Apta
2003 1314 2163 1370 enim

500 1408 859 1464 suntomnia
881 1408 1083 1471 Paulo,
1103 1413 1331 1479 quanta
1349 1422 1485 1464 vere
1500 1406 1558 1462 in
1580 1406 1831 1462 salutem
1845 1404 2162 1461 hominum

502 1495 1276 1568 conferunt;quamobrem
1335 1496 1464 1552 loca
1525 1496 1897 1568 poeticorum
1946 1495 2164 1549 carmi-

500 1600 672 1653 num,
705 1590 762 1643 et
788 1585 1007 1641 Graecae
1047 1585 1327 1656 historiae,
1372 1600 1494 1641 non
1542 1585 1776 1641 dubitat
1820 1583 2050 1648 afferre,
2113 1584 2162 1639 si

500 1689 608 1745 per
635 1676 764 1732 haec
791 1674 1113 1747 speraverit
1141 1674 1345 1731 salutis
1372 1674 1603 1731 homini
1628 1675 1785 1731 viam
1816 1673 2087 1743 dirigere.

504 1856 655 1912 CAP.
685 1855 821 1909 XIII.
864 1854 1036 1910 Vens.
1083 1856 1165 1910 11.
1194 1854 1271 1908 Et
1314 1853 1421 1909 hoc
1458 1854 1703 1909 scientes
1735 1858 1986 1921 tempus,
2019 1853 2161 1922 quia

577 1927 726 1983 hora
756 1932 839 1983 est
853 1926 984 1996 jam
1014 1940 1119 1981 nos
1148 1925 1215 1981 de
1240 1940 1443 1981 somno
1494 1939 1755 1995 surgere.
1796 1923 1975 1979 Nunc
2006 1923 2161 1979 enim

573 1998 821 2068 propior
844 2004 928 2054 est
957 2003 1160 2053 nostra
1180 1998 1364 2062 salus,
1397 2012 1575 2067 quam
1602 2012 1735 2052 cum
1774 1996 2085 2051 credimus.

575 2088 790 2144 Photii.
825 2086 1305 2143 Praacedentibus
1329 2090 1526 2142 autem
1546 2085 1669 2141 hac
1696 2085 1982 2156 adaptata
2004 2087 2160 2147 sunt,

505 2181 563 2234 et
591 2176 670 2233 ad
700 2177 798 2233 illa
829 2177 1061 2247 adjecta
1110 2180 1270 2243 sunt,
1316 2174 1745 2247 ampliﬁcando
1777 2174 2065 2240 adbbiita,
2109 2178 2164 2228 et

506 2266 973 2323 exhortationem
989 2265 1065 2322 ad
1079 2265 1325 2337 illaquae
1338 2264 1499 2319 dicta
1517 2264 2018 2320 suntexhibentia.
2035 2263 2166 2328 Qui-

504 2357 766 2413 busnam
779 2371 921 2412 vero
953 2370 1137 2427 supra
1167 2353 1376 2409 dictis?
1401 2354 1602 2409 Omnis
1620 2354 1821 2409 anima
1860 2355 2163 2422 potestati-

508 2447 613 2502 bus
634 2444 1078 2501 sublimioribus
1098 2442 1334 2499 subdita
1352 2445 1427 2498 sit
1452 2459 1464 2508 ;
1507 2448 1563 2498 et
1582 2460 1594 2498 :
1630 2444 1878 2500 Reddite
1901 2442 2166 2498 omnibus

506 2534 720 2599 debita,
746 2540 797 2589 et
815 2549 946 2604 quae
968 2540 1318 2603 sequuntur.
1342 2532 1473 2587 Haec
1496 2532 1693 2602 igitur,
1714 2533 1873 2597 dicit,
1900 2532 2073 2587 facite
2093 2530 2169 2587 ob

507 2638 579 2679 ea
604 2638 741 2694 quae
765 2622 925 2676 dicta
947 2626 1107 2685 sunt,
1132 2626 1187 2676 et
1208 2621 1286 2675 ob
1312 2620 1455 2675 illud
1491 2621 1804 2691 imprimis.
1848 2623 2041 2686 Quam
2094 2621 2168 2674 ob

507 2727 632 2768 rem
654 2712 681 2767 ?
709 2710 972 2766 Scientes
998 2710 1157 2780 quod
1173 2709 1732 2780 praseisumestvitae
1769 2716 1986 2765 nostrae
2028 2715 2169 2764 tem-

507 2816 635 2873 pus,
653 2798 720 2855 Et
740 2802 972 2871 oportet
988 2813 1118 2861 nos,
1136 2803 1189 2853 et
1203 2798 1249 2852 si
1272 2798 1720 2853 dormiebamus
1742 2798 1887 2853 nihil
1906 2803 2166 2868 agentes,

506 2895 799 2962 tanquam
828 2904 857 2945 e
877 2904 1099 2953 somno,
1130 2886 1343 2943 saltem
1369 2887 1989 2959 igiturnuncsurgere.
2043 2889 2169 2945 Cla-

508 2995 641 3035 rum
664 2983 754 3034 est
776 2976 935 3033 enim
961 2992 1071 3033 nos
1102 2991 1263 3031 nunc
1293 2976 1483 3046 magis
1508 2976 1563 3031 in
1614 2976 1733 3031 ﬁne
1779 2993 1907 3033 esse
1956 2982 2169 3033 nostrae

508 3068 664 3133 vitaz,
698 3082 875 3138 quam
907 3082 1039 3121 cum
1073 3065 1455 3121 credidimus.

2271 520 2473 585 χρῆσις
2525 517 2669 587 παρὰ
2722 524 2795 585 τῷ
2844 519 3123 587 θαυμασίῳ
3168 514 3372 586 Παύλῳ.
3419 522 3518 569 Καὶ
3558 523 3633 590 μὴ
3680 522 3896 593 θαυμάο

2276 618 2374 671 σης
2405 601 2447 651 εί
2503 599 2710 673 ἀμαθὴς
2753 605 2819 656 ὠν
2862 608 3075 666 τούτων,
3118 602 3370 678 ἐκέχρητο
3425 608 3655 668 τούτοις,
3684 608 3747 661 Ἣ

2272 691 2430 763 χάρις
2460 692 2489 748 ἡ
2536 695 2603 743 τὰ
2648 693 2807 765 μείζω
2850 701 3184 768 χορηγοῦσα,
3218 699 3307 746 καὶ
3362 702 3459 745 τῶν
3505 696 3723 748 εὐτελῶν
3768 700 3897 751 πολ-

2271 776 2420 839 λάκις
2466 786 2686 855 παρέχει
2719 788 2810 841 τὴν
2866 792 3079 854 γνῶσιν,
3133 783 3239 854 ούχ
3292 786 3360 845 ὡς
3407 785 3642 855 μεγάλων
3682 790 3893 838 τούτων

2273 867 2633 941 ὑπαρχόντων.
2665 876 2727 923 Τί
2758 874 2856 945 γὰρ
2909 871 2968 922 ἂν
3021 876 3108 924 καὶ
3141 875 3216 929 εἴη
3276 876 3394 945 περὶ
3441 871 3599 935 λέξεις
3638 882 3731 926 καὶ
3766 877 3895 927 συλ-

2271 954 2432 1018 λαϐὰς
2506 964 2595 1011 xui
2649 964 2741 1018 τὴν
2812 964 3004 1013 τούτων
3064 963 3330 1018 συνθήκην
3396 962 3891 1036 μικρολογουμένων

2274 1043 2553 1117 ἀνθρώπων
2608 1053 2761 1111 πόνος
2836 1054 2923 1101 καὶ
2986 1050 3214 1122 ὀνόματα
3248 1068 3260 1117 ;
3297 1054 3498 1102 Οὔκουν
3551 1055 3615 1111 ὡς
3676 1054 3893 1126 μεγαλα

2273 1139 2407 1185 τισὶν
2478 1135 2732 1211 ἐκέχρητο
2800 1142 3024 1201 τούτοις,
3085 1137 3191 1190 ἀλλ’
3253 1138 3320 1198 εἰς
3384 1142 3443 1190 τό
3499 1145 3890 1213 καταισχύνειν

2272 1227 2392 1285 τοὺς
2430 1223 2513 1277 ἐπὶ
2564 1234 2675 1289 τοῖς
2719 1231 2975 1289 τοιούτοις
3025 1232 3161 1300 μέγα
3217 1236 3547 1301 φρονοῦντας,
3608 1237 3699 1282 καὶ
3765 1251 3888 1305 κερ-

2274 1309 2441 1371 δῆσαι
2492 1315 2681 1377 αύτούς
2726 1316 2796 1378 εἰς
2848 1320 3323 1390 ταπεινοφροσύνην
3374 1323 3465 1370 καὶ
3513 1320 3757 1377 ύπακοὴν
3792 1331 3888 1382 τῆς

2271 1402 2431 1455 αὐτοῦ
2460 1407 2750 1467 νουθεσίας.
2791 1404 2987 1459 Ἃοκνα
3027 1409 3128 1477 γὰρ
3184 1408 3424 1481 ὑπῆρχεν
3452 1408 3659 1461 ἅπαντα
3691 1410 3884 1481 Παύλῳ

2272 1494 2372 1544 ὅσα
2425 1499 2687 1567 σωτηρίαν
2769 1494 3054 1567 ἀνθρώποις
3119 1498 3285 1569 ἔφερεν
3350 1495 3575 1557 ἀληθῶς.
3635 1502 3717 1551 Διό
3786 1506 3879 1551 καί

2270 1587 2491 1654 χρήσεις
2540 1593 2825 1642 ποιητικῶν
2899 1589 3121 1657 στίχων,
3176 1590 3266 1637 xui
3348 1585 3580 1660 ἱστορίας
3646 1586 3873 1646 Ἐλληνί-

2269 1675 2383 1737 κὰς,
2441 1673 2534 1724 οὐκ
2588 1673 2725 1725 ὀκνεῖ
2792 1675 3188 1748 προσκομίζειν,
3248 1673 3306 1725 ἂν
3378 1680 3466 1727 καὶ
3519 1673 3615 1728 δ’ιά
3683 1681 3876 1729 τούτων

2200 1774 2241 1829 Β
2270 1761 2451 1833 ἐλπίζῃ
2488 1768 2751 1837 σωτηρίαν
2783 1765 3117 1837 κατορθῶσαι
3147 1763 3420 1835 ἀνθρώπῳ.

2274 1855 2413 1941 Καὶ(⁵
2452 1859 2618 1941 τοῦτο,
2658 1848 2909 1938 *εἰδότες
2979 1855 3065 1903 τόν
3130 1855 3333 1927 καιρόν,
3404 1854 3483 1905 ὅτι
3554 1855 3677 1941 ὧμα
3746 1858 3877 1927 ἡμᾶς

2341 1918 2447 2009 ἤδη
2649 1923 2809 1975 ὕπνου
2877 1923 3166 2009 ⁴ἐγερθῆναι
3209 1918 3231 1953 ·’
3267 1918 3353 1976 νῦν
3414 1927 3513 1999 γὰρ
3598 1918 3877 2002 ’ἐγγύτέρον

2342 1998 2486 2064 ἡμῶν
2519 1998 2549 2051 ἡ
2586 2000 2844 2069 σωτηρία,
2873 1998 2901 2053 ἡ
2938 1998 3019 2048 ὅτε
3044 1998 3451 2067 ἐπιστεύσαμεν.

2342 2087 2560 2137 Φωτίου.
2592 2090 2707 2144 Τοῖς
2750 2085 2853 2136 οἶνω
2907 2080 2966 2136 δὲ
3015 2091 3185 2137 ταῦτα
3215 2090 3559 2158 συνήρτηται,
3612 2091 3707 2139 καὶ
3759 2092 3879 2160 πρὸς

2271 2170 2435 2223 ἐκεῖνα
2473 2168 2812 2226 ἀποδίδοται.
2873 2173 3145 2235 Ἐπίτασις
3192 2173 3382 2245 μᾷλλον
3434 2178 3570 2240 ὄντα,
3619 2181 3714 2228 καὶ
3762 2197 3880 2247 προσ

2270 2265 2463 2333 τροπὴν
2512 2270 2608 2313 τῶν
2670 2261 2948 2334 εἰρημένων
3002 2261 3332 2335 ἐμφαίνοντα.
3394 2269 3566 2324 Ποίοις
3626 2260 3691 2316 δὲ
3733 2266 3875 2325 iam;

2532 2350 2686 2422 ψυχὴ
2795 2350 3053 2412 ἐξουσίαις

2277 2440 2466 2503 σέσθω,
2526 2444 2633 2503 xui,
2696 2436 2949 2492 Ἀπόδοτε
3024 2446 3152 2492 πᾶσι
3226 2444 3321 2501 τὰς
3387 2441 3607 2513 ὀφειλάς,
3675 2446 3768 2493 καὶ
3821 2445 3881 2493 τὰ

2277 2356 2430 2401 Πᾶσα
2532 2353 2686 2422 ψυχὴ
2795 2353 3053 2412 ἐξουσίαις
3157 2353 3545 2424 ὑπερεχούσαις
3648 2354 3880 2405 ὑποτασ-

2278 2527 2413 2589 ἐξῆς.
2444 2535 2620 2580 Ταῦτα
2663 2525 2770 2595 οὖν,
2818 2533 2969 2600 φησὶ,
3004 2536 3195 2581 ποιεῖτε
3240 2525 3333 2581 διὰ
3390 2533 3457 2581 τὰ
3507 2534 3877 2603 προειρημένα,

2275 2621 2362 2667 καὶ
2411 2614 2503 2669 διὰ
2549 2624 2701 2669 τοῦτο
2758 2618 3007 2689 μάλιστα.
3041 2621 3136 2671 Διὰ
3165 2626 3310 2670 ποῖον
3342 2635 3356 2683 ;
3393 2616 3600 2681 Είδότες
3632 2623 3710 2670 ὅτι
3756 2639 3879 2670 σπιν-

2276 2711 2527 2777 τέτμηται
2559 2716 2653 2767 τῆς
2706 2708 2845 2767 ζωῆς
2891 2709 3035 2779 ἡμῶν
3063 2709 3088 2759 6
3118 2712 3329 2781 χρόνος.
3367 2713 3469 2760 Καὶ
3523 2705 3602 2760 δεῖ
3642 2711 3803 2779 ἡμᾶς,
3832 2708 3875 2758 εἰ

2276 2800 2362 2847 καὶ
2426 2793 2765 2868 ἐκαθεύδομεν
2833 2793 2997 2868 μηδὲν
3053 2798 3386 2870 πράττοντες,
3447 2800 3516 2857 ὡς
3584 2796 3635 2859 ἐξ
3694 2799 3880 2860 ὕπνου,

2277 2884 2371 2936 κᾶν
2401 2893 2524 2956 γοῦν
2549 2892 2658 2948 νῦν,
2709 2888 2998 2958 ἐγερθῆναι.
3030 2889 3248 2957 Φανερόν
3296 2889 3396 2959 γὰρ
3448 2888 3526 2937 ὄτι
3557 2893 3647 2937 νῦν
3697 2886 3882 2958 μᾶλλον

2278 2978 2406 3046 πρὸς
2437 2982 2508 3044 τῷ
2539 2974 2666 3026 τέλει
2711 2974 2859 3045 ἐσμεν
2910 2983 3004 3036 τῆς
3044 2976 3183 3037 ζωῆς
3237 2978 3398 3047 ἡμῶν,
3455 2976 3483 3034 ἡ
3517 2976 3603 3027 ὅτε
3649 2975 3885 3028 ἐπιστεύ·

2283 3082 2462 3135 σαμεν.

509 3123 667 3240 CAR:
700 3123 833 3211 inv.
850 3155 1036 3240 vias.
1072 3159 1125 3240 _5.
1158 3155 1317 3240 Nam
1330 3155 1503 3240 alius
1537 3153 1810 3240 judicat“
1836 3154 1988 3211 diem
2014 3156 2163 3210 inter

2281 3150 2371 3214 ΑΟς
2429 3155 2518 3223 μὲν
2571 3157 2731 3237 κρίνει
2788 3154 2981 3238 ἡμέραν
3035 3153 3159 3227 παρ’
3222 3155 3436 3240 ἡμέραν,
3496 3153 3549 3212 ὃς
3607 3149 3670 3206 δὲ
3730 3158 3885 3227 κρίνει

580 3229 765 3295 diem;
797 3228 955 3283 alius
982 3234 1175 3282 autem
1196 3225 1437 3295 judicat
1485 3241 1711 3282 omnem
1745 3226 1894 3282 diem
1927 3243 1938 3279 :
1994 3242 2171 3283 unus-

579 3300 816 3372 quisque
845 3299 909 3354 in
931 3314 1035 3354 suo
1074 3313 1246 3355 sensu
1284 3297 1565 3353 abundet.

580 3389 799 3447 Photii.
834 3391 898 3443 Et
926 3388 972 3443 si
1003 3388 1183 3457 igitur
1211 3386 1427 3459 aliquis
1457 3386 1665 3443 diebus
1705 3386 1944 3443 alternis
1999 3403 2169 3443 man-

511 3480 712 3543 ducat,
735 3478 833 3533 hic
859 3481 1058 3532 autem
1090 3476 1335 3546 singulis
1365 3475 1581 3533 diebus
1608 3492 1729 3531 non
1760 3476 1937 3531 debet
1966 3476 2040 3532 de
2076 3476 2172 3531 his

506 3565 779 3638 judicare
798 3569 852 3619 et
875 3564 1278 3620 condemnare
1293 3564 1547 3619 invicem
1565 3564 1724 3619 hunc
1745 3564 1843 3635 qui
1864 3581 1983 3620 non
1998 3582 2172 3621 man-

512 3654 712 3710 ducat.
744 3651 983 3722 Jejunat
1023 3652 1182 3706 enim
1233 3652 1543 3723 proximus
1560 3656 1617 3707 et
1662 3652 1891 3707 bonum
1933 3653 2089 3720 facit,
2124 3653 2169 3708 si

510 3747 756 3816 propter
778 3744 964 3797 Deum
986 3740 1100 3795 hoc
1131 3740 1311 3796 facit.
1354 3744 1555 3811 Neque
1598 3740 1861 3796 vicissim
1898 3742 2171 3812 jejunan-

512 3836 632 3889 tem
663 3834 896 3903 oportet
922 3829 1328 3885 condemnare
1354 3845 1476 3885 non
1500 3830 1876 3901 jejunantem
1904 3831 2171 3899 singulis-

511 3920 745 3978 diebus.
776 3923 900 3976 Non
930 3919 1087 3974 enim
1115 3920 1401 3991 praecepti
1431 3924 1540 3985 est,
1574 3920 1653 3975 ita
1680 3925 1743 3975 ut
1764 3919 1997 3976 violatio
2014 3921 2171 3991 judi-

511 4010 674 4067 cium
698 4013 991 4076 causetur,
1017 4008 1122 4063 sed
1143 4008 1344 4064 liberie
1371 4008 1694 4065 voluntatis
1715 4014 1819 4065 est.
1854 4008 1969 4065 Sed
1991 4025 2171 4065 unus-

512 4101 758 4173 quisque
795 4098 1115 4155 secundum
1138 4098 1448 4167 proprium
1475 4114 1707 4154 sensum
1734 4099 1995 4155 abundet
2019 4098 2169 4165 ;sive

510 4189 674 4261 quod
695 4189 847 4244 bene
864 4187 1009 4243 facit
1028 4202 1259 4258 semper
1275 4187 1576 4258 jejunans,
1605 4188 1727 4243 sive
1749 4188 1914 4259 quod
1932 4204 2052 4243 non
2070 4186 2168 4244 be-

509 4294 583 4334 ne
610 4277 749 4334 facit
772 4292 895 4332 non
923 4291 1159 4347 semper
1205 4275 1511 4346 jejunans.

688 4367 855 4422 Vens.
880 4365 933 4420 6.
970 4367 1081 4432 Qui
1107 4366 1263 4434 sapit
1285 4365 1456 4435 diem,
1488 4366 1741 4422 Domino
1792 4366 1967 4435 sapit.

580 4455 798 4512 Photii.
827 4454 888 4509 Si
916 4469 1056 4510 vero
1082 4454 1156 4509 de
1178 4454 1408 4525 jejunio
1455 4457 1649 4510 totum
1691 4454 1806 4510 hoc
1845 4453 2166 4525 intelligere

2350 3221 2523 3276 πάσαν
2588 3221 2834 3297 ἡμέραν(
2872 3221 3128 3284 Ἕκαστος
3207 3221 3279 3294 τῷ
3322 3221 3473 3295 ’ἰδίῳ
3538 3228 3619 3276 νοῖ
3698 3221 3885 3299 «Inpa-

2353 3296 2630 3369 φορείσθω.

2352 3389 2569 3438 Φωτίου.
2628 3389 2729 3437 Καὶ
2785 3384 2828 3436 εἰ
2874 3386 2979 3459 ἄρα
3016 3386 3041 3436 6
3090 3388 3179 3455 μέν
3222 3404 3300 3445 τις
3343 3386 3538 3458 ἡμέραν
3596 3386 3727 3459 παρ’
3768 3388 3881 3457 ἡμέ-

2280 3493 2373 3549 ραν
2424 3473 2586 3526 ἐσθίει
2619 3491 2630 3502 ·
2674 3475 2699 3525 6
2758 3470 2817 3526 δὲ
2866 3474 2983 3525 καθ’
3033 3475 3249 3547 ἡμέραν,
3302 3473 3360 3525 οὐ
3422 3470 3507 3526 δεῖ
3560 3473 3647 3527 ἐπὶ
3693 3479 3882 3526 τούτων

2280 3568 2467 3635 κρίνειν
2507 3567 2595 3615 καὶ
2639 3567 2963 3637 κατακρίνειν
3012 3561 3279 3628 ἀλλήλους,
3323 3566 3438 3615 οὔτε
3483 3566 3571 3615 τὸν
3614 3563 3882 3618 ἐσθίοντα.

2280 3655 2537 3709 Νηστεύει
2588 3654 2686 3726 γὰρ
2746 3653 2771 3703 6
2828 3651 3050 3710 πλησίον
3109 3657 3198 3704 xui
3260 3651 3452 3722 ἀγαθόν
3502 3659 3661 3715 ποιεῖ,
3719 3661 3883 3703 ποιῶν

2282 3741 2407 3793 αύτὸ
2457 3739 2550 3793 διὰ
2588 3744 2674 3793 τὸν
2715 3745 2869 3797 Θεὸν.
2928 3745 3060 3793 Οῦτε
3113 3740 3265 3793 πάλιν
3309 3745 3396 3793 τὸν
3443 3744 3760 3798 νηστεύοντα
3802 3739 3885 3792 δεῖ

2279 3835 2605 3903 κατακρίνειν
2661 3832 2747 3882 τὸν
2822 3834 2893 3902 μὴ
2966 3832 3281 3887 νηστεύοντα
3333 3830 3458 3902 παρ’
3525 3830 3745 3903 ἡμέραν.
3807 3829 3881 3881 Oti

2280 3923 2380 3992 γὰρ
2440 3922 2744 3991 νομοθεσίας
2811 3917 2970 3983 ἐστὶν,
3032 3920 3115 3970 ῖνα
3174 3920 3203 3976 ἡ
3280 3916 3584 3991 παράϐασις
3661 3918 3876 3992 προξενεῖ

2279 4017 2463 4082 κρῖμα,
2546 4007 2674 4059 ἀλλὰ
2755 4012 2915 4079 μόνης
2991 4010 3357 4081 προαιρέσεως.
3439 4005 3579 4058 Ἀλλ’

2278 4100 2413 4150 κατὰ
2514 4100 2599 4149 τὸν
2699 4093 2837 4149 ἴδιον
2938 4104 3054 4148 νοῦν
3150 4096 3580 4171 πληροφορείσθω
3613 4113 3626 4125 ·
3671 4098 3701 4155 ἡ
3804 4099 3885 4149 ὅτι

2278 4186 2446 4248 καλῶς
2492 4192 2631 4239 ποιεῖ
2674 4188 2931 4243 νηστεύων
2980 4184 3059 4237 ἀεί
3090 4202 3101 4215 ·
3140 4186 3169 4243 ἡ
3222 4187 3302 4237 ὅτι
3352 4185 3409 4237 ού
3467 4183 3640 4246 καλῶς
3677 4190 3749 4257 μὴ
3790 4205 3885 4243 νη-

3666 4010 3883 4067 ἕκαστος

2938 4104 3054 4148 νοῦν

2280 4278 2469 4328 στεύων
2500 4274 2597 4329 ἀεί.

2524 4364 2582 4415 '0
2609 4372 2799 4439 φρονῶν
2830 4367 2924 4422 τὴν
2955 4365 3172 4436 ἡμέραν,
3216 4366 3391 4437 Κυρίῳ
3417 4369 3611 4437 φρονεῖ.

2348 4460 2568 4508 Φωτίου.
2628 4454 2687 4507 Εἰ
2762 4450 2821 4506 δὲ
2877 4458 2995 4528 περὶ
3056 4456 3300 4514 νηστείας
3349 4456 3408 4504 τό
3476 4459 3576 4505 πᾶν
3649 4451 3881 4505 ἐκλαϐεῖν

507 4547 621 4612 vis,
650 4547 732 4602 ita
754 4560 1023 4601 censeas.
1074 4544 1181 4609 Qui
1206 4544 1436 4615 judicat
1479 4548 1535 4600 et
1579 4543 1895 4600 arbitratur
1936 4544 2163 4601 bonum

2281 4543 2473 4618 βούλει,
2534 4544 2665 4596 οὕτω
2733 4547 2919 4602 νόησον
2948 4542 3040 4595 ’Ὁ
3116 4548 3300 4615 κρίνων
3373 4546 3461 4594 xui
3543 4542 3884 4615 λογιζόμενος

508 4652 641 4693 esse
673 4633 921 4704 singulis
941 4633 1152 4689 diebus
1184 4633 1567 4700 manducare,
1596 4634 1843 4689 Domino
1893 4636 2071 4704 sapit,
2105 4636 2165 4690 id

509 4729 616 4790 est,
647 4724 707 4779 in
739 4721 990 4777 Domino
1021 4721 1135 4777 hoc
1190 4720 1532 4787 arbitratur,
1572 4723 1687 4777 hoc
1726 4723 1884 4777 enim
1919 4730 2163 4794 propter

506 4813 830 4872 Dominum
857 4810 1013 4866 facit.
1036 4808 1146 4875 Qui
1170 4814 1370 4865 autem
1398 4825 1517 4865 non
1543 4810 1923 4880 hocjudicat,
1968 4827 2161 4884 neque

508 4902 846 4966 arbitratur,
866 4900 1094 4957 bonum
1118 4914 1246 4954 esse
1273 4898 1514 4970 singulis
1541 4898 1751 4954 diebus
1774 4900 2158 4968 manducare,

508 4995 752 5063 propter
772 4988 1095 5046 Dominum
1112 4987 1342 5059 judicat
1370 4987 1512 5043 illud
1542 4988 1770 5044 bonum
1794 5004 1924 5045 esse
1944 4992 1997 5043 et
2015 4989 2161 5045 arbi-

508 5080 713 5131 tratur.
732 5079 920 5133 Causa
940 5093 1096 5133 enim
1115 5082 1255 5133 sunt
1267 5077 1347 5132 illi
1363 5094 1497 5150 quae
1513 5094 1649 5133 mox
1664 5078 1809 5133 dixit
1821 5078 1946 5148 ejus
1960 5077 2123 5133 verbi
2146 5096 2155 5134 :

512 5184 535 5215 α
557 5164 947 5235 Unusquisque
958 5166 1019 5221 in
1031 5182 1131 5222 suo
1142 5182 1309 5223 sensu
1324 5166 1637 5223 abundet.»
1654 5167 1955 5232 Quomodo
1969 5171 2159 5223 autem

505 5252 665 5310 istud
681 5252 828 5308 dicis
847 5254 873 5307 ?
888 5254 1061 5310 Paule
1082 5257 1266 5311 ‘trecte
1284 5256 1425 5320 dixi,
1442 5256 1652 5328 inquit,
1671 5255 1959 5326 quoniam
1993 5256 2161 5327 etqui

502 5342 737 5415 jejunat
749 5340 997 5411 singulis
1010 5342 1241 5416 diebus,
1260 5350 1313 5401 et
1325 5344 1425 5417 qui
1440 5343 2026 5415 manducatsingulis
2038 5344 2164 5400 die-

504 5432 622 5489 bus
651 5430 712 5486 in
733 5430 987 5502 gratiam
1010 5432 1242 5488 Domini
1272 5434 1385 5490 hoc
1414 5433 1658 5491 faciunt.
1690 5437 1889 5507 Neque
1932 5438 2165 5506 oportet

505 5520 834 5578 admodum
855 5519 1126 5591 judicare
1146 5521 1401 5580 invicem
1416 5525 1478 5580 in
1505 5524 1639 5581 isto.
1666 5523 1890 5581 Deinde
1916 5539 2163 5582 causam

504 5610 720 5681 innuit,
735 5614 791 5668 et
805 5609 967 5678 dicit,
987 5609 1205 5667 etenim
1229 5611 1331 5685 qui
1346 5614 1898 5689 manducatgralias
1912 5614 2034 5689 agit
2048 5616 2162 5671 Deo

2273 4634 2426 4686 καλὸν
2472 4630 2601 4685 εἶναι
2643 4634 2758 4685 καθ’
2808 4633 3002 4705 ἡμέραν
3057 4638 3255 4703 φαγεῖν,
3309 4638 3378 4700 τῷ
3432 4636 3609 4703 Κυρίῳ
3654 4639 3828 4706 φρονιί
3864 4651 3877 4663 -

2272 4727 2558 4788 τουτέστιν,
2588 4721 2634 4773 ἐν
2691 4725 2867 4794 Κυρίῳ
2906 4727 3056 4773 τοῦτο
3098 4720 3378 4792 λογίζεται.
3435 4726 3601 4773 Τοῦτο
3631 4723 3735 4793 γὰρ
3785 4718 3882 4773 δια

2270 4817 2353 4865 τόν
2396 4814 2584 4885 Κύριον
2655 4816 2817 4866 ποιεῖ.
2877 4814 2977 4862 Καὶ
3020 4810 3045 4860 6
3101 4814 3173 4881 μὴ
3237 4812 3421 4880 κρίνων
3490 4815 3665 4873 τοῦτο,
3740 4805 3881 4880 μηδὲ

2269 4900 2612 4973 λογιζόμενος,
2666 4901 2745 4951 ὅτι
2824 4898 2977 4952 καλόν
3056 4897 3171 4951 ἐστι
3233 4898 3350 4950 καθ’
3428 4899 3623 4970 ἡμέραν
3673 4906 3877 4969 φαγεῖν,

2272 4987 2365 5042 διὰ
2416 4993 2502 5041 τόν
2561 4992 2749 5061 Κύριον
2806 4993 2968 5063 κρίνει
3020 4994 3174 5040 τοῦτο
3226 4987 3381 5039 καλὸν
3436 4984 3586 5051 εἶναι,
3640 4992 3735 5039 καὶ
3782 4987 3875 5038 λοι

2269 5082 2492 5151 γίζεται.
2552 5081 2705 5131 Αῖτια
2751 5078 2852 5151 γάρ
2911 5076 3023 5129 ἐστι
3074 5083 3237 5129 ταῦτα
3304 5078 3371 5128 τὰ
3422 5075 3663 5149 εἰρημένα
3740 5076 3879 5144 αὐτῷ

2271 5176 2381 5231 τοῦ,
2433 5167 2688 5227 Ἕκαστος
2733 5165 2782 5218 ἐν
2833 5174 2905 5236 τῷ
2966 5162 3086 5237 ἰδίῳ
3126 5168 3203 5216 νοῖ
3254 5164 3710 5239 πληροφορείσθω.
3764 5171 3879 5224 Πῶς

2273 5253 2330 5308 δὲ
2357 5256 2514 5326 λέγεις
2544 5263 2715 5322 τοῦτο,
2764 5256 2934 5307 Παῦλε
2963 5271 2977 5321 ;
3013 5253 3191 5315 Καλῶς
3236 5249 3400 5320 εἶπον,
3446 5257 3630 5325 φησίν.
3662 5249 3877 5308 Ἐπειδή

2271 5349 2357 5397 καὶ
2390 5346 2415 5395 ό
2450 5346 2711 5403 νηστεύων
2770 5344 2895 5417 ὑπὲρ
2960 5344 3177 5415 ἡμέραν,
3247 5345 3337 5393 καὶ
3406 5342 3431 5392 6
3507 5340 3696 5392 ἐσθίων
3765 5342 3859 5392 καθ

2272 5437 2486 5506 ἡμέραν,
2552 5433 2619 5494 εἰς
2677 5432 2947 5504 ἀρέσκειαν
3007 5435 3197 5503 Κυρίου
3261 5437 3412 5483 τοῦτο
3462 5437 3703 5485 ποιοῦσι.
3782 5434 3877 5482 Καὶ

2272 5526 2330 5580 ού
2412 5523 2493 5579 δεῖ
2566 5530 2758 5601 κρίνειν
2836 5524 2963 5587 ὁλως
3046 5521 3290 5585 ἀλλήλους
3367 5520 3451 5574 iui
3509 5523 3698 5593 τούτῳ.
3759 5518 3875 5573 Εἶτα

2274 5618 2505 5671 ἐπιτείνει
2554 5619 2643 5675 τὴν
2700 5614 2893 5684 αἰτίαν,
2942 5616 3032 5667 xui
3092 5630 3271 5687 φησιν.
3316 5614 3417 5665 Καὶ
3473 5610 3577 5685 γὰρ
3624 5610 3651 5661 6
3700 5607 3872 5663 ἐσθίων
