4026 6206
175 300 2508 324 M

1680 443 2036 504 MONITUM
2046 491 2057 501 .

255 755 407 825 Quae
446 759 798 833 sequuntur
835 758 1214 835 quaestiones
1262 758 1367 818 diu
1410 759 1625 820 multis
1657 762 1951 838 expensis
2000 762 2323 840 multaque
2365 762 2693 840 diligentia
2727 764 2962 824 frustra
3009 768 3527 845 quaasiveramus.

146 851 374 912 Nobis
407 853 684 924 tandem,
718 853 1006 914 absoluto
1027 855 1162 934 jam
1199 857 1535 932 volumine,
1569 875 1674 917 eas
1707 859 1976 918 Venetiis
2007 860 2070 917 in
2102 859 2294 921 Codd.
2327 858 2523 920 Graec.
2559 863 2632 931 X,
2666 863 2766 931 XI,
2803 864 2910 922 XII
2942 865 3344 926 Bibliothecae
3367 868 3537 926 Mar-

143 951 372 1010 cianas
399 951 614 1010 datum
646 957 739 1011 est
763 952 1071 1030 detegere.
1104 953 1294 1026 Quas,
1316 972 1457 1015 cum
1489 973 1673 1015 suum
1691 955 1823 1034 jam
1852 973 1974 1015 non
2004 957 2246 1035 possint
2268 959 2473 1018 locum
2500 959 2800 1030 obtinere,
2834 961 2912 1020 ad
2937 963 3169 1022 calcem
3196 966 3537 1026 voluminis

146 1051 504 1128 appositas
534 1049 703 1109 haud
730 1051 996 1128 ingrate,
1027 1069 1374 1129 speramus,
1410 1054 1604 1114 lector
1629 1055 1922 1115 inveniet.
1953 1056 2135 1115 Enrr.

165 1240 3527 1270 __________________________._____________________

1177 1390 2184 1516 SUPPLEMEN
2195 1394 2547 1518 TUM

820 1681 964 1768 AD
1067 1679 1780 1784 QU/ESTIONES
1881 1685 2890 1778 AMPHILOCHIANAS.

721 2072 1034 2120 ΕΡΩΤΗΣῘΣ
1073 2066 1244 2121 ΡΜΗ.
1814 2077 1860 2128 Α

1814 2077 1860 2128 Α
2387 2071 2704 2136 ΟΠιΕΞΤΙΟ
2754 2072 3038 2128 CXLVIII.

163 2160 232 2212 Ei
267 2157 327 2212 δε
357 2157 607 2220 ἀλλήλους
637 2154 847 2232 δάκνετε
873 2161 972 2232 καὶ.
997 2159 1307 2232 κατεσθίετε,
1339 2155 1550 2229 βλέπετε
1588 2162 1659 2230 μὴ
1691 2159 1753 2210 ύπ

1629 2162 1659 2216 ὴ
1691 2159 1777 2210 ὑπ’
1908 2227 1931 2232 _
2047 2229 2059 2232 _
2109 2229 2118 2232 _
2214 2156 2404 2232 [Deest
2435 2160 2498 2216 in
2531 2162 2707 2216 Coisl.
2741 2166 2796 2217 et
2834 2163 3012 2217 Taur.
3050 2161 3215 2232 ϐοά]

691 2228 920 2286 ἀλλήλων
952 2227 1266 2288 ἀναλωθῆτε.
1340 2227 1347 2229 ⁷
1589 2227 1596 2230 ”
1892 2227 2119 2295 Quodsi
2131 2227 2281 2286 vasi:

1948 2229 2060 2284 uad
2068 2229 2119 2285 si
2131 2227 2234 2286 vos
2239 2231 2484 2287 invicem
2496 2232 2768 2288 mordetis
2780 2239 2833 2289 et
2847 2233 3166 2302 comeditis,
3181 2227 3370 2289 videte
3382 2247 3455 2290 ne
3464 2232 3538 2289 ab

2241 2302 2490 2359 invicem
2513 2305 3045 2360 consummamini‘
3078 2304 3181 2376 (a).

249 2390 419 2443 Εἰπὼν
460 2390 484 2440 ὁ
516 2387 735 2450 Παῦλος,
771 2387 830 2440 οὗ
860 2389 890 2445 ἡ
923 2387 1130 2458 γλῶττα
1176 2394 1270 2439 τοῦ
1316 2392 1574 2458 παναγίου
1626 2389 1779 2440 Πνεύ-

1966 2389 2170 2445 Dicens
2211 2390 2452 2458 Paulus,
2483 2392 2654 2463 cujus
2691 2393 2898 2464 lingua
2937 2394 3124 2449 sancti
3165 2393 3415 2465 Spiritus
3452 2398 3539 2449 est

167 2499 341 2552 ματος
416 2481 652 2549 ὄργανον,
719 2475 883 2549 Ὑμεῖς
962 2479 1062 2550 γὰρ
1139 2474 1215 2527 ἐπ’
1286 2475 1545 2552 ἐλευθερίᾳ
1636 2475 1752 2534 ἐκλή

1952 2494 2208 2549 'ganum,
2246 2481 2352 2536 Vos
2382 2481 2536 2538 enim
2566 2482 2629 2538 in
2662 2483 2992 2540 libertatem
3014 2482 3209 2539 vocati
3232 2483 3388 2548 estis,
3414 2483 3542 2552 fra-

169 2570 321 2633 θητε,
389 2563 626 2638 ἀδελφοὶ,
693 2569 782 2617 καὶ
863 2561 1108 2629 διδάξας,
1168 2567 1236 2624 ὡς
1305 2565 1409 2636 οὐχ
1484 2567 1756 2618 ὑπόκεινται

1952 2583 2008 2624 es
2037 2570 2080 2634 ’,
2116 2575 2172 2625 et
2210 2570 2457 2636 docens,
2494 2570 2661 2643 quod
2690 2587 2812 2627 non
2844 2571 3245 2642 subjiciuntur
3275 2570 3542 2626 servituti

167 2653 416 2728 δουλεία,
461 2663 762 2728 περιτομῆς,
804 2650 928 2706 οὐδὲ
966 2662 1037 2725 τῷ
1084 2660 1176 2705 τοῦ
1222 2658 1380 2726 νόμου
1427 2655 1570 2726 ζυγῷ
1613 2675 1757 2708 κατα·

1952 2657 2354 2713 rcumcisionis
2383 2675 2578 2731 neque
2602 2659 2750 2730 jugo
2780 2659 2927 2729 legis
2959 2665 3332 2731 premuntur,
3366 2663 3432 2715 ut
3468 2674 3542 2714 ne

171 2744 475 2816 τρίϐεσθαι,
508 2745 592 2796 ἶνα
631 2747 703 2816 μή
739 2748 834 2802 τὴν
869 2742 1152 2816 ἐλευθερίαν
1195 2743 1388 2809 αὐτοῖς,
1421 2749 1511 2796 καὶ
1557 2745 1656 2798 ὃσα
1703 2749 1761 2816 μί

1955 2751 2218 2803 )ertatem
2240 2746 2376 2817 illis,
2408 2753 2466 2803 et
2494 2749 2701 2804 omnia
2729 2765 2867 2821 quas
2896 2763 3019 2804 non
3049 2753 3300 2821 oportet,
3332 2748 3545 2817 largita

174 2829 290 2900 δεῖ,
351 2834 666 2906 χαρίζεσθαι
730 2836 1012 2905 νομίσωσι,
1070 2837 1158 2884 καὶ
1223 2837 1317 2890 τὴν
1380 2833 1615 2907 ἀφορμὴν
1685 2842 1764 2893 τῆς

1955 2835 2072 2890 isse
2098 2839 2324 2906 putent,
2353 2842 2408 2892 et
2439 2852 2510 2892 ex
2534 2836 2666 2907 jure
2691 2837 2974 2893 libertatis
2994 2837 3287 2893 libertatis
3309 2835 3542 2906 injusti-

170 2921 469 2996 ἐλευθερίας
525 2921 668 2995 ὕϐριν
737 2927 1067 2980 ποιήσωνται
1130 2929 1221 2982 τῆς
1281 2920 1587 2996 ἐλευθερίας,
1655 2924 1753 2975 ύπο

1954 2939 2034 2978 ιω
2066 2923 2306 2989 faciant,
2340 2925 2622 2979 submissi
2661 2925 2847 2995 carni,
2888 2923 3053 2981 addit
3083 2941 3095 2979 :
3125 2925 3244 2980 Sed
3271 2939 3380 2993 per
3404 2924 3544 2981 cha-

169 3016 492 3084 τασσόμενοι
559 3019 619 3084 τῇ
693 3015 871 3086 σαρκὶ,
941 3009 1215 3083 ἐπήγαγεν.
1287 3011 1444 3063 Ἀλλά
1520 3009 1613 3064 διὰ
1689 3022 1759 3072 τῆ

1958 3016 2127 3067 tatem
2165 3013 2381 3068 servile
2416 3011 2687 3069 invicem.
2738 3013 2940 3069 Vocati
2988 3012 3148 3079 estis,
3200 3012 3414 3084 inquit,
3464 3013 3548 3070 ad

172 3101 388 3172 ἀγάπης
473 3097 740 3154 δουλεύετε
831 3100 1092 3163 ἀλληλοις.
1179 3100 1540 3171 Ἀνεκλήθητε,
1625 3108 1754 3174 φησὶ

1952 3105 2219 3156 )ertatem
2251 3117 2264 3166 ;
2294 3100 2474 3171 fugite
2500 3101 2696 3157 carnis
2726 3103 3072 3158 servitutem
3099 3118 3113 3167 ;
3142 3102 3338 3158 carnis
3363 3117 3542 3174 porro

169 3193 310 3263 πρὸς
358 3189 665 3264 ἐλευθερίαν,
713 3192 916 3263 φεύγετε
959 3198 1053 3250 τῆς
1127 3195 1319 3266 σαρκὸς
1368 3196 1460 3249 τὴν
1519 3187 1754 3244 δουλείαν

1950 3189 2148 3244 εννὶωε
2172 3189 2498 3245 multorum
2525 3195 2610 3245 est
2630 3205 2815 3246 causa
2833 3189 3111 3247 dolorum
3139 3197 3195 3246 et
3219 3191 3540 3255 malorum,

170 3282 202 3337 ἡ
248 3277 306 3332 δὲ
343 3287 434 3340 τῆς
475 3283 668 3353 σαρκὸς
723 3277 934 3331 δουλεία
962 3278 1158 3331 πολλῶν
1202 3281 1291 3352 μεν
1322 3285 1410 3332 καὶ
1455 3279 1618 3332 ἄλλων
1667 3280 1757 3333 ἐστ

1954 3294 2205 3350 samque
2235 3279 2589 3335 charitatem
2618 3278 2791 3335 mittit
2829 3279 3010 3336 foras.
3050 3281 3119 3336 Ut
3156 3294 3298 3350 ergo
3329 3285 3543 3337 caetera

170 3368 420 3442 πρόξενος
469 3371 644 3421 παθῶν
691 3373 780 3421 καὶ
823 3373 1028 3432 κακίας,
1087 3367 1217 3443 ἀτὰρ
1263 3365 1328 3427 δὴ
1379 3375 1468 3422 καὶ
1510 3374 1604 3428 τὴν
1651 3369 1755 3442 ἀγά

1953 3367 2181 3431 nittam,
2211 3367 2327 3424 hoc
2351 3367 2566 3424 vulnus
2588 3385 2619 3424 e
2645 3383 2824 3424 carne
2855 3373 3062 3425 contra
3090 3384 3200 3425 nos
3226 3373 3456 3434 natum,
3482 3367 3543 3424 id

176 3477 286 3513 πην
355 3455 650 3511 ἀπωθεῖται.
707 3456 817 3510 Ἵνα
867 3462 1038 3509 τοίνυν
1111 3459 1178 3509 τὰ
1246 3457 1375 3509 ἄλλα
1442 3462 1568 3521 τέως
1620 3457 1766 3525 ἐάσω

1959 3462 1995 3523 t,
2012 3472 2148 3529 quae
2161 3457 2857 3523 mortiﬁcatcharitatem,
2875 3458 3188 3514 minimein
3202 3457 3374 3514 vobis
3389 3457 3541 3530 ipsis

175 3549 372 3605 ταύτην
414 3551 507 3604 τὴν
551 3545 650 3598 ἀπὸ
694 3555 789 3608 τῆς
845 3549 1034 3620 σαρκὸς
1076 3545 1362 3619 ἐρχομένην
1414 3547 1619 3620 πληγὴν
1662 3550 1761 3601 καθ

1954 3546 2277 3602 ntationem
2307 3545 2434 3602 ﬁeri
2463 3547 2834 3617 permittatis.
2863 3546 3176 3612 Quomodo
3201 3547 3361 3603 istud
3388 3545 3490 3602 ﬁet
3516 3547 3544 3602 τ

168 3637 344 3708 ἡμῶν,
394 3640 654 3700 τουτέστι,
702 3640 794 3694 τὴν
843 3643 1124 3708 νεκροῡσαν
1175 3640 1269 3693 τὴν
1323 3634 1549 3707 ἀγάπην,
1601 3634 1758 3709 μηδα-

1994 3649 2106 3704 per
2131 3635 2486 3692 charitatem
2516 3635 2788 3692 serviatis
2817 3635 3067 3692 invicem
3100 3653 3116 3706 ;
3150 3651 3255 3706 per
3293 3634 3545 3691 charita-

166 3732 285 3795 μῶς
344 3723 390 3775 ἐν
443 3723 646 3784 ἑαυτοῖς
696 3723 965 3799 παρελθεῖν
1018 3728 1278 3797 πρόφασιν
1330 3726 1754 3785 ὑποκατακλιθῆτ

1954 3741 2008 3779 m
2022 3725 2182 3780 enim
2194 3741 2331 3798 quae
2343 3731 2430 3782 est
2446 3725 2714 3791 servitus,
2739 3741 2905 3796 purae
2917 3724 3024 3780 des
3035 3741 3238 3780 ursum
3255 3723 3544 3781 libertatis

167 3809 378 3867 δοῦναι.
407 3820 571 3866 Τοῦτο
618 3809 676 3864 δε
704 3816 852 3864 ἔσται
882 3821 1019 3879 πῶς;
1056 3813 1114 3865 Εἰ
1148 3810 1242 3864 διὰ
1277 3822 1370 3874 τῆς
1403 3812 1612 3884 ἀγάπης
1652 3812 1757 3867 dou-

1957 3814 2228 3884 tpignus,
2252 3821 2309 3870 et
2329 3830 2541 3886 pacem
2565 3813 2851 3870 cordibus
2869 3813 3184 3870 hominum
3206 3813 3543 3870 inhabitare

163 3901 340 3955 λεύετε
382 3900 622 3964 ἀλλήλοις
646 3921 658 3934 ο
691 3904 720 3960 ἡ
765 3904 866 3976 γὰρ
921 3898 1015 3953 διὰ
1051 3909 1145 3962 τῆς
1178 3900 1388 3971 ἀγάπης
1436 3899 1648 3954 δουλεία
1684 3908 1745 3960 τὴ

1953 3902 2046 3956 cit.
2090 3903 2314 3958 Deinde
2363 3903 2704 3966 ostendens,
2755 3903 2920 3972 quod
2968 3902 3117 3971 legis
3166 3919 3406 3959 summa
3458 3906 3543 3957 est

163 3993 365 4044 ἄνωθεν
420 3989 831 4066 ἀρῥαϐωνίζεται
887 3991 1120 4063 καθαρὰν
1175 3987 1482 4063 ἐλευθερίαν,
1538 3994 1627 4041 καὶ
1683 3995 1753 4048 τὴ

1953 3989 2129 4058 ligere
2150 3989 2493 4060 proximum
2516 3990 2667 4044 sicut
2692 3989 2961 4059 seipsum
2988 3991 3029 4054 ³,
3060 3989 3266 4060 sicque
3292 3989 3543 4045 charita-

163 4081 380 4156 εἰρήνην
430 4087 547 4143 ταῖς
597 4079 877 4154 ἀνθρώπων
930 4075 1178 4154 καρδίαις
1224 4077 1588 4150 ἐγκατοικίςει.
1649 4076 1753 4132 Εἰτι

1952 4096 1958 4131 ;
1998 4076 2185 4134 altum
2217 4082 2273 4134 et
2302 4077 2442 4133 utile
2471 4077 2759 4133 exhibens
2799 4092 2871 4132 ex
2900 4077 3322 4132 comitantibus
3361 4077 3542 4134 vitam

162 4167 402 4237 δεικνὺς,
435 4171 515 4222 ὅτι
560 4175 649 4222 καὶ
692 4175 851 4242 νόμου
883 4169 1156 4240 κεφάλαιόν
1197 4166 1308 4220 ἐστι
1356 4171 1413 4219 τὸ
1453 4169 1658 4240 ἀγαπᾷν
1712 4172 1750 4221 ὡ

1953 4183 2222 4224 imanam
2250 4166 2580 4234 eventibus,
2615 4165 2873 4223 concinit
2900 4165 3352 4222 documentum.
3395 4168 3543 4223 Cum

162 4260 350 4314 ἑαυτὸν
388 4263 475 4312 τὸν
518 4259 759 4324 πλησίον,
793 4263 883 4310 καὶ
924 4261 1086 4331 ταύτῃ
1137 4267 1227 4318 τῆς
1277 4255 1482 4330 ἀγάπης
1528 4262 1586 4311 τὸ
1636 4257 1752 4329 ύψηι

1954 4257 2049 4312 lim
2079 4255 2279 4313 omnis
2309 4256 2491 4312 homo
2519 4271 2642 4312 non
2670 4254 2900 4326 legibus
2935 4259 2992 4312 et
3022 4254 3198 4310 minis
3228 4269 3440 4327 pmnas
3476 4255 3544 4310 ﬁ-

160 4349 250 4402 λόν
307 4353 396 4401 καὶ
461 4348 711 4421 ὠφέλιμον
778 4351 1124 4422 παραστήσας
1179 4345 1279 4398 ἀπὸ
1332 4355 1431 4399 τῶν
1487 4352 1750 4421 παρεπομέ

1951 4345 2054 4403 ιιθε
2085 4346 2518 4413 minitantibus,
2551 4345 2674 4402 vult
2702 4344 2955 4415 edoceri,
2991 4345 3223 4400 nuntiat
3245 4347 3541 4416 quantum

162 4460 268 4491 νων
332 4437 664 4510 ἀνθρωπίνων
720 4445 789 4507 τῷ
844 4435 946 4508 βίῳ
1005 4437 1422 4508 συμπτωμάτων,
1482 4435 1752 4508 ἐπισφίγγε

1952 4435 2368 4508 :praesentibus
2386 4439 2440 4492 et
2461 4435 2912 4491 imminentibus
2924 4432 3283 4506 supplicium
3303 4449 3316 4499 ;
3336 4437 3542 4490 etcon—

158 4535 261 4588 τὴν
314 4524 668 4581 διδασκαλίαν
699 4549 710 4560 ι
746 4522 925 4585 ἐπειδὴ
974 4529 1074 4600 γὰρ
1124 4527 1149 4577 ὁ
1196 4525 1356 4588 πολύς
1410 4527 1674 4600 ἄνθρωπος
1717 4545 1748 4578 οη

1953 4524 2074 4581 udit
2085 4525 2224 4581 inde
2236 4523 2727 4581 exhortationem.
2747 4524 2803 4581 Si
2823 4539 2963 4580 vero
2976 4537 3170 4594 neque
3182 4521 3425 4578 libertas
3443 4538 3543 4578 vo-

159 4625 425 4671 τοσοῦτον
495 4622 671 4690 νόμοις
747 4620 836 4668 καὶ
911 4614 1205 4688 [ἀπειλαῖς],
1263 4622 1380 4677 ταῖς
1443 4613 1749 4668 ἀπειλούσαι

1953 4632 1980 4669 s
2001 4613 2216 4687 placet,
2246 4629 2440 4686 neque
2464 4614 2627 4687 quod
2651 4613 2930 4670 convenit
2954 4611 3174 4669 servire
3204 4610 3458 4667 invicem
3479 4611 3543 4667 in

161 4710 265 4769 τὰς
321 4706 614 4768 τελευταίας
665 4705 926 4770 κολάσεις,
985 4705 1398 4777 σωφρονίζεσθαι
1450 4704 1598 4768 θεῦει,
1647 4722 1748 4776 παρ

1951 4704 2192 4768 laritate,
2217 4719 2412 4776 neque
2433 4703 2599 4776 quod
2621 4703 2698 4758 im
2707 4703 3074 4775 plementum
3091 4701 3238 4770 legis
3259 4699 3541 4773 perfectio

159 4795 410 4870 αγγέλλει
457 4797 577 4848 ὅσον
636 4794 736 4848 ἀπὸ
796 4802 893 4847 τῶν
944 4799 1278 4868 προσκαίρων
1331 4798 1420 4846 καὶ
1466 4793 1749 4864 ἐγγιζόντω

1949 4793 2195 4849 iaritatis
2241 4812 2257 4863 ;
2310 4793 2414 4848 sed
2461 4792 2591 4848 haec
2643 4791 2849 4848 omnia
2902 4789 3123 4846 nullius
3170 4789 3539 4846 aestimantes

160 4887 235 4950 εἰς
330 4889 600 4960 τιμωρίαν,
661 4884 886 4958 ἐπιφέρει
960 4888 1053 4942 τὴν
1136 4887 1439 4958 παραίνεσιν
1521 4881 1750 4935 κάκεῖθεν

1956 4881 2139 4939 vicem
2198 4897 2295 4939 vos
2358 4881 2640 4938 mordetis
2696 4887 2748 4937 et
2812 4879 3136 4948 comeditis,
3161 4882 3383 4944 tamen,
3425 4879 3540 4935 nisi

160 4978 224 5030 Εἰ
279 4971 340 5028 δε
399 4981 532 5048 μήτε
586 4977 641 5028 τὸ
690 4983 784 5038 τῆς
823 4973 1111 5049 ἐλευθερίας
1162 4975 1292 5046 ὑμᾶς
1350 4970 1606 5039 δυσωπεῖ,
1643 4969 1750 5046 μηδ

1950 4970 2053 5027 iud
2082 4977 2143 5028 at
2173 4971 2235 5026 id
2264 4970 2472 5027 saltem
2521 4969 2891 5026 considerate
2929 4967 3094 5042 quod
3128 4967 3187 5023 in
3217 4967 3454 5024 ruinam
3486 4973 3540 5025 et

159 5069 247 5120 ὅτε
301 5074 536 5139 προσῆκε
584 5062 844 5118 δουλεύειν
896 5063 1138 5126 ἀλληλοις
1190 5062 1236 5116 ἐν
1285 5062 1483 5136 ἀγάπῃ,
1514 5059 1646 5136 μηδ’
1697 5063 1749 5114 ὅτ

1954 5060 2189 5116 teritum
2251 5065 2512 5116 vestrum
2580 5058 2714 5114 talis
2777 5059 2929 5114 actio
2981 5061 3258 5114 vertetur.
3325 5055 3539 5116 Cavete

157 5156 434 5229 πλήρωμα
492 5159 652 5226 νόμου
715 5157 773 5206 τὸ
832 5155 1151 5228 κατόρθωμα
1210 5160 1306 5215 τῆς
1363 5151 1586 5224 ἀγάπης,
1649 5151 1747 5203 ἀλλ

1952 5151 2077 5206 itur
2099 5164 2174 5206 ne
2202 5148 2490 5206 excidatis
2522 5164 2558 5205 a
2598 5147 2896 5204 charitate
2928 5166 2940 5216 ;
2973 5146 3237 5204 excidere
3268 5146 3427 5203 enim
3459 5148 3539 5204 ab

157 5251 343 5300 ταῦτα
391 5244 561 5297 πάντα
620 5244 817 5316 θέμενοι
876 5245 1021 5314 παρά
1076 5241 1286 5314 φαῦλον,
1343 5241 1624 5304 Ἀλληλους
1684 5237 1747 5294 δά

1946 5256 2011 5308 .a,
2038 5240 2098 5295 in
2123 5251 2362 5310 pugnas
2384 5253 2493 5295 vos
2517 5241 2574 5295 et
2598 5236 3010 5295 contentiones
3039 5235 3222 5303 ducit,
3253 5238 3310 5295 et
3337 5235 3536 5311 dispo-

240 5413 261 5450 ¹
295 5412 484 5472 Galat.
512 5429 569 5479 v,
607 5413 690 5470 {5.
769 5415 790 5448 ²
819 5411 966 5470 ibid.
999 5413 1085 5470 13.
1164 5413 1186 5447 ⁸
1217 5410 1363 5468 ibid.
1401 5412 1490 5469 14.

240 5594 328 5666 (a)
357 5594 438 5650 De
468 5593 583 5650 hoc
615 5596 973 5664 argumento
1001 5590 1134 5647 vide
1163 5589 1340 5647 etiam
1370 5587 1762 5662 quaestionem
1795 5586 1925 5646 LIV.
