4060 6218
530 250 669 306 1279

1902 239 2513 304 SUPPLEMENTUM.

3754 244 3886 309 1280

530 375 616 431 nit
644 374 722 430 ad
750 373 989 430 hostilia
1026 387 1195 429 arma
1230 371 1527 429 sumenda
1567 387 1582 438 ;
1622 372 1749 427 haec
1787 386 1928 428 vero
1967 371 2168 428 interi-

2289 390 2389 425 θετε
2464 374 2549 425 καὶ
2626 373 2942 443 κατεσθίετε,
3003 370 3098 425 κᾶν
3167 379 3311 445 γοῦν,
3376 373 3420 426 εἰ
3491 378 3563 447 μή
3621 394 3673 428 τι
3746 376 3877 447 ἄλλο,

557 478 656 518 um
696 468 964 519 vestrum
1029 465 1384 532 praeparant.
1440 461 1539 515 Hic
1602 475 1780 532 porro
1836 465 2172 532 opportune

528 552 877 608 ciiaritatem
927 550 1207 617 insinuat,
1262 549 1730 605 circumcisionis
1783 549 2172 606 abolitionem

526 642 691 712 prius
722 640 999 704 suadens,
1033 642 1088 693 et
1116 638 1260 693 illud
1292 637 1403 693 sibi
1436 654 1806 710 proponens,
1838 638 2059 694 scilicet
2089 643 2168 703 ut,

524 728 731 785 divisis
757 728 906 783 inter
936 742 1017 791 se,
1047 732 1101 782 et
1125 726 1514 782 laudantibus
1550 726 2084 796 circumcisionem,
2118 731 2175 783 et

524 817 585 872 in
627 816 873 886 gratiam
914 814 1059 884 legis
1099 813 1261 870 Pauli
1314 815 1497 871 verba
1550 815 1997 882 adhibentibus,
2049 830 2171 871 non

523 921 649 961 sese
666 904 953 968 dissidiis,
981 903 1336 960 tumultibus
1362 909 1418 961 et
1446 906 1663 976 pugnis
1682 905 1925 972 dedant,
1947 905 2170 977 quibus

522 994 912 1051 faciliusinter
925 1009 986 1049 se
998 993 1308 1049 destruant
1326 1011 1342 1057 ;
1357 993 1415 1049 id
1437 994 1599 1066 quod
1615 1010 1774 1065 saepe
1798 995 2012 1049 visum.
2040 997 2172 1049 Haec

519 1100 659 1141 vero
685 1099 757 1140 ex
783 1084 1223 1154 manuscriptis,
1241 1083 1591 1155 sicutpotui,
1607 1084 1953 1155 transcripsi
1974 1102 1986 1151 ;
2006 1082 2172 1138 libris

520 1173 701 1237 enim,
765 1176 824 1226 ut
884 1172 991 1226 scit
1051 1176 1153 1227 tua
1215 1171 1601 1228 sacerdotalis
1661 1172 1971 1236 celsitudo,
2032 1188 2170 1227 cum

520 1261 673 1330 aliis,
699 1277 769 1315 ex
799 1260 1022 1333 quibus
1054 1260 1342 1333 possibile
1372 1260 1580 1317 fuisset
1608 1262 1826 1326 vivere,
1859 1260 2172 1333 captivitas

523 1366 616 1405 me
632 1349 925 1421 spoliavit.

2282 468 2435 513 τοῦτο
2497 466 2876 529 κατανοήσατε,
2929 464 2994 522 ὡς
3039 462 3110 524 εἰς
3156 464 3350 538 φθορὰν
3408 464 3549 537 ὑμῶν
3607 469 3700 517 καὶ
3757 465 3884 538 ἀφα-

2281 553 2465 622 νισμόν
2532 553 2562 609 ἡ
2638 554 2852 609 τοιαύτη
2930 551 3120 627 πρᾶξις
3190 558 3522 611 καταντήσει.
3590 554 3882 617 Φυλάξασθε

2283 636 2368 691 οὖν
2423 643 2493 711 μὴ
2556 636 2825 692 διαπεσεῖν
2892 650 2985 702 τῆς
3046 639 3279 713 ἀγάπης.
3333 644 3401 695 Τό
3458 645 3557 715 γὰρ
3619 640 3881 697 διαπεσεῖν

2283 727 2479 790 ἐκείνης
2544 729 2612 790 εἰς
2681 730 2862 801 μάχας
2937 730 3073 801 ὑμᾶς
3130 735 3219 783 καὶ
3295 733 3419 805 ἕρεις
3472 728 3732 806 διεγείρει,
3793 740 3881 786 καὶ

2282 817 2397 871 κατ’
2451 816 2672 876 ἀλλήλων
2713 818 3024 879 ὁπλίζεσθαι
3071 821 3501 891 παρασκευάζει*
3545 825 3611 873 τὰ
3663 818 3739 888 δὲ,
3787 828 3880 880 την

2285 907 2476 980 φθορὰν
2534 908 2672 979 ὗμὼν
2744 911 2834 959 καὶ
2902 906 3156 961 ἀπώλειαν
3226 912 3726 981 συγκατασκευάζει.
3777 917 3881 965 Ἐν-

2282 998 2452 1047 ταῦθα
2502 992 2560 1048 δὲ
2612 1001 2705 1055 τὴν
2760 995 2969 1068 ἀγάπην
3021 998 3268 1070 εὐκαίρως
3310 998 3636 1073 παρενέϐαλε,
3668 1004 3754 1053 καί
3800 1022 3877 1053 τοι

2282 1091 2377 1146 τῆς
2433 1094 2711 1159 περιτομῆς
2783 1084 3029 1144 ἀθέτησιν
3103 1090 3511 1159 προηγουμένως
3570 1088 3875 1161 εἰσηγούμε-

2282 1192 2385 1239 νος,
2445 1180 2535 1226 καὶ
2599 1178 2798 1237 ταύτης
2872 1175 3012 1246 αύτῷ
3079 1184 3175 1238 τῆς
3229 1172 3473 1237 σπουδῆς
3528 1184 3873 1250 προκειμένης

2285 1262 2368 1314 ἵνα
2417 1267 2513 1335 μὴ,
2555 1259 2914 1335 διαιρεθέντων
2956 1268 3082 1337 πρὸς
3125 1264 3370 1326 ἀλλήλους
3407 1274 3508 1317 τῶν
3555 1285 3609 1318 τε
3658 1272 3746 1325 τήν
3795 1287 3877 1319 πε-

2283 1356 2503 1424 ριτομὴν
2553 1352 2918 1425 σεμνολόγημα
2970 1358 3307 1425 ποιουμένων,
3338 1360 3427 1407 καὶ
3475 1364 3576 1407 τῶν
3622 1358 3745 1430 πρὸς
3789 1362 3873 1414 τὴν

517 1440 821 1510 νομοθεσίαν
868 1446 963 1491 τῶν
1024 1438 1226 1491 Παύλου
1274 1439 1519 1513 ῥημάτων
1566 1438 1883 1511 ἀνηγμένων,
1918 1442 2139 1491 στάσεσι
2191 1444 2280 1491 καὶ
2333 1440 2567 1512 θορύϐοις
2617 1447 2707 1493 καὶ
2756 1444 2958 1514 μάχαις
3013 1443 3227 1505 ἑαυτοὺς
3273 1450 3569 1501 ποιήσωσιν
3614 1441 3871 1509 ἐκδότους,

520 1526 592 1579 δι’
620 1528 686 1578 ὧν
712 1532 801 1579 καὶ
832 1532 888 1579 τό
928 1528 1014 1578 ὑπ’
1047 1526 1273 1585 ἀλλήλων
1305 1528 1729 1587 καταναλωθῆναι
1763 1530 1945 1580 θᾶττόν
1980 1532 2034 1580 τέ
2064 1527 2176 1580 ἐστι
2199 1534 2289 1581 καὶ
2319 1531 2674 1604 καθορώμενον
2704 1533 2962 1593 συνήθως.
2993 1539 3173 1585 Ταῦτα
3201 1536 3291 1604 μὲν
3327 1533 3426 1584 ἀπὸ
3461 1530 3789 1608 σχεδαρίων,
3814 1537 3877 1595 ως

520 1613 872 1689 ἠδυνήθημεν,
908 1619 1321 1692 μετεγράψαμεν,
1348 1620 1414 1669 τὰ
1440 1615 1498 1670 δε
1529 1617 1731 1689 βιϐλία,
1760 1620 1823 1678 ὡς
1852 1622 1941 1669 καὶ
1968 1619 1994 1675 ἡ
2043 1621 2107 1676 σὴ
2150 1616 2497 1694 ἀρχιερατικὴ
2531 1619 2780 1681 τελειότης
2813 1625 3206 1689 συνεπίσταται,
3230 1624 3362 1695 μετά
3387 1630 3485 1674 τῶν
3512 1622 3702 1688 ἄλλων,
3739 1622 3789 1686 ἐξ
3814 1624 3876 1675 ὧν

521 1702 580 1763 ἧν
609 1702 829 1757 δυνατόν
863 1709 976 1776 ζῆν,
1008 1708 1036 1763 η
1068 1705 1415 1778 αἱχμαλωσία
1437 1707 1662 1779 λάφυρον
1694 1708 1849 1759 ἔθετο.

521 1795 841 1861 ΟΗᾸΞΞΤΙΟ
892 1796 1134 1850 CLXXV.
1189 1796 1390 1865 [CoisL
1452 1798 1647 1851 CCXVI
1698 1797 1878 1851 Taur.
1943 1795 2163 1866 CCVll.]
2209 1798 2247 1852 B

592 1882 717 1939 Cur
752 1882 944 1938 Filius
980 1898 1120 1939 caro
1154 1884 1358 1953 factus
1396 1890 1502 1952 est,
1538 1899 1644 2010 ξεί·
1683 1884 1809 1940 alia
1857 1884 2168 1941 Trinitatis

1226 1970 1480 2010 persona

1226 1970 1480 2025 persona

593 2048 640 2098 1.
684 2045 798 2099 Cur
821 2059 1028 2115 quaeso
1062 2042 1236 2099 Filius
1262 2048 1457 2100 etnon
1486 2044 1603 2100 alia
1626 2048 1846 2101 sanctae
1873 2044 2169 2100 Trinitatis

517 2147 794 2203 persona,
838 2138 1103 2188 nostram
1145 2134 1444 2205 accipiens
1482 2139 1757 2190 naturam
1800 2149 1939 2189 caro
1980 2133 2168 2190 factus

517 2222 655 2277 est?
686 2224 800 2277 Cur
830 2222 1005 2292 igitur
1033 2222 1061 2277 ?
1093 2224 1161 2278 Ut
1190 2227 1316 2277 tum
1352 2222 1523 2277 Filius
1557 2222 1617 2277 in
1650 2222 1798 2288 altis,
1834 2228 1959 2278 tum
1993 2223 2167 2279 Fliius

515 2310 576 2365 in
600 2310 735 2365 imis
772 2310 1078 2374 manserit,
1118 2311 1460 2367 incarnatus
1492 2328 1563 2367 ex
1604 2312 1923 2382 purissimo
1962 2317 2018 2367 et
2056 2312 2169 2368 vir-

517 2399 692 2469 gineo
732 2401 1022 2469 sanguine
1063 2404 1118 2457 et
1155 2405 1215 2455 ut
1251 2401 1644 2457 immutabilis
1684 2406 1900 2456 natura
1940 2402 2169 2457 nullam

515 2489 1007 2557 vicissitudinem,
1037 2494 1190 2545 statu
1210 2490 1749 2556 mutante,subisse
1780 2492 2164 2547 mutationem

517 2582 879 2647 argueretur.
916 2579 1040 2632 Una
1076 2579 1225 2633 ratio
1257 2579 1403 2634 haec.

586 2670 638 2720 2.
682 2664 873 2720 Altera
913 2670 1111 2720 autem
1154 2684 1167 2721 :
1212 2667 1526 2737 oportebat
1578 2671 1933 2733 Creatorem,
1977 2683 2171 2740 neque

516 2753 700 2811 alium
734 2753 841 2808 sed
879 2754 1103 2825 ipsum,
1139 2756 1575 2830 comminutum
1609 2757 1913 2827 opificium
1949 2766 2172 2812 restau-

514 2857 666 2899 rare.
711 2842 1046 2913 Enimvero,
1079 2844 1126 2899 si
1165 2843 1315 2900 alius
1355 2845 1638 2909 condidit,
1670 2851 1849 2918 atque
1898 2845 2051 2901 alius
2084 2862 2167 2901 re-

517 2936 761 2998 staurat,
796 2931 961 3004 quod
1001 2931 1274 2988 conditor
1302 2933 1510 2989 habuit
1536 2950 1645 2989 nec
1679 2935 1807 3005 jam
1836 2934 2035 3001 habet,
2067 2936 2169 2991 sed

514 3021 679 3093 quod
704 3022 1008 3077 condonat
1030 3026 1416 3091 restaurator,
1446 3024 1608 3095 quod
1638 3039 1757 3079 non
1784 3023 2007 3079 habere
2035 3040 2171 3079 con-

515 3109 768 3166 ditorem
808 3111 1133 3167 necessitas
1175 3110 1414 3167 alterius
1464 3110 1855 3167 demonstrat.
1907 3116 1973 3167 At
2024 3112 2172 3168 nihil

516 3198 629 3255 tale
659 3200 717 3254 in
754 3199 954 3255 divine
984 3201 1314 3271 imperante
1346 3206 1402 3256 et
1422 3202 1828 3273 omnipotente
1845 3202 2120 3258 Trinitate
2155 3218 2166 3256 :

516 3292 675 3345 creat
723 3289 918 3354 Filius,
961 3289 1128 3345 adest
1167 3294 1224 3346 et
1264 3293 1428 3345 Pater
1467 3294 1522 3345 et
1572 3290 1820 3361 Spiritus
1862 3310 1874 3359 ;
1931 3306 2170 3346 rursum

514 3378 808 3434 instaurat
851 3378 1046 3444 Filius,
1089 3377 1249 3435 favet
1294 3383 1351 3435 et
1399 3378 1718 3451 participat
1755 3380 2171 3436 instaurationi

514 3469 571 3521 et
601 3469 767 3521 Pater
804 3470 861 3522 et
899 3468 1165 3538 Spiritus.
1212 3470 1340 3523 Una
1361 3469 1537 3523 trium
1578 3468 1877 3536 voluntas,
1910 3474 2172 3540 potestas

515 3568 658 3618 una,
691 3568 799 3608 nec
840 3555 1021 3610 altera
1057 3555 1264 3622 virtus,
1298 3572 1551 3626 regnum
1586 3572 1794 3611 unum.

587 3644 639 3695 3.
691 3644 946 3697 Rursum
996 3644 1141 3714 quia
1191 3644 1551 3699 conveniens
1606 3650 1727 3700 erat
1778 3649 1841 3700 ut
1888 3645 2168 3711 Verbum,

518 3729 698 3784 Filius
751 3732 956 3795 Patris,
1013 3731 1071 3785 in
1126 3747 1386 3786 errorem
1435 3731 1640 3803 lapsos
1696 3739 1999 3788 revocaret
2053 3734 2174 3805 (ra-

515 3818 671 3873 tione
725 3818 885 3874 enim
940 3820 1332 3875 concinnatur
1387 3836 1568 3886 error,
1628 3826 1683 3876 et
1740 3821 1819 3877 ad
1876 3822 2173 3878 rationem

514 3906 766 3979 pertinet
794 3907 1059 3963 reductio
1101 3914 1157 3964 et
1186 3909 1433 3965 directio
1472 3911 1880 3982 peccatorum)
1921 3930 1937 3981 ;
1984 3912 2173 3966 mani-

512 3994 657 4051 feste
710 3995 788 4051 ad
847 3996 1040 4052 solam
1100 3998 1333 4067 generis
1389 3999 1640 4055 humani
1690 4000 1942 4056 salutem
1994 4000 2175 4072 respi-

516 4084 592 4140 cit
639 4085 971 4140 incarnatio
1014 4085 1152 4141 Filii.
1195 4088 1370 4159 Atqui
1411 4088 1536 4143 sive
1582 4091 1766 4153 Pater,
1808 4088 1927 4144 sive
1979 4105 2176 4145 sacro-

518 4178 761 4228 sanctus
802 4175 1050 4245 Spiritus
1089 4176 1449 4247 suscepisset
1486 4176 1820 4233 humanam
1874 4182 2171 4245 naturam,

515 4276 639 4316 non
660 4261 841 4317 modo
868 4278 1254 4335 nequaquam
1284 4264 1632 4320 redemisset
1663 4282 1851 4336 genus
1881 4274 2172 4333 nostrum,

519 4350 623 4405 sed
652 4349 728 4406 ad
756 4350 1038 4406 ditﬁcilus
1065 4352 1435 4423 propositum
1466 4370 1525 4409 se
1554 4355 1954 4427 praebuissent
1980 4356 2173 4412 inten-

517 4444 629 4495 tos.
695 4441 919 4495 Etenim
982 4441 1027 4495 si
1088 4456 1264 4495 carne
1303 4442 1547 4497 indutus
1611 4449 1666 4499 et
1726 4444 1855 4499 vitm
1908 4461 2173 4517 prmsens

518 4528 761 4584 dixisset
793 4546 805 4583 :
839 4529 967 4599 Ego
998 4545 1125 4585 sum
1159 4530 1265 4586 Dei
1284 4532 1482 4597 Pater,
1515 4536 1641 4601 aut,
1670 4534 1866 4588 carnis
1891 4536 2175 4591 crassitu—
2208 4528 2248 4581 Β

518 4618 656 4674 dine
685 4623 1029 4690 apparente,
1064 4618 1305 4673 dixisset
1330 4636 1346 4673 :
1373 4620 1501 4691 Ego
1531 4636 1657 4676 sum
1694 4622 1953 4691 Spiritus
1984 4639 1996 4678 :
2026 4639 2173 4695 quo-

521 4706 705 4763 modo
752 4707 993 4763 Iudaeus
1040 4723 1159 4763 non
1210 4708 1500 4765 renuisset
1554 4710 1682 4766 solo
1731 4711 1937 4767 auditu
1989 4713 2175 4785 ipsius

517 4798 682 4853 vocis
712 4798 970 4869 recipere
1003 4813 1218 4853 sonum
1249 4798 1276 4851 ?
1308 4801 1518 4854 Verum
1552 4800 1874 4866 enimvero,
1920 4802 1991 4869 si,
2034 4819 2173 4860 cum

523 4887 788 4943 Salvator
812 4886 1059 4942 dixisset
1092 4903 1153 4943 se
1192 4902 1320 4942 esse
1357 4888 1566 4943 Filium
1603 4890 1700 4945 Dei
1742 4891 1929 4962 (quod
1970 4896 2173 4948 tamen

522 4980 575 5029 et
599 4976 712 5030 illis
739 4992 898 5049 saape
925 4977 1148 5032 dictum
1180 4977 1346 5045 erat),
1380 4976 1438 5031 in
1476 4978 1756 5034 cordibus
1788 4980 1911 5035 suis
1942 4980 2174 5036 inﬂam-

524 5063 671 5117 mati
701 5078 772 5119 ex
801 5065 888 5120 ira
913 5066 987 5121 ad
1016 5064 1240 5120 caedem
1267 5064 1423 5137 pulsi
1446 5066 1845 5123 vociferarunt
1869 5088 1880 5126 :
1920 5070 1999 5125 De
2025 5070 2172 5125 bono

524 5165 698 5219 opere
726 5168 841 5206 non
865 5154 1202 5221 tapidamus
1230 5162 1302 5219 te,
1337 5155 1438 5210 sed
1461 5156 1602 5226 quia
1627 5161 1689 5211 tu
1714 5156 1885 5212 homo
1916 5173 2050 5214 cum
2072 5159 2171 5225 sis,

519 5240 677 5311 facis
705 5246 758 5294 te
778 5241 969 5307 ipsum
998 5245 1183 5299 Deum
1212 5244 1251 5296 ³.
1287 5244 1437 5309 Quid
1464 5260 1603 5315 ergo
1634 5245 2019 5303 absurditatis
2052 5263 2172 5303 non

526 5328 987 5399 commisissent,
1009 5331 1153 5402 quid
1174 5349 1311 5389 vero
1332 5349 1451 5390 non
1476 5335 1605 5390 ausi
1625 5339 1839 5405 essent,
1868 5352 2174 5409 quamque

601 5513 621 5546 ‘
645 5514 812 5569 Joan.
842 5527 895 5579 x,
924 5511 1010 5567 33.

2829 1805 3141 1853 ΕΡΩΤΗΣΙΣ
3180 1800 3343 1854 ΡΠΖ’.

2281 1888 2373 1938 Διά
2423 1890 2476 1939 τί
2522 1888 2546 1939 6
2591 1889 2709 1949 Υἱός
2759 1886 3050 1972 ἐσαρκωθη,
3085 1893 3176 1941 καὶ
3220 1889 3327 1961 οὐχ
3359 1888 3505 1963 ἑτέρα
3540 1898 3634 1952 τῆς
3659 1887 3880 1963 Τριάδος

2921 1966 3211 2021 ὑπόστασις
3236 1978 3249 2027 ;

2351 2045 2414 2101 α’.
2468 2051 2530 2100 Τί
2581 2044 2779 2107 δήποτε
2835 2050 2860 2101 6
2913 2051 3054 2114 Υἱός,
3100 2054 3190 2102 καὶ
3243 2048 3347 2120 οὐχ
3401 2049 3547 2123 ἑτέρα
3593 2059 3685 2110 τῆς
3729 2050 3877 2121 ἁγίας

2278 2132 2502 2210 Τριάδος
2559 2138 2873 2204 ὑπόστασις,
2927 2142 3020 2196 τὴν
3086 2140 3335 2213 ἡμετέραν
3408 2137 3675 2190 ἀναλαϐὼν
3733 2138 3880 2212 ἐσαρ-

2279 2227 2420 2283 κώθη
2472 2228 2626 2297 φύσιν
2656 2243 2669 2293 ;
2698 2231 2761 2279 Τί
2819 2223 3052 2293 darton;
3089 2227 3171 2278 ἵνα
3220 2227 3245 2277 6
3276 2228 3378 2278 οἶνω
3416 2229 3547 2291 Υἱὸς,
3596 2232 3689 2279 καὶ
3744 2229 3882 2279 κάτω

2278 2318 2401 2388 μένῃ
2460 2317 2596 2380 Υἱός,
2649 2314 2703 2366 ἐκ
2758 2323 2855 2367 τῶν
2918 2315 3193 2389 ἀχράντων
3245 2320 3332 2367 καὶ
3382 2318 3700 2388 παρθωικών
3758 2335 3883 2390 σαρ-

2279 2405 2526 2475 κούμενος
2582 2406 2834 2474 αἱμάτων,
2877 2408 2965 2456 καὶ
3026 2406 3055 2462 ἡ
3119 2402 3457 2466 ἀναλλοίωτος
3514 2406 3674 2476 φύσις
3719 2402 3883 2477 μηδε-

2280 2497 2403 2564 μίαν
2456 2493 2792 2565 παραλλαγην
2837 2493 2938 2546 ἀπὸ
2986 2502 3081 2555 τῆς
3136 2494 3601 2567 παραλλαττούσης
3653 2499 3882 2565 σχέσεως

2281 2583 2309 2640 ῆ
2346 2580 2619 2632 ἀλλοίωσιν
2646 2580 2867 2654 ἐλεγχθῇ
2900 2577 3149 2649 δεξαμένη
3185 2603 3197 2614 ·
3232 2581 3281 2634 ἓν
3302 2584 3394 2653 μὲν
3425 2578 3511 2633 οὖν
3532 2588 3699 2633 τοῦτο.

2353 2669 2420 2743 β’.
2468 2676 2670 2744 Ἕτερον
2719 2666 2798 2736 δὲ,
2831 2674 2916 2722 τόν
2962 2674 3281 2745 Δημιουργόν
3334 2668 3465 2735 ἔδει,
3515 2668 3775 2742 συντριϐεν
3819 2673 3875 2722 τό

2282 2755 2683 2831 δημιούργημα,
2719 2759 2813 2811 οῦκ
2863 2759 3031 2825 ἄλλον,
3066 2759 3173 2811 ἀλλ’
3206 2759 3363 2811 αύτόν
3393 2759 3686 2811 ἀναπλάσαι
3709 2776 3722 2788 ⁶
3759 2758 3805 2810 εἱ
3835 2755 3883 2810 δ’

2279 2847 2431 2908 ἄλλος
2471 2850 2560 2919 μεν
2592 2847 2826 2913 ἔπλασεν,
2857 2847 3007 2906 ἄλλος
3052 2844 3101 2900 δ’
3131 2846 3465 2914 ἀναπλάττει,
3494 2847 3519 2899 ὃ
3561 2851 3654 2919 μὲν
3700 2849 3724 2899 6
3767 2846 3893 2898 πλά-

2284 2956 2381 2998 σας
2439 2936 2600 3008 εἷχεν,
2643 2937 2736 2989 οῦκ
2785 2940 2916 3009 ἔχει,
2959 2937 2984 2989 ὃ
3034 2933 3093 2990 δὲ
3147 2939 3172 2988 6
3232 2936 3535 2997 ἀναπλάσας
3576 2938 3891 3007 χαρίζεται,

2280 3034 2432 3078 τοῦτο
2484 3031 2554 3098 μὴ
2609 3028 2747 3098 ἔχειν
2807 3030 2892 3078 τόν
2950 3026 3225 3079 πλάσαντα
3274 3028 3303 3085 ἡ
3362 3033 3449 3079 τοῦ
3501 3025 3678 3098 ἑτέρου
3733 3030 3896 3100 χρεία

2280 3110 2670 3188 παραδεικνύει.
2707 3114 2839 3168 Ἀλλ’
2872 3111 3022 3168 οὐδὲν
3055 3123 3289 3167 τοιοῦτον
3321 3118 3367 3167 ἓν
3396 3122 3457 3186 τῆ
3491 3116 3761 3187 θεαρχικῇ
3806 3120 3895 3167 καὶ

2280 3213 2729 3278 παντοκρατορικῆ
2789 3201 3025 3276 Τριάδι·
3090 3202 3406 3278 δημιουργεῖ
3462 3205 3487 3255 6
3555 3206 3699 3270 Υἱός,
3764 3223 3895 3275 συμ-

2280 3295 2505 3366 πάρεστι
2560 3299 2649 3346 καὶ
2705 3295 2730 3345 6
2781 3299 2960 3371 Πατὴρ
3028 3299 3118 3346 καὶ
3174 3298 3232 3346 τό
3285 3300 3536 3364 Πνεῦμα·
3582 3291 3897 3345 ἀναπλάττει

2280 3383 2432 3436 πάλιν
2473 3385 2497 3435 6
2550 3386 2688 3447 Υἱός,
2724 3379 2928 3436 εὐδοκεῖ
2969 3388 3063 3436 καὶ
3098 3390 3337 3455 συνεργεῖ
3362 3391 3423 3455 τῇ
3480 3381 3768 3435 ἀναπλάσει
3805 3388 3895 3433 καὶ

2282 3475 2306 3524 6
2357 3477 2537 3548 Πατὴρ
2582 3478 2669 3524 καὶ
2715 3476 2772 3524 τό
2818 3479 3045 3545 Πνεῦμα.
3076 3477 3188 3525 Μία
3223 3480 3321 3524 τῶν
3355 3479 3511 3545 τριῶν
3544 3473 3573 3529 ἡ
3610 3470 3799 3544 βουλὴ,
3834 3475 3893 3523 τό

2280 3564 2466 3636 κράτος
2497 3560 2565 3627 ἓν,
2596 3561 2699 3632 ούχ
2727 3560 2873 3634 ἑτέρα
2901 3563 2931 3619 ἡ
2967 3560 3207 3635 ἐνέργεια,
3242 3562 3271 3618 ἡ
3310 3558 3558 3633 βασιλεία
3586 3564 3698 3631 μία.

2352 3649 2417 3721 γ’.
2458 3650 2637 3715 Πάλιν,
2670 3648 2776 3701 ἐπεὶ
2823 3650 3046 3721 Λόγοςὸ
3092 3652 3209 3710 Υἱὸς
3250 3656 3343 3701 τοῦ
3391 3651 3603 3721 Πατρός,
3641 3650 3766 3708 τοὺς
3811 3646 3890 3709 εἱς

2285 3738 2495 3810 ἀλογίαν
2548 3742 2936 3799 καταπεσόντας
3001 3741 3087 3789 τόν
3150 3742 3323 3810 Λόγον
3390 3735 3447 3795 ἦν
3513 3735 3897 3788 ἀνακαλεῖσθαι

2286 3837 2547 3901 προσῆκον
2594 3828 2751 3899 (λόγῳ
2798 3830 2897 3901 γὰρ
2946 3829 2976 3886 ἡ
3031 3826 3219 3899 ἀλογία
3259 3827 3593 3901 ῥυθμίζεται,
3624 3830 3716 3877 καὶ
3768 3829 3898 3901 πρός

2283 3921 2367 3969 τόν
2415 3917 2565 3988 λόγον
2608 3920 2701 3973 τὴν
2750 3914 3008 3990 ἀναφορὰν
3052 3917 3081 3974 ἡ
3125 3918 3388 3989 σάρκωσις
3433 3924 3531 3967 τῶν
3575 3914 3899 3966 ἐκπεσόντων

2284 4012 2375 4065 τῆς
2421 4007 2645 4078 χάριτος
2694 4005 2847 4076 ἕχει)·
2883 4007 2912 4062 ἠ
2972 4007 3238 4077 σάρκωσις
3277 4012 3370 4056 τοῦ
3420 4006 3541 4056 Υἱοῦ
3592 4000 3751 4060 δῆλον
3811 4005 3902 4054 ὅτι

2284 4096 2415 4167 πρὸς
2465 4096 2625 4165 μόνην
2672 4098 2766 4152 τῆν
2809 4102 2907 4145 τῶν
2953 4096 3235 4168 ἀνθρώπων
3276 4092 3445 4165 ἀφορᾷ
3495 4096 3783 4163 σωτηρίαν.
3832 4092 3904 4146 Εἰ

2285 4186 2457 4233 τοίνυν
2506 4184 2530 4233 ὁ
2573 4186 2751 4257 Πατὴρ
2802 4180 3088 4255 προσέλαϐε
3134 4185 3229 4239 τὴν
3271 4179 3591 4253 ἀνθρωπίνην
3642 4183 3829 4251 φύσιν,
3869 4181 3899 4239 ῆ

2284 4274 2342 4322 τό
2385 4273 2637 4343 πανάγιον
2690 4278 2917 4343 Πνεῦμα,
2950 4270 3008 4322 ού
3053 4274 3203 4342 μόνον
3244 4267 3393 4323 οὐδὲν
3438 4268 3496 4321 ἀν
3545 4267 3788 4321 ἀπώνατο
3840 4273 3903 4321 τὸ

2285 4358 2530 4433 ἡμέτερον
2572 4365 2728 4431 γένος,
2776 4359 2904 4411 ἀλλά
2946 4364 3036 4412 καὶ
3082 4363 3213 4433 πρός
3262 4362 3317 4410 τό
3364 4358 3723 4431 χαλεπώτερον
3773 4358 3908 4411 ἐαυ-

2284 4451 2403 4509 τούς
2448 4457 2700 4521 παρεῖχον
2746 4448 3187 4521 ἀποτεταμένουςο
3225 4448 3269 4499 εἰ
3312 4450 3413 4521 γὰρ
3462 4448 3488 4500 6
3523 4449 3696 4523 σάρκα
3753 4467 3909 4521 περι-

2284 4541 2513 4608 κείμενος
2577 4543 2666 4590 καὶ
2721 4546 2791 4608 τῷ
2856 4537 2958 4610 βίῳ
3010 4542 3187 4609 παρὼν
3242 4536 3428 4608 ἔλεγεν.
3502 4537 3633 4607 Ἐγώ
3701 4535 3815 4607 εἰμι
3880 4538 3908 4587 6

2286 4630 2467 4700 Πατὴρ
2520 4634 2609 4678 τοῦ
2656 4634 2807 4691 Θεοῦ,
2861 4627 2916 4695 ἢ,
2961 4634 3056 4687 τῆς
3105 4625 3153 4677 ἐν
3208 4630 3363 4698 σαρκὶ
3407 4626 3724 4696 παχύτητος
3775 4644 3910 4695 φαι-

2283 4718 2515 4785 νομένης,
2571 4714 2754 4787 ἔλεγεν·
2814 4715 2946 4786 Ἐγὼ
2995 4715 3100 4787 εἰμι
3163 4718 3218 4766 τὸ
3293 4721 3517 4785 Πνεῦμα,
3572 4721 3684 4773 πῶς
3746 4712 3813 4763 ἂν
3881 4715 3909 4764 6

2285 4800 2541 4865 Ἰουδαῖος
2590 4804 2714 4865 ὅλως
2766 4804 3016 4875 ἠνέσχετο
3046 4808 3135 4855 καὶ
3176 4803 3336 4864 αὐτῆς
3383 4810 3473 4863 τῆς
3531 4810 3704 4874 φωνῆς
3763 4801 3907 4875 ἀκοῇ

2283 4896 2409 4965 μόνη
2472 4890 2873 4966 παραδέξασθαι
2913 4896 2999 4945 τὸν
3057 4890 3226 4964 ἦχονς
3262 4892 3321 4944 Εἰ
3363 4895 3462 4967 γὰρ
3509 4899 3603 4943 τοῦ
3657 4898 3913 4966 Σωτῆρος

2282 4981 2515 5053 λέγοντος
2555 4982 2733 5035 ἑαυτὸν
2781 4985 2900 5035 Υἰόν
2946 4984 3075 5036 εἶναι
3120 4989 3212 5034 τοῦ
3262 4989 3394 5035 Θεοῦ
3440 4980 3490 5052 (ὃ
3526 4977 3595 5038 δη
3638 4979 3916 5041 κάκείνοις

2282 5071 2523 5132 πολλάκις
2571 5072 2784 5146 ἐρρήθη,
2836 5079 2948 5134 τοῖς
3005 5074 3183 5144 θυμοῖς
3250 5069 3613 5143 ἀναφλέγοντες
3677 5070 3914 5136 αὐτοὺς,

2284 5160 2354 5221 εἰς
2397 5166 2543 5232 φόνον
2592 5166 2686 5220 τὴν
2734 5162 2894 5235 ὀργὴν
2940 5160 3141 5232 ἐξῆγον,
3191 5164 3280 5212 καὶ
3330 5158 3505 5211 ἐϐόων·
3561 5163 3686 5233 Περὶ
3736 5158 3919 5210 καλοῦ

2284 5251 2435 5324 ἔργον
2514 5250 2571 5302 οὗ
2638 5250 2913 5323 λιθάζομέν
2999 5268 3074 5317 σε,
3154 5247 3263 5301 ἀλλ’
3321 5250 3402 5300 ὅτι
3470 5250 3537 5299 σὺ
3620 5248 3921 5321 ἄνθρωπος

2284 5339 2371 5406 ὡν,
2422 5344 2586 5401 ποιεῖς
2653 5343 2868 5393 σεαυτόν
2924 5341 3066 5405 Θεὸν,
3118 5342 3169 5392 τί
3221 5336 3281 5389 ἂν
3333 5345 3431 5389 τῶν
3500 5336 3709 5389 ἀτόπων
3772 5356 3925 5411 παρ-
