4026 6206
141 231 229 292 ξεί
1085 279 1088 286 .
1147 224 1240 287 AD
1282 229 1746 299 QU/ESTIONES
1785 219 2443 290 AMPHILOCHIANAS.

3338 238 3479 301 1282

139 363 272 426 ιθον,
335 363 396 412 τί
445 354 495 412 δ’
527 357 622 410 οῦκ
672 355 916 430 ἐτόλμων,
948 375 1065 408 τινα
1097 353 1156 410 δὲ
1187 354 1542 409 διδασκαλίαν
1565 360 1594 414 iri
1631 375 1716 407 νο-

1829 355 2160 420 doctrinam
2192 356 2701 428 legislationemve
2731 363 2996 435 accipere
3027 367 3300 426 tulissent
3327 370 3379 425 si
3411 386 3474 427 se

42 449 358 501 ·έ.τ;,›θεσίαν
416 449 686 519 ὑπέμειναν
737 442 1157 519 παραδέξασθαι,
1214 445 1258 498 εἰ
1303 453 1509 518 Πνεῦμα
1548 445 1712 516 ἅγιον,

77 563 118 592 ιτς
149 542 384 612 Πατέρα
411 544 501 589 τοῦ
533 543 666 590 Θεοῦ
717 537 742 587 6
786 540 879 594 τὴν
935 540 1196 609 σωτηρίαν
1237 543 1328 588 τοῦ
1371 540 1550 606 γένους
1579 553 1716 607 πρα-

43 649 94 681 .ἡ
133 632 490 701 εατευόμενος
564 626 743 680 ἑαυτὸν
810 624 1161 698 ἀνωμολόγει;
1242 625 1442 678 Οὐκοῦν
1529 621 1603 677 δι’
1654 625 1715 676 οὗ

43 743 76 772 zz
106 717 290 777 ,ἄλλον
348 719 714 775 συνηπίστάιτο
761 719 855 774 τὴν
907 719 1164 791 σωτηρίαν
1218 717 1357 788 ἡμᾶς
1405 713 1712 790 κερδαίνειν,

131 806 165 858 ι’
223 805 436 860 ἐκείνου
485 811 576 858 xui
627 809 721 864 τὴν
771 806 1035 878 σάρκωσιν
1097 808 1188 856 xui
1262 809 1356 862 τὴν
1432 803 1714 861 ἀνάκλησιν

40 904 242 962 χημῶν
295 897 329 953 ἡ
400 896 759 970 φιλάνθρωπος
806 898 895 946 καὶ
946 897 1178 965 παναγία
1224 896 1385 965 Τριὰς
1440 889 1718 965 εμεθόδευ-

73 1005 206 1046 λ-εν.
267 983 482 1046 ⁴Αλλως
539 1003 592 1036 τε
641 980 720 1049 δὲ,
779 983 894 1042 τοῦς
943 982 1012 1044 εἰς
1066 981 1277 1054 ἀλογίαν
1332 980 1714 1043 ἀπονεῦσαντας

49 1113 52 1116 ~
127 1078 178 1127 xi
227 1075 750 1149 παραπεπτωκότας,
803 1072 1107 1144 οἰκειότερον
1165 1068 1225 1130 ἦν
1271 1067 1364 1123 διὰ
1399 1078 1490 1122 τοῦ
1546 1075 1714 1142 Λόγου

63 1204 84 1211 -
126 1171 176 1224 ῆς
222 1161 451 1235 ἀλογίας
510 1161 888 1233 ἀπαλλαγῆναί·
945 1157 1040 1212 διὰ
1091 1157 1243 1212 τοῦτο
1294 1163 1395 1233 γὰρ
1437 1159 1716 1232 οἰκονομεῖ-

89 1321 92 1324 ,
123 1273 176 1306 αι
223 1257 326 1305 καὶ
376 1261 440 1325 τῇ
492 1260 591 1304 τῶν
621 1250 817 1322 ἀλόγων
849 1249 1188 1309 ἀνακλιθῆναι
1225 1253 1386 1322 φάτνῃ
1415 1250 1440 1300 6
1487 1245 1590 1308 τοῖς
1621 1256 1713 1301 Xa-

103 1341 292 1414 ,ουϐὶμ
343 1340 715 1413 ἐποχούμενος,
785 1344 874 1391 καὶ
943 1343 1100 1410 μέσον
1177 1337 1372 1409 ἀλόγων
1443 1336 1714 1390 ἀναπεσεῖν

72 1481 82 1486 -
120 1432 570 1504 τπαργανωμένος
629 1430 653 1479 6
705 1425 1024 1502 δημιουργός
1101 1427 1388 1498 συμπάσης
1457 1433 1552 1486 τῆς
1607 1429 1714 1477 κτί-

87 1539 240 1580 ,·εως.
299 1519 611 1578 Ἐννοήσαις
669 1513 718 1568 δ’
777 1515 836 1568 ἂν
895 1515 1120 1582 εἰκότως,
1175 1518 1243 1577 ὡς
1289 1513 1396 1567 ἔδει
1469 1520 1558 1567 καὶ
1622 1519 1714 1573 τὴν

73 1607 509 1684 ,τίπαράλλακτον
555 1611 643 1658 καὶ
687 1609 912 1678 φυσικὴν
967 1605 1137 1657 εἰκόνα
1186 1613 1278 1657 τοῦ
1319 1606 1538 1677 Πατρός,
1595 1607 1716 1665 τοὺς

53 1685 70 1690 ἡ
109 1700 204 1750 ιατ⁹
255 1700 442 1750 εἰκόνα
474 1699 564 1769 μὲν
614 1699 740 1748 Θεοῦ
791 1698 881 1746 καὶ
919 1695 1108 1768 χάριτι
1136 1713 1434 1766 γεγονότας,
1469 1713 1716 1767 παραχα-

1826 445 2106 540 Spiritum
2148 451 2442 540 sanctum,
2485 453 2589 504 aut
2633 449 2736 507 Dei
2767 453 2995 540 Patrem
3040 458 3270 525 generis
3318 461 3476 517 salu-
3505 490 3551 540 π

1827 539 1940 590 tem
1971 551 2250 629 loperans
2295 537 2604 629 confessus
2645 539 2854 596 esset?
2889 543 3086 615 Atqui,
3137 562 3243 618 per
3289 537 3544 629 quem

1822 625 2018 694 magis
2064 625 2294 682 sciebat
2335 642 2445 684 nos
2479 627 2730 684 salutem
2770 629 3137 695 lucrifacere,
3178 650 3283 707 per
3315 638 3476 694 hunc

1822 713 2084 770 hominis
2114 730 2328 771 amans
2353 721 2409 771 et
2434 723 2819 774 sacrosancta
2849 719 3097 778 Trinitas
3127 722 3477 784 incarnatio-

1823 817 1961 857 nem
1992 807 2049 858 et
2073 804 2510 860 revocationem
2536 809 2799 862 nostram
2821 807 3114 865 instruxit.
3143 811 3269 868 Alio
3295 815 3477 872 modo

1823 890 1883 946 in
1924 906 2185 948 errorem
2217 892 2534 950 inclinatos
2566 900 2622 951 et
2656 894 2784 966 jam
2814 895 3018 967 lapsos
3049 901 3222 970 quasi
3267 917 3480 960 conve-

1823 979 2082 1036 nientius
2133 987 2259 1037 erat
2316 982 2572 1039 Verbum
2627 1000 2664 1040 a
2719 989 2966 1056 peccato
3017 988 3338 1057 reducere;
3391 992 3482 1049 id-

1827 1069 1982 1125 circo
2024 1069 2406 1142 dispensatur
2444 1071 2521 1128 ab
2565 1072 2992 1130 irrationalium
3033 1077 3270 1135 stabulo
3313 1095 3482 1138 revo-

1827 1174 1960 1214 care
1985 1159 2091 1232 qui
2111 1158 2328 1216 insidet
2353 1161 2690 1226 Cherubim,
2713 1168 2770 1218 et
2789 1163 3168 1221 discumbere
3193 1167 3253 1222 in
3280 1169 3483 1228 medio

1827 1248 2265 1304 irrationalium
2305 1253 2641 1306 Creatorem
2693 1252 2890 1308 omnis
2929 1258 3214 1311 creaturas
3264 1260 3481 1328 pannis

1826 1337 2179 1393 involutum.
2198 1338 2494 1408 Cogitabis
2523 1339 2906 1412 probabiliter
2931 1344 3072 1416 quia
3099 1347 3355 1416 oportuit
3373 1346 3483 1402 im-

1826 1425 2176 1483 mutabilem
2210 1432 2265 1482 et
2296 1428 2627 1484 naturalem
2660 1431 2843 1486 Patris
2865 1432 3208 1503 imaginem,
3237 1435 3316 1490 ad
3338 1434 3476 1492 ima-

1827 1515 2027 1586 ginem
2051 1515 2146 1570 Dei
2168 1520 2222 1571 et
2245 1517 2446 1585 gratim
2471 1518 2832 1588 productos:
2857 1520 3260 1578 adulterantes
3283 1529 3483 1581 autem

1827 1609 1884 1660 et
1913 1604 2306 1676 depravantes
2333 1605 2804 1675 similitudinem,
2834 1625 2941 1681 per
2965 1610 3402 1669 immutabilem
3428 1618 3484 1670 et

1827 1693 2162 1749 naturalem
2203 1694 2524 1763 imaginem
2556 1695 2635 1752 ad
2665 1697 2976 1769 antiquam
3008 1704 3062 1756 et
3097 1700 3482 1758 excellentem

103 1787 368 1849 δείξαντας
422 1781 481 1838 δε
536 1789 625 1836 καὶ
679 1779 1259 1843 κατακιϐδηλεύσαντας
1319 1785 1376 1835 τό
1456 1783 1714 1855 ὁμοίωμα,

1829 1780 2084 1838 formam
2110 1782 2413 1839 reducere.

101 1872 190 1928 δια
272 1882 378 1937 τῆς
446 1873 846 1949 ἀπαραλλάκτου
917 1877 1007 1924 καὶ
1077 1880 1305 1944 φυσικῆς
1384 1871 1576 1932 εἰκόνος
1663 1870 1734 1932 εἰς
1825 1875 1921 1930 τὴν

96 1983 268 2020 πειαν.

169 2051 241 2112 6".
277 2057 353 2106 Σὺ
387 2049 446 2105 δε
491 2056 581 2104 καὶ
614 2058 766 2103 τοῦτο
807 2051 1042 2122 λογίζου.
1103 2049 1243 2102 Ἐπεὶ
1280 2053 1465 2124 κριτὴς
1514 2049 1717 2110 ζώντων

94 2149 184 2196 καὶ
229 2151 431 2216 νεκρῶν
483 2143 508 2194 6
560 2143 699 2205 Υἱὸς,
749 2144 854 2197 Τήν
906 2141 1004 2212 γὰρ
1060 2143 1235 2214 κρίσιν
1279 2145 1454 2191 πᾶσαν
1496 2135 1710 2201 δέδωκε,

95 2237 251 2306 φησὶ,
319 2239 394 2302 τῷ
444 2233 568 2302 Υἱῷ,
631 2226 724 2282 διὰ
775 2235 925 2280 τοῦτο
975 2231 1060 2298 τόν
1103 2227 1350 2300 μέλλοντα
1394 2233 1583 2300 κρίνειν
1631 2231 1718 2280 καὶ

41 2383 44 2385 Α
95 2319 349 2382 δικάζειν
396 2323 517 2380 τοὺς
566 2317 904 2392 βεϐιωκότας,
949 2325 1129 2369 τοῦτον
1175 2317 1330 2370 αὑτὸν
1373 2323 1462 2369 καὶ
1509 2319 1714 2390 νομοθέ-

93 2431 190 2469 την
243 2407 360 2465 ἔδει
404 2415 494 2462 καὶ
543 2409 826 2480 εἰσηγητὴν
882 2409 1110 2480 ὁρᾶσθαι
1164 2416 1264 2459 τῶν
1315 2412 1600 2482 πρακτέων,
1656 2406 1714 2458 οῦ

38 2502 312 2576 ’,ῥήμασι
378 2502 508 2576 πρός
563 2502 656 2557 τὴν
725 2502 949 2570 μίμησιν
1024 2496 1426 2572 παρακαλοῦντα
1487 2496 1715 2568 (πολλοῖς

38 2581 41 2586 ’
94 2593 200 2664 γὰρ
259 2596 417 2642 τοῦτο
481 2591 569 2640 καὶ
629 2586 802 2648 ἀλλοις
849 2585 1030 2658 μελέτη
1085 2591 1176 2638 καὶ
1225 2583 1550 2658 σπούδασμα
1595 2605 1716 2637 κατ-

53 2673 56 2676 ’
96 2683 256 2743 ἐστη,
320 2682 410 2730 καὶ
448 2676 612 2737 ἄλλως
656 2669 1094 2747 δυσκατόρθωτον
1125 2683 1198 2747 τῷ
1245 2675 1430 2734 πλήθει
1467 2678 1588 2736 τοὺς
1633 2674 1714 2726 λό-

99 2787 238 2840 γους
301 2769 432 2838 ἔργῳ
477 2765 772 2839 περαίνειν),
820 2761 914 2817 διὰ
966 2761 1025 2818 δὲ
1074 2774 1175 2816 τῶν
1218 2767 1350 2817 κατά
1395 2769 1489 2824 τὴν
1528 2764 1716 2840 πρᾶξιν

41 2923 51 2926 ._
99 2851 539 2928 ὑποδειγμάτων,
590 2855 654 2906 ὧν
700 2856 761 2907 οἰν
809 2873 888 2916 τις
933 2853 1223 2926 αὐτουργός
1268 2857 1467 2925 γένοιτο
1505 2858 1595 2905 καὶ
1635 2849 1717 2906 δι-

100 2944 384 3005 δάσκαλος
424 2941 517 2997 διὰ
568 2951 655 2997 τοῦ
697 2942 841 3017 βίου,
901 2945 1073 3017 ὧσπερ
1132 2945 1224 3004 τὰς
1281 2943 1569 3015 προφάσεις
1622 2949 1714 2995 τοῦ

99 3033 531 3109 παρολισθαίνειν
582 3036 754 3094 πάσας
828 3032 1059 3107 ἀφαιρῶν
1143 3033 1168 3084 6
1248 3040 1510 3106 παραινῶν
1591 3033 1714 3104 ὁρᾶ-

2023 1870 2255 1944 ἀρχαίαν
2351 1872 2714 1946 ἐπαναχθῆναι
2809 1880 3012 1951 μορφὴν
3116 1883 3206 1932 καὶ
3312 1879 3488 1956 εὐπρέ-

1901 2052 1953 2103 4.
1978 2049 2090 2105 Sed
2112 2053 2169 2105 et
2192 2049 2338 2106 illud
2355 2051 2569 2120 cogita.
2592 2051 2738 2108 Cum
2758 2052 3017 2110 vivorum
3034 2059 3090 2112 et
3111 2060 3484 2114 mortuorum

1822 2137 2008 2208 judex
2058 2139 2128 2194 sit
2174 2138 2384 2194 Filius:
2440 2141 2622 2198 Omne
2674 2141 2850 2214 enim,
2903 2143 3003 2210 ait,
3050 2145 3343 2215 judicium
3388 2147 3486 2203 de-

1827 2227 1915 2282 dit
1935 2226 2090 2284 Filio
2113 2229 2133 2262 ⁵
2164 2244 2176 2281 :
2203 2228 2358 2293 ideo,
2386 2229 2527 2302 quia
2549 2231 2817 2300 judicare
2844 2236 2899 2288 et
2918 2233 3246 2304 justiﬁcare
3270 2251 3482 2291 omnes

1825 2315 1930 2387 qui
1961 2316 2233 2373 vixerunt
2261 2320 2472 2384 veniet,
2507 2320 2821 2391 oportebat
2850 2321 3052 2393 ipsum
3084 2321 3483 2392 legislatorem

1825 2409 1882 2461 et
1915 2405 2266 2461 monitorem
2297 2407 2478 2462 videri
2509 2407 2828 2480 factorum,
2861 2426 2983 2466 non
3016 2411 3209 2467 verbis
3240 2412 3317 2468 ad
3355 2413 3486 2468 imi-

1826 2493 2110 2550 tationem
2148 2495 2482 2552 hortantem
2525 2497 2750 2570 (multis
2780 2499 2938 2555 enim
2996 2500 3126 2556 aliis
3165 2501 3294 2557 hec
3341 2517 3485 2559 cura

1825 2587 1881 2636 et
1932 2581 2238 2652 diligentia
2271 2583 2398 2652 fuit,
2441 2589 2497 2640 et
2535 2587 2618 2642 sic
2656 2590 2888 2642 tantum
2930 2588 3248 2645 multitudo
3305 2589 3488 2646 verba

1825 2672 2158 2728 actionibus
2213 2673 2570 2731 conﬁrmare
2623 2676 2990 2748 consuevit);
3047 2677 3334 2750 exemplis
3387 2693 3486 2734 au-

1824 2764 1946 2817 tem
1998 2761 2274 2818 exhibitis
2331 2778 2438 2835 per
2492 2780 2624 2836 quae
2676 2769 2733 2820 et
2783 2765 2977 2837 cpifex
3030 2770 3087 2822 et
3137 2774 3482 2838 praeceptor,

1825 2851 2064 2919 exstitit,
2096 2855 2153 2906 et
2181 2853 2396 2908 erroris
2417 2853 2578 2908 viam
2609 2853 2857 2910 destruit
2886 2859 2942 2910 et
2966 2855 3337 2910 imitantibus
3365 2870 3486 2911 me-

1825 2938 2076 2994 thodum
2120 2944 2429 2997 monstrat.
2489 2941 2602 2997 Sed
2647 2942 3008 2999 amatorium
3061 2943 3346 3014 poculum
3398 2948 3486 3000 est

1824 3027 1988 3100 quod
2042 3027 2351 3101 discipulis
2391 3032 2446 3086 et
2483 3030 2878 3088 imitatoribus
2925 3035 3138 3097 servat,
3179 3049 3301 3106 quo
3359 3047 3486 3092 ma-

98 3143 209 3191 ται,
270 3128 364 3176 xui
409 3127 504 3181 τὴν
556 3127 782 3196 μίμησιν
840 3121 1212 3195 εῦχερεστέραν
1258 3125 1500 3195 παρέχει.
1561 3119 1716 3174 Ἀλλά

1829 3115 1916 3187 gis
1947 3115 2394 3176 demonstratus
2418 3119 2734 3177 revelatur.

94 3219 188 3266 xui
227 3216 291 3266 τὸ
338 3211 566 3289 φίλτρον,
618 3213 644 3264 6
691 3219 798 3274 τοῖς
849 3213 1172 3285 μανθάνουσι
1223 3214 1314 3263 καὶ
1376 3214 1717 3283 μιμουμένοις

99 3298 388 3369 διασώζει,
455 3301 646 3374 μᾶλλον
732 3303 896 3376 ταύτῃ
976 3306 1290 3374 γινώσκεται
1360 3296 1716 3373 ἰπιδεδειγμέ-

36 3454 41 3459 _
94 3409 211 3454 νος.

171 3479 234 3534 ε’.
264 3484 369 3534 Ναὶ
399 3476 464 3539 δὴ
498 3485 589 3534 xui
633 3477 774 3534 διότι
827 3484 985 3553 σοφία
1017 3483 1107 3532 xui
1152 3479 1296 3531 εἰκὼν
1337 3477 1580 3552 ἔμψυχος
1627 3483 1716 3531 xui

99 3569 504 3644 ἀπαράλλακτος
566 3577 660 3623 τοῦ
719 3573 920 3644 Πατρός
985 3570 1011 3621 6
1068 3571 1208 3634 Υἱός,
1272 3564 1379 3621 ἔδει
1446 3572 1540 3626 τὴν
1600 3568 1714 3621 κατ’

98 3659 283 3713 εἰκόνα
338 3662 425 3730 μεν
489 3664 617 3714 Θεοῦ
675 3662 1078 3733 μεμορφωμένην
1157 3662 1247 3710 καὶ
1311 3657 1715 3731 ἐξωραῑσθεῑσαν

54 3795 61 3801 ,
96 3750 321 3822 ψυχὴν,
361 3750 529 3812 νόθοις
575 3745 634 3801 δὲ
666 3747 862 3821 βαφαῖς
891 3753 980 3800 καὶ
1027 3744 1295 3808 κιϐδήλοις
1333 3754 1616 3820 χρώμασιν
1645 3749 1716 3810 εἰς

99 3843 157 3892 τό
233 3845 325 3898 τῆς
383 3837 637 3913 ἁμαρτίας
695 3834 937 3897 δυσειδές
1000 3855 1052 3889 τε
1109 3840 1194 3888 καὶ
1255 3836 1484 3910 ἀμορφον
1563 3855 1711 3908 μετα·

37 3981 56 3991 ς,
97 3927 495 4004 μορφωθεῑσαν,
593 3923 687 3980 διὰ
766 3933 921 3979 τοῦτο
1003 3931 1181 3978 τοῦτον
1284 3922 1447 3996 ἐχρῆν
1525 3927 1714 3981 ταύτην

98 4016 406 4078 ἀπαλλάξαι
488 4023 580 4069 τοῦ
663 4019 906 4088 αἴσχους,
975 4017 1065 4066 καὶ
1156 4012 1241 4066 οἷα
1290 4016 1550 4086 γραφικὴν
1603 4010 1714 4064 ἔπι-

100 4106 336 4160 ϐαλόντα
390 4113 550 4178 χεῖρα
614 4114 685 4176 τῷ
761 4101 1096 4178 διεῤῥυηκότι
1187 4105 1277 4154 xui
1350 4101 1716 4174 λελυμασμένῳ

97 4203 440 4271 χαρακτῆρι,
477 4193 851 4268 ἀναμορφωσαί
881 4212 934 4246 τε
963 4197 1054 4244 καὶ
1100 4191 1173 4253 εἰς
1215 4193 1273 4243 τὸ
1327 4188 1552 4264 ἀρχαῖον
1599 4188 1716 4242 ἀνα-

98 4288 468 4359 ζωγραφῆσαι
553 4283 752 4348 κάλλος,
832 4287 921 4335 καὶ
1005 4286 1098 4340 τὴν
1175 4280 1544 4354 φιλανθρώπως
1627 4283 1716 4352 μὲν

97 4372 592 4447 διαμορφωθεῖσαν,
662 4371 887 4447 ἀφρόνως
963 4367 1020 4424 δὲ
1092 4369 1550 4444 περιῦϐρισθεῖσαν
1628 4372 1718 4421 καὶ

1896 3479 1946 3532 5.
1991 3475 2155 3534 Certe
2197 3476 2373 3548 igitur
2398 3481 2455 3535 et
2477 3477 2622 3551 quia
2651 3478 2946 3551 sapientia
2974 3483 3032 3537 et
3066 3479 3270 3552 imago
3315 3479 3486 3553 spiri-

1824 3565 2006 3623 tualis
2031 3566 2546 3639 immutabilisque
2572 3567 2778 3633 Patris,
2810 3567 3003 3634 Filius,
3032 3568 3294 3626 debebat
3317 3568 3486 3625 illam

1825 3655 2091 3712 animam
2134 3655 2211 3712 ad
2242 3655 2567 3728 imaginem
2601 3655 2704 3713 Dei
2735 3656 3060 3715 formatam
3091 3662 3147 3714 et
3187 3662 3483 3724 ornatam,

1825 3749 1881 3801 et
1909 3761 2044 3817 qua:
2075 3745 2343 3802 colorum
2385 3745 2922 3804 dehonestamento
2954 3747 3176 3819 peccati
3207 3753 3487 3804 naturam

1825 3849 1894 3888 ac
1919 3833 2176 3889 formam
2203 3851 2325 3905 pres
2349 3851 2410 3890 se
2436 3835 2682 3899 ferebat,
2705 3835 2867 3891 illam
2895 3836 2972 3891 ab
2994 3837 3322 3906 ignominia
3350 3837 3487 3892 libe-

1823 3937 1976 3976 rare.
2001 3923 2143 3976 Hinc
2168 3927 2290 3975 arte
2319 3922 2568 3991 pictoria
2594 3927 2856 3976 utentem
2882 3923 3196 3993 oportebat
3219 3941 3358 3978 eum
3384 3940 3489 3980 na-

1827 4011 1973 4064 tura;
2000 4008 2323 4080 deperdita
2349 4013 2405 4064 et
2430 4008 2745 4064 maculatae
2767 4008 2851 4064 ita
2869 4010 3112 4077 mederi,
3145 4015 3210 4066 ut
3230 4010 3488 4082 pulchri-

1827 4096 1972 4155 tudo
2005 4113 2074 4153 ac
2103 4096 2382 4153 nobilitas
2423 4095 2722 4169 primitiva
2750 4102 3221 4168 regeneraretur.
3255 4098 3312 4155 Si
3342 4113 3487 4170 ergo

1829 4186 2076 4259 Spiritus
2125 4191 2228 4242 aut
2265 4184 2431 4242 Pater
2461 4200 2567 4256 pro
2598 4184 2792 4255 nobis,
2827 4189 3026 4242 autem
3068 4185 3243 4242 Filius
3289 4187 3488 4243 incar-

1825 4281 2003 4334 natus
2024 4280 2194 4345 esset,
2221 4275 2368 4331 nihil
2385 4274 2616 4332 fecisset
2640 4279 2901 4348 utquam
2925 4276 3188 4334 maxime
3208 4276 3486 4334 humana

1826 4365 2168 4422 inﬁrmitate
2207 4364 2407 4436 lapsos
2440 4368 2542 4420 aut
2571 4370 2766 4421 mente
2806 4365 2883 4422 ad
2920 4366 3143 4423 malum
3179 4381 3487 4437 perversos

94 4463 512 4537 ἀμαυρωθεῖσαν
585 4461 774 4530 εἰκόνα,
847 4463 975 4534 πρὸς
1029 4459 1207 4511 ἑαυτόν
1265 4477 1317 4511 τε
1375 4456 1711 4530 ἐπιστρέψαι,

1830 4455 1892 4511 in
1935 4455 2186 4511 salutem
2229 4457 2550 4510 revocaret.
2587 4454 2902 4520 Quomodo
2935 4455 3097 4511 enim
3140 4455 3487 4512 Judasorum

94 4558 195 4606 xui
267 4551 338 4613 εἰς
385 4555 479 4610 τὴν
537 4549 770 4626 ἀρχαίαν
820 4549 972 4602 πάλιν
1040 4548 1292 4620 εὐγένειαν
1350 4547 1717 4606 ἀποκαταστῆ-

98 4662 226 4696 σαι.
282 4640 438 4693 Ἀλλά
483 4643 585 4716 γὰρ
627 4643 670 4692 εἰ
714 4658 774 4712 γε
827 4642 885 4690 τό
937 4645 1163 4710 Πνεῦμα,
1215 4637 1244 4696 ἢ
1287 4638 1312 4689 6
1363 4641 1542 4711 Πατὴρ
1588 4637 1716 4709 ὑπὲρ

95 4734 282 4804 ἡμῶν,
339 4727 448 4781 ἀλλ’
497 4728 603 4801 οὐχ
653 4729 679 4780 6
734 4730 856 4789 Υἱὸς
895 4727 1238 4802 ἐσεσάρκωτο,
1297 4723 1448 4779 οὐδὲν
1499 4728 1559 4778 οἶν
1618 4727 1720 4779 ὅσα

93 4840 162 4895 γε
217 4825 316 4880 τῆς
356 4819 684 4895 ἀνθρωπίνης
732 4816 1142 4877 ἀντιπιπτούσης
1196 4815 1482 4882 ἀσθενείας,
1535 4816 1563 4874 ἦ
1624 4825 1720 4876 τῆς

94 4913 330 4982 γνώμης
390 4907 460 4968 εἰς
534 4911 592 4960 τό
648 4913 953 4980 κακουργεῖν
1007 4908 1412 4979 ὑποφερομένης,
1480 4913 1580 4957 τῶν
1651 4905 1720 4967 εἰς

97 5001 384 5071 σωτηρίαν
434 4997 619 5058 αὐτοὺς
689 4995 1110 5069 ἀνακαλουμένων
1175 4991 1543 5068 διεπέπρακτο·
1614 5003 1722 5055 πῶς

93 5091 218 5163 γὰρ
246 5082 518 5140 Ἰουδαίων
571 5087 754 5149 ἀκοαῖς
801 5084 1006 5138 ἀνεκτόν
1056 5080 1137 5150 ἧν,
1181 5084 1225 5136 εἰ
1273 5089 1429 5157 σαρκὶ
1478 5087 1653 5156 παρὼν
1697 5088 1722 5136 ό

97 5183 326 5239 σώσων,
377 5175 562 5247 ἔλεγεν,
615 5177 684 5237 ὡς
733 5176 758 5228 ὁ
793 5182 865 5246 τῷ
910 5180 1093 5230 Μωσεῖ
1121 5177 1468 5247 χρηματίσας
1516 5171 1564 5224 ἓν
1617 5174 1724 5248 όρει

97 5271 259 5336 Σινᾲ,
293 5268 382 5317 καὶ
432 5269 610 5338 Πατὴρ
662 5272 762 5318 τῶν
809 5263 936 5318 ὅλων
981 5268 1071 5317 καὶ
1121 5267 1505 5336 γινωσκόμενος
1549 5261 1723 5325 αὐτοῖς

97 5360 207 5412 καὶ
317 5351 745 5428 ἀνακαλούμενος,
857 5353 1011 5416 αὐτὸς
1093 5352 1262 5420 οὗτος,
1352 5355 1422 5414 ὡς
1524 5353 1724 5424 ἄνθρω-

198 5542 221 5579 ⁶
252 5540 410 5599 Joan
442 5555 498 5608 v,
530 5542 622 5610 22,

346 5628 594 5687 Ρετειοι..
635 5625 737 5685 Ca.
778 5625 866 5683 Cl.

1827 4559 2000 4601 aures
2045 4558 2259 4615 capere
2288 4543 2578 4615 potuisset
2617 4543 2666 4598 si
2695 4558 2958 4614 praesens
2987 4544 3048 4600 in
3079 4559 3258 4600 carne
3289 4543 3490 4600 Salva-

1828 4637 1920 4690 tor
1957 4633 2204 4688 dixisset
2233 4632 2398 4704 quod
2428 4631 2531 4704 qui
2571 4631 2749 4703 Moysi
2789 4631 3096 4688 oraculum
3128 4631 3387 4688 reddens
3426 4631 3489 4688 in

1833 4726 2033 4779 monte
2061 4721 2203 4778 Sina
2223 4726 2278 4778 et
2297 4722 2462 4777 Pater
2481 4721 2754 4777 omnium
2781 4721 3128 4790 etcognitus
3154 4725 3212 4777 et
3235 4719 3313 4776 ab
3343 4720 3488 4792 ipsis

1831 4813 2140 4868 invocatus
2168 4812 2295 4883 ipse
2326 4811 2452 4878 iste,
2488 4814 2552 4866 ut
2588 4811 2773 4866 homo
2804 4826 2942 4866 cum
2971 4809 3318 4866 hominibus
3350 4824 3489 4866 con-

1831 4907 2102 4959 versatur
2121 4906 2177 4957 et
2196 4901 2321 4973 ipse
2337 4899 2430 4956 ille
2453 4904 2609 4956 esset
2625 4900 2729 4973 qui
2745 4899 3057 4972 quondam
3078 4898 3316 4956 divinas
3335 4899 3492 4972 leges

1831 4991 2051 5048 tabulis
2071 4991 2258 5061 digito
2285 4989 2613 5062 insculptas
2648 4989 2901 5062 scripsit,
2943 4994 3001 5044 et
3026 4989 3218 5061 plagis
3247 4994 3492 5062 propter

1834 5096 1937 5137 eos
1973 5080 2301 5151 ngyptum
2338 5078 2682 5148 ﬂagellavit,
2715 5083 2772 5134 et
2807 5093 2914 5150 per
2953 5079 3136 5134 maris
3173 5078 3490 5137 humidam

1833 5173 2113 5227 naturam
2142 5166 2490 5224 immadidis
2521 5166 2773 5239 pedibus
2805 5167 2913 5223 iter
2931 5165 3126 5224 facere
3153 5168 3234 5224 eis
3253 5183 3493 5226 conces—

1837 5260 1930 5330 sit,
1992 5262 2048 5314 et
2096 5271 2352 5331 quaeque
2401 5259 2466 5312 ut
2503 5271 2606 5314 eos
2644 5255 2723 5313 ad
2775 5255 3056 5328 pietatem
3108 5272 3251 5328 erga
3306 5261 3492 5314 Deum

1837 5347 2146 5405 reduceret
2196 5343 2546 5404 mirabiliter
2605 5343 2785 5403 fecit?
2852 5345 3167 5413 Quomodo
3227 5345 3282 5404 ei
3353 5343 3495 5402 talia

3142 5615 3204 5672 41
