4060 6218
544 218 679 275 1233
1916 196 2516 262 SUPPLEMENTUM.
3775 198 3897 259 128$
3964 256 3965 275 ξ

540 344 758 401 dicenti
785 340 1186 399 obedivissent
1203 338 1231 391 ?
1257 335 1429 403 Quod
1457 333 1814 391 miraculum
1846 332 1924 389 ad
1947 331 2045 388 illo
2071 346 2143 387 no

2300 350 2406 396 πος,
2464 337 2573 392 τοῖς
2638 329 2941 403 ἀνθρώποις,
3018 332 3505 404 συναναστρέφεται,
3581 335 3675 383 καὶ
3755 331 3896 393 αὐτὸς

542 430 926 504 exegissent?
986 430 1041 485 Si
1082 427 1243 483 enim
1284 424 1492 481 Filium
1554 423 1819 480 Salvator
1876 438 1935 477 se
1992 421 2145 493 ipsui

2299 418 2480 479 ἐκεῖνος
2524 424 2599 477 εἴη
2659 422 2683 470 6
2741 420 2899 472 πάλαι
2974 422 3070 481 τάς
3117 419 3338 485 πλάκας,
3396 423 3449 471 αῖ
3528 424 3653 483 τοὺς
3744 424 3896 481 θείους

541 522 705 588 dixit,
771 521 881 577 etsi
946 519 1071 590 ipse
1140 515 1361 587 saepius
1424 514 1776 569 invenustus
1834 515 1891 567 et
1946 510 2144 566 insciti

2300 511 2521 581 θεσμοὺς
2584 512 2775 583 ἔφερον,
2832 506 3072 581 δακτύλῳ
3128 506 3451 583 διαγράψας,
3508 516 3597 562 καὶ
3674 510 3896 582 πληγαῖς

538 610 717 667 Israel
746 609 900 665 ﬁlius
932 605 1354 678 appellaretur,
1386 602 1465 658 illi
1499 602 1577 658 ad
1604 602 1761 657 hanc
1790 615 2001 656 vocem
2030 599 2141 654 inse

2296 603 2388 655 τὴν
2439 602 2699 670 Αἴγυπτον
2748 599 2873 673 ὑπὲρ
2914 597 3083 650 αὐτῶν
3123 598 3395 669 μαστίξας,
3454 604 3543 650 καὶ
3589 603 3688 657 τὴν
3740 601 3896 672 ὑγράἳ

537 699 760 756 liebant
799 701 855 752 et
894 692 1441 752 obmurmurabant
1491 695 1545 746 et
1581 691 1940 763 blasphema
1993 688 2140 743 dice]

2295 697 2390 749 τῆς
2439 687 2707 748 θαλάσσης
2783 690 2938 759 φύσιν
3004 688 3309 761 πεζοπορεῖν
3387 686 3629 761 ἀϐρόχως
3712 688 3898 752 αύτούς

537 786 871 857 arguebant
895 800 908 851 ;
933 783 1010 841 ad
1036 786 1328 855 quantum
1360 781 1533 850 igitur
1562 779 1857 836 malorum
1884 776 2140 846 fastigiui

2296 782 2623 850 χαριτωσας,
2673 780 2762 827 καὶ
2813 777 2912 827 ὅσα
2960 775 3089 827 οῖλλα
3131 778 3256 851 πρὸς
3301 773 3571 848 ἀναγωγὴν
3612 776 3899 839 θεοσεϐείας

534 890 659 933 non
688 873 1091 937 incurrissent,
1129 870 1176 925 si
1209 886 1271 926 se
1310 869 1508 942 ipsum
1541 871 1767 925 Patrem
1800 866 2137 939 prazdicass:

2297 869 2351 916 τὸ
2412 867 2541 917 θεῖον
2596 864 2773 927 αὐτοῖς
2819 862 3159 938 ἐδημιούργει
3200 866 3375 937 θαῦμα
3409 882 3421 931 ;
3456 874 3561 925 πῶς
3617 868 3682 917 ἀν
3737 876 3900 919 ταῦτα

535 964 834 1036 accipiens
868 966 1132 1018 nostram
1163 975 1425 1030 carnem,
1460 958 1519 1014 in
1552 958 1784 1028 generis
1812 954 2066 1012 humani
2097 972 2138 1010 sa

2295 952 2550 1024 λέγοντος,
2601 952 2860 1005 ἐπείθοντο
2894 970 2907 1020 ;
2938 949 3076 1005 τίδὲ
3128 960 3224 1004 τῶν
3272 952 3475 1005 ἀτόπων
3514 956 3762 1029 πράττειν
3814 956 3898 1007 οὐκ

534 1053 719 1111 lutem
759 1052 949 1108 factus
989 1049 1259 1105 Salvator
1286 1050 1313 1106 ?
1352 1048 1611 1120 Ideoque
1650 1046 1828 1118 igitur
1868 1046 2137 1117 (quantm

2295 1042 2355 1092 ἄν
2387 1042 2718 1115 ἠρεθίζοντο;
2752 1042 2796 1094 εἰ
2820 1045 2941 1115 γὰρ,
2978 1044 3096 1094 Υἰὸν
3124 1040 3360 1112 λέγοντος
3392 1043 3571 1095 ἑαυτὸν
3602 1052 3695 1096 τοῦ
3732 1052 3898 1103 Σωτῆ-

531 1142 857 1199 rationibus
895 1140 1176 1196 humanis
1204 1138 1369 1193 lubet
1398 1137 1730 1209 concipere)
1762 1151 1884 1191 non
1917 1137 2083 1189 Pater
2119 1134 2134 1187 1

2369 1151 2401 1196 ς,
2443 1136 2613 1183 καίτοι
2659 1151 2718 1203 γε
2768 1136 2853 1183 καὶ
2896 1131 3053 1192 αύτός
3092 1132 3116 1182 6
3166 1130 3459 1207 ἀχάριστος
3504 1138 3596 1185 καὶ
3648 1132 3896 1205 ἀγνώμων

528 1231 734 1299 homo,
751 1230 855 1286 sed
870 1230 1062 1295 Filius,
1080 1234 1141 1284 ut
1153 1244 1337 1300 quam
1354 1228 1613 1283 maxime
1626 1223 2007 1297 acceptabilis
2021 1223 2131 1278 ﬁeri

2294 1218 2503 1293 Ἰσραὴλ
2560 1220 2806 1281 πολλάκις
2863 1222 2973 1281 υἱὸς
3032 1220 3347 1292 ὠνομάζετο,
3405 1221 3454 1272 οἱ
3509 1218 3568 1273 δὲ
3620 1227 3713 1274 καὶ
3770 1229 3892 1294 πρὸς

528 1319 880 1377 hominibus
921 1318 1195 1375 salutaris
1234 1316 1580 1388 praedicatio
1610 1321 1665 1370 et
1705 1320 1769 1369 ut
1807 1313 2131 1369 Dominicul

2293 1311 2487 1367 ταύτην
2545 1314 2636 1367 τὴν
2717 1314 2878 1381 φωνην
2965 1306 3259 1375 ἐπεπήδων,
3329 1315 3419 1361 καὶ
3480 1318 3575 1371 τῆς
3657 1309 3889 1372 ἀληθείας

529 1409 996 1480 hominibusque
1012 1408 1338 1476 benignum
1363 1422 1517 1478 opus
1536 1420 1744 1461 omnes
1762 1401 2128 1458 misericordi

2292 1398 2692 1469 κατεγόγγυζον,
2783 1403 2872 1450 καὶ
2947 1396 3284 1470 βλασφημίας
3361 1399 3530 1451 αἰτίαν
3607 1410 3888 1473 περιῆπτον

530 1492 2180 1570 θιρτονὶάθηῐίωταῐὶοηοεοχοθάθίιεᾶᾶῆηοωειωωρθτ-
2292 1498 2363 1559 τῷ
2419 1487 2633 1559 λέγοντι,
2685 1488 2754 1548 εἰς
2810 1496 2954 1541 ποῖον
3012 1490 3072 1540 ἄν
3125 1488 3387 1560 κολοφῶνα
3438 1498 3609 1541 κακῶν
3666 1491 3765 1542 οὐκ
3818 1492 3890 1542 ἀνα

528 1588 772 1644 verm-et
2294 1574 2537 1650 έδραμον,
2616 1578 2659 1629 εἰ
2734 1582 2939 1652 Πατέρα
3014 1578 3191 1629 ἑαυτὸν
3280 1576 3616 1651 ἀνεκήρυττεν
3695 1582 3721 1631 ὁ
3802 1586 3890 1638 τήν

528 1678 779 1749 ἡμετέραν
802 1673 1065 1727 ἀναλαϐὼν
1100 1674 1291 1748 σάρκα,
1325 1676 1415 1723 καὶ
1452 1679 1623 1723 σῶσαι
1648 1672 2012 1742 παραγεγονὼς
2042 1670 2099 1718 τὸ
2129 1666 2443 1740 ἀνθρώπινον
2474 1683 2487 1730 ;
2516 1670 2609 1718 Διά
2640 1674 2791 1718 τοῦτο
2818 1671 2986 1718 τοίνυν
3018 1668 3142 1738 (ὅσα
3164 1685 3223 1737 γε
3247 1666 3521 1739 λογισμοῖς
3547 1668 3890 1743 ἀνθρωπίνοις

526 1765 724 1837 λαϐεῖν)
754 1764 859 1836 οὐχ
890 1765 915 1815 6
943 1767 1122 1835 Πατὴρ
1155 1764 1421 1836 ἄνθρωπος
1445 1766 1664 1832 γίνεται,
1702 1758 1806 1810 ἀλλ’
1851 1760 1875 1809 ὅ
1909 1777 1967 1828 γε
2016 1757 2155 1823 Υἱὸς,
2204 1757 2273 1817 ὡς
2304 1756 2364 1806 οἷν
2390 1755 2623 1827 μάλιστα
2666 1753 3049 1831 εύπαράδεκτον
3088 1764 3194 1816 τοῖς
3232 1755 3523 1831 ἀνθρώποις
3550 1762 3608 1810 τὸ
3635 1764 3890 1831 σωτήριον

528 1859 742 1926 γένηται
771 1859 1040 1928 κήρυγμα,
1077 1856 1167 1903 καὶ
1196 1854 1252 1903 τὸ
1294 1848 1607 1903 δεσποτικὸν
1638 1853 1729 1900 καὶ
1763 1847 2118 1919 φιλάνθρωπον
2145 1848 2291 1919 ἔργον
2337 1851 2423 1899 καὶ
2449 1849 2617 1899 πάντα
2656 1846 2807 1918 λόγον
2834 1847 3134 1922 οἰκτιρμῶν,
3165 1852 3255 1900 καὶ
3282 1855 3527 1921 προνοίας
3563 1848 3889 1922 ύπερϐαἰνον,

530 1943 599 2006 εἰς
620 1946 779 2018 πέρας
809 1942 1185 2013 ἐξενηνεγμένον
1220 1943 1318 1998 εἴη.

597 2035 651 2088 6.
697 2031 971 2089 Similiter
1030 2045 1172 2086 vero
1229 2031 1276 2084 si
1323 2027 1569 2099 quidem
1629 2025 1877 2096 Spiritus
1938 2028 2179 2081 sanctus

2367 2023 2435 2088 ς’.
2465 2024 2730 2086 Ὡσαύτως
2777 2021 2836 2079 δε
2864 2030 2954 2078 καὶ
2986 2025 3030 2077 εἰ
3077 2030 3135 2078 τὸ
3182 2033 3389 2098 Πνεῦμα
3416 2030 3472 2079 τὸ
3510 2027 3655 2099 ἅγιον
3687 2029 3884 2084 ὑπέστη

526 2138 771 2179 carnem
822 2121 1131 2186 induisset,
1174 2125 1299 2175 tum
1340 2115 1561 2173 Judeeis
1600 2114 1803 2170 fuisset
1851 2113 2126 2185 iniquitat

2288 2118 2381 2172 τὴν
2439 2117 2724 2189 σάρκωσιν,
2785 2117 2814 2173 ἡ
2871 2114 3001 2172 αὐτὴ
3048 2116 3109 2167 οἶν
3172 2112 3232 2174 ἦν
3283 2124 3388 2178 τοῖς
3440 2113 3725 2179 Ἰουδαίοις
3798 2126 3890 2178 τῆς

527 2216 582 2268 et
619 2210 982 2268 inﬁdelitatis
1018 2208 1179 2264 idem
1219 2212 1535 2278 praetextus
1574 2209 1631 2260 et
1669 2202 1914 2258 moleste
1955 2202 2130 2259 ferent

2291 2202 2659 2276 ἀγνωμοσύνης
2702 2209 2787 2256 καὶ
2846 2204 3097 2266 ἀπιστίας
3152 2210 3383 2277 γινομένη
3449 2210 3737 2279 πρόφασις,
3799 2211 3888 2258 καὶ

524 2300 1022 2373 repugnandique
1058 2298 1361 2354 excusatio
1401 2299 1459 2351 et
1488 2291 1826 2350 avertenda:
1866 2290 2125 2347 calumni

2289 2301 2379 2344 τοῦ
2423 2290 2791 2368 δυσχεραίνειν
2833 2299 2923 2345 καὶ
2954 2291 3407 2355 ἀπαυθαδίζεσθαι
3457 2300 3754 2365 καταφυγή,
3798 2292 3890 2347 δο-

526 2390 705 2447 ﬁctio.
763 2389 822 2444 Si
871 2388 1031 2444 enim
1090 2387 1150 2441 in
1201 2385 1504 2442 sententiis
1564 2382 1683 2437 suis
1741 2379 2129 2436 subobscurai

2290 2390 2459 2434 κοῦσα
2552 2388 2645 2441 τὴν
2722 2379 2975 2442 διαϐολὴν
3047 2383 3449 2456 ἀποτρέπεσθαι,
3514 2383 3557 2435 εἰ
3627 2387 3729 2456 γὰρ
3802 2390 3891 2437 καὶ

528 2480 795 2550 aliquam
835 2476 1193 2533 sacrosancti
1229 2475 1479 2547 Spiritus
1511 2470 1891 2544 proferebant
1932 2470 2131 2527 faman

2292 2469 2533 2545 ἀμυδράν
2572 2492 2688 2525 τινα
2724 2477 2818 2531 τὴν
2865 2478 3100 2545 περὶτοῦ
3143 2478 3403 2545 παναγίου
3450 2476 3746 2545 Πνεύματος
3799 2471 3888 2526 δό-

526 2582 671 2622 sane
709 2565 853 2637 quia
893 2565 1322 2636 prophetarum
1372 2563 1707 2618 doctrinam
1748 2559 2057 2615 audientes
2097 2560 2129 2615 d

2293 2562 2381 2623 ξαν
2429 2569 2546 2623 ταῖς
2605 2562 2799 2613 ἑαυτῶν
2856 2558 3109 2623 διανοίαις
3153 2567 3475 2635 περιέφερον,
3524 2562 3625 2613 ἀλλ’
3662 2559 3749 2614 οὖν
3804 2566 3881 2614 ὅτι

526 2656 798 2713 dicerant
836 2653 1050 2709 melius
1090 2668 1221 2708 esse
1261 2657 1479 2707 natura
1516 2650 1802 2713 humana,
1834 2652 1980 2707 nihil
2023 2667 2129 2706 con

2293 2658 2521 2725 κρεῖττον
2575 2659 2672 2713 τῆς
2727 2650 3047 2724 ἀνθρωπίνης
3099 2654 3317 2723 φύσεως,
3378 2656 3469 2704 καὶ
3525 2655 3684 2703 κοινὸν
3732 2648 3882 2704 ούδεν

527 2760 709 2802 mune
749 2742 913 2799 carni
978 2747 1034 2798 et
1073 2741 1319 2813 spiritui,
1363 2745 1419 2795 et
1456 2739 1662 2796 divina
1698 2742 1943 2797 oracula
1981 2741 2130 2812 aliqu

2296 2744 2453 2813 σαρκὶ
2510 2745 2599 2791 καὶ
2643 2743 2913 2813 πνεύματι,
2988 2743 3104 2801 τούς
3155 2760 3209 2793 τε
3276 2749 3374 2792 τῶν
3424 2748 3702 2813 προφητῶν
3754 2761 3888 2814 χρη-

526 2834 711 2891 modo
750 2832 861 2888 sibi
892 2829 1437 2903 reprazsentabant;
1480 2828 1649 2885 Isaiae
1678 2831 1837 2886 enim
1877 2831 2129 2903 prophet

2295 2834 2461 2901 σμούς
2516 2828 2782 2890 ἀκούοντες
2854 2829 3214 2902 ἀνεμάνθανον,
3287 2835 3376 2883 καὶ
3465 2832 3707 2889 θειότητά
3780 2851 3892 2883 τινα

524 2924 760 2981 verba:
812 2920 1065 2992 Spiritus
1122 2919 1361 2975 Domini
1419 2934 1601 2989 super
1646 2935 1752 2984 me,
1820 2920 1946 2975 ideo
2008 2935 2127 2975 una:

2290 2924 2407 2991 περὶ
2462 2918 2622 2970 αὐτοῦ
2678 2917 3040 2991 ἐφαντάζοντο,
3086 2927 3238 2972 τοῦτο
3282 2923 3391 2992 μὲν,
3452 2928 3660 2993 Πνεῦμα
3701 2927 3893 2994 Κυρίου

524 3028 617 3068 me
665 3014 707 3077 θ,
758 3016 860 3067 aut
895 3009 1135 3065 Davidis
1172 3008 1523 3063 clamantis:
1574 3008 1860 3077 Spiritum
1906 3014 2127 3065 sancta:

2290 3005 2365 3059 ἐπ’
2416 3006 2520 3079 ἐμὲ,
2573 3008 2633 3060 οὗ
2714 3011 2893 3061 εἵνεκεν
2946 3012 3130 3082 ἔχρισέ
3211 3028 3294 3080 με,
3342 3017 3432 3063 τοῦ
3495 3010 3716 3063 Ἡσαΐου
3772 3031 3893 3062 κατα

525 3109 688 3157 tuum
746 3114 820 3157 ne
876 3100 1110 3168 auferas
1149 3113 1185 3154 a
1237 3112 1329 3154 me
1365 3100 1411 3163 7,
1465 3102 1567 3153 aut
1620 3097 1832 3169 Moysis
1888 3097 2128 3168 originei

2289 3097 2641 3169 αγγέλλοντος,
2697 3105 2848 3150 τοῦτο
2904 3094 2963 3151 δὲ
3018 3107 3107 3151 τοῦ
3151 3095 3336 3167 Δαϐὶδ,
3394 3104 3462 3153 Τὸ
3518 3104 3728 3173 Πνεῦμά
3798 3121 3890 3155 σου

524 3189 739 3247 mundi
777 3188 1171 3244 describentis
1208 3204 1220 3242 :
1257 3209 1281 3238 «
1313 3186 1576 3257 Spiritus
1605 3186 1713 3243 Dei
1739 3186 2049 3255 ferebatur
2084 3202 2127 3242 ει

2292 3191 2344 3239 τὸ
2394 3187 2541 3259 άγιον
2597 3191 2668 3261 μὴ
2748 3187 3043 3261 ἀντανέλης,
3104 3188 3189 3241 ἀπ’
3262 3188 3406 3261 ἐμοῦ,
3493 3194 3603 3262 καὶ,
3680 3198 3895 3265 Πνεῦμα

521 3295 632 3350 per
687 3294 869 3349 aquas
932 3278 973 3343 ⁸,
1041 3281 1097 3332 et
1161 3278 1439 3331 sexcenta
1496 3273 1611 3331 alia
1670 3274 2044 3345 hujusmodi,
2107 3290 2124 3331 ε

2289 3284 2420 3329 Θεοῦ
2488 3276 2750 3351 ἐπεφέρετο
2828 3276 2995 3330 ἐπάνω
3069 3286 3162 3330 τοῦ
3223 3274 3437 3345 ὕδατος,
3510 3280 3738 3341 Μωσέως
3797 3286 3892 3339 τὴν

523 3367 745 3439 quibus
775 3366 1129 3422 diviniorem
1160 3380 1347 3436 quam
1370 3363 1701 3418 secundum
1728 3362 2035 3420 hominem
2055 3366 2126 3436 Sp

2288 3371 2649 3438 κοσμογένειαν
2716 3364 3117 3441 ἀναγράφοντος,
3166 3372 3255 3420 καὶ
3305 3373 3472 3442 μυρία
3521 3368 3672 3421 ἄλλα·
3721 3370 3781 3433 ἐξ
3823 3371 3891 3421 ὧν

521 3457 669 3511 ritus
708 3461 987 3510 naturam
1027 3454 1409 3518 inducebant,
1444 3453 1553 3507 etsi
1584 3467 1704 3508 non
1743 3468 1890 3523 pure
1931 3453 2008 3508 ad
2043 3453 2124 3523 ejt

2289 3457 2544 3529 θειοτέραν
2599 3458 2688 3527 μεν
2737 3459 2767 3513 ἧ
2822 3460 2956 3507 κατά
2994 3457 3263 3529 ἄνθρωπον
3304 3462 3397 3515 τὴν
3441 3465 3529 3510 τοῦ
3582 3460 3885 3529 Πνεῦματος

524 3542 887 3611 theologiam
950 3541 1161 3596 exinde
1221 3541 1622 3595 ducerentur:
1688 3546 1914 3611 quanto
1982 3557 2124 3612 mag

2286 3546 2439 3615 φύσιν
2493 3543 2864 3615 ἀνελογίζοντο,
2915 3544 2956 3596 εἰ
3002 3551 3091 3598 καὶ
3130 3549 3263 3619 πρὸς
3305 3551 3388 3605 τὴν
3437 3546 3586 3597 αὐτοῦ
3633 3547 3883 3617 καθαρῶς

526 3631 841 3688 Sadducaai
871 3629 1213 3684 derisissent
1232 3632 1288 3682 et
1317 3628 1598 3683 manibus
1619 3629 2022 3701 dentibusque
2048 3646 2129 3701 m3

2287 3630 2544 3704 θεολογίαν
2588 3634 2680 3685 οῦκ
2744 3632 3015 3705 ἀνήγοντο.
3069 3634 3276 3689 Μᾶλλον
3328 3633 3384 3688 δὲ
3430 3638 3478 3687 οἱ
3522 3631 3887 3688 Σαδδουκαῖοι

521 3718 767 3775 sterium
822 3717 1203 3782 lacerassent,
1265 3715 1314 3770 si
1354 3714 1484 3787 quis
1536 3716 1618 3771 eis
1654 3715 1930 3788 dedisset,
1990 3734 2124 3790 app:

2286 3718 2524 3793 διεγέλων
2579 3724 2639 3774 οἶν
2681 3729 2769 3775 καὶ
2807 3719 3150 3795 διεχλεύαζον
3193 3729 3251 3777 τὸ
3285 3730 3599 3800 μυστήριον,
3628 3730 3721 3777 καὶ
3751 3746 3886 3798 χερ-

519 3814 749 3866 rentem
768 3807 827 3863 in
851 3822 1029 3863 carne
1049 3806 1523 3878 discerpsissent,
1552 3806 1680 3876 ejus
1698 3806 2122 3864 incarnatione]

2286 3815 2368 3863 σιν
2397 3812 2570 3863 ἄνκαὶ
2613 3808 2848 3879 ὀδοῦσιν,
2897 3815 3055 3874 εἴτις
3098 3814 3269 3875 αὐτοῖς
3310 3811 3520 3878 ἐδίδου,
3574 3818 3661 3867 τὸν
3708 3813 3887 3886 ἐπιφα-

518 3903 582 3954 ut
610 3903 667 3954 et
694 3896 1045 3968 angelorum
1072 3895 1475 3952 exsistenliam
1502 3900 1793 3965 negantes
1819 3896 1862 3952 9.
1896 3898 2040 3951 Cum
2071 3897 2121 3968 ig

2285 3903 2426 3951 νέντα
2481 3896 2707 3952 διέσπων
2760 3921 2814 3953 τε
2868 3907 2957 3954 καὶ
3007 3898 3427 3977 διεσπάρασσον,
3480 3904 3569 3956 ἅτε
3624 3900 3759 3975 μηδ’
3819 3908 3888 3965 εἰς

518 3993 614 4043 tur
642 3990 697 4043 et
734 3986 918 4042 Patris
950 3991 1004 4041 et
1028 3984 1274 4057 Spiritus
1305 3985 1634 4041 incarnatio
1662 3983 1881 4039 Iudaeis
1923 3986 2121 4041 omnin

2287 3988 2501 4060 ὕπαρξιν
2546 3989 2666 4050 ὅλως
2715 3990 2892 4055 ἐλθεῖν,
2926 3994 3098 4064 ὥσπερ
3144 3988 3273 4063 μηδ’
3329 3992 3555 4064 ἀγγέλων
3587 3996 3767 4064 φύσιν,
3807 3991 3890 4043 ἀν-

517 4074 981 4147 inacceptabilis,
1016 4078 1168 4129 esset
1220 4078 1275 4128 et
1306 4073 1466 4129 salus
1497 4072 1748 4143 generis,
1780 4090 1914 4145 quae
1946 4090 2120 4145 scopt

2285 4080 2543 4149 εχομένοις
2586 4078 2767 4150 λέγειν,
2800 4081 2829 4137 ἠ
2887 4079 3159 4153 λογισμοῖς
3194 4078 3573 4153 ἀναδέχεσθαι.
3619 4082 3762 4135 Ἐπεὶ
3802 4078 3888 4134 οὖν

511 4169 567 4221 et
605 4164 979 4237 providentia
1009 4163 1109 4218 Dei
1139 4167 1262 4218 erat
1301 4167 1355 4217 et
1383 4178 1488 4233 per
1517 4178 1704 4234 quam
1734 4164 2045 4219 evacuatio
2083 4164 2114 4218 ll

2286 4170 2309 4225 ἧ
2359 4186 2413 4219 τε
2467 4176 2557 4219 τοῦ
2612 4172 2813 4242 Πατρὸς
2867 4175 2956 4222 καὶ
3014 4172 3043 4227 ἠ
3106 4177 3198 4222 τοῦ
3261 4173 3560 4242 Πνεύματος
3616 4174 3889 4245 σάρκωσις

512 4252 892 4316 evacuabilis,
921 4251 1057 4307 ﬁnis
1104 4267 1286 4322 quem
1334 4250 1543 4306 habuit
1573 4251 1632 4305 in
1663 4250 1803 4306 Filio
1835 4250 2115 4308 incarnate

2288 4262 2384 4316 τοῖς
2417 4252 2697 4318 Ἰουδαίοις
2731 4258 2988 4319 παντελῶς
3019 4255 3079 4317 ἧν
3123 4256 3508 4331 ἀπάράδεκτος,
3560 4264 3650 4312 καὶ
3697 4261 3729 4317 ἠ
3789 4280 3891 4312 σω-

509 4342 700 4398 multa
740 4340 1025 4411 indigeret
1066 4340 1470 4411 acceptatione
1509 4342 1564 4393 et
1602 4338 1989 4410 probabiliter
2026 4357 2112 4413 ρι’(

2289 4349 2434 4415 τηρία
2462 4352 2552 4395 τοῦ
2591 4351 2784 4416 γένους,
2818 4348 2939 4422 ὅπερ
2990 4344 3050 4405 ἦν
3090 4348 3118 4405 ἡ
3181 4348 3206 4398 6
3245 4351 3435 4408 σκοπὸς
3464 4353 3553 4400 καὶ
3604 4350 3630 4405 ὁ
3665 4353 3892 4420 πρόνοια

507 4436 639 4504 pter
666 4430 921 4487 multam
951 4429 1131 4485 aliam
1165 4428 1523 4500 sapientiam
1553 4427 1940 4493 ineffabilem,
1975 4434 2029 4485 et
2058 4430 2110 4485 hu

2289 4438 2365 4483 τοῦ
2411 4438 2587 4501 Θείου,
2668 4440 2756 4487 καὶ
2842 4432 2914 4487 δι’
2992 4438 3051 4494 ἣν
3109 4437 3139 4493 ἠ
3209 4440 3420 4498 κένωσις
3463 4444 3554 4489 τοῦ
3620 4435 3892 4490 ἀκενώτου

507 4521 703 4577 manis
741 4518 1063 4577 ratiociniis
1111 4516 1797 4588 incomprehensibilem,
1837 4518 2010 4573 Filius
2064 4519 2110 4574 di

2288 4525 2433 4593 τέρας
2482 4524 2584 4574 οἷον
2650 4527 2800 4595 ἔσχε,
2886 4527 3239 4599 σαρκωθέντος
3318 4534 3407 4578 τοῦ
3490 4528 3633 4594 Υὶοῦ,
3707 4527 3891 4597 πολλῷ

509 4615 667 4667 creto
708 4608 910 4672 Patris,
950 4606 1162 4663 virtute
1192 4606 1559 4663 sacrosancti
1590 4606 1851 4677 Spiritus,
1894 4612 2112 4663 nostrai

2286 4607 2429 4663 ἐνέδει
2472 4619 2562 4664 τοῦ
2612 4609 2883 4681 δέξασθαι,
2933 4614 3142 4677 εἰκότως
3182 4617 3207 4667 6
3238 4616 3351 4675 Υἱὸς
3379 4620 3466 4667 καί
3509 4618 3645 4667 κατά
3682 4615 3889 4674 πολλὴν

506 4699 757 4756 induens
787 4711 1031 4754 carnem
1060 4694 1290 4767 generis
1314 4694 1566 4752 humani
1595 4710 1975 4753 communem
2008 4696 2109 4753 sali

2288 4698 2426 4757 ἱλλην
2482 4705 2686 4771 σοφίαν,
2763 4702 2987 4777 ἄρρητον
3050 4722 3102 4756 τε
3162 4709 3251 4757 καὶ
3325 4703 3667 4780 ἀνθρωπίνοις
3742 4704 3891 4777 λογι-

507 4792 627 4845 tem
649 4786 911 4860 perfecit.
1063 4762 1093 4767 '

2554 4762 2564 4771 .
2672 4762 2683 4767 -
2796 4762 2839 4777 ..
3419 4762 3429 4780 .
3652 4762 3663 4766 τ
3816 4762 3830 4777 .

2289 4795 2421 4859 τμοῖς
2475 4786 2856 4855 ἀκατάληπτον,
2914 4788 3133 4865 εὐδοκία
3328 4788 3418 4845 τοῦ
3466 4796 3690 4869 Πατρός,
3751 4793 3892 4867 ἐνερ-

506 4881 619 4947 γείᾳ
667 4874 725 4930 δὲ
779 4884 870 4929 τοῦ
924 4878 1182 4947 παναγίου
1242 4875 1565 4946 Πνεύματος,
1647 4878 1740 4933 τὴν
1826 4879 2079 4950 ἡμετέραν
2140 4876 2405 4929 ἀναλαϐὼν
2496 4880 2686 4953 σάρκα,
2782 4884 2876 4939 τὴν
2958 4885 3135 4939 κοινὴν
3207 4890 3299 4935 τοῦ
3364 4886 3542 4954 γένους
3614 4890 3889 4958 σωτηρίαν

508 4969 989 5036 ἐπραγματεύσατο.

627 5080 939 5143 QUIESTIO
971 5079 1285 5136 CCXXVIII.
1324 5078 1530 5152 [CoisL
1579 5079 1759 5135 Taur.
1793 5080 2036 5154 LXXVI].

1718 5095 1759 5134 ν.
1793 5080 2036 5154 LXXVI].
2802 5091 3115 5140 ΕΡΩΤΗΣΙΣ
3155 5086 3321 5142 ΣΚΗ’.

967 5171 1053 5224 De
1080 5176 1301 5225 natura
1336 5174 1388 5224 et
1414 5183 1688 5238 persona.

2627 5180 2751 5249 Περι
2790 5177 2992 5247 φύσεως
3030 5181 3119 5229 καὶ
3157 5177 3510 5238 ὑποστάσεως.

576 5260 885 5329 Apparens
911 5256 973 5311 in
1000 5255 1250 5322 Christo,
1282 5256 1429 5330 quid
1454 5255 1624 5313 erat?
1653 5261 1869 5314 natura
1897 5264 2001 5316 aut
2029 5274 2156 5331 per-

2341 5264 2410 5313 T6
2441 5267 2741 5335 φαινόμενον
2770 5271 2861 5317 τοῦ
2893 5271 3150 5340 Χριστοῦ,
3192 5270 3245 5318 τί
3288 5262 3388 5335 ἧν;
3448 5269 3607 5339 φύσις
3659 5269 3691 5327 ἡ
3761 5269 3894 5324 ὑπὸ·

578 5468 598 5503 ⁸
626 5465 742 5524 Isa.
772 5476 882 5531 cxx,
912 5462 966 5519 1.
1041 5460 1059 5493 ⁷
1094 5458 1243 5517 Psal.
1278 5475 1328 5527 L,
1362 5461 1449 5517 11.
1527 5462 1548 5497 ⁸
1581 5463 1724 5519 Gen.
1754 5477 1795 5530 1,
1822 5464 1879 5516 2.
1955 5464 1975 5497 ο
2004 5465 2127 5520 Act.
2159 5478 2181 5519 1

806 5476 882 5531 xx,
912 5462 966 5519 1.
1041 5460 1059 5493 ⁷
1094 5458 1243 5517 Psal.
1278 5475 1328 5527 L,
1362 5461 1449 5517 11.
1527 5462 1548 5497 ⁸
1581 5463 1724 5519 Gen.
1754 5477 1795 5530 1,
1822 5464 1879 5516 2.
1955 5464 1975 5497 ο
2004 5465 2127 5520 Act.
2159 5477 2326 5533 nm,
2359 5466 2409 5519 8.
