4026 6206
130 295 269 357 1285

125 440 348 490 arua-ig;
396 417 501 473 ἀλλ’
548 415 591 471 εἰ
638 417 728 491 μὶν
779 415 1092 482 ὑπόστασις,
1140 416 1253 469 ἔστι
1306 413 1492 469 δὲκαὶ
1542 419 1600 468 τὸ
1648 421 1719 489 μὴ
1755 418 1798 470 Α

120 518 441 589 φαινόμενον,
473 512 591 568 ἤτοι
646 509 675 566 ἠ
722 513 812 560 τοῦ
854 510 1028 578 Λόγου
1082 507 1397 572 ὑπόστασις,
1449 503 1546 559 δύο
1597 507 1718 579 ἄρα,

115 607 236 676 ὅπερ
284 604 494 655 ἄτοπον.
529 598 588 651 Εἰ
638 593 696 650 δὲ
741 599 912 670 φύσις,
955 596 1111 649 πλείω
1160 598 1226 647 τά
1275 597 1464 648 ἄτοπα·
1499 595 1720 648 καθόλου

112 713 167 746 τε
194 695 299 767 γὰρ
339 695 430 743 καὶ
473 685 754 761 ὀφθαλμοῖς
801 685 894 738 οὑκ
942 688 1082 737 ἔστιν
1131 687 1290 758 ὁρατὴ
1327 685 1591 756 (ἐννοεῖται
1620 687 1718 756 γὰρ

114 787 202 835 καὶ
245 781 384 833 κατά
428 777 714 845 πλειόνων)·
747 782 857 836 πῶς
905 771 962 826 δε
1008 775 1036 832 ἢ
1089 781 1438 847 κυοφορεῐται,
1475 775 1502 832 ἦ
1545 780 1720 846 γεννᾶ-

114 891 201 924 ται
256 872 446 943 φύσις;
479 870 568 918 καὶ
615 869 781 938 μυρία
827 862 973 919 ἄλλα.
1017 865 1151 916 Οὔτε
1199 867 1374 936 φύσις,
1424 867 1540 916 οὔτε
1595 865 1719 916 ὑπόο

117 977 326 1022 στασις,
359 955 486 1008 ἀλλά
533 957 687 1026 μέρος
727 960 824 1014 τῆς
870 959 962 1004 τοῦ
995 956 1166 1023 Λόγου
1213 953 1460 1004 συνθέτου
1491 953 1719 1004 ὑποστά-

115 1067 264 1111 σεως,
317 1047 437 1119 ὅπερ
489 1045 629 1096 ἐστὶν
681 1040 1046 1095 ἓνυπόστατον.
1082 1041 1139 1093 Εἰ
1187 1037 1246 1094 δὲ
1297 1045 1386 1094 καὶ
1425 1042 1716 1094 ὑπόστασίν

111 1157 194 1198 τις
238 1135 367 1188 αὑτό
399 1133 491 1187 οὐκ
520 1131 678 1189 ἄλλην
717 1133 857 1204 παρά
901 1135 994 1188 τὴν
1025 1138 1117 1183 τοῦ
1150 1134 1341 1202 Λόγου,
1376 1133 1626 1201 προσθεὶς
1668 1129 1716 1182 ἐν

108 1234 171 1299 τῇ
223 1224 521 1298 ἀποκρίσει,
555 1219 816 1292 ἀποφήνῃ,
849 1221 998 1291 τάχα
1036 1218 1094 1270 ἂν
1140 1218 1198 1272 οὑ
1245 1227 1418 1281 κακῶς
1461 1223 1538 1278 εἴη
1588 1224 1714 1294 πρός

105 1332 166 1383 γε
234 1313 611 1384 Νεστοριανοὺς
683 1307 1098 1380 ἀποκρινόμενος.
1179 1307 1508 1381 Ἀχὼριστός
1575 1307 1714 1360 ἐστιν

108 1401 301 1464 ἑαυτῆς
353 1403 382 1459 ἡ
441 1401 622 1473 Τριάς,
666 1399 694 1456 ἦ
741 1401 830 1448 καὶ
885 1392 1142 1469 ἰδιωμασι
1192 1401 1280 1448 καὶ
1318 1397 1492 1466 λόγοις
1539 1401 1714 1468 μόνοις

103 1493 425 1563 χωρίζεται,
455 1492 546 1540 καὶ
577 1486 682 1538 -οὑκ
727 1488 840 1539 ἔστι
885 1494 985 1538 τῶν
1025 1489 1180 1537 ὄντων
1210 1481 1380 1550 οὐδὲν,
1411 1484 1458 1536 ἓν
1559 1487 1587 1544 ἡ
1623 1491 1711 1558 μὲν

107 1583 347 1652 Πατρική
395 1578 643 1652 πάρεστιν
673 1576 985 1639 ὑπόστασις,
1019 1576 1205 1627 ἄπεστι
1246 1571 1304 1626 δὲ
1352 1577 1380 1632 ἡ
1429 1581 1520 1627 τοῦ
1565 1577 1707 1642 Υὶοῦ,

110 1670 138 1728 η
180 1671 208 1728 ἡ
259 1675 348 1720 τοῦ
394 1668 709 1738 Πνεὺματος,
747 1663 854 1716 ἀλλ’
901 1665 999 1716 ὅσα
1043 1663 1333 1737 πληροῦται
1375 1672 1468 1726 τῆς
1518 1671 1709 1737 Πατρι-

106 1766 204 1820 κῆς
255 1757 608 1823 ὑποστάσεως,
664 1758 754 1806 καὶ
814 1753 1060 1827 ἑκατέρας
1113 1762 1213 1805 τῶν
1269 1753 1431 1805 ἄλλων
1484 1753 1709 1826 ’πληροῦ-
1743 1778 1787 1832 Β

105 1867 212 1911 ται,
269 1852 357 1898 καὶ
395 1848 454 1897 τό
513 1842 763 1896 ἀνάπαλιν
791 1860 804 1908 ;
836 1849 973 1905 Πῶς,
1024 1842 1253 1914 λέγοντες
1301 1848 1390 1901 την
1434 1851 1524 1894 τοῦ
1584 1845 1706 1895 Υἱοὺ

106 1936 478 2009 σεσαρκῶσθαι
520 1937 610 1984 καὶ
656 1933 996 2003 γεγεννῆσθαι
1027 1933 1340 1999 ὑπόστασιν,
1375 1932 1402 1990 ἦ
1446 1932 1503 1984 οὑ
1534 1937 1707 2006 χωρὶς

102 2029 192 2097 μεν
246 2032 335 2085 τῆς
391 2031 480 2076 τοῦ
550 2025 751 2095 Πατρός
803 2026 892 2072 καὶ
961 2039 1052 2073 του
1108 2023 1405 2093 Πνεὺματος
1470 2022 1702 2074 ὑποστά-

103 2134 249 2178 σεως,
304 2115 333 2173 ἦ
395 2110 631 2172 κάκείνας
680 2112 986 2182 γεννηθῆναι
1037 2115 1125 2162 xui
1187 2111 1521 2183 σαρκωθῆναι
1571 2129 1703 2182 συγ-

99 2208 416 2277 χωρήσομεν
448 2218 462 2269 ;
495 2201 610 2254 Ἐπὶ
647 2209 743 2252 τῶν
781 2203 976 2270 γενέσει
1014 2204 1103 2251 καὶ
1134 2201 1300 2274 φθορᾴ
1330 2195 1549 2251 δυνατόν
1593 2199 1701 2252 ἐστι

99 2291 270 2356 δεῖξαι
316 2299 487 2362 τοῦτο,
525 2291 606 2342 ἱνα
643 2293 732 2342 καὶ
781 2287 1059 2362 ἀχώριστά
1113 2286 1226 2340 ἐστι
1278 2296 1337 2361 τῇ
1386 2289 1697 2358 ὑποστάσει,

95 2387 185 2433 καὶ
234 2381 337 2442 ἑνός
366 2382 562 2432 τούτων
616 2384 902 2443 ποιοῦντος,
947 2377 978 2436 ἦ
1023 2379 1347 2448 πάσχοντος,
1395 2375 1560 2450 μηδὲν
1599 2387 1698 2431 τῶν

95 2470 284 2522 λοιπῶν
331 2472 389 2521 τό
431 2468 558 2520 αὑτό
598 2474 733 2519 ποιεῖ
773 2466 801 2525 ἢ
835 2468 1058 2538 πάσχει,
1091 2465 1260 2536 πόλλῷ
1299 2468 1402 2540 ἄρα
1441 2467 1564 2541 ῥᾷον
1612 2467 1696 2519 ἐπὶ

92 2568 190 2611 τῶν
247 2557 460 2610 ἀπαθῶν
508 2562 598 2608 καὶ
656 2554 927 2628 ἀκηράτων
976 2556 1314 2607 ὑποστάσεων
1362 2562 1513 2606 τοῦτο
1565 2575 1698 2626 συγ-

93 2655 307 2723 χωρεῖν.
345 2643 694 2719 Παράδειγμα
736 2641 814 2710 δὲ,
847 2652 937 2697 τοῦ
981 2647 1142 2717 πυρὸς
1188 2645 1218 2700 ἡ
1272 2649 1560 2716 φωτιστικὴ
1608 2651 1695 2698 καὶ

93 2741 356 2794 καυστική
398 2740 631 2797 ποιότης⁸
680 2740 818 2786 ποιεῖ
867 2737 968 2807 γὰρ
1017 2735 1210 2784 τούτων
1258 2732 1498 2806 ἑκατέρα,
1550 2732 1692 2805 ἀχώ-

93 2843 281 2896 ριστος
324 2820 457 2875 οὖσα
502 2831 594 2885 τῆς
635 2823 836 2887 λοιπῆς,
886 2827 974 2872 καὶ
1022 2818 1186 2892 μηδὲν
1239 2823 1456 2896 θατέρας
1517 2820 1564 2873 ἐν
1622 2830 1692 2891 τῷ

94 2921 262 2966 ποιεῖν
304 2921 396 2973 τῆς
442 2912 606 2988 ἐτέρας
649 2914 922 2972 ποιούσης.
955 2909 1153 2970 ’Ἄλλως
1184 2907 1243 2962 δε
1290 2911 1332 2962 εἰ
1362 2915 1418 2962 τό
1449 2913 1695 2982 γεννηθῆ-

92 3023 170 3054 ναι
218 3005 308 3054 τόν
349 3004 465 3054 Υὶὸν
495 2999 548 3053 ἐκ
593 3008 685 3053 τοῦ
716 3003 913 3073 Πατρός
960 3000 1018 3052 οὑ
1058 3004 1149 3057 τὴν
1183 2997 1484 3075 ἀχώριστον
1523 3001 1692 3076 ὑπαρ-

91 3092 162 3154 ξιν
209 3098 311 3152 τῆς
353 3090 520 3143 αὑτῶν
564 3091 916 3154 ὑποστάσεως,
951 3089 980 3148 ἦ
1027 3089 1250 3159 τόπῳ,ἡ
1302 3093 1498 3164 χρόνῳ,
1540 3089 1569 3147 ἢ
1620 3089 1690 3142 ἐν·

87 3185 263 3252 εργείᾳ
311 3179 554 3252 χωρίζει,
604 3184 755 3251 μόνον
809 3175 867 3230 δὲ
911 3181 968 3230 τό
1029 3173 1227 3249 ἰδίωμα
1284 3185 1380 3239 τῆς
1428 3185 1518 3230 τοῦ
1568 3181 1690 3231 Υίοῦ

84 3274 413 3344 παρίστησιν
462 3268 818 3332 ὑποστάσεως,
847 3263 971 3319 οὐδὲ
1020 3269 1076 3318 τό
1120 3267 1453 3338 σαρκωθῆναι
1501 3272 1590 3318 καὶ
1635 3267 1689 3320 ἐκ

83 3359 353 3432 Παρθένου
411 3358 665 3428 τεχθῆναι
731 3359 957 3430 χωρίσει
1011 3357 1215 3429 Πατρός
1277 3356 1306 3412 ἡ
1370 3358 1686 3427 Πνεὺματος,

1730 3138 1769 3192 C

1171 289 1266 345 AD
1303 289 1772 357 QUAESTIONES
1811 291 2456 352 AMPHILOCHIANAS.

3351 303 3489 361 1286

1835 433 1985 474 sona
2004 419 2032 474 ‘I
2057 418 2114 476 Si
2150 419 2396 492 quidem
2423 436 2702 492 persona,
2725 422 2947 496 quippe
2969 440 3104 497 qua
3139 430 3226 483 est
3241 443 3362 485 non
3382 445 3490 503 ap-

1831 522 2074 579 parens,
2105 507 2324 565 scilicet
2344 510 2514 566 Verbi
2540 527 2816 582 persona,
2848 511 2968 569 duo
3001 529 3158 583 ergo,
3189 519 3353 590 quod
3383 519 3488 576 ab-

1834 599 2097 654 surdum.
2115 599 2172 654 Si
2187 614 2326 654 vero
2340 603 2571 666 natura,
2588 600 2910 656 absurdum
2929 606 3228 670 accrescit,
3243 623 3354 664 nec
3364 608 3483 678 jam

1830 690 2022 743 totum
2042 687 2156 742 hoc
2178 687 2471 759 inspicere
2489 693 2744 759 possunt
2761 690 2918 746 oculi
2939 692 3297 763 (intelligitur
3320 698 3482 753 enim

1831 775 1988 831 circa
2018 775 2234 848 plura);
2269 777 2506 850 ecquid,
2535 793 2680 833 num
2722 779 2783 834 in
2823 783 2989 837 utero
3027 787 3306 852 gestetur,
3336 801 3483 842 num

1830 865 2090 935 gignitur
2115 870 2330 922 natura
2360 867 2388 922 i’
2417 871 2474 922 et
2511 871 2788 923 sexcenta
2827 868 2962 924 alia.
3005 873 3202 942 Neque
3244 877 3480 936 natura,

1829 969 2022 1026 neque
2044 970 2325 1027 persona,
2345 955 2448 1010 sed
2471 971 2740 1026 persona
2764 957 3116 1014 coadunata
3144 960 3314 1016 Verbi
3341 977 3483 1034 pars

1827 1058 1962 1114 qua
1989 1047 2079 1100 est
2109 1043 2547 1115 personiﬁcata.
2583 1045 2724 1110 Qua
2756 1061 2895 1102 vero
2925 1046 2970 1102 si
3002 1048 3138 1118 quis
3166 1064 3287 1105 non
3319 1050 3483 1107 aliud

1827 1148 1954 1188 esse
1976 1149 2160 1206 quam
2190 1133 2358 1189 Verbi
2392 1149 2732 1206 personam,
2768 1151 3057 1207 responso
3090 1138 3364 1210 ampliori
3397 1157 3483 1196 re-

1825 1221 1996 1288 velet,
2030 1238 2139 1278 nec
2172 1222 2326 1279 male
2356 1223 2535 1279 etiam
2568 1224 2645 1280 ad
2676 1225 3057 1280 Nestorianos
3086 1228 3477 1299 responderit.

1825 1314 1992 1367 Anne
2014 1311 2389 1368 indivisibilis
2412 1317 2499 1368 est
2518 1313 2578 1367 in
2607 1328 2667 1368 se
2696 1314 3482 1388 Trinitas,autproprietati-

1822 1400 1961 1466 bus,
1985 1405 2087 1458 aut
2111 1401 2410 1457 ationibus
2434 1405 2666 1458 tantum
2685 1402 2970 1458 dividitur
2995 1419 3006 1468 ;
3058 1419 3167 1460 nec
3193 1409 3284 1462 est
3306 1407 3478 1478 quid-

1821 1488 1970 1560 quid
1996 1488 2290 1544 exsistens
2312 1489 2372 1544 in
2393 1504 2515 1561 quo
2535 1489 2858 1545 stetPatris
2891 1506 3168 1562 persona,
3193 1491 3346 1549 absit
3372 1510 3474 1550 au-

1821 1581 1941 1633 tem
1979 1577 2144 1646 Filii,
2186 1578 2275 1633 vel
2314 1579 2575 1647 Spiritus
2611 1594 2908 1650 persona;
2949 1579 3076 1648 sed,
3116 1597 3252 1652 qua
3291 1583 3479 1655 replet

1819 1667 2044 1732 Patris,
2085 1682 2158 1722 ea
2186 1657 2586 1738 replet'etiam
2617 1667 2951 1724 alterutrius
2991 1669 3244 1726 aliorum
3275 1687 3475 1742 perso—

1818 1771 1898 1812 na
1910 1761 1966 1812 et
1984 1755 2404 1828 reciprociter?
2418 1759 2569 1812 Num
2591 1757 2848 1812 dicimus
2874 1759 3318 1816 :PersonaFilii
3333 1777 3472 1818 caro

1815 1844 1973 1902 facta
2002 1849 2059 1901 et
2086 1846 2305 1916 genita,
2339 1845 2584 1902 autsine
2613 1847 2812 1903 Patris
2844 1852 2900 1903 et
2927 1847 3186 1916 Spiritus
3213 1865 3472 1920 persona

1816 1939 1918 1990 aut
1948 1934 2076 1992 illas
2090 1951 2334 2007 quoque
2360 1951 2603 1992 carnem
2635 1935 2823 1992 factas
2855 1941 2911 1993 et
2942 1937 3173 2008 genitas
3201 1941 3471 1996 concedi-

1813 2041 1950 2080 mus
1988 2026 2020 2079 ?
2061 2027 2122 2080 In
2163 2025 2445 2080 creaturis
2484 2029 2537 2080 et
2580 2025 2876 2096 corruptis
2917 2027 3229 2083 ostendere
3261 2044 3470 2099 possu-

1813 2130 1948 2170 mus
1978 2113 2117 2186 quia
2143 2117 2284 2169 sunt
2309 2129 2568 2186 persona
2598 2113 2998 2182 indivisibilis,
3027 2120 3102 2180 et,
3137 2132 3207 2172 ex
3239 2117 3322 2172 eis
3345 2134 3467 2174 uno

1811 2209 2043 2274 agente,
2086 2203 2178 2258 vel
2217 2203 2495 2274 patiente,
2538 2206 2888 2259 caterorum
2945 2204 3091 2260 nihil
3147 2205 3306 2261 idem
3347 2207 3467 2275 agit

1810 2291 1904 2348 vel
1935 2292 2152 2364 patitur
2193 2307 2206 2358 ;
2248 2292 2412 2364 atqui
2453 2291 2642 2348 multo
2682 2292 2914 2348 facilius
2954 2297 3042 2348 est
3079 2292 3466 2366 impassibili-

1808 2380 1922 2436 bus
1953 2380 2383 2452 etincorruptis
2403 2380 2675 2452 personis
2707 2380 2855 2436 illud
2880 2383 3226 2438 concedere.
3258 2385 3462 2440 Exem-

1809 2470 1974 2541 plum
1997 2470 2069 2526 sit
2094 2470 2153 2525 in
2177 2469 2314 2540 igne
2342 2469 2548 2526 lucens
2579 2475 2634 2526 et
2661 2486 2838 2525 urens
2869 2470 3130 2542 qualitas
3164 2489 3176 2527 :
3211 2476 3463 2546 utraque

1806 2559 1964 2614 enim
1997 2575 2205 2615 earum
2238 2558 2359 2629 agit
2397 2558 2649 2616 indivise
2679 2559 2757 2615 ab
2790 2559 2994 2625 altera,
3028 2575 3139 2616 nec
3179 2560 3462 2618 alterutra

1807 2648 1929 2717 agit
1952 2649 2014 2703 in
2045 2649 2277 2705 actione
2303 2648 2546 2705 alterius
2571 2649 2821 2718 agentis.
2856 2649 2980 2706 Alio
3009 2649 3192 2705 modo
3219 2650 3265 2705 si
3295 2651 3462 2722 quod

1809 2737 1984 2793 Filius
2021 2754 2057 2794 a
2093 2743 2262 2811 patre
2297 2738 2578 2809 gignitur,
2620 2753 2743 2795 non
2782 2738 2912 2794 ideo
2949 2737 3210 2794 indivisa
3251 2752 3460 2796 eorum

1803 2841 2076 2896 personae
2094 2825 2437 2882 exsistentia
2453 2825 2736 2881 dividitur
2761 2825 2852 2881 vel
2877 2825 3028 2892 loco,
3052 2826 3147 2882 vel
3170 2830 3455 2898 tempore,

1806 2915 1896 2969 vel
1925 2915 2158 2978 virtute,
2191 2915 2294 2970 sed
2321 2914 2448 2970 sola
2474 2928 2748 2986 persona
2777 2913 2897 2969 Filii
2925 2913 3296 2983 significatur
3325 2929 3460 2987 pro-

1804 3003 2022 3074 prietas
2063 3019 2076 3070 ;
2119 3003 2202 3058 sic
2258 3002 2424 3075 quod
2481 3018 2618 3058 caro
2680 3002 2871 3058 factus
2911 3006 2997 3059 est
3047 3007 3104 3059 et
3141 3018 3173 3058 e
3224 3004 3456 3074 Virgine

1802 3097 1997 3156 natus,
2032 3107 2153 3147 non
2183 3092 2319 3148 ideo
2349 3108 2386 3148 a
2416 3094 2600 3157 Patre,
2633 3091 2728 3148 vel
2760 3091 2977 3164 Spiritu
3006 3090 3312 3158 dividitur,
3349 3092 3457 3148 sed

1802 3181 1928 3238 sola
1963 3181 2082 3236 Filii
2108 3181 2459 3239 coadunata
2486 3197 2759 3254 persona
2791 3181 3160 3251 signiﬁcatur
3191 3181 3457 3253 proprie-

1800 3273 1911 3326 tas.
1945 3273 2186 3326 Ferrum
2208 3270 2368 3327 enim
2396 3287 2533 3327 cum
2548 3271 2783 3328 cuditur
2807 3270 2940 3326 etin
2971 3269 3174 3343 aliqua
3203 3285 3454 3326 suarum

1799 3359 2155 3430 qualitatum
2185 3359 2514 3424 atfectatur,
2548 3360 2607 3416 in
2639 3359 2928 3430 gravitate
2966 3374 3089 3415 non
3121 3359 3453 3415 atiectatur.

80 3445 280 3519 ἰδίωμα
313 3443 372 3499 δὲ
394 3450 546 3516 μόνον
575 3453 669 3508 τῆς
697 3452 785 3498 τοῦ
816 3446 937 3497 Υἱοὺ
966 3446 1211 3496 συνθέτου
1244 3445 1579 3506 ὑποστάσεως
1609 3453 1942 3520 παραστήσει
1975 3467 1986 3479 ·
2020 3451 2045 3500 ό
2088 3446 2310 3522 σίδηρος
2338 3451 2440 3522 γὰρ
2471 3453 2782 3522 τυπτόμενος
2811 3455 2899 3502 xui
2929 3449 3155 3521 πάσχων
3187 3449 3319 3500 κατά
3342 3466 3456 3500 τινα

77 3546 173 3591 τῶν
204 3535 258 3588 ἐν
285 3534 433 3606 αὐτῷ
463 3538 770 3602 ποιοτήτων,
804 3533 862 3586 οὑ
892 3535 1095 3606 πάσχει
1121 3535 1256 3586 κατὰ
1280 3532 1574 3610 βαρύτητα.

1457 3636 1788 3725 ουίΕετιό
1821 3662 2086 3718 ccxx1x.

835 3782 1036 3853 Hujus
1066 3784 1404 3854 quaestionis
1433 3800 1578 3860 pars
1605 3786 1777 3854 prior
1795 3787 1928 3856 jam
1959 3791 2154 3844 exstat
2184 3801 2370 3857 supra
2400 3788 2510 3844 col.
2546 3788 2704 3844 1023.

140 3910 231 3986 β’.
273 3912 416 3971 Τινὲς
463 3906 522 3963 δὲ
573 3917 667 3962 τῶν
709 3908 947 3983 ἀρχαίων
1000 3903 1123 3959 οὑδὲ
1174 3909 1413 3959 σύνθετον
1458 3908 1688 3959 ὑπόστα-

68 4021 179 4070 σιν,
221 4003 399 4073 ὥσπερ
446 3996 569 4052 οὐδὲ
615 4000 855 4051 σύνθετον
895 4015 1069 4069 φυσιν,
1104 3995 1394 4068 εἰρήκασιν,
1437 3995 1562 4048 ἀλλά
1608 4015 1687 4049 σε·

67 4093 425 4166 σαρκωμένην
468 4091 558 4160 μεν
600 4095 692 4140 τοῦ
740 4091 913 4158 Λόγου
962 4087 1254 4138 ὑπόστασιν
1301 4090 1390 4137 xui
1432 4086 1684 4158 άσαρκον,

66 4182 334 4231 σύνθετον
388 4174 445 4230 δε
505 4177 697 4230 οὐκέτι.
756 4177 821 4229 Οἱ
875 4173 934 4228 δε
984 4180 1215 4248 νεώτεροι
1275 4179 1363 4227 καὶ
1423 4177 1682 4242 σύνθετον,

64 4267 250 4340 οἶμαι,
287 4265 403 4318 ἀντὶ
449 4273 540 4318 τοῦ
591 4267 984 4338 σεσαρκωμένου
1033 4268 1122 4316 καὶ
1166 4268 1324 4336 μόνου
1365 4271 1516 4315 τοῦτο
1559 4262 1686 4334 λαμ-

62 4357 342 4416 ϐάνοντες.
401 4353 555 4408 Ἀλλά
613 4359 741 4426 φασί
800 4372 951 4415 τινεςι
1017 4360 1131 4415 Πῶς
1185 4349 1273 4404 οὖν
1325 4356 1383 4404 τό
1443 4352 1684 4403 σύνθετον

62 4446 271 4498 ταύτόν
317 4450 388 4513 τῷ
439 4443 621 4514 ἁπλῷ;
655 4447 742 4495 καὶ
789 4445 888 4516 γὰρ
941 4444 1058 4494 οὔτε
1110 4445 1166 4494 τὸ
1225 4441 1597 4512 ἁπλοῦνοόπερ
1629 4442 1684 4492 τὸ

69 4535 350 4594 σύνθετον,
391 4534 506 4586 οὔτε
548 4534 603 4584 τὸ
655 4534 915 4596 σύνθετον,
950 4533 1072 4602 ὅπερ
1122 4533 1179 4584 τό
1225 4530 1416 4582 ἁπλοῦν
1443 4551 1454 4563 ·
1513 4531 1685 4582 άτοπα

72 4622 134 4678 δε
176 4631 368 4676 ταῦτα.
402 4621 583 4682 Οὑτως
623 4626 712 4674 καὶ
752 4620 798 4673 ἐν
829 4629 887 4694 τῇ
937 4621 1070 4693 ἁπλῇ
1112 4627 1202 4673 τοῦ
1235 4623 1408 4690 Λόγου
1453 4621 1682 4672 ὑποστά-

74 4734 154 4767 σει
203 4717 262 4766 τὸ
312 4715 631 4786 πρόσκαιρον
675 4716 762 4762 καὶ
809 4712 1079 4783 ἠργμένον,
1132 4711 1304 4782 ὥσπερ
1351 4708 1398 4760 ἐν
1446 4717 1507 4781 τῇ
1559 4729 1681 4762 συν-

73 4805 208 4873 θέτῳ
234 4823 246 4834 ο
290 4807 378 4853 καὶ
415 4800 545 4852 ἄλλα
589 4804 773 4874 μυρία.
807 4803 907 4852 Καὶ
947 4799 994 4851 ἒν
1038 4807 1100 4871 τῇ
1150 4801 1376 4870 συνθέτῳ
1422 4799 1575 4851 πάλιν
1624 4801 1682 4851 τό

64 4888 548 4965 μηδενηὴργμένον
586 4891 830 4961 ὁρᾶσθαι,
884 4893 974 4941 xui
1025 4888 1166 4952 τελος
1212 4885 1350 4960 μηδὲ
1418 4895 1683 4962 σεσαρκῶ-

68 4983 207 5034 σθαι
237 5001 249 5012 ·
283 4986 450 5031 ταῦτα
483 4980 580 5053 γὰρ
612 4979 642 5036 ἡ
678 4977 811 5037 ἁπλῆ
841 4996 852 5010 ·
887 4982 977 5030 καὶ
1021 4974 1116 5030 διὰ
1151 4984 1318 5030 ταῦτα
1358 4981 1446 5029 xui
1490 4981 1553 5029 τὰ
1579 4997 1683 5030 τοι·

62 5078 211 5122 αῦτα
253 5071 303 5121 oi
345 5067 557 5120 παλαιοὶ
595 5071 652 5119 τό
700 5069 940 5120 σύνθετον
981 5063 1324 5139 παρῃτοῦντο.
1367 5065 1431 5118 Ἣ
1471 5072 1561 5118 καὶ
1605 5071 1676 5138 μὴ

66 5161 326 5212 σύνθετον
355 5158 585 5230 λέγομεν,
619 5156 725 5210 ἀλλ’
772 5156 937 5215 ἁπλῆν
982 5155 1078 5222 ἀεὶ,
1113 5158 1341 5229 ἄσαρκόν
1374 5151 1431 5208 δὲ
1463 5161 1552 5206 καὶ
1600 5175 1678 5207 σεο

62 5252 422 5322 σαρκωμένην
459 5247 814 5320 λαμϐάνοντες,
849 5248 1010 5299 ταὺτά
1039 5246 1230 5317 ἕψεται·
1267 5245 1310 5297 εἰ
1342 5247 1443 5318 γάρ
1476 5243 1614 5296 ἐστιν
1645 5247 1673 5303 ἡ

61 5338 206 5396 αὑτὴ
243 5340 540 5399 ὑπόστασις
584 5341 673 5389 xui
719 5341 816 5409 μία
846 5338 874 5395 ἡ
910 5337 1141 5408 οῖσαρκος
1171 5343 1231 5407 τῇ
1285 5337 1674 5407 σεσαρκωμένῃ,

62 5431 102 5487 ᾖ
136 5431 200 5480 τὰ
241 5435 339 5490 τῆς
371 5425 627 5499 ἀσάρκου,
656 5435 752 5488 τῆς
793 5429 1204 5498 σεσαρκωμένης,
1245 5428 1334 5476 xui
1374 5426 1438 5475 τὰ
1471 5432 1564 5484 τῆς
1599 5441 1676 5475 σε·

62 5521 418 5593 σαρκωμένης
448 5523 538 5575 τῆς
581 5514 812 5588 ἀσάρκου
859 5516 1021 5579 ἔσται,
1057 5515 1108 5580 ἦ,
1143 5518 1183 5566 εί
1223 5517 1312 5565 καὶ
1342 5515 1371 5571 ἡ
1407 5511 1535 5569 αὑτὴ
1586 5517 1675 5564 xui

61 5613 167 5684 μία
197 5607 344 5666 ἐστὶν
371 5606 664 5668 ὑπόστασις
689 5605 718 5666 ᾖ
763 5623 815 5657 τε
845 5605 1074 5681 ἄσαρκος
1102 5608 1190 5657 καὶ
1217 5605 1244 5662 ἡ
1283 5605 1672 5678 σεσαρκωμένη,

1720 4482 1766 4536 Ι)

1867 3915 1919 3964 2.
1966 3912 2395 3966 Suntveterum
2422 3910 2673 3982 quidam
2703 3910 2806 3980 qui
2835 3925 3028 3981 neque
3056 3909 3452 3980 compositam

1797 3997 2196 4069 hypostasim,
2219 4012 2412 4067 neque
2437 3997 2835 4068 compositam
2857 4001 3138 4052 naturam
3169 4012 3322 4062 esse,
3347 3997 3453 4052 sed

1795 4085 2171 4142 incarnatam
2203 4084 2373 4139 Verbi
2405 4084 2783 4156 hypostasim
2817 4089 2872 4140 et
2899 4099 3022 4139 non
3054 4085 3451 4148 incarnatam,

1796 4189 1919 4231 non
1949 4190 2091 4231 vero
2132 4173 2529 4246 compositam
2570 4189 2698 4229 esse
2735 4173 3030 4229 dixerunt.
3075 4172 3450 4228 Recentiores

1798 4270 2000 4320 autem
2047 4265 2469 4335 compositum,
2534 4267 2597 4318 ut
2654 4261 2905 4328 videtur,
2972 4277 3082 4334 pro
3139 4261 3450 4318 incarnato

1797 4353 2180 4410 solummodo
2241 4352 2602 4409 habuerunt.
2681 4355 2751 4407 At
2815 4352 3020 4410 dicunt
3088 4351 3358 4408 nonnulli
3429 4368 3442 4406 :

1797 4444 2070 4509 Quonam
2101 4442 2282 4498 modo
2312 4442 2715 4514 compositum
2743 4457 2932 4497 unum
2951 4447 3006 4498 et
3031 4441 3191 4497 idem
3219 4456 3288 4497 ac
3310 4440 3450 4496 sim-

1797 4530 1931 4604 plex
1961 4530 1989 4585 i‘
2000 4534 2268 4603 Namque
2282 4545 2476 4602 neque
2500 4528 2756 4600 simplex
2770 4530 3105 4602 composito
3119 4528 3446 4593 consimile,

1795 4636 1991 4693 neque
2053 4621 2455 4691 compositum
2517 4618 2773 4690 simplici
2842 4636 2854 4674 :
2919 4635 3052 4691 qua
3115 4618 3293 4690 plane
3347 4617 3450 4674 ab-

1796 4710 1998 4766 surda.
2015 4709 2292 4766 Similiter
2319 4709 2377 4763 in
2402 4707 2655 4780 simplici
2686 4707 2856 4764 Verbi
2881 4707 3194 4780 hypostasi
3222 4706 3451 4764 exsistit

1795 4799 2147 4870 contingens
2177 4802 2233 4855 et
2257 4803 2544 4862 creatum,
2588 4803 2651 4854 ut
2691 4798 2752 4852 in
2783 4797 3115 4870 composito
3148 4811 3162 4863 ;
3205 4812 3278 4852 ex
3315 4811 3450 4852 sex-

1793 4893 1966 4944 centa
1993 4888 2129 4945 alia.
2165 4890 2228 4944 Et
2257 4887 2316 4942 in
2347 4888 2705 4960 composito,
2738 4901 2932 4958 neque
2963 4886 3149 4942 ullum
3181 4891 3447 4943 creatum

1792 4977 2109 5042 invenitur,
2140 4991 2334 5048 neque
2363 4975 2742 5032 incarnatum
2774 4975 3046 5030 videtur:
3077 4978 3215 5030 sunt
3245 4978 3445 5031 autem

1790 5065 2004 5122 hacin
2045 5065 2300 5137 simplici
2344 5087 2356 5131 ;
2391 5065 2531 5122 talia
2571 5069 2711 5120 sunt
2750 5063 3091 5134 similiaque
3132 5062 3320 5120 multa
3357 5078 3446 5120 ar-

1792 5159 2078 5223 gumenta
2102 5154 2322 5227 quibus
2353 5159 2578 5210 veteres
2608 5152 3006 5225 compositum
3032 5151 3442 5224 repudiarunt.

1790 5244 1962 5300 Visne
2002 5259 2123 5300 non
2163 5244 2564 5315 compositam
2605 5242 2900 5307 dicamus,
2957 5240 3063 5297 sed
3110 5241 3442 5315 simplicem

1790 5349 2044 5406 semper,
2077 5333 2454 5388 incarnatam
2487 5339 2541 5387 et
2561 5347 2682 5387 non
2723 5331 3094 5387 incarnatam
3123 5332 3444 5404 ponentes?

1791 5428 2115 5495 sequentur
2136 5422 2350 5478 eadem
2380 5439 2393 5476 :
2426 5436 2686 5494 namque
2719 5419 2768 5476 si
2799 5435 2921 5477 non
2946 5421 3254 5477 incarnata
3275 5424 3332 5475 et
3356 5420 3440 5474 in-

1787 5516 2035 5568 carnata
2068 5509 2414 5583 hypostasis
2455 5515 2593 5568 sunt
2630 5527 2818 5568 unum
2858 5515 2914 5567 et
2951 5511 3132 5573 idem,
3174 5511 3279 5562 aut
3316 5520 3437 5560 non

1785 5601 2110 5660 incarnata
2125 5601 2366 5676 propria
2384 5601 2619 5659 inerunt
2646 5601 2992 5666 incarnata,
3025 5604 3081 5654 et
3110 5596 3434 5652 incarnata
