4060 6218
594 319 729 376 1287

1965 319 2387 378 SUPPLEMEN
2392 320 2538 378 TUM
2552 364 2564 377 .
3810 329 3902 387 1288

576 445 836 520 propria
865 461 987 504 non
1014 446 1325 502 incarnata
1367 461 1380 513 ;
1423 450 1546 514 aut,
1591 446 1640 502 si
1678 447 2013 503 substantia
2050 447 2231 503 incar-

2351 447 2445 499 ούκ
2476 446 2673 521 ἀνάγκη
2705 447 2921 502 ἔπεσθαι
2949 449 3015 501 τὰ
3045 448 3305 523 εἰρημένα.
3345 448 3422 500 Ού
3455 450 3557 524 γὰρ
3594 449 3771 512 ἐπειδὴ
3798 456 3820 506 6
3843 462 3906 508 lli-

590 543 732 594 nata
758 542 812 594 et
836 552 956 592 non
986 536 1297 592 incarnata
1324 552 1511 591 unum
1546 542 1685 593 sunt
1710 542 1766 593 et
1785 537 1967 603 idem,
1993 538 2238 592 minime

592 626 965 700 propositum
999 626 1168 697 sequi
1199 640 1439 680 necesse
1478 630 1583 683 est.
1620 626 1931 682 Enimvero
1971 627 2113 699 quia
2140 627 2238 682 Pe-

590 722 714 773 trus
752 714 1070 770 cruciﬁxus
1110 717 1165 769 et
1204 729 1323 769 non
1365 715 1679 771 cruciﬁxus
1717 716 1928 771 eadem
1968 722 2054 771 est
2101 716 2236 771 sub-

590 804 803 860 stantia
830 808 886 858 et
918 819 1056 867 una,
1086 817 1205 857 non
1248 802 1387 858 inde
1427 804 1691 876 sequitur
1725 820 1845 860 non
1885 804 2235 860 cruciﬁxum

588 890 871 947 crucitixo
911 889 1167 945 similem
1207 906 1359 955 esse,
1413 891 1507 947 vel
1552 908 1675 948 non
1724 893 2004 949 cruciﬁxo
2052 893 2235 948 cruci-

585 980 795 1036 ﬁxum.
825 986 955 1046 Aut,
992 980 1041 1035 si
1067 980 1169 1035 tibi
1210 981 1421 1052 placet,
1463 982 1606 1054 quia
1642 982 1744 1055 qui
1784 982 2021 1053 negavit
2047 987 2103 1038 et
2131 982 2235 1054 qui

587 1085 697 1125 suo
727 1069 1019 1138 sanguine
1049 1072 1295 1125 testatus
1334 1076 1391 1126 et
1428 1070 1742 1127 confessus
1781 1076 1887 1135 est,
1924 1075 2062 1126 sunt
2096 1070 2235 1125 sub-

585 1157 802 1214 stantia
832 1173 953 1214 una
984 1162 1039 1213 et
1077 1158 1313 1225 eadem,
1346 1174 1491 1215 num
1524 1160 1658 1215 ideo
1689 1160 1849 1215 dices
1883 1160 2147 1215 confiteri
2178 1164 2234 1215 et

584 1261 805 1316 negare
844 1246 1058 1302 similia
1096 1263 1247 1313 esse,
1290 1253 1393 1304 aut
1429 1264 1564 1319 £11183
1603 1249 1662 1303 in
1703 1253 1951 1305 testante
1988 1248 2234 1304 homine

583 1335 979 1392 observantur
994 1336 1514 1410 inveniunturque,
1530 1337 1659 1393 haec
1681 1337 1964 1393 eademin
1980 1342 2232 1407 negante

583 1424 885 1481 observari
917 1430 973 1481 et
1001 1426 1249 1481 inveniri
1274 1426 1303 1479 ί)
1334 1442 1528 1497 neque
1554 1427 1714 1481 cnim
1740 1427 1895 1482 idem
1924 1432 2009 1481 est
2038 1426 2232 1481 dicere

580 1512 956 1586 hypostasim
992 1530 1175 1570 unam
1215 1519 1271 1571 et
1300 1516 1578 1571 eamdem
1606 1521 1842 1581 esse,,et
1870 1531 2005 1588 quae
2035 1516 2095 1570 in
2127 1516 2232 1586 hy-

557 1587 1057 1673 'postasidiversa
1071 1603 1362 1671 videntur,
1380 1620 1568 1659 unum
1582 1604 1811 1660 etidem
1828 1619 1957 1659 esse
1984 1622 1999 1673 ;
2030 1604 2233 1677 qualia

580 1692 827 1765 qiudem
854 1698 1133 1749 sexcenta
1160 1698 1296 1749 sunt
1319 1698 1691 1763 argumenta.
1721 1693 1811 1749 Sic
1837 1693 2040 1748 Petrus
2062 1693 2229 1748 indu-

580 1786 694 1847 tus,
722 1782 958 1846 siesset,
984 1786 1039 1838 et
1068 1782 1288 1847 nudus,
1315 1784 1582 1838 Socrates
1609 1782 2000 1854 phiIOSOphus
2031 1787 2087 1837 et
2108 1798 2227 1837 non

2349 557 2470 612 τρος
2516 542 2603 589 καὶ
2648 536 3035 611 ἐσταυρωμένος
3085 543 3175 589 καὶ
3228 536 3586 613 ἀσταύρωτος,
3631 544 3660 599 ἡ
3704 542 3819 601 αὑτὴ
3846 566 3903 595 και

2347 631 2445 698 μία
2475 626 2614 679 ἐστὶν
2641 629 2948 693 ὑπόστασις,
2975 628 3003 686 ἦ
3038 629 3062 679 6
3095 626 3433 701 ἀσταύρωτος
3458 638 3529 700 τῷ
3559 629 3903 705 ἐσταυρωμένῳ,

2349 716 2433 774 ἢὸ
2479 716 2867 790 ἐσταυρωμένος
2913 724 2984 787 τῷ
3033 714 3353 791 ἆσταυρώτῳ
3540 717 3633 787 Ἠ,
3667 719 3709 771 εἰ
3747 719 3901 792 βούλει,

2348 801 2525 863 ἐπειδὴ
2572 807 2597 857 6
2638 804 2990 880 ἀρνησάμενος
3037 811 3126 857 καὶ
3171 808 3196 857 6
3244 802 3317 858 δι’
3358 808 3581 879 αἰματος
3624 808 3903 881 ὁμολογήσας

2345 900 2435 947 καὶ
2478 899 2822 970 μαρτυρήσας
2858 897 2886 952 ἡ
2941 894 3070 953 αὑτὴ
3114 893 3257 969 [καὶ]
3304 901 3404 968 μία
3449 895 3590 949 ἐστὶν
3639 899 3900 965 ὑπόστασις,

2348 979 2438 1034 διὰ
2495 991 2647 1036 τοῦτο
2691 984 2879 1036 ταύτόν
2937 988 3119 1056 φήσεις
3162 989 3251 1036 καὶ
3308 988 3367 1037 τὸ
3412 993 3695 1060 μαρτυρεῖν
3739 996 3799 1059 τῷ
3840 988 3903 1062 ἀρ-

2344 1075 2566 1143 νεῖσθαι,
2600 1075 2629 1133 ἣ
2668 1075 2735 1125 τὰ
2781 1072 2830 1125 ἐν
2877 1081 2949 1144 τῷ
2996 1080 3347 1149 μαρτυροῦντι
3387 1076 3643 1148 ὁραθέντα
3688 1082 3769 1129 καὶ
3806 1079 3905 1152 εὑρεο

2348 1163 2496 1214 θέντα
2551 1163 2776 1236 ὁρᾶσθαι
2840 1166 2926 1213 καὶ
2993 1164 3329 1236 εὑρίσκεσθαι
3387 1162 3435 1215 ἐν
3492 1173 3570 1235 τῷ
3642 1163 3900 1237 ἀρνουμένῳ.

2346 1250 2419 1302 Οὐ
2462 1252 2559 1325 γάρ
2607 1252 2721 1302 ἐστι
2764 1250 2950 1303 ταύτόν
2998 1255 3056 1303 τὸ
3111 1251 3271 1322 λέγειν
3323 1256 3417 1309 τὴν
3477 1254 3767 1306 ὑπόστασιν
3811 1262 3901 1327 μίαν

2342 1344 2430 1391 καὶ
2472 1344 2563 1397 τὴν
2611 1339 2774 1397 αὑτήν
2821 1340 2971 1405 εἶναι,
3003 1345 3092 1392 καὶ
3143 1344 3200 1392 τὸ
3241 1343 3308 1392 τὰ
3348 1346 3466 1415 περὶ
3511 1346 3611 1401 τὴν
3660 1344 3902 1396 ὑπόστασιν

2341 1430 2574 1500 ὁρώμενα
2616 1424 2878 1501 διαφόρως
2919 1431 2967 1481 ἐν
2997 1434 3086 1481 καὶ
3129 1435 3298 1481 ταῦτα
3336 1426 3464 1482 εἶναι
3492 1452 3504 1464 ·
3542 1436 3707 1504 μυρία
3736 1428 3788 1485 δέ
3821 1433 3903 1486 ἔστι

2340 1513 2765 1588 παραδείγματα.
2813 1516 2871 1568 Ὀ
2911 1513 3251 1589 ἐνδεδυμένος
3297 1524 3504 1590 Πέτρος,
3554 1520 3599 1572 εἰ
3642 1524 3804 1592 τύχοι,
3838 1530 3901 1573 καὶ

2340 1606 2365 1655 6
2403 1609 2617 1677 γυμνὸς,
2650 1608 2675 1657 6
2707 1610 2983 1678 φιλόσοφος
3022 1608 3297 1680 Σωκράτης
3326 1612 3413 1659 καὶ
3463 1610 3487 1659 6
3539 1613 3614 1680 μὴ
3650 1609 3898 1681 φιλόσοφος,

2338 1694 2364 1745 6
2396 1698 2637 1767 πρότερον
2688 1691 2920 1756 διώκτης
2965 1695 3186 1759 Παῦλος,
3220 1700 3309 1747 καὶ
3360 1697 3384 1747 6
3433 1697 3623 1771 κῆρυξ,
3675 1703 3757 1751 καὶ
3803 1699 3901 1749 ἄλλα

2337 1784 2543 1857 ἄπειρα,
2587 1785 2653 1835 ὧν
2697 1789 2794 1856 μία
2836 1789 2925 1857 μέν
2974 1782 3112 1837 ἐστιν
3166 1787 3191 1843 ἡ
3239 1786 3529 1846 ὑπόστασις
3565 1792 3654 1839 καὶ
3700 1789 3729 1845 ἡ
3776 1787 3901 1851 αὑτὴ,

578 1870 996 1943 philosophus,
1057 1870 1271 1926 Paulus
1329 1876 1504 1927 antea
1558 1877 1921 1942 persecutor,
1978 1875 2230 1943 posthac

2343 1874 2401 1924 τὰ
2432 1868 2490 1924 δὲ
2527 1878 2646 1945 περὶ
2669 1878 2764 1931 τὴν
2795 1874 3083 1925 ὑπόστασιν
3113 1872 3241 1944 οὑχὶ
3273 1873 3459 1928 ταῦτά.

576 1960 954 2032 ρτωᾱὶοειῑοτ,
1000 1965 1057 2017 et
1095 1960 1407 2033 complura
1445 1960 1561 2017 alia
1598 1977 1859 2033 quorum
1902 1976 2023 2017 una
2060 1965 2148 2017 est
2186 1965 2242 2017 et
2279 1960 2491 2017 eadem
2530 1961 2901 2035 hypostasis,
2939 1977 3202 2035 quorum
3242 1977 3384 2019 vero
3436 1963 3514 2020 ad
3561 1964 3903 2037 hypostasim

578 2050 1002 2121 contingentia,
1035 2050 1367 2109 dissimilia.

668 2140 986 2206 QU/ESTIO
1029 2141 1266 2197 ccxxx.
1313 2140 1519 2213 [Coisl.
1566 2141 1740 2197 Taur.
1789 2138 2131 2213 LXXXVIII.]

1203 2232 1288 2287 De
1326 2229 1658 2286 divinitate.

665 2327 709 2377 l.
752 2321 959 2379 Utrum
991 2319 1272 2377 divinitas
1311 2324 1366 2376 et
1403 2322 1555 2376 Deus
1587 2334 1775 2375 unum
1811 2334 1888 2375 an
1920 2318 2229 2375 differens?

581 2418 644 2472 Et
674 2415 723 2471 si
754 2412 1059 2475 differens,
1102 2408 1249 2481 quid
1283 2412 1370 2464 est
1400 2408 1534 2474 hoc,
1571 2414 1627 2464 et
1660 2408 1807 2480 quid
1838 2413 2002 2463 extra
2043 2411 2227 2465 Deum

576 2503 855 2561 divinitas
880 2502 909 2553 ‘2
932 2501 988 2557 Si
1011 2514 1222 2562 unum,
1250 2497 1663 2570 hypostasium
1691 2512 1947 2570 quicque
1969 2500 2118 2552 Deus
2140 2504 2226 2555 est

577 2591 938 2649 etdivinitas.
957 2592 1165 2643 Errant
1186 2587 1445 2642 maxime
1463 2586 1563 2657 qui
1579 2586 1854 2642 vocabuli
1867 2586 2125 2642 formam
2138 2603 2225 2643 ar-

577 2682 767 2751 guunt
796 2678 940 2750 quia
967 2676 1243 2732 divinitas
1274 2674 1561 2730 feminina
1589 2680 1675 2729 est
1706 2690 1842 2739 vox,
1872 2690 1993 2730 non
2026 2680 2225 2731 autem

574 2770 931 2842 hypostases
971 2784 985 2825 :
1022 2766 1110 2842 ita
1149 2764 1307 2819 enim
1345 2779 1467 2819 non
1502 2763 1731 2834 justum
1772 2770 1894 2819 erat
1945 2764 2225 2835 Spiritum

578 2770 931 2842 hypostases
971 2784 985 2825 :
1005 2770 1110 2927 (ᾖε.
1149 2770 1307 2819 enim
1345 2779 1467 2819 non
1502 2770 1731 2834 justum
1772 2770 1894 2819 erat
1945 2770 2225 2835 Spiritum

578 2862 763 2915 Deum
803 2856 917 2912 dici
950 2872 963 2911 :
1092 2854 1230 2926 ippe
1269 2852 1519 2908 alterum
1552 2852 1744 2907 neutri
1780 2853 2051 2922 generis;
2084 2853 2227 2909 alte-

574 2964 710 3005 rum
748 2943 1065 3002 masculini
1110 2960 1122 3009 ;
1164 2957 1358 3013 neque
1396 2941 1653 3007 Patrem,
1690 2942 1910 2998 Filium
1951 2946 2005 2998 et
2043 2942 2228 3012 Spiri-

577 3046 699 3094 tum
732 3052 915 3091 unam
946 3031 1319 3105 hypostasim
1348 3050 1360 3089 :
1398 3030 1623 3103 quippe
1652 3047 1911 3103 quorum
1930 3031 2228 3087 absimilia

574 3130 713 3183 sunt
741 3123 1173 3181 vocabulorum
1213 3136 1434 3190 genera
1466 3138 1483 3191 ;
1522 3136 1717 3192 neque
1756 3121 2063 3176 hominem
2106 3120 2229 3176 ani-

574 3215 693 3272 mal
720 3214 922 3271 velens
951 3210 1239 3283 appellari
1271 3226 1284 3275 ;
1324 3214 1380 3265 et
1405 3209 1487 3264 sic
1514 3208 1629 3265 alia
1647 3208 1856 3265 multa.
1890 3213 2019 3266 Non
2050 3210 2230 3281 igitur

556 3320 862 3377 generum
902 3301 1201 3358 distinctio
1240 3315 1426 3355 causa
1464 3303 1552 3354 est
1589 3314 1694 3354 cur
1733 3301 1961 3355 Patrem
2002 3304 2105 3355 aut
2144 3300 2231 3354 Fi-

572 3395 720 3451 lium
762 3397 863 3449 aut
905 3390 1188 3463 Spiritum
1230 3388 1604 3445 divinitatem
1656 3389 1955 3445 nominari
2002 3388 2231 3444 dubite-

571 3500 735 3539 mus.
769 3462 1198 3537 Recteidixeris
1231 3478 1359 3533 haec
1391 3477 1548 3533 idem
1592 3493 1824 3543 sonare,
1867 3478 2016 3533 sicut
2044 3478 2230 3534 homo
2261 3462 2299 3517 (ἶ

572 3577 627 3627 et
656 3569 1019 3636 humanitas,
1056 3571 1157 3622 aut
1184 3567 1335 3622 sicut
1364 3582 1791 3637 nuncupamus
1812 3569 2109 3623 Socratem
2128 3568 2233 3623 ho-

573 3659 799 3715 minem
812 3672 931 3711 non
946 3660 1144 3711 autem
1159 3654 1592 3709 humanitatem
1612 3670 1625 3719 ;
1642 3654 1821 3725 idque
1835 3654 2011 3710 etiam
2024 3656 2099 3710 de
2114 3658 2230 3711 Deo

572 3751 630 3803 et
653 3744 958 3800 divinitate
970 3746 1131 3816 patet
1156 3742 1185 3793 ‘?
1216 3744 1420 3796 Nonne
1448 3746 1533 3796 est
1558 3742 1667 3796 hoc
1684 3741 2091 3798 difﬁcultatem
2108 3760 2230 3799 non

572 3834 878 3896 solventis,
911 3831 1015 3888 sed
1044 3830 1241 3903 potius
1271 3829 1545 3900 augentis
1573 3830 1603 3883 ‘?
1632 3833 1779 3885 Nam
1812 3831 1857 3885 si
1898 3837 2231 3888 consonant

570 3925 756 3983 homo
782 3928 836 3978 et
853 3920 1221 3985 humanitas,
1242 3935 1345 3975 cur
1361 3934 1502 3985 non,
1535 3935 1671 3975 cum
1692 3920 1874 3976 homo
1892 3919 2226 3986 adhibetur,

572 4012 918 4071 humanitas
967 4025 1209 4083 quoque
1259 4008 1616 4065 adhibeatur
1640 4009 1669 4062 ‘?
1706 4008 1947 4065 Videtur
1984 4010 2229 4081 quidem

574 4100 880 4158 nonnullis
914 4098 1057 4155 nihil
1100 4097 1409 4170 impedire,
1458 4103 1512 4153 et
1556 4098 1716 4153 idem
1774 4114 1900 4153 esse
1942 4099 2127 4154 homo
2175 4104 2228 4155 et

573 4189 937 4254 humanitas,
970 4190 1122 4243 Deus
1153 4192 1207 4242 et
1238 4186 1531 4250 divinitas,
1575 4190 1631 4242 et
1668 4186 1906 4242 alterius
1947 4187 2069 4243 vice
2093 4188 2229 4244 alte-

573 4295 708 4336 rum
742 4277 1012 4333 adhiberi
1045 4293 1057 4331 :
1085 4276 1308 4348 quippe
1338 4276 1521 4330 homo
1556 4279 1611 4331 et
1639 4275 1899 4331 hominis
1929 4281 2231 4343 natura,et

574 4366 837 4424 hominis
864 4364 1092 4437 species
1125 4364 1283 4419 idem
1316 4369 1406 4419 est
1439 4380 1452 4429 ;
1482 4363 1584 4418 sed
1612 4368 1811 4419 tamen
1838 4363 2021 4419 homo
2052 4364 2111 4419 in
2134 4368 2232 4422 So-

578 4460 737 4513 crate
768 4454 981 4510 dicitur
1012 4453 1176 4523 (nam
1221 4454 1405 4508 homo
1437 4456 1522 4508 est
1554 4453 1731 4508 etiam
1766 4454 2074 4523 Socrates),
2108 4470 2230 4509 non

579 4548 782 4602 autem
812 4546 1027 4598 natura
1058 4542 1149 4596 vel
1191 4541 1424 4613 species
1468 4558 1480 4595 :
1524 4556 1717 4612 neque
1758 4542 1919 4596 enim
1970 4540 2231 4597 hominis

576 4639 857 4692 naturam
888 4632 1009 4687 sive
1044 4631 1305 4704 speciem
1339 4629 1597 4685 dicimus
1626 4630 1951 4686 Socratem.
1976 4631 2090 4686 Sed
2112 4648 2232 4687 non

580 4722 878 4798 praedictis
922 4720 1115 4777 simile
1159 4726 1263 4786 est,
1306 4736 1567 4793 namque
1606 4726 1843 4789 natura,
1892 4726 1943 4776 el
1985 4721 2231 4793 species,

2890 2146 3204 2194 ΕΡΩἸἫΣΙΣ
3245 2141 3363 2196 ΣΛ’.

2924 2235 3051 2303 Περὶ
3086 2232 3341 2292 θεότητος.

2403 2318 2466 2373 α’.
2511 2324 2748 2385 Πότερον,
2798 2321 2826 2378 ἡ
2883 2321 3060 2380 θεότης
3110 2324 3199 2372 καὶ
3248 2323 3304 2372 τό
3351 2323 3475 2382 Θεὸς
3531 2320 3710 2373 ταύτόν
3761 2320 3902 2383 ἐστιν,

2331 2409 2360 2467 ἦ
2414 2409 2617 2483 ἓτερον;
2648 2408 2692 2461 εἰ
2739 2412 2828 2481 μὲν
2875 2411 2977 2482 γὰρ
3024 2410 3213 2483 ἓτερον,
3246 2414 3297 2461 τί
3350 2418 3519 2476 τοῦτο,
3551 2414 3639 2462 καὶ
3686 2414 3737 2462 τί
3781 2413 3904 2483 παρὰ

2331 2500 2416 2549 τὸν
2470 2502 2597 2551 Θεὸν
2647 2500 2675 2556 ἡ
2736 2500 2946 2569 θεότης;
2999 2497 3042 2550 εἰ
3091 2494 3148 2550 δὲ
3190 2498 3400 2562 ταύτόν,
3455 2501 3565 2551 ἔστι
3626 2496 3681 2550 δε
3730 2498 3897 2554 ἑκάστη

2335 2595 2430 2637 τῶν
2483 2587 2822 2638 ὑποστάσεων
2882 2595 2980 2638 τῶν
3038 2594 3191 2659 τριῶν
3251 2590 3393 2651 Θεὸς,
3446 2592 3532 2639 καὶ
3580 2590 3744 2648 θεότης
3789 2588 3897 2659 ἄρα.

2335 2678 2400 2727 0i
2443 2679 2531 2747 μὲν
2577 2675 2664 2727 οὑν
2713 2679 2771 2727 τό
2820 2683 3008 2748 σχῆμα
3059 2684 3149 2735 τῆς
3197 2674 3384 2738 λέξεως
3431 2676 3720 2745 αἰτιώμενοι,
3748 2678 3820 2726 ὅτι
3868 2676 3893 2731 η

2334 2768 2423 2837 μὲν
2480 2766 2653 2826 θεότης
2708 2764 2942 2826 θηλυκῶς
3009 2769 3337 2839 προγέρεται,
3395 2765 3501 2837 οὐχ
3551 2764 3696 2825 οὑτως
3744 2760 3799 2816 ὃὶ
3852 2766 3899 2814 αἱ

2335 2854 2669 2920 ὑποστάσεις,
2720 2853 3034 2906 πλανῶνται·
3088 2849 3195 2905 ἔδει
3249 2855 3350 2928 γὰρ
3413 2850 3554 2925 μηδὲ
3616 2856 3668 2905 τό
3722 2859 3907 2923 Πνεῦμα

2334 2940 2577 3013 λέγεσθαι
2622 2946 2782 2995 Θεόν’
2818 2945 2875 2994 τὸ
2906 2945 2994 3015 μὲν
3042 2944 3142 3015 γὰρ
3191 2937 3484 3014 οὐδέτερον,
3522 2946 3575 2995 τὸ
3623 2940 3678 2995 δὲ
3717 2947 3906 3013 σχημα-

2336 3050 2422 3091 τος
2477 3031 2786 3104 ἀρσενικοῦ·
2838 3034 2914 3083 ἔτι
2962 3027 3085 3083 οὑδὲ
3142 3034 3227 3082 τὸν
3280 3036 3487 3103 Πατέρα
3535 3036 3620 3083 καὶ
3674 3035 3754 3082 τὸν
3808 3032 3911 3081 Υἱόν

2337 3125 2426 3173 καὶ
2478 3124 2535 3172 τὸ
2592 3127 2800 3192 Πνεῦμα
2859 3124 2981 3193 μίαν
3037 3120 3252 3172 ούσίαν³
3311 3119 3641 3192 ἀνομοιογενῆ
3707 3122 3798 3193 γὰρ
3860 3122 3914 3171 τὰ

2340 3208 2586 3281 ὀνμόατα’
2646 3205 2770 3262 οὐδὲ
2830 3212 2915 3261 τὸν
2974 3211 3262 3283 ἄνθρωπον,
3317 3212 3467 3275 ζῶον,
3514 3212 3543 3269 ἦ
3599 3210 3793 3272 οὑσίαν,
3842 3213 3916 3260 καὶ

2339 3298 2469 3351 ἄλλα
2518 3300 2726 3373 ἄπειρα.
2785 3299 2896 3351 Ούκ
2944 3300 3045 3372 ἄρα
3096 3302 3153 3350 τὸ
3214 3298 3584 3370 ἁνομοιογενὲς,
3639 3302 3792 3350 αἴτιον
3838 3302 3914 3349 τοῦ

2340 3393 2409 3460 μὴ
2456 3387 2697 3459 λέγεσθαι
2745 3391 2831 3440 τὸν
2873 3388 3160 3463 Πατέρα,ἧ
3211 3407 3294 3439 τον
3340 3388 3481 3453 Υἴὸν,
3526 3388 3556 3445 ἣ
3597 3392 3680 3440 τὸν
3732 3394 3917 3457 Πνεῦμα

2343 3480 2581 3543 θεότητα,
2641 3479 2813 3552 ὥσπερ
2864 3481 3011 3530 Θεόν.
3069 3476 3137 3529 ’Ἠ
3197 3479 3335 3528 ἔστιν
3393 3476 3568 3542 εἰπεῖν,
3622 3479 3694 3529 ὅτι
3746 3476 3912 3527 ταύτόν

2341 3569 2453 3618 ἑστι
2498 3574 2679 3629 ταῦτα,
2721 3568 2893 3638 ὥσπερ
2943 3568 2999 3618 τὸ
3050 3566 3315 3639 ἄνθρωπος
3356 3571 3443 3617 καὶ
3480 3569 3536 3617 τὸ
3581 3564 3914 3638 ἀνθρωποπς,

2340 3654 2446 3707 ἀλλ’
2505 3658 2675 3727 ὥσπερ
2733 3655 2941 3727 λέγομεν
3000 3657 3086 3706 τὸν
3158 3656 3425 3729 Σωκράτην
3497 3654 3754 3724 ἄνθρωπον
3809 3655 3912 3723 μὲν,

2340 3744 2432 3796 οὑκ
2483 3742 2852 3817 ἁνθρωπότητα
2901 3740 2980 3809 δὲ,
3027 3743 3191 3804 οὑτως
3248 3748 3338 3796 καὶ
3384 3745 3466 3795 ἰπὶ
3515 3749 3606 3795 τοῦ
3657 3744 3783 3803 Θεὸς
3838 3745 3916 3791 καὶ

2343 3834 2540 3894 θεότης.
2581 3832 2649 3884 Ἠ
2699 3839 2849 3885 τοῦτο
2893 3832 2952 3884 οὑ
3003 3831 3227 3899 λύοντός,
3261 3831 3370 3883 ἀλλ’
3404 3831 3645 3894 αὑξοντός
3690 3829 3796 3882 ἐστι
3839 3834 3916 3886 τὴν

2342 3921 2560 3994 ἀπορίαν
2587 3938 2600 3988 ;
2631 3921 2673 3974 εἰ
2710 3923 2810 3993 γὰρ
2856 3920 3042 3974 ταύτόν
3073 3923 3098 3973 6
3146 3922 3419 3987 ἄνθρωπος
3467 3926 3556 3972 καὶ
3582 3922 3914 3994 ἀνθρωπὸτης.

2339 4019 2447 4070 πῶς
2499 4014 2593 4083 μὴ,
2652 4008 2724 4081 ἐφ’
2773 4009 2839 4060 ὧν
2890 4012 2949 4060 τὸ
3008 4010 3275 4082 ἅνθρωπος
3327 4009 3553 4080 λέγεται,
3618 4008 3692 4060 ἐπ’
3742 4006 3919 4060 ἐκείνων

2337 4099 2519 4173 ῥηθείη
2571 4103 2660 4150 καὶ
2711 4100 2740 4156 ἡ
2792 4097 3157 4171 ἀνθρωπότης;
3194 4102 3357 4151 Φασὶν
3406 4094 3495 4149 οὑν
3553 4116 3689 4163 τινες,
3731 4098 3808 4149 ὃτι
3852 4095 3923 4148 οὖς

2342 4183 2427 4240 δὲν
2470 4187 2654 4239 κωλύει
2705 4192 2793 4239 καὶ
2833 4187 3015 4239 ταὺτόν
3045 4184 3175 4239 εἶναι
3203 4190 3260 4239 τό
3315 4188 3589 4260 ἄνθρωπος
3631 4192 3719 4239 καὶ
3753 4185 3923 4259 ἀνθρω-

2338 4282 2519 4340 πότης,
2563 4281 2651 4327 καὶ
2700 4280 2755 4328 τὸ
2812 4279 2939 4338 Θεὸς
2991 4281 3078 4327 καὶ
3133 4278 3333 4341 θεότης,
3379 4281 3469 4327 καὶ
3522 4281 3619 4345 μὴ,
3663 4275 3739 4348 ἐφ’
3780 4276 3837 4327 οὗ
3881 4277 3923 4325 τὸ

2340 4366 2523 4440 ἕτερον,
2582 4370 2669 4418 καὶ
2726 4369 2783 4417 τὸ
2832 4367 2998 4439 ἕτερον
3053 4365 3293 4437 λέγεσθαι
3326 4385 3338 4397 ο
3383 4365 3575 4417 αὐτίκα
3628 4368 3732 4435 γὰρ
3785 4366 3810 4416 6
3861 4366 3926 4415 ὧι-

2344 4457 2564 4527 θρωπος,
2599 4459 2687 4506 καὶ
2747 4456 2773 4512 ἡ
2826 4462 2915 4507 τοῦ
2966 4454 3237 4529 ἀνθρώποῦ
3288 4457 3463 4526 φύσις,
3508 4458 3596 4507 καὶ
3640 4458 3699 4506 τὸ
3739 4461 3830 4506 τοῦ
3860 4451 3927 4502 ἐτι-

2345 4546 2550 4617 θρωπου
2614 4540 2754 4606 εἶδος
2822 4543 3006 4596 ταύτόν
3078 4544 3241 4608 ἐστιν,
3303 4542 3408 4595 ἀλλ’
3468 4544 3602 4613 ὅμως
3678 4546 3926 4618 ἄνθρωπος

2344 4636 2476 4684 κατὰ
2539 4640 2631 4684 τοῦ
2684 4635 2988 4706 Σωκράτους
3052 4639 3419 4705 κατηγορεῖται
3495 4634 3793 4706 (ἅνθρωπος
3844 4632 3921 4702 γάρ

2346 4721 2457 4773 ἐστι
2513 4722 2537 4772 6
2591 4722 2911 4794 Σωκράτης),
2957 4721 3129 4774 οὑκίτι
3184 4718 3242 4773 δὲ
3282 4722 3309 4778 ἠ
3365 4723 3537 4792 φύσις,
3584 4722 3613 4779 ἡ
3673 4724 3735 4773 τὸ
3792 4718 3925 4777 εἶδος

581 4816 631 4871 ei
666 4812 943 4879 essentia,
978 4817 1034 4867 et
1082 4810 1199 4866 alia
1242 4809 1596 4876 consimilia,
1648 4826 1785 4865 cum
1828 4809 2022 4879 logica
2066 4826 2231 4865 voca-

2345 4814 2461 4863 οὔτε
2504 4813 2603 4885 ’γὰρ
2657 4810 2926 4885 ἀνθρώπου
2977 4814 3152 4883 φύσιν,
3195 4813 3312 4863 οὔτε
3345 4806 3480 4870 εἶδός
3525 4828 3689 4880 φαμεν
3741 4814 3827 4862 τὸν
3854 4817 3929 4860 Em-

580 4902 726 4959 bula
757 4902 891 4967 sint,
924 4915 1310 4972 nequaquam
1344 4915 1529 4971 usque
1561 4899 1637 4954 ad
1669 4904 1933 4953 extrema
1962 4898 2235 4954 adhiberi

584 4995 857 5062 possunt,
888 4990 994 5045 sed
1032 4988 1103 5044 dc
1134 4988 1203 5043 iis
1237 4988 1431 5043 solum
1480 4987 1701 5059 quibus
1740 4986 2018 5042 dicuntur
2057 4988 2239 5044 inhae-

585 5084 714 5133 rent
746 5097 759 5146 ς
786 5079 1070 5135 divinitas
1103 5082 1302 5133 autem
1336 5082 1390 5132 et
1418 5077 1763 5133 humanitas
1794 5091 1915 5131 non
1943 5077 2240 5148 suntlogi-

588 5182 679 5232 ca,
701 5167 803 5221 sed
824 5168 1185 5224 naturalium
1207 5183 1404 5223 rerum
1427 5167 1740 5223 vocabula.

2346 4901 2540 4973 κράτην
2571 4918 2582 4930 '
2642 4899 2749 4950 ἀλλ’
2807 4899 2899 4951 οὑκ
2947 4902 3087 4951 ἔστιν
3152 4901 3326 4969 ὅμοιον
3379 4905 3483 4958 τοῖς
3534 4901 3927 4972 προειρημένοις

2348 4991 2377 5047 ἡ
2425 4992 2513 5060 μὲν
2544 4990 2643 5061 γὰρ
2694 4990 2863 5060 φύσις,
2899 4992 2988 5040 καὶ
3036 4992 3093 5040 τὸ
3140 4985 3300 5053 εἶδος,
3342 4992 3432 5039 καὶ
3474 4990 3531 5039 τὸ
3561 4990 3734 5057 γενος,
3768 4991 3853 5038 καὶ
3889 4988 3930 5035 τά

2352 5080 2524 5150 ὅμοια,
2571 5076 2759 5148 λογικά
2809 5077 3037 5150 ὀνόματα
3090 5082 3228 5143 ὄντα,
3271 5076 3329 5129 ού
3379 5074 3599 5128 δύναται
3641 5073 3932 5128 διικνεῖσθαι

2352 5172 2516 5240 μέχρι
2561 5175 2661 5218 τῶν
2712 5166 2971 5239 ἐσχάτων,
3030 5166 3135 5218 ἀλλ’
3192 5165 3267 5217 ἐπ’
3318 5165 3518 5218 ἐκείνων
3568 5168 3841 5231 ἶστανται,
3885 5162 3933 5231 ἐν’

598 5256 665 5306 ὧν
692 5254 943 5326 λέγονταιο
977 5258 1006 5314 ἡ
1040 5254 1097 5309 δε
1132 5259 1310 5318 θεότης
1340 5261 1428 5309 καὶ
1459 5258 1487 5314 ἡ
1522 5255 1853 5330 ἂνθρωπότης
1882 5255 1974 5307 οὑκ
2005 5258 2117 5307 ἔστι
2146 5254 2348 5328 λογικὰ,
2383 5256 2510 5308 ἀλλὰ
2539 5264 2769 5328 φυσικῶν
2796 5257 3114 5330 πραγμάτων
3140 5255 3388 5327 ὀνόματα.

660 5347 713 5398 2.
744 5344 856 5400 Sed
888 5345 993 5399 etsi
1022 5345 1136 5401 hoc
1159 5362 1365 5402 verum
1398 5350 1503 5412 est,
1536 5344 1924 5401 nihilominus
1948 5344 2242 5400 invenitur

588 5432 801 5493 eadem
854 5447 985 5488 esse
1038 5432 1220 5489 homo
1268 5440 1324 5490 et
1372 5434 1632 5491 hominis
1690 5438 1922 5499 natura,
1979 5450 2235 5506 quorum

588 5538 780 5581 unum
826 5536 935 5594 pro
987 5523 1223 5578 Socrate
1281 5524 1510 5588 dicitur,
1574 5539 1695 5580 non
1763 5540 1902 5579 vero
1960 5522 2234 5584 alterum.

594 5612 746 5679 Quid
776 5626 917 5685 ergo
948 5610 1196 5685 impedit
1239 5614 1385 5688 quin
1425 5613 1585 5671 idem
1632 5613 1713 5670 ad
1758 5618 1969 5670 caetera
2024 5628 2237 5685 argua-

2424 5345 2495 5418 β’.
2543 5344 2677 5399 Ἀλλ’
2709 5345 2753 5396 εἰ
2804 5350 2893 5397 καὶ
2942 5352 3094 5397 τοῦτο
3144 5343 3347 5410 ἀληθὲς,
3398 5340 3548 5396 οὐδὲν
3593 5344 3763 5400 ἦττον
3818 5344 3931 5411 cipis
4014 5406 4015 5419 χ

2348 5454 2434 5487 ται
2488 5434 2650 5487 ταύτὰ
2679 5438 2818 5500 ὄντα,
2854 5436 2879 5486 6
2925 5436 3191 5508 ἄνθρωπος
3239 5439 3328 5486 καὶ
3380 5435 3411 5492 ἠ
3466 5432 3749 5506 ἀνθρώπου
3793 5434 3929 5505 φύσις.

2347 5524 2413 5575 ὧν
2452 5527 2510 5576 τό
2550 5527 2638 5595 μὲν
2692 5526 2825 5575 κατὰ
2874 5530 2963 5576 τοῦ
3018 5526 3320 5598 Σωκράτους
3370 5523 3592 5594 λέγεται,
3627 5526 3691 5574 τὸ
3737 5518 3798 5575 δι
3847 5520 3932 5571 οὐκ·

2345 5617 2445 5670 έτι.
2493 5618 2558 5667 Τί
2605 5609 2691 5665 οὑν
2749 5612 2935 5668 κωλύει
2982 5617 3070 5667 καὶ
3118 5611 3198 5665 ἐπ’
3252 5612 3417 5666 ἄλλων
3462 5611 3624 5666 ταύτὸ
3683 5609 3930 5666 ἐπακολου-
