4026 6206
358 297 512 355 4289
1398 297 1498 353 AD
1532 293 1995 364 QUAESTIONES
2033 295 2136 354 AM
2143 297 2684 358 PHILOCHIANAS.
3588 301 3727 358 1290

361 426 476 478 θείν
501 430 655 478 τοῦτο
687 439 702 491 ;
735 422 794 476 ού
836 424 935 498 γὰρ
969 425 1108 477 ἔστιν
1148 421 1301 477 εἰπεῖν
1331 425 1480 490 ἴσως,
1512 423 1577 484 ὡς
1623 423 1649 474 6
1698 423 1951 496 ἄνθρωποι

2142 425 2255 482 us?
2284 427 2432 482 Nam
2462 440 2581 481 non
2607 426 2800 482 dicere
2843 425 2977 482 licet
3012 425 3195 484 homo
3222 431 3277 484 et
3317 426 3582 484 hominis
3613 442 3728 485 na-

358 518 459 567 xui
511 515 540 572 ἡ
588 521 684 566 τοῦ
730 511 1003 586 ἀνθρώπου
1057 515 1210 586 φύσις
1252 512 1380 586 οὐχὶ
1425 511 1632 566 ταύτόν·
1663 514 1734 564 ἔτι
1785 507 1845 564 δέ
1874 531 1948 583 φαη

2133 529 2208 569 ra
2235 530 2356 571 non
2391 520 2476 571 est
2504 514 2698 571 simile
2731 532 2744 570 :
2777 515 2893 572 hoc
2941 516 3120 572 etiam
3171 515 3449 587 dicimus,
3503 517 3723 574 scilicet

357 623 481 676 μεν,
538 605 602 663 ὡς
654 605 680 655 6
736 604 1004 676 ἄνθρωπος
1073 605 1263 656 καὶτὸ
1331 603 1461 664 ζῶον
1507 601 1715 672 )ογικόν
1783 602 1947 658 θνητότ

2130 619 2258 660 amo
2316 607 2373 659 et
2427 604 2655 661 animal
2706 605 2993 661 rationale
3039 606 3310 672 mortale,
3368 605 3527 662 idem
3591 611 3720 672 est;

355 691 574 760 ταύτόν,
605 695 689 744 ναὶ
718 696 822 764 μὴν
862 695 951 744 καὶ
993 694 1051 744 τὸ
1089 690 1398 764 γελαστικόν
1445 699 1516 762 τῷ
1547 692 1816 764 ἄνθρωπος
1844 691 1942 743 ταύ

2135 735 2149 759 ,
2172 693 2371 750 ridens
2403 693 2624 750 animal
2655 693 2925 762 mortale,
2958 694 3116 751 idem
3149 699 3234 751 est
3277 701 3453 768 atque
3501 696 3717 752 homo:

355 785 474 833 τὸν⁹
505 785 595 832 καὶ
625 780 730 853 ούχ
775 782 876 833 ὅσα
916 781 1118 852 λέγεται
1165 785 1280 854 περὶ
1329 779 1450 846 ἐνὸς,
1499 787 1666 833 ταῦτα
1712 785 1802 833 καὶ
1848 799 1941 853 περ

2134 829 2136 836 ,
2165 798 2308 849 non,
2341 783 2745 856 quodcunque
2775 783 2849 838 de
2881 798 3022 847 uno,
3055 783 3128 838 de
3187 783 3315 840 aliis
3367 785 3518 839 idem
3573 785 3724 841 dice-

355 878 467 922 τῶν
496 869 690 922 λοιπῶν
726 871 1037 945 ῥηθήσεται·
1094 873 1152 922 τὸ
1182 873 1272 944 μὲν
1301 872 1399 943 ’γὰρ
1450 869 1778 942 γελαστικὸν,
1826 867 1945 924 ἶδιοτ

2132 889 2206 939 :r;
2240 887 2503 945 namque
2532 871 2689 928 risus
2717 871 2978 928 hominis
3010 873 3339 944 proprium,
3374 889 3493 929 non
3525 878 3722 930 autem

351 967 456 1012 τοῦ
496 958 786 1034 ἀνθρώπου,
838 959 1010 1013 οὐκέτι
1041 956 1100 1013 δὲ
1146 961 1172 1012 6
1223 961 1511 1032 ἅνθρωπος,
1557 957 1695 1013 ἴδιον
1746 967 1838 1013 τοῦ
1883 959 1940 1012 ἀν

2131 978 2258 1019 )mo
2295 962 2598 1029 hominis;
2628 961 2807 1018 item:
2838 961 3061 1017 animal
3116 962 3403 1019 rationale
3452 963 3721 1030 mortale,

355 1049 592 1122 θρώπου·
648 1053 738 1102 καὶ
793 1051 852 1102 τό
903 1051 993 1120 μεν
1043 1050 1174 1110 ζῶον
1219 1048 1428 1122 λογικόν
1479 1051 1679 1116 θνητόν,
1721 1051 1835 1123 ὅρος
1883 1048 1945 1101 ἀν

2135 1050 2333 1107 )minis
2363 1057 2452 1107 est
2479 1050 2816 1112 discretiva,
2859 1065 2980 1107 non
3008 1058 3203 1106 autem
3237 1051 3420 1108 homo
3465 1052 3725 1109 hominis

355 1138 598 1210 θρώπου,
646 1138 819 1191 ούκέτι
871 1134 930 1191 δὲ
973 1140 999 1190 6
1035 1140 1306 1212 ἄνθρωπος
1352 1140 1468 1212 ὄρος
1513 1137 1816 1210 ἀνθρὼποψ
1845 1143 1945 1192 καίε

2139 1139 2447 1196 scretivum
2473 1163 2486 1196 :
2515 1144 2928 1196 verumtamen
2956 1144 3094 1195 sunt
3123 1140 3330 1196 eadem
3376 1141 3727 1215 plerumque

353 1245 448 1278 τοι
473 1246 609 1279 κατα
639 1231 695 1279 τὸ
725 1225 956 1299 μάλιστα
984 1226 1150 1280 ταύτά
1182 1226 1283 1280 εἰσι
1311 1235 1500 1284 ταῦτα.
1541 1228 1599 1282 Εἰ
1633 1225 1694 1282 δέ
1721 1249 1796 1290 τις
1832 1227 1940 1281 κάπ

2135 1227 2312 1285 milia.
2369 1230 2483 1286 Sed
2537 1229 2584 1286 si
2637 1229 2773 1302 quis
2825 1229 2885 1285 in
2939 1228 3202 1285 materiis
3254 1229 3479 1298 logicas
3550 1247 3725 1288 voces

350 1316 561 1368 τούτων
613 1318 702 1376 τὰς
751 1315 962 1388 λογικὰς
1001 1319 1165 1388 φωνὰς
1213 1315 1536 1382 αἰτιάσαιτο,
1586 1319 1692 1370 οἷον
1723 1321 1780 1370 1'6
1826 1313 1940 1369 idm

2136 1325 2375 1392 :poscat,
2410 1319 2616 1392 qualia
2644 1324 2781 1376 sunt
2811 1319 3062 1392 speciale
3094 1323 3149 1374 et
3181 1318 3566 1375 discretivum
3608 1321 3726 1390 (his

350 1409 449 1458 xui
489 1406 575 1457 τόν
607 1405 826 1478 ὁρισμὸν
860 1407 1074 1475 (τούτων
1103 1408 1204 1480 γὰρ
1255 1405 1627 1480 ἀφαιρούμενα,
1679 1408 1799 1480 ὅπερ
1853 1408 1940 1459 ἐστ

2137 1408 2232 1464 ιίω
2261 1407 2528 1477 sublatis,
2552 1407 2800 1464 alterum
2825 1407 3070 1480 reliquis
3092 1407 3402 1463 consimile
3420 1410 3548 1479 est),
3579 1409 3727 1480 quid

351 1497 416 1546 τό
447 1493 635 1566 ἕτερον,
670 1497 783 1546 ἔστι
829 1499 919 1548 καὶ
972 1498 1031 1547 τό
1069 1494 1291 1565 λοιπόν),
1335 1493 1441 1547 ἀλ)’
1488 1495 1576 1548 οὖν
1633 1495 1716 1548 ἐπὶ
1754 1498 1941 1548 τούτων

2139 1513 2214 1568 go
2245 1498 2306 1554 in
2335 1499 2430 1555 his
2457 1507 2798 1570 exposceret
2828 1502 2856 1554 γ
2888 1499 3107 1571 quippe
3149 1498 3332 1553 homo
3379 1504 3464 1553 est
3518 1513 3625 1554 ens
3675 1504 3729 1554 et

350 1587 412 1635 τί
459 1581 520 1634 ἄν
560 1582 911 1651 αἰτιάσαιτο;
948 1582 1006 1636 ’0
1036 1586 1126 1656 μὶν
1156 1586 1257 1660 γὰρ
1302 1583 1571 1658 ἄνθρωπός
1633 1587 1773 1638 ἐστιν
1814 1585 1940 1637 ούσίη

2136 1587 2322 1655 ιίωᾶι,
2356 1589 2459 1645 sed
2489 1589 2638 1645 risus
2667 1605 2789 1645 non
2823 1604 2929 1644 ens
2960 1587 3052 1644 vel
3083 1585 3326 1652 animal,
3376 1587 3542 1660 quod
3588 1587 3726 1658 plu-

354 1675 449 1724 xui
486 1674 636 1738 ζῶον,
688 1675 746 1724 τὸ
798 1669 858 1725 δι
900 1672 1208 1745 γελαστικόν
1265 1677 1381 1726 οὔτε
1433 1673 1609 1739 ούσία,
1651 1678 1768 1728 οὔτε
1816 1674 1944 1735 ζῶον

2138 1693 2230 1734 ma
2276 1683 2474 1735 essent
2533 1680 2692 1735 entia
2747 1682 2851 1734 aut
2901 1678 3188 1735 animalia
3235 1677 3440 1734 homo.
3480 1675 3728 1732 Tametsi

352 1759 466 1814 έπεὶ
520 1760 705 1814 πολλαὶ
753 1763 815 1814 ἄν
870 1765 1051 1820 εἴησαν
1109 1763 1136 1814 6
1194 1764 1462 1836 ἄνθρωπος
1491 1763 1671 1816 ούσίαι
1714 1768 1803 1816 xui
1838 1764 1942 1825 ζῶα

2137 1782 2222 1822 aro
2270 1767 2396 1824 haec
2431 1784 2571 1824 vera
2609 1772 2765 1833 sunt,
2798 1784 2922 1824 non
2965 1772 3166 1824 tamen
3212 1772 3350 1824 sunt
3397 1765 3727 1838 praemissis

349 1849 424 1903 Ἤ
465 1849 507 1904 εἰ
535 1855 626 1903 καὶ
653 1857 820 1904 ταῦτα
866 1854 956 1924 μὲν
987 1850 1179 1915 ἀληθῆ,
1210 1852 1314 1925 ούχ
1352 1854 1509 1925 ὃμοια
1555 1848 1615 1906 δὲ
1643 1861 1748 1914 τοῖς
1787 1851 1840 1916 ἐξ
1881 1851 1939 1924 ἀρ

2139 1855 2289 1913 milia
2326 1875 2339 1912 :
2374 1873 2639 1930 namque
2668 1857 2852 1914 homo
2883 1862 2938 1914 et
2968 1857 3328 1929 humanitas,
3365 1858 3520 1912 Deus
3549 1858 3606 1910 et
3644 1854 3729 1910 di-

348 1947 459 2013 χῆς
512 1944 885 2015 προκειμένοις
937 1942 962 1993 6
1011 1944 1106 2016 γάρ
1155 1942 1426 2016 ἄνθρωπος
1483 1947 1572 1995 xui
1622 1944 1652 2001 ἡ
1707 1940 1938 2014 ἀνθρωπὰ

2145 1947 2310 2014 nitas,
2340 1947 2614 2020 quamvis
2635 1947 2847 2004 eadem
2871 1948 3004 2014 sint,
3038 1963 3160 2003 non
3183 1952 3318 2003 sunt
3344 1945 3556 2003 eadem
3586 1960 3730 2018 qua-

359 2047 458 2090 της
514 2033 604 2082 καὶ
649 2033 708 2082 τό
741 2034 867 2091 Θεὸς
895 2034 986 2082 xui
1023 2032 1222 2097 θεότης,
1276 2035 1415 2104 εἴπερ
1487 2029 1600 2084 ἐστὶ
1648 2030 1831 2084 ταύτάο
1878 2031 1949 2084 ούπ

2139 2052 2250 2092 nus
2281 2036 2566 2109 prmdicta
2594 2055 2606 2104 ;
2635 2052 2831 2109 neque
2862 2037 3019 2092 enim
3047 2037 3297 2092 alterum
3329 2035 3569 2091 alterius
3603 2049 3729 2106 pro-

352 2118 471 2170 ἔστι
549 2120 684 2170 κατά
762 2119 1054 2189 ὁμοιότητα
1108 2127 1208 2172 τῶν
1275 2119 1552 2194 εἰρημένων
1611 2118 1798 2173 ταύτά·
1854 2123 1942 2172 οὔτ

2135 2126 2291 2192 'ium,
2315 2141 2510 2198 neque
2529 2125 2956 2191 distinctivum,
2985 2129 3045 2180 ut
3067 2125 3114 2180 si
3137 2126 3270 2198 quis
3291 2124 3412 2179 duo
3434 2122 3725 2180 vocabula

348 2208 450 2283 ’γὰρ
482 2203 619 2260 ἴδιον
651 2209 864 2280 θάτερον
909 2210 1148 2282 θατέρου,
1203 2210 1319 2261 οὔτε
1369 2210 1501 2283 ὅρος,
1536 2207 1644 2260 ἀλλ’
1684 2211 1857 2284 ὥσπερ
1906 2209 1938 2261 οἳ

2134 2230 2186 2271 .'o
2205 2230 2324 2270 uno
2341 2213 2605 2286 subjecto
2622 2215 2924 2280 adhibeat,
2946 2215 3115 2286 quasi
3132 2229 3396 2286 pannum
3421 2217 3478 2268 et
3494 2215 3724 2268 vestem

355 2298 491 2349 εἴποι
531 2316 628 2365 τις,
668 2296 898 2370 ὀνόματα
950 2293 1048 2350 δύο
1089 2303 1204 2371 περὶ
1248 2299 1298 2350 ἓν
1346 2300 1709 2371 ύποκείμενων,
1754 2303 1842 2350 καὶ
1899 2301 1938 2350 ὡ

2137 2320 2193 2360 1r
2214 2306 2407 2376 itaque
2428 2319 2677 2377 nonquo
2697 2303 2830 2360 loco
2861 2303 3135 2370 alterum,
3154 2303 3317 2360 aliud
3339 2302 3558 2374 pariter
3577 2316 3727 2357 nun-

361 2384 554 2438 λωπιον
588 2390 678 2438 καὶ
733 2388 958 2458 ἱμάτιον’
1001 2395 1107 2447 πῶς
1137 2383 1224 2439 οὖν
1270 2385 1365 2439 ούκ
1419 2387 1494 2460 ἐφ’
1541 2388 1608 2438 ὧν
1665 2390 1723 2440 τὸ
1774 2387 1951 2462 ἓτερονε

2137 2397 2410 2465 [paretur,
2444 2398 2501 2449 et
2548 2409 2924 2465 quaecunque
2964 2393 3142 2449 unius
3194 2408 3316 2448 non
3363 2391 3542 2448 etiam
3589 2389 3727 2446 alte-

353 2479 443 2526 xui
504 2477 561 2526 τό
601 2476 789 2548 ἕτερον,
841 2475 870 2534 ἦ
921 2477 1022 2528 ὃσα
1069 2484 1143 2547 τῷ
1190 2475 1363 2549 ἑτέρῳ,
1415 2477 1543 2548 ούχὶ
1582 2480 1671 2529 καὶ
1720 2478 1915 2550 θατέρῳ

2138 2495 2196 2533 JS
2248 2483 2445 2535 essent
2472 2477 2500 2533 ?
2530 2479 2792 2534 Dicimus
2833 2495 2969 2550 ergo
3017 2477 3228 2534 eadem
3273 2492 3398 2532 esse
3442 2477 3625 2532 homo
3673 2479 3728 2531 et

355 2566 520 2636 Φαμὲν
569 2559 677 2628 οὖν,
740 2564 823 2615 ὃτι
875 2563 1042 2616 ταύτά
1091 2568 1182 2638 μέν
1235 2564 1423 2618 εἰσιτό
1477 2563 1747 2640 ἅνθρωπος
1793 2570 1882 2618 καὶ
1930 2568 1945 2617 1'

2137 2569 2439 2632 imanitas,
2461 2572 2757 2640 quatenus
2785 2568 2945 2624 idem
2968 2567 3306 2638 subjectum
3329 2565 3727 2636 eamdemque

354 2650 705 2726 ἀνθρωπότης,
749 2654 814 2714 ὡς
870 2652 1029 2705 ταύτό
1081 2655 1411 2727 ὑποκείμενον
1451 2659 1540 2707 xui
1592 2661 1812 2727 πρᾶγμα
1869 2652 1938 2714 δη

2142 2672 2200 2712 m
2230 2655 2614 2722 declarantia,
2648 2673 2766 2712 non
2800 2661 3000 2713 autem
3037 2655 3343 2728 tequaliter
3371 2667 3726 2724 nuncupan-

349 2740 558 2810 λοῦντα,
640 2741 745 2814 ούχ
806 2743 1057 2805 ὡσαύτως
1112 2739 1171 2796 δὲ
1221 2743 1588 2815 λαμϐάνονται·
1643 2743 1750 2796 ἀλλ’
1810 2746 1939 2803 inim

2141 2761 2168 2800 r
2197 2763 2210 2810 ;
2234 2745 2459 2818 quippe
2485 2761 2622 2800 cum
2649 2745 2832 2801 homo
2858 2744 3134 2809 dicimus,
3162 2741 3420 2800 hominis
3451 2745 3729 2798 naturam

355 2833 447 2904 μὲν
507 2831 772 2904 ἅνθρωπός
829 2851 1018 2904 φαμεν,
1075 2836 1169 2890 τὴν
1237 2835 1508 2904 ἀνθρώπου
1559 2835 1713 2906 φύσιν
1764 2832 1945 2886 ἐννοοῦι

2137 2833 2520 2906 »ωριθοῑίωυτ
2547 2840 2610 2890 ut
2629 2833 3060 2906 hypostasibus
3086 2833 3525 2904 incorporatam
3552 2847 3565 2896 ;
3591 2845 3727 2884 cum

353 2923 444 2993 μὲν
507 2922 578 2982 ὡς
635 2921 1152 2994 ἕγκατατεταγμένην
1195 2928 1313 2984 ταῖς
1368 2923 1741 2976 ὑποστάσεσιν·
1811 2925 1943 2981 ἡνίκι

2137 2939 2213 2978 :ro
2251 2923 2601 2978 humanitas
2633 2923 2910 2989 dicimus,
2933 2926 3214 2977 naturam
3241 2921 3435 2992 ipsam
3463 2917 3727 2975 hominis

354 3006 412 3062 δε
466 3007 858 3083 ἀνθρωπότητα,
930 3013 1025 3068 τὴν
1081 3009 1243 3069 αὐτὴν
1296 3014 1386 3082 μὲν
1447 3009 1720 3085 ἀνθρώπου
1789 3016 1942 3085 φύσιν

2140 3027 2196 3067 ω
2237 3012 2476 3084 quidem
2513 3010 2762 3068 omnino
2789 3015 3214 3074 consonanter,
3249 3008 3357 3064 sed
3390 3007 3606 3064 atomis
3646 3005 3730 3062 di-

354 3098 458 3171 οὐχ
506 3100 752 3159 ὡσαύτως
807 3096 886 3164 δε,
943 3097 1052 3151 ἀλλ’
1092 3099 1412 3173 ἐξῃρημένην
1457 3109 1556 3153 τῶν
1607 3099 1830 3173 ἀτόμων,
1878 3121 1944 3152 xu

2136 3100 2373 3165 inciam,
2399 3105 2456 3157 et
2485 3099 2544 3156 in
2584 3099 2780 3173 seipsa
2806 3099 3116 3156 deﬁnitam
3147 3097 3549 3168 intelligimus.
3583 3096 3726 3151 Sunt

355 3187 472 3240 καθ’
527 3187 716 3246 ἑαυτὴν
777 3186 1170 3260 λαμϐανομένην
1221 3187 1574 3264 ἀφορίζοντες.
1633 3189 1810 3242 Ταύτὰ
1877 3192 1945 3260 μὶ

2142 3204 2218 3258 go
2256 3189 2415 3244 idem
2454 3189 2638 3245 homo
2685 3193 2742 3245 et
2791 3187 3147 3254 humanitas,
3190 3202 3298 3242 nec
3335 3192 3535 3243 tamen
3593 3199 3731 3240 con-

355 3273 443 3330 οὖν
486 3278 512 3330 6
553 3278 823 3351 ἄνθρωπος
861 3281 951 3329 καὶ
982 3279 1012 3335 ἡ
1057 3276 1408 3350 ἀνθρωπότης,
1448 3278 1553 3350 ούχ
1606 3280 1854 3340 ὡσαύτως
1909 3273 1943 3330 δ

2140 3281 2356 3333 πηδηιθι*
2386 3281 2755 3348 nuncupata.
2791 3276 2928 3333 Ideo
2974 3293 3090 3333 non
3131 3275 3296 3332 aliud
3328 3290 3439 3348 pro
3485 3272 3601 3330 alio
3643 3271 3730 3328 di-

355 3364 736 3438 λαμϐανόμενα.
775 3368 862 3418 Διό
894 3364 988 3417 ούκ
1031 3365 1106 3438 ἔφ’
1138 3367 1206 3417 ὧν
1245 3369 1303 3418 τό
1335 3367 1507 3440 ἕτερον
1547 3372 1636 3419 xui
1669 3369 1900 3440 θάτερον,
1933 3372 1945 3417 i

2140 3373 2241 3431 iur,
2293 3365 2342 3421 si
2394 3381 2534 3422 vero
2587 3366 2835 3435 dicatur,
2889 3382 3012 3422 non
3068 3366 3242 3438 plane
3290 3363 3556 3437 quidem.
3609 3361 3730 3418 Tali

356 3453 431 3527 ἐφ’
465 3455 533 3505 ὧν
559 3457 655 3526 μιν
703 3457 758 3506 τό
787 3454 954 3527 ἕτερον
997 3459 1083 3506 xui
1127 3457 1185 3506 1'6
1216 3457 1399 3530 ἕτερον,
1437 3455 1543 3528 οὐχ
1595 3457 1842 3516 ὡσαύτως
1873 3452 1946 3510 δές

2141 3457 2258 3512 odo
2302 3455 2364 3511 in
2411 3456 2647 3512 Socrate
2690 3455 2875 3512 homo
2905 3459 3084 3528 atque
3113 3455 3464 3510 humanitas
3498 3452 3725 3516 dicitur,

361 3542 568 3597 Αὐτίκα
610 3540 694 3594 ἐπὶ
744 3549 836 3594 τοῦ
867 3543 1163 3616 Σωκράτους
1209 3549 1298 3596 καὶ
1338 3545 1363 3596 6
1395 3544 1666 3617 ἄνθρωπος
1693 3548 1782 3596 xui
1813 3545 1843 3603 ἡ
1879 3542 1951 3595 ἀν-

2137 3561 2195 3601 in
2219 3561 2358 3602 vero
2390 3548 2810 3612 consonanter,
2839 3545 3064 3618 quippe
3093 3545 3398 3601 hominem
3425 3544 3727 3600 Socratem

360 3633 630 3704 θρωπότης
663 3630 887 3703 λέγεται,
919 3631 1025 3702 οὐχ
1056 3635 1302 3694 ὡσαύτως
1329 3629 1408 3686 δέ·
1442 3635 1708 3709 ἄνθρωπον
1732 3635 1832 3709 ⁶γάρ
1865 3654 1950 3706 φα-

2140 3635 2352 3706 cimus,
2368 3650 2488 3690 non
2512 3638 2711 3690 autem
2729 3633 3166 3690 humanitatem
3185 3649 3334 3697 esse,
3351 3631 3452 3686 sed
3476 3629 3726 3697 habere;

357 3739 446 3793 μεν
495 3715 623 3772 εἶναι
674 3724 757 3772 τὸν
802 3723 1096 3793 Σωκράτην,
1161 3721 1536 3797 ἀνθρωπότητα
1577 3720 1636 3776 δὲ
1682 3723 1776 3776 ούκ
1816 3719 1944 3776 εἶναι

2136 3725 2509 3780 imanitatem
2539 3738 2672 3780 vero
2703 3722 2957 3779 dicimus
2991 3739 3116 3778 esse
3147 3727 3427 3778 naturam
3469 3717 3726 3775 Socratis

359 3807 469 3860 ἀλλ’
528 3811 690 3881 ἔχειν’
741 3813 830 3862 xui
894 3812 989 3867 τὴν
1040 3807 1419 3883 ἀνθρωπότητα
1483 3807 1542 3862 δι
1603 3811 1754 3863 πάλιν
1812 3815 1949 3882 φύσα

2153 3817 2504 3869 casterorum
2525 3813 2862 3878 hominum,
2893 3816 2948 3868 et
2977 3811 3242 3883 singulos
3276 3823 3541 3881 quosque
3569 3823 3729 3864 com-

357 3899 486 3951 εἶναι
515 3905 606 3951 τοῦ
657 3899 960 3970 Σωκράτους
1017 3901 1202 3970 φαμὲν,
1259 3903 1349 3949 καὶ
1404 3906 1502 3950 τῶν
1562 3898 1724 3950 ἄλλων
1774 3898 1944 3972 ἀνθρώ

2138 3906 2425 3956 ectentem
2455 3917 2468 3967 ;
2502 3916 2645 3956 nam
2677 3901 2816 3955 nihil
2843 3917 3051 3956 eorum
3081 3905 3246 3955 extra
3283 3915 3416 3955 eam
3449 3897 3679 3953 exsistit
3708 3914 3723 3966 ;

356 4007 483 4052 πων,
516 3992 606 4040 καὶ
635 3991 964 4060 περιεκτικὴν
1015 3983 1145 4039 εἶναι
1174 3995 1276 4038 τῶν
1307 3987 1422 4039 καθ’
1464 3987 1674 4039 ἕκαστα·
1707 3983 1830 4039 ούδὶ
1865 3988 1946 4058 γάι

2135 4006 2158 4044 1
2207 3995 2289 4053 ut,
2349 3989 2395 4043 si
2454 4003 2572 4043 non
2604 4003 2841 4059 semper
2896 3992 3314 4051 consonanter,
3367 3991 3427 4041 at
3481 3985 3725 4056 quidem

359 4095 410 4130 τι
459 4079 655 4128 τούτων
703 4075 798 4139 ἔξω
841 4079 1039 4139 ταύτης
1084 4080 1280 4130 πίπτει.
1327 4074 1488 4128 Ὠστε
1535 4075 1576 4128 εἰ
1632 4080 1722 4128 xui
1769 4079 1840 4148 μὴ
1889 4075 1946 4130 ἀε

2130 4091 2195 4132 uo
2226 4076 2358 4132 loco
2376 4075 2560 4132 homo
2587 4075 2814 4144 dicitur,
2845 4079 3038 4147 potest
3056 4073 3402 4129 humanitas
3429 4071 3720 4144 adoptari.

361 4166 626 4229 ὡσαύτως,
667 4163 775 4216 ἀλλ’
808 4163 881 4236 ἐφ’
911 4165 971 4217 ού
993 4164 1198 4237 λέγεται
1227 4167 1252 4216 6
1280 4166 1570 4238 ἄνθρωπος,
1620 4161 1842 4218 δύναται
1880 4186 1947 4218 κα

2139 4180 2247 4220 unc
2293 4164 2344 4220 si
2389 4164 2507 4220 hoc
2551 4164 2684 4235 jure
2737 4163 3022 4236 arguitur,
3054 4162 3256 4218 forsan
3309 4159 3488 4216 nobis
3538 4158 3729 4216 licebit

360 4254 388 4311 ἡ
425 4253 754 4326 ἀνθρωπότης
788 4253 1044 4327 ἁρμόσαι.
1095 4254 1154 4307 Εἰ
1185 4251 1272 4306 οὖν
1312 4253 1452 4306 ἐστιν
1497 4253 1696 4314 ἀληθὴς
1736 4256 1761 4306 6
1795 4254 1948 4326 λόγος

2139 4253 2258 4309 iam
2289 4252 2364 4309 de
2403 4253 2521 4310 Deo
2561 4257 2617 4310 et
2644 4251 2946 4309 divinitate
2990 4253 3300 4325 (quantum
3345 4249 3406 4305 in
3453 4249 3727 4305 humanis

361 4344 488 4404 ἴσως
531 4345 656 4414 ἡμῖν
694 4347 783 4395 καὶ
837 4341 919 4395 ἐπὶ
967 4350 1059 4395 τοῦ
1101 4347 1221 4408 Θεό,
1255 4343 1344 4394 καί
1403 4345 1585 4406 θεότης
1631 4346 1778 4413 (ὅσον
1808 4342 1856 4396 έν
1887 4344 1951 4396 ἀν

2079 4347 2336 4415 possunt
2361 4342 2607 4414 ﬁgurari
2635 4341 2856 4412 divina)
2882 4339 3290 4397 difﬁcultatem
3317 4337 3566 4394 solvere.

365 4433 636 4506 θρωπίνοις
691 4429 1087 4506 παραδείγμασι
1130 4433 1489 4504 φαντασθῆναι
1542 4435 1609 4485 τά
1659 4434 1792 4505 θεῖα)
1823 4432 1971 4487 εύποο
2005 4434 2047 4488 D

361 4525 477 4594 ρίαν
507 4528 606 4572 τῶν
629 4521 965 4594 ἠπορημένων
987 4526 1107 4580 ποιή
1119 4541 1216 4574 σει.

435 4607 502 4680 γ’.
575 4609 635 4663 Εἰ
691 4618 752 4683 τῇ
827 4609 980 4682 ψυχῇ
1036 4614 1126 4662 καὶ
1191 4619 1262 4682 τῷ
1318 4617 1525 4683 σώματι
1575 4618 1664 4664 τοῦ
1716 4619 1968 4686 Χριστοῦ,

2151 4613 2204 4665 3.
2225 4609 2280 4666 Si
2295 4609 2483 4666 inerat
2501 4609 2712 4666 Christi
2736 4607 2950 4664 anima:
2971 4610 3027 4663 et
3043 4606 3299 4678 corpori,
3318 4606 3376 4661 id
3397 4609 3483 4661 est
3499 4604 3733 4661 homini

367 4701 486 4755 ἦτοι
535 4706 604 4770 τῷ
657 4705 901 4771 Κυριακῷ
931 4701 1206 4772 ἀνθρώπῳ,
1259 4701 1289 4758 ἠ
1341 4707 1432 4752 τοῦ
1492 4704 1694 4775 Πατρός
1738 4705 1828 4754 xui
1879 4709 1957 4754 τοί

2136 4697 2410 4765 ominico,
2435 4697 2623 4754 Patris
2643 4704 2696 4754 et
2721 4697 2966 4769 Spiritus
2999 4694 3341 4767 hypostasis
3367 4694 3536 4766 (nihil
3565 4693 3726 4750 enim

367 4790 658 4859 Πνεύματος
703 4796 874 4860 παρῆν
928 4789 1220 4851 ὑπόστασις
1271 4785 1444 4859 (ούδὶν
1497 4792 1598 4862 γὰρ
1649 4797 1744 4842 τῶν
1791 4794 1957 4842 ὄντων

2145 4789 2299 4844 [tium
2321 4792 2427 4857 est,
2451 4787 2544 4844 cui
2562 4803 2682 4844 non
2699 4787 2867 4843 adest
2889 4785 3166 4858 praetecta
3192 4788 3244 4839 et
3267 4783 3592 4856 providens
3619 4783 3735 4839 Tri-

365 4877 441 4939 οἷς
463 4881 533 4948 μὴ
565 4879 816 4950 πάρεστιν
845 4876 1202 4931 έπιστατοῡσα
1230 4883 1319 4930 xui
1348 4886 1644 4951 προνοοῡσα
1687 4880 1716 4937 ἡ
1764 4880 1955 4954 Τριάς)

2148 4877 2283 4949 tas),
2303 4877 2349 4934 si
2363 4893 2500 4933 vero
2515 4875 2927 4933 diciturFilius
2939 4878 3233 4948 praesente
3245 4873 3522 4929 Trinitate
3543 4873 3731 4929 incar—

363 4964 565 5036 λέγεται
623 4963 682 5018 δὲ
729 4967 754 5018 6
805 4969 922 5028 Υἱός
974 4974 1046 5038 τῷ
1099 4974 1335 5042 παρεῖναι
1383 4970 1590 5030 πάντως
1640 4970 1951 5042 σαρκωθῆνα

2145 4972 2253 5022 itus
2282 4965 2466 5024 fuisse
2487 4971 2544 5023 et
2572 4966 2756 5022 homo
2784 4965 2992 5031 factus,
3018 4979 3122 5019 cur
3145 4979 3264 5019 non
3296 4962 3457 5018 idem
3487 4963 3653 5019 Pater
3678 4966 3735 5018 et

365 5060 454 5108 xui
485 5053 900 5128 ένανθρωπῆσαι,
933 5064 1043 5118 πῶς
1073 5055 1199 5127 ούχὶ
1245 5058 1271 5107 6
1306 5062 1485 5130 Πατὴρ
1526 5062 1615 5111 καὶ
1663 5061 1720 5109 τό
1767 5065 1955 5131 ΙΙνεῦμι

2144 5057 2333 5112 )iritus
2355 5055 2538 5111 fuisse
2564 5055 2891 5110 dicerentur
2912 5051 2939 5108 τ
2958 5052 3177 5109 Dicitur
3193 5057 3415 5122 autem,
3444 5051 3608 5125 quod
3631 5051 3734 5109 ad-

368 5150 534 5196 ταῡτα
561 5145 746 5218 ῥηθείη
780 5147 842 5197 ἄν
876 5162 890 5212 ;
923 5144 990 5198 ’Ἡ
1029 5148 1086 5197 τό
1118 5152 1374 5217 παρεῖναι,
1409 5142 1606 5198 διττόν⁴
1640 5150 1697 5198 τὸ
1747 5150 1856 5220 μεν,
1911 5151 1958 5199 ὡ‹

2140 5150 2193 5210 ιι,
2209 5143 2429 5216 duplici
2451 5143 2629 5200 modo
2651 5145 2941 5214 :primum
2959 5141 3730 5216 providens(utsupradixi-

368 5241 616 5305 προνοοῦν
695 5235 889 5304 (καθὼς
956 5237 1200 5308 εἴρηται),
1261 5233 1376 5286 καθ’
1425 5237 1450 5287 6
1511 5241 1888 5309 σημαινόμενον
1941 5239 1958 5288 1'

2152 5233 2262 5306 us),
2281 5233 2608 5289 secundum
2622 5249 2796 5306 quam
2811 5231 3303 5302 signiﬁcationem
3326 5231 3578 5287 Trinitas
3591 5230 3624 5284 d
3635 5228 3733 5283 ici-

367 5325 527 5395 Τριάς
580 5329 820 5396 παρεῖναι
879 5331 952 5394 τῷ
1022 5331 1268 5396 Κυριακῷ
1331 5323 1604 5398 ἀνθρώπῳ,
1661 5328 1834 5399 ὥσπερ
1886 5346 1954 5377 xu

2145 5339 2179 5378 r
2194 5323 2403 5379 adesse
2421 5322 2728 5379 Dominico
2740 5321 2992 5392 homini,
3011 5321 3163 5378 sicut
3183 5319 3399 5377 dicitur
3416 5321 3592 5375 etiam
3610 5331 3735 5370 om-

367 5417 476 5472 τοῖς
521 5407 668 5463 οὖσιν
711 5411 882 5464 ἅπασι
918 5411 1140 5484 λέγεται,
1189 5410 1298 5464 ἀλλ’
1335 5414 1508 5488 ᾧσπερ
1557 5409 1708 5467 οὐδὲν
1758 5422 1857 5466 τῶν
1898 5419 1957 5466 ὅν

2149 5413 2258 5467 bus
2276 5412 2513 5468 entibus
2539 5428 2553 5479 ;
2577 5410 2680 5466 sed
2702 5411 3207 5483 quemadmodum
3231 5427 3299 5466 ex
3327 5425 3392 5465 eo
3413 5405 3576 5480 quod
3607 5417 3737 5457 om-

370 5519 491 5568 των,
548 5497 641 5552 διὰ
693 5504 752 5553 τό
804 5508 1042 5575 παρεῖναι
1105 5503 1325 5568 τούτοις,
1388 5505 1704 5574 γεγενῆσθαι
1751 5503 1960 5576 λέγεται

2149 5501 2263 5558 bus
2280 5500 2467 5566 adest,
2485 5499 2735 5557 Trinitas
2748 5515 2866 5556 non
2890 5499 3098 5558 dicitur
3122 5499 3306 5556 ullum
3331 5495 3554 5552 entium
3577 5489 3733 5545 facta

374 5590 532 5652 οὕτως
586 5585 710 5644 οὐδὲ
765 5592 1120 5668 σαρκωθῆναι,
1179 5593 1209 5651 ἧ
1260 5589 1676 5668 ένανθρωπῆσαι.
1753 5597 1964 5667 Λέγεται

2141 5606 2172 5649 c
2222 5605 2333 5647 nec
2367 5588 2679 5649 incarnata
2731 5588 2823 5647 vel
2863 5588 3049 5648 homo
3077 5589 3255 5647 facta.
3283 5581 3504 5638 Dicitur
3528 5584 3731 5637 autem
