4060 6218
433 195 565 252 1291

1801 187 2406 248 SUPPLEMENTUM.

3656 201 3803 258 1292

430 321 641 379 adesse
672 337 861 377 unum
890 319 1075 386 alteri,
1127 323 1190 376 ut
1240 318 1446 376 anima
1486 318 1738 388 corpori,
1784 316 2073 388 quoniam

2191 312 2244 368 δὲ
2306 324 2544 392 παρεῖναι
2592 318 2757 393 ἕτερον
2810 318 2979 392 ἑτέρῳ,
3028 321 3096 381 ὡς
3144 320 3175 378 ἠ
3228 322 3383 393 ψυχὴ
3432 330 3506 395 τῷ
3560 329 3797 393 σώματι,

430 410 613 467 ambo
660 411 721 466 in
771 426 956 467 unam
1003 409 1352 482 bypostasin
1388 411 1836 473 convenerunt;
1870 422 2075 461 secun-

430 501 577 557 dum
630 516 812 573 quam
864 499 1351 569 signiﬁcationem
1400 498 1625 553 Filium
1656 495 2072 553 tantummodo

430 589 739 646 Dominico
782 588 1009 645 homini
1061 588 1268 643 adesse
1305 586 1580 653 dicimus,
1631 586 1875 642 minime
1931 600 2072 641 vero

428 680 663 736 Patrem
711 682 813 734 aut
858 678 1173 745 Spiritum.
1222 676 1524 740 Praeterea,
1575 674 1904 731 secundum
1958 674 2073 745 pri-

428 785 594 825 mam
646 767 1165 835 signiﬁcationem,
1219 764 1503 820 omnibus
1560 764 1767 821 aderat
1821 768 1883 820 ut
1922 763 2075 818 dixi-

430 874 588 925 mus,
616 855 981 921 hominibus,
1006 861 1063 911 et
1111 854 1463 926 generaliter
1509 853 1788 910 omnibus
1836 853 2073 909 entibus

427 946 599 1003 Verbi
646 944 1007 1018 hypostasis,
1062 945 1166 1000 sed
1209 944 1539 999 secundum
1580 942 2072 1013 signiﬁcationem

429 1036 676 1093 alteram
718 1033 1137 1103 minime;sed
1187 1033 1293 1089 soli
1345 1033 1675 1101 Dominico,
1702 1031 1948 1104 perinde
2005 1047 2074 1088 ac

428 1140 599 1181 mens
625 1139 759 1196 quae
786 1122 954 1178 nobis
980 1121 1256 1178 omnibus
1282 1121 1457 1186 inest,
1486 1120 1689 1177 omnia
1717 1120 1896 1176 obvia
1917 1135 2078 1175 com-

427 1214 688 1287 plectens
716 1212 948 1284 illisque
997 1210 1326 1276 attendens,
1365 1209 1755 1266 nihilominus
1794 1210 1853 1264 in
1902 1224 2075 1264 ence-

427 1302 604 1376 phalo
616 1301 853 1365 residet,
872 1300 985 1365 vel,
1004 1300 1051 1355 si
1065 1301 1175 1355 hoc
1194 1300 1289 1355 tibi
1303 1299 1581 1370 displicet,
1607 1299 1665 1353 in
1688 1298 1946 1371 quadam
1961 1298 2078 1353 alia

429 1390 695 1462 corporis
712 1394 878 1462 parte
903 1407 916 1452 ;
939 1404 1132 1461 neque
1156 1388 1579 1460 estpraesentia
1596 1387 1831 1453 similis;
1853 1386 2077 1459 quippe

428 1481 612 1538 altera
641 1484 730 1535 est
760 1478 1090 1534 secundum
1117 1477 1467 1547 contingens
1509 1482 1563 1532 et
1594 1476 1928 1541 materiam,
1960 1477 2077 1531 sci-

428 1569 627 1626 licetin
643 1574 809 1640 parte
822 1568 1407 1640 quadam,corporea
1419 1566 1661 1622 deﬁnita
1673 1565 1858 1621 altera
1873 1580 2079 1620 secun-

428 1659 576 1714 dum
605 1658 794 1713 solam
832 1661 1092 1712 mentem
1115 1672 1220 1727 per
1249 1655 1755 1727 anticipationem.

498 1751 550 1804 4.
595 1749 795 1802 Utrum
854 1745 1022 1801 Verbi
1096 1744 1459 1817 bypostasis,
1517 1744 1735 1800 scilicet
1809 1742 2075 1799 Christus

429 1836 585 1892 idem
631 1840 718 1891 est
756 1840 935 1906 atque
984 1834 1110 1905 ejus
1148 1834 1281 1888 duae
1330 1837 1583 1898 naturaa,
1617 1848 1694 1888 an
1741 1832 2019 1887 ditYerens
2049 1833 2077 1889 7

430 1929 753 1997 Utrumque
779 1924 1137 1979 obscurum:
1172 1938 1313 1979 nam
1341 1923 1389 1977 si
1420 1922 1600 1987 idem,
1634 1938 1772 1977 cum
1804 1922 1919 1977 sint
1944 1921 2077 1977 duaa

428 2019 675 2081 naturae,
736 2018 909 2070 erunt
969 2029 1109 2084 ergo
1185 2013 1318 2069 duae
1398 2013 1783 2085 hypostases;
1839 2016 1896 2069 et
1948 2027 2077 2066 cum

429 2119 552 2160 una
598 2104 930 2175 composita
985 2102 1353 2174 hypostasis,
1385 2102 1495 2157 erit
1542 2116 1683 2170 ergo
1738 2116 1857 2156 una
1912 2115 2075 2155 com-

427 2193 627 2266 posita
678 2197 890 2248 natura
922 2208 935 2259 ;
965 2192 1012 2247 si
1068 2206 1208 2247 vero
1258 2190 1561 2259 differens,
1593 2190 1720 2245 haec
1769 2188 1885 2245 alia
1939 2193 2079 2244 sunt

428 2283 584 2338 Deus
640 2287 695 2338 et
745 2282 928 2337 homo
960 2300 977 2352 ;
1008 2296 1147 2351 ergo
1216 2281 1554 2353 hypostasis
1587 2285 1641 2336 et
1687 2282 1904 2335 natura
1953 2294 2076 2334 non

428 2376 566 2427 sunt
586 2371 774 2437 idem;
797 2370 955 2442 quod
981 2370 1222 2442 quidem
1247 2372 1425 2426 etiam
1446 2369 1769 2425 absurdius
1791 2372 1981 2433 esset;
2006 2383 2077 2423 ex

427 2465 680 2532 utraque
698 2460 856 2515 enim
878 2442 1195 2531 hypothesi
1217 2458 1383 2531 plura
1398 2459 1515 2515 alia
1538 2458 1804 2515 absurda
1825 2472 2079 2512 nascun-

429 2551 543 2603 tur.
596 2548 856 2603 Dicimus
938 2564 1075 2616 ergo
1141 2547 1584 2613 concludentes,
1645 2563 1767 2603 non
1833 2546 2077 2602 omnino

427 2634 586 2690 idem
619 2650 771 2699 esse,
804 2651 998 2707 neque
1029 2636 1275 2691 omnino
1308 2635 1584 2690 differens
1618 2655 1630 2703 ;
1666 2635 1768 2690 sed
1808 2635 2075 2706 quodam

427 2723 611 2780 modo
658 2724 838 2791 idem,
895 2724 1165 2796 quodam
1215 2724 1397 2781 modo
1440 2723 1721 2779 diﬁ‘erens
1756 2740 1769 2789 ;
1802 2738 1945 2779 nam
1991 2739 2077 2778 se-

427 2813 693 2870 cundum
760 2813 1101 2870 essentiales
1169 2814 1429 2869 rationes
1491 2818 1866 2878 naturarum,
1917 2812 2077 2868 Chri-

429 2908 555 2959 stus
609 2902 766 2959 idem
818 2907 905 2960 est
951 2908 1130 2976 atque
1182 2903 1317 2960 duae
1381 2907 1633 2971 naturae,
1691 2903 1796 2958 sed
1864 2918 2075 2959 secun-

427 2994 576 3048 dum
617 3009 753 3065 quae
798 2997 934 3049 sunt
990 2994 1194 3059 atomi,
1228 2998 1284 3050 et
1335 3009 1468 3066 quas
1526 2996 1650 3048 tum
1696 2992 1905 3064 plurali
1954 2992 2075 3047 dici

428 3086 683 3155 possunt
710 3086 785 3148 (et
806 3098 1183 3155 quaecunque
1203 3083 1297 3138 his
1327 3081 1586 3153 similia),
1618 3080 1911 3137 differens.
1946 3083 2072 3136 Non

428 3170 624 3227 solum
678 3172 954 3243 mysterio
1013 3172 1243 3238 Christi,
1274 3172 1323 3226 si
1381 3171 1517 3243 quis
1567 3170 1865 3243 ejusmodi
1914 3185 2074 3241 quae-

426 3260 680 3316 stionem
751 3265 1067 3333 proponat,
1128 3260 1338 3316 solutio
1401 3260 1690 3333 praedicta
1744 3258 2071 3325 conveniet,

428 3349 535 3406 sed
604 3350 781 3406 etiam
834 3349 1183 3419 generaliter
1234 3350 1517 3406 omnibus
1570 3349 1628 3404 in
1696 3348 1917 3421 quibus
1973 3347 2075 3403 ad-

427 3437 616 3493 hiberi
676 3444 929 3509 possunt
975 3438 1263 3497 vocabula
1315 3444 1530 3495 natura
1586 3444 1642 3493 et
1690 3437 2069 3509 hypostasis:

429 3526 605 3596 quasi
636 3528 907 3582 Socrates
939 3532 994 3583 et
1021 3544 1211 3600 equus
1241 3544 1351 3584 sua
1396 3533 1611 3585 natura
1652 3542 1777 3583 non
1829 3525 2075 3581 omnino

431 3613 763 3677 suntidem,
783 3629 892 3669 nec
911 3616 1155 3670 omnino
1172 3614 1472 3680 differens,
1490 3615 1592 3670 sed
1613 3615 1884 3687 quodam
1898 3613 2076 3669 modo

432 3700 610 3765 idem,
644 3702 796 3756 sicut
819 3702 1099 3769 diximus,
1128 3704 1389 3772 quodam
1418 3702 1601 3759 modo
1634 3701 1932 3756 differens.

609 3790 926 3855 QUIESTIO
962 3790 1234 3847 CCXXXI.
1264 3790 1457 3863 [CoisL
1492 3793 1666 3847 Taur.
1692 3790 1901 3845 LXXIX

440 3878 646 3935 Utrum
705 3878 980 3935 Christus
1034 3880 1098 3936 in
1146 3881 1482 3938 universum
1528 3882 1811 3938 hominem
1856 3879 2079 3949 accepit

999 3954 1093 4009 vel
1124 3953 1462 4023 singulatim
1485 3951 1513 4007 ?

507 4041 557 4095 1.
598 4038 859 4095 Dicimus
907 4055 1099 4114 neque
1152 4041 1213 4096 in
1266 4042 1630 4107 universum,
1691 4056 1885 4113 neque
1966 4039 2082 4095 sin-

437 4128 946 4201 gulatim;neque
1000 4130 1158 4185 enim
1226 4130 1573 4187 alterutrum
1628 4146 1700 4186 ex
1762 4130 1889 4185 istis
1954 4145 2081 4186 esse

435 4234 505 4273 ex
533 4219 881 4274 necessitate
911 4218 1123 4284 debet;
1158 4235 1279 4275 non
1306 4220 1463 4275 enim
1488 4219 1819 4275 secundum
1851 4224 2083 4275 contra-

435 4306 753 4362 dictionem
808 4308 1056 4379 quaastio
1112 4307 1230 4364 illa.
1284 4308 1595 4365 Enimvero
1637 4308 1683 4364 si
1737 4308 1797 4364 in
1851 4309 2083 4364 univer-

2184 407 2340 465 ἡνίκα
2396 409 2551 479 ἄμφω
2613 408 2685 470 εἰς
2731 413 2852 481 μίαν
2898 408 3147 468 συνῆλθεν
3196 412 3511 465 ὑπόστασίν·
3584 416 3705 468 καθ’
3769 418 3800 468 ὃ

2187 501 2562 569 σημαινόμενον
2605 502 2757 570 μόνον
2804 501 2891 550 τόν
2942 502 3062 551 Υἱόν
3092 507 3165 570 τῷ
3199 502 3445 573 Κυριακῷ
3500 524 3661 576 φαμεν
3708 504 3797 556 ἀνο

2186 586 2372 658 θρὼπῳ
2425 595 2684 659 παρεῖναι,
2744 587 2913 640 ούκέτι
2990 584 3049 640 δὲ
3131 592 3217 641 τόν
3314 594 3536 664 Πατέρα,
3629 598 3657 652 ἧ
3732 598 3795 646 τό

2185 682 2411 747 Πνεῦμα.
2461 682 2559 729 Καὶ
2598 678 2733 728 κατὰ
2759 680 2847 748 μὲν
2879 679 2935 728 τὸ
2978 685 3184 752 πρῶτον
3235 684 3609 752 σημαινόμενον
3662 689 3798 736 πᾶσι

2182 773 2374 838 παρῆν,
2426 767 2598 841 ὥσπερ
2660 769 2866 839 ἔφημεν,
2918 764 3224 840 ἀνθρώποις,
3286 774 3376 821 καὶ
3445 769 3617 832 ἁπλῶς
3686 780 3798 834 τοῖς

2185 850 2332 905 οὖσιν
2371 856 2401 912 ἡ
2439 862 2531 906 τοὺ
2564 858 2737 926 Λόγου
2783 856 3097 918 ὑπόστασις
3149 859 3287 909 κατά
3334 854 3394 910 δὲ
3443 862 3501 910 τό
3550 856 3795 935 δεύτερον

2186 942 2376 1007 οὐκέτι,
2431 941 2557 994 ἀλλά
2602 948 2740 1016 μόνῳ
2785 951 2856 1007 τῷ
2907 951 3169 1018 Κυριακῷ·
3234 947 3408 1020 ὥσπερ
3461 952 3551 999 xui
3608 949 3633 999 6
3674 958 3793 1010 νοῦς

2186 1032 2210 1083 6
2251 1030 2298 1082 ἐν
2342 1033 2465 1103 ἡμῖν
2518 1032 2735 1104 πάρεστι
2764 1035 2852 1104 μὲν
2882 1039 3063 1098 πᾶσιν,
3112 1035 3189 1095 οἷς
3234 1032 3541 1102 ἐπιϐάλλων,
3596 1039 3790 1088 τούτων

2187 1118 2617 1193 ἀντιλαμϐάνεται
2688 1126 2775 1172 καὶ
2839 1128 2961 1188 νοεῖ,
3016 1123 3236 1196 πάρεστι
3284 1121 3343 1176 δὲ
3386 1130 3477 1176 xui
3528 1133 3602 1197 τῷ
3654 1125 3793 1197 ἐγκε-

2187 1209 2348 1281 φάλῳ,
2400 1214 2455 1274 ἧ,
2511 1210 2553 1262 εἰ
2602 1214 2672 1281 μὴ
2734 1208 2929 1282 βούλει,
2976 1210 3113 1284 ἄλλῳ
3160 1217 3262 1264 τινὶ
3301 1217 3467 1285 μορίῳ
3497 1222 3569 1265 τῶ
3618 1234 3794 1287 σωμα-

2186 1306 2335 1368 τικῷ·
2389 1302 2479 1351 καὶ
2517 1298 2609 1350 οὑκ
2662 1301 2799 1351 ἔστιν
2860 1301 3015 1371 ὁμοία
3061 1303 3087 1358 ὁ
3134 1306 3423 1374 παρουσία’
3478 1305 3508 1361 ἡ
3563 1306 3655 1376 μὲν
3694 1307 3793 1377 γὰρ

2188 1389 2299 1439 κατ’
2332 1387 2514 1440 οὑσίαν
2544 1393 2631 1440 καὶ
2663 1388 2906 1461 ὕπαρξιν,
2952 1391 2982 1447 ἡ
3021 1388 3069 1440 ἐν
3118 1398 3191 1460 τῷ
3234 1389 3575 1464 ἀφωρισμένῳ
3621 1397 3793 1465 μορίῳ

2192 1485 2494 1549 σωματικῷ,
2526 1478 2556 1535 ἡ
2597 1473 2655 1529 δὲ
2684 1480 2819 1530 κατὰ
2847 1481 3007 1550 μόνην
3036 1482 3217 1538 νόησιν
3244 1484 3331 1531 καὶ
3361 1480 3661 1553 ἀντίληψιν.

2261 1740 2327 1796 δ’.
2380 1748 2620 1818 Πότερον,
2677 1747 2706 1802 ἠ
2756 1752 2848 1797 τοῦ
2912 1749 3083 1817 Λόγου
3167 1746 3482 1815 ὑπόστασις,
3540 1748 3705 1819 ἤγουν
3769 1750 3793 1800 6

2190 1836 2438 1904 Χριστός,
2488 1832 2672 1885 ταύτόν
2717 1832 2828 1886 ἐστι
2868 1841 2985 1895 ταῖς
3014 1834 3173 1887 αὑτοῦ
3224 1835 3461 1907 φύσεσιν,
3512 1837 3541 1896 ᾖ
3578 1838 3791 1911 ἓτερον;

2190 1922 2498 1995 ἑκατέρωθεν
2582 1926 2682 1994 γὰρ
2765 1924 2956 1996 ἄπορον
3042 1923 3170 1976 εἶναι
3237 1933 3392 1977 ποιεῖ·
3452 1925 3495 1977 εἰ
3545 1929 3635 1997 μὲν
3690 1930 3792 2000 γὰρ

2185 2010 2387 2076 ταύτόν,
2418 2011 2520 2064 εἰσὶ
2556 2008 2613 2064 δὲ
2663 2008 2761 2065 δύο
2792 2014 2987 2084 φύσεις,
3041 2019 3130 2065 καὶ
3172 2014 3485 2076 ὑποστάσεις
3526 2016 3629 2090 ἄρα
3668 2012 3785 2068 δύο’

2188 2104 2217 2158 ἦ
2254 2098 2525 2169 ἀνάπαλιν,
2557 2102 2668 2153 ἔστι
2699 2097 2757 2153 δὲ
2787 2105 2884 2173 μία
2924 2104 3164 2165 σύνθετος
3210 2104 3519 2171 ὑπόστασις,
3554 2109 3644 2157 καὶ
3697 2112 3795 2176 μία

2189 2190 2291 2263 ἄρα
2330 2191 2566 2249 σύνθετος
2597 2192 2767 2261 φύσις
2798 2190 2840 2242 εἰ
2871 2186 2921 2242 δ’
2950 2193 3139 2265 ἕτερον,
3185 2192 3304 2244 ἔστι
3345 2190 3403 2245 δὲ
3447 2195 3613 2245 ἐκεῖνα
3664 2196 3795 2255 Θεὸς

2188 2284 2276 2330 καὶ
2307 2277 2593 2351 ἅνθρωπος·
2638 2278 2730 2330 ούκ
2758 2277 2859 2353 ἆρα
2907 2281 3203 2342 ὑπόστασις
3250 2282 3359 2351 [καὶ
3389 2283 3558 2353 φύσις]
3609 2286 3788 2343 ταυτα,

2189 2370 2214 2420 ὃ
2260 2373 2347 2419 καὶ
2404 2367 2741 2440 ἀτοπώτερον·
2805 2367 3072 2422 ἀκολουθεῖ
3120 2366 3169 2421 δ’
3222 2369 3437 2443 ἑκατέρα
3478 2378 3577 2422 τῶν
3609 2373 3794 2424 ὑποθέ-

2191 2477 2317 2511 σεων
2371 2461 2460 2509 καὶ
2514 2456 2641 2509 ἄλλα
2699 2457 2907 2509 πλείονα
2957 2459 3144 2511 ἄτοπα.
3199 2462 3368 2531 Φαμὲν
3425 2457 3530 2528 οὖν,
3586 2460 3791 2513 ἐπιλύσ-

3211 2551 3331 2601 ούτε
3394 2551 3577 2623 ἕτερον,
3660 2548 3786 2601 ἀλλά

2187 2642 2375 2711 τρόπον
2410 2640 2499 2707 μέν
2544 2656 2658 2688 τινα
2697 2636 2905 2704 ταύτόν,
2938 2641 3125 2709 τρόπον
3171 2633 3230 2689 δέ
3262 2657 3377 2689 τινα
3420 2640 3599 2710 ἕτερον·
3648 2640 3786 2690 κατά

2189 2566 2350 2619 μενοι,
2402 2550 2469 2607 ὡς
2526 2543 2642 2599 οὗτε
2694 2548 2880 2599 ταύτόν
2939 2546 3129 2613 ἁπλῶς,

2185 2728 2274 2797 μὲν
2321 2727 2422 2797 γὰρ
2472 2728 2588 2785 τοὺς
2636 2721 2913 2786 ούσιώδεις
2938 2725 3117 2797 λόγους
3151 2733 3253 2778 τῶν
3299 2730 3514 2799 φύσεων,
3544 2727 3731 2780 ταύτὸν
3763 2729 3788 2779 6

2186 2816 2412 2888 Χριστὸς
2447 2820 2561 2875 ταῖς
2610 2813 2794 2866 ἑαυτοῦ
2836 2817 3042 2885 φύσεσι·
3077 2814 3195 2867 καθ’
3242 2816 3268 2867 ὅ
3321 2811 3381 2867 δὲ
3430 2817 3487 2867 τὸ
3531 2817 3642 2887 μὲν,
3675 2817 3789 2867 ἄτο-

2184 2923 2303 2975 μον,
2332 2905 2397 2954 τά
2427 2899 2486 2955 δὲ
2511 2906 2646 2954 κατά
2688 2902 2928 2955 πλειόνων
2975 2899 3223 2955 δύνανται
3267 2904 3510 2974 λέγεσθαι
3550 2904 3661 2975 (καὶ
3692 2907 3790 2956 ὅσα

2184 2996 2379 3052 τούτοις
2422 2994 2619 3064 ὅμοια),
2666 2992 2851 3064 ἕτερον.
2892 2992 3003 3045 Ούκ
3044 2992 3126 3045 ἐπὶ
3156 2999 3246 3044 τοῦ
3292 2995 3427 3044 κατά
3461 2997 3690 3066 Χριστόν
3734 2990 3790 3045 δέ

2183 3086 2502 3155 μυστηρίου,
2563 3084 2606 3133 εἴ
2658 3102 2736 3144 τις
2784 3084 2842 3133 τό
2892 3090 3123 3134 τοιοῦτον
3168 3086 3410 3157 ἐρώτημα
3458 3085 3789 3158 προκομίζει,

2183 3173 2213 3229 ἡ
2245 3169 2521 3245 ἀπόκρισις
2568 3173 2593 3228 ὃ
2642 3170 2882 3244 εἰρημένη
2917 3171 3156 3243 ἁρμόσει,
3212 3170 3339 3223 ἀλλὰ
3375 3176 3466 3224 καὶ
3512 3171 3683 3232 ἁπλῶς
3708 3172 3791 3225 ἐπὶ

2183 3262 2402 3326 πάντων,
2436 3259 2510 3331 ἐφ’
2537 3261 2603 3310 ὧν
2637 3256 2859 3313 δύναται
2886 3260 3137 3331 λέγεσθαι
3164 3263 3319 3333 φύσις
3346 3266 3437 3312 καὶ
3469 3262 3783 3321 ὑπόστασιςσ

2184 3356 2273 3402 καὶ
2324 3353 2424 3423 γὰρ
2485 3350 2509 3401 ό
2556 3351 2825 3423 Σωκράτης
2880 3358 2939 3421 τῇ
2996 3349 3156 3402 αὑτοῦ
3218 3353 3369 3421 φύσει
3416 3355 3507 3402 xui
3554 3352 3579 3401 6
3640 3353 3791 3412 ἵππος

2184 3439 2300 3492 οὑτε
2348 3438 2535 3491 ταύτόν
2587 3438 2725 3491 ἐστιν
2770 3438 2959 3504 ἁπλῶς,
3014 3442 3131 3491 οὔτε
3188 3440 3374 3513 ἕτερον,
3432 3438 3558 3491 ἀλλά
3604 3443 3791 3511 τρόπον

2184 3533 2273 3601 μέν
2332 3548 2447 3580 τινα
2493 3528 2704 3597 ταύτόν,
2760 3529 2932 3601 ὥσπερ
2994 3530 3219 3602 εἴρηται,
3286 3532 3467 3600 τρόπον
3518 3524 3573 3579 δ’
3632 3527 3787 3580 ἄλλον

2186 3618 2374 3691 ἕτερον.

2733 3798 3044 3846 ΕΡΩΤΗΣΙΣ
3084 3792 3252 3847 ΣΛΛ’.

2192 3887 2427 3958 Πότερον,
2457 3885 2481 3934 6
2514 3886 2736 3956 Χριστὸς
2765 3886 2851 3934 τόν
2882 3883 3103 3958 καθόλου
3136 3883 3404 3955 ἄνθρωπον
3434 3880 3721 3946 ἀνελάϐετο,
3758 3882 3784 3940 ἦ

2755 3958 2839 4007 τὸν
2880 3954 2962 4006 ἐπί
2988 3958 3174 4028 μέρους
3203 3973 3214 4018 ;

2260 4042 2327 4098 α’.
2361 4046 2527 4115 Φαμὲν
2581 4047 2695 4096 οὔτε
2748 4047 2831 4095 τόν
2874 4043 3116 4108 καθόλου,
3168 4045 3283 4095 οὔτε
3327 4044 3413 4094 τόν
3458 4045 3542 4095 ἐπὶ
3582 4048 3785 4117 μέρους·

2191 4130 2313 4185 ούδέ
2360 4135 2457 4206 γὰρ
2507 4131 2559 4195 ἐξ
2610 4130 2836 4203 ἀνάγκης
2882 4134 3089 4205 θάτερον
3133 4134 3327 4184 τούτων
3377 4133 3641 4203 ὑπάρχειν
3688 4129 3786 4184 δεῐ’

2192 4222 2250 4275 ού
2300 4225 2401 4293 γὰρ
2446 4224 2581 4273 κατά
2624 4220 2899 4293 ἀντίφασιν
2953 4224 2982 4280 ἡ
3036 4220 3308 4295 ἐρώτησις.
3352 4221 3413 4274 Εἰ
3456 4224 3545 4293 μὲν
3575 4225 3675 4295 γὰρ
3706 4223 3793 4272 τὸν

2191 4311 2410 4363 καθόλου
2470 4310 2735 4385 ἄνθρωπον
2790 4309 3055 4362 ἀνελάϐετο
3131 4313 3156 4362 ό
3208 4313 3460 4385 Χριστός,
3518 4309 3794 4382 συμϐαίνει

438 4412 573 4451 sum
596 4396 823 4468 accepit
850 4395 1158 4451 hominem
1183 4396 1467 4466 Christus,
1492 4401 1636 4469 puta
1658 4413 1779 4453 non
1805 4397 1865 4452 in
1887 4412 2077 4453 essen-

2192 4401 2346 4453 αὑτὸν
2387 4405 2457 4471 μὴ
2504 4402 2619 4452 καθ’
2669 4400 2909 4473 ὓπαρξιν,
2967 4396 3097 4471 μηδ’
3146 4397 3193 4451 ἓν
3252 4399 3499 4457 αἰσθήσει
3552 4400 3794 4469 γενέσθαι

434 4485 602 4551 tiam,
636 4500 829 4556 neque
860 4485 986 4540 ﬁeri
1015 4486 1324 4542 hominem
1357 4486 1415 4541 in
1447 4502 1650 4551 sensu,
1686 4486 1790 4542 sed
1824 4487 1884 4542 in
1914 4486 2082 4542 intel-

434 4575 589 4630 lectu
620 4578 851 4630 tantum
884 4580 939 4630 et
968 4574 1379 4645 imagitatione
1408 4575 1558 4637 (haec
1597 4580 1685 4632 est
1740 4575 1903 4631 enim
1957 4575 2082 4631 uni-

436 4663 592 4720 versi
614 4664 917 4734 essentia),
947 4663 1181 4736 alioque
1210 4664 1391 4719 modo
1416 4669 1470 4719 et
1499 4664 1664 4719 illum
1695 4681 1815 4721 non
1848 4682 1979 4720 esse
2024 4666 2085 4722 in

435 4754 567 4809 loco
616 4752 1130 4824 circumscriptum
1174 4754 1503 4809 secundum
1554 4754 1943 4810 humanitatis
1985 4771 2086 4811 na-

437 4847 627 4898 turam
655 4859 667 4908 ;
694 4841 837 4897 nihil
863 4843 1021 4897 enim
1045 4858 1240 4898 rerum
1269 4842 1327 4897 in
1355 4843 1695 4898 universum
1721 4844 1949 4899 ratione
1974 4842 2085 4900 loci

435 4928 953 4988 circumscribitur.
984 4933 1235 5004 Insuper
1260 4937 1316 4988 et
1342 4933 1390 4989 si
1417 4932 1476 4988 in
1500 4932 1861 4999 universum,
1894 4933 2087 4990 homi-

434 5031 575 5072 nem
604 5021 829 5091 accepit
860 5021 1131 5091 Christus,
1164 5037 1301 5076 cum
1333 5021 1393 5077 in
1426 5022 1793 5088 universum,
1827 5022 1889 5078 id
1915 5028 2003 5079 est
2024 5022 2084 5079 in

436 5104 636 5160 multis
670 5110 936 5176 personis
971 5110 1434 5177 consideratam,
1470 5112 1579 5166 erit
1618 5111 1881 5166 Christus
1908 5112 1994 5182 (ut
2023 5111 2085 5167 in

437 5194 783 5250 universum
802 5200 1092 5268 acceperit
1108 5199 1438 5272 hominem)
1465 5214 1734 5272 personaa
1769 5199 1967 5256 multis
1990 5200 2083 5255 vel

436 5283 632 5358 potius
648 5282 913 5339 inﬁnitae.
930 5285 1267 5345 Concludas
1290 5293 1483 5345 autem
1506 5293 1563 5345 et
1580 5289 1747 5345 illum
1774 5288 1946 5346 nobis
1964 5305 2083 5346 non

434 5389 563 5429 esse
594 5372 1211 5443 consubstantialem;
1245 5394 1381 5433 cum
1418 5379 1576 5434 enim
1632 5378 1691 5433 in
1742 5379 2082 5436 universum

434 5464 744 5521 hominem
792 5464 943 5522 Deus
994 5464 1254 5522 Verbum
1305 5468 1645 5541 accepisset,
1678 5483 1787 5525 nec
1815 5468 1943 5540 jam
1974 5483 2084 5529 nos

2192 4492 2482 4562 ἄνθρωπον,
2516 4487 2624 4541 ἀλλ’
2653 4487 2851 4561 ἐπινοίᾳ
2891 4494 3018 4562 μόνη
3071 4493 3159 4540 καὶ
3190 4493 3452 4560 φαντασίᾳ
3500 4487 3656 4559 (αὕτη
3688 4490 3793 4561 γὰρ

2194 4581 2223 4637 ἡ
2253 4586 2342 4631 τοῦ
2370 4576 2591 4631 καθόλου
2644 4577 2903 4651 ύπαρξις,,
2935 4577 3097 4637 ἄλλως
3134 4596 3188 4629 τε
3220 4574 3278 4629 δὲ
3308 4581 3394 4629 καὶ
3441 4580 3511 4648 μὴ
3546 4574 3677 4628 εἶναι
3704 4576 3796 4627 αύ-

2194 4672 2280 4720 τόν
2320 4667 2367 4719 ἐν
2416 4672 2555 4737 τόπῳ
2602 4670 3039 4739 περιγραφόμενον
3081 4668 3217 4718 κατά
3258 4670 3349 4725 τὴν
3388 4672 3482 4726 τῆς
3526 4663 3796 4737 ἀνθρωπό-

2197 4777 2346 4819 τητος
2393 4760 2567 4828 φύσιν
2619 4752 2768 4807 οὐδὲν
2806 4758 2907 4828 γὰρ
2939 4764 3036 4808 τῶν
3093 4755 3317 4808 καθόλου
3373 4763 3597 4815 τοπικῶς
3642 4773 3797 4828 περι-

2192 4849 2471 4918 γράφεται,
2522 4844 2637 4896 Ἔτι
2692 4840 2751 4897 δὲ
2800 4849 2890 4896 καὶ
2935 4844 2975 4896 εἰ
3008 4848 3092 4895 τόν
3136 4843 3358 4896 καθόλου
3405 4844 3675 4910 ἄνθρωπον
3707 4842 3795 4893 ἀν-

2195 4934 2398 4988 ελάϐετο
2447 4935 2472 4985 ό
2522 4936 2772 5008 Χριστὸς,
2819 4936 2877 4985 τὸ
2933 4929 2991 4985 δὲ
3037 4932 3259 4985 καθόλου
3290 4935 3443 4984 τοῦτό
3475 4931 3607 4995 ἐστι,
3655 4935 3710 4983 τὸ
3743 4930 3792 4983 ἐν

2193 5022 2405 5083 πολλαῖς
2468 5022 2795 5074 ὑποστάσεσι
2855 5023 3213 5095 θεωρούμενον,
3270 5024 3417 5073 ἔσται
3472 5022 3497 5071 6
3558 5024 3797 5088 Χριστὸς

2196 5112 2326 5183 (ἐπεὶ
2378 5116 2463 5163 τόν
2521 5110 2743 5163 καθόλου
2796 5110 3057 5182 ἀνείληφεν
3120 5111 3412 5185 ἄνθρωπον)
3475 5111 3795 5171 ὑποστάσεις

2192 5200 2394 5265 πολλαὶ,
2446 5200 2635 5271 μᾶλλον
2703 5196 2783 5267 δὲ,
2837 5201 3063 5272 ἄπειροι.
3120 5198 3393 5272 Συμϐαίνει
3451 5196 3510 5251 δὲ
3561 5203 3650 5251 καὶ
3721 5203 3794 5270 μὴ

2193 5286 2320 5342 εἶναι
2367 5291 2490 5361 ἡμῖν
2540 5289 2691 5340 αὐτόν
2760 5290 3055 5361 όμοούσιον·
3115 5287 3492 5360 ἀναληφθέντος
3551 5288 3653 5361 γὰρ
3704 5294 3799 5338 τοῦ

2191 5378 2411 5431 καθόλου
2466 5377 2736 5452 ἀνθρώπου
2796 5377 2843 5429 ἐν
2895 5386 2966 5448 τῷ
3015 5384 3127 5448 Θεῷ
3187 5382 3362 5449 Λόγῳ,
3417 5376 3594 5429 ούκέτε
3652 5376 3801 5445 ἡμεῖς

2193 5469 2455 5547 ἂνθρωποι
2525 5468 2853 5544 λεχθείημεν·
2932 5469 3083 5521 πόθεν
3157 5468 3259 5542 γὰρ
3348 5472 3497 5519 τοῦτο
3580 5463 3803 5543 ὑπάρξει
