4026 6206
177 343 195 394 1
207 333 312 396 293

1204 329 1296 388 AD
1335 319 1808 398 ΟΠΑΞΞΤΙΟΝΕΞ
1848 318 2507 378 AMPHILOCHIANAS.

3394 315 3533 374 1294

163 465 310 535 ἡμῖν,
371 465 460 513 καὶ
509 461 644 512 κατά
701 463 754 510 τί
801 461 1182 529 κοινωνήσομεν
1231 464 1303 528 τῷ
1351 462 1601 528 Χριστῷ;
1638 454 1775 525 ῐίρός

1908 447 2024 503 Iicti
2053 462 2322 503 essemus
2354 447 2669 511 homines;
2705 444 2864 501 unde
2889 445 3048 502 enim
3081 445 3193 503 hoc
3246 450 3400 503 esset
3430 461 3535 501 no-

169 549 218 604 δ’
267 548 332 602 αὖ
385 557 496 612 τοίς
554 548 845 622 εἰρημένοις
895 551 982 598 xui
1031 546 1199 619 ἕτερον
1248 545 1462 618 ὑπάρξει
1502 543 1771 612 ἀτόπημα,

166 645 223 694 τό
281 649 382 692 τῶν
435 637 720 713 ἀνθρώπων
770 639 983 688 ἕκαστον
1046 640 1135 686 xui
1198 635 1466 708 ἄνθρωπον
1521 629 1647 684 εἶναι
1685 639 1774 687 καὶ

170 735 240 803 μὴ
295 731 568 803 ἄνθρωπον
602 743 615 758 ·
647 727 865 786 ἕκαστος
915 727 1015 796 γὰρ
1069 725 1215 796 ἡμῶν
1275 724 1410 774 κατά
1466 725 1552 773 τὸν
1607 719 1769 776 ἀληθῆ

168 820 316 890 λόγον
346 819 618 890 ἄνθρωπός
642 815 752 868 ἔστί
800 833 853 866 τε
881 818 969 865 καὶ
1025 812 1335 884 ὀνομάζεται
1368 827 1381 840 ⁶
1415 817 1506 862 τοῦ
1543 805 1602 861 δε
1641 808 1773 859 καθ-

169 908 307 979 όλου,
354 906 471 958 καθ’
509 904 535 957 ὃ
582 906 770 966 πάντες
819 903 1082 976 ἄνθρωποι
1138 897 1270 952 εἶναι
1327 899 1576 971 ἐλέγοντο,
1634 898 1776 970 παρά

169 1005 260 1050 τοῦ
311 1002 446 1050 Θεοῦ
507 998 682 1065 Λόγου
723 991 1119 1064 ἀναληφθέντος,
1177 998 1286 1051 πῶς
1315 987 1538 1061 ἐσόμεθα
1571 987 1776 1058 ἄνθρω-

169 1107 258 1140 ποι
288 1103 302 1154 ;
336 1087 432 1138 Διά
463 1081 550 1136 οὖν
583 1089 758 1135 ταῦτα
803 1083 969 1132 πάντα
1025 1084 1114 1131 καὶ
1159 1079 1306 1150 ἕτερα
1355 1076 1565 1129 πλείονα
1607 1073 1664 1126 ού
1695 1072 1774 1124 λέ-

167 1195 324 1248 γομεν
377 1172 690 1244 ἀνειληφέναι
751 1173 838 1223 τὸν
884 1172 1115 1241 Χριστόν
1174 1170 1260 1219 τὸν
1309 1165 1530 1218 καθόλου
1583 1165 1778 1236 ἀνθρω-

166 1284 288 1320 πον.
327 1261 467 1316 Ἀλλ’
511 1257 629 1314 οὐδὲ
658 1263 745 1312 τόν
797 1261 880 1311 ἐπὶ
926 1261 1114 1332 μέρους
1171 1257 1438 1331 ἄνθρωπον
1484 1250 1688 1306 δίκαιον
1719 1249 1779 1301 ἂν

171 1356 248 1410 εἵη
301 1352 465 1424 λέγειν
528 1352 613 1401 τὸν
677 1351 907 1422 Χριστόν
960 1345 1278 1418 ἀνειληφέναι
1308 1359 1322 1374 ⁸
1370 1344 1412 1396 εἰ
1467 1345 1568 1417 γὰρ
1632 1348 1782 1393 τοῦτο

175 1439 378 1507 δοθείη,
421 1439 482 1492 ού
511 1443 608 1512 μία
634 1440 784 1490 ἔσται
813 1438 838 1488 6
869 1439 1098 1508 Χριστὸς
1130 1436 1442 1498 ὑπόστασις,
1476 1431 1605 1484 ἀλλὰ
1635 1428 1731 1482 δύο
1766 1443 1781 1458 ⁶

175 1535 292 1584 τότε
349 1531 452 1602 γὰρ
511 1527 780 1580 ἀναλαϐεῖν
833 1525 1024 1597 ἐλέγετο
1054 1526 1079 1576 6
1127 1527 1354 1598 Χριστὸς
1400 1527 1486 1574 τὸν
1545 1520 1593 1573 ἐν
1641 1525 1787 1593 μέρει

172 1623 470 1694 ἄνθρωπον,
505 1620 552 1670 εἴ
599 1635 655 1688 γε
698 1621 792 1675 τὴν
845 1619 998 1688 φύσιν
1050 1617 1178 1688 μετά
1225 1623 1324 1666 τῶν
1371 1611 1669 1685 ἰδιωμάτων
1701 1610 1787 1663 ἀν-

173 1708 348 1762 έλαϐεν
383 1725 396 1738 ’
434 1707 564 1764 αύτή
616 1703 676 1758 δε
706 1701 858 1757 οὐδὲν
910 1705 1078 1777 ἕτερόν
1123 1702 1283 1768 ἔστιν,
1319 1703 1347 1760 ἢ
1379 1704 1694 1763 ὑπόστασις.
1722 1703 1788 1754 Τί

175 1795 265 1850 οὖν
325 1795 603 1849 ἀνελάϐετο
649 1797 674 1846 6
728 1798 978 1866 Χριστὸς,
1030 1791 1132 1865 ἐρεῖ
1187 1812 1286 1859 τις,
1348 1795 1486 1865 εῖπερ
1533 1795 1648 1843 οὔτε
1698 1793 1785 1842 τὸν

174 1886 399 1939 καθόλου
459 1886 756 1960 ἄνθρωπον,
811 1887 926 1936 οὔτε
980 1886 1065 1935 τόν
1108 1885 1156 1934 ἐν
1199 1886 1342 1956 μέρει
1391 1880 1789 1952 ἀνείληφε;Λέ-

174 1996 353 2049 γομεν,
395 1977 476 2027 ὅτι
529 1971 796 2026 ἁνελάϐετο
854 1976 943 2045 μὲν
991 1977 1086 2030 την
1143 1970 1464 2044 ἀνθρωπείαν
1517 1973 1692 2042 φύσιν,
1737 1969 1788 2032 ἐξ

186 2066 377 2118 ἑαυτοῦ
411 2060 470 2116 δε
500 2065 526 2115 6
557 2067 727 2134 Λόγος
772 2066 1011 2137 παρέσχε
1053 2065 1119 2113 τά
1181 2057 1465 2134 ἰδιώματα,
1500 2065 1589 2112 xui
1631 2059 1790 2122 οὕτως

195 2151 423 2226 οὐδεμία
448 2151 636 2206 ἀτοπία
663 2150 1025 2227 παρακολουθή
1037 2169 1134 2204 σει.

363 2336 434 2386 Τὸ
496 2333 729 2404 Χριστὸς
779 2332 940 2402 ὄνομα
996 2331 1116 2404 ὅρου
1190 2326 1412 2402 δύναμιν
1463 2333 1594 2402 ἔχει,
1637 2330 1666 2389 ἦ
1709 2328 1793 2381 ού-

183 2427 305 2485 σίας
349 2423 464 2475 ἐστὶ
517 2423 858 2494 σημαντικὸν,
921 2422 1158 2495 καθάπερ
1216 2422 1481 2495 ἄνθρωπος
1523 2421 1552 2478 ἡ
1591 2421 1790 2483 innec;

185 2515 321 2564 Οὔτε
351 2513 472 2584 ὅρου
515 2507 738 2583 δύναμιν
783 2513 915 2582 ἔχει,
948 2513 1064 2562 οὔτε
1097 2509 1279 2571 ούσίας
1308 2509 1422 2562 ἐστὶ
1451 2511 1790 2580 σημαντικόν,

186 2604 516 2676 πράγματος
577 2595 637 2652 δέ
693 2618 828 2660 τινος
882 2595 1163 2662 δηλοῦντος
1213 2597 1462 2672 ἐνέργειαν
1509 2615 1521 2628 ·
1579 2601 1638 2650 τὸ
1691 2599 1792 2672 γὰρ

191 2693 423 2764 Χριστὸς
483 2692 644 2761 ὄνομα
718 2692 841 2760 μίαν
910 2689 1203 2740 ύποστασιν
1262 2693 1522 2761 σημαίνει,
1581 2687 1687 2739 ἀλλ’
1736 2687 1794 2739 ού

190 2783 318 2851 μίαν
374 2780 528 2849 φύσιν
582 2793 595 2806 ·
647 2778 876 2849 Χριστός
931 2779 1032 2850 γὰρ
1089 2782 1417 2852 μονοτρόπως
1468 2777 1526 2830 ού
1572 2776 1792 2848 λέγεται,

189 2866 300 2918 ἀλλ’
336 2865 386 2918 ἐν
418 2865 558 2936 αύτῷ
587 2873 658 2936 τῷ
690 2864 920 2937 ὀνόματι,
968 2865 1039 2918 ἐνὶ
1085 2870 1210 2938 ὄντι,
1267 2867 1514 2942 ἑκατέρων
1554 2868 1797 2941 πραγμά-

190 2973 294 3006 των
321 2950 618 3007 δείκνυνται
659 2959 921 3027 σημασία,
957 2956 1191 3016 θεότητος
1237 2961 1326 3009 καὶ
1365 2954 1756 3028 ἀνθρωπότητος
1779 2971 1792 2985 ⁸

194 3039 286 3095 διὸ
337 3048 429 3095 καὶ
483 3046 612 3106 Θεὸς
667 3043 916 3116 λέγεταιὸ
953 3049 1184 3118 Χριστὸς
1235 3049 1324 3098 καὶ
1369 3047 1657 3121 ἄνθρωπος,
1707 3048 1796 3096 xui

193 3132 268 3192 εἷς
291 3131 429 3184 ἔστιν
460 3133 486 3184 6
516 3136 762 3208 Χριστός.

748 3246 1062 3294 ΕΡΩΤΗΣΙΣ
1099 3239 1249 3295 ΤΙΘ’.

191 3351 260 3400 Ti
323 3349 569 3419 σημαίνει
619 3348 650 3405 ἡ
722 3354 813 3399 τοῦ
882 3346 1226 3420 Ἀϐεσσαλὼμ
1275 3355 1348 3420 τῷ
1403 3352 1564 3422 πατρὶ
1615 3347 1798 3401 ἐπανάο

896 3438 1085 3482 στασις
1109 3435 1122 3484 ;

272 3523 336 3578 Ἦ
381 3528 478 3582 τὴν
506 3531 607 3576 τῶν
639 3520 908 3578 Ἰουδαίων
957 3525 1192 3586 εἰκονίζει
1238 3528 1375 3578 κατὰ
1429 3533 1520 3579 τοῦ
1567 3533 1803 3599 Σωτῆρος

211 3611 572 3666 ἕπανάστασιν
620 3614 731 3684 (xui
793 3618 891 3687 γὰρ
945 3618 1064 3678 Υἱὸς
1113 3620 1435 3689 πρωτότοκος
1485 3617 1510 3668 6
1569 3614 1802 3690 Ἰσραὴλ,

192 3709 310 3771 καὶ,
369 3705 521 3765 Υἱοὺς
579 3701 828 3775 ἐγέννησα
892 3708 982 3757 xui
1027 3704 1220 3776 ύψωσα
1290 3711 1380 3758 καὶ
1428 3706 1605 3778 τὸν)...
1660 3705 1802 3770 οὖτο,

196 3791 582 3853 ἐπαναστάντες
674 3789 950 3865 διήνεγκαν
1031 3795 1265 3858 θάνατον,
1349 3795 1640 3866 Ῥωμαϊκῆς
1709 3814 1807 3866 μαι

193 3885 422 3954 χαίρας,
466 3881 508 3933 εἰ
564 3885 653 3934 καὶ
696 3883 828 3955 μετά
877 3880 1069 3940 πολλὴν
1118 3884 1500 3957 μακροθυμίαν,
1550 3887 1808 3955 γεγονότε-

111 4035 116 4039 ,
193 3969 575 4042 παρανάλωμα.
618 3969 737 4022 Ὃτι
792 3967 959 4023 Δαυίδ
1009 3969 1261 4023 κωλύεται
1308 3974 1394 4024 τὸν
1432 3974 1551 4024 ναὸν
1600 3969 1810 4034 οἰκοδος

92 4063 99 4071 ’
191 4067 390 4130 μῆσαι,
443 4061 743 4130 ταμιεύεται
785 4055 844 4112 δὲ
874 4063 930 4112 τό
980 4061 1127 4134 ἔργον
1182 4060 1254 4122 εἰς
1298 4064 1382 4114 τὸν
1413 4059 1466 4123 ἐξ
1517 4061 1677 4114 αὐτοῦ
1697 4081 1809 4133 γεν-

71 4212 94 4222 ἒ
189 4149 420 4205 νηθίντα
460 4147 778 4220 Σολομῶντα,
840 4148 894 4210 ὃς
957 4148 1287 4222 ἑρμηνεύεται
1342 4149 1619 4224 εἰρηνικός,
1670 4147 1810 4204 διότ-

192 4255 294 4310 περ
355 4238 384 4294 ἡ
445 4235 800 4298 ἐνυπόστατος
862 4237 1063 4311 εἰρήνη,
1122 4242 1348 4312 Χριστὸς
1405 4240 1430 4290 6
1480 4242 1608 4301 Θεὸς
1644 4241 1812 4311 ἡμώνι

188 4324 400 4398 ἔμελλεν
431 4324 489 4377 ού
531 4333 608 4396 τῷ
660 4322 934 4378 Ἰουδαίων
987 4329 1116 4379 ἔθνει
1161 4333 1334 4400 μόνον,
1368 4327 1495 4380 ἀλλά
1541 4333 1630 4380 xui
1659 4331 1814 4381 παντὶ

80 4407 116 4488 θ’,
186 4422 272 4484 τῷ
323 4418 458 4486 γένει
513 4417 635 4466 ναὸν
697 4411 1051 4488 οἰκοδομῆσαι
1107 4416 1422 4488 ἁγιωσύνης,
1480 4417 1540 4470 οὗ
1595 4419 1643 4469 οἱ
1693 4436 1816 4469 xur-

191 4503 505 4575 ἀξιούμενοι
543 4504 612 4554 ὧν
660 4523 714 4556 τε
766 4500 970 4557 δέονται
1023 4507 1373 4577 τυγχάνουσι,
1425 4510 1514 4558 καὶ
1559 4507 1816 4579 κάθαρσιν

186 4600 302 4644 τῶν
346 4591 806 4665 πλημμελημάτων
872 4595 1228 4669 εὑρίσκουσιν.
1288 4595 1432 4649 Ἐπεί
1485 4600 1678 4671 κυρίως
1729 4597 1819 4647 xui

186 4682 335 4754 οὐχὶ
390 4691 491 4734 τῶν
547 4683 781 4756 αἱμάτων
829 4685 995 4760 χάριν
1049 4685 1350 4753 κεκώλυται,
1386 4685 1430 4738 εἰ
1475 4691 1564 4739 xui
1595 4689 1816 4763 εἴρηται,

131 4839 140 4850 α
186 4770 312 4824 ἀλλ’
350 4772 432 4824 ὅτι
476 4779 550 4844 τῷ
601 4774 750 4844 τύπῳ
800 4772 1110 4846 ἐφυλάττετο
1157 4780 1247 4829 καὶ
1281 4775 1370 4834 ὅλη
1411 4783 1484 4847 τῷ
1514 4778 1659 4850 τύπῳ
1683 4796 1819 4850 συμ-

72 4852 109 4892 τξ
129 4855 141 4921 ἐ
181 4879 296 4935 περ
305 4859 560 4920 ιείληπτο.

73 4939 144 4974 οἶα-⁷

76 4971 86 4982 ι
93 4971 95 4978 τ

771 4973 1089 5022 ΕΡΩΤΗΣΙΣ
1128 4969 1253 5026 TK'.

71 5069 156 5158 ,ς
177 5081 257 5130 Τί
346 5072 462 5127 ἐστι
541 5077 600 5126 τό
694 5073 1055 5158 φοιϐήσασθαι
1134 5083 1224 5131 καὶ
1291 5077 1599 5152 φιλάκρωμα
1670 5098 1818 5157 περι-

911 5149 1073 5200 θεῖναι
1105 5165 1118 5215 ;

262 5255 346 5307 Τό
375 5254 466 5326 μὶν
523 5251 882 5325 φοιϐήσασθαι
929 5254 1062 5326 λέγει
1111 5259 1223 5309 ἀντὶ
1285 5265 1378 5310 τοῦ
1419 5263 1490 5331 μὴ
1548 5266 1816 5332 μαντείαις

1883 537 1974 593 bis
2006 541 2061 592 et
2083 537 2142 592 in
2173 551 2294 608 quo
2325 550 2678 592 communes
2709 535 2935 590 Christo
2963 535 3177 590 redditi
3209 551 3476 591 essemus
3503 537 3530 591 ?

1882 629 2137 682 Rursum
2167 626 2226 680 in
2257 623 2426 681 dictis
2454 625 2664 680 subest
2693 629 2750 679 et
2776 623 2895 680 alia
2923 623 3280 690 absurditas,
3313 625 3532 681 scilicet

1884 730 2379 787 unumquemque
2411 713 2725 770 hominum
2744 719 2800 769 et
2831 713 3141 769 hominem
3173 730 3299 769 esse
3331 720 3384 770 et
3413 729 3535 770 non

1885 803 2187 861 hominem
2213 823 2226 872 ;
2258 803 2668 876 unusquisque
2691 802 2851 858 enim
2883 803 3069 858 nostri
3093 804 3426 860 secundum
3442 819 3534 860 ve-

1884 909 2020 950 rum
2042 907 2380 949 sermonem
2396 900 2452 948 et
2482 892 2666 948 homo
2689 898 2776 947 est
2805 898 2860 948 et
2881 891 3098 948 dicitur
3123 909 3136 958 ;
3168 893 3271 949 sed
3293 892 3536 948 homine

1885 982 1946 1038 in
1965 982 2308 1037 universum
2331 980 2664 1036 secundum
2684 996 2867 1052 quem
2889 998 3100 1037 omnes
3120 981 3396 1039 homines
3415 996 3541 1036 esse

1886 1070 2241 1126 dicebantur
2288 1069 2451 1141 apud
2504 1069 2689 1124 Deum
2748 1071 3010 1126 Verbum
3068 1077 3333 1142 accepto,
3397 1085 3542 1143 quo-

1890 1161 2068 1216 modo
2097 1159 2320 1214 erimus
2343 1159 2617 1214 homines
2646 1159 2673 1213 ‘I
2699 1158 2944 1231 Propter
2974 1160 3101 1216 haec
3131 1160 3309 1229 igitur
3335 1161 3542 1216 omnia

1887 1254 1944 1305 et
1973 1248 2085 1304 alia
2132 1247 2391 1319 plurima
2438 1262 2560 1302 non
2592 1246 2850 1303 dicimus
2899 1248 3195 1320 accepisse
3244 1247 3542 1304 Christum

1888 1337 2194 1392 hominem
2227 1337 2287 1391 in
2321 1336 2682 1391 universum.
2716 1336 2830 1392 Sed
2853 1352 3049 1408 neque
3073 1337 3410 1408 singulatim
3438 1337 3544 1392 ho-

1890 1427 2115 1481 minem
2139 1426 2366 1496 justum
2395 1429 2484 1480 est
2507 1423 2702 1480 dicere
2730 1425 3026 1481 Christum
3059 1429 3360 1497 accepisse
3386 1441 3399 1491 ;
3431 1426 3542 1481 hoc

1891 1515 2051 1571 enim
2082 1515 2131 1570 si
2161 1513 2603 1579 concederetur,
2636 1529 2759 1570 non
2792 1531 2910 1571 una
2939 1523 3092 1571 esset
3123 1515 3384 1571 Christus
3419 1530 3543 1585 per-

1893 1619 2064 1669 sona,
2093 1603 2195 1658 sed
2221 1603 2344 1658 duo
2376 1617 2389 1668 ;
2422 1608 2562 1658 tunc
2585 1603 2744 1659 enim
2775 1603 3066 1660 diceretur
3097 1603 3368 1660 Christus
3395 1603 3544 1660 acci-

1894 1707 2033 1764 pere
2063 1690 2370 1747 hominem
2393 1691 2715 1761 sigillatim,
2746 1691 2793 1747 si
2817 1697 3095 1748 naturam
3125 1709 3262 1748 cum
3289 1691 3545 1763 proprie-

1895 1781 2113 1837 tatibus
2143 1780 2452 1852 acciperet,
2485 1796 2618 1852 quae
2658 1781 2802 1836 nihil
2843 1781 3005 1837 aliud
3057 1786 3148 1838 est
3184 1797 3368 1853 quam
3415 1795 3545 1852 per-

1897 1885 2068 1926 sona.
2099 1869 2246 1935 Quid
2276 1884 2418 1940 ergo
2445 1869 2674 1941 accepit
2700 1869 2984 1941 Christus,
3017 1870 3174 1926 dicet
3215 1869 3451 1941 aliquis,
3501 1869 3550 1923 si

1896 1958 2139 2032 quidem
2164 1973 2352 2028 neque
2383 1957 2441 2013 in
2468 1959 2815 2014 universum
2847 1958 3174 2025 hominem,
3205 1974 3399 2030 neque
3433 1958 3548 2013 sin-

1898 2046 2146 2118 gulatim
2197 2045 2786 2118 accepit?Dicimus,
2841 2046 2982 2118 quia
3031 2048 3268 2119 quidem
3324 2047 3553 2118 accepit

1898 2137 2229 2194 humanam
2265 2141 2558 2201 naturam,
2592 2153 2664 2192 ex
2711 2137 2843 2209 ipsa
2873 2144 3075 2194 autem
3108 2137 3370 2193 Verbum
3397 2152 3551 2208 prie-

1897 2226 2031 2282 buit
2058 2226 2448 2299 proprietates
2476 2231 2532 2282 et
2564 2226 2649 2281 sic
2679 2225 2847 2282 nulla
2879 2232 3160 2299 sequetur
3189 2225 3550 2283 absurditas.

1971 2321 2023 2371 2.
2058 2319 2284 2372 Nomen
2307 2316 2576 2372 Christus
2606 2331 2742 2371 num
2763 2317 2996 2372 termini
3016 2316 3315 2383 virtutem,
3348 2314 3442 2371 vel
3465 2330 3554 2371 es-

1901 2405 2104 2461 sentiaa
2117 2404 2528 2474 significanda:
2543 2405 2661 2460 vim
2673 2404 3032 2471 habet,sicut
3043 2405 3218 2462 homo
3234 2405 3327 2461 vel
3338 2405 3556 2476 equus?

1901 2498 2102 2567 Neque
2159 2494 2393 2551 termini
2447 2496 2738 2562 virtutem,
2767 2513 2954 2570 neque
3014 2498 3283 2555 essentia;
3337 2497 3556 2567 signiﬁ-

1903 2584 2112 2640 canda:
2149 2584 2269 2639 vim
2301 2585 2497 2651 habet,
2538 2586 2642 2640 sed
2672 2585 2923 2658 alicujus
2957 2587 3041 2642 rei
3071 2586 3558 2643 demonstranda

1905 2673 2246 2731 facultatem
2270 2689 2284 2740 ;
2317 2689 2540 2729 nomen
2570 2675 2734 2731 enim
2750 2676 3019 2732 Christus
3035 2693 3218 2732 unam
3235 2691 3560 2748 personam

1905 2762 2218 2834 signiﬁcat,
2265 2778 2388 2818 non
2442 2768 2636 2820 autem
2693 2779 2878 2820 unam
2935 2771 3211 2821 naturam
3247 2781 3260 2830 ;
3294 2765 3560 2820 Christus

1905 2852 2065 2908 enim
2095 2866 2216 2907 non
2257 2851 2600 2923 simpliciter
2629 2851 2864 2920 dicitur,
2895 2854 3000 2909 sed
3030 2853 3090 2909 in
3121 2854 3247 2924 ipso
3292 2852 3557 2922 nomine,

1905 2956 2044 2996 cum
2077 2955 2264 2994 unum
2294 2941 2385 3005 sit,
2431 2941 2690 2996 duarum
2731 2957 2931 2998 rerum
2972 2942 3296 2998 ostenditur
3337 2940 3561 3011 signiﬁ-

1905 3034 2092 3096 catus,
2124 3027 2443 3085 divinitatis
2489 3034 2548 3086 et
2583 3030 2972 3088 humanitatis
3001 3049 3014 3099 ;
3046 3030 3263 3087 idcirco
3312 3036 3369 3088 et
3407 3031 3561 3087 Deus

1905 3117 2120 3175 dicitur
2153 3117 2423 3174 Christus
2455 3123 2512 3176 et
2550 3120 2756 3189 homo,
2789 3124 2848 3176 et
2872 3137 3028 3176 unus
3058 3125 3145 3177 est
3187 3119 3558 3192 Christus“)-

2075 3226 2397 3293 QU/ESTIO
2425 3225 2676 3283 cccxxx
2710 3228 2904 3299 [CoisL
2945 3230 3123 3286 Taur.
3145 3226 3401 3300 XCVIVJ.

1981 3333 2139 3401 Quid
2164 3333 2449 3404 signiﬁcat
2480 3333 2800 3391 Absalonis
2822 3336 2884 3391 in
2907 3341 3143 3405 patrem
3169 3333 3435 3392 rebellio1
3462 3333 3492 3388 ἵ

1970 3443 2086 3498 Aut
2107 3441 2450 3498 Judaeorum
2470 3442 2687 3512 ﬁgurat
2707 3443 2765 3498 in
2796 3442 3160 3500 Salvatorem
3178 3442 3565 3499 rebellionem

1912 3531 2151 3603 (etenim
2170 3532 2377 3590 :Filius
2390 3532 2817 3603 primogenitus
2827 3533 3068 3590 Israel“
3089 3549 3103 3600 ;
3119 3537 3176 3589 et
3190 3532 3372 3589 Filios
3389 3531 3569 3604 genui

1912 3627 1967 3678 et
2005 3623 2320 3678 exaltaei“
2345 3637 2359 3687 ;
2390 3644 2416 3670 ι»
2445 3626 2502 3677 et
2528 3621 2604 3694 (2)
2644 3663 2657 3677 .
2679 3666 2692 3679 .
2715 3666 2728 3679 .
2751 3667 2764 3679 .
2787 3667 2799 3679 .
2821 3665 2835 3679 .
2858 3662 2872 3677 .
2909 3622 2972 3678 hi
3013 3621 3367 3678 rebellantes
3413 3636 3570 3677 mor-

1913 3716 2033 3767 tem
2065 3710 2396 3776 subierunt,
2437 3709 2716 3767 Romano
2745 3711 3009 3768 districto
3040 3711 3260 3782 gladio,
3297 3710 3407 3766 etsi
3437 3710 3570 3782 qui-

1914 3800 2051 3855 dem
2083 3804 2217 3871 post
2248 3799 2500 3854 multam
2537 3800 2888 3871 superbiam
2917 3801 3236 3872 perierunt.
3274 3799 3424 3865 Quia
3454 3800 3569 3856 Da-

1915 3887 2018 3943 vid
2045 3887 2393 3960 prohibetur
2417 3903 2454 3943 a
2492 3887 2717 3960 templo
2757 3889 3134 3955 aediﬁcando,
3187 3893 3572 3944 conservatur

1916 3993 2071 4048 opus
2100 3980 2243 4032 nato
2260 3976 2389 4046 ejus
2409 3975 2793 4042 Salomoni“,
2824 3977 2987 4048 quod
3017 3977 3434 4049 interpretatur
3457 3993 3570 4048 pa-

1918 4067 2140 4135 ciﬁcus,
2168 4063 2312 4137 quia
2334 4064 2748 4137 personiﬁcata
2767 4081 2883 4138 pax
2907 4065 3166 4122 Christus
3190 4068 3344 4121 Deus
3370 4071 3574 4122 noster

1919 4154 2174 4211 debebat
2193 4153 2492 4210 aediﬁcare
2513 4169 2634 4210 non
2662 4158 2891 4210 tantum
2933 4153 3190 4211 Judaicaa
3232 4154 3413 4226 genti,
3465 4154 3571 4210 sed

1921 4244 2102 4300 etiam
2172 4243 2339 4299 omni
2398 4241 2560 4314 genti
2618 4243 2942 4300 sanctitatis
3001 4243 3336 4314 templum;
3397 4243 3570 4314 cujus

1922 4331 2028 4405 qui
2056 4335 2194 4388 sunt
2218 4331 2384 4402 digni
2408 4337 2462 4387 et
2491 4331 2712 4404 quibus
2739 4331 3005 4404 indigent
3033 4332 3322 4399 obtinent,
3349 4339 3406 4388 et
3431 4331 3571 4388 deli-

1925 4426 2158 4477 ctorum
2178 4420 2659 4493 puriﬁcationem
2682 4421 3012 4478 inveniunt.
3037 4422 3334 4487 Quoniam
3360 4420 3574 4492 princi-

1926 4509 2138 4583 paliter
2159 4516 2216 4565 et
2233 4510 2308 4583 (3)
2333 4526 2454 4566 non
2485 4511 2847 4581 sanguinum
2870 4511 3058 4582 gratia
3076 4511 3574 4584 impedimentum

1927 4600 2168 4667 exstitit,
2187 4600 2295 4658 etsi
2312 4601 2562 4668 dicatur,
2583 4600 2688 4657 sed
2709 4601 2874 4673 quod
2893 4602 2951 4657 in
2965 4600 3161 4672 ﬁgura
3177 4597 3573 4658 conservaba-

1927 4693 2023 4748 tur
2051 4695 2107 4746 et
2134 4690 2195 4747 in
2224 4690 2421 4762 ﬁgura
2447 4690 2949 4764 comprehensum
2974 4690 3100 4748 fuit.

2104 4973 2428 5042 QUESTIO
2457 4977 2667 5032 CCCXX
2700 4975 2904 5050 [CoisL
2938 4977 3113 5036 Taur.
3146 4976 3371 5052 XCVII].

2070 5083 2224 5151 Quid
2251 5090 2333 5140 est
2363 5084 2697 5155 phaebizare
2719 5091 2771 5142 et
2805 5101 2870 5141 ea
2885 5085 3106 5142 lvitiem
3137 5086 3385 5144 induere
3409 5086 3438 5140 9

1994 5261 2335 5320 Phcebizare
2376 5261 2514 5318 dicit
2555 5277 2685 5334 pro,
2720 5263 3086 5322 divinatione
3113 5265 3215 5321 uti.
3263 5265 3576 5325 Catm‘tiem

74 5413 79 5440 ί
265 5406 321 5443 ¹¹
356 5404 542 5462 Exod.
573 5405 649 5478 iv,
671 5409 759 5462 22.
838 5408 885 5444 ¹²
916 5407 1036 5464 Isa.
1068 5423 1110 5476 1,
1132 5412 1187 5466 2.
1264 5410 1312 5446 ¹³
1343 5410 1389 5465 ll
1422 5411 1564 5482 Reg.
1597 5428 1789 5481 nun:

1908 5429 2113 5487 'seqq.

74 5663 134 5715 ,ἀς

101 5499 378 5614 ξξέηρλ
409 5529 555 5587 Vide
591 5531 768 5590 etiam
825 5534 882 5589 s.
919 5531 1192 5590 Damasc.
1256 5535 1506 5592 Orthod.
1558 5537 1666 5606 βά.
1727 5541 1816 5604 Ill,

74 5505 138 5532 3,21

101 5559 161 5599 97,1:

189 5602 402 5669 H455.

1998 5539 2080 5682 ἓξέ
2106 5539 2563 5684 miris:-
