3916 6192
518 307 3139 322 wowmm..
3156 307 3317 315 _...._.,
3330 309 3339 313 _
3374 311 3383 316 <

240 322 303 329 ...η
366 320 421 327 γνο-

941 499 1139 651 IN
1320 490 1957 651 OPERA
2104 492 2487 667 Ι)Ηο

1320 490 1957 651 OPERA
2104 492 2775 667 ΡΗΟΤΙΙ

1352 789 1564 853 NUNC
1608 788 1924 852 PRIMUM
1968 788 2387 852 COLLECTA

341 972 1019 1082 EDITOBUM
1102 910 1962 1079 PATROLOGIZE
2040 970 2541 1077 cursem
2618 969 3345 1076 PREFATIO.

1680 1169 2075 1184 _——-—

1372 1266 1412 1323 Ι.
1435 1300 1505 1312 -
1540 1268 1615 1324 De
1646 1285 1872 1340 persona
1910 1278 1959 1324 et
1998 1270 2159 1339 gestis
2194 1267 2397 1324 Photii.

307 1376 539 1433 Photius
572 1376 905 1448 scriptorum
936 1392 1161 1433 suorum
1188 1379 1347 1449 copia
1377 1390 1433 1436 et
1456 1381 1706 1437 doctrina
1734 1380 1986 1447 celebris,
2039 1391 2095 1436 at
2130 1380 2491 1444 facinoribus,
2530 1381 2733 1451 quibus
2763 1380 2855 1433 diu
2888 1376 3188 1433 Ecclesiam
3228 1378 3515 1447 perturba-

227 1466 339 1525 vit,
368 1475 424 1520 ct
448 1465 789 1521 teterrimum
818 1467 1058 1522 schisma
1098 1469 1470 1539 inauguravit,
1502 1471 1663 1540 longe
1711 1468 1978 1524 celebrior
2006 1471 2199 1527 evasit.
2231 1470 2403 1541 Cujus
2444 1470 2641 1524 indolis
2674 1477 2729 1522 et
2771 1467 2968 1538 agendi
3012 1467 3240 1522 rationis
3269 1464 3515 1519 notitiam

234 1564 301 1607 ut
325 1554 500 1608 lector
524 1554 593 1607 ab
616 1552 774 1608 initio
803 1564 1146 1625 perspectam
1178 1558 1400 1623 habeat,
1438 1567 1589 1627 gesta
1621 1557 1742 1626 ejus
1767 1556 2109 1613 brevissimis
2143 1558 2326 1614 verbis
2357 1557 2762 1612 enarrabimus.

314 1639 559 1711 lgnatius
592 1641 875 1697 Michaelis
905 1642 1269 1715 Curopalataa,
1304 1648 1653 1715 imperatoris
1672 1644 2263 1715 Constantinopolitani
2311 1645 2478 1710 ﬁlius,
2504 1646 2596 1699 sed
2630 1644 2699 1697 ab
2740 1642 2967 1696 infantia
3003 1657 3033 1695 a
3064 1640 3249 1696 Leone
3278 1640 3518 1693 Armeno

239 1731 511 1791 eviratus,
540 1731 753 1801 nejura
793 1731 945 1801 regni
986 1732 1087 1786 sibi
1132 1750 1372 1803 unquam
1419 1733 1743 1799 vindicaret,
1788 1735 2085 1790 monachus
2133 1734 2193 1789 S.
2244 1733 2423 1805 Satyri
2466 1743 2521 1788 et
2562 1732 2821 1787 sacerdos
2868 1730 3064 1796 factus,
3112 1743 3261 1783 anno
3307 1729 3433 1789 846,
3466 1729 3519 1780 in

238 1818 612 1886 patriarcbam
644 1820 1316 1889 (lonstantinopolitanum
1363 1823 1567 1878 electus
1595 1832 1700 1887 est,
1726 1833 1782 1877 et
1812 1823 1993 1878 sedem
2038 1822 2461 1891 patriarchalem
2505 1819 2671 1875 Nova:
2712 1820 2918 1882 linteae,
2971 1819 3218 1872 omnium
3255 1819 3521 1870 virtutum

234 1906 669 1960 sacerdotalium
702 1907 992 1976 splendore
1025 1910 1339 1964 illustravit.
1376 1909 1531 1965 Tunc
1559 1912 1821 1981 temporis
1864 1910 2153 1982 imperium
2184 1910 2625 1974 administrabat,
2667 1908 2832 1963 veluti
2875 1906 2971 1961 ﬁlii
3002 1906 3087 1962 sui
3140 1905 3306 1960 tutrix
3343 1904 3521 1959 Theo-

235 1994 397 2058 dora,
426 1992 710 2049 Michaelis
738 1995 878 2049 ebrii
910 2006 1105 2061 mater,
1140 2013 1271 2067 quae
1288 2013 1435 2052 anno
1485 1999 1611 2063 842,
1655 2000 1909 2055 haeresim
1957 1999 2445 2065 lconoelastarum,
2502 2008 2795 2069 postquam
2841 2011 2938 2067 per
2976 2009 3154 2051 annos
3199 2003 3420 2049 centum
3464 2003 3524 2048 et

233 2081 429 2151 viginti
466 2084 682 2136 vineam
718 2081 937 2138 Domini
970 2094 1263 2148 vastasset,
1296 2085 1516 2140 tandem
1551 2087 1863 2143 suﬁ‘ocavit.

312 2167 563 2234 Michael,
606 2185 731 2225 cum
772 2186 977 2227 annum
1020 2173 1345 2245 vigesimum
1392 2176 1628 2245 primum
1657 2177 1833 2231 aetatis
1865 2190 1979 2231 suae
2018 2176 2311 2247 attigisset,
2350 2191 2495 2231 anno
2542 2175 2750 2233 scilicet
2793 2173 2920 2240 857,
2966 2187 3135 2227 suasu
3165 2169 3356 2225 Bardze
3386 2168 3507 2223 Cte-

236 2258 407 2323 saris,
455 2267 512 2314 et
562 2260 821 2315 avunculi
872 2262 981 2330 sui,
1031 2262 1255 2317 tutelam
1304 2263 1496 2318 matris
1545 2265 1806 2331 excussit,
1853 2274 1911 2320 et
1952 2280 2063 2335 quo
2112 2265 2330 2320 facilius
2370 2264 2555 2336 pravis
2592 2264 2708 2319 suis
2746 2261 3140 2332 cupiditatibus
3189 2258 3516 2328 indulgeret,

238 2357 473 2401 matrem
516 2355 572 2402 et
610 2363 829 2405 sorores
874 2350 928 2404 in
977 2352 1373 2406 monasterium
1423 2353 1640 2408 detrudi
1710 2368 1774 2410 ac
1834 2355 2044 2409 tonderi
2088 2354 2273 2425 jussit.
2314 2356 2385 2408 At
2436 2354 2638 2425 iniqua:
2688 2368 2801 2407 suae
2865 2347 3148 2407 sententize
3207 2348 3523 2403 consentire

240 2432 421 2487 noluit
450 2433 694 2503 lgnatius
727 2437 1064 2506 patriarcha,
1092 2438 1177 2492 vir
1205 2439 1329 2509 pius
1367 2448 1421 2494 et
1440 2440 1644 2510 justus,
1674 2441 1766 2511 qui
1799 2443 1901 2497 hac
1929 2442 1997 2497 de
2056 2458 2223 2499 causa
2264 2442 2585 2499 Michaelem
2628 2441 2977 2497 vehementer
2999 2437 3225 2494 olfendit
3252 2444 3306 2490 et
3333 2449 3363 2488 a
3391 2434 3524 2488 sede

239 2521 623 2591 patriarchali,
649 2523 737 2579 die
763 2524 834 2578 25
862 2524 1187 2583 Novembris
1215 2542 1358 2582 anno
1382 2528 1508 2594 857,
1534 2545 1642 2583 non
1667 2530 1787 2584 sine
1810 2530 1889 2596 vi,
1914 2532 2173 2601 expulsus
2203 2540 2312 2587 est.

318 2608 555 2667 Sceleris
587 2611 752 2683 hujus
785 2614 1042 2684 praecipui
1075 2624 1330 2671 auctores
1365 2617 1587 2672 fuerunt
1618 2616 1824 2673 Bardas
1851 2617 2034 2674 Caesar
2061 2629 2116 2675 et
2139 2617 2371 2675 Michael
2416 2620 2748 2690 imperator;
2780 2624 2835 2672 at
2862 2615 3111 2687 ejusdem
3141 2620 3527 2682 cooperatores

240 2707 407 2753 erant
434 2697 685 2769 Photius,
710 2701 889 2757 adhuc
915 2702 1115 2765 laicus,
1164 2704 1258 2773 qui
1291 2705 1476 2760 sedem
1507 2706 1925 2776 patriarchalem
1955 2707 2218 2772 atttbibat,
2249 2720 2301 2763 et
2330 2706 2626 2779 Gregorius
2650 2707 2871 2772 Abeste,
2902 2704 3191 2774 episcopus
3226 2702 3524 2773 Syracusa-

242 2802 374 2853 nus,
400 2803 565 2858 quem
601 2790 865 2859 lgnatius,
895 2807 986 2845 an.
1018 2790 1147 2856 847,
1173 2794 1245 2847 ob
1282 2792 1526 2848 facinora
1561 2810 1683 2860 sua,
1714 2796 2011 2866 episcopali
2039 2796 2301 2865 dignitate
2326 2797 2674 2865 spoliaverat.
2697 2792 3013 2863 Gregorius,
3040 2792 3196 2862 jussu
3230 2790 3528 2858 imperato-

244 2876 348 2941 ris,
378 2875 635 2935 PhOtium
662 2878 882 2945 laicum,
909 2881 944 2935 5
968 2880 1181 2934 dierum
1205 2881 1382 2951 spatio
1410 2882 1476 2935 ad
1509 2896 1698 2939 sacros
1722 2882 1944 2938 ordines
1974 2893 2027 2938 et
2054 2884 2122 2938 ad
2153 2883 2331 2953 ipsum
2365 2884 2765 2953 episcopatum,
2793 2882 2847 2935 in
2878 2889 3251 2949 contemptura
3288 2876 3392 2931 SS.
3428 2891 3527 2931 ca-

246 2977 480 3033 nonum,
512 2969 806 3035 promovit,
835 2968 910 3022 ita
938 2979 999 3024 ut
1028 2967 1254 3025 Photius
1284 2970 1372 3025 die
1403 2970 1475 3025 25
1504 2969 1817 3026 Decembris
1833 2972 2077 3041 ejusdem
2110 2971 2237 3026 anni
2262 2972 2366 3025 857
2384 2972 2641 3027 thronum
2671 2968 3092 3040 patriarchalcm
3114 2966 3531 3023 conscenderet.

318 3050 577 3123 Episcopi
627 3056 922 3123 provincia:
968 3056 1588 3127 Constantinopolitanae
1637 3074 1850 3125 omnes,
1896 3062 2141 3130 exceptis
2209 3069 2419 3115 tantum
2467 3060 2659 3130 viginti
2705 3067 2760 3113 et
2802 3073 2935 3123 uno,
3000 3070 3124 3109 mox
3185 3055 3239 3108 in
3298 3053 3527 3109 ecclesia

249 3137 315 3194 S.
371 3138 555 3196 lrenes
594 3140 1068 3214 ConstantinOpoli
1125 3155 1518 3213 convenerunt,
1569 3155 1625 3202 et
1657 3146 1913 3204 Photiuin
1970 3162 2231 3219 tanquam
2271 3164 2543 3203 canonum
2580 3155 3011 3216 contemptorem
3050 3153 3107 3199 ct
3155 3144 3303 3199 sedis
3334 3143 3526 3198 alienat

248 3230 586 3294 invasorem,
615 3229 989 3300 deposuerunt
1020 3240 1074 3287 et
1102 3234 1453 3289 anathemate
1481 3246 1896 3304 percusserunt.

322 3319 395 3372 At
433 3317 666 3376 Photius
716 3322 1044 3378 auctoritate
1084 3322 1274 3378 Bardae
1293 3336 1349 3380 et
1391 3324 1670 3383 Michaelis
1728 3327 1920 3395 fretus,
1944 3325 2135 3399 viginti
2176 3333 2230 3380 et
2265 3339 2431 3380 unum
2481 3324 2769 3394 episcopos
2800 3322 2902 3378 sibi
2934 3323 3275 3377 adhaerentes
3303 3333 3529 3389 congrc~

252 3406 405 3475 gavit
430 3404 485 3459 in
519 3408 721 3477 templo
754 3406 858 3463 SS.
891 3410 1297 3480 Apostolorum,
1331 3421 1383 3467 et
1428 3413 1695 3484 lgnatium
1732 3415 1803 3469 ob
1832 3414 1957 3471 ﬁcta
1989 3415 2223 3469 crimina
2259 3411 2530 3483 deposuit,
2564 3411 2727 3480 eique
2767 3412 3058 3465 anathema
3087 3410 3245 3463 dixit.

327 3492 644 3552 Conventus
676 3496 753 3551 illi
782 3498 915 3563 duo,
939 3513 1085 3553 anno
1114 3492 1219 3554 859
1240 3498 1496 3555 celebrati
1529 3510 1679 3569 sunt;
1705 3511 1761 3556 at
1786 3502 1982 3557 nedum
2004 3517 2193 3573 pacem
2218 3508 2613 3565 restaurarent,
2646 3500 2977 3554 discordiam
3001 3500 3155 3554 novis
3181 3494 3533 3552 incrementis

255 3594 553 3641 auxerunt.

335 3673 459 3729 Ideo
484 3674 712 3731 Photius
748 3676 1133 3733 auctoritatem
1160 3678 1354 3749 primae
1382 3680 1528 3737 sedis
1556 3679 1662 3736 sibi
1702 3679 2101 3737 conciliandam
2139 3694 2265 3737 esse
2293 3679 2528 3750 putavit,
2561 3693 2673 3749 quo
2712 3676 2930 3732 tandem
2977 3672 3318 3731 adversarios
3345 3670 3532 3742 oppri-

256 3772 457 3826 meret,
484 3773 538 3818 et
564 3764 749 3834 quiete
778 3780 875 3821 sua
909 3768 1268 3837 usurpatione
1300 3767 1572 3823 frueretur

333 3852 480 3908 Misit
508 3854 693 3921 itaque
724 3854 791 3909 ad
817 3853 1105 3910 Nicolaum
1137 3856 1157 3910 Ι
1187 3856 1495 3912 Romanum
1541 3858 1853 3927 pontiﬁcem
1881 3857 2093 3913 litteras
2129 3857 2521 3923 venerationis,
2558 3853 2889 3910 humilitatis
2930 3867 2992 3906 ae
3032 3849 3388 3920 subjectionis
3419 3847 3534 3917 ple-

261 3956 389 4005 nas,
430 3942 631 4011 quibus
659 3944 955 4012 postulavit
985 3954 1046 4000 ut
1075 3960 1329 4000 summus
1370 3946 1617 4015 pontifex
1658 3946 2190 4018 Constantinopolim
2225 3945 2434 4017 legatos
2465 3945 2727 4011 mitteret,
2757 3944 2851 4013 qui
2902 3940 3226 3996 dissidentes
3250 3938 3538 4008 episcopos

262 4030 535 4093 audirent,
558 4041 614 4085 et
639 4034 1012 4100 perturbatam
1055 4049 1245 4103 pacem
1274 4035 1642 4089 restituerent.

333 4116 596 4173 Nicolaus
614 4119 756 4174 votis
780 4118 957 4175 Photii
977 4122 1170 4174 annuit
1196 4131 1270 4185 et,
1293 4136 1437 4175 anno
1462 4120 1588 4186 860,
1612 4121 1775 4191 hujus
1806 4123 2007 4194 negotii
2041 4121 2311 4179 tractandi
2337 4136 2501 4177 causa
2530 4115 3062 4186 Constantinopolim
3086 4113 3235 4169 misit
3257 4110 3539 4166 Rhodoal-
3625 4182 3633 4193 ι

258 4207 393 4285 dum
420 4216 473 4261 et
494 4206 815 4262 Zachariam
843 4210 1148 4280 episcopos,
1172 4211 1267 4281 qui
1299 4226 1423 4265 eum
1460 4227 1485 4262 a
1511 4209 1707 4264 Photio
1744 4209 1977 4266 fuissent
2015 4212 2395 4275 circumventi,
2436 4209 2632 4279 partim
2656 4222 2725 4261 ex
2748 4208 2965 4268 timore,
2994 4202 3189 4272 partitn
3219 4217 3282 4254 ex
3314 4201 3535 4269 pusilla-

261 4294 533 4357 nimitate,
562 4296 614 4349 in
655 4297 891 4351 concilio
923 4299 1027 4354 518
1048 4301 1428 4370 episcoporum
1451 4313 1590 4369 quos
1611 4296 1836 4355 Photius
1866 4310 2285 4365 convocaverat,
2313 4300 2365 4353 in
2390 4297 2788 4368 depositionem
2811 4293 3005 4364 lgnatii
3044 4299 3463 4347 consenserunt.

338 4383 409 4437 At
440 4383 631 4437 eodem
666 4399 812 4438 anno
840 4386 965 4449 861,
988 4386 1268 4455 Nicolaus,
1304 4399 1593 4459 postquam
1621 4390 1924 4461 legatorum
1955 4404 2178 4443 suorum
2202 4386 2702 4457 praevaricationem
2732 4381 3101 4452 cognovisset,
3127 4378 3315 4431 Romae
3348 4376 3505 4431 conci
3530 4404 3538 4411 -

260 4471 400 4525 lium
438 4471 768 4526 coadunavit
789 4480 863 4536 et,
892 4488 1078 4528 coram
1109 4476 1285 4544 legato
1314 4477 1593 4533 Michaelis
1622 4477 1973 4548 imperatoris
2005 4475 2135 4541 CP.,
2167 4475 2468 4531 declaravit
2511 4489 2569 4529 se
2598 4487 2731 4528 suos
2760 4471 2967 4541 legatos
3005 4465 3536 4533 ConstantinOpolini

263 4574 376 4612 non
410 4559 632 4613 misisse
657 4566 715 4612 ut
747 4557 1144 4628 depositionem
1185 4563 1378 4630 Ignatii
1404 4574 1458 4619 et
1485 4567 1897 4635 usurpationem
1916 4565 2107 4621 'Photii
2138 4575 2289 4620 ratas
2313 4564 2599 4626 haberent,
2630 4562 2723 4617 sed
2754 4571 2817 4613 ut
2851 4568 3051 4614 statum
3089 4571 3270 4610 rerum
3312 4554 3541 4622 indaga-

218 4659 388 4727 Ηηιιιι
414 4659 471 4705 et
499 4650 568 4704 de
604 4651 859 4704 remediis
898 4651 963 4705 ad
1006 4655 1307 4707 sanandam
1357 4656 1491 4710 cleri
1536 4656 1865 4711 discordiam
1909 4657 2050 4727 aptis
2089 4654 2412 4710 sententiam
2464 4651 2793 4722 proferrent.
2838 4679 2910 4688 —
2953 4646 3158 4701 Deinde
3209 4651 3331 4715 post
3385 4644 3537 4697 bieu-

264 4740 446 4805 nium,
491 4754 615 4793 cum
666 4737 893 4793 Photius
931 4756 961 4793 a
1002 4738 1236 4795 fovendo
1266 4743 1562 4798 schismate
1593 4744 2215 4813 Constantinopolitano,
2267 4742 2415 4796 etab
2454 4737 2758 4795 exercenda
2814 4735 3096 4807 tyrannide
3131 4749 3237 4787 non
3274 4739 3536 4793 cessaret,

266 4826 529 4883 Nicolaus
556 4829 598 4892 Ι,
633 4844 723 4883 an.
756 4828 884 4893 863,
914 4830 969 4883 in
1001 4830 1235 4884 concilio
1260 4830 1530 4899 Romano,
1558 4850 1619 4887 ea
1654 4848 1773 4902 qua:
1794 4848 1883 4886 an.
1913 4832 2008 4886 861
2044 4842 2231 4885 contra
2281 4828 2546 4900 Ignatium
2582 4836 2701 4882 aeta
2731 4826 2948 4880 fuerant
2980 4821 3259 4885 rescindit,
3291 4820 3537 4873 Photiqu

268 4925 654 4986 usurpaturem
705 4917 897 4971 aliena:
940 4918 1087 4974 sedis
1116 4918 1433 4986 declaravit,
1469 4928 1523 4975 et
1562 4920 1771 4991 legatos
1818 4934 1971 4984 suos,
2000 4920 2091 4990 qui
2136 4918 2647 4989 praavarieaverant,
2703 4915 3022 4986 episcopatu
3072 4918 3127 4965 et
3154 4908 3544 4963 communione

266 5004 641 5058 ecclesiastica
664 5004 919 5072 privavit.

342 5091 551 5145 Nedum
589 5091 814 5146 Photius
836 5107 1108 5162 suprema:
1138 5095 1478 5150 auctoritatis
1504 5094 1733 5165 judicio,
1759 5096 1904 5165 quod
1938 5102 2353 5167 provocaverat,
2376 5093 2769 5163 acquiesceret,
2793 5092 2847 5145 in
2871 5090 3000 5144 illud
3023 5089 3285 5143 audacter
3315 5085 3541 5142 rebella-

269 5181 368 5244 vit,
388 5189 443 5234 et
470 5195 536 5234 eo
566 5182 891 5236 temeritatis
912 5183 1151 5249 devenit,
1183 5193 1243 5238 ut
1283 5185 1506 5255 proprio
1533 5196 1707 5240 marte
1736 5195 1856 5240 acta
1882 5186 2167 5255 cujusdam
2198 5182 2416 5249 concilii
2445 5182 2769 5237 meumenici
2794 5195 2859 5235 ex
2884 5178 3058 5249 capite
3088 5178 3335 5248 ﬁngeret,
3360 5175 3413 5228 in
3434 5188 3543 5243 quo

269 5267 556 5323 Nicolaum
601 5269 623 5323 l
664 5271 1187 5338 excommunicaret,
1226 5272 1525 5329 Ecclesiam
1586 5274 1833 5329 Latinam
1882 5275 2144 5330 conviciis
2193 5282 2248 5329 et
2289 5271 2582 5328 calumniis
2620 5272 2924 5341 impeterct,
2976 5264 3357 5338 exprobrando
3410 5263 3544 5333 ipsis

275 5360 419 5428 quod
447 5359 770 5431 Symbolum
810 5359 933 5416 ﬁdei
962 5372 1331 5430 mutaverant,
1378 5373 1685 5436 caeteraque
1716 5365 2035 5437 gravantina
2069 5363 2182 5435 jam
2214 5363 2447 5433 prolata,
2500 5360 2901 5432 exaggerando.
2946 5359 3020 5414 De
3061 5356 3258 5413 l‘hotio
3296 5354 3545 5410 scribens

271 5454 602 5509 Anastasius
636 5454 1090 5512 Bibliothecarius
1127 5477 1141 5511 :

349 5565 368 5597 ι
384 5545 583 5600 Verum
604 5547 705 5601 iste
735 5547 1014 5617 falsarius,
1035 5552 1132 5615 ait,
1155 5552 1417 5607 falsorum
1436 5568 1759 5609 excessuum
1776 5551 2043 5606 adversus
2071 5550 2343 5605 insontem
2363 5550 2645 5604 absentem
2670 5557 2722 5602 et
2750 5546 3036 5609 invictum,
3055 5542 3373 5599 mendacem
3398 5542 3549 5596 codi-

277 5650 397 5691 cem
426 5635 708 5700 contpilat,
747 5637 896 5692 mille
920 5638 1140 5695 circiter
1176 5640 1486 5696 antistitum
1526 5642 1964 5711 subscriptiones
1997 5637 2608 5703 falsasiulerserit,sibi
2646 5637 2865 5691 nemine
2888 5648 3119 5703 prorsus
3160 5636 3544 5686 CUIISL‘Illit‘IllU

478 5731 753 5792 PATuOL.
796 5733 911 5792 Gn.
962 5734 1056 5795 Cl.
3069 5745 3105 5781 α
