3916 6192
429 266 464 309 ιι
1504 258 1900 320 ΡΒιΕΒΑΤΙΟ
1923 259 1975 319 Ἰ]

1504 258 1900 320 ΡΒιΕΒΑΤΙΟ
1923 258 2014 320 ἸΝ
2056 258 2317 322 PHOTII
2352 264 2621 325 OPERA.

423 388 507 445 vel
535 388 921 445 conscribente
968 406 1035 446 ex
1065 390 1154 445 illa
1186 405 1479 447 numerosa
1515 392 1904 462 episcOporum
1942 390 2317 459 multitudine,
2356 395 2463 450 nisi
2495 411 2606 450 uno
2642 404 2695 451 et
2738 395 2935 466 viginti
2986 394 3336 466 praesnlibus.
3374 392 3531 450 Unde
3559 392 3671 462 jam

420 478 703 549 profusius
738 479 917 534 sancti
956 479 1173 534 habitus
1205 481 1305 535 viri
1353 496 1478 536 eum
1516 480 1751 550 fugiunt,
1789 490 1842 535 et
1874 481 2031 550 quasi
2068 482 2383 551 squalorem
2419 486 2710 553 quemdam
2746 484 3044 549 declinant,
3089 487 3321 539 alterum
3353 470 3673 537 Dioscorum

420 567 569 620 hunc
608 568 966 636 appellantes,
1000 576 1054 622 et
1094 584 1486 638 prtecursorem
1519 568 1869 631 Antichristi,
1903 568 2014 622 imo
2062 570 2242 640 ipsum
2274 571 2675 626 Antichristum
2713 572 3115 638 existimantes,
3141 587 3302 642 quem
3338 570 3547 625 scilicet
3580 572 3677 623 ho-

420 655 620 708 minem
653 656 861 724 peccati
890 655 1169 723 Iiliumque
1197 648 1520 725 perditionis
1546 656 1839 725 Apostolus
1871 656 2219 727 appellasset,
2250 661 2342 729 qui
2375 659 2621 729 profecto
2640 660 3001 717 extolleretur
3030 675 3194 730 supra
3228 674 3389 714 omne
3413 657 3558 728 quod
3592 657 3678 711 di-

418 743 568 796 citur
604 741 746 797 Deus
772 750 868 795 aut
898 742 1043 811 quod
1074 743 1276 796 colitur
1307 742 1340 774 "
1375 744 1469 813 (α).
1492 763 1517 795 1

492 831 747 902 Episcopi
773 830 1037 896 Orientis,
1072 833 1314 902 exceptis
1348 833 1533 903 viginti
1581 842 1635 888 et
1668 849 1800 899 uno,
1842 844 2034 890 contra
2085 836 2370 890 audaciam
2430 836 2608 892 Photii
2657 838 3041 903 reclamarunt,
3090 837 3333 891 dicentes
3375 834 3680 889 inauditum

418 938 564 988 esse,
600 940 697 977 nec
736 923 967 993 justum,
1007 926 1331 979 sententiam
1372 926 1441 979 ab
1488 924 1732 980 inferiori
1773 927 1827 980 in
1880 928 2216 996 superiorem
2266 928 2433 996 ferri;
2481 930 2573 983 sed
2611 930 2837 985 Photius
2868 931 2937 985 ab
2978 930 3227 998 incteptis
3256 942 3363 982 non
3396 927 3681 990 abstinuit,

419 1012 518 1068 sed
542 1013 597 1066 in
626 1011 929 1081 pervicacia
963 1012 1218 1081 perstitit,
1243 1013 1417 1069 donec
1445 1014 1605 1084 paulo
1634 1022 1757 1084 post
1784 1022 1992 1069 mutato
2022 1030 2205 1069 rerum
2253 1026 2423 1081 statu,
2469 1015 2693 1070 Photius
2720 1032 2749 1070 a
2785 1016 2985 1071 Basilio
3017 1015 3311 1071 Macedone
3355 1030 3422 1070 ex
3453 1015 3684 1069 ecclesia

420 1102 527 1159 CP.
578 1102 784 1171 ejectus
833 1112 937 1157 est.
974 1103 1133 1157 Anno
1178 1104 1384 1159 scilicet
1430 1104 1555 1167 867,
1591 1120 1697 1174 quo
1732 1103 1959 1159 Photius
1979 1103 2111 1159 Acta
2134 1105 2555 1172 pseudoconcilii
2613 1106 2866 1171 ﬁnxerat,
2909 1106 3144 1160 Michael
3191 1105 3507 1174 imperator,
3535 1104 3683 1174 gravi

423 1190 738 1260 suspicione
769 1200 969 1257 motus,
999 1190 1232 1246 Bardam
1278 1193 1607 1248 avunculum
1644 1193 1936 1247 trucidavit
1976 1207 2138 1262 opera
2172 1191 2356 1246 Basilii
2398 1192 2728 1257 Macedonis,
2761 1209 2923 1263 quem
2974 1208 3096 1247 cum
3135 1191 3363 1263 imperio
3400 1206 3500 1245 SIIO
3532 1206 3687 1246 asso-

419 1280 642 1345 ciasset,
670 1277 1070 1334 interfectorem
1115 1291 1372 1349 expertus
1396 1288 1500 1335 est.
1548 1280 1785 1336 Basilius
1815 1295 2027 1335 summa
2073 1281 2398 1335 auctoritate
2446 1281 2674 1350 potitus,
2715 1280 2969 1336 Photium
3001 1281 3182 1350 ejecit,
3214 1289 3269 1334 et
3316 1280 3583 1351 lgnatium
3614 1279 3687 1332 ab

419 1366 617 1420 essilio
646 1374 958 1420 revocatum
989 1366 1103 1421 sedi
1146 1368 1492 1437 patriarchali
1522 1368 1782 1433 restituit,
1820 1382 2057 1434 moxque
2109 1364 2443 1420 Hadrianum
2478 1367 2541 1431 ll,
2572 1368 2665 1438 qui
2717 1369 2911 1422 eodem
2955 1382 3102 1422 anno
3127 1367 3228 1422 867
3263 1367 3485 1420 Nicolao
3511 1364 3530 1418 Ι
3555 1380 3684 1420 suc-

420 1462 683 1519 cesserat,
717 1453 869 1518 adiit,
902 1465 963 1508 ut
985 1454 1171 1509 missis
1202 1455 1394 1525 legatis
1432 1463 1633 1509 statum
1667 1454 1915 1509 ecclesia:
1941 1452 2122 1519 C.-P.,
2155 1453 2274 1507 diro
2309 1456 2604 1509 schismate
2635 1455 3035 1525 perturbatum,
3059 1462 3436 1523 componeret.

495 1538 819 1611 Postquam,
855 1550 1154 1596 convocato
1199 1542 1434 1597 concilio
1481 1540 1753 1605 Romano,
1786 1541 2093 1598 Hadrianus
2148 1542 2427 1608 Photium,
2478 1544 2550 1600 ob
2597 1546 3009 1615 pronuntiatum
3055 1544 3110 1597 in
3145 1542 3425 1599 Nicolaum
3471 1542 3514 1606 Ι,
3549 1557 3685 1596 aua-

422 1627 627 1692 thema,
652 1626 883 1681 solemni
911 1629 1179 1683 sententia
1223 1629 1777 1694 excommunicasset,
1806 1638 1857 1683 et
1905 1645 1970 1684 ea
2012 1644 2133 1699 quae
2160 1646 2255 1700 pro
2290 1646 2421 1700 pace
2468 1630 2724 1687 Ecclesiae
2776 1630 3399 1699 Constantinopolitanae
3428 1643 3458 1682 a
3500 1638 3689 1681 sancta

421 1714 550 1769 sede
583 1715 883 1784 apostolica
911 1716 1124 1770 decreta
1165 1716 1400 1783 fuerant,
1430 1718 1833 1780 conﬁrmasset,
1854 1716 2381 1789 ConstantinOpolim
2418 1719 2624 1789 legatos
2652 1719 2823 1785 misit,
2862 1729 2922 1774 ut
2958 1720 3287 1773 interessent
3323 1722 3517 1771 octavo
3552 1727 3690 1769 con-

419 1801 548 1856 cilio
589 1803 950 1865 (ecumenico,
976 1807 1119 1871 quod
1146 1803 1250 1858 CP.
1275 1805 1605 1859 celebratum
1637 1813 1721 1859 est
1750 1820 1778 1858 a
1806 1803 1893 1858 die
1925 1802 1961 1858 5
1985 1805 2236 1861 Octobris
2268 1822 2359 1861 an.
2390 1807 2517 1873 869,
2545 1809 2612 1861 ad
2638 1808 2708 1863 28
2731 1806 3008 1862 Februarii
3048 1821 3139 1861 an.
3170 1804 3297 1859 870.

494 1889 550 1942 In
582 1904 648 1942 eo
678 1890 933 1953 concilio,
959 1890 1111 1959 juxta
1139 1892 1368 1946 formam
1406 1908 1434 1947 a
1464 1894 1640 1947 sacris
1667 1886 1967 1946 canonibus
1996 1894 2388 1963 praescriptam,
2412 1893 2640 1949 Photius
2664 1910 2694 1949 a
2716 1896 3086 1965 patriarchatu
3114 1902 3169 1948 et
3201 1910 3230 1946 a
3261 1890 3567 1947 sacerdotio
3594 1904 3693 1945 so-

417 1974 679 2033 lemniter
715 1977 994 2047 depositus
1029 1979 1150 2045 fuit,
1171 1979 1304 2033 etad
1329 1981 1766 2034 communionem
1803 1979 1994 2034 laicam
2031 1979 2305 2047 redactus,
2333 1981 2630 2037 dummodo
2656 1983 3015 2051 resipisceret.
3043 1983 3177 2037 Cum
3205 1990 3385 2034 autem
3403 1994 3462 2034 se
3494 1988 3693 2033 aucto-

419 2063 569 2118 ritati
605 2064 824 2119 concilii
861 2065 1130 2133 subjicere
1161 2068 1454 2131 renuisset,
1503 2070 1847 2122 anathemate
1874 2068 2159 2137 perculsus
2181 2077 2287 2124 est.
2314 2067 2371 2124 In
2413 2070 2643 2140 singulis
2686 2070 3022 2125 sessionibus
3051 2069 3237 2124 Patres
3268 2068 3369 2138 ipsi
3399 2068 3694 2122 anathema

422 2150 755 2216 lndixerunt,
788 2151 874 2207 bis
922 2153 1102 2209 verbis
1130 2169 1146 2208 :
1198 2154 1394 2210 Photio
1428 2154 1685 2217 invasori,
1713 2153 1908 2209 Photio
1955 2156 2203 2210 steculari
2234 2165 2288 2211 et
2317 2155 2543 2223 forensi,
2592 2157 2788 2212 Photio
2821 2158 3090 2228 neOphyto
3114 2165 3167 2211 et
3199 2167 3452 2227 tyranno,
3495 2154 3695 2211 Photio

419 2238 772 2294 schismatieo
792 2248 847 2294 et
874 2241 1155 2306 damnato,
1172 2242 1366 2298 Photio
1390 2244 1604 2298 mtecho
1620 2252 1674 2297 et
1696 2243 1999 2312 parricidae,
2025 2244 2214 2303 Photio
2236 2242 2549 2297 fabricatori
2584 2244 3010 2311 mendaciorum,
3034 2242 3230 2298 Photio
3252 2243 3498 2298 adultero
3518 2252 3573 2298 et
3599 2242 3695 2297 iu-

417 2324 718 2387 terfectori,
743 2324 940 2382 Photio
975 2328 1245 2383 inventori
1264 2345 1644 2399 perversorum
1678 2329 2231 2401 dogmatum.Photio
2266 2344 2409 2384 novo
2433 2329 2713 2397 Dioscoro,
2749 2330 2944 2385 Photio
2976 2344 3121 2385 novo
3154 2328 3327 2399 Judaa,
3366 2331 3692 2386 anathema!

493 2412 630 2469 Cum
666 2413 863 2471 Photio
890 2419 1349 2474 excommunicati
1382 2430 1436 2474 et
1469 2419 1700 2491 depositi
1729 2429 1859 2476 sunt
1890 2420 2133 2474 nonnulli
2161 2417 2428 2487 episcopi,
2456 2419 2548 2487 qui
2593 2434 2814 2473 causam
2846 2434 3012 2473 suam
3064 2435 3094 2472 a
3133 2434 3302 2474 causa
3341 2420 3464 2489 ejus
3502 2420 3699 2488 sejun-

431 2516 558 2571 gere
589 2504 916 2573 noluerunt;
947 2507 1039 2561 sed
1072 2523 1173 2577 pax
1212 2508 1421 2564 interea
1451 2510 1708 2564 restituta
1729 2517 1834 2570 est,
1868 2509 2042 2563 donec
2071 2506 2281 2576 lgnatio
2312 2508 2419 2560 vita
2454 2504 2663 2568 functo,
2696 2504 2925 2562 Photius
2969 2508 3131 2563 novis
3182 2508 3402 2563 artibus
3448 2508 3693 2565 benevo-

418 2588 642 2643 lentiam
674 2591 1023 2661 imperatoris
1067 2594 1252 2651 Basilii
1281 2598 1541 2665 captavit,
1572 2607 1622 2652 et
1657 2598 1726 2651 ab
1758 2598 1876 2665 ipso
1916 2596 2151 2650 obtinuit
2183 2603 2243 2648 ut
2277 2596 2330 2647 in
2370 2594 2552 2648 sedem
2592 2594 3009 2664 patriarchalem
3047 2596 3447 2650 restitueretur.
3497 2595 3555 2650 ld
3593 2610 3691 2666 an.

422 2676 529 2731 877
565 2680 931 2751 accidit,jam
976 2698 1083 2737 non
1117 2684 1420 2740 obsistente
1451 2684 1664 2741 Joanne
1704 2684 1822 2740 VIII
1863 2684 2111 2739 Romano
2146 2682 2422 2752 pontiﬁce.
2469 2682 2586 2751 qui,
2634 2683 2705 2736 ob
2754 2682 3096 2751 iniquitatem
3154 2693 3459 2753 temporum
3512 2692 3568 2738 (λι
3621 2686 3693 2738 ad

420 2766 668 2821 cavenda
700 2768 907 2838 majora
944 2772 1115 2836 mala,
1152 2770 1415 2827 Photium
1451 2775 1661 2829 restitui
1699 2773 1967 2842 permisit,
1997 2788 2063 2826 eo
2107 2778 2288 2824 tamen
2328 2779 2509 2838 pacto,
2542 2780 2599 2824 ut
2632 2772 3031 2838 praeteritorum
3071 2769 3372 2823 facinorum
3408 2771 3623 2825 veniam
3654 2787 3691 2824 ει

419 2854 658 2908 concilio
692 2867 902 2923 peteret
928 2868 981 2913 et
1008 2860 1298 2915 obtineret.
1335 2859 1391 2914 In
1421 2863 1656 2930 germina
1686 2861 1831 2919 enim
1861 2859 2086 2929 epistola
2121 2872 2283 2927 quam
2307 2855 2546 2912 Joannes
2589 2854 2705 2910 Vlll
2750 2857 2815 2910 ad
2844 2858 3129 2927 episcopos
3165 2856 3402 2912 Orientis
3446 2859 3689 2928 scripsit,

422 2940 498 2997 ita
540 2952 777 2998 mentem
817 2961 973 3000 suam
1008 2948 1226 3016 aperit:
1264 2965 1284 2999 ι
1312 2946 1471 3002 Nunc
1512 2951 1691 3017 itaque
1722 2949 1844 3002 aliis
1879 2946 2225 3017 patriarcbis,
2272 2944 2639 3001 Alexandrino
2664 2945 2915 3000 videlicet
2942 2953 2996 2999 et
3041 2946 3381 3001 Antiocheno
3411 2955 3466 2999 et
3496 2945 3693 3000 Hiero-

431 3029 787 3100 solymitano,
828 3041 994 3101 atque
1022 3034 1282 3089 omnibus
1317 3035 1745 3105 archiepiscopis
1773 3032 2156 3103 metropolitis,
2187 3032 2461 3101 episcopis
2489 3040 2545 3086 et
2574 3032 2973 3099 sacerdotibus,
3003 3039 3312 3102 cunetoque
3356 3032 3502 3087 clero
3540 3032 3693 3090 Con-

419 3118 916 3187 stantinopolitanae
968 3121 1158 3187 sedis,
1210 3122 1304 3191 qui
1348 3121 1416 3177 de
1457 3123 1804 3177 ordinatione
1854 3122 2028 3176 beatae
2068 3123 2347 3176 memoriae
2395 3122 2651 3177 Methodii
2696 3128 2749 3175 et
2815 3122 3048 3190 lgnatii,
3104 3122 3688 3178 reverendissimorum

416 3206 884 3274 patriarcharum,
920 3208 1217 3271 exsistunt,
1247 3224 1354 3264 una
1388 3210 1685 3274 voluntate,
1724 3209 1954 3279 parique
1994 3219 2123 3264 voto
2154 3211 2649 3275 consentientibus,
2692 3210 2949 3264 eumdem
2975 3210 3223 3264 Photiuin
3272 3212 3678 3280 satisfaciendo,

419 3295 847 3350 misericordiam
873 3314 1055 3351 coram
1089 3299 1318 3369 synodo,
1349 3302 1636 3353 secundum
1666 3300 2097 3354 consuetudinem
2126 3298 2514 3368 postulantem,
2560 3298 2612 3351 in
2646 3313 2774 3353 vera
2806 3297 3098 3352 dilectione
3136 3298 3385 3365 fratrem,
3412 3299 3465 3353 in
3499 3301 3685 3368 ponti-

416 3383 562 3436 ﬁcali
605 3383 788 3439 ofﬁcio
827 3388 1295 3450 comministrum,
1330 3397 1496 3456 atque
1533 3404 1711 3441 coram
1744 3389 1943 3459 synodo
1977 3387 2399 3440 misericordiam
2425 3388 2731 3455 quaerendo,
2759 3386 2811 3438 in
2844 3386 3106 3454 pastorali
3136 3388 3454 3456 magisterio
3487 3402 3693 3444 consa-

419 3470 726 3536 cerdotem,
759 3486 859 3542 pro
888 3474 1147 3529 Ecclesiae
1181 3475 1274 3528 Dei
1304 3490 1439 3543 pace
1467 3484 1521 3529 et
1546 3476 1780 3531 utilitate
1810 3476 2009 3530 amodo
2041 3474 2262 3528 Christo
2287 3474 2522 3539 favente,
2551 3474 2847 3542 recipimus
2877 3481 2932 3526 et
2967 3473 3233 3528 habemus
3267 3472 3370 3544 (b).
3410 3493 3430 3525 ι

496 3554 753 3623 Photius,
782 3559 937 3629 jussa
974 3559 1203 3616 Romani
1239 3562 1519 3619 Pontilicis
1554 3562 1691 3616 nihil
1721 3571 1989 3629 moratus,
2024 3562 2308 3633 epistolam
2361 3560 2591 3617 Joannis
2623 3561 2737 3615 Vlll
2782 3562 3105 3631 suppressit,
3140 3570 3193 3615 et
3217 3577 3412 3617 novam
3442 3562 3599 3619 ﬁnxit
3633 3566 3688 3619 in

417 3657 527 3713 qua
562 3642 840 3701 Romanus
888 3648 1132 3717 pontifex
1163 3664 1410 3705 summas
1473 3650 1665 3706 laudes
1705 3650 1901 3705 Photio
1938 3650 2150 3714 tribuit,
2189 3659 2447 3718 tanquam
2498 3649 2620 3705 viro
2653 3649 3004 3720 integerrimo
3054 3658 3109 3705 et
3157 3650 3458 3720 inculpato,
3496 3666 3527 3705 a
3574 3666 3691 3720 quo

420 3733 666 3803 episcopi
730 3734 860 3787 olim
902 3734 1108 3805 lgnatio
1152 3737 1491 3792 adhaerentes
1535 3740 1750 3793 veniam
1796 3749 1981 3808 petere
2030 3739 2248 3803 debent,
2290 3739 2495 3808 quique
2539 3738 2609 3793 ab
2652 3738 2909 3793 omnibus
2955 3738 3123 3793 veluti
3168 3738 3444 3808 legitimus
3496 3748 3692 3808 pastor

416 3822 629 3891 absque
673 3823 1002 3894 ambagibus
1032 3826 1416 3896 suscipiendus
1451 3835 1555 3882 est.
1602 3826 1811 3882 Deinde
1840 3828 1983 3881 idem
2017 3824 2269 3893 Photius,
2310 3842 2435 3883 cum
2484 3826 2681 3882 fuisset
2712 3828 3002 3881 restitutus
3035 3827 3089 3881 in
3124 3828 3307 3881 sedem
3346 3828 3691 3896 patriarcha-

415 3910 522 3964 lem
551 3910 682 3975 CP.,
717 3910 902 3967 denuo
925 3927 990 3967 ex
1024 3928 1126 3969 suo
1156 3915 1333 3984 capite
1376 3915 1533 3970 tinxit
1565 3924 1686 3971 acta
1731 3914 1927 3987 synodi
1975 3915 2354 3979 (eeuinenicae,
2395 3928 2463 3971 eo
2506 3923 2718 3968 tantum
2774 3914 2881 3969 fine
2926 3924 2987 3969 ut
3038 3916 3422 3970 auctoritatem
3465 3916 3687 3970 concilii

417 4000 749 4053 meumenici
790 3998 970 4055 octavi
1002 4003 1264 4069 aboleret,
1294 4013 1349 4058 et
1379 4004 1562 4059 omnia
1593 4019 1715 4075 qua:
1747 4012 1937 4060 contra
1972 4004 2150 4074 ipsum
2184 4003 2314 4057 olim
2346 4002 2613 4059 canonice
2645 4011 2768 4057 acta
2803 4000 3019 4057 fuerant
3049 4002 3403 4057 rescinderet.
3436 4001 3594 4056 Hutic
3626 4006 3688 4059 in

417 4087 583 4140 linem
623 4101 792 4142 ausus
826 4098 911 4143 est
937 4091 1101 4145 etiam
1135 4089 1339 4159 ﬁngere
1371 4091 1819 4147 circumstantias
1846 4106 1968 4161 quae
2001 4106 2111 4146 non
2144 4098 2360 4146 tantum
2430 4106 2461 4145 a
2492 4091 2743 4158 veritate,
2772 4091 2865 4147 sed
2897 4091 3061 4145 etiam
3091 4090 3161 4145 ab
3190 4091 3336 4146 omni
3379 4092 3494 4145 veri
3528 4091 3690 4146 simi-

414 4172 644 4227 litudine
673 4175 864 4231 alienae
889 4185 1041 4232 sunt.
1090 4177 1330 4240 lnduxit,
1361 4179 1597 4249 exempli
1628 4179 1825 4250 gratia,
1867 4180 2077 4251 legatos
2111 4178 2344 4234 Joannis
2378 4177 2493 4232 Vlll
2526 4179 2790 4242 dicentes,
2815 4178 3102 4248 episcopos
3127 4179 3221 4249 qui
3244 4180 3299 4232 in
3334 4179 3688 4235 meumenica

414 4263 627 4332 synodo
682 4280 779 4319 vin
834 4265 1016 4321 locum
1070 4267 1506 4337 patriarcharum
1542 4268 1920 4334 Alexandrini,
1951 4267 2274 4323 Antiocheni
2312 4276 2367 4322 et
2410 4266 2887 4338 llierosolymitani
2920 4273 3107 4320 tenere
3136 4266 3522 4328 censebantur,
3568 4280 3688 4323 non

414 4354 483 4404 ah
511 4352 759 4409 ecclesiis
788 4353 883 4410 sed
913 4369 940 4409 a
972 4355 1262 4412 Saracenis
1302 4359 1500 4412 missos
1529 4356 1701 4414 fuisse
1742 4375 1757 4412 :
1810 4356 1975 4427 idque
2017 4357 2223 4412 dictum
2261 4355 2432 4410 fuisse
2488 4355 2645 4409 ﬁnxit
2680 4369 2865 4408 coram
2901 4352 3032 4422 ipsis
3079 4354 3272 4423 legatis
3312 4354 3405 4423 qui
3455 4353 3687 4412 nomine

412 4439 854 4508 patriarcharum
903 4452 1110 4499 octavae
1145 4445 1339 4517 synodi
1389 4444 1781 4501 interfuerant!
1832 4444 2140 4501 Falsarium
2183 4445 2382 4499 Photio
2429 4443 2782 4497 audaciorem
2830 4450 2886 4496 et
2931 4442 3415 4511 impudentiorem,
3464 4441 3679 4497 nullum

412 4539 851 4585 commemorant
880 4530 1138 4587 Ecclesia:
1172 4533 1419 4587 annales.
1468 4532 1607 4588 Acta
1649 4531 1842 4603 synodi
1876 4548 2038 4602 quam
2073 4546 2220 4586 anno
2264 4529 2369 4585 867
2416 4544 2542 4584 cum
2577 4529 2727 4582 mille
2768 4528 3271 4597 subscriptionibus
3311 4530 3682 4600 supposititiis

409 4616 646 4671 tinxerat
664 4627 718 4673 et
743 4620 1043 4676 artiﬁciose
1072 4622 1313 4677 describi
1352 4631 1662 4688 curaverat,
1695 4622 1748 4676 in
1784 4620 2023 4676 concilio
2047 4634 2145 4674 vin
2177 4629 2415 4671 cremata
2442 4625 2569 4669 sunt
2595 4632 2608 4668 :
2630 4615 2720 4669 sed
2752 4625 2872 4670 acta
2905 4617 3335 4687 pseudo-synodi
3374 4633 3496 4686 qua:
3531 4632 3682 4672 anno

414 4704 520 4755 878
556 4720 623 4757 ex
654 4706 833 4775 capite
878 4710 1211 4779 composuit,
1242 4709 1511 4765 hactenus
1548 4709 1852 4774 habentur;
1889 4707 2001 4761 imo
2048 4722 2147 4777 pro
2197 4707 2333 4760 actis
2382 4704 2555 4774 ipsius
2599 4713 2803 4758 octavae
2851 4705 3043 4775 synodi
3092 4706 3484 4773 meumenicaa;,
3532 4710 3679 4776 apud

411 4791 634 4847 Graecos
665 4793 1048 4851 schismaticos
1096 4797 1421 4867 plerumque
1468 4796 1835 4866 recipiuntur,
1872 4795 2156 4861 repudiata
2205 4808 2333 4847 vera
2384 4792 2591 4863 synodo
2645 4804 2836 4847 octava
2882 4793 2935 4847 in
2976 4809 3084 4862 qua
3133 4792 3362 4848 Photius
3415 4797 3681 4850 canonice

412 4880 697 4948 depositus
741 4891 796 4937 et
825 4887 1332 4941 excommunicatus
1364 4895 1468 4943 est.
1525 4884 1697 4941 Porro
1756 4892 1875 4940 aeta
1922 4884 2011 4938 illa
2078 4882 2297 4950 legenti,
2365 4880 2407 4934 si
2470 4878 2646 4934 Photii
2693 4881 2967 4935 scribendi
3015 4890 3069 4935 et
3118 4880 3355 4949 ﬁngendi
3407 4882 3674 4935 rationem

416 4981 759 5038 perspectam
799 4972 1015 5039 haheat,
1044 4976 1162 5045 ipsa
1194 4975 1382 5031 ﬁctitia
1417 4991 1560 5039 esse,
1593 4976 1713 5045 ipso
1743 4989 1844 5028 suo
1891 4981 2147 5027 contextu
2197 4968 2568 5023 manifestam.
2618 4966 2781 5024 Juvat
2825 4978 3005 5023 tamen
3050 4968 3302 5024 conferre
3347 4972 3677 5025 documenta

414 5062 649 5127 genuina
703 5076 828 5131 quae
871 5073 1109 5129 exstant,
1156 5080 1281 5118 cum
1334 5064 1537 5119 eisdem
1591 5062 1937 5118 doeumentis
1976 5078 2007 5116 a
2051 5058 2247 5113 Photio
2294 5056 2461 5123 fietis,
2520 5066 2580 5110 ut
2623 5071 2714 5111 ex.
2785 5073 2868 5128 gr.
2928 5056 3213 5126 epistolam
3276 5057 3506 5113 Joannis
3561 5055 3672 5112 Vili

415 5161 624 5211 veram,
661 5163 782 5217 quae
820 5149 1008 5206 Latine
1037 5163 1251 5207 servata
1282 5161 1386 5216 est,
1406 5166 1547 5218 cum
1579 5151 1808 5221 epistola
1838 5148 2068 5205 Joannis
2100 5147 2309 5215 ﬁctitia,
2339 5162 2503 5216 quam
2547 5146 2773 5202 Photius
2808 5146 2944 5202 actis
2978 5147 3095 5202 suis
3123 5146 3379 5214 inseruit,
3409 5157 3469 5201 ut
3496 5147 3675 5217 impu-

409 5233 594 5287 dentia
628 5234 829 5291 falsarii
864 5238 978 5293 sole
1014 5240 1217 5295 clarius
1241 5240 1499 5294 lucescat.

485 5320 566 5376 Ne
588 5334 770 5379 autem
812 5327 1051 5395 partium
1082 5329 1263 5383 studio
1294 5328 1501 5397 abrepti
1530 5326 1834 5393 videamur,
1861 5324 1988 5395 quid
2012 5324 2078 5378 de
2104 5322 2300 5377 Photio
2326 5323 2603 5378 senserint
2634 5322 2894 5377 coaetanei
2926 5331 2981 5378 et
3012 5333 3287 5396 gestorum
3314 5323 3435 5395 ejus
3463 5323 3671 5379 oculati

410 5414 595 5471 testes,
627 5411 679 5465 in
712 5415 891 5467 medio
916 5413 1159 5482 proferre
1190 5416 1468 5469 volumus.
1503 5413 1734 5469 Mentem
1770 5414 1986 5467 concilii
2025 5412 2347 5467 (ecumenici
2390 5412 2593 5473 octavi,
2620 5425 2684 5465 ex
2722 5411 3207 5481 imprecationibus
3253 5425 3308 5469 et
3349 5414 3671 5468 anathema.

410 5496 613 5563 tismis,
645 5515 811 5569 supra
848 5502 1158 5570 recensitis,
1193 5504 1573 5574 unusquisque
1604 5503 1889 5573 intelliget.
1923 5504 1990 5553 At
2025 5517 2201 5572 operae
2246 5500 2479 5572 pretium
2521 5509 2605 5555 est
2655 5499 2764 5555 huc
2810 5501 2975 5556 etiam
3024 5502 3294 5558 adducere
3339 5504 3670 5557 sententiain

480 5609 511 5641 *
544 5610 582 5662 Il
613 5609 807 5666 Thess.
842 5626 899 5667 tt.

480 5706 556 5766 (α)
587 5704 778 5763 Anast.
814 5704 945 5760 bibl.
984 5704 1146 5775 Prw].
1185 5705 1348 5764 Conc.
1378 5722 1563 5761 (scunt.
1618 5704 1745 5760 VII.
1785 5703 1951 5760 Hard.
1987 5702 2050 5769 V,
2088 5702 2212 5759 7’32.
2297 5703 2371 5773 (ὁ)
2428 5703 2538 5762 Act.
2575 5705 2778 5763 Concil.
2816 5706 2958 5764 VIII
2985 5724 3171 5765 mourn.
3210 5709 3375 5769 Iiard.
3408 5709 3474 5774 V,
3509 5706 3664 5767 1166.
