3916 6192
1341 237 1739 304 PRIEFATIO
1774 244 1857 307 IN
1892 248 2159 312 PHOTII
2190 238 2463 321 omam.
3474 276 3534 316 ιιι

262 326 471 440 Niceta‘.
501 328 1027 440 lL’aphlagonis,‘vilri
1064 338 1161 410 pii,
1208 338 1376 406 docti,
1410 345 1678 440 moderati
1728 352 1929 422 ingenii
1970 363 2025 410 et
2077 364 2138 412 ut
2180 358 2398 417 videtur
2437 378 2667 433 prorsus
2711 364 2961 436 Ingenui,
3002 368 3118 440 qui,
3165 368 3295 425 dum
3365 368 3537 423 vitam

261 420 590 527 patriarcii‘a:
618 420 807 521 Ignatii
832 424 1022 527 sedulo
1044 435 1099 481 et
1128 438 1384 527 accurate
1413 432 1766 503 describeret,
1794 420 1881 496 _de
1911 445 2121 501 meritis
2155 462 2219 501 ac
2249 450 2397 505 vitiis
2437 420 2619 506 bhotii
2657 420 2987 510 tacercvno'n
3007 420 3330 527 1[intuiti—is

262 507 479 608 valeret
505 507 732 565 Photius
762 510 1325 615 llalillibils,"5llldi0,-
1347 519 1597 578 doctrina
1636 536 1690 580 et
1723 530 1993 595 moribus,
2045 544 2236 603 sponte
2269 546 2514 604 enarrat,
2544 540 2636 595 sed
2670 507 2859 611 postea
2880 507 3540 615 ﬁué'pé'c—c'a:

267 597 415 703 verit
437 597 651 701 sincere
678 602 923 669 exponit.
957 603 1226 660 Audiatur
1253 606 1426 676 igitur
1472 610 1564 667 ille
1607 616 1764 671 testis
1798 633 1960 687 quem
2014 597 2116 676 nec
2160 622 2348 679 odium
2396 597 2511 682 nec.
2540 597 2715 695 amor,
2765 630 2858 684 sed
2907 597 3158 688 veritatis
3204 597 3541 703 expoiienda:

262 688 594 744 desiderium
626 693 787 747 unice
819 694 1009 749 movit.

345 801 363 834 ι
403 782 621 854 Ἐπειδὴ
644 784 825 838 τοίνυν
850 787 900 838 οἱ
935 788 1086 858 παρά
1120 788 1216 844 τοῦ
1247 791 1509 863 βασιλέως
1534 796 1655 852 τότε
1683 800 1853 855 πολλὰ

260 876 649 965 πειράσαντες,
714 876 776 929 τὺ
836 877 972 949 πρὸς
1033 884 1383 954 παρανομίαν
1417 887 1698 959 ἐνδόσιμον
1748 893 1850 965 οὐχ

261 959 428 1019 οἷοίτε
454 968 802 1036 ἐγεγόνεισαν
840 971 992 1040 παρά
1037 972 1131 1025 τοῦ
1173 972 1440 1042 ’ίγνατίου
1492 978 1696 1049 λαϐεῖν,
1723 959 1852 1053 γεν;

263 1058 448 1122 ναίαις
477 1060 763 1114 ἐνστάσεσι
803 1064 1247 1134 παραιτήσασθαι
1277 1067 1354 1140 μὴ
1385 1072 1849 1145 καταδεξαμένου,

262 1149 398 1221 παρ’
431 1149 643 1203 ἑαυτῶν
673 1150 867 1205 ἔλαϐον
895 1151 1054 1208 τοῦτο
1082 1154 1269 1212 λοιπόν
1299 1175 1315 1191 ·
1342 1160 1435 1214 καὶ
1475 1162 1707 1220 πλεῖστα
1727 1170 1852 1223 καθ’

260 1241 494 1305 ἑαυτοὺς
521 1242 946 1314 συσκεψάμενοι,
990 1248 1086 1301 καὶ
1124 1250 1305 1305 πᾶσαν
1336 1259 1691 1324 κεκινηκότες
1723 1260 1852 1331 βου-

259 1330 382 1402 λὴν,
426 1332 629 1387 Φῶτιον
657 1338 1158 1409 πρωτοσπαθάριὸν
1191 1358 1255 1394 τε
1308 1343 1441 1401 ὅντα
1479 1349 1575 1403 καὶ
1624 1330 1850 1423 πρωτα-

261 1424 553 1514 σηκρῆτιν,
584 1427 667 1514 είς
701 1427 964 1499 ἀρχιερέα
1011 1430 1111 1500 τῆς
1142 1430 1416 1501 βασιλίδος
1473 1444 1850 1514 προχειρίζον-

256 1529 372 1567 ται.
400 1512 507 1569 Ἦν
525 1516 583 1570 δὲ
603 1510 760 1584 οὗτος
802 1520 831 1572 δ
864 1520 1069 1586 Φώτιος
1092 1523 1154 1576 οὐ
1186 1524 1300 1580 τῶν
1363 1510 1614 1597 ἀγεννῶν
1660 1510 1721 1589 τε
1748 1539 1845 1592 καὶ

254 1607 582 1679 ἀνωνύμων,
598 1611 737 1666 ἀλλά
752 1614 850 1669 καὶ
873 1616 983 1670 τῶν
1001 1620 1243 1689 εὐγενῶν
1256 1625 1398 1680 κατὰ
1414 1625 1614 1698 σάρκα,
1638 1633 1730 1686 καὶ
1749 1651 1848 1687 πε-

258 1701 526 1799 ριφανῶν,
561 1706 726 1779 σοφίᾳ
754 1726 813 1762 τε
830 1715 1068 1785 κοσμικῇ
1098 1717 1193 1769 καὶ
1225 1719 1438 1773 συνέσει
1464 1722 1574 1776 τῶν
1592 1725 1651 1779 ἐν
1667 1728 1732 1799 τῇ
1749 1745 1849 1783 πο-

253 1788 437 1859 λιτείᾳ
487 1799 874 1867 στρεφομένων
924 1803 1358 1876 εὐδοκιμώτατος
1396 1812 1619 1869 πάντων
1665 1788 1846 1891 ἐνομί-

258 1878 407 1984 ζετο.
445 1885 849 1958 Γραμματικῆς
887 1895 986 1965 μὲν
1007 1896 1115 1971 γὰρ
1157 1901 1254 1955 καὶ
1299 1905 1592 1976 ποιήσεως,
1623 1878 1846 1984 ῥητορι-

251 1974 361 2074 κῆς
412 1994 509 2074 τευ
534 1983 628 2074 καὶ
684 1984 1026 2058 φιλοσοφίας,
1065 1993 1159 2046 ναὶ¹
1187 1993 1251 2066 δὴ
1280 1998 1376 2051 καὶ
1414 1974 1691 2074 ίατρικης,
1747 1974 1843 2061 καὶ

251 2067 440 2164 πάσης
468 2070 650 2143 ὀλίγου
708 2076 819 2131 δεῖν
839 2081 1159 2155 ἐπιστήμης
1190 2088 1300 2143 τῶν
1326 2067 1561 2164 θύραθεν
1588 2067 1840 2154 τοσοῦτον

249 2160 405 2257 αὐτῶ
464 2164 528 2257 τὸ
581 2168 795 2238 περιὸν,
846 2173 923 2237 ὠς
955 2175 1029 2248 μὴ
1085 2180 1250 2248 μόνον
1281 2160 1467 2253 σχεδὸν
1509 2187 1677 2257 φάναι
1731 2192 1841 2246 τῶν

248 2253 394 2355 κατά
424 2255 525 2355 τῂν
558 2259 723 2355 αὐτοῦ
772 2264 967 2331 γενεὰν
1018 2267 1240 2325 πάντων
1272 2253 1591 2344 διενεγκεῖν,
1625 2280 1726 2355 ἤδη
1781 2280 1839 2338 δὲ

248 2343 347 2435 καὶ
373 2345 509 2415 πρὸς
538 2350 663 2411 τοὺς
702 2352 971 2419 παλαιοὺς
1001 2358 1166 2414 αὐτὸν
1213 2343 1621 2435 διαμιλλᾶσθαι.
1646 2343 1840 2431 λῖἀντα

246 2434 362 2507 γάρ
404 2439 727 2536 συνέτρεχεν
770 2445 861 2498 ἐπ’
890 2447 1060 2520 αὐτῷ,
1102 2451 1137 2519 ἡ
1194 2452 1575 2531 ἐπιτηδειότης
1612 2464 1713 2535 τῆς
1737 2465 1839 2536 φύ-

247 2544 412 2594 σεως,
451 2532 483 2602 ἡ
543 2534 767 2607 σπουδὴ,
819 2539 847 2591 ὁ
877 2539 1129 2607 πλοῦτος,
1191 2544 1263 2599 δι’
1296 2546 1356 2599 ὃν
1388 2550 1478 2602 και
1507 2532 1691 2622 βίϐλος
1728 2532 1820 2611 ἐπ’

244 2622 414 2722 αὐτὸν
455 2624 628 2722 ἔρρει*
658 2629 805 2682 πᾶσα
835 2645 849 2660 ⁶
904 2632 1149 2689 πλέον’δὲ
1203 2638 1426 2694 πάντων
1467 2643 1496 2695 ὀ
1542 2645 1645 2715 τῆς
1677 2647 1838 2722 δόξης

242 2710 425 2813 ξρως,
479 2715 545 2768 δι’
603 2715 663 2769 δν
720 2720 868 2793 αὐτῷ
937 2726 1032 2778 καὶ
1080 2726 1277 2793 νύκτες
1326 2732 1523 2786 ἄϋπνοι
1561 2710 1691 2808 περὶ

244 2803 561 2903 ἀνάγνωσιν
599 2809 854 2903 ἐμμελῶς
915 2817 1260 2888 ἐσχολακότι.
1301 2823 1455 2877 Ἐπεὶ
1483 2826 1539 2880 δέ
1576 2803 1673 2882 καὶ
1702 2803 1839 2903 πρδς

242 2893 350 2985 τὴν
379 2894 712 2970 Ἐκκλησίαν
763 2905 956 2978 αὐτὴν,
1001 2908 1079 2973 ὡς
1119 2912 1195 2984 μὴ
1241 2912 1471 2985 ὤφελεν,
1501 2893 1838 2979 ἐπεισελθεῖν

241 2984 378 3088 ἔδει,
410 2991 506 3044 καὶ⁸
539 2993 646 3048 τῶν
673 2997 1145 3068 ἐκκλησιαστικῶν
1177 3005 1263 3061 διὰ
1297 3008 1457 3063 τοῦτο
1492 3010 1715 3082 βιϐλίων
1739 3019 1839 3088 τῆς

242 3079 608 3179 ἀναγνώσεως
632 3089 692 3141 οὐ
728 3092 869 3146 κατὰ
903 3094 1179 3168 πάρεργον
1209 3079 1544 3173 ἐπεμελήθη’
1579 3079 1838 3179 ἀγνόημα

246 3171 308 3226 δὲ
338 3176 632 3269 ἠγνόησεν,
666 3181 733 3235 ἵν’
761 3185 901 3239 εἴπω
925 3186 1273 3258 θεολογικῶς,
1303 3171 1520 3267 σφόδρα
1537 3171 1641 3269 τῆς
1668 3171 1836 3255 αὐτοῦ

246 3266 443 3358 σοφίας
477 3272 716 3337 ἀνάξιον.
752 3277 827 3330 Οὐ
864 3279 972 3350 γὰρ
1001 3280 1232 3353 ἠθέλησε
1259 3266 1547 3358 προσέχειν
1576 3266 1668 3344 τὸν
1688 3291 1833 3354 νοῦν.

243 3356 352 3413 ὅτι*
403 3360 477 3414 ΕΙ
507 3381 598 3432 τις
626 3366 786 3423 θέλει
842 3372 1035 3440 σορὸς
1090 3379 1372 3443 γενέσθαι
1540 3382 1622 3449 τῷ
1670 3385 1838 3440 αἰῶνι

247 3454 465 3522 τούτῳ,
488 3460 686 3527 μωρὸς
716 3462 1005 3532 γενέσθω,
1036 3467 1138 3522 ἵνα
1168 3468 1414 3539 γένηται
1443 3476 1661 3544 σοφός.
1697 3481 1835 3534 Οὐδὲ

409 3548 729 3642 ὁδὸν-είλετο
759 3558 860 3626 τῆς
895 3563 1424 3635 ταπεινοφροσύνης,
1453 3566 1522 3620 δι’
1552 3563 1618 3641 ἦς
1644 3572 1678 3642 ἡ
1740 3590 1837 3642 με·

248 3636 395 3707 γὰλη
456 3640 550 3694 τοῦ
580 3641 721 3696 Θεοῦ
770 3647 949 3717 χάρις,
983 3650 1079 3703 καὶ
1113 3652 1382 3724 ήάληθὴς
1435 3636 1595 3726 σοφία
1630 3636 1836 3717 δίδοται

244 3732 343 3783 καὶ⁸
364 3733 723 3804 κατορθοῦται
758 3754 773 3768 ·
802 3740 923 3793 οὐδὲ
965 3744 1278 3813 στραφῆναι
1302 3748 1398 3800 καὶ
1445 3750 1700 3817 γενέσθαι
1760 3755 1836 3818 ὡς

242 3823 309 3878 τὸ
349 3827 561 3881 παιδίον
605 3829 693 3884 διὰ
732 3830 831 3903 τὴν
873 3833 966 3886 τοῦ
1018 3836 1156 3890 Θεοῦ
1211 3839 1511 3910 βασιλείαν,
1562 3844 1699 3916 ὼςή
1734 3849 1829 3902 τοῦ

244 3918 455 3991 Κυρίου
478 3920 867 3996 διαμαρτυρία,
907 3928 1234 3995 κατεδέξατο
1265 3948 1281 3962 °
1317 3935 1434 3988 ἀλλ’
1464 3938 1588 3992 οὐδέ
1624 3942 1834 4011 σκάψαι

241 4011 346 4081 τὴν
396 4014 548 4085 αὐτῷ
575 4015 777 4087 ψυχὴν,
812 4020 906 4072 καί
945 4019 1174 4090 βαθύναι
1213 4025 1315 4096 τὴν
1337 4027 1577 4083 διάνοιαν
1614 4032 1704 4086 διὰ
1730 4036 1835 4089 πά-

241 4119 349 4174 σης
390 4105 695 4180 ὑποταγῆς,
724 4112 867 4164 κατὰ
916 4114 1141 4183 Κύριον,
1177 4116 1273 4171 καὶ
1324 4120 1657 4193 ἀτιμοτέρας
1688 4126 1835 4193 ἀγω-

237 4198 345 4267 γῆς
377 4199 470 4254 καὶ
498 4202 947 4274 ταπεινόφρονος,
983 4207 1079 4260 καὶ
1101 4209 1168 4262 δι’
1186 4210 1459 4277 ἀπαθείας
1487 4214 1631 4269 οὕτω
1656 4220 1720 4288 τῇ
1744 4219 1832 4271 πέ-

235 4308 347 4362 τρα
398 4295 763 4365 προσεγγίσαι
792 4300 1037 4373 Χριστῷ,
1090 4303 1185 4357 καὶ
1213 4305 1302 4359 ἐπ’
1331 4308 1482 4379 αὐτῴ
1524 4309 1694 4364 θεῖναι
1744 4313 1831 4365 θε-

235 4387 428 4459 μέλιον
491 4391 728 4459 πίστεως
764 4395 1007 4469 ἀρραγῆ,
1061 4400 1157 4453 καὶ
1197 4400 1271 4454 δι’
1295 4402 1521 4472 ἀγαθῶν
1572 4407 1825 4478 πράξεων

232 4479 381 4535 οὕτω
424 4481 529 4553 τῆς
586 4485 779 4555 σοφίας
800 4485 911 4559 [τοι.
948 4492 1015 4563 τῇ
1066 4492 1252 4565 σοφίᾳ]
1279 4494 1474 4549 ἑαυτὸν
1499 4497 1824 4569 οἰκοδομεῖν.

232 4573 310 4627 οὐ
342 4574 515 4630 ταῦτα
541 4576 880 4650 διανενόηται
909 4582 937 4632 ὁ
978 4583 1142 4653 σοφός
1170 4599 1184 4613 ⁸
1224 4585 1421 4639 πολλοῦ
1457 4604 1521 4655 γε
1575 4588 1658 4642 δεῖ
1690 4607 1703 4620 ·
1727 4591 1826 4645 καὶ

232 4662 390 4716 οὐδὲν
420 4663 627 4720 τούτων
652 4669 744 4722 ἐπὶ
766 4668 892 4723 νοῦν
928 4666 1093 4743 ἦλθεν
1155 4675 1326 4747 αὐτῷ,
1364 4676 1482 4730 ἀλλ’
1514 4679 1608 4733 ἐπὶ
1639 4680 1825 4754 σαθρῷ

232 4754 475 4828 θεμελίῳ
536 4760 632 4813 καὶ
686 4761 962 4834 ἀμμώδει,
989 4768 1055 4835 τῇ
1090 4769 1330 4839 κοσμικῇ
1377 4770 1566 4842 σοφίᾳ,
1618 4772 1713 4826 καὶ
1754 4776 1821 4845 τῇ

231 4851 526 4924 ἀλαζονείᾳ
553 4854 647 4907 τοῦ
684 4856 759 4927 μὴ
798 4856 943 4912 κατὰ
1001 4859 1237 4931 Χριστὸν
1265 4864 1703 4935 πεπαιδευμένου
1735 4867 1824 4921 λό-

231 4960 331 5012 γου
362 4944 463 5015 τὴν
508 4948 705 5001 ἑαυτοῦ
741 4951 973 5021 καρδίαν
998 4952 1259 5023 στηρίξας
1300 4955 1510 5009 καὶτὸν
1542 4957 1687 5026 νοῦν,
1728 4961 1824 5013 καὶ

235 5037 345 5098 τοῖς
386 5039 563 5101 κενοῖς
591 5036 702 5092 τῶν
725 5040 1031 5110 ἀνθρώπων
1068 5043 1314 5108 ἐπαίνοις
1348 5046 1442 5099 καὶ
1472 5047 1688 5119 κρότοις
1714 5067 1819 5118 φυ-

142 5178 147 5181 ς
230 5127 540 5195 σιούμενος,
596 5131 693 5184 καὶ
751 5133 845 5186 ἐπὶ
874 5134 1009 5187 πολὺ
1037 5137 1103 5208 τῇ
1167 5138 1445 5210 κενοδοξίᾳ
1487 5144 1821 5215 μετεωριζό-

229 5236 416 5288 μενος,
467 5221 535 5274 δι*
589 5223 762 5295 αὐτῆς
808 5229 874 5299 τῇ
934 5229 1105 5301 ἐχθρᾷ
1160 5228 1256 5283 τοῦ
1305 5231 1441 5285 Θεοῦ
1470 5237 1821 5309 ὑπερηφανίᾳ

232 5314 630 5382 προσεπέλασε,
662 5315 811 5392 δι’ἦς
838 5325 1173 5395 κακουργίαν
1207 5344 1266 5379 τε
1290 5328 1493 5392 πᾶσαν,
1526 5329 1621 5382 καὶ
1637 5331 1820 5384 πᾶσαν

229 5408 547 5463 σκανδάλων
578 5413 838 5468 ὑπόθεσιν
868 5422 1333 5488 μυσταγωγεῖται.
1359 5421 1525 5476 Ὅθεν
1555 5423 1817 5496 ἀδόκιμον

230 5500 378 5572 αὐτῴ
403 5502 502 5575 τὴν
524 5503 626 5575 τῆς
657 5507 943 5581 ἱεραρχίας
974 5512 1417 5585 καταϐαλόμενος
1470 5515 1666 5589 ἀρχὴν,
1689 5519 1817 5572 ἀκό-

298 5672 315 5687 ‘
344 5665 361 5720 Ι
388 5665 515 5723 Cor.
544 5682 624 5723 tu.
707 5671 748 5689 “
769 5667 957 5724 Matth.
989 5685 1142 5725 Xl'lll.

2036 825 2057 859 ι
2079 807 2376 881 Postquam
2402 813 2565 885 igitur
2583 817 2890 873 administri
2916 820 3049 889 regii
3067 834 3209 889 saepe
3224 827 3428 873 tentata
3454 834 3538 885 re,

1957 915 2067 955 non
2100 912 2398 972 potuerunt
2435 907 2661 965 flectere
2685 909 2949 982 lgnatium
2991 913 3057 967 ad
3085 913 3137 966 id
3173 914 3317 982 quod
3353 915 3540 983 inique

1956 998 2235 1065 petebant,
2270 1015 2425 1057 suam
2465 1002 2558 1059 illo
2592 1003 2921 1076 dignitatem
2948 1005 3164 1061 fortiter
3197 1017 3249 1061 et
3273 1016 3538 1062 constan-

1957 1095 2038 1141 ter
2066 1097 2270 1157 tuente,
2291 1107 2320 1145 a
2345 1108 2406 1148 se
2423 1094 2524 1162 ipsi
2549 1096 2842 1151 consilium
2866 1097 2933 1153 de
2957 1106 3157 1152 caetero
3182 1098 3489 1167 petiverunt
3519 1114 3535 1164 ;

1954 1178 2232 1251 rebusque
2262 1182 2407 1239 inter
2443 1200 2503 1240 se
2534 1186 2626 1240 diu
2667 1188 2906 1258 agitatis,
2952 1203 3282 1258 omnemque
3320 1189 3374 1242 in
3414 1203 3539 1257 pars

1956 1274 2063 1323 tem
2094 1272 2350 1339 versatis,
2382 1274 2605 1331 tandem
2641 1273 2893 1331 Photium
2923 1277 3451 1348 protospatharium,
3485 1287 3538 1331 et

1951 1361 2191 1429 primum
2219 1377 2249 1417 a
2282 1366 2534 1429 secretis,
2582 1369 2952 1437 patriarcham
2987 1370 3139 1425 urbis
3193 1370 3352 1440 regiae
3384 1368 3538 1424 desi-

1952 1457 2122 1517 gnant
2146 1466 2161 1516 ;
2206 1451 2482 1507 hominem
2508 1468 2643 1509 sane
2672 1456 2900 1512 minime
2926 1457 3219 1512 obscurum
3250 1465 3305 1512 et
3333 1456 3538 1525 ignobi-

1954 1541 2079 1607 lem,
2110 1543 2203 1599 sed
2234 1546 2404 1601 claris
2445 1562 2509 1602 ac
2536 1548 2849 1604 illustribus
2891 1550 3187 1606 oriundum
3232 1551 3531 1613 natalibus,

1951 1648 2248 1705 rerumque
2276 1637 2516 1693 civilium
2544 1647 2597 1693 et
2623 1640 2969 1710 politicarum
2995 1657 3117 1707 usu,
3136 1641 3535 1711 prudentiaque

1950 1733 2004 1782 et
2030 1728 2261 1783 scientia
2295 1731 2688 1788 clarissimum.
2716 1732 3098 1787 Grammaticas
3125 1732 3291 1798 enim,
3325 1733 3537 1787 littera-

1951 1830 2087 1876 tura:
2115 1832 2169 1876 et
2191 1823 2453 1879 carminis
2487 1826 2777 1895 pangendi,
2808 1825 3137 1894 dicendique
3177 1825 3361 1888 laude,
3396 1826 3531 1894 quin

1948 1922 2003 1967 ct
2032 1912 2394 1984 phil080phiac
2422 1925 2475 1969 et
2512 1915 2818 1985 medicinae,
2843 1927 2897 1971 et
2920 1917 3162 1972 omnium
3203 1932 3372 1987 prope
3396 1917 3531 1972 libe-

1949 2001 2145 2055 ralium
2181 2003 2601 2074 disciplinarum
2643 2015 2997 2060 externarum
3034 2006 3218 2061 studio
3257 2006 3530 2077 οι)ςηίιὶοο

1944 2108 2124 2163 neque
2149 2101 2436 2165 tantopere
2466 2096 2719 2163 ﬂorebat,
2762 2107 2819 2153 ut
2843 2098 2944 2153 aevi
2970 2099 3056 2153 sui
3090 2097 3253 2154 facile
3277 2098 3530 2168 princeps

1943 2187 2261 2252 haberetur,
2285 2189 2396 2244 imo
2425 2198 2481 2245 et
2527 2205 2652 2245 cum
2684 2192 2964 2248 veteribus
3013 2191 3127 2261 jam
3156 2199 3367 2247 certare
3397 2207 3529 2261 pos-

1943 2289 2045 2336 set.
2088 2280 2284 2338 Omnia
2324 2284 2529 2354 quippc
2560 2284 2615 2338 in
2665 2283 2760 2338 illo
2805 2292 3199 2339 concurrerant
3234 2303 3248 2339 :
3284 2284 3529 2355 aptitudo

1942 2376 2187 2443 quamam
2214 2384 2269 2430 et
2302 2384 2512 2431 natura:
2554 2376 2639 2432 vis
2662 2392 2727 2432 ac
2777 2377 3033 2443 felicitas,
3076 2377 3337 2442 studium,
3371 2390 3527 2446 opes,

1940 2468 2141 2537 quibus
2199 2468 2305 2523 sibi
2362 2469 2630 2524 librorum
2688 2470 2932 2524 omnium
2989 2470 3283 2524 maximam
3314 2468 3526 2540 copiam

1940 2560 2299 2631 comparabat
2329 2580 2343 2617 :
2385 2570 2463 2625 et,
2496 2563 2642 2633 quod
2681 2578 2794 2634 prae
2834 2564 3071 2629 cunctis,
3102 2562 3288 2634 gloria:
3318 2561 3527 2617 laudis-

1940 2668 2048 2723 que
2077 2653 2302 2724 cupido,
2328 2670 2437 2725 qua
2474 2655 2739 2712 incensus
2775 2663 2921 2710 totas
2969 2663 3181 2719 noctes,
3225 2662 3285 2709 ut
3311 2654 3525 2710 lectioni

1942 2748 2163 2803 assidue
2192 2755 2440 2813 vacaret,
2471 2748 2705 2803 ducebat
2759 2748 3065 2804 insomnes.
3095 2748 3364 2815 Quoniam
3399 2762 3528 2801 vero

1942 2852 2160 2893 sacrum
2193 2839 2359 2894 etiam
2392 2838 2561 2910 (quod
2596 2841 2802 2895 utinam
2833 2855 3111 2909 nunquam
3137 2838 3353 2907 fuisset)
3376 2837 3527 2892 thro-

1941 2945 2074 2984 num
2113 2929 2371 2986 Ecclesia:
2406 2946 2818 2987 conscensurus
2849 2940 2988 2997 erat,
3024 2945 3182 2985 sacra
3226 2945 3446 2999 quoque
3475 2942 3526 2986 et

1939 3020 2318 3077 ecclesiastica
2346 3022 2624 3077 volumina
2656 3024 2902 3079 studiose
2924 3023 3092 3093 erepit
3131 3022 3399 3078 lectitare.
3429 3020 3526 3075 Ve-

1941 3127 2060 3167 rum
2088 3121 2148 3167 ut
2170 3112 2431 3186 Theologi
2464 3113 2795 3171 Nazianzeni
2826 3115 2937 3170 ritu
2966 3115 3183 3184 loquar,
3216 3114 3364 3184 quod
3394 3128 3527 3170 sane

1940 3206 2115 3276 ipsius
2149 3208 2416 3276 sapientia
2447 3208 2730 3279 indignum
2769 3207 2892 3273 fuit,
2931 3209 3334 3280 ignorationem
3364 3208 3524 3279 igno-

1941 3301 2099 3353 ravit.
2150 3299 2340 3353 Noluit
2388 3300 2536 3355 enim
2584 3300 3048 3367 animadvertere,
3097 3302 3411 3371 quoniam:
3461 3299 3523 3354 Si

1938 3390 2056 3461 quis
2077 3391 2420 3461 vultsapicns
2462 3393 2580 3462 ﬁeri
2607 3394 2660 3447 in
2689 3394 2786 3447 hoc
2838 3394 3060 3459 mundo,
3102 3393 3297 3448 stultus
3339 3394 3425 3456 sit,
3464 3402 3524 3447 ut

1936 3482 2145 3549 sapiens
2170 3483 2323 3552 ﬁat“.
2344 3483 2532 3554 Neque
2560 3487 2701 3539 viam
2740 3485 3024 3541 modestize
3048 3493 3103 3540 et
3134 3486 3524 3542 submissionis

1936 3576 2224 3644 ingressus
2250 3584 2355 3642 est,
2388 3591 2498 3647 qua
2527 3576 2593 3631 ad
2620 3578 2903 3632 caelestem
2934 3579 3169 3648 gratiam
3222 3591 3529 3647 veramque

1937 3670 2263 3738 sapientiam
2295 3672 2646 3739 pervenitur:
2683 3686 2860 3740 neque
2889 3672 3141 3741 deposito
3175 3670 3318 3725 fastu
3349 3670 3522 3724 voluit

1935 3761 2203 3826 converti,
2240 3770 2296 3816 et
2330 3763 2442 3817 fieri
2476 3773 2535 3817 ut
2566 3764 2852 3834 parvulus,
2884 3771 3110 3833 propter
3140 3778 3367 3833 regnum
3406 3762 3519 3825 Dei,

1930 3855 2088 3925 juxta
2117 3854 2329 3909 Domini
2348 3860 2625 3911 vocem“:
2648 3872 2827 3928 neque
2845 3858 3082 3910 animam
3106 3871 3259 3911 suam
3285 3864 3339 3910 et
3370 3871 3523 3909 men-

1937 3958 2043 4004 tem
2076 3950 2242 4004 altius
2297 3948 2507 4015 fodere,
2535 3958 2590 4005 et
2622 3951 2772 4005 omni
2823 3948 3168 4020 subjectione
3206 3947 3517 4011 demittere,

1934 4050 1996 4096 ut
2018 4043 2175 4112 jubet
2210 4042 2499 4109 Dominus,
2532 4058 2628 4113 per
2654 4043 3011 4112 ahjectiorem
3055 4040 3520 4110 humilioremque

1933 4136 2184 4192 semitam
2216 4153 2230 4203 ;
2273 4145 2437 4207 atque
2466 4136 2539 4191 ita
2576 4152 2673 4208 per
2712 4137 3006 4192 affectuum
3038 4134 3518 4190 mortificationem

1931 4237 2100 4300 petrae
2131 4228 2353 4285 Christo
2383 4230 2665 4301 conjungi,
2708 4239 2762 4285 et
2811 4245 2977 4299 super
3004 4229 3181 4300 ipsum
3218 4228 3520 4283 inconcus-

1932 4332 2054 4373 sum
2092 4319 2218 4374 fidei
2267 4320 2688 4375 fundamentum
2735 4334 2963 4391 ponere,
3006 4325 3062 4374 et
3104 4319 3211 4389 piis
3256 4318 3520 4389 operibus

1932 4414 2175 4483 seipsum
2221 4414 2558 4468 domicilium
2620 4412 2905 4483 sapientiae
2948 4413 3333 4469 constituere..
3374 4411 3517 4467 Nihil

1930 4507 2127 4562 horum
2176 4508 2305 4563 huic
2334 4509 2488 4563 venit
2525 4508 2581 4562 in
2635 4514 2897 4568 mentem,
2934 4507 3039 4561 alia
3085 4507 3271 4562 omnia
3311 4507 3518 4576 cogita-

1930 4602 2019 4656 bat
2049 4617 2063 4667 ;
2098 4600 2277 4671 fragili
2306 4610 2362 4656 et
2387 4615 2644 4663 areuoso,
2673 4615 2827 4654 vana:
2844 4598 3199 4669 profanzeque
3238 4599 3519 4668 sapientia:

1900 4693 2289 4749 fundamento
2317 4704 2372 4748 et
2399 4691 2730 4774 insolentiae,
2762 4706 2872 4745 non
2895 4689 3197 4745 secundum
3231 4688 3513 4744 Christum

1929 4786 2195 4843 doctrinm
2224 4802 2322 4841 cor
2368 4801 2527 4840 suum
2574 4793 2924 4853 mentemque
2953 4787 3312 4849 confirmans,
3355 4785 3516 4840 vanis

1931 4881 2212 4936 hominum
2245 4879 2502 4935 laudibus
2536 4888 2589 4933 et
2620 4878 2904 4948 plausibus
2956 4876 3202 4943 inflatus,
3227 4877 3516 4946 elatusque

1930 4972 2077 5027 inani
2101 4971 2296 5043 gloria,
2329 4986 2427 5039 per
2481 4972 2655 5039 ipsam
2694 4968 2930 5024 inimica:
2977 4967 3089 5023 Dco
3136 4967 3412 5038 superbia:
3454 4980 3515 5021 se

1930 5065 2219 5134 conjunxit
2257 5082 2271 5118 :
2318 5081 2382 5119 ex
2432 5080 2543 5135 quo
2573 5064 2754 5120 omnis
2793 5062 3115 5132 impietatis,
3155 5066 3513 5129 omniumque

1931 5155 2294 5211 offensionum
2339 5157 2625 5212 materiem
2653 5156 2883 5211 edoctus
2912 5163 3018 5209 est.
3052 5153 3194 5225 Ergo
3222 5153 3388 5222 jactis
3418 5164 3513 5206 sa-

1931 5246 2160 5301 cerdotii
2226 5248 2311 5302 sui
2368 5249 2746 5317 improbandis
2809 5247 3206 5311 fuiidamentis,
3261 5252 3511 5298 extrema

1933 5340 2100 5395 initiis
2124 5349 2495 5396 consentanea
2529 5344 2760 5398 sortitus
2788 5353 2890 5398 est.
2929 5341 3039 5397 Nec
3070 5340 3215 5393 enim
3249 5336 3511 5408 repudia-

1931 5432 2006 5485 rit
2038 5430 2365 5500 Ecclesiam,
2420 5445 2681 5505 tanquam
2728 5450 2758 5488 a
2807 5431 3056 5505 profanis
3097 5430 3513 5502 magistratibus

1928 5523 2157 5595 profane
2190 5533 2246 5583 et
2269 5527 2534 5600 sacrilege
2566 5528 2671 5585 sibi
2695 5526 3080 5584 demandatam
3108 5543 3124 5593 ;
3156 5539 3335 5596 neque
3361 5521 3513 5578 velut
