3916 6192
388 234 445 277 ιν
1444 226 1846 290 PR/EFATIO
1887 229 1970 291 IN
2004 230 2267 292 PHOTII
2302 212 2585 292 orERAJ

386 339 543 395 alteri
570 338 689 393 viro
730 344 981 409 nuptam,
1019 337 1122 395 sibi
1155 352 1252 408 per
1282 337 1612 394 adulterium
1637 339 1970 408 desponderi

388 434 593 490 veritus
618 443 721 500 est,
756 430 1059 497 sed,contra
1092 431 1276 501 potius
1319 431 1780 495 exsultahundns,
1817 431 1974 486 avide

388 525 841 595 impudenterque
869 525 920 578 in
956 522 1102 578 illius
1150 523 1492 593 complexum
1542 523 1678 587 ruit,
1713 522 1976 578 alienam-

389 633 498 685 que
548 626 805 686 tanquam
850 616 1126 685 prepriam
1174 616 1354 686 palam
1405 615 1709 685 arrogavit,
1763 630 1977 686 suaque

391 708 624 764 infantia
655 720 709 764 et
751 709 1019 763 dedecore
1059 707 1422 779 gloriabatur,
1459 715 1514 764 et
1559 708 1889 764 laudabatur
1919 710 1976 764 in

392 803 682 874 iniquitate
729 817 867 865 sua;
917 804 1177 872 intraque
1226 817 1320 858 sex
1374 817 1481 857 non
1542 804 1780 872 amplius
1834 804 1975 870 dies,

393 894 649 950 manilius
693 894 977 949 hominum
1022 894 1292 959 initiatus,
1336 895 1683 966 concupitam
1733 895 1979 951 ecclesia:

393 987 710 1042 cathedram
750 987 971 1041 invasit.
1000 985 1242 1056 Eratque
1281 1002 1409 1042 vere
1435 1000 1682 1053 cernere,
1717 996 1777 1042 ut
1806 987 1980 1043 fertur

395 1079 612 1150 adagio,
635 1079 1061 1149 extemporalem
1095 1078 1483 1150 fietitiumque,
1500 1096 1597 1135 seu
1630 1089 1979 1149 personatum

398 1181 675 1226 sanetum.
708 1168 843 1226 Nam
871 1171 1048 1240 primo
1069 1170 1155 1227 die
1184 1172 1492 1228 monachus
1522 1186 1587 1228 ex
1613 1172 1779 1239 laico,
1808 1174 1983 1229 altero

396 1258 590 1323 lector,
625 1266 741 1313 tum
774 1259 1217 1330 hypodiaconus,
1250 1275 1313 1315 ac
1337 1261 1630 1327 diaconus,
1669 1272 1726 1319 et
1754 1264 1984 1335 presby-

396 1359 483 1406 ter
518 1367 531 1405 :
566 1358 723 1406 sexto
753 1351 971 1417 deinde,
1003 1351 1097 1421 qui
1128 1351 1231 1406 fuit
1259 1351 1464 1409 Christi
1516 1354 1739 1418 natalis,
1774 1362 1828 1409 et
1869 1355 1985 1424 ipse

399 1458 621 1499 sacrum
650 1443 1032 1499 conscendens
1064 1443 1331 1510 tribunal,
1367 1459 1556 1515 pacem
1590 1446 1821 1516 pepulo,
1842 1446 1985 1502 nihil

398 1547 529 1588 vera
557 1548 688 1601 pace
726 1532 952 1604 dignum
978 1534 1247 1604 cogitans,
1278 1533 1549 1589 nuntiavit
1570 1534 1698 1605 (rc).-

2076 341 2263 395 λουθον
2305 341 2428 413 ἔσχε
2457 345 2522 414 τῇ
2555 343 2695 414 ἀρχῇ
2728 344 2788 396 τὸ
2821 342 2991 406 τέλος.
3035 343 3108 399 Οὐ
3139 343 3250 416 γὰρ
3302 347 3657 420 παρῃτήσατο

2075 431 2174 502 τὴν
2201 430 2277 494 ὡς
2296 431 2450 502 παρὰ
2476 432 2758 502 κοσμικῶν
2790 433 3070 504 ἀρχόντων
3110 434 3371 503 ἀκόσμως
3399 438 3548 509 αὐτῷ
3569 441 3663 493 καὶ

2076 520 2332 591 ἀθέσμως
2365 520 2703 593 ἐνδιδομένην
2724 522 3077 594 Ἐκκλησίαν,
3113 524 3223 578 οὐδ’
3253 525 3330 589 ὡς
3356 527 3528 597 ἑτέρῳ
3566 529 3663 583 ἀν-

2077 612 2164 683 δρὶ
2196 600 2959 686 καθηρμοσμὲνηνμοιχικὼς
3007 616 3187 686 ἑαυτῷ
3248 620 3664 687 κατεγγυᾶσθαι

2076 704 2361 777 ηὐλαϐήθη
2399 721 2414 735 ·
2469 706 2783 761 τούναντίον
2820 708 2919 775 μὲν
2971 704 3065 763 οὖν
3099 711 3195 764 καὶ
3227 711 3569 782 περιχαρῶς,
3626 713 3660 783 ἢ

2079 796 2313 861 ἀναιδῶς
2363 796 2586 869 μᾶλλον,
2639 800 3047 870 κατησπάζετο,
3103 803 3198 855 καὶ
3243 802 3320 866 ὡς
3383 802 3523 866 ἰδίας
3567 804 3666 873 τῆς

2080 890 2373 962 ἀλλοτρίας
2433 892 2622 961 σαφῶς
2657 892 3020 958 ἀντεποιεῖτο,
3074 894 3251 950 καὶέν
3300 898 3368 968 τῇ
3433 896 3666 967 αἰσχύνῃ

2081 984 2232 1055 αὐτῷ
2265 985 2495 1056 ὲγαυρία
2526 984 2902 1056 δοξαζόμενος,
2962 988 3059 1041 καὶ
3096 989 3155 1042 ἐν
3183 990 3248 1059 τῇ
3274 988 3464 1061 ἀδικίᾳ
3487 986 3657 1041 αὑτοῦ

2083 1075 2419 1144 ὲνευλογεῖτο
2467 1078 2561 1145 καὶ
2606 1078 2665 1132 ὲν
2714 1077 2774 1144 ἒξ
2820 1081 2941 1142 ταῖς
2989 1080 3140 1143 ὅλαις
3192 1079 3433 1151 ἡμέραις
3471 1079 3662 1151 χερσὶν

2084 1168 2388 1239 ἀνθρώπων
2432 1169 2831 1240 τελειούμενος,
2889 1171 2989 1239 τῆς
3045 1172 3495 1245 ὲπιΘυμουμένης
3565 1174 3668 1225 ἐπ-

2085 1260 2428 1330 ελαμϐάνετο
2453 1261 2744 1335 καθέδρας.
2794 1264 2905 1317 Καὶ
2935 1259 3005 1335 ἦν
3028 1263 3242 1335 ἀληθῶς
3282 1266 3489 1319 ἐκεῖνον
3537 1265 3671 1336 ὁρᾷν

2087 1353 2225 1423 αὑθή
2236 1370 2400 1424 μερον
2425 1352 2581 1421 ἅγιον
2602 1356 2975 1425 πλαττόμενον
3034 1358 3175 1410 κατὰ
3208 1357 3308 1427 τὴν
3336 1356 3664 1429 παροιμίαν.

2088 1446 2288 1518 Πρώτη
2318 1446 2428 1517 γὰρ
2453 1448 2635 1520 ἡμέρᾳ
2660 1450 2893 1520 μοναχὸς
2918 1450 3039 1505 ἀντὶ
3081 1449 3294 1519 λαῖκοῦ,
3333 1453 3399 1522 τῇ
3443 1450 3673 1521 δευτέρᾳ

2090 1539 2149 1592 δὲ
2170 1539 2549 1610 ἀναγνώστης,
2575 1544 2672 1597 καὶ
2692 1544 3048 1609 ὑποδιάκονος
3078 1547 3143 1616 τῇ
3203 1543 3353 1617 ἑξῆς,
3395 1540 3515 1599 εἶτα
3564 1544 3655 1597 διά

398 1644 577 1693 κονος,
606 1623 726 1682 εἶτα
754 1628 1124 1699 πρεσϐύτερος
1150 1645 1164 1658 ·
1204 1628 1396 1682 ἔπειτα
1421 1630 1489 1699 τῇ
1513 1627 1649 1701 ἕκτῃ
1682 1644 1701 1663 ο
1730 1630 1973 1702 Χριστοῦ
2000 1631 2058 1686 δὲ
2076 1627 2146 1703 ἦν
2168 1633 2239 1687 τὰ
2289 1636 2542 1702 γενέθλια
2572 1654 2587 1671 σ
2652 1638 2748 1691 καὶ
2794 1637 2956 1702 αὐτὸς
2978 1637 3057 1708 τῷ
3109 1638 3369 1710 ῐερατικῷ
3421 1637 3671 1711 προσϐὰς

408 1726 607 1797 Θρόνῳ,
636 1727 733 1796 τὴν
763 1726 987 1798 εἰρήνην
1012 1724 1089 1796 τῷ
1121 1724 1236 1795 λαῴ
1277 1725 1641 1797 προσεφώνει,
1677 1728 1844 1799 μηδὲν
1871 1728 1972 1798 τῆς
1995 1730 2262 1802 ἀληθινῆς
2285 1732 2510 1805 εἰρήνης
2532 1733 2680 1801 ἄξιον
2708 1734 2890 1789 ὲννοού
2900 1753 3079 1807 μενος.
3123 1755 3143 1789 ι

472 1844 761 1901 Nectarius
796 1842 1104 1914 patriarcha
1142 1840 1672 1914 Hierosolymitanus
1705 1844 1799 1915 qui
1839 1844 2042 1902 saeculo
2089 1862 2226 1915 xvn,
2268 1847 2324 1903 in
2364 1848 2505 1905 libro
2529 1849 2605 1905 De
2636 1850 2857 1920 imperio
2888 1866 3067 1922 papre,‘
3093 1867 3204 1922 quo
3235 1851 3474 1907 schisma
3502 1849 3655 1906 fovet

400 1950 457 1996 et
486 1954 543 1994 se
574 1937 784 2024 Latinis
812 1935 1231 1992 infestissimum
1266 1936 1506 2003 exhibet,
1539 1937 1771 1993 candide
1804 1936 2010 1995 fatetur
2038 1936 2293 1996 Photium
2326 1956 2394 1998 ex
2424 1957 2576 1998 mera
2608 1944 2910 2000 ambitione
2959 1943 3261 2000 Ecclesiam
3297 1944 3669 2001 universalem

404 2045 500 2100 per
530 2027 728 2081 multos
757 2041 931 2081 annos
956 2024 1305 2079 vehementer
1333 2026 1705 2094 perturbasse.

476 2115 630 2172 Mitto
662 2124 886 2172 caeteros
917 2114 1209 2184 scriptores
1238 2112 1496 2169 Ecclesiae
1535 2113 1741 2171 Graeca:
1783 2115 1877 2187 qui
1920 2131 2020 2188 pro
2053 2116 2258 2173 unione
2284 2116 2676 2184 Ecclesiarum,
2709 2126 2833 2188 post
2869 2128 3062 2174 natum
3094 2118 3384 2175 dissidium
3419 2118 3679 2174 laboran—

406 2204 778 2270 tes,Photium
811 2202 980 2257 veluti
1011 2202 1285 2257 malorum
1321 2201 1569 2257 omnium
1598 2217 1823 2261 causam
1856 2215 2153 2287 accusant;
2180 2206 2351 2262 solius
2381 2203 2568 2268 Vecci,
2617 2208 2946 2277 patriarchae
2974 2206 3081 2261 (ΣΡ.
3120 2207 3301 2261 medio
3333 2205 3535 2262 saeculo
3578 2222 3677 2260 xin

406 2291 735 2350 sententiam
770 2290 1062 2361 proferam,
1089 2291 1182 2361 qui
1219 2290 1418 2346 asserit
1444 2292 1698 2346 Photium
1733 2294 1972 2362 primum
2029 2295 2085 2349 in
2123 2294 2357 2350 ecclesia
2398 2292 2666 2351 Orientali
2700 2294 2949 2365 posuisse
2984 2294 3314 2350 fermentum
3351 2294 3678 2365 pessimum,

405 2381 551 2454 quod
594 2380 825 2436 Michael
865 2377 1196 2435 Caerularius
1229 2386 1351 2449 post
1377 2390 1597 2434 centum
1624 2387 1679 2434 et
1728 2382 2072 2451 septuaginta
2101 2397 2278 2437 annos
2307 2383 2491 2438 denuo
2522 2386 2799 2439 excitavit.

1436 2495 1503 2550 Il.
1537 2524 1607 2535 -
1635 2495 1713 2551 De
1743 2498 1986 2553 doctrina
2017 2510 2067 2555 et
2094 2501 2390 2557 eruditione
2421 2502 2622 2557 Photii.

479 2589 605 2644 llaec
636 2587 703 2643 de
730 2586 930 2642 Photio
960 2586 1191 2643 dicenda
1213 2595 1392 2651 erant,
1422 2602 1489 2641 ne
1517 2587 1601 2642 vir
1627 2588 1786 2658 cujus
1818 2590 2024 2659 scripta
2049 2591 2161 2661 jam
2197 2592 2519 2661 collegimus
2560 2608 2588 2646 a
2617 2591 2777 2648 nobis
2812 2600 3008 2663 praeter
3040 2591 3297 2647 meritum
3344 2597 3439 2645 aut
3470 2590 3683 2660 vitupe-

405 2680 517 2735 rari
560 2687 656 2732 aut
688 2676 902 2731 laudari
941 2675 1242 2731 videretur.
1276 2675 1467 2731 Fuerit
1492 2676 1680 2747 utique
1713 2678 1965 2744 callidus,
2003 2680 2303 2752 hypocrita,
2341 2680 2689 2743 ambitiosus,
2728 2680 3005 2744 falsarius,
3049 2680 3456 2745 schismaticus,
3491 2687 3685 2749 tyran-

408 2781 537 2832 nus,
569 2773 809 2818 attamen
846 2763 1068 2834 ingenio
1097 2770 1153 2816 et
1191 2764 1505 2819 eruditione
1532 2779 1643 2818 non
1672 2767 1874 2829 caruit,
1916 2780 1981 2820 ac
2016 2778 2300 2839 propterea
2327 2785 2356 2823 e
2389 2770 2559 2823 choro
2584 2769 2914 2840 scriptorum
2948 2770 3041 2840 qui
3089 2768 3245 2824 libris
3280 2768 3397 2823 suis
3424 2766 3685 2821 Ecclesia

406 2856 741 2928 profuerunt
781 2871 889 2909 non
923 2855 1149 2910 omnino
1179 2853 1484 2925 ejiciendus
1514 2864 1629 2913 est.
1661 2855 1867 2910 Praeter
1909 2856 2193 2925 epistolam
2226 2865 2280 2910 et
2311 2856 2508 2911 librum
2540 2872 2681 2926 quos
2713 2855 2780 2910 ad
2810 2855 3238 2927 impugnandam
3272 2854 3685 2925 processionem

407 2944 653 3015 Spiritus
685 2942 861 2999 sancti
890 2943 1055 2997 etiam
1082 2958 1111 2997 a
1147 2941 1290 2996 Filio
1315 2944 1582 3009 exaravit,
1605 2952 1659 2997 et
1690 2952 1813 2998 aeta
1844 2942 2299 3012 pseudo-concilii
2330 2943 2413 2997 sui
2442 2958 2569 2997 cum
2598 2943 2945 2997 documentis
2963 2942 3190 2996 adncxis
3216 2956 3339 3011 quae
3364 2957 3429 2995 ex
3455 2939 3689 2994 arbitrio

406 3044 463 3090 et
493 3034 631 3089 satis
663 3031 916 3102 imperite
950 3033 1128 3096 finxit,
1160 3032 1297 3085 nihil
1325 3030 1439 3086 fere
1468 3032 1522 3086 in
1561 3047 1785 3087 causam
1813 3033 2127 3087 schismatis
2161 3033 2420 3102 scripsit;
2461 3039 2515 3085 ct
2548 3031 2752 3101 scripta
2796 3031 2917 3100 ejus
2948 3030 3128 3096 hodie,
3162 3038 3223 3084 ut
3259 3028 3689 3098 nobis‘videtnr,

406 3138 585 3191 neque
612 3119 852 3185 veritati,
889 3135 1068 3189 neque
1110 3118 1230 3188 paci
1266 3117 1525 3175 Ecclesiae
1550 3119 1663 3175 ulla
1692 3121 1907 3174 ratione
1931 3120 2125 3175 obesse
2159 3129 2409 3188 possunt,
2456 3119 2586 3174 dum
2623 3134 2653 3173 e
2682 3126 2871 3173 contra
2909 3118 2976 3171 ad
3011 3117 3297 3173 historiam
3326 3116 3597 3187 dogmatis
3629 3127 3688 3169 et

405 3208 817 3266 vicissitudines
861 3205 1177 3261 schismatis
1209 3205 1562 3263 delineandas
1601 3206 1740 3262 mire
1787 3207 2115 3262 inserviunt.
2156 3206 2281 3260 ideo
2319 3220 2451 3261 sane
2477 3213 2598 3260 acta
2638 3204 3068 3277 pseudo-synodi
3109 3204 3390 3260 Photianae
3440 3219 3564 3274 quae
3620 3202 3690 3257 ad

408 3312 613 3352 annum
641 3295 745 3352 877
775 3293 1031 3359 refertur,
1064 3294 1304 3364 primum
1336 3295 1549 3366 integra
1579 3294 1722 3351 edita
1748 3305 1877 3350 sunt
1899 3311 1929 3350 a
1962 3293 2027 3350 lt.
2064 3294 2120 3348 P.
2152 3292 2433 3349 Harduino
2463 3292 2891 3351 societatisJesu
2932 3293 3279 3366 presbytero,
3303 3308 3428 3349 cum
3454 3305 3689 3347 assensu

407 3382 710 3442 Clementis
746 3381 818 3436 XI
842 3382 1044 3436 summi
1078 3382 1354 3452 pontificis
1383 3382 1486 3452 (ά).

479 3474 600 3532 Non
636 3484 721 3531 est
748 3474 916 3546 igitur
958 3488 1059 3530 cur
1087 3474 1214 3544 quis
1245 3474 1503 3530 formidet
1540 3489 1612 3530 ne
1652 3488 1819 3547 opera
1855 3471 2037 3529 Photii
2078 3481 2174 3527 aut
2210 3472 2425 3528 veritati
2459 3473 2746 3529 catholicae
2775 3473 2983 3542 obsint,
3012 3482 3109 3530 aut
3148 3486 3331 3529 causae
3370 3470 3691 3528 schismatis

408 3565 673 3637 prodesse
706 3563 939 3635 possint.
1732 3546 1737 3547 ί
2524 3558 2527 3561 ’
2560 3546 2565 3557 ’

480 3653 847 3721 Qumretquis
871 3650 1105 3707 fortasse
1134 3650 1413 3720 quomodo
1468 3648 1850 3705 orthodoxiam
1897 3648 2097 3714 Photii,
2140 3647 2195 3703 in
2238 3648 2464 3719 scriptis
2505 3663 2626 3718 qua}
2691 3649 2757 3705 ad
2788 3649 3031 3705 schisma
3047 3645 3692 3719 nonpertinent,anobis

409 3750 702 3805 asserum,
734 3739 1093 3795 conciliemus
1127 3755 1253 3794 cum
1285 3738 1791 3803 actisconciliivnt,
1821 3738 1966 3808 quod
1989 3737 2043 3790 in
2064 3735 2317 3792 Photium
2358 3754 2719 3808 pervenerunt
2737 3739 3044 3810 dogmatum
3061 3740 3377 3792 inventorem
3399 3735 3691 3789 anathema

413 3828 834 3901 pronuntiavit?

484 3912 594 3968 Res
633 3912 783 3967 omni
815 3911 1131 3966 diﬂicultate
1164 3920 1332 3965 caret.
1368 3910 1565 3964 Narrat
1590 3911 1737 3965 enim
1764 3912 2087 3967 Anastasius
2133 3912 2593 3972 Bibliothecarius
2617 3932 2724 3987 qua
2764 3917 2903 3973 mira
2948 3916 3269 3982 calliditate,
3298 3930 3407 3970 non
3441 3913 3507 3969 ad
3534 3926 3689 3968 asse-

416 4001 646 4056 rendam
680 4014 835 4054 suam
867 3999 1206 4069 opinionem,
1240 3999 1336 4053 sed
1369 3997 1438 4052 ad
1476 3997 1791 4052 tentandam
1822 4002 2151 4069 pastoralem
2182 4003 2517 4074 vigilantiam
2556 4003 2768 4075 lgnatii,
2806 4004 3036 4060 Photius
3070 4020 3195 4059 cum
3257 4003 3500 4057 maximo
3521 4016 3686 4056 scan-

417 4089 542 4144 dalo
586 4088 822 4143 fidelium
864 4087 1109 4142 docuerit
1167 4085 1439 4156 singulos,
1486 4084 1741 4141 homines
1808 4086 1946 4142 duas
1982 4089 2181 4145 habere
2228 4094 2439 4147 animas
2465 4133 2480 4159 ,
2525 4110 2688 4147 unam
2730 4094 3049 4149 rationalem
3080 4102 3136 4147 et
3176 4093 3337 4147 aliam
3376 4091 3693 4145 animalem.

494 4200 513 4232 ι
539 4180 832 4245 Praeterea,
864 4181 939 4232 ait
967 4178 1315 4243 Anastasius,
1351 4187 1407 4232 ct
1432 4177 1581 4232 aliud
1614 4178 1919 4248 iniquitatis
1947 4196 2060 4235 sua:
2084 4183 2428 4250 retiaculum,
2459 4201 2566 4255 quo
2590 4194 2801 4241 mentes
2830 4185 3159 4255 simplicium
3192 4189 3430 4252 caperet,
3468 4189 3687 4243 texens,

420 4274 690 4339 quotquot
730 4265 797 4319 ad
858 4267 1190 4320 exteriorem
1221 4264 1289 4319 ab
1326 4280 1391 4319 eo
1430 4264 1780 4336 disciplinam
1817 4268 2121 4325 instruendi
2168 4273 2483 4340 veniebant,
2531 4274 2757 4344 proprio
2807 4274 3017 4343 scripto
3052 4271 3324 4342 Spondere
3379 4269 3609 4340 cogebat
3634 4284 3699 4323 se

422 4354 725 4412 secundum
769 4354 927 4408 fidem
964 4352 1139 4407 l‘hotii
1184 4353 1251 4407 de
1297 4359 1496 4407 caetero
1545 4354 1853 4409 credituros
1888 4373 1903 4421 ;
1944 4359 2102 4426 quasi
2143 4358 2267 4415 dure
2316 4360 2453 4417 fides
2491 4368 2702 4429 essent,
2749 4376 2858 4415 una
2898 4359 3111 4415 scilicet
3148 4355 3375 4422 Christi,
3416 4365 3471 4411 et
3523 4356 3700 4410 altera

422 4442 604 4497 Photii
638 4460 653 4497 :
708 4449 762 4496 et
820 4441 923 4495 hoc
958 4441 1318 4495 nihilominus
1358 4441 1555 4496 callide
1590 4444 1838 4507 molitus,
1872 4453 1931 4497 ut
1972 4451 2377 4506 communionis
2429 4466 2543 4507 sua:
2574 4465 2933 4521 quoscunque
2968 4448 3052 4503 vel
3077 4446 3575 4519 quomodocunque
3609 4447 3697 4497 la-

422 4532 581 4602 queis
606 4531 845 4585 irretiret
878 4547 893 4597 ;
921 4539 976 4584 et
1003 4539 1148 4583 esset
1174 4530 1515 4599 impossibile
1548 4546 1608 4585 se
1631 4546 1870 4601 unquam
1901 4535 2077 4601 evelli,
2110 4554 2272 4608 quem
2304 4539 2565 4593 nimirum
2590 4546 2868 4595 constaret
2899 4544 2979 4593 tot
3011 4536 3362 4590 lixisliaerere
3388 4531 3699 4596 radicibus,

424 4621 554 4674 dum
595 4620 682 4674 his
715 4632 817 4673 nec
849 4618 1010 4671 aliam
1046 4616 1227 4684 fidem,
1260 4618 1365 4672 nisi
1395 4633 1558 4687 quam
1587 4618 1704 4687 ipse
1736 4628 1968 4687 teneret,
2000 4623 2199 4681 habere
2233 4642 2455 4698 quoquo
2485 4627 2648 4681 modo
2682 4627 2928 4681 licuisset
2962 4643 2976 4681 :
3017 4624 3165 4696 quod
3192 4622 3489 4677 maximum
3529 4634 3697 4674 scan-

422 4706 610 4760 dalum
647 4706 980 4760 mortalibus
1009 4705 1291 4772 excitavit,
1326 4705 1676 4761 dicentibus:
1706 4707 1880 4770 Itane,
1916 4711 1962 4763 si
1996 4709 2223 4768 l’hotius
2257 4713 2622 4769 haeresiarcha
2658 4714 2845 4779 fuerit,
2879 4714 3079 4768 debent
3110 4712 3204 4765 filii
3237 4709 3413 4763 nostri
3440 4714 3533 4759 aut
3569 4705 3699 4760 ﬁdei

425 4794 715 4849 catholica:
748 4796 1062 4849 desertores
1120 4809 1263 4858 esse,
1300 4807 1392 4848 aut
1419 4796 1721 4863 juramenti
1752 4800 1833 4850 vel
1863 4797 1948 4850 sui
1980 4798 2332 4866 chirographi
2366 4796 2854 4867 transgressores?
2887 4804 3043 4851 erant
3088 4796 3231 4847 enim
3264 4792 3406 4845 inter
3426 4804 3522 4845 eos
3556 4803 3700 4841 non-

427 4884 565 4939 nulli
612 4884 941 4941 clarissimis
989 4885 1263 4939 natalibus
1316 4884 1534 4939 oriundi
1570 4903 1583 4938 :
1616 4902 1742 4939 nam
1777 4896 1832 4940 ct
1872 4896 1998 4942 ante
2042 4900 2217 4941 annos
2252 4886 2464 4954 aliquot
2515 4884 2659 4938 idem
2697 4884 2926 4939 i‘hotins
2976 4884 3209 4937 duarum
3242 4892 3699 4947 unumquemque

428 4973 703 5027 hominem
734 4972 1043 5026 animarum
1080 4973 1387 5027 consistere
1441 4974 1793 5043 praedicabat.
1820 4974 1924 5040 Qui
1958 4991 2083 5029 cum
2126 4992 2154 5027 a
2184 4974 2547 5029 Constantino
2583 4973 2913 5043 philOSOpho
2947 4985 3158 5040 magna:
3210 4967 3519 5024 sanctitatis
3550 4967 3694 5031 viro,

429 5062 739 5118 fortissimo
765 5062 883 5131 ejus
912 5063 1113 5126 amico,
1141 5065 1456 5133 increpatus
1488 5062 1685 5119 fuisset
1720 5065 1969 5119 dicente:
1991 5066 2104 5119 Cur
2134 5071 2345 5118 tantum
2378 5079 2625 5118 errorem
2656 5063 2711 5116 in
2758 5060 3016 5131 populum
3049 5072 3335 5130 spargens,
3371 5063 3452 5110 tot
3481 5054 3699 5108 animas

432 5150 807 5205 interfecisti?
840 5152 1121 5220 respondit
1157 5169 1172 5205 :
1211 5150 1328 5205 Non
1358 5152 1546 5207 studio
1570 5167 1899 5222 quemquam
1929 5151 2183 5216 laedendi,
2217 5152 2368 5217 talia,
2408 5152 2608 5220 inquit,
2653 5152 2795 5204 dicta
2820 5149 3103 5219 preposui,
3132 5146 3228 5201 sed
3262 5143 3529 5215 probandi
3561 5141 3696 5209 quid

432 5239 749 5307 patriarcha
775 5237 1015 5309 lgnatius
1048 5249 1253 5309 ageret,
1288 5240 1334 5294 si
1366 5256 1466 5294 suo
1491 5247 1736 5309 tempore
1768 5240 2024 5308 quaelibet
2058 5239 2282 5294 hazresis
2313 5254 2410 5308 per
2438 5240 2788 5310 syllogismos
2823 5237 3277 5307 pliiloSOphorum
3313 5242 3504 5287 exorta
3545 5240 3696 5299 pate-

429 5336 631 5392 sceret,
660 5331 754 5397 qui
790 5328 1003 5383 scilicet
1035 5330 1185 5384 viros
1213 5328 1513 5383 exterioris
1541 5329 1827 5397 sapientiae
1860 5329 2155 5397 repulisset
2188 5347 2201 5382 :
2238 5346 2425 5384 verum
2477 5330 2723 5400 ignoravi
2765 5345 2849 5384 me
2881 5329 2986 5383 sub
3016 5327 3181 5396 hujus
3211 5324 3403 5377 fomite
3442 5320 3696 5391 proposi-

430 5414 596 5470 tionis
628 5424 704 5471 tot
731 5417 947 5473 animas
982 5418 1101 5472 fore
1115 5418 1402 5473 laesurum.
1441 5416 1518 5471 Ad
1544 5416 1692 5486 quod
1720 5416 1810 5471 ille
1842 5434 1857 5473 :
1893 5417 1938 5470 0
1975 5418 2246 5487 sapientia
2280 5419 2468 5473 mundi
2498 5433 2622 5488 qua:
2658 5415 2963 5472 infatuatur
3004 5423 3059 5470 et
3090 5412 3391 5471 destruitur
3419 5411 3433 5464 l
3466 5407 3695 5463 luctasli

428 5632 481 5677 ﬂ
503 5553 573 5623 (ε)
621 5552 743 5608 Vita
794 5553 853 5608 S.
887 5552 1111 5625 Ignalii,
1150 5570 1237 5625 ap.
1266 5553 1432 5609 Ilard.
1467 5554 1600 5610 Acta
1633 5572 1785 5609 conc.
1815 5552 1878 5621 V,
1908 5554 2011 5611 959

516 5641 622 5677 sea.

516 5641 622 5694 seq.

504 5694 581 5765 (il)
619 5694 944 5767 Beveregins
977 5696 1029 5751 in
1075 5696 1354 5750 Pandectis
1388 5713 1644 5751 canonum
1667 5738 1679 5762 ,
1716 5707 1749 5749 t.
1791 5696 1851 5763 ll,
1886 5708 2003 5753 acta

2122 5556 2211 5611 illa
2248 5558 2593 5627 supposititia
2617 5572 2681 5611 ex
2709 5565 2860 5625 parte
2889 5555 3155 5610 ediderat.
3183 5550 3578 5627 Hardiiinusea
3612 5547 3695 5601 in-

2122 5636 2265 5698 tegra
2299 5621 2505 5699 primus
2540 5621 2763 5699 protulit
2787 5629 2927 5683 inter
2960 5627 3094 5680 Acta
3128 5625 3316 5680 concil.
3350 5622 3433 5687 Vl,
3464 5621 3587 5675 215.
