  <div class='ocr_page' id='page_1' title='image "/cluster/home/n/w/nwhite01/storage/ocr_20150623/101/hvd.32044018872879/019.png"; bbox 0 0 3916 6192; ppageno 0'>
   <div class='ocr_carea' id='block_1_1' title="bbox 430 252 2635 317">
    <p class='ocr_par' dir='ltr' id='par_1_1' title="bbox 430 252 2635 317">
     <span class='ocr_line' id='line_1_1' title="bbox 430 252 2635 317; baseline 0.003 -7"><span class='ocrx_word' id='word_1_1' title='bbox 430 257 483 297; x_wconf 74' lang='lat' dir='ltr'><strong>Vl</strong></span> <span class='ocrx_word' id='word_1_2' title='bbox 1524 252 1919 315; x_wconf 59' lang='lat' dir='ltr'><strong>PRIEFATIO</strong></span> <span class='ocrx_word' id='word_1_3' title='bbox 1957 252 2039 314; x_wconf 82' lang='lat' dir='ltr'><strong>IN</strong></span> <span class='ocrx_word' id='word_1_4' title='bbox 2071 253 2333 314; x_wconf 85' lang='lat' dir='ltr'><strong>PIIOTII</strong></span> <span class='ocrx_word' id='word_1_5' title='bbox 2365 254 2635 317; x_wconf 79' lang='lat' dir='ltr'><strong>OPERA.</strong></span> 
     </span>
    </p>
   </div>
   <div class='ocr_carea' id='block_1_2' title="bbox 512 360 3688 436">
    <p class='ocr_par' dir='ltr' id='par_1_2' title="bbox 512 360 3688 436">
     <span class='ocr_line' id='line_1_2' title="bbox 512 360 3688 436; baseline 0.003 -27"><span class='ocrx_word' id='word_1_6' title='bbox 512 360 699 414; x_wconf 78' lang='lat' dir='ltr'><strong>Secuti</strong></span> <span class='ocrx_word' id='word_1_7' title='bbox 740 376 933 417; x_wconf 89' lang='lat' dir='ltr'><strong>sumus</strong></span> <span class='ocrx_word' id='word_1_8' title='bbox 966 377 1097 433; x_wconf 82' lang='lat' dir='ltr'><strong>ergo</strong></span> <span class='ocrx_word' id='word_1_9' title='bbox 1144 364 1396 418; x_wconf 81' lang='lat' dir='ltr'><strong>ordinem</strong></span> <span class='ocrx_word' id='word_1_10' title='bbox 1431 365 1639 420; x_wconf 84' lang='lat' dir='ltr'><strong>codicis</strong></span> <span class='ocrx_word' id='word_1_11' title='bbox 1675 365 1920 420; x_wconf 86' lang='lat' dir='ltr'><strong>Vaticani</strong></span> <span class='ocrx_word' id='word_1_12' title='bbox 1948 363 2041 434; x_wconf 86' lang='lat' dir='ltr'><strong>qui</strong></span> <span class='ocrx_word' id='word_1_13' title='bbox 2080 365 2219 420; x_wconf 80' lang='grc'><strong>1925</strong></span> <span class='ocrx_word' id='word_1_14' title='bbox 2245 366 2513 432; x_wconf 82' lang='lat' dir='ltr'><strong>signatus,</strong></span> <span class='ocrx_word' id='word_1_15' title='bbox 2568 366 2835 431; x_wconf 86' lang='lat' dir='ltr'><strong>omnium,</strong></span> <span class='ocrx_word' id='word_1_16' title='bbox 2873 377 2929 421; x_wconf 90' lang='lat' dir='ltr'><strong>ut</strong></span> <span class='ocrx_word' id='word_1_17' title='bbox 2965 368 3025 419; x_wconf 90' lang='lat' dir='ltr'><strong>D.</strong></span> <span class='ocrx_word' id='word_1_18' title='bbox 3056 363 3476 436; x_wconf 73' lang='lat' dir='ltr'><strong>llergenrmthcr</strong></span> <span class='ocrx_word' id='word_1_19' title='bbox 3523 377 3688 422; x_wconf 84' lang='lat' dir='ltr'><strong>autu-</strong></span> 
     </span>
    </p>
   </div>
   <div class='ocr_carea' id='block_1_3' title="bbox 435 448 3703 520">
    <p class='ocr_par' dir='ltr' id='par_1_3' title="bbox 435 448 3703 520">
     <span class='ocr_line' id='line_1_3' title="bbox 435 448 3703 520; baseline 0.001 -20"><span class='ocrx_word' id='word_1_20' title='bbox 435 456 569 515; x_wconf 90' lang='lat' dir='ltr'><strong>mat,</strong></span> <span class='ocrx_word' id='word_1_21' title='bbox 598 450 1056 516; x_wconf 56' lang='lat' dir='ltr'><strong>praestantissimi,</strong></span> <span class='ocrx_word' id='word_1_22' title='bbox 1104 451 1197 520; x_wconf 86' lang='lat' dir='ltr'><strong>qui</strong></span> <span class='ocrx_word' id='word_1_23' title='bbox 1246 452 1447 506; x_wconf 85' lang='lat' dir='ltr'><strong>saeculo</strong></span> <span class='ocrx_word' id='word_1_24' title='bbox 1491 469 1588 507; x_wconf 83' lang='lat' dir='ltr'><strong>xm</strong></span> <span class='ocrx_word' id='word_1_25' title='bbox 1637 462 1892 508; x_wconf 82' lang='lat' dir='ltr'><strong>exaratus</strong></span> <span class='ocrx_word' id='word_1_26' title='bbox 1926 459 2030 519; x_wconf 92' lang='lat' dir='ltr'><strong>est,</strong></span> <span class='ocrx_word' id='word_1_27' title='bbox 2061 457 2114 504; x_wconf 92' lang='lat' dir='ltr'><strong>et</strong></span> <span class='ocrx_word' id='word_1_28' title='bbox 2140 448 2469 519; x_wconf 71' lang='lat' dir='ltr'><strong>quaestiones</strong></span> <span class='ocrx_word' id='word_1_29' title='bbox 2510 448 2614 503; x_wconf 79' lang='grc'><strong>515</strong></span> <span class='ocrx_word' id='word_1_30' title='bbox 2663 450 2905 505; x_wconf 89' lang='lat' dir='ltr'><strong>continet</strong></span> <span class='ocrx_word' id='word_1_31' title='bbox 2937 490 2951 512; x_wconf 88' lang='lat'><strong>,</strong></span> <span class='ocrx_word' id='word_1_32' title='bbox 3003 459 3200 520; x_wconf 67' lang='lat' dir='ltr'><strong>praeter</strong></span> <span class='ocrx_word' id='word_1_33' title='bbox 3241 449 3375 503; x_wconf 89' lang='lat' dir='ltr'><strong>alias</strong></span> <span class='ocrx_word' id='word_1_34' title='bbox 3409 452 3703 505; x_wconf 73' lang='lat' dir='ltr'><strong>nonnullas</strong></span> 
     </span>
    </p>
   </div>
   <div class='ocr_carea' id='block_1_4' title="bbox 436 534 3701 607">
    <p class='ocr_par' dir='ltr' id='par_1_4' title="bbox 436 534 3701 607">
     <span class='ocr_line' id='line_1_4' title="bbox 436 534 3701 607; baseline 0.002 -23"><span class='ocrx_word' id='word_1_35' title='bbox 436 550 559 602; x_wconf 85' lang='lat' dir='ltr'><strong>quae</strong></span> <span class='ocrx_word' id='word_1_36' title='bbox 594 551 822 590; x_wconf 90' lang='lat' dir='ltr'><strong>numero</strong></span> <span class='ocrx_word' id='word_1_37' title='bbox 870 547 1080 591; x_wconf 87' lang='lat' dir='ltr'><strong>carent.</strong></span> <span class='ocrx_word' id='word_1_38' title='bbox 1134 537 1423 607; x_wconf 85' lang='lat' dir='ltr'><strong>Nunquam</strong></span> <span class='ocrx_word' id='word_1_39' title='bbox 1477 549 1659 595; x_wconf 90' lang='lat' dir='ltr'><strong>tamen</strong></span> <span class='ocrx_word' id='word_1_40' title='bbox 1707 541 1999 595; x_wconf 89' lang='lat' dir='ltr'><strong>ascendent</strong></span> <span class='ocrx_word' id='word_1_41' title='bbox 2038 538 2105 593; x_wconf 90' lang='lat' dir='ltr'><strong>ad</strong></span> <span class='ocrx_word' id='word_1_42' title='bbox 2146 550 2432 590; x_wconf 87' lang='lat' dir='ltr'><strong>numerum</strong></span> <span class='ocrx_word' id='word_1_43' title='bbox 2465 534 2572 590; x_wconf 70' lang='grc'>444</span> <span class='ocrx_word' id='word_1_44' title='bbox 2596 551 2757 603; x_wconf 83' lang='lat' dir='ltr'><strong>quem</strong></span> <span class='ocrx_word' id='word_1_45' title='bbox 2794 536 3092 592; x_wconf 88' lang='lat' dir='ltr'><strong>Cotelerius</strong></span> <span class='ocrx_word' id='word_1_46' title='bbox 3119 550 3176 590; x_wconf 89' lang='lat' dir='ltr'><strong>se</strong></span> <span class='ocrx_word' id='word_1_47' title='bbox 3204 534 3471 605; x_wconf 86' lang='lat' dir='ltr'><strong>reperisse</strong></span> <span class='ocrx_word' id='word_1_48' title='bbox 3504 536 3701 592; x_wconf 85' lang='lat' dir='ltr'><strong>scribit</strong></span> 
     </span>
    </p>
   </div>
   <div class='ocr_carea' id='block_1_5' title="bbox 439 622 3697 695">
    <p class='ocr_par' dir='ltr' id='par_1_5' title="bbox 439 622 3697 695">
     <span class='ocr_line' id='line_1_5' title="bbox 439 622 3697 695; baseline 0.002 -22"><span class='ocrx_word' id='word_1_49' title='bbox 439 622 494 674; x_wconf 89' lang='lat' dir='ltr'><strong>in</strong></span> <span class='ocrx_word' id='word_1_50' title='bbox 530 625 720 679; x_wconf 84' lang='lat' dir='ltr'><strong>codice</strong></span> <span class='ocrx_word' id='word_1_51' title='bbox 760 623 1075 679; x_wconf 75' lang='lat' dir='ltr'><strong>Colbertino</strong></span> <span class='ocrx_word' id='word_1_52' title='bbox 1122 624 1182 695; x_wconf 87' lang='lat' dir='ltr'><strong>(i)</strong></span> <span class='ocrx_word' id='word_1_53' title='bbox 1208 641 1223 691; x_wconf 91' lang='lat'><strong>;</strong></span> <span class='ocrx_word' id='word_1_54' title='bbox 1253 626 1371 691; x_wconf 91' lang='lat' dir='ltr'><strong>sed,</strong></span> <span class='ocrx_word' id='word_1_55' title='bbox 1408 627 1463 680; x_wconf 93' lang='lat' dir='ltr'><strong>ni</strong></span> <span class='ocrx_word' id='word_1_56' title='bbox 1496 626 1674 692; x_wconf 83' lang='lat' dir='ltr'><strong>fallor,</strong></span> <span class='ocrx_word' id='word_1_57' title='bbox 1705 627 2057 683; x_wconf 87' lang='lat' dir='ltr'><strong>doctissimus</strong></span> <span class='ocrx_word' id='word_1_58' title='bbox 2104 625 2187 679; x_wconf 91' lang='lat' dir='ltr'><strong>vir</strong></span> <span class='ocrx_word' id='word_1_59' title='bbox 2216 638 2506 678; x_wconf 89' lang='lat' dir='ltr'><strong>numerum</strong></span> <span class='ocrx_word' id='word_1_60' title='bbox 2554 626 2921 695; x_wconf 62' lang='lat' dir='ltr'><strong>quaestionum</strong></span> <span class='ocrx_word' id='word_1_61' title='bbox 2983 624 3236 679; x_wconf 91' lang='lat' dir='ltr'><strong>incautus</strong></span> <span class='ocrx_word' id='word_1_62' title='bbox 3284 623 3535 679; x_wconf 84' lang='lat' dir='ltr'><strong>confudit</strong></span> <span class='ocrx_word' id='word_1_63' title='bbox 3568 640 3697 679; x_wconf 88' lang='lat' dir='ltr'><strong>cum</strong></span> 
     </span>
    </p>
   </div>
   <div class='ocr_carea' id='block_1_6' title="bbox 442 712 3697 784">
    <p class='ocr_par' dir='ltr' id='par_1_6' title="bbox 442 712 3697 784">
     <span class='ocr_line' id='line_1_6' title="bbox 442 712 3697 784; baseline 0 -17"><span class='ocrx_word' id='word_1_64' title='bbox 442 729 673 768; x_wconf 89' lang='lat' dir='ltr'><strong>numero</strong></span> <span class='ocrx_word' id='word_1_65' title='bbox 700 727 809 782; x_wconf 91' lang='lat' dir='ltr'><strong>quo</strong></span> <span class='ocrx_word' id='word_1_66' title='bbox 836 712 950 781; x_wconf 91' lang='lat' dir='ltr'><strong>ipse</strong></span> <span class='ocrx_word' id='word_1_67' title='bbox 975 712 1149 767; x_wconf 88' lang='lat' dir='ltr'><strong>codex</strong></span> <span class='ocrx_word' id='word_1_68' title='bbox 1183 714 1237 768; x_wconf 91' lang='lat' dir='ltr'><strong>in</strong></span> <span class='ocrx_word' id='word_1_69' title='bbox 1280 714 1615 773; x_wconf 79' lang='lat' dir='ltr'><strong>bibliotheca</strong></span> <span class='ocrx_word' id='word_1_70' title='bbox 1654 716 1966 771; x_wconf 89' lang='lat' dir='ltr'><strong>Colbertina</strong></span> <span class='ocrx_word' id='word_1_71' title='bbox 1995 716 2433 781; x_wconf 88' lang='lat' dir='ltr'><strong>inscribebatur;</strong></span> <span class='ocrx_word' id='word_1_72' title='bbox 2471 729 2633 769; x_wconf 90' lang='lat' dir='ltr'><strong>nemo</strong></span> <span class='ocrx_word' id='word_1_73' title='bbox 2668 716 2814 771; x_wconf 89' lang='lat' dir='ltr'><strong>enim</strong></span> <span class='ocrx_word' id='word_1_74' title='bbox 2850 722 3054 769; x_wconf 82' lang='lat' dir='ltr'><strong>tantam</strong></span> <span class='ocrx_word' id='word_1_75' title='bbox 3086 713 3450 784; x_wconf 68' lang='lat' dir='ltr'><strong>quaestionum</strong></span> <span class='ocrx_word' id='word_1_76' title='bbox 3482 715 3697 783; x_wconf 78' lang='lat' dir='ltr'><strong>copiam</strong></span> 
     </span>
    </p>
   </div>
   <div class='ocr_carea' id='block_1_7' title="bbox 439 799 1366 857">
    <p class='ocr_par' dir='ltr' id='par_1_7' title="bbox 439 799 1366 857">
     <span class='ocr_line' id='line_1_7' title="bbox 439 799 1366 857; baseline 0.003 -4"><span class='ocrx_word' id='word_1_77' title='bbox 439 801 498 855; x_wconf 94' lang='lat' dir='ltr'><strong>in</strong></span> <span class='ocrx_word' id='word_1_78' title='bbox 550 800 677 855; x_wconf 93' lang='lat' dir='ltr'><strong>ullis</strong></span> <span class='ocrx_word' id='word_1_79' title='bbox 721 799 1003 854; x_wconf 85' lang='lat' dir='ltr'><strong>codicibus</strong></span> <span class='ocrx_word' id='word_1_80' title='bbox 1035 800 1366 857; x_wconf 77' lang='lat' dir='ltr'><strong>observavit.</strong></span> 
     </span>
    </p>
   </div>
   <div class='ocr_carea' id='block_1_8' title="bbox 512 886 3697 961">
    <p class='ocr_par' dir='ltr' id='par_1_8' title="bbox 512 886 3697 961">
     <span class='ocr_line' id='line_1_8' title="bbox 512 886 3697 961; baseline 0 -18"><span class='ocrx_word' id='word_1_81' title='bbox 512 889 658 957; x_wconf 84' lang='lat' dir='ltr'><strong>Quot</strong></span> <span class='ocrx_word' id='word_1_82' title='bbox 682 889 1016 960; x_wconf 65' lang='lat' dir='ltr'><strong>quaestiones</strong></span> <span class='ocrx_word' id='word_1_83' title='bbox 1040 890 1316 959; x_wconf 80' lang='lat' dir='ltr'><strong>sigillatim</strong></span> <span class='ocrx_word' id='word_1_84' title='bbox 1343 905 1373 944; x_wconf 92' lang='lat' dir='ltr'><strong>a</strong></span> <span class='ocrx_word' id='word_1_85' title='bbox 1400 887 1622 955; x_wconf 82' lang='lat' dir='ltr'><strong>Wolfio,</strong></span> <span class='ocrx_word' id='word_1_86' title='bbox 1657 888 1727 945; x_wconf 88' lang='lat' dir='ltr'><strong>ab</strong></span> <span class='ocrx_word' id='word_1_87' title='bbox 1760 889 1889 942; x_wconf 87' lang='lat' dir='ltr'><strong>Ant.</strong></span> <span class='ocrx_word' id='word_1_88' title='bbox 1921 887 2133 953; x_wconf 81' lang='lat' dir='ltr'><strong>Scouo,</strong></span> <span class='ocrx_word' id='word_1_89' title='bbox 2166 903 2194 942; x_wconf 88' lang='lat' dir='ltr'><strong>a</strong></span> <span class='ocrx_word' id='word_1_90' title='bbox 2226 888 2378 943; x_wconf 87' lang='lat' dir='ltr'><strong>card.</strong></span> <span class='ocrx_word' id='word_1_91' title='bbox 2413 886 2573 954; x_wconf 82' lang='lat' dir='ltr'><strong>Maio,</strong></span> <span class='ocrx_word' id='word_1_92' title='bbox 2606 888 2765 943; x_wconf 70' lang='lat' dir='ltr'><strong>editae</strong></span> <span class='ocrx_word' id='word_1_93' title='bbox 2809 887 3053 955; x_wconf 90' lang='lat' dir='ltr'><strong>fuerunt,</strong></span> <span class='ocrx_word' id='word_1_94' title='bbox 3086 904 3197 961; x_wconf 90' lang='lat' dir='ltr'><strong>quo</strong></span> <span class='ocrx_word' id='word_1_95' title='bbox 3224 903 3370 944; x_wconf 88' lang='lat' dir='ltr'><strong>anno</strong></span> <span class='ocrx_word' id='word_1_96' title='bbox 3402 897 3457 944; x_wconf 87' lang='lat' dir='ltr'><strong>et</strong></span> <span class='ocrx_word' id='word_1_97' title='bbox 3488 898 3697 957; x_wconf 86' lang='lat' dir='ltr'><strong>quanta</strong></span> 
     </span>
    </p>
   </div>
   <div class='ocr_carea' id='block_1_9' title="bbox 439 974 3699 1048">
    <p class='ocr_par' dir='ltr' id='par_1_9' title="bbox 439 974 3699 1048">
     <span class='ocr_line' id='line_1_9' title="bbox 439 974 3699 1048; baseline 0 -17"><span class='ocrx_word' id='word_1_98' title='bbox 439 978 604 1032; x_wconf 85' lang='lat' dir='ltr'><strong>cura?</strong></span> <span class='ocrx_word' id='word_1_99' title='bbox 629 987 761 1046; x_wconf 90' lang='lat' dir='ltr'><strong>quot</strong></span> <span class='ocrx_word' id='word_1_100' title='bbox 792 978 1120 1046; x_wconf 66' lang='lat' dir='ltr'><strong>quaestiones</strong></span> <span class='ocrx_word' id='word_1_101' title='bbox 1153 978 1269 1047; x_wconf 87' lang='lat' dir='ltr'><strong>ipse</strong></span> <span class='ocrx_word' id='word_1_102' title='bbox 1307 977 1369 1030; x_wconf 93' lang='lat' dir='ltr'><strong>D.</strong></span> <span class='ocrx_word' id='word_1_103' title='bbox 1404 976 1830 1048; x_wconf 71' lang='lat' dir='ltr'><strong>Hergenrmther</strong></span> <span class='ocrx_word' id='word_1_104' title='bbox 1859 990 1925 1030; x_wconf 82' lang='lat' dir='ltr'><strong>ex</strong></span> <span class='ocrx_word' id='word_1_105' title='bbox 1973 974 2251 1030; x_wconf 87' lang='lat' dir='ltr'><strong>codicibus</strong></span> <span class='ocrx_word' id='word_1_106' title='bbox 2275 975 2664 1045; x_wconf 90' lang='lat' dir='ltr'><strong>manuscriptis</strong></span> <span class='ocrx_word' id='word_1_107' title='bbox 2698 975 2787 1030; x_wconf 90' lang='lat' dir='ltr'><strong>hic</strong></span> <span class='ocrx_word' id='word_1_108' title='bbox 2811 977 3048 1046; x_wconf 90' lang='lat' dir='ltr'><strong>primum</strong></span> <span class='ocrx_word' id='word_1_109' title='bbox 3078 975 3324 1045; x_wconf 81' lang='lat' dir='ltr'><strong>profert?</strong></span> <span class='ocrx_word' id='word_1_110' title='bbox 3353 986 3488 1046; x_wconf 90' lang='lat' dir='ltr'><strong>quot</strong></span> <span class='ocrx_word' id='word_1_111' title='bbox 3517 976 3699 1031; x_wconf 89' lang='lat' dir='ltr'><strong>adhuc</strong></span> 
     </span>
    </p>
   </div>
   <div class='ocr_carea' id='block_1_10' title="bbox 437 1059 3695 1139">
    <p class='ocr_par' dir='ltr' id='par_1_10' title="bbox 437 1059 3695 1139">
     <span class='ocr_line' id='line_1_10' title="bbox 437 1059 3695 1139; baseline -0.001 -20"><span class='ocrx_word' id='word_1_112' title='bbox 437 1065 662 1121; x_wconf 79' lang='lat' dir='ltr'><strong>edendae</strong></span> <span class='ocrx_word' id='word_1_113' title='bbox 683 1074 994 1133; x_wconf 78' lang='lat' dir='ltr'><strong>supersunt,</strong></span> <span class='ocrx_word' id='word_1_114' title='bbox 1023 1064 1257 1139; x_wconf 70' lang='lat' dir='ltr'><strong>reperiet</strong></span> <span class='ocrx_word' id='word_1_115' title='bbox 1285 1065 1456 1119; x_wconf 83' lang='lat' dir='ltr'><strong>lector</strong></span> <span class='ocrx_word' id='word_1_116' title='bbox 1483 1064 1536 1117; x_wconf 90' lang='lat' dir='ltr'><strong>in</strong></span> <span class='ocrx_word' id='word_1_117' title='bbox 1569 1062 2002 1119; x_wconf 81' lang='lat' dir='ltr'><strong>luculentissima</strong></span> <span class='ocrx_word' id='word_1_118' title='bbox 2031 1060 2092 1115; x_wconf 89' lang='grc' dir='ltr'><strong>Ι).</strong></span> <span class='ocrx_word' id='word_1_119' title='bbox 2115 1059 2538 1131; x_wconf 70' lang='grc' dir='ltr'>Ιίει-εςθιιιωιιιθι*</span> <span class='ocrx_word' id='word_1_120' title='bbox 2564 1062 2979 1129; x_wconf 85' lang='lat' dir='ltr'><strong>dissertatione,</strong></span> <span class='ocrx_word' id='word_1_121' title='bbox 3004 1078 3170 1133; x_wconf 90' lang='lat' dir='ltr'><strong>quam</strong></span> <span class='ocrx_word' id='word_1_122' title='bbox 3195 1064 3372 1134; x_wconf 91' lang='lat' dir='ltr'><strong>primo</strong></span> <span class='ocrx_word' id='word_1_123' title='bbox 3401 1063 3521 1119; x_wconf 92' lang='lat' dir='ltr'><strong>loco</strong></span> <span class='ocrx_word' id='word_1_124' title='bbox 3547 1063 3695 1117; x_wconf 90' lang='lat' dir='ltr'><strong>inter</strong></span> 
     </span>
    </p>
   </div>
   <div class='ocr_carea' id='block_1_11' title="bbox 438 1149 2154 1223">
    <p class='ocr_par' dir='ltr' id='par_1_11' title="bbox 438 1149 2154 1223">
     <span class='ocr_line' id='line_1_11' title="bbox 438 1149 2154 1223; baseline 0 -18"><span class='ocrx_word' id='word_1_125' title='bbox 438 1153 821 1223; x_wconf 88' lang='lat' dir='ltr'><strong>prolegomena</strong></span> <span class='ocrx_word' id='word_1_126' title='bbox 864 1152 1025 1221; x_wconf 90' lang='lat' dir='ltr'><strong>primi</strong></span> <span class='ocrx_word' id='word_1_127' title='bbox 1062 1152 1358 1205; x_wconf 86' lang='lat' dir='ltr'><strong>voluminis</strong></span> <span class='ocrx_word' id='word_1_128' title='bbox 1386 1168 1614 1221; x_wconf 90' lang='lat' dir='ltr'><strong>operum</strong></span> <span class='ocrx_word' id='word_1_129' title='bbox 1656 1151 1834 1206; x_wconf 87' lang='lat' dir='ltr'><strong>Photii</strong></span> <span class='ocrx_word' id='word_1_130' title='bbox 1864 1149 2154 1205; x_wconf 84' lang='lat' dir='ltr'><strong>edidimus.</strong></span> 
     </span>
    </p>
   </div>
   <div class='ocr_carea' id='block_1_12' title="bbox 510 1236 3697 1309">
    <p class='ocr_par' dir='ltr' id='par_1_12' title="bbox 510 1236 3697 1309">
     <span class='ocr_line' id='line_1_12' title="bbox 510 1236 3697 1309; baseline -0.001 -15"><span class='ocrx_word' id='word_1_131' title='bbox 510 1239 831 1295; x_wconf 82' lang='lat' dir='ltr'><strong>Notabimus</strong></span> <span class='ocrx_word' id='word_1_132' title='bbox 880 1249 1113 1305; x_wconf 89' lang='lat' dir='ltr'><strong>tantum,</strong></span> <span class='ocrx_word' id='word_1_133' title='bbox 1163 1252 1359 1309; x_wconf 61' lang='lat' dir='ltr'><strong>praeter</strong></span> <span class='ocrx_word' id='word_1_134' title='bbox 1387 1241 1605 1296; x_wconf 82' lang='lat' dir='ltr'><strong>codices</strong></span> <span class='ocrx_word' id='word_1_135' title='bbox 1646 1239 2068 1308; x_wconf 86' lang='lat' dir='ltr'><strong>manuscriptos.</strong></span> <span class='ocrx_word' id='word_1_136' title='bbox 2114 1238 2171 1291; x_wconf 92' lang='lat' dir='ltr'><strong>in</strong></span> <span class='ocrx_word' id='word_1_137' title='bbox 2215 1236 2419 1306; x_wconf 89' lang='lat' dir='ltr'><strong>quibus</strong></span> <span class='ocrx_word' id='word_1_138' title='bbox 2450 1236 2780 1307; x_wconf 69' lang='lat' dir='ltr'><strong>qumstioncs</strong></span> <span class='ocrx_word' id='word_1_139' title='bbox 2820 1237 3290 1307; x_wconf 71' lang='lat' dir='ltr'><strong>Amphilochiante</strong></span> <span class='ocrx_word' id='word_1_140' title='bbox 3328 1238 3697 1293; x_wconf 89' lang='lat' dir='ltr'><strong>continentur</strong></span> 
     </span>
    </p>
   </div>
   <div class='ocr_carea' id='block_1_13' title="bbox 436 1324 3696 1398">
    <p class='ocr_par' dir='ltr' id='par_1_13' title="bbox 436 1324 3696 1398">
     <span class='ocr_line' id='line_1_13' title="bbox 436 1324 3696 1398; baseline -0.001 -15"><span class='ocrx_word' id='word_1_141' title='bbox 436 1338 490 1383; x_wconf 89' lang='lat' dir='ltr'><strong>et</strong></span> <span class='ocrx_word' id='word_1_142' title='bbox 520 1343 551 1381; x_wconf 92' lang='lat' dir='ltr'><strong>a</strong></span> <span class='ocrx_word' id='word_1_143' title='bbox 589 1327 652 1381; x_wconf 92' lang='lat' dir='ltr'><strong>D.</strong></span> <span class='ocrx_word' id='word_1_144' title='bbox 693 1327 1115 1397; x_wconf 72' lang='lat' dir='ltr'><strong>llergenrmther</strong></span> <span class='ocrx_word' id='word_1_145' title='bbox 1140 1327 1302 1392; x_wconf 89' lang='lat' dir='ltr'><strong>infra,</strong></span> <span class='ocrx_word' id='word_1_146' title='bbox 1336 1343 1456 1398; x_wconf 85' lang='lat' dir='ltr'><strong>pag.</strong></span> <span class='ocrx_word' id='word_1_147' title='bbox 1491 1327 1579 1391; x_wconf 76' lang='grc'><strong>14,</strong></span> <span class='ocrx_word' id='word_1_148' title='bbox 1614 1334 1987 1391; x_wconf 87' lang='lat' dir='ltr'><strong>recensentur,</strong></span> <span class='ocrx_word' id='word_1_149' title='bbox 2021 1324 2135 1378; x_wconf 85' lang='lat' dir='ltr'><strong>dari</strong></span> <span class='ocrx_word' id='word_1_150' title='bbox 2172 1324 2391 1379; x_wconf 88' lang='lat' dir='ltr'><strong>codices</strong></span> <span class='ocrx_word' id='word_1_151' title='bbox 2438 1324 2733 1381; x_wconf 89' lang='lat' dir='ltr'><strong>nonnullos</strong></span> <span class='ocrx_word' id='word_1_152' title='bbox 2767 1340 2909 1395; x_wconf 89' lang='lat' dir='ltr'><strong>quos</strong></span> <span class='ocrx_word' id='word_1_153' title='bbox 2954 1326 3041 1381; x_wconf 89' lang='lat' dir='ltr'><strong>his</strong></span> <span class='ocrx_word' id='word_1_154' title='bbox 3075 1326 3260 1381; x_wconf 85' lang='lat' dir='ltr'><strong>verbis</strong></span> <span class='ocrx_word' id='word_1_155' title='bbox 3297 1334 3696 1380; x_wconf 80' lang='lat' dir='ltr'><strong>commemorat</strong></span> 
     </span>
    </p>
   </div>
   <div class='ocr_carea' id='block_1_14' title="bbox 441 1408 3692 1486">
    <p class='ocr_par' dir='ltr' id='par_1_14' title="bbox 441 1408 3692 1486">
     <span class='ocr_line' id='line_1_14' title="bbox 441 1408 3692 1486; baseline -0.001 -20"><span class='ocrx_word' id='word_1_156' title='bbox 441 1414 502 1470; x_wconf 81' lang='grc' dir='ltr'><strong>ι).</strong></span> <span class='ocrx_word' id='word_1_157' title='bbox 544 1412 685 1469; x_wconf 85' lang='lat' dir='ltr'><strong>llase</strong></span> <span class='ocrx_word' id='word_1_158' title='bbox 713 1415 767 1467; x_wconf 92' lang='lat' dir='ltr'><strong>in</strong></span> <span class='ocrx_word' id='word_1_159' title='bbox 798 1415 939 1469; x_wconf 88' lang='lat' dir='ltr'><strong>notis</strong></span> <span class='ocrx_word' id='word_1_160' title='bbox 973 1415 1089 1470; x_wconf 88' lang='lat' dir='ltr'><strong>suis</strong></span> <span class='ocrx_word' id='word_1_161' title='bbox 1118 1416 1183 1470; x_wconf 88' lang='lat' dir='ltr'><strong>ad</strong></span> <span class='ocrx_word' id='word_1_162' title='bbox 1212 1415 1486 1485; x_wconf 81' lang='lat' dir='ltr'><strong>dialogum</strong></span> <span class='ocrx_word' id='word_1_163' title='bbox 1543 1431 1705 1486; x_wconf 90' lang='lat' dir='ltr'><strong>quem</strong></span> <span class='ocrx_word' id='word_1_164' title='bbox 1751 1413 1963 1468; x_wconf 84' lang='lat' dir='ltr'><strong>Manuel</strong></span> <span class='ocrx_word' id='word_1_165' title='bbox 2002 1410 2335 1481; x_wconf 71' lang='lat' dir='ltr'><strong>Palaaologus</strong></span> <span class='ocrx_word' id='word_1_166' title='bbox 2364 1408 2781 1480; x_wconf 89' lang='lat' dir='ltr'><strong>Coustantinop.</strong></span> <span class='ocrx_word' id='word_1_167' title='bbox 2813 1411 3108 1481; x_wconf 88' lang='lat' dir='ltr'><strong>imperator</strong></span> <span class='ocrx_word' id='word_1_168' title='bbox 3136 1413 3364 1483; x_wconf 82' lang='lat' dir='ltr'><strong>Ancyrae</strong></span> <span class='ocrx_word' id='word_1_169' title='bbox 3390 1411 3445 1465; x_wconf 90' lang='lat' dir='ltr'><strong>in</strong></span> <span class='ocrx_word' id='word_1_170' title='bbox 3477 1410 3692 1464; x_wconf 85' lang='lat' dir='ltr'><strong>Galatia</strong></span> 
     </span>
    </p>
   </div>
   <div class='ocr_carea' id='block_1_15' title="bbox 440 1497 3693 1575">
    <p class='ocr_par' dir='ltr' id='par_1_15' title="bbox 440 1497 3693 1575">
     <span class='ocr_line' id='line_1_15' title="bbox 440 1497 3693 1575; baseline -0.002 -19"><span class='ocrx_word' id='word_1_171' title='bbox 440 1503 628 1557; x_wconf 90' lang='lat' dir='ltr'><strong>habuit</strong></span> <span class='ocrx_word' id='word_1_172' title='bbox 645 1518 769 1558; x_wconf 90' lang='lat' dir='ltr'><strong>cum</strong></span> <span class='ocrx_word' id='word_1_173' title='bbox 795 1505 1031 1573; x_wconf 90' lang='lat' dir='ltr'><strong>quodam</strong></span> <span class='ocrx_word' id='word_1_174' title='bbox 1052 1502 1236 1569; x_wconf 83' lang='lat' dir='ltr'><strong>Persa,</strong></span> <span class='ocrx_word' id='word_1_175' title='bbox 1261 1505 1329 1559; x_wconf 93' lang='lat' dir='ltr'><strong>de</strong></span> <span class='ocrx_word' id='word_1_176' title='bbox 1357 1505 1670 1575; x_wconf 68' lang='lat' dir='ltr'><strong>praestantia</strong></span> <span class='ocrx_word' id='word_1_177' title='bbox 1699 1502 1977 1573; x_wconf 83' lang='lat' dir='ltr'><strong>religionis</strong></span> <span class='ocrx_word' id='word_1_178' title='bbox 1996 1499 2320 1554; x_wconf 74' lang='lat' dir='ltr'><strong>Christiana:</strong></span> <span class='ocrx_word' id='word_1_179' title='bbox 2352 1507 2405 1552; x_wconf 91' lang='lat' dir='ltr'><strong>et</strong></span> <span class='ocrx_word' id='word_1_180' title='bbox 2423 1497 2658 1552; x_wconf 89' lang='lat' dir='ltr'><strong>falsitate</strong></span> <span class='ocrx_word' id='word_1_181' title='bbox 2689 1498 2811 1553; x_wconf 82' lang='lat' dir='ltr'><strong>fidei</strong></span> <span class='ocrx_word' id='word_1_182' title='bbox 2828 1498 3243 1557; x_wconf 72' lang='lat' dir='ltr'><strong>Mahumetante.</strong></span> <span class='ocrx_word' id='word_1_183' title='bbox 3266 1518 3285 1551; x_wconf 79' lang='grc' dir='ltr'><strong>ι</strong></span> <span class='ocrx_word' id='word_1_184' title='bbox 3310 1498 3693 1569; x_wconf 84' lang='lat' dir='ltr'><strong>Amphilochia</strong></span> 
     </span>
    </p>
   </div>
   <div class='ocr_carea' id='block_1_16' title="bbox 438 1574 3695 1657">
    <p class='ocr_par' dir='ltr' id='par_1_16' title="bbox 438 1574 3695 1657">
     <span class='ocr_line' id='line_1_16' title="bbox 438 1574 3695 1657; baseline -0.002 -13"><span class='ocrx_word' id='word_1_185' title='bbox 438 1590 639 1653; x_wconf 82' lang='lat' dir='ltr'><strong>Photii.</strong></span> <span class='ocrx_word' id='word_1_186' title='bbox 678 1593 776 1657; x_wconf 90' lang='lat' dir='ltr'><strong>ait,</strong></span> <span class='ocrx_word' id='word_1_187' title='bbox 805 1606 835 1646; x_wconf 91' lang='lat' dir='ltr'><strong>a</strong></span> <span class='ocrx_word' id='word_1_188' title='bbox 868 1578 1055 1646; x_wconf 83' lang='lat' dir='ltr'><strong>multis</strong></span> <span class='ocrx_word' id='word_1_189' title='bbox 1102 1592 1321 1647; x_wconf 87' lang='lat' dir='ltr'><strong>laudata</strong></span> <span class='ocrx_word' id='word_1_190' title='bbox 1347 1574 1401 1647; x_wconf 84' lang='lat' dir='ltr'><strong>et</strong></span> <span class='ocrx_word' id='word_1_191' title='bbox 1425 1600 1651 1657; x_wconf 84' lang='lat' dir='ltr'><strong>tentata,</strong></span> <span class='ocrx_word' id='word_1_192' title='bbox 1687 1592 1781 1647; x_wconf 92' lang='lat' dir='ltr'><strong>sed</strong></span> <span class='ocrx_word' id='word_1_193' title='bbox 1812 1590 1880 1644; x_wconf 88' lang='lat' dir='ltr'><strong>ad</strong></span> <span class='ocrx_word' id='word_1_194' title='bbox 1904 1574 2008 1643; x_wconf 86' lang='lat' dir='ltr'><strong>hoe</strong></span> <span class='ocrx_word' id='word_1_195' title='bbox 2035 1596 2250 1657; x_wconf 88' lang='lat' dir='ltr'><strong>tempus</strong></span> <span class='ocrx_word' id='word_1_196' title='bbox 2279 1585 2393 1657; x_wconf 90' lang='lat' dir='ltr'><strong>(an.</strong></span> <span class='ocrx_word' id='word_1_197' title='bbox 2423 1584 2584 1655; x_wconf 86' lang='grc'><strong>1807)</strong></span> <span class='ocrx_word' id='word_1_198' title='bbox 2616 1601 2899 1656; x_wconf 87' lang='lat' dir='ltr'><strong>nunquam</strong></span> <span class='ocrx_word' id='word_1_199' title='bbox 2926 1586 3093 1653; x_wconf 91' lang='lat' dir='ltr'><strong>edita,</strong></span> <span class='ocrx_word' id='word_1_200' title='bbox 3126 1595 3343 1642; x_wconf 80' lang='lat' dir='ltr'><strong>exstant</strong></span> <span class='ocrx_word' id='word_1_201' title='bbox 3368 1587 3424 1641; x_wconf 89' lang='lat' dir='ltr'><strong>in</strong></span> <span class='ocrx_word' id='word_1_202' title='bbox 3455 1594 3695 1656; x_wconf 86' lang='lat' dir='ltr'><strong>quatuor</strong></span> 
     </span>
    </p>
   </div>
   <div class='ocr_carea' id='block_1_17' title="bbox 437 1670 3691 1758">
    <p class='ocr_par' dir='ltr' id='par_1_17' title="bbox 437 1670 3691 1758">
     <span class='ocr_line' id='line_1_17' title="bbox 437 1670 3691 1758; baseline 0 -21"><span class='ocrx_word' id='word_1_203' title='bbox 437 1681 596 1737; x_wconf 88' lang='lat' dir='ltr'><strong>bouis</strong></span> <span class='ocrx_word' id='word_1_204' title='bbox 634 1682 918 1737; x_wconf 90' lang='lat' dir='ltr'><strong>codicibus</strong></span> <span class='ocrx_word' id='word_1_205' title='bbox 952 1682 1295 1739; x_wconf 71' lang='lat' dir='ltr'><strong>bibliothecae</strong></span> <span class='ocrx_word' id='word_1_206' title='bbox 1339 1683 1545 1740; x_wconf 63' lang='lat' dir='ltr'><strong>Caesar.</strong></span> <span class='ocrx_word' id='word_1_207' title='bbox 1595 1680 1920 1738; x_wconf 87' lang='lat' dir='ltr'><strong>Parisiensis</strong></span> <span class='ocrx_word' id='word_1_208' title='bbox 1956 1672 2360 1737; x_wconf 87' lang='lat' dir='ltr'><strong>:Coisliniano,</strong></span> <span class='ocrx_word' id='word_1_209' title='bbox 2409 1680 2468 1726; x_wconf 87' lang='lat' dir='ltr'><strong>n°</strong></span> <span class='ocrx_word' id='word_1_210' title='bbox 2504 1670 2611 1726; x_wconf 80' lang='grc'><strong>270</strong></span> <span class='ocrx_word' id='word_1_211' title='bbox 2641 1674 2862 1742; x_wconf 72' lang='lat' dir='ltr'><strong>Optimae</strong></span> <span class='ocrx_word' id='word_1_212' title='bbox 2900 1684 3066 1741; x_wconf 71' lang='grc' dir='ltr'><strong>ῐιοῑεθν</strong></span> <span class='ocrx_word' id='word_1_213' title='bbox 3105 1674 3302 1758; x_wconf 56' lang='grc' dir='ltr'><strong>Ριιομίο</strong></span> <span class='ocrx_word' id='word_1_214' title='bbox 3341 1672 3454 1729; x_wconf 66' lang='grc' dir='ltr'><strong>(ατε</strong></span> <span class='ocrx_word' id='word_1_215' title='bbox 3482 1687 3691 1737; x_wconf 64' lang='grc' dir='ltr'><strong>οοέενο,</strong></span> 
     </span>
    </p>
   </div>
   <div class='ocr_carea' id='block_1_18' title="bbox 433 1758 3694 1837">
    <p class='ocr_par' dir='ltr' id='par_1_18' title="bbox 433 1758 3694 1837">
     <span class='ocr_line' id='line_1_18' title="bbox 433 1758 3694 1837; baseline -0.002 -14"><span class='ocrx_word' id='word_1_216' title='bbox 433 1768 504 1823; x_wconf 91' lang='lat' dir='ltr'><strong>de</strong></span> <span class='ocrx_word' id='word_1_217' title='bbox 534 1784 644 1837; x_wconf 90' lang='lat' dir='ltr'><strong>quo</strong></span> <span class='ocrx_word' id='word_1_218' title='bbox 672 1767 1061 1828; x_wconf 81' lang='lat' dir='ltr'><strong>Montefalcon.</strong></span> <span class='ocrx_word' id='word_1_219' title='bbox 1100 1769 1363 1826; x_wconf 85' lang='lat' dir='ltr'><strong>Biblioth.</strong></span> <span class='ocrx_word' id='word_1_220' title='bbox 1393 1770 1556 1827; x_wconf 81' lang='lat' dir='ltr'><strong>Coisl.</strong></span> <span class='ocrx_word' id='word_1_221' title='bbox 1586 1769 1762 1826; x_wconf 90' lang='lat' dir='ltr'><strong>Paris.</strong></span> <span class='ocrx_word' id='word_1_222' title='bbox 1803 1765 1962 1831; x_wconf 83' lang='lat' dir='ltr'><strong>l7l5,</strong></span> <span class='ocrx_word' id='word_1_223' title='bbox 1990 1780 2043 1834; x_wconf 93' lang='lat' dir='ltr'><strong>p.</strong></span> <span class='ocrx_word' id='word_1_224' title='bbox 2084 1762 2223 1827; x_wconf 75' lang='lat'><strong>525;</strong></span> <span class='ocrx_word' id='word_1_225' title='bbox 2262 1761 2433 1816; x_wconf 88' lang='lat' dir='ltr'><strong>altero</strong></span> <span class='ocrx_word' id='word_1_226' title='bbox 2462 1758 2653 1832; x_wconf 84' lang='lat' dir='ltr'><strong>Regio,</strong></span> <span class='ocrx_word' id='word_1_227' title='bbox 2677 1777 2736 1817; x_wconf 90' lang='lat' dir='ltr'><strong>n.</strong></span> <span class='ocrx_word' id='word_1_228' title='bbox 2757 1761 2918 1830; x_wconf 84' lang='grc'><strong>1228,</strong></span> <span class='ocrx_word' id='word_1_229' title='bbox 2952 1778 3076 1819; x_wconf 66' lang='grc' dir='ltr'><strong>διες.</strong></span> <span class='ocrx_word' id='word_1_230' title='bbox 3112 1778 3201 1829; x_wconf 83' lang='lat' dir='ltr'><strong>xl;</strong></span> <span class='ocrx_word' id='word_1_231' title='bbox 3235 1763 3394 1818; x_wconf 91' lang='lat' dir='ltr'><strong>tertio</strong></span> <span class='ocrx_word' id='word_1_232' title='bbox 3421 1763 3551 1818; x_wconf 83' lang='lat' dir='ltr'><strong>item</strong></span> <span class='ocrx_word' id='word_1_233' title='bbox 3580 1761 3694 1817; x_wconf 81' lang='lat' dir='ltr'><strong>Re-</strong></span> 
     </span>
    </p>
   </div>
   <div class='ocr_carea' id='block_1_19' title="bbox 436 1846 3694 1925">
    <p class='ocr_par' dir='ltr' id='par_1_19' title="bbox 436 1846 3694 1925">
     <span class='ocr_line' id='line_1_19' title="bbox 436 1846 3694 1925; baseline -0.002 -18"><span class='ocrx_word' id='word_1_234' title='bbox 436 1856 525 1923; x_wconf 85' lang='lat' dir='ltr'><strong>gio</strong></span> <span class='ocrx_word' id='word_1_235' title='bbox 560 1856 719 1922; x_wconf 87' lang='grc'><strong>1229,</strong></span> <span class='ocrx_word' id='word_1_236' title='bbox 766 1855 1043 1925; x_wconf 89' lang='lat' dir='ltr'><strong>descripto</strong></span> <span class='ocrx_word' id='word_1_237' title='bbox 1085 1872 1153 1911; x_wconf 78' lang='lat' dir='ltr'><strong>ex</strong></span> <span class='ocrx_word' id='word_1_238' title='bbox 1201 1858 1327 1912; x_wconf 93' lang='lat' dir='ltr'><strong>cod.</strong></span> <span class='ocrx_word' id='word_1_239' title='bbox 1359 1858 1566 1912; x_wconf 89' lang='lat' dir='ltr'><strong>montis</strong></span> <span class='ocrx_word' id='word_1_240' title='bbox 1598 1856 1764 1921; x_wconf 84' lang='lat' dir='ltr'><strong>Atho,</strong></span> <span class='ocrx_word' id='word_1_241' title='bbox 1803 1855 1963 1925; x_wconf 85' lang='lat' dir='ltr'><strong>jussu</strong></span> <span class='ocrx_word' id='word_1_242' title='bbox 1981 1849 2271 1921; x_wconf 84' lang='lat' dir='ltr'><strong>Chrysanti</strong></span> <span class='ocrx_word' id='word_1_243' title='bbox 2310 1846 2549 1913; x_wconf 66' lang='lat' dir='ltr'><strong>Notaraa,</strong></span> <span class='ocrx_word' id='word_1_244' title='bbox 2589 1849 2684 1920; x_wconf 90' lang='lat' dir='ltr'><strong>qui</strong></span> <span class='ocrx_word' id='word_1_245' title='bbox 2733 1857 2852 1904; x_wconf 89' lang='lat' dir='ltr'><strong>erat</strong></span> <span class='ocrx_word' id='word_1_246' title='bbox 2896 1849 3296 1923; x_wconf 86' lang='lat' dir='ltr'><strong>Hierosolymis</strong></span> <span class='ocrx_word' id='word_1_247' title='bbox 3347 1852 3694 1922; x_wconf 83' lang='lat' dir='ltr'><strong>patriarcha,</strong></span> 
     </span>
    </p>
   </div>
   <div class='ocr_carea' id='block_1_20' title="bbox 435 1935 1981 2013">
    <p class='ocr_par' dir='ltr' id='par_1_20' title="bbox 435 1942 1981 2013">
     <span class='ocr_line' id='line_1_20' title="bbox 435 1942 1981 2013; baseline -0.001 -17"><span class='ocrx_word' id='word_1_248' title='bbox 435 1958 529 1999; x_wconf 87' lang='lat' dir='ltr'><strong>an.</strong></span> <span class='ocrx_word' id='word_1_249' title='bbox 579 1944 718 1998; x_wconf 88' lang='grc'><strong>1717</strong></span> <span class='ocrx_word' id='word_1_250' title='bbox 749 1942 902 2013; x_wconf 87' lang='lat' dir='ltr'><strong>(Vid.</strong></span> <span class='ocrx_word' id='word_1_251' title='bbox 946 1942 1020 1997; x_wconf 85' lang='lat' dir='ltr'><strong>Le</strong></span> <span class='ocrx_word' id='word_1_252' title='bbox 1047 1943 1242 2011; x_wconf 88' lang='lat' dir='ltr'><strong>Quien,</strong></span> <span class='ocrx_word' id='word_1_253' title='bbox 1268 1944 1457 1999; x_wconf 81' lang='lat' dir='ltr'><strong>Oriens</strong></span> <span class='ocrx_word' id='word_1_254' title='bbox 1478 1944 1676 2000; x_wconf 86' lang='lat' dir='ltr'><strong>Christ.</strong></span> <span class='ocrx_word' id='word_1_255' title='bbox 1708 1944 1885 1999; x_wconf 87' lang='lat' dir='ltr'><strong>Paris.</strong></span> <span class='ocrx_word' id='word_1_256' title='bbox 1921 1942 1981 1997; x_wconf 91' lang='grc'><strong>17</strong></span> 
     </span>
    </p>
   </div>
   <div class='ocr_carea' id='block_1_21' title="bbox 2149 1935 3695 2013">
    <p class='ocr_par' dir='ltr' id='par_1_21' title="bbox 2178 1935 3695 2009">
     <span class='ocr_line' id='line_1_21' title="bbox 2178 1935 3695 2009; baseline 0.002 -20"><span class='ocrx_word' id='word_1_257' title='bbox 2178 1935 2264 2000; x_wconf 87' lang='grc' dir='ltr'>ιιι,</span> <span class='ocrx_word' id='word_1_258' title='bbox 2289 1936 2397 1991; x_wconf 94' lang='lat' dir='ltr'><strong>col.</strong></span> <span class='ocrx_word' id='word_1_259' title='bbox 2425 1936 2586 2007; x_wconf 71' lang='lat'><strong>526);</strong></span> <span class='ocrx_word' id='word_1_260' title='bbox 2614 1944 2829 2007; x_wconf 92' lang='lat' dir='ltr'><strong>quarto,</strong></span> <span class='ocrx_word' id='word_1_261' title='bbox 2859 1953 2915 1991; x_wconf 88' lang='grc' dir='ltr'>ιι.</span> <span class='ocrx_word' id='word_1_262' title='bbox 2945 1936 3028 2007; x_wconf 56' lang='grc'><strong>60,</strong></span> <span class='ocrx_word' id='word_1_263' title='bbox 3049 1938 3449 2009; x_wconf 78' lang='lat' dir='ltr'><strong>Supplemeuti,</strong></span> <span class='ocrx_word' id='word_1_264' title='bbox 3475 1936 3695 1992; x_wconf 87' lang='lat' dir='ltr'><strong>duobus</strong></span> 
     </span>
    </p>
   </div>
   <div class='ocr_carea' id='block_1_22' title="bbox 436 2023 2952 2097">
    <p class='ocr_par' dir='ltr' id='par_1_22' title="bbox 436 2023 2952 2097">
     <span class='ocr_line' id='line_1_22' title="bbox 436 2023 2952 2097; baseline -0.001 -17"><span class='ocrx_word' id='word_1_265' title='bbox 436 2026 623 2090; x_wconf 89' lang='lat' dir='ltr'><strong>tomis,</strong></span> <span class='ocrx_word' id='word_1_266' title='bbox 658 2026 928 2097; x_wconf 89' lang='lat' dir='ltr'><strong>descripto</strong></span> <span class='ocrx_word' id='word_1_267' title='bbox 957 2042 1184 2082; x_wconf 89' lang='lat' dir='ltr'><strong>avorum</strong></span> <span class='ocrx_word' id='word_1_268' title='bbox 1217 2038 1532 2083; x_wconf 90' lang='lat' dir='ltr'><strong>nostrorum</strong></span> <span class='ocrx_word' id='word_1_269' title='bbox 1575 2036 1754 2093; x_wconf 66' lang='lat' dir='ltr'><strong>aetate,</strong></span> <span class='ocrx_word' id='word_1_270' title='bbox 1784 2042 1849 2081; x_wconf 86' lang='lat' dir='ltr'><strong>ex</strong></span> <span class='ocrx_word' id='word_1_271' title='bbox 1893 2024 2060 2096; x_wconf 79' lang='lat' dir='ltr'><strong>Regio</strong></span> <span class='ocrx_word' id='word_1_272' title='bbox 2089 2023 2251 2086; x_wconf 76' lang='grc'><strong>1228,</strong></span> <span class='ocrx_word' id='word_1_273' title='bbox 2272 2038 2437 2093; x_wconf 90' lang='lat' dir='ltr'><strong>quem</strong></span> <span class='ocrx_word' id='word_1_274' title='bbox 2474 2038 2642 2093; x_wconf 91' lang='lat' dir='ltr'><strong>supra</strong></span> <span class='ocrx_word' id='word_1_275' title='bbox 2666 2024 2777 2077; x_wconf 88' lang='lat' dir='ltr'><strong>dixi</strong></span> <span class='ocrx_word' id='word_1_276' title='bbox 2818 2024 2952 2093; x_wconf 64' lang='lat'><strong>(1&#39;).»</strong></span> 
     </span>
    </p>
   </div>
   <div class='ocr_carea' id='block_1_23' title="bbox 512 2109 3696 2185">
    <p class='ocr_par' dir='ltr' id='par_1_23' title="bbox 512 2109 3696 2185">
     <span class='ocr_line' id='line_1_23' title="bbox 512 2109 3696 2185; baseline -0.001 -17"><span class='ocrx_word' id='word_1_277' title='bbox 512 2112 701 2169; x_wconf 80' lang='lat' dir='ltr'><strong>Codex</strong></span> <span class='ocrx_word' id='word_1_278' title='bbox 736 2115 1031 2169; x_wconf 78' lang='lat' dir='ltr'><strong>Vaticanus</strong></span> <span class='ocrx_word' id='word_1_279' title='bbox 1073 2114 1213 2170; x_wconf 74' lang='grc'><strong>1923</strong></span> <span class='ocrx_word' id='word_1_280' title='bbox 1262 2131 1420 2183; x_wconf 88' lang='lat' dir='ltr'><strong>quem</strong></span> <span class='ocrx_word' id='word_1_281' title='bbox 1452 2115 1738 2185; x_wconf 88' lang='lat' dir='ltr'><strong>sequimur</strong></span> <span class='ocrx_word' id='word_1_282' title='bbox 1782 2116 1924 2169; x_wconf 88' lang='lat' dir='ltr'><strong>inter</strong></span> <span class='ocrx_word' id='word_1_283' title='bbox 1962 2112 2292 2182; x_wconf 78' lang='lat' dir='ltr'><strong>quaestiones</strong></span> <span class='ocrx_word' id='word_1_284' title='bbox 2362 2112 2850 2182; x_wconf 90' lang='lat' dir='ltr'><strong>Amphilochianas</strong></span> <span class='ocrx_word' id='word_1_285' title='bbox 2880 2112 3102 2167; x_wconf 88' lang='lat' dir='ltr'><strong>exhibet</strong></span> <span class='ocrx_word' id='word_1_286' title='bbox 3129 2127 3236 2167; x_wconf 88' lang='lat' dir='ltr'><strong>non</strong></span> <span class='ocrx_word' id='word_1_287' title='bbox 3284 2126 3487 2183; x_wconf 86' lang='lat' dir='ltr'><strong>paucas</strong></span> <span class='ocrx_word' id='word_1_288' title='bbox 3511 2109 3696 2167; x_wconf 87' lang='lat' dir='ltr'><strong>Photii</strong></span> 
     </span>
    </p>
   </div>
   <div class='ocr_carea' id='block_1_24' title="bbox 437 2196 3700 2274">
    <p class='ocr_par' dir='ltr' id='par_1_24' title="bbox 437 2196 3700 2274">
     <span class='ocr_line' id='line_1_24' title="bbox 437 2196 3700 2274; baseline -0.001 -18"><span class='ocrx_word' id='word_1_289' title='bbox 437 2203 719 2274; x_wconf 89' lang='lat' dir='ltr'><strong>epistolas,</strong></span> <span class='ocrx_word' id='word_1_290' title='bbox 744 2219 880 2271; x_wconf 87' lang='lat' dir='ltr'><strong>quas</strong></span> <span class='ocrx_word' id='word_1_291' title='bbox 931 2203 1297 2259; x_wconf 78' lang='lat' dir='ltr'><strong>Montacutius</strong></span> <span class='ocrx_word' id='word_1_292' title='bbox 1358 2204 1527 2259; x_wconf 90' lang='lat' dir='ltr'><strong>veluti</strong></span> <span class='ocrx_word' id='word_1_293' title='bbox 1572 2203 1831 2274; x_wconf 88' lang='lat' dir='ltr'><strong>epistolas</strong></span> <span class='ocrx_word' id='word_1_294' title='bbox 1868 2201 2055 2258; x_wconf 85' lang='lat' dir='ltr'><strong>edidit.</strong></span> <span class='ocrx_word' id='word_1_295' title='bbox 2088 2196 2163 2254; x_wconf 88' lang='lat' dir='ltr'><strong>Ut</strong></span> <span class='ocrx_word' id='word_1_296' title='bbox 2202 2198 2373 2253; x_wconf 87' lang='lat' dir='ltr'><strong>series</strong></span> <span class='ocrx_word' id='word_1_297' title='bbox 2404 2199 2775 2269; x_wconf 64' lang='lat' dir='ltr'><strong>quaestionum</strong></span> <span class='ocrx_word' id='word_1_298' title='bbox 2829 2201 3216 2270; x_wconf 86' lang='lat' dir='ltr'><strong>oompleretur,</strong></span> <span class='ocrx_word' id='word_1_299' title='bbox 3261 2201 3523 2270; x_wconf 87' lang='lat' dir='ltr'><strong>epistolas</strong></span> <span class='ocrx_word' id='word_1_300' title='bbox 3569 2199 3700 2254; x_wconf 86' lang='lat' dir='ltr'><strong>illas</strong></span> 
     </span>
    </p>
   </div>
   <div class='ocr_carea' id='block_1_25' title="bbox 434 2287 3693 2361">
    <p class='ocr_par' dir='ltr' id='par_1_25' title="bbox 434 2287 3693 2361">
     <span class='ocr_line' id='line_1_25' title="bbox 434 2287 3693 2361; baseline -0.001 -17"><span class='ocrx_word' id='word_1_301' title='bbox 434 2304 502 2344; x_wconf 85' lang='lat' dir='ltr'><strong>ex</strong></span> <span class='ocrx_word' id='word_1_302' title='bbox 537 2290 677 2344; x_wconf 90' lang='lat' dir='ltr'><strong>libro</strong></span> <span class='ocrx_word' id='word_1_303' title='bbox 707 2291 1062 2360; x_wconf 88' lang='lat' dir='ltr'><strong>epistolarum</strong></span> <span class='ocrx_word' id='word_1_304' title='bbox 1096 2291 1239 2345; x_wconf 90' lang='lat' dir='ltr'><strong>inter</strong></span> <span class='ocrx_word' id='word_1_305' title='bbox 1259 2291 1590 2361; x_wconf 88' lang='lat' dir='ltr'><strong>quaestiones</strong></span> <span class='ocrx_word' id='word_1_306' title='bbox 1612 2289 2094 2360; x_wconf 87' lang='lat' dir='ltr'><strong>Amphilochianas</strong></span> <span class='ocrx_word' id='word_1_307' title='bbox 2115 2287 2500 2343; x_wconf 89' lang='lat' dir='ltr'><strong>transtulimus</strong></span> <span class='ocrx_word' id='word_1_308' title='bbox 2525 2295 2579 2343; x_wconf 91' lang='lat' dir='ltr'><strong>et</strong></span> <span class='ocrx_word' id='word_1_309' title='bbox 2605 2302 2706 2343; x_wconf 89' lang='lat' dir='ltr'><strong>suo</strong></span> <span class='ocrx_word' id='word_1_310' title='bbox 2734 2287 2856 2345; x_wconf 91' lang='lat' dir='ltr'><strong>loco</strong></span> <span class='ocrx_word' id='word_1_311' title='bbox 2879 2288 3185 2357; x_wconf 88' lang='lat' dir='ltr'><strong>edidimus;</strong></span> <span class='ocrx_word' id='word_1_312' title='bbox 3222 2289 3482 2359; x_wconf 89' lang='lat' dir='ltr'><strong>epistolas</strong></span> <span class='ocrx_word' id='word_1_313' title='bbox 3507 2297 3693 2343; x_wconf 89' lang='lat' dir='ltr'><strong>autem</strong></span> 
     </span>
    </p>
   </div>
   <div class='ocr_carea' id='block_1_26' title="bbox 434 2377 3001 2447">
    <p class='ocr_par' dir='ltr' id='par_1_26' title="bbox 434 2377 3001 2447">
     <span class='ocr_line' id='line_1_26' title="bbox 434 2377 3001 2447; baseline 0 -16"><span class='ocrx_word' id='word_1_314' title='bbox 434 2378 697 2447; x_wconf 88' lang='lat' dir='ltr'><strong>reliquas,</strong></span> <span class='ocrx_word' id='word_1_315' title='bbox 728 2386 787 2432; x_wconf 92' lang='lat' dir='ltr'><strong>ut</strong></span> <span class='ocrx_word' id='word_1_316' title='bbox 819 2378 1004 2433; x_wconf 89' lang='lat' dir='ltr'><strong>statim</strong></span> <span class='ocrx_word' id='word_1_317' title='bbox 1036 2378 1302 2443; x_wconf 89' lang='lat' dir='ltr'><strong>dicemus,</strong></span> <span class='ocrx_word' id='word_1_318' title='bbox 1353 2394 1496 2433; x_wconf 90' lang='lat' dir='ltr'><strong>novo</strong></span> <span class='ocrx_word' id='word_1_319' title='bbox 1523 2379 1716 2433; x_wconf 91' lang='lat' dir='ltr'><strong>ordine</strong></span> <span class='ocrx_word' id='word_1_320' title='bbox 1746 2377 2147 2447; x_wconf 91' lang='lat' dir='ltr'><strong>disposuimus.</strong></span> <span class='ocrx_word' id='word_1_321' title='bbox 2998 2384 3001 2387; x_wconf 73' lang='grc'>’</span> 
     </span>
    </p>
   </div>
   <div class='ocr_carea' id='block_1_27' title="bbox 503 2462 3697 2536">
    <p class='ocr_par' dir='ltr' id='par_1_27' title="bbox 503 2462 3697 2536">
     <span class='ocr_line' id='line_1_27' title="bbox 503 2462 3697 2536; baseline -0 -18"><span class='ocrx_word' id='word_1_322' title='bbox 503 2463 562 2519; x_wconf 88' lang='lat' dir='ltr'><strong>In</strong></span> <span class='ocrx_word' id='word_1_323' title='bbox 611 2466 695 2521; x_wconf 90' lang='lat' dir='ltr'><strong>his</strong></span> <span class='ocrx_word' id='word_1_324' title='bbox 735 2465 1131 2536; x_wconf 84' lang='lat' dir='ltr'><strong>quaestionibus</strong></span> <span class='ocrx_word' id='word_1_325' title='bbox 1173 2466 1647 2536; x_wconf 87' lang='lat' dir='ltr'><strong>Amphilochianis</strong></span> <span class='ocrx_word' id='word_1_326' title='bbox 1698 2464 1997 2530; x_wconf 78' lang='lat' dir='ltr'><strong>solvendis,</strong></span> <span class='ocrx_word' id='word_1_327' title='bbox 2037 2462 2267 2520; x_wconf 88' lang='lat' dir='ltr'><strong>Photius</strong></span> <span class='ocrx_word' id='word_1_328' title='bbox 2318 2478 2428 2517; x_wconf 94' lang='lat' dir='ltr'><strong>non</strong></span> <span class='ocrx_word' id='word_1_329' title='bbox 2474 2477 2692 2534; x_wconf 89' lang='lat' dir='ltr'><strong>semper</strong></span> <span class='ocrx_word' id='word_1_330' title='bbox 2721 2478 2789 2519; x_wconf 85' lang='lat' dir='ltr'><strong>ex</strong></span> <span class='ocrx_word' id='word_1_331' title='bbox 2836 2465 3062 2536; x_wconf 90' lang='lat' dir='ltr'><strong>proprio</strong></span> <span class='ocrx_word' id='word_1_332' title='bbox 3109 2463 3260 2519; x_wconf 88' lang='lat' dir='ltr'><strong>fonte</strong></span> <span class='ocrx_word' id='word_1_333' title='bbox 3301 2462 3697 2533; x_wconf 87' lang='lat' dir='ltr'><strong>responsiones</strong></span> 
     </span>
    </p>
   </div>
   <div class='ocr_carea' id='block_1_28' title="bbox 436 2551 3696 2625">
    <p class='ocr_par' dir='ltr' id='par_1_28' title="bbox 436 2551 3696 2625">
     <span class='ocr_line' id='line_1_28' title="bbox 436 2551 3696 2625; baseline -0 -19"><span class='ocrx_word' id='word_1_334' title='bbox 436 2552 643 2617; x_wconf 86' lang='lat' dir='ltr'><strong>hausit,</strong></span> <span class='ocrx_word' id='word_1_335' title='bbox 679 2552 771 2607; x_wconf 92' lang='lat' dir='ltr'><strong>sed</strong></span> <span class='ocrx_word' id='word_1_336' title='bbox 800 2551 869 2606; x_wconf 92' lang='lat' dir='ltr'><strong>ab</strong></span> <span class='ocrx_word' id='word_1_337' title='bbox 913 2553 1233 2609; x_wconf 89' lang='lat' dir='ltr'><strong>auctoribus</strong></span> <span class='ocrx_word' id='word_1_338' title='bbox 1267 2553 1359 2623; x_wconf 92' lang='lat' dir='ltr'><strong>qui</strong></span> <span class='ocrx_word' id='word_1_339' title='bbox 1397 2563 1525 2608; x_wconf 89' lang='lat' dir='ltr'><strong>ante</strong></span> <span class='ocrx_word' id='word_1_340' title='bbox 1557 2554 1735 2624; x_wconf 89' lang='lat' dir='ltr'><strong>ipsum</strong></span> <span class='ocrx_word' id='word_1_341' title='bbox 1768 2554 2112 2625; x_wconf 89' lang='lat' dir='ltr'><strong>scripserunt</strong></span> <span class='ocrx_word' id='word_1_342' title='bbox 2153 2567 2249 2607; x_wconf 93' lang='lat' dir='ltr'><strong>eas</strong></span> <span class='ocrx_word' id='word_1_343' title='bbox 2281 2560 2567 2607; x_wconf 89' lang='lat' dir='ltr'><strong>mutuatus</strong></span> <span class='ocrx_word' id='word_1_344' title='bbox 2615 2560 2721 2607; x_wconf 91' lang='lat' dir='ltr'><strong>est.</strong></span> <span class='ocrx_word' id='word_1_345' title='bbox 2756 2552 3091 2609; x_wconf 89' lang='lat' dir='ltr'><strong>Theodoreti</strong></span> <span class='ocrx_word' id='word_1_346' title='bbox 3139 2553 3442 2623; x_wconf 67' lang='lat' dir='ltr'><strong>praesertim</strong></span> <span class='ocrx_word' id='word_1_347' title='bbox 3487 2554 3696 2620; x_wconf 84' lang='lat' dir='ltr'><strong>scripta</strong></span> 
     </span>
    </p>
   </div>
   <div class='ocr_carea' id='block_1_29' title="bbox 432 2640 3697 2713">
    <p class='ocr_par' dir='ltr' id='par_1_29' title="bbox 432 2640 3697 2713">
     <span class='ocr_line' id='line_1_29' title="bbox 432 2640 3697 2713; baseline -0 -18"><span class='ocrx_word' id='word_1_348' title='bbox 432 2640 658 2711; x_wconf 86' lang='lat' dir='ltr'><strong>expilat,</strong></span> <span class='ocrx_word' id='word_1_349' title='bbox 693 2641 827 2712; x_wconf 91' lang='lat' dir='ltr'><strong>quin</strong></span> <span class='ocrx_word' id='word_1_350' title='bbox 857 2656 981 2696; x_wconf 91' lang='lat' dir='ltr'><strong>eum</strong></span> <span class='ocrx_word' id='word_1_351' title='bbox 1014 2642 1302 2709; x_wconf 87' lang='lat' dir='ltr'><strong>nominet;</strong></span> <span class='ocrx_word' id='word_1_352' title='bbox 1338 2642 1477 2698; x_wconf 90' lang='lat' dir='ltr'><strong>alios</strong></span> <span class='ocrx_word' id='word_1_353' title='bbox 1530 2642 1853 2712; x_wconf 85' lang='lat' dir='ltr'><strong>interpretes</strong></span> <span class='ocrx_word' id='word_1_354' title='bbox 1890 2640 1951 2697; x_wconf 93' lang='lat' dir='ltr'><strong>S.</strong></span> <span class='ocrx_word' id='word_1_355' title='bbox 1987 2640 2285 2713; x_wconf 75' lang='lat' dir='ltr'><strong>Scriptura:</strong></span> <span class='ocrx_word' id='word_1_356' title='bbox 2315 2640 2383 2695; x_wconf 90' lang='lat' dir='ltr'><strong>ad</strong></span> <span class='ocrx_word' id='word_1_357' title='bbox 2409 2640 2648 2696; x_wconf 89' lang='lat' dir='ltr'><strong>litteram</strong></span> <span class='ocrx_word' id='word_1_358' title='bbox 2675 2642 2961 2709; x_wconf 88' lang='lat' dir='ltr'><strong>exseribit,</strong></span> <span class='ocrx_word' id='word_1_359' title='bbox 2998 2642 3167 2699; x_wconf 89' lang='lat' dir='ltr'><strong>tacito</strong></span> <span class='ocrx_word' id='word_1_360' title='bbox 3196 2657 3386 2698; x_wconf 90' lang='lat' dir='ltr'><strong>eorum</strong></span> <span class='ocrx_word' id='word_1_361' title='bbox 3431 2641 3697 2704; x_wconf 87' lang='lat' dir='ltr'><strong>nomine;</strong></span> 
     </span>
    </p>
   </div>
   <div class='ocr_carea' id='block_1_30' title="bbox 434 2729 1452 2798">
    <p class='ocr_par' dir='ltr' id='par_1_30' title="bbox 434 2729 1452 2798">
     <span class='ocr_line' id='line_1_30' title="bbox 434 2729 1452 2798; baseline 0.004 -16"><span class='ocrx_word' id='word_1_362' title='bbox 434 2729 681 2797; x_wconf 87' lang='lat' dir='ltr'><strong>adeoque</strong></span> <span class='ocrx_word' id='word_1_363' title='bbox 708 2729 871 2798; x_wconf 88' lang='lat' dir='ltr'><strong>plagii</strong></span> <span class='ocrx_word' id='word_1_364' title='bbox 905 2744 1031 2784; x_wconf 92' lang='lat' dir='ltr'><strong>reus</strong></span> <span class='ocrx_word' id='word_1_365' title='bbox 1061 2744 1183 2785; x_wconf 89' lang='lat' dir='ltr'><strong>esse</strong></span> <span class='ocrx_word' id='word_1_366' title='bbox 1215 2729 1452 2786; x_wconf 91' lang='lat' dir='ltr'><strong>videtur.</strong></span> 
     </span>
    </p>
   </div>
   <div class='ocr_carea' id='block_1_31' title="bbox 498 2811 3696 2892">
    <p class='ocr_par' dir='ltr' id='par_1_31' title="bbox 498 2811 3696 2892">
     <span class='ocr_line' id='line_1_31' title="bbox 498 2811 3696 2892; baseline 0.001 -22"><span class='ocrx_word' id='word_1_367' title='bbox 498 2817 655 2873; x_wconf 85' lang='lat' dir='ltr'><strong>Absit</strong></span> <span class='ocrx_word' id='word_1_368' title='bbox 680 2827 738 2871; x_wconf 93' lang='lat' dir='ltr'><strong>ut</strong></span> <span class='ocrx_word' id='word_1_369' title='bbox 762 2816 1016 2871; x_wconf 89' lang='lat' dir='ltr'><strong>Photium</strong></span> <span class='ocrx_word' id='word_1_370' title='bbox 1039 2817 1107 2871; x_wconf 89' lang='lat' dir='ltr'><strong>ab</strong></span> <span class='ocrx_word' id='word_1_371' title='bbox 1130 2817 1278 2872; x_wconf 90' lang='lat' dir='ltr'><strong>omni</strong></span> <span class='ocrx_word' id='word_1_372' title='bbox 1305 2818 1484 2889; x_wconf 80' lang='lat' dir='ltr'><strong>plagio</strong></span> <span class='ocrx_word' id='word_1_373' title='bbox 1516 2818 1747 2875; x_wconf 89' lang='lat' dir='ltr'><strong>liberum</strong></span> <span class='ocrx_word' id='word_1_374' title='bbox 1769 2835 1893 2877; x_wconf 88' lang='lat' dir='ltr'><strong>esse</strong></span> <span class='ocrx_word' id='word_1_375' title='bbox 1917 2811 2115 2891; x_wconf 84' lang='lat' dir='ltr'><strong>dicam,</strong></span> <span class='ocrx_word' id='word_1_376' title='bbox 2138 2840 2264 2881; x_wconf 90' lang='lat' dir='ltr'><strong>cum</strong></span> <span class='ocrx_word' id='word_1_377' title='bbox 2296 2838 2325 2880; x_wconf 89' lang='lat' dir='ltr'><strong>a</strong></span> <span class='ocrx_word' id='word_1_378' title='bbox 2357 2823 2506 2879; x_wconf 91' lang='lat' dir='ltr'><strong>furto</strong></span> <span class='ocrx_word' id='word_1_379' title='bbox 2533 2823 2786 2879; x_wconf 89' lang='lat' dir='ltr'><strong>excusari</strong></span> <span class='ocrx_word' id='word_1_380' title='bbox 2810 2836 2917 2878; x_wconf 92' lang='lat' dir='ltr'><strong>non</strong></span> <span class='ocrx_word' id='word_1_381' title='bbox 2938 2822 3130 2891; x_wconf 83' lang='lat' dir='ltr'><strong>possit,</strong></span> <span class='ocrx_word' id='word_1_382' title='bbox 3152 2821 3205 2877; x_wconf 88' lang='lat' dir='ltr'><strong>id</strong></span> <span class='ocrx_word' id='word_1_383' title='bbox 3228 2820 3373 2892; x_wconf 87' lang='lat' dir='ltr'><strong>quod</strong></span> <span class='ocrx_word' id='word_1_384' title='bbox 3394 2821 3448 2875; x_wconf 92' lang='lat' dir='ltr'><strong>in</strong></span> <span class='ocrx_word' id='word_1_385' title='bbox 3470 2819 3696 2876; x_wconf 71' lang='lat' dir='ltr'><strong>Petrum</strong></span> 
     </span>
    </p>
   </div>
   <div class='ocr_carea' id='block_1_32' title="bbox 436 2904 3689 2984">
    <p class='ocr_par' dir='ltr' id='par_1_32' title="bbox 436 2904 3689 2984">
     <span class='ocr_line' id='line_1_32' title="bbox 436 2904 3689 2984; baseline 0.001 -25"><span class='ocrx_word' id='word_1_386' title='bbox 436 2904 684 2959; x_wconf 89' lang='lat' dir='ltr'><strong>Siculum</strong></span> <span class='ocrx_word' id='word_1_387' title='bbox 709 2906 1009 2971; x_wconf 83' lang='lat' dir='ltr'><strong>commisit,</strong></span> <span class='ocrx_word' id='word_1_388' title='bbox 1036 2916 1093 2961; x_wconf 90' lang='lat' dir='ltr'><strong>ut</strong></span> <span class='ocrx_word' id='word_1_389' title='bbox 1124 2907 1265 2961; x_wconf 89' lang='lat' dir='ltr'><strong>infra</strong></span> <span class='ocrx_word' id='word_1_390' title='bbox 1302 2909 1617 2975; x_wconf 86' lang='lat' dir='ltr'><strong>ostendam;</strong></span> <span class='ocrx_word' id='word_1_391' title='bbox 1646 2918 1700 2965; x_wconf 91' lang='lat' dir='ltr'><strong>et</strong></span> <span class='ocrx_word' id='word_1_392' title='bbox 1730 2920 1993 2979; x_wconf 85' lang='lat' dir='ltr'><strong>praeterea</strong></span> <span class='ocrx_word' id='word_1_393' title='bbox 2013 2922 2246 2981; x_wconf 87' lang='lat' dir='ltr'><strong>veteres,</strong></span> <span class='ocrx_word' id='word_1_394' title='bbox 2281 2912 2591 2984; x_wconf 89' lang='lat' dir='ltr'><strong>suppressis</strong></span> <span class='ocrx_word' id='word_1_395' title='bbox 2622 2910 2963 2977; x_wconf 88' lang='lat' dir='ltr'><strong>nominibus,</strong></span> <span class='ocrx_word' id='word_1_396' title='bbox 2992 2911 3433 2974; x_wconf 88' lang='lat' dir='ltr'><strong>trauseribendo,</strong></span> <span class='ocrx_word' id='word_1_397' title='bbox 3460 2924 3689 2979; x_wconf 81' lang='lat' dir='ltr'><strong>gravem</strong></span> 
     </span>
    </p>
   </div>
   <div class='ocr_carea' id='block_1_33' title="bbox 434 2995 1982 3067">
    <p class='ocr_par' dir='ltr' id='par_1_33' title="bbox 434 2995 1982 3067">
     <span class='ocr_line' id='line_1_33' title="bbox 434 2995 1982 3067; baseline 0.001 -16"><span class='ocrx_word' id='word_1_398' title='bbox 434 2995 806 3067; x_wconf 87' lang='lat' dir='ltr'><strong>suspicionem</strong></span> <span class='ocrx_word' id='word_1_399' title='bbox 843 2995 910 3052; x_wconf 91' lang='lat' dir='ltr'><strong>de</strong></span> <span class='ocrx_word' id='word_1_400' title='bbox 940 2997 1084 3051; x_wconf 86' lang='lat' dir='ltr'><strong>bona</strong></span> <span class='ocrx_word' id='word_1_401' title='bbox 1122 2996 1229 3053; x_wconf 89' lang='lat' dir='ltr'><strong>llde</strong></span> <span class='ocrx_word' id='word_1_402' title='bbox 1256 3014 1355 3053; x_wconf 89' lang='lat' dir='ltr'><strong>sua</strong></span> <span class='ocrx_word' id='word_1_403' title='bbox 1385 2998 1702 3053; x_wconf 89' lang='lat' dir='ltr'><strong>omnimoda</strong></span> <span class='ocrx_word' id='word_1_404' title='bbox 1744 3000 1982 3054; x_wconf 80' lang='lat' dir='ltr'><strong>excitet!</strong></span> 
     </span>
    </p>
   </div>
   <div class='ocr_carea' id='block_1_34' title="bbox 503 3106 3701 3181">
    <p class='ocr_par' dir='ltr' id='par_1_34' title="bbox 503 3106 3701 3181">
     <span class='ocr_line' id='line_1_34' title="bbox 503 3106 3701 3181; baseline 0.001 -21"><span class='ocrx_word' id='word_1_405' title='bbox 503 3106 870 3162; x_wconf 86' lang='lat' dir='ltr'><strong>Nihilominus</strong></span> <span class='ocrx_word' id='word_1_406' title='bbox 904 3108 971 3161; x_wconf 90' lang='lat' dir='ltr'><strong>ad</strong></span> <span class='ocrx_word' id='word_1_407' title='bbox 1003 3106 1322 3162; x_wconf 89' lang='lat' dir='ltr'><strong>elevandam</strong></span> <span class='ocrx_word' id='word_1_408' title='bbox 1366 3110 1773 3164; x_wconf 89' lang='lat' dir='ltr'><strong>accusationem</strong></span> <span class='ocrx_word' id='word_1_409' title='bbox 1805 3109 1859 3163; x_wconf 93' lang='lat' dir='ltr'><strong>in</strong></span> <span class='ocrx_word' id='word_1_410' title='bbox 1898 3111 2075 3179; x_wconf 91' lang='lat' dir='ltr'><strong>ipsum</strong></span> <span class='ocrx_word' id='word_1_411' title='bbox 2101 3110 2266 3165; x_wconf 90' lang='lat' dir='ltr'><strong>latam</strong></span> <span class='ocrx_word' id='word_1_412' title='bbox 2308 3108 2459 3178; x_wconf 81' lang='lat' dir='ltr'><strong>facit,</strong></span> <span class='ocrx_word' id='word_1_413' title='bbox 2511 3108 2656 3181; x_wconf 89' lang='lat' dir='ltr'><strong>quod</strong></span> <span class='ocrx_word' id='word_1_414' title='bbox 2684 3110 3018 3181; x_wconf 76' lang='lat' dir='ltr'><strong>quaestiones</strong></span> <span class='ocrx_word' id='word_1_415' title='bbox 3061 3124 3183 3180; x_wconf 79' lang='lat' dir='ltr'><strong>quae</strong></span> <span class='ocrx_word' id='word_1_416' title='bbox 3224 3107 3701 3180; x_wconf 72' lang='lat' dir='ltr'><strong>Amphilochiana:</strong></span> 
     </span>
    </p>
   </div>
   <div class='ocr_carea' id='block_1_35' title="bbox 436 3194 3702 3269">
    <p class='ocr_par' dir='ltr' id='par_1_35' title="bbox 436 3194 3702 3269">
     <span class='ocr_line' id='line_1_35' title="bbox 436 3194 3702 3269; baseline 0.001 -22"><span class='ocrx_word' id='word_1_417' title='bbox 436 3194 803 3264; x_wconf 88' lang='lat' dir='ltr'><strong>appellantur,</strong></span> <span class='ocrx_word' id='word_1_418' title='bbox 843 3209 951 3249; x_wconf 93' lang='lat' dir='ltr'><strong>non</strong></span> <span class='ocrx_word' id='word_1_419' title='bbox 993 3209 1186 3249; x_wconf 92' lang='lat' dir='ltr'><strong>omnes</strong></span> <span class='ocrx_word' id='word_1_420' title='bbox 1212 3196 1282 3249; x_wconf 92' lang='lat' dir='ltr'><strong>ab</strong></span> <span class='ocrx_word' id='word_1_421' title='bbox 1324 3194 1708 3265; x_wconf 88' lang='lat' dir='ltr'><strong>Amphilochio</strong></span> <span class='ocrx_word' id='word_1_422' title='bbox 1737 3198 1843 3267; x_wconf 93' lang='lat' dir='ltr'><strong>ipsi</strong></span> <span class='ocrx_word' id='word_1_423' title='bbox 1877 3199 2166 3269; x_wconf 70' lang='lat' dir='ltr'><strong>proposita:</strong></span> <span class='ocrx_word' id='word_1_424' title='bbox 2192 3198 2415 3265; x_wconf 88' lang='lat' dir='ltr'><strong>fuerint,</strong></span> <span class='ocrx_word' id='word_1_425' title='bbox 2448 3201 2540 3254; x_wconf 91' lang='lat' dir='ltr'><strong>sed</strong></span> <span class='ocrx_word' id='word_1_426' title='bbox 2571 3198 2638 3253; x_wconf 90' lang='lat' dir='ltr'><strong>ab</strong></span> <span class='ocrx_word' id='word_1_427' title='bbox 2665 3199 2788 3254; x_wconf 90' lang='lat' dir='ltr'><strong>aliis</strong></span> <span class='ocrx_word' id='word_1_428' title='bbox 2821 3198 2951 3253; x_wconf 88' lang='lat' dir='ltr'><strong>viris</strong></span> <span class='ocrx_word' id='word_1_429' title='bbox 2995 3197 3110 3253; x_wconf 88' lang='lat' dir='ltr'><strong>sive</strong></span> <span class='ocrx_word' id='word_1_430' title='bbox 3158 3196 3551 3253; x_wconf 88' lang='lat' dir='ltr'><strong>ecclesiasticis</strong></span> <span class='ocrx_word' id='word_1_431' title='bbox 3577 3195 3702 3251; x_wconf 83' lang='lat' dir='ltr'><strong>sive</strong></span> 
     </span>
    </p>
   </div>
   <div class='ocr_carea' id='block_1_36' title="bbox 435 3280 3704 3357">
    <p class='ocr_par' dir='ltr' id='par_1_36' title="bbox 435 3280 3704 3357">
     <span class='ocr_line' id='line_1_36' title="bbox 435 3280 3704 3357; baseline 0.001 -21"><span class='ocrx_word' id='word_1_432' title='bbox 435 3280 809 3346; x_wconf 65' lang='lat' dir='ltr'><strong>saecularibus,</strong></span> <span class='ocrx_word' id='word_1_433' title='bbox 834 3280 927 3351; x_wconf 90' lang='lat' dir='ltr'><strong>qui</strong></span> <span class='ocrx_word' id='word_1_434' title='bbox 959 3283 1014 3336; x_wconf 91' lang='lat' dir='ltr'><strong>in</strong></span> <span class='ocrx_word' id='word_1_435' title='bbox 1042 3281 1393 3337; x_wconf 90' lang='lat' dir='ltr'><strong>meditatione</strong></span> <span class='ocrx_word' id='word_1_436' title='bbox 1417 3298 1700 3338; x_wconf 88' lang='lat' dir='ltr'><strong>sacrarum</strong></span> <span class='ocrx_word' id='word_1_437' title='bbox 1723 3283 2076 3353; x_wconf 86' lang='lat' dir='ltr'><strong>Litterarum,</strong></span> <span class='ocrx_word' id='word_1_438' title='bbox 2095 3288 2178 3342; x_wconf 85' lang='lat' dir='ltr'><strong>vel</strong></span> <span class='ocrx_word' id='word_1_439' title='bbox 2202 3286 2385 3342; x_wconf 91' lang='lat' dir='ltr'><strong>studio</strong></span> <span class='ocrx_word' id='word_1_440' title='bbox 2414 3287 2697 3357; x_wconf 74' lang='lat' dir='ltr'><strong>theologia:</strong></span> <span class='ocrx_word' id='word_1_441' title='bbox 2718 3297 2812 3341; x_wconf 90' lang='lat' dir='ltr'><strong>aut</strong></span> <span class='ocrx_word' id='word_1_442' title='bbox 2836 3286 3099 3353; x_wconf 60' lang='lat' dir='ltr'><strong>historiae,</strong></span> <span class='ocrx_word' id='word_1_443' title='bbox 3122 3286 3432 3353; x_wconf 62' lang='lat' dir='ltr'><strong>haerebant;</strong></span> <span class='ocrx_word' id='word_1_444' title='bbox 3462 3285 3704 3355; x_wconf 85' lang='lat' dir='ltr'><strong>ideoque</strong></span> 
     </span>
    </p>
   </div>
   <div class='ocr_carea' id='block_1_37' title="bbox 433 3370 3703 3446">
    <p class='ocr_par' dir='ltr' id='par_1_37' title="bbox 433 3370 3703 3446">
     <span class='ocr_line' id='line_1_37' title="bbox 433 3370 3703 3446; baseline 0.002 -21"><span class='ocrx_word' id='word_1_445' title='bbox 433 3384 503 3426; x_wconf 87' lang='lat' dir='ltr'><strong>ex</strong></span> <span class='ocrx_word' id='word_1_446' title='bbox 534 3378 776 3440; x_wconf 89' lang='lat' dir='ltr'><strong>tempore</strong></span> <span class='ocrx_word' id='word_1_447' title='bbox 813 3370 1143 3438; x_wconf 90' lang='lat' dir='ltr'><strong>respondere</strong></span> <span class='ocrx_word' id='word_1_448' title='bbox 1176 3370 1383 3436; x_wconf 88' lang='lat' dir='ltr'><strong>debuit,</strong></span> <span class='ocrx_word' id='word_1_449' title='bbox 1419 3371 1553 3440; x_wconf 90' lang='lat' dir='ltr'><strong>quin</strong></span> <span class='ocrx_word' id='word_1_450' title='bbox 1596 3371 1664 3426; x_wconf 89' lang='lat' dir='ltr'><strong>ad</strong></span> <span class='ocrx_word' id='word_1_451' title='bbox 1708 3372 2070 3444; x_wconf 89' lang='lat' dir='ltr'><strong>indagandam</strong></span> <span class='ocrx_word' id='word_1_452' title='bbox 2102 3377 2385 3433; x_wconf 88' lang='lat' dir='ltr'><strong>veritatem</strong></span> <span class='ocrx_word' id='word_1_453' title='bbox 2416 3376 2793 3434; x_wconf 89' lang='lat' dir='ltr'><strong>necessarium</strong></span> <span class='ocrx_word' id='word_1_454' title='bbox 2826 3387 3042 3446; x_wconf 88' lang='lat' dir='ltr'><strong>tempus</strong></span> <span class='ocrx_word' id='word_1_455' title='bbox 3083 3376 3328 3441; x_wconf 89' lang='lat' dir='ltr'><strong>haberet,</strong></span> <span class='ocrx_word' id='word_1_456' title='bbox 3365 3391 3428 3430; x_wconf 92' lang='lat' dir='ltr'><strong>ac</strong></span> <span class='ocrx_word' id='word_1_457' title='bbox 3460 3375 3703 3446; x_wconf 83' lang='lat' dir='ltr'><strong>proinde</strong></span> 
     </span>
    </p>
   </div>
   <div class='ocr_carea' id='block_1_38' title="bbox 434 3458 3699 3535">
    <p class='ocr_par' dir='ltr' id='par_1_38' title="bbox 434 3458 3699 3535">
     <span class='ocr_line' id='line_1_38' title="bbox 434 3458 3699 3535; baseline 0.002 -25"><span class='ocrx_word' id='word_1_458' title='bbox 434 3458 669 3513; x_wconf 89' lang='lat' dir='ltr'><strong>aliorum</strong></span> <span class='ocrx_word' id='word_1_459' title='bbox 714 3458 1020 3514; x_wconf 85' lang='lat' dir='ltr'><strong>doctrinam</strong></span> <span class='ocrx_word' id='word_1_460' title='bbox 1051 3461 1104 3513; x_wconf 92' lang='lat' dir='ltr'><strong>in</strong></span> <span class='ocrx_word' id='word_1_461' title='bbox 1136 3460 1355 3529; x_wconf 86' lang='lat' dir='ltr'><strong>propria</strong></span> <span class='ocrx_word' id='word_1_462' title='bbox 1397 3474 1661 3529; x_wconf 89' lang='lat' dir='ltr'><strong>responsa</strong></span> <span class='ocrx_word' id='word_1_463' title='bbox 1690 3461 1960 3519; x_wconf 91' lang='lat' dir='ltr'><strong>derivare.</strong></span> <span class='ocrx_word' id='word_1_464' title='bbox 1990 3463 2127 3521; x_wconf 89' lang='lat' dir='ltr'><strong>Cum</strong></span> <span class='ocrx_word' id='word_1_465' title='bbox 2163 3474 2375 3531; x_wconf 90' lang='lat' dir='ltr'><strong>autem,</strong></span> <span class='ocrx_word' id='word_1_466' title='bbox 2414 3465 2470 3520; x_wconf 92' lang='lat' dir='ltr'><strong>in</strong></span> <span class='ocrx_word' id='word_1_467' title='bbox 2497 3465 2723 3521; x_wconf 90' lang='lat' dir='ltr'><strong>edendis</strong></span> <span class='ocrx_word' id='word_1_468' title='bbox 2753 3465 3058 3535; x_wconf 89' lang='lat' dir='ltr'><strong>responsis,</strong></span> <span class='ocrx_word' id='word_1_469' title='bbox 3097 3465 3551 3535; x_wconf 82' lang='lat' dir='ltr'><strong>interregautium</strong></span> <span class='ocrx_word' id='word_1_470' title='bbox 3577 3463 3699 3517; x_wconf 90' lang='lat' dir='ltr'><strong>uti-</strong></span> 
     </span>
    </p>
   </div>
   <div class='ocr_carea' id='block_1_39' title="bbox 433 3544 3701 3623">
    <p class='ocr_par' dir='ltr' id='par_1_39' title="bbox 433 3544 3701 3623">
     <span class='ocr_line' id='line_1_39' title="bbox 433 3544 3701 3623; baseline 0.002 -24"><span class='ocrx_word' id='word_1_471' title='bbox 433 3544 571 3600; x_wconf 91' lang='lat' dir='ltr'><strong>litati</strong></span> <span class='ocrx_word' id='word_1_472' title='bbox 608 3547 847 3601; x_wconf 84' lang='lat' dir='ltr'><strong>maxime</strong></span> <span class='ocrx_word' id='word_1_473' title='bbox 876 3547 1236 3617; x_wconf 86' lang='lat' dir='ltr'><strong>prospiceret,</strong></span> <span class='ocrx_word' id='word_1_474' title='bbox 1268 3548 1565 3603; x_wconf 90' lang='lat' dir='ltr'><strong>verisimile</strong></span> <span class='ocrx_word' id='word_1_475' title='bbox 1591 3563 1702 3603; x_wconf 91' lang='lat' dir='ltr'><strong>non</strong></span> <span class='ocrx_word' id='word_1_476' title='bbox 1734 3559 1819 3603; x_wconf 92' lang='lat' dir='ltr'><strong>est</strong></span> <span class='ocrx_word' id='word_1_477' title='bbox 1845 3566 1971 3605; x_wconf 90' lang='lat' dir='ltr'><strong>eum</strong></span> <span class='ocrx_word' id='word_1_478' title='bbox 1998 3558 2128 3607; x_wconf 89' lang='lat' dir='ltr'><strong>tunc</strong></span> <span class='ocrx_word' id='word_1_479' title='bbox 2152 3551 2357 3607; x_wconf 85' lang='lat' dir='ltr'><strong>famam</strong></span> <span class='ocrx_word' id='word_1_480' title='bbox 2394 3552 2539 3607; x_wconf 92' lang='lat' dir='ltr'><strong>docti</strong></span> <span class='ocrx_word' id='word_1_481' title='bbox 2581 3553 2897 3623; x_wconf 91' lang='lat' dir='ltr'><strong>interpretis</strong></span> <span class='ocrx_word' id='word_1_482' title='bbox 2925 3552 3245 3619; x_wconf 86' lang='lat' dir='ltr'><strong>ambivisse,</strong></span> <span class='ocrx_word' id='word_1_483' title='bbox 3278 3562 3373 3606; x_wconf 88' lang='lat' dir='ltr'><strong>aut</strong></span> <span class='ocrx_word' id='word_1_484' title='bbox 3395 3568 3454 3607; x_wconf 92' lang='lat' dir='ltr'><strong>se</strong></span> <span class='ocrx_word' id='word_1_485' title='bbox 3480 3552 3701 3606; x_wconf 87' lang='lat' dir='ltr'><strong>meritis</strong></span> 
     </span>
    </p>
   </div>
   <div class='ocr_carea' id='block_1_40' title="bbox 433 3633 3703 3711">
    <p class='ocr_par' dir='ltr' id='par_1_40' title="bbox 433 3633 3703 3711">
     <span class='ocr_line' id='line_1_40' title="bbox 433 3633 3703 3711; baseline 0.002 -24"><span class='ocrx_word' id='word_1_486' title='bbox 433 3634 671 3689; x_wconf 88' lang='lat' dir='ltr'><strong>aliorum</strong></span> <span class='ocrx_word' id='word_1_487' title='bbox 721 3649 919 3691; x_wconf 91' lang='lat' dir='ltr'><strong>ornare</strong></span> <span class='ocrx_word' id='word_1_488' title='bbox 953 3636 1215 3691; x_wconf 90' lang='lat' dir='ltr'><strong>voluisse.</strong></span> <span class='ocrx_word' id='word_1_489' title='bbox 1249 3633 1344 3689; x_wconf 88' lang='lat' dir='ltr'><strong>Illa</strong></span> <span class='ocrx_word' id='word_1_490' title='bbox 1385 3645 1543 3691; x_wconf 62' lang='lat' dir='ltr'><strong>astate</strong></span> <span class='ocrx_word' id='word_1_491' title='bbox 1583 3636 1705 3690; x_wconf 92' lang='lat' dir='ltr'><strong>libri</strong></span> <span class='ocrx_word' id='word_1_492' title='bbox 1756 3637 1997 3694; x_wconf 88' lang='lat' dir='ltr'><strong>rariores</strong></span> <span class='ocrx_word' id='word_1_493' title='bbox 2044 3652 2397 3711; x_wconf 89' lang='lat' dir='ltr'><strong>erantquam</strong></span> <span class='ocrx_word' id='word_1_494' title='bbox 2434 3649 2493 3694; x_wconf 93' lang='lat' dir='ltr'><strong>ut</strong></span> <span class='ocrx_word' id='word_1_495' title='bbox 2530 3641 2765 3711; x_wconf 88' lang='lat' dir='ltr'><strong>quisque</strong></span> <span class='ocrx_word' id='word_1_496' title='bbox 2817 3644 2885 3696; x_wconf 90' lang='lat' dir='ltr'><strong>ad</strong></span> <span class='ocrx_word' id='word_1_497' title='bbox 2928 3656 3023 3697; x_wconf 91' lang='lat' dir='ltr'><strong>eos</strong></span> <span class='ocrx_word' id='word_1_498' title='bbox 3070 3640 3434 3696; x_wconf 87' lang='lat' dir='ltr'><strong>consulendos</strong></span> <span class='ocrx_word' id='word_1_499' title='bbox 3479 3640 3703 3694; x_wconf 87' lang='lat' dir='ltr'><strong>hortari</strong></span> 
     </span>
    </p>
   </div>
   <div class='ocr_carea' id='block_1_41' title="bbox 433 3724 3702 3798">
    <p class='ocr_par' dir='ltr' id='par_1_41' title="bbox 433 3724 3702 3798">
     <span class='ocr_line' id='line_1_41' title="bbox 433 3724 3702 3798; baseline 0 -20"><span class='ocrx_word' id='word_1_500' title='bbox 433 3734 649 3793; x_wconf 87' lang='lat' dir='ltr'><strong>posset;</strong></span> <span class='ocrx_word' id='word_1_501' title='bbox 681 3739 787 3777; x_wconf 89' lang='lat' dir='ltr'><strong>non</strong></span> <span class='ocrx_word' id='word_1_502' title='bbox 819 3724 962 3778; x_wconf 89' lang='lat' dir='ltr'><strong>enim</strong></span> <span class='ocrx_word' id='word_1_503' title='bbox 999 3724 1243 3778; x_wconf 90' lang='lat' dir='ltr'><strong>omnium</strong></span> <span class='ocrx_word' id='word_1_504' title='bbox 1284 3724 1542 3778; x_wconf 85' lang='lat' dir='ltr'><strong>manibus</strong></span> <span class='ocrx_word' id='word_1_505' title='bbox 1572 3724 1927 3791; x_wconf 86' lang='lat' dir='ltr'><strong>terebantur;</strong></span> <span class='ocrx_word' id='word_1_506' title='bbox 1969 3728 2065 3796; x_wconf 89' lang='lat' dir='ltr'><strong>qui</strong></span> <span class='ocrx_word' id='word_1_507' title='bbox 2091 3742 2281 3784; x_wconf 87' lang='lat' dir='ltr'><strong>eorum</strong></span> <span class='ocrx_word' id='word_1_508' title='bbox 2311 3728 2691 3783; x_wconf 89' lang='lat' dir='ltr'><strong>auctoritatem</strong></span> <span class='ocrx_word' id='word_1_509' title='bbox 2727 3729 2988 3785; x_wconf 90' lang='lat' dir='ltr'><strong>adhibere</strong></span> <span class='ocrx_word' id='word_1_510' title='bbox 3035 3727 3307 3798; x_wconf 85' lang='lat' dir='ltr'><strong>cupiebat,</strong></span> <span class='ocrx_word' id='word_1_511' title='bbox 3350 3727 3469 3783; x_wconf 90' lang='lat' dir='ltr'><strong>loca</strong></span> <span class='ocrx_word' id='word_1_512' title='bbox 3499 3741 3702 3782; x_wconf 85' lang='lat' dir='ltr'><strong>eorum</strong></span> 
     </span>
    </p>
   </div>
   <div class='ocr_carea' id='block_1_42' title="bbox 432 3809 3704 3887">
    <p class='ocr_par' dir='ltr' id='par_1_42' title="bbox 432 3809 3704 3887">
     <span class='ocr_line' id='line_1_42' title="bbox 432 3809 3704 3887; baseline 0.001 -22"><span class='ocrx_word' id='word_1_513' title='bbox 432 3809 705 3865; x_wconf 75' lang='lat' dir='ltr'><strong>laudanda</strong></span> <span class='ocrx_word' id='word_1_514' title='bbox 732 3811 1042 3866; x_wconf 86' lang='lat' dir='ltr'><strong>necessario</strong></span> <span class='ocrx_word' id='word_1_515' title='bbox 1080 3811 1393 3870; x_wconf 74' lang='lat' dir='ltr'><strong>exscribere</strong></span> <span class='ocrx_word' id='word_1_516' title='bbox 1418 3811 1671 3866; x_wconf 90' lang='lat' dir='ltr'><strong>debebat.</strong></span> <span class='ocrx_word' id='word_1_517' title='bbox 1701 3809 1944 3867; x_wconf 90' lang='lat' dir='ltr'><strong>Tandem</strong></span> <span class='ocrx_word' id='word_1_518' title='bbox 1978 3815 2068 3869; x_wconf 91' lang='lat' dir='ltr'><strong>vix</strong></span> <span class='ocrx_word' id='word_1_519' title='bbox 2114 3815 2261 3870; x_wconf 86' lang='lat' dir='ltr'><strong>credi</strong></span> <span class='ocrx_word' id='word_1_520' title='bbox 2320 3826 2501 3885; x_wconf 89' lang='lat' dir='ltr'><strong>potest</strong></span> <span class='ocrx_word' id='word_1_521' title='bbox 2550 3814 2805 3871; x_wconf 91' lang='lat' dir='ltr'><strong>Photium</strong></span> <span class='ocrx_word' id='word_1_522' title='bbox 2862 3817 2935 3870; x_wconf 89' lang='lat' dir='ltr'><strong>ita</strong></span> <span class='ocrx_word' id='word_1_523' title='bbox 2991 3816 3315 3887; x_wconf 83' lang='lat' dir='ltr'><strong>sibimetipsi</strong></span> <span class='ocrx_word' id='word_1_524' title='bbox 3358 3814 3598 3870; x_wconf 90' lang='lat' dir='ltr'><strong>illusisse</strong></span> <span class='ocrx_word' id='word_1_525' title='bbox 3634 3823 3704 3869; x_wconf 88' lang='lat' dir='ltr'><strong>ut</strong></span> 
     </span>
    </p>
   </div>
   <div class='ocr_carea' id='block_1_43' title="bbox 433 3898 3702 3971">
    <p class='ocr_par' dir='ltr' id='par_1_43' title="bbox 433 3898 3702 3971">
     <span class='ocr_line' id='line_1_43' title="bbox 433 3898 3702 3971; baseline 0.001 -20"><span class='ocrx_word' id='word_1_526' title='bbox 433 3906 677 3966; x_wconf 88' lang='lat' dir='ltr'><strong>speraret</strong></span> <span class='ocrx_word' id='word_1_527' title='bbox 703 3907 912 3953; x_wconf 90' lang='lat' dir='ltr'><strong>tantum</strong></span> <span class='ocrx_word' id='word_1_528' title='bbox 947 3898 1183 3969; x_wconf 87' lang='lat' dir='ltr'><strong>plagimn</strong></span> <span class='ocrx_word' id='word_1_529' title='bbox 1214 3908 1480 3967; x_wconf 91' lang='lat' dir='ltr'><strong>quantum</strong></span> <span class='ocrx_word' id='word_1_530' title='bbox 1527 3898 1580 3953; x_wconf 93' lang='lat' dir='ltr'><strong>in</strong></span> <span class='ocrx_word' id='word_1_531' title='bbox 1611 3900 1828 3968; x_wconf 89' lang='lat' dir='ltr'><strong>scriptis</strong></span> <span class='ocrx_word' id='word_1_532' title='bbox 1868 3898 2199 3957; x_wconf 90' lang='lat' dir='ltr'><strong>Theodoreti</strong></span> <span class='ocrx_word' id='word_1_533' title='bbox 2230 3904 2580 3960; x_wconf 91' lang='lat' dir='ltr'><strong>commisisse</strong></span> <span class='ocrx_word' id='word_1_534' title='bbox 2610 3912 2949 3971; x_wconf 91' lang='lat' dir='ltr'><strong>censeretur,</strong></span> <span class='ocrx_word' id='word_1_535' title='bbox 2993 3905 3087 3959; x_wconf 93' lang='lat' dir='ltr'><strong>diu</strong></span> <span class='ocrx_word' id='word_1_536' title='bbox 3121 3904 3311 3959; x_wconf 88' lang='lat' dir='ltr'><strong>doctos</strong></span> <span class='ocrx_word' id='word_1_537' title='bbox 3342 3902 3491 3957; x_wconf 89' lang='lat' dir='ltr'><strong>viros</strong></span> <span class='ocrx_word' id='word_1_538' title='bbox 3521 3902 3702 3955; x_wconf 85' lang='lat' dir='ltr'><strong>latere</strong></span> 
     </span>
    </p>
   </div>
   <div class='ocr_carea' id='block_1_44' title="bbox 431 3984 3696 4063">
    <p class='ocr_par' dir='ltr' id='par_1_44' title="bbox 431 3984 3696 4063">
     <span class='ocr_line' id='line_1_44' title="bbox 431 3984 3696 4063; baseline 0.002 -25"><span class='ocrx_word' id='word_1_539' title='bbox 431 3996 487 4039; x_wconf 89' lang='lat' dir='ltr'><strong>et</strong></span> <span class='ocrx_word' id='word_1_540' title='bbox 517 3986 739 4056; x_wconf 81' lang='lat' dir='ltr'><strong>impune</strong></span> <span class='ocrx_word' id='word_1_541' title='bbox 767 3986 1068 4057; x_wconf 90' lang='lat' dir='ltr'><strong>perpetrari</strong></span> <span class='ocrx_word' id='word_1_542' title='bbox 1120 3986 1387 4055; x_wconf 78' lang='lat' dir='ltr'><strong>potuisse.</strong></span> <span class='ocrx_word' id='word_1_543' title='bbox 1420 3984 1519 4041; x_wconf 82' lang='lat' dir='ltr'><strong>llis</strong></span> <span class='ocrx_word' id='word_1_544' title='bbox 1550 3986 1721 4056; x_wconf 79' lang='lat' dir='ltr'><strong>igitur</strong></span> <span class='ocrx_word' id='word_1_545' title='bbox 1744 3988 1813 4042; x_wconf 90' lang='lat' dir='ltr'><strong>de</strong></span> <span class='ocrx_word' id='word_1_546' title='bbox 1843 3989 2029 4044; x_wconf 89' lang='lat' dir='ltr'><strong>causis</strong></span> <span class='ocrx_word' id='word_1_547' title='bbox 2055 3990 2283 4047; x_wconf 86' lang='lat' dir='ltr'><strong>Photius</strong></span> <span class='ocrx_word' id='word_1_548' title='bbox 2315 3991 2662 4062; x_wconf 88' lang='lat' dir='ltr'><strong>aliquatenus</strong></span> <span class='ocrx_word' id='word_1_549' title='bbox 2686 4007 2717 4047; x_wconf 91' lang='lat' dir='ltr'><strong>a</strong></span> <span class='ocrx_word' id='word_1_550' title='bbox 2743 3992 2922 4063; x_wconf 84' lang='lat' dir='ltr'><strong>plagio</strong></span> <span class='ocrx_word' id='word_1_551' title='bbox 2958 3993 3214 4047; x_wconf 79' lang='lat' dir='ltr'><strong>excusari</strong></span> <span class='ocrx_word' id='word_1_552' title='bbox 3256 4005 3423 4063; x_wconf 87' lang='lat' dir='ltr'><strong>posse</strong></span> <span class='ocrx_word' id='word_1_553' title='bbox 3450 3990 3696 4045; x_wconf 91' lang='lat' dir='ltr'><strong>videtur.</strong></span> 
     </span>
    </p>
   </div>
   <div class='ocr_carea' id='block_1_45' title="bbox 503 4072 2252 4143">
    <p class='ocr_par' dir='ltr' id='par_1_45' title="bbox 503 4072 2252 4143">
     <span class='ocr_line' id='line_1_45' title="bbox 503 4072 2252 4143; baseline 0.004 -18"><span class='ocrx_word' id='word_1_554' title='bbox 503 4072 570 4128; x_wconf 88' lang='lat' dir='ltr'><strong>Et</strong></span> <span class='ocrx_word' id='word_1_555' title='bbox 599 4075 714 4129; x_wconf 63' lang='lat' dir='ltr'><strong>haec</strong></span> <span class='ocrx_word' id='word_1_556' title='bbox 755 4075 820 4127; x_wconf 91' lang='lat' dir='ltr'><strong>de</strong></span> <span class='ocrx_word' id='word_1_557' title='bbox 850 4074 1248 4143; x_wconf 64' lang='lat' dir='ltr'><strong>qumstiottibus</strong></span> <span class='ocrx_word' id='word_1_558' title='bbox 1277 4072 1397 4143; x_wconf 83' lang='lat' dir='ltr'><strong>ejus</strong></span> <span class='ocrx_word' id='word_1_559' title='bbox 1428 4073 1908 4143; x_wconf 89' lang='lat' dir='ltr'><strong>Amphilochianis</strong></span> <span class='ocrx_word' id='word_1_560' title='bbox 1946 4076 2089 4133; x_wconf 89' lang='lat' dir='ltr'><strong>dicta</strong></span> <span class='ocrx_word' id='word_1_561' title='bbox 2122 4080 2252 4135; x_wconf 91' lang='lat' dir='ltr'><strong>sint.</strong></span> 
     </span>
    </p>
   </div>
   <div class='ocr_carea' id='block_1_46' title="bbox 505 4160 3702 4235">
    <p class='ocr_par' dir='ltr' id='par_1_46' title="bbox 505 4160 3702 4235">
     <span class='ocr_line' id='line_1_46' title="bbox 505 4160 3702 4235; baseline -0 -20"><span class='ocrx_word' id='word_1_562' title='bbox 505 4160 707 4216; x_wconf 75' lang='lat' dir='ltr'><strong>Praeter</strong></span> <span class='ocrx_word' id='word_1_563' title='bbox 736 4160 858 4216; x_wconf 89' lang='lat' dir='ltr'><strong>illas</strong></span> <span class='ocrx_word' id='word_1_564' title='bbox 890 4162 1241 4230; x_wconf 65' lang='lat' dir='ltr'><strong>qumstiones,</strong></span> <span class='ocrx_word' id='word_1_565' title='bbox 1278 4160 1534 4215; x_wconf 88' lang='lat' dir='ltr'><strong>volumen</strong></span> <span class='ocrx_word' id='word_1_566' title='bbox 1566 4162 1803 4230; x_wconf 90' lang='lat' dir='ltr'><strong>primum</strong></span> <span class='ocrx_word' id='word_1_567' title='bbox 1835 4178 2064 4234; x_wconf 89' lang='lat' dir='ltr'><strong>operum</strong></span> <span class='ocrx_word' id='word_1_568' title='bbox 2110 4162 2291 4218; x_wconf 91' lang='lat' dir='ltr'><strong>Photii</strong></span> <span class='ocrx_word' id='word_1_569' title='bbox 2331 4164 2579 4219; x_wconf 91' lang='lat' dir='ltr'><strong>continet</strong></span> <span class='ocrx_word' id='word_1_570' title='bbox 2602 4162 2909 4233; x_wconf 82' lang='lat' dir='ltr'><strong>fragmenta</strong></span> <span class='ocrx_word' id='word_1_571' title='bbox 2957 4162 3234 4235; x_wconf 80' lang='lat' dir='ltr'><strong>exegetiea</strong></span> <span class='ocrx_word' id='word_1_572' title='bbox 3268 4162 3536 4233; x_wconf 82' lang='lat' dir='ltr'><strong>ejusdem,</strong></span> <span class='ocrx_word' id='word_1_573' title='bbox 3568 4176 3702 4231; x_wconf 71' lang='lat' dir='ltr'><strong>quae</strong></span> 
     </span>
    </p>
   </div>
   <div class='ocr_carea' id='block_1_47' title="bbox 431 4247 3701 4322">
    <p class='ocr_par' dir='ltr' id='par_1_47' title="bbox 431 4247 3701 4322">
     <span class='ocr_line' id='line_1_47' title="bbox 431 4247 3701 4322; baseline -0.002 -15"><span class='ocrx_word' id='word_1_574' title='bbox 431 4268 498 4307; x_wconf 88' lang='lat' dir='ltr'><strong>ex</strong></span> <span class='ocrx_word' id='word_1_575' title='bbox 528 4250 741 4305; x_wconf 75' lang='lat' dir='ltr'><strong>Catenis</strong></span> <span class='ocrx_word' id='word_1_576' title='bbox 764 4247 991 4303; x_wconf 82' lang='lat' dir='ltr'><strong>Patrum</strong></span> <span class='ocrx_word' id='word_1_577' title='bbox 1012 4248 1237 4304; x_wconf 85' lang='lat' dir='ltr'><strong>collecta</strong></span> <span class='ocrx_word' id='word_1_578' title='bbox 1260 4258 1410 4313; x_wconf 90' lang='lat' dir='ltr'><strong>sunt,</strong></span> <span class='ocrx_word' id='word_1_579' title='bbox 1441 4257 1495 4304; x_wconf 91' lang='lat' dir='ltr'><strong>et</strong></span> <span class='ocrx_word' id='word_1_580' title='bbox 1516 4250 1788 4320; x_wconf 68' lang='lat' dir='ltr'><strong>praecipue</strong></span> <span class='ocrx_word' id='word_1_581' title='bbox 1807 4252 1971 4307; x_wconf 91' lang='lat' dir='ltr'><strong>breve</strong></span> <span class='ocrx_word' id='word_1_582' title='bbox 2002 4250 2468 4307; x_wconf 89' lang='lat' dir='ltr'><strong>Commentarium</strong></span> <span class='ocrx_word' id='word_1_583' title='bbox 2498 4252 2553 4306; x_wconf 90' lang='lat' dir='ltr'><strong>in</strong></span> <span class='ocrx_word' id='word_1_584' title='bbox 2574 4260 2823 4306; x_wconf 89' lang='lat' dir='ltr'><strong>sanctum</strong></span> <span class='ocrx_word' id='word_1_585' title='bbox 2851 4250 3079 4317; x_wconf 85' lang='lat' dir='ltr'><strong>Lucam,</strong></span> <span class='ocrx_word' id='word_1_586' title='bbox 3114 4266 3277 4322; x_wconf 90' lang='lat' dir='ltr'><strong>quem</strong></span> <span class='ocrx_word' id='word_1_587' title='bbox 3303 4249 3453 4306; x_wconf 85' lang='lat' dir='ltr'><strong>card.</strong></span> <span class='ocrx_word' id='word_1_588' title='bbox 3489 4250 3555 4303; x_wconf 88' lang='lat' dir='ltr'><strong>A.</strong></span> <span class='ocrx_word' id='word_1_589' title='bbox 3586 4247 3701 4303; x_wconf 82' lang='lat' dir='ltr'><strong>Mai</strong></span> 
     </span>
    </p>
   </div>
   <div class='ocr_carea' id='block_1_48' title="bbox 436 4339 3045 4417">
    <p class='ocr_par' dir='ltr' id='par_1_48' title="bbox 436 4339 3045 4417">
     <span class='ocr_line' id='line_1_48' title="bbox 436 4339 3045 4417; baseline 0 -19"><span class='ocrx_word' id='word_1_590' title='bbox 436 4346 649 4417; x_wconf 84' lang='lat' dir='ltr'><strong>primus</strong></span> <span class='ocrx_word' id='word_1_591' title='bbox 692 4342 863 4399; x_wconf 90' lang='lat' dir='ltr'><strong>edidit</strong></span> <span class='ocrx_word' id='word_1_592' title='bbox 892 4342 946 4397; x_wconf 94' lang='lat' dir='ltr'><strong>in</strong></span> <span class='ocrx_word' id='word_1_593' title='bbox 980 4342 1159 4412; x_wconf 89' lang='lat' dir='ltr'><strong>prima</strong></span> <span class='ocrx_word' id='word_1_594' title='bbox 1189 4339 1429 4396; x_wconf 89' lang='lat' dir='ltr'><strong>editione</strong></span> <span class='ocrx_word' id='word_1_595' title='bbox 1453 4342 1616 4411; x_wconf 89' lang='lat' dir='ltr'><strong>primi</strong></span> <span class='ocrx_word' id='word_1_596' title='bbox 1668 4344 1967 4400; x_wconf 86' lang='lat' dir='ltr'><strong>voluminis</strong></span> <span class='ocrx_word' id='word_1_597' title='bbox 1990 4343 2352 4400; x_wconf 90' lang='lat' dir='ltr'><strong>Collectionis</strong></span> <span class='ocrx_word' id='word_1_598' title='bbox 2398 4343 2728 4413; x_wconf 87' lang='lat' dir='ltr'><strong>scriptorum</strong></span> <span class='ocrx_word' id='word_1_599' title='bbox 2778 4352 3045 4399; x_wconf 90' lang='lat' dir='ltr'><strong>veterum.</strong></span> 
     </span>
    </p>
   </div>
   <div class='ocr_carea' id='block_1_49' title="bbox 1400 4430 2733 4502">
    <p class='ocr_par' dir='ltr' id='par_1_49' title="bbox 1400 4430 2733 4502">
     <span class='ocr_line' id='line_1_49' title="bbox 1400 4430 2733 4502; baseline 0.001 -19"><span class='ocrx_word' id='word_1_600' title='bbox 1400 4430 1486 4485; x_wconf 87' lang='lat' dir='ltr'><strong>Vl.</strong></span> <span class='ocrx_word' id='word_1_601' title='bbox 1511 4431 1676 4485; x_wconf 87' lang='lat' dir='ltr'><strong>—De</strong></span> <span class='ocrx_word' id='word_1_602' title='bbox 1712 4434 1939 4486; x_wconf 82' lang='lat' dir='ltr'><strong>secundo</strong></span> <span class='ocrx_word' id='word_1_603' title='bbox 1978 4432 2241 4486; x_wconf 80' lang='lat' dir='ltr'><strong>volumine</strong></span> <span class='ocrx_word' id='word_1_604' title='bbox 2271 4432 2428 4502; x_wconf 82' lang='lat' dir='ltr'><strong>hujus</strong></span> <span class='ocrx_word' id='word_1_605' title='bbox 2463 4432 2733 4486; x_wconf 74' lang='lat' dir='ltr'><strong>editionis.</strong></span> 
     </span>
    </p>
   </div>
   <div class='ocr_carea' id='block_1_50' title="bbox 496 4517 3697 4591">
    <p class='ocr_par' dir='ltr' id='par_1_50' title="bbox 496 4517 3697 4591">
     <span class='ocr_line' id='line_1_50' title="bbox 496 4517 3697 4591; baseline -0.002 -14"><span class='ocrx_word' id='word_1_606' title='bbox 496 4519 810 4577; x_wconf 89' lang='lat' dir='ltr'><strong>Secundum</strong></span> <span class='ocrx_word' id='word_1_607' title='bbox 841 4520 1097 4574; x_wconf 88' lang='lat' dir='ltr'><strong>volumen</strong></span> <span class='ocrx_word' id='word_1_608' title='bbox 1132 4517 1294 4587; x_wconf 87' lang='lat' dir='ltr'><strong>hujus</strong></span> <span class='ocrx_word' id='word_1_609' title='bbox 1335 4517 1595 4575; x_wconf 90' lang='lat' dir='ltr'><strong>editionis</strong></span> <span class='ocrx_word' id='word_1_610' title='bbox 1626 4520 1869 4575; x_wconf 90' lang='lat' dir='ltr'><strong>continet</strong></span> <span class='ocrx_word' id='word_1_611' title='bbox 1894 4536 2059 4591; x_wconf 90' lang='lat' dir='ltr'><strong>opera</strong></span> <span class='ocrx_word' id='word_1_612' title='bbox 2088 4521 2422 4591; x_wconf 87' lang='lat' dir='ltr'><strong>dogmatiea,</strong></span> <span class='ocrx_word' id='word_1_613' title='bbox 2456 4520 2782 4588; x_wconf 73' lang='lat' dir='ltr'><strong>parzenetica</strong></span> <span class='ocrx_word' id='word_1_614' title='bbox 2831 4526 2885 4573; x_wconf 87' lang='lat' dir='ltr'><strong>et</strong></span> <span class='ocrx_word' id='word_1_615' title='bbox 2921 4517 3179 4573; x_wconf 91' lang='lat' dir='ltr'><strong>historica</strong></span> <span class='ocrx_word' id='word_1_616' title='bbox 3226 4517 3425 4583; x_wconf 84' lang='lat' dir='ltr'><strong>Photii,</strong></span> <span class='ocrx_word' id='word_1_617' title='bbox 3465 4529 3697 4587; x_wconf 87' lang='lat' dir='ltr'><strong>excepta</strong></span> 
     </span>
    </p>
   </div>
   <div class='ocr_carea' id='block_1_51' title="bbox 432 4604 3699 4679">
    <p class='ocr_par' dir='ltr' id='par_1_51' title="bbox 432 4604 3699 4679">
     <span class='ocr_line' id='line_1_51' title="bbox 432 4604 3699 4679; baseline -0.002 -14"><span class='ocrx_word' id='word_1_618' title='bbox 432 4611 785 4674; x_wconf 76' lang='lat' dir='ltr'><strong>Bibliotheca,</strong></span> <span class='ocrx_word' id='word_1_619' title='bbox 833 4608 884 4663; x_wconf 90' lang='lat' dir='ltr'><strong>id</strong></span> <span class='ocrx_word' id='word_1_620' title='bbox 919 4617 1004 4663; x_wconf 87' lang='lat' dir='ltr'><strong>est</strong></span> <span class='ocrx_word' id='word_1_621' title='bbox 1037 4624 1051 4661; x_wconf 88' lang='lat'><strong>:</strong></span> <span class='ocrx_word' id='word_1_622' title='bbox 1087 4608 1291 4663; x_wconf 86' lang='lat' dir='ltr'><strong>Contra</strong></span> <span class='ocrx_word' id='word_1_623' title='bbox 1334 4608 1658 4662; x_wconf 76' lang='lat' dir='ltr'><strong>Manichazos</strong></span> <span class='ocrx_word' id='word_1_624' title='bbox 1688 4608 1857 4663; x_wconf 87' lang='lat' dir='ltr'><strong>libros</strong></span> <span class='ocrx_word' id='word_1_625' title='bbox 1890 4619 2149 4679; x_wconf 89' lang='lat' dir='ltr'><strong>quatuor,</strong></span> <span class='ocrx_word' id='word_1_626' title='bbox 2197 4617 2251 4664; x_wconf 91' lang='lat' dir='ltr'><strong>et</strong></span> <span class='ocrx_word' id='word_1_627' title='bbox 2303 4608 2505 4664; x_wconf 91' lang='lat' dir='ltr'><strong>librum</strong></span> <span class='ocrx_word' id='word_1_628' title='bbox 2531 4607 2608 4662; x_wconf 84' lang='lat' dir='ltr'><strong>De</strong></span> <span class='ocrx_word' id='word_1_629' title='bbox 2638 4605 2873 4674; x_wconf 82' lang='lat' dir='ltr'><strong>Spiritus</strong></span> <span class='ocrx_word' id='word_1_630' title='bbox 2917 4607 3093 4660; x_wconf 78' lang='lat' dir='ltr'><strong>sancti</strong></span> <span class='ocrx_word' id='word_1_631' title='bbox 3124 4604 3484 4677; x_wconf 81' lang='lat' dir='ltr'><strong>Mystagogia,</strong></span> <span class='ocrx_word' id='word_1_632' title='bbox 3511 4605 3699 4660; x_wconf 88' lang='lat' dir='ltr'><strong>homi-</strong></span> 
     </span>
    </p>
   </div>
   <div class='ocr_carea' id='block_1_52' title="bbox 432 4695 2065 4768">
    <p class='ocr_par' dir='ltr' id='par_1_52' title="bbox 432 4695 2065 4768">
     <span class='ocr_line' id='line_1_52' title="bbox 432 4695 2065 4768; baseline -0.001 -15"><span class='ocrx_word' id='word_1_633' title='bbox 432 4700 535 4753; x_wconf 86' lang='lat' dir='ltr'><strong>lias</strong></span> <span class='ocrx_word' id='word_1_634' title='bbox 560 4699 824 4768; x_wconf 88' lang='lat' dir='ltr'><strong>quinque,</strong></span> <span class='ocrx_word' id='word_1_635' title='bbox 859 4697 995 4751; x_wconf 82' lang='lat' dir='ltr'><strong>odas</strong></span> <span class='ocrx_word' id='word_1_636' title='bbox 1039 4704 1171 4762; x_wconf 85' lang='lat' dir='ltr'><strong>tres,</strong></span> <span class='ocrx_word' id='word_1_637' title='bbox 1213 4705 1267 4750; x_wconf 89' lang='lat' dir='ltr'><strong>et</strong></span> <span class='ocrx_word' id='word_1_638' title='bbox 1318 4695 1685 4765; x_wconf 86' lang='lat' dir='ltr'><strong>Epistolarum</strong></span> <span class='ocrx_word' id='word_1_639' title='bbox 1721 4698 1891 4752; x_wconf 89' lang='lat' dir='ltr'><strong>libros</strong></span> <span class='ocrx_word' id='word_1_640' title='bbox 1934 4707 2065 4752; x_wconf 89' lang='lat' dir='ltr'><strong>tres.</strong></span> 
     </span>
    </p>
   </div>
   <div class='ocr_carea' id='block_1_53' title="bbox 508 4781 3581 4856">
    <p class='ocr_par' dir='ltr' id='par_1_53' title="bbox 508 4781 3581 4856">
     <span class='ocr_line' id='line_1_53' title="bbox 508 4781 3581 4856; baseline -0.002 -16"><span class='ocrx_word' id='word_1_641' title='bbox 508 4785 587 4840; x_wconf 89' lang='lat' dir='ltr'><strong>De</strong></span> <span class='ocrx_word' id='word_1_642' title='bbox 632 4794 870 4856; x_wconf 82' lang='lat' dir='ltr'><strong>quatuor</strong></span> <span class='ocrx_word' id='word_1_643' title='bbox 914 4784 1071 4839; x_wconf 89' lang='lat' dir='ltr'><strong>libris</strong></span> <span class='ocrx_word' id='word_1_644' title='bbox 1122 4792 1312 4838; x_wconf 85' lang='lat' dir='ltr'><strong>contra</strong></span> <span class='ocrx_word' id='word_1_645' title='bbox 1353 4783 1705 4850; x_wconf 63' lang='lat' dir='ltr'><strong>Manichaaos,</strong></span> <span class='ocrx_word' id='word_1_646' title='bbox 1747 4802 1778 4839; x_wconf 90' lang='lat' dir='ltr'><strong>a</strong></span> <span class='ocrx_word' id='word_1_647' title='bbox 1808 4786 2009 4854; x_wconf 89' lang='lat' dir='ltr'><strong>quibus</strong></span> <span class='ocrx_word' id='word_1_648' title='bbox 2029 4783 2284 4839; x_wconf 91' lang='lat' dir='ltr'><strong>volumen</strong></span> <span class='ocrx_word' id='word_1_649' title='bbox 2316 4781 2550 4847; x_wconf 87' lang='lat' dir='ltr'><strong>orditur,</strong></span> <span class='ocrx_word' id='word_1_650' title='bbox 2592 4796 2907 4837; x_wconf 87' lang='lat' dir='ltr'><strong>sermonem</strong></span> <span class='ocrx_word' id='word_1_651' title='bbox 2946 4782 3182 4851; x_wconf 91' lang='lat' dir='ltr'><strong>primum</strong></span> <span class='ocrx_word' id='word_1_652' title='bbox 3210 4782 3581 4837; x_wconf 87' lang='lat' dir='ltr'><strong>instituemus.</strong></span> 
     </span>
    </p>
   </div>
   <div class='ocr_carea' id='block_1_54' title="bbox 501 4868 3695 4943">
    <p class='ocr_par' dir='ltr' id='par_1_54' title="bbox 501 4868 3695 4943">
     <span class='ocr_line' id='line_1_54' title="bbox 501 4868 3695 4943; baseline -0.002 -13"><span class='ocrx_word' id='word_1_653' title='bbox 501 4874 729 4930; x_wconf 83' lang='lat' dir='ltr'><strong>Constat</strong></span> <span class='ocrx_word' id='word_1_654' title='bbox 754 4874 1051 4928; x_wconf 72' lang='lat' dir='ltr'><strong>Historiam</strong></span> <span class='ocrx_word' id='word_1_655' title='bbox 1087 4870 1508 4926; x_wconf 71' lang='lat' dir='ltr'><strong>Manio/uvarum</strong></span> <span class='ocrx_word' id='word_1_656' title='bbox 1533 4888 1629 4928; x_wconf 85' lang='lat' dir='ltr'><strong>seu</strong></span> <span class='ocrx_word' id='word_1_657' title='bbox 1671 4874 2131 4939; x_wconf 79' lang='lat' dir='ltr'><strong>l’auliciauorum,</strong></span> <span class='ocrx_word' id='word_1_658' title='bbox 2172 4888 2294 4943; x_wconf 74' lang='lat' dir='ltr'><strong>quae</strong></span> <span class='ocrx_word' id='word_1_659' title='bbox 2342 4873 2399 4925; x_wconf 89' lang='lat' dir='ltr'><strong>in</strong></span> <span class='ocrx_word' id='word_1_660' title='bbox 2432 4870 2716 4926; x_wconf 88' lang='lat' dir='ltr'><strong>codicibus</strong></span> <span class='ocrx_word' id='word_1_661' title='bbox 2742 4887 2875 4925; x_wconf 89' lang='lat' dir='ltr'><strong>mss.</strong></span> <span class='ocrx_word' id='word_1_662' title='bbox 2915 4870 3075 4925; x_wconf 87' lang='lat' dir='ltr'><strong>Petro</strong></span> <span class='ocrx_word' id='word_1_663' title='bbox 3129 4868 3315 4926; x_wconf 91' lang='lat' dir='ltr'><strong>Siculo</strong></span> <span class='ocrx_word' id='word_1_664' title='bbox 3348 4868 3695 4935; x_wconf 88' lang='lat' dir='ltr'><strong>inscribitur,</strong></span> 
     </span>
    </p>
   </div>
   <div class='ocr_carea' id='block_1_55' title="bbox 428 4958 3697 5029">
    <p class='ocr_par' dir='ltr' id='par_1_55' title="bbox 428 4958 3697 5029">
     <span class='ocr_line' id='line_1_55' title="bbox 428 4958 3697 5029; baseline -0.002 -11"><span class='ocrx_word' id='word_1_665' title='bbox 428 4972 485 5019; x_wconf 87' lang='lat' dir='ltr'><strong>et</strong></span> <span class='ocrx_word' id='word_1_666' title='bbox 508 4962 612 5018; x_wconf 90' lang='lat' dir='ltr'><strong>sub</strong></span> <span class='ocrx_word' id='word_1_667' title='bbox 642 4962 784 5015; x_wconf 85' lang='lat' dir='ltr'><strong>Petri</strong></span> <span class='ocrx_word' id='word_1_668' title='bbox 826 4960 1047 5014; x_wconf 87' lang='lat' dir='ltr'><strong>nomine</strong></span> <span class='ocrx_word' id='word_1_669' title='bbox 1094 4974 1124 5013; x_wconf 91' lang='lat' dir='ltr'><strong>a</strong></span> <span class='ocrx_word' id='word_1_670' title='bbox 1168 4960 1230 5014; x_wconf 85' lang='grc' dir='ltr'><strong>Ρ.</strong></span> <span class='ocrx_word' id='word_1_671' title='bbox 1282 4959 1497 5015; x_wconf 83' lang='lat' dir='ltr'><strong>Radero</strong></span> <span class='ocrx_word' id='word_1_672' title='bbox 1524 4961 1668 5015; x_wconf 89' lang='lat' dir='ltr'><strong>edita</strong></span> <span class='ocrx_word' id='word_1_673' title='bbox 1708 4970 1811 5024; x_wconf 86' lang='lat' dir='ltr'><strong>est,</strong></span> <span class='ocrx_word' id='word_1_674' title='bbox 1856 4961 1967 5016; x_wconf 90' lang='lat' dir='ltr'><strong>fere</strong></span> <span class='ocrx_word' id='word_1_675' title='bbox 1988 4963 2071 5029; x_wconf 65' lang='lat' dir='ltr'><strong>;ad</strong></span> <span class='ocrx_word' id='word_1_676' title='bbox 2100 4962 2328 5015; x_wconf 90' lang='lat' dir='ltr'><strong>verbum</strong></span> <span class='ocrx_word' id='word_1_677' title='bbox 2374 4973 2682 5015; x_wconf 86' lang='lat' dir='ltr'><strong>consonare</strong></span> <span class='ocrx_word' id='word_1_678' title='bbox 2711 4974 2835 5013; x_wconf 90' lang='lat' dir='ltr'><strong>eum</strong></span> <span class='ocrx_word' id='word_1_679' title='bbox 2876 4958 3015 5013; x_wconf 86' lang='lat' dir='ltr'><strong>libro</strong></span> <span class='ocrx_word' id='word_1_680' title='bbox 3045 4959 3223 5028; x_wconf 88' lang='lat' dir='ltr'><strong>primo</strong></span> <span class='ocrx_word' id='word_1_681' title='bbox 3252 4973 3415 5028; x_wconf 87' lang='lat' dir='ltr'><strong>quem</strong></span> <span class='ocrx_word' id='word_1_682' title='bbox 3463 4958 3697 5013; x_wconf 88' lang='lat' dir='ltr'><strong>Photius</strong></span> 
     </span>
    </p>
   </div>
   <div class='ocr_carea' id='block_1_56' title="bbox 430 5045 3699 5117">
    <p class='ocr_par' dir='ltr' id='par_1_56' title="bbox 430 5045 3699 5117">
     <span class='ocr_line' id='line_1_56' title="bbox 430 5045 3699 5117; baseline -0.002 -12"><span class='ocrx_word' id='word_1_683' title='bbox 430 5060 622 5106; x_wconf 88' lang='lat' dir='ltr'><strong>contra</strong></span> <span class='ocrx_word' id='word_1_684' title='bbox 644 5047 974 5103; x_wconf 76' lang='lat' dir='ltr'><strong>Maniehzeos</strong></span> <span class='ocrx_word' id='word_1_685' title='bbox 1012 5048 1274 5101; x_wconf 88' lang='lat' dir='ltr'><strong>exaravit.</strong></span> <span class='ocrx_word' id='word_1_686' title='bbox 1294 5048 1348 5102; x_wconf 92' lang='lat' dir='ltr'><strong>Id</strong></span> <span class='ocrx_word' id='word_1_687' title='bbox 1375 5063 1501 5102; x_wconf 92' lang='lat' dir='ltr'><strong>cum</strong></span> <span class='ocrx_word' id='word_1_688' title='bbox 1536 5048 1882 5105; x_wconf 88' lang='lat' dir='ltr'><strong>observasset</strong></span> <span class='ocrx_word' id='word_1_689' title='bbox 1916 5049 2065 5104; x_wconf 92' lang='lat' dir='ltr'><strong>card.</strong></span> <span class='ocrx_word' id='word_1_690' title='bbox 2103 5048 2170 5102; x_wconf 86' lang='lat' dir='ltr'><strong>A.</strong></span> <span class='ocrx_word' id='word_1_691' title='bbox 2212 5048 2337 5115; x_wconf 85' lang='lat' dir='ltr'><strong>Mai,</strong></span> <span class='ocrx_word' id='word_1_692' title='bbox 2383 5047 2669 5117; x_wconf 90' lang='lat' dir='ltr'><strong>inquisivit</strong></span> <span class='ocrx_word' id='word_1_693' title='bbox 2713 5057 2893 5101; x_wconf 90' lang='lat' dir='ltr'><strong>utrum</strong></span> <span class='ocrx_word' id='word_1_694' title='bbox 2940 5045 3133 5102; x_wconf 83' lang='lat' dir='ltr'><strong>Petrus</strong></span> <span class='ocrx_word' id='word_1_695' title='bbox 3184 5046 3401 5102; x_wconf 90' lang='lat' dir='ltr'><strong>Siculus</strong></span> <span class='ocrx_word' id='word_1_696' title='bbox 3436 5046 3699 5101; x_wconf 82' lang='lat' dir='ltr'><strong>Photium</strong></span> 
     </span>
    </p>
   </div>
   <div class='ocr_carea' id='block_1_57' title="bbox 429 5134 3689 5206">
    <p class='ocr_par' dir='ltr' id='par_1_57' title="bbox 429 5134 3689 5206">
     <span class='ocr_line' id='line_1_57' title="bbox 429 5134 3689 5206; baseline -0.002 -11"><span class='ocrx_word' id='word_1_697' title='bbox 429 5138 801 5206; x_wconf 77' lang='lat' dir='ltr'><strong>exscripserit,</strong></span> <span class='ocrx_word' id='word_1_698' title='bbox 827 5137 908 5192; x_wconf 92' lang='lat' dir='ltr'><strong>vel</strong></span> <span class='ocrx_word' id='word_1_699' title='bbox 937 5151 968 5190; x_wconf 90' lang='lat' dir='ltr'><strong>e</strong></span> <span class='ocrx_word' id='word_1_700' title='bbox 1000 5150 1268 5192; x_wconf 88' lang='lat' dir='ltr'><strong>converso</strong></span> <span class='ocrx_word' id='word_1_701' title='bbox 1292 5136 1519 5191; x_wconf 77' lang='lat' dir='ltr'><strong>l’hotius</strong></span> <span class='ocrx_word' id='word_1_702' title='bbox 1541 5135 1783 5200; x_wconf 85' lang='lat' dir='ltr'><strong>Petrum,</strong></span> <span class='ocrx_word' id='word_1_703' title='bbox 1819 5148 1872 5191; x_wconf 88' lang='lat' dir='ltr'><strong>et</strong></span> <span class='ocrx_word' id='word_1_704' title='bbox 1904 5136 2189 5201; x_wconf 68' lang='lat' dir='ltr'><strong>manifeste</strong></span> <span class='ocrx_word' id='word_1_705' title='bbox 2224 5136 2383 5190; x_wconf 87' lang='lat' dir='ltr'><strong>l&#39;etro</strong></span> <span class='ocrx_word' id='word_1_706' title='bbox 2417 5135 2582 5200; x_wconf 84' lang='lat' dir='ltr'><strong>favet,</strong></span> <span class='ocrx_word' id='word_1_707' title='bbox 2629 5136 2885 5190; x_wconf 87' lang='lat' dir='ltr'><strong>Photium</strong></span> <span class='ocrx_word' id='word_1_708' title='bbox 2912 5135 3073 5206; x_wconf 84' lang='lat' dir='ltr'><strong>plagii</strong></span> <span class='ocrx_word' id='word_1_709' title='bbox 3106 5134 3369 5190; x_wconf 88' lang='lat' dir='ltr'><strong>iudirecte</strong></span> <span class='ocrx_word' id='word_1_710' title='bbox 3395 5151 3689 5190; x_wconf 72' lang='lat' dir='ltr'><strong>accusans.</strong></span> 
     </span>
    </p>
   </div>
   <div class='ocr_carea' id='block_1_58' title="bbox 508 5223 3675 5296">
    <p class='ocr_par' dir='ltr' id='par_1_58' title="bbox 508 5223 3675 5296">
     <span class='ocr_line' id='line_1_58' title="bbox 508 5223 3675 5296; baseline -0.002 -12"><span class='ocrx_word' id='word_1_711' title='bbox 508 5227 802 5284; x_wconf 76' lang='lat' dir='ltr'><strong>Sententiae</strong></span> <span class='ocrx_word' id='word_1_712' title='bbox 838 5226 991 5282; x_wconf 83' lang='lat' dir='ltr'><strong>card.</strong></span> <span class='ocrx_word' id='word_1_713' title='bbox 1026 5226 1133 5281; x_wconf 83' lang='lat' dir='ltr'><strong>Mai</strong></span> <span class='ocrx_word' id='word_1_714' title='bbox 1171 5227 1441 5281; x_wconf 73' lang='lat' dir='ltr'><strong>adhaereo.</strong></span> <span class='ocrx_word' id='word_1_715' title='bbox 1472 5227 1540 5279; x_wconf 85' lang='lat' dir='ltr'><strong>At</strong></span> <span class='ocrx_word' id='word_1_716' title='bbox 1569 5238 1698 5295; x_wconf 91' lang='lat' dir='ltr'><strong>puto</strong></span> <span class='ocrx_word' id='word_1_717' title='bbox 1731 5228 2060 5295; x_wconf 54' lang='lat' dir='ltr'><strong>quaestiones</strong></span> <span class='ocrx_word' id='word_1_718' title='bbox 2089 5226 2345 5296; x_wconf 85' lang='lat' dir='ltr'><strong>restringi</strong></span> <span class='ocrx_word' id='word_1_719' title='bbox 2388 5225 2589 5280; x_wconf 88' lang='lat' dir='ltr'><strong>debere</strong></span> <span class='ocrx_word' id='word_1_720' title='bbox 2620 5226 2686 5278; x_wconf 87' lang='lat' dir='ltr'><strong>al</strong></span> <span class='ocrx_word' id='word_1_721' title='bbox 2717 5226 2955 5293; x_wconf 84' lang='lat' dir='ltr'><strong>primunt</strong></span> <span class='ocrx_word' id='word_1_722' title='bbox 3005 5226 3206 5278; x_wconf 90' lang='lat' dir='ltr'><strong>librum</strong></span> <span class='ocrx_word' id='word_1_723' title='bbox 3242 5223 3457 5290; x_wconf 85' lang='lat' dir='ltr'><strong>Photii;</strong></span> <span class='ocrx_word' id='word_1_724' title='bbox 3498 5224 3675 5278; x_wconf 82' lang='lat' dir='ltr'><strong>libro-</strong></span> 
     </span>
    </p>
   </div>
   <div class='ocr_carea' id='block_1_59' title="bbox 431 5313 3692 5387">
    <p class='ocr_par' dir='ltr' id='par_1_59' title="bbox 431 5313 3692 5387">
     <span class='ocr_line' id='line_1_59' title="bbox 431 5313 3692 5387; baseline -0 -16"><span class='ocrx_word' id='word_1_725' title='bbox 431 5332 555 5371; x_wconf 88' lang='lat' dir='ltr'><strong>rum</strong></span> <span class='ocrx_word' id='word_1_726' title='bbox 597 5318 742 5370; x_wconf 89' lang='lat' dir='ltr'><strong>enim</strong></span> <span class='ocrx_word' id='word_1_727' title='bbox 785 5318 1035 5380; x_wconf 84' lang='lat' dir='ltr'><strong>secundi,</strong></span> <span class='ocrx_word' id='word_1_728' title='bbox 1067 5316 1209 5370; x_wconf 84' lang='lat' dir='ltr'><strong>tertii</strong></span> <span class='ocrx_word' id='word_1_729' title='bbox 1250 5325 1304 5368; x_wconf 87' lang='lat' dir='ltr'><strong>et</strong></span> <span class='ocrx_word' id='word_1_730' title='bbox 1340 5314 1519 5384; x_wconf 87' lang='lat' dir='ltr'><strong>quarti</strong></span> <span class='ocrx_word' id='word_1_731' title='bbox 1549 5314 1690 5383; x_wconf 89' lang='lat' dir='ltr'><strong>apud</strong></span> <span class='ocrx_word' id='word_1_732' title='bbox 1726 5313 1959 5368; x_wconf 86' lang='lat' dir='ltr'><strong>Petrum-</strong></span> <span class='ocrx_word' id='word_1_733' title='bbox 1985 5314 2229 5370; x_wconf 84' lang='lat' dir='ltr'><strong>Siculum</strong></span> <span class='ocrx_word' id='word_1_734' title='bbox 2271 5318 2479 5371; x_wconf 82' lang='lat' dir='ltr'><strong>nullout</strong></span> <span class='ocrx_word' id='word_1_735' title='bbox 2514 5320 2756 5372; x_wconf 86' lang='lat' dir='ltr'><strong>occurrit</strong></span> <span class='ocrx_word' id='word_1_736' title='bbox 2790 5320 3099 5387; x_wconf 81' lang='lat' dir='ltr'><strong>vestigium.</strong></span> <span class='ocrx_word' id='word_1_737' title='bbox 3133 5319 3189 5373; x_wconf 92' lang='lat' dir='ltr'><strong>Si</strong></span> <span class='ocrx_word' id='word_1_738' title='bbox 3224 5317 3470 5383; x_wconf 82' lang='lat' dir='ltr'><strong>Photius,</strong></span> <span class='ocrx_word' id='word_1_739' title='bbox 3514 5318 3568 5370; x_wconf 89' lang='lat' dir='ltr'><strong>in</strong></span> <span class='ocrx_word' id='word_1_740' title='bbox 3602 5316 3692 5373; x_wconf 90' lang='lat' dir='ltr'><strong>his</strong></span> 
     </span>
    </p>
   </div>
   <div class='ocr_carea' id='block_1_60' title="bbox 429 5400 3691 5476">
    <p class='ocr_par' dir='ltr' id='par_1_60' title="bbox 429 5400 3691 5476">
     <span class='ocr_line' id='line_1_60' title="bbox 429 5400 3691 5476; baseline -0.001 -16"><span class='ocrx_word' id='word_1_741' title='bbox 429 5405 722 5461; x_wconf 85' lang='lat' dir='ltr'><strong>exarandis</strong></span> <span class='ocrx_word' id='word_1_742' title='bbox 746 5406 896 5460; x_wconf 90' lang='lat' dir='ltr'><strong>libris</strong></span> <span class='ocrx_word' id='word_1_743' title='bbox 930 5405 1251 5475; x_wconf 77' lang='lat' dir='ltr'><strong>plagiarium</strong></span> <span class='ocrx_word' id='word_1_744' title='bbox 1278 5404 1409 5473; x_wconf 72' lang='lat' dir='ltr'><strong>egit,</strong></span> <span class='ocrx_word' id='word_1_745' title='bbox 1432 5412 1582 5456; x_wconf 89' lang='lat' dir='ltr'><strong>certe</strong></span> <span class='ocrx_word' id='word_1_746' title='bbox 1615 5400 1777 5456; x_wconf 89' lang='lat' dir='ltr'><strong>Petro</strong></span> <span class='ocrx_word' id='word_1_747' title='bbox 1798 5401 1983 5456; x_wconf 90' lang='lat' dir='ltr'><strong>Siculo</strong></span> <span class='ocrx_word' id='word_1_748' title='bbox 2002 5402 2103 5458; x_wconf 91' lang='lat' dir='ltr'><strong>hac</strong></span> <span class='ocrx_word' id='word_1_749' title='bbox 2127 5406 2179 5459; x_wconf 93' lang='lat' dir='ltr'><strong>in</strong></span> <span class='ocrx_word' id='word_1_750' title='bbox 2211 5416 2360 5474; x_wconf 83' lang='lat' dir='ltr'><strong>parte</strong></span> <span class='ocrx_word' id='word_1_751' title='bbox 2378 5406 2513 5459; x_wconf 89' lang='lat' dir='ltr'><strong>nihil</strong></span> <span class='ocrx_word' id='word_1_752' title='bbox 2537 5405 2716 5471; x_wconf 90' lang='lat' dir='ltr'><strong>debet,</strong></span> <span class='ocrx_word' id='word_1_753' title='bbox 2746 5405 2840 5461; x_wconf 87' lang='lat' dir='ltr'><strong>sed</strong></span> <span class='ocrx_word' id='word_1_754' title='bbox 2865 5407 3017 5461; x_wconf 81' lang='lat' dir='ltr'><strong>alteri</strong></span> <span class='ocrx_word' id='word_1_755' title='bbox 3055 5406 3311 5476; x_wconf 84' lang='lat' dir='ltr'><strong>scriptori</strong></span> <span class='ocrx_word' id='word_1_756' title='bbox 3338 5406 3467 5460; x_wconf 88' lang='lat' dir='ltr'><strong>mihi</strong></span> <span class='ocrx_word' id='word_1_757' title='bbox 3502 5406 3691 5475; x_wconf 90' lang='lat' dir='ltr'><strong>ignoto</strong></span> 
     </span>
    </p>
   </div>
   <div class='ocr_carea' id='block_1_61' title="bbox 502 5529 3694 5609">
    <p class='ocr_par' dir='ltr' id='par_1_61' title="bbox 502 5529 3694 5609">
     <span class='ocr_line' id='line_1_61' title="bbox 502 5529 3694 5609; baseline -0.002 -14"><span class='ocrx_word' id='word_1_758' title='bbox 502 5542 563 5609; x_wconf 90' lang='lat' dir='ltr'><strong>(i)</strong></span> <span class='ocrx_word' id='word_1_759' title='bbox 586 5538 756 5593; x_wconf 86' lang='lat' dir='ltr'><strong>Cotel.</strong></span> <span class='ocrx_word' id='word_1_760' title='bbox 778 5536 1120 5591; x_wconf 77' lang='lat' dir='ltr'><strong>Monumentn</strong></span> <span class='ocrx_word' id='word_1_761' title='bbox 1148 5535 1349 5589; x_wconf 80' lang='lat' dir='ltr'><strong>Eccles.</strong></span> <span class='ocrx_word' id='word_1_762' title='bbox 1371 5534 1590 5599; x_wconf 61' lang='lat' dir='ltr'><strong>Graecia,</strong></span> <span class='ocrx_word' id='word_1_763' title='bbox 1622 5544 1660 5589; x_wconf 92' lang='lat' dir='ltr'><strong>t.</strong></span> <span class='ocrx_word' id='word_1_764' title='bbox 1681 5533 1773 5600; x_wconf 90' lang='lat' dir='ltr'><strong>lll,</strong></span> <span class='ocrx_word' id='word_1_765' title='bbox 1794 5550 1845 5604; x_wconf 93' lang='lat' dir='ltr'><strong>p.</strong></span> <span class='ocrx_word' id='word_1_766' title='bbox 1872 5534 1997 5590; x_wconf 77' lang='lat'><strong>556.</strong></span> <span class='ocrx_word' id='word_1_767' title='bbox 2115 5533 2277 5609; x_wconf 68' lang='lat' dir='ltr'><strong>C.-B.</strong></span> <span class='ocrx_word' id='word_1_768' title='bbox 2327 5529 2688 5609; x_wconf 43' lang='lat' dir='ltr'><strong>llaseLParis</strong></span> <span class='ocrx_word' id='word_1_769' title='bbox 2901 5563 2979 5609; x_wconf 83' lang='lat'><strong>_——</strong></span> <span class='ocrx_word' id='word_1_770' title='bbox 3003 5533 3191 5609; x_wconf 81' lang='lat' dir='ltr'><strong>Notice</strong></span> <span class='ocrx_word' id='word_1_771' title='bbox 3223 5534 3347 5609; x_wconf 38' lang='lat' dir='ltr'><strong>dfan</strong></span> <span class='ocrx_word' id='word_1_772' title='bbox 3381 5550 3603 5609; x_wconf 66' lang='lat' dir='ltr'><strong>ottvrage</strong></span> <span class='ocrx_word' id='word_1_773' title='bbox 3628 5536 3694 5589; x_wconf 74' lang='lat' dir='ltr'><strong>de.</strong></span> 
     </span>
    </p>
   </div>
   <div class='ocr_carea' id='block_1_62' title="bbox 502 5600 3689 5683">
    <p class='ocr_par' dir='ltr' id='par_1_62' title="bbox 502 5600 3689 5683">
     <span class='ocr_line' id='line_1_62' title="bbox 502 5600 3689 5683; baseline -0.001 -19"><span class='ocrx_word' id='word_1_774' title='bbox 610 5610 1234 5683; x_wconf 60' lang='lat' dir='ltr'><strong>Recueil_de__ntentoires</strong></span> <span class='ocrx_word' id='word_1_775' title='bbox 1265 5625 1358 5683; x_wconf 76' lang='lat' dir='ltr'><strong>sur</strong></span> <span class='ocrx_word' id='word_1_776' title='bbox 1393 5608 1668 5683; x_wconf 49' lang='lat' dir='ltr'><strong>iii/ferenti</strong></span> <span class='ocrx_word' id='word_1_777' title='bbox 1692 5600 2008 5661; x_wconf 68' lang='lat' dir='ltr'><strong>multuSCrils</strong></span> <span class='ocrx_word' id='word_1_778' title='bbox 2118 5606 2427 5673; x_wconf 78' lang='lat' dir='ltr'><strong>l’etnpereur</strong></span> <span class='ocrx_word' id='word_1_779' title='bbox 2472 5600 2686 5683; x_wconf 68' lang='lat' dir='ltr'><strong>illanec!</strong></span> <span class='ocrx_word' id='word_1_780' title='bbox 2731 5604 3067 5683; x_wconf 72' lang='lat' dir='ltr'><strong>l’nlt‘olcgue,</strong></span> <span class='ocrx_word' id='word_1_781' title='bbox 3096 5606 3311 5683; x_wconf 58' lang='lat' dir='ltr'><strong>intitulg</strong></span> <span class='ocrx_word' id='word_1_782' title='bbox 3331 5622 3363 5683; x_wconf 86' lang='lat'><strong>_:</strong></span> <span class='ocrx_word' id='word_1_783' title='bbox 3391 5600 3689 5660; x_wconf 59' lang='lat' dir='ltr'><strong>[intrahens</strong></span> 
     </span>
    </p>
   </div>
   <div class='ocr_carea' id='block_1_63' title="bbox 431 5676 3372 5748">
    <p class='ocr_par' dir='ltr' id='par_1_63' title="bbox 431 5676 3372 5748">
     <span class='ocr_line' id='line_1_63' title="bbox 431 5676 3372 5748; baseline -0.003 -7"><span class='ocrx_word' id='word_1_784' title='bbox 431 5676 595 5741; x_wconf 73' lang='grc' dir='ltr'>σι’ὶὲιι</span> <span class='ocrx_word' id='word_1_785' title='bbox 626 5682 691 5737; x_wconf 85' lang='lat' dir='ltr'><strong>de</strong></span> <span class='ocrx_word' id='word_1_786' title='bbox 739 5680 793 5735; x_wconf 89' lang='lat' dir='ltr'><strong>la</strong></span> <span class='ocrx_word' id='word_1_787' title='bbox 831 5677 1175 5747; x_wconf 70' lang='lat' dir='ltr'><strong>bibliothcqne</strong></span> <span class='ocrx_word' id='word_1_788' title='bbox 1217 5679 1487 5747; x_wconf 74' lang='lat' dir='ltr'><strong>impét‘iulc</strong></span> <span class='ocrx_word' id='word_1_789' title='bbox 1519 5679 1579 5731; x_wconf 84' lang='lat' dir='ltr'><strong>dc</strong></span> <span class='ocrx_word' id='word_1_790' title='bbox 1623 5676 1848 5744; x_wconf 70' lang='lat' dir='ltr'><strong>France,</strong></span> <span class='ocrx_word' id='word_1_791' title='bbox 1904 5693 2001 5748; x_wconf 88' lang='lat' dir='ltr'><strong>par</strong></span> <span class='ocrx_word' id='word_1_792' title='bbox 2112 5692 2232 5729; x_wconf 75' lang='lat' dir='ltr'><strong>accc</strong></span> <span class='ocrx_word' id='word_1_793' title='bbox 2273 5692 2343 5727; x_wconf 83' lang='lat' dir='ltr'><strong>un</strong></span> <span class='ocrx_word' id='word_1_794' title='bbox 2382 5676 2679 5741; x_wconf 65' lang='lat' dir='ltr'><strong>meesseur</strong></span> <span class='ocrx_word' id='word_1_795' title='bbox 2717 5677 3069 5742; x_wconf 75' lang='lat' dir='ltr'><strong>mu/wmétan,</strong></span> <span class='ocrx_word' id='word_1_796' title='bbox 3124 5692 3246 5744; x_wconf 70' lang='lat' dir='ltr'><strong>pag.</strong></span> <span class='ocrx_word' id='word_1_797' title='bbox 3283 5678 3372 5732; x_wconf 76' lang='grc'><strong>54.</strong></span> 
     </span>
    </p>
   </div>
  </div>
