3916 6192
1289 295 1688 359 PIl/EFATIO
1721 294 1802 354 IN
1836 290 2100 353 PHOTII
2135 289 2407 349 OPERA.

1942 290 2100 352 OTII
2135 289 2407 349 OPERA.
3407 303 3483 345 vtt

285 418 444 488 Quod
489 416 555 472 ad
588 414 824 486 primum
854 412 1054 469 librum
1091 420 1284 466 contra
1323 411 1653 467 Manichacos
1682 414 1911 477 spectat,
1955 404 2133 460 sentio
2156 400 2412 457 Photium
2443 400 2805 470 exscripsisse
2829 399 3125 459 Historiam
3158 403 3488 462 Manichaeo-

218 525 343 564 rum
378 523 407 561 a
436 506 598 560 Petro
625 502 810 558 Siculo
839 499 1228 570 compositam;
1260 500 1422 570 idque
1464 498 1661 567 colligo
1709 510 1818 551 non
1848 510 1913 548 ex
1938 506 2004 547 eo
2028 499 2239 545 tantum
2276 490 2423 558 quod
2455 488 2650 545 Petrus
2679 488 2900 546 Siculus
2931 492 3129 547 Photio
3153 494 3344 548 senior
3380 506 3487 562 est,

218 596 493 665 siquidem
530 589 711 645 medio
744 588 944 645 saeculo
979 602 1034 641 ιι
1064 585 1269 647 floruit.
1299 596 1361 641 ut
1391 586 1600 641 notavit
1631 582 1923 653 Mongitore
1965 579 2065 650 (De
2086 579 2334 647 scriptor.
2366 575 2591 644 Siculis,
2626 586 2665 633 t.
2710 577 2782 657 ll,
2818 594 2871 648 p.
2904 579 3028 649 158)
3053 597 3067 645 ;
3094 580 3224 635 dum
3258 579 3489 636 Photius

217 697 397 752 usque
446 680 513 734 ad
562 678 696 733 ﬁnes
723 676 969 747 ejusdem
1005 675 1190 730 saaculi
1236 674 1491 731 ﬂoruisse
1511 674 1774 738 creditur,
1811 684 2005 739 nempe
2038 669 2105 723 ad
2169 681 2375 722 annum
2405 666 2506 722 891
2539 683 2554 734 ;
2588 667 2680 722 sed
2705 667 2871 722 etiam
2899 668 3027 737 quia
3065 667 3261 725 Petrus
3288 668 3343 723 in
3371 669 3490 739 ipsa

221 768 463 825 Historia
493 780 592 822 sua
621 773 814 819 narrat
844 777 905 818 se
933 761 1259 817 relationem
1294 761 1440 816 illam
1484 760 1775 831 scripsisse
1820 766 2137 828 postquam,
2173 757 2321 811 circa
2364 753 2517 808 initia
2554 754 2704 824 regni
2738 754 2926 811 Basilii
2978 756 3327 826 imperatoris
3380 755 3488 812 CP.

219 858 275 910 in
297 854 557 909 Armenia
596 851 723 907 etin
750 852 885 907 urbe
911 848 1131 904 Tibrica
1158 865 1187 903 a
1222 848 1535 904 Manichaeis
1567 848 1854 911 aediﬁcata,
1883 846 2104 918 publica
2122 846 2407 916 legatione
2452 843 2681 899 functus
2728 845 2944 913 fuisset,
2970 856 3024 901 et
3056 846 3483 901 Manichaeorum

219 946 474 1013 dogmata
502 950 560 996 et
590 953 792 1005 mores.
823 952 1064 1008 praesens
1092 935 1395 995 didicisset.
1422 938 1538 992 imo
1576 936 1641 991 ad
1672 935 1987 1006 episcopum
2024 934 2292 1004 Bulgaria:
2316 934 2511 991 scribit
2537 950 2596 991 se
2627 934 2747 1004 ejus
2768 934 3024 1004 precibus
3049 944 3261 988 motum
3292 934 3486 999 fuisse,

222 1043 282 1089 ut
319 1034 468 1090 illam
497 1031 784 1088 historiam
815 1036 1187 1097 componeret.
1212 1024 1428 1096 Ubique
1460 1024 1707 1096 loquitur
1732 1024 1902 1078 veluti
1943 1023 2197 1079 oculatus
2226 1024 2405 1088 testis,
2437 1034 2494 1080 et
2520 1025 2681 1095 quasi
2711 1039 2800 1080 res
2829 1031 3114 1080 enarratas
3144 1023 3258 1093 ipse
3281 1022 3489 1094 gessis~

220 1130 324 1178 set.
349 1119 525 1178 Totus
554 1120 721 1192 igitur
741 1124 1033 1173 contextus
1060 1113 1283 1170 Petrum
1318 1114 1567 1170 Siculum
1594 1113 1763 1169 veluti
1794 1112 1915 1168 libri
1951 1120 2230 1167 auctorem
2260 1111 2506 1166 exhibet.

294 1205 374 1262 Ea
400 1214 586 1262 autem
612 1218 736 1275 quae
763 1215 953 1258 verum
980 1208 1259 1255 auctorem
1289 1199 1579 1271 designant
1607 1199 1811 1255 omittit
1835 1197 2105 1266 Photius;
2139 1207 2335 1276 caetera
2366 1198 2481 1257 fere
2505 1199 2574 1256 ad
2606 1199 2836 1256 verbum
2867 1198 3199 1255 transcribit
3227 1215 3245 1267 ;
3281 1211 3391 1268 qua
3420 1195 3491 1254 de

222 1308 391 1350 causa
421 1308 453 1348 a
475 1292 658 1364 plagio
685 1290 776 1346 vix
806 1288 1059 1345 excusari
1089 1296 1289 1359 potest.

294 1401 406 1457 Pro
426 1401 551 1471 jure
578 1397 725 1454 Petri
756 1395 928 1453 Siculi
956 1396 1166 1452 faciunt
1197 1395 1359 1452 etiam
1388 1406 1500 1451 tres
1523 1410 1809 1452 sermones
1840 1406 2028 1453 contra
2071 1397 2443 1462 Paulicianos,
2480 1413 2619 1468 quos
2644 1400 2795 1454 card.
2815 1400 2882 1455 A.
2940 1397 3045 1454 Mai
3076 1399 3287 1469 primus
3323 1398 3494 1455 edidit

225 1494 283 1548 in
309 1500 461 1547 tomo
485 1488 555 1544 ιν
592 1487 757 1546 Nova:
790 1487 1135 1543 Bibliotheca
1158 1485 1430 1553 Patrum;
1471 1487 1550 1542 illi
1595 1487 1741 1542 enim
1772 1502 2059 1543 sermones
2111 1488 2355 1543 historiae
2384 1486 2825 1544 Paulicianorum
2858 1489 3039 1559 aliqua
3074 1491 3288 1544 ratione
3314 1490 3495 1544 colue-

232 1587 375 1645 rent,
398 1589 454 1634 et
478 1577 670 1634 eodem
705 1575 984 1632 scribendi
1011 1589 1209 1646 genere
1234 1575 1486 1642 elucent;
1507 1573 1610 1631 etsi
1635 1575 1814 1645 quoad
1856 1575 2069 1645 copiam
2099 1575 2361 1631 doctrina:
2393 1585 2450 1632 et
2477 1577 2586 1630 vim
2627 1576 2901 1632 ratiocinii
2948 1577 3175 1631 minime
3203 1576 3489 1646 conspicui

227 1667 541 1721 videantur.
569 1664 715 1719 Sane
740 1662 1139 1733 aliquantulum
1182 1662 1307 1733 plus
1342 1662 1493 1723 nervi
1532 1671 1589 1717 et
1626 1661 1834 1733 vigoris
1876 1662 2109 1718 habetur
2140 1662 2194 1718 in
2226 1663 2381 1720 libris
2405 1679 2464 1731 ιι,
2504 1666 2566 1719 ιιι
2591 1672 2645 1719 et
2676 1679 2729 1719 tv
2779 1662 2981 1730 Photii,
3021 1679 3186 1734 quam
3223 1665 3277 1719 in
3308 1664 3490 1721 tribus

231 1753 585 1811 sermonibus
615 1751 763 1808 Petri
809 1751 1013 1820 Siculi;
1047 1765 1362 1823 quanquam
1402 1766 1502 1807 nec
1550 1750 1674 1807 libri
1700 1750 1882 1808 Photii
1922 1752 2254 1822 aequiparari
2298 1753 2514 1824 possint
2562 1752 2721 1808 libris
2767 1768 2908 1823 quos
2938 1762 3128 1808 contra
3158 1751 3497 1808 Manichaeos

230 1843 364 1897 olim
392 1840 685 1897 ediderunt
709 1840 1038 1905 Archelaus,
1073 1837 1360 1912 Didymus,
1390 1839 1701 1896 Alexander
1717 1838 2147 1912 Lchpolitanus
2171 1850 2225 1897 et
2256 1850 2481 1898 sanctus
2506 1842 2867 1913 Augustinus.
2899 1843 3161 1897 Attamen
3200 1840 3352 1897 omni
3371 1855 3501 1912 pre-

233 1930 311 1985 tio
332 1944 441 1985 non
469 1936 601 1984 sunt
620 1927 890 1993 destituti,
921 1928 1227 1998 praesertim
1256 1925 1385 1996 quia
1414 1935 1616 1983 statum
1640 1928 2031 1983 controversiae
2059 1928 2151 1983 illa
2183 1937 2343 1984 aetate
2371 1930 2589 1998 agitatae
2614 1928 2923 1984 declarant.

304 2015 529 2073 Librum
559 2018 796 2088 primum
825 2018 1007 2073 Photii
1034 2017 1150 2088 jam
1179 2016 1392 2087 pridem
1423 2014 1825 2071 Graece-Latine
1856 2015 2102 2071 ediderat
2122 2014 2186 2072 ι).
2242 2016 2317 2072 De
2347 2015 2699 2073 Montfaucon
2733 2017 2790 2072 in
2821 2015 3149 2072 Bibliotheca
3171 2031 3272 2072 sua
3296 2014 3500 2072 Caiati-

230 2106 420 2160 niana.
452 2105 517 2161 D.
549 2103 811 2172 Wolﬁus,
844 2105 938 2177 qui
966 2114 1202 2176 quatuor
1231 2104 1402 2160 libros
1422 2103 1587 2159 simul
1619 2103 1788 2159 edidit
1819 2102 1877 2157 in
1897 2104 2014 2160 suis
2048 2104 2353 2172 Anecdotis,
2384 2105 2798 2163 translationem
2828 2104 3079 2160 Latinam
3108 2103 3501 2162 Montfauconii

232 2208 359 2262 qua:
395 2192 572 2251 facilis
601 2205 655 2251 et
679 2194 899 2265 elegans
927 2200 1010 2250 est
1040 2193 1340 2265 adoptavit.
1365 2191 1567 2249 Tribus
1592 2192 1821 2262 reliquis
1842 2191 2001 2249 libris
2030 2194 2284 2264 apposuit
2330 2194 2743 2250 translationem
2782 2194 3073 2250 obscuram
3095 2200 3150 2250 et
3174 2209 3318 2265 saepe
3349 2192 3504 2248 intri-

232 2291 415 2339 catam
446 2292 500 2338 et
528 2284 873 2354 impeditam.
2245 2342 2249 2347 ,
2406 2344 2413 2352 ν
3126 2330 3129 2331 ν

306 2371 482 2430 Tanta
513 2373 821 2429 eruditione
840 2374 907 2429 de
936 2373 1075 2428 libro
1095 2372 1272 2428 Photii
1304 2370 1653 2442 qui'Spiritus
1677 2370 1847 2425 sancti
1868 2367 2203 2439 Mystagogia
2232 2367 2569 2435 inscribitur,
2598 2368 2821 2424 disserit
2850 2367 2914 2423 D.
2965 2367 3389 2439 Hergenrosther
3408 2364 3505 2439 qui

234 2477 376 2532 opus
405 2462 511 2517 hoc
544 2461 757 2531 primus
784 2474 932 2517 anno
964 2460 1102 2517 l857
1125 2474 1191 2516 ex
1214 2459 1496 2515 codicibus
1517 2473 1651 2513 mss.
1685 2457 1739 2512 in
1769 2458 2044 2528 publicam
2078 2460 2252 2515 lucem
2281 2458 2530 2529 protulit,
2552 2470 2612 2514 ut
2636 2459 2704 2514 de
2733 2474 2801 2514 eo
2832 2459 3007 2515 multa
3050 2458 3321 2516 disserere
3343 2456 3508 2530 plane

234 2564 707 2622 supervacaneum
733 2549 824 2607 sit.

302 2639 557 2695 Attamen
598 2653 778 2709 opera:
824 2637 1060 2708 pretium
1091 2638 1196 2692 erit
1226 2644 1282 2694 et
1353 2635 1443 2691 hic
1480 2648 1911 2690 commemorare
1934 2634 2292 2706 quaestionem
2331 2651 2497 2707 quam
2546 2631 2900 2695 doctissimus
2952 2637 3130 2692 editor
3177 2632 3507 2704 sibimetipsi

236 2726 548 2796 proposuit,
574 2740 644 2782 ne
684 2726 901 2797 piorum
934 2733 1146 2782 mentes
1178 2724 1408 2780 nimium
1434 2732 1799 2793 praeoccupet.
1830 2721 2065 2793 inquirit
2113 2740 2307 2795 nempe
2356 2735 2539 2781 utrum
2572 2727 2676 2783 sibi
2709 2727 2947 2793 licuerit,
2997 2739 3188 2786 necne,
3241 2723 3295 2777 in
3324 2722 3505 2777 lucem

237 2811 486 2883 proferre
534 2814 735 2870 librum
781 2815 875 2885 qui
922 2823 1118 2871 contra
1166 2816 1363 2884 dogma
1421 2812 1547 2867 ﬁdei
1572 2819 1628 2867 et
1658 2811 1965 2867 doctrinam
1990 2810 2253 2867 Ecclesiae
2284 2813 2563 2883 dirigitur,
2592 2823 2647 2871 et
2674 2813 3000 2868 aiiirmativc
3034 2810 3353 2881 respondet,
3388 2817 3507 2862 tum

236 2901 372 2971 quia
410 2910 734 2971 argumenta
764 2901 946 2957 Photii
989 2901 1231 2969 inﬁrma,
1267 2900 1526 2956 omnibus
1551 2908 1707 2963 nota,
1738 2907 1793 2954 et
1832 2898 2041 2972 pluries
2065 2900 2299 2954 contrita
2328 2910 2477 2966 sunt,
2509 2911 2623 2957 tum
2650 2903 2779 2973 quia
2808 2918 2875 2957 ex
2897 2901 3130 2956 lectione
3170 2896 3360 2967 scripti
3394 2896 3510 2951 ori-

238 2988 461 3060 ginalis,
504 2989 733 3045 historia
776 2989 1165 3046 controversia:
1213 2990 1389 3044 multo
1413 2988 1630 3045 facilius
1668 2987 1931 3043 elucidari
1969 2996 2165 3057 potest.
2202 2985 2259 3041 id
2300 2988 2498 3044 merito
2527 2989 2818 3045 asseritur.
2849 2987 3115 3043 Praeterea
3164 2986 3221 3040 in
3248 2982 3507 3040 editionis

238 3091 357 3134 sua:
393 3075 765 3132 defensionem
792 3076 1002 3147 profert
1031 3077 1340 3147 exemplum
1364 3081 1514 3133 card.
1543 3076 1611 3130 A.
1649 3075 1776 3141 Mai,
1841 3075 1933 3144 qui
1959 3074 2160 3146 scripta
2206 3074 2483 3149 Origenis,
2534 3077 2744 3149 Didymi
2774 3117 2790 3143 ,
2836 3073 3109 3132 Theodori
3141 3069 3511 3144 Mopsuesteni

240 3170 299 3220 et
327 3163 559 3219 aliorum
602 3164 987 3220 haereticorum
1027 3180 1059 3221 e
1097 3165 1322 3221 latebris
1354 3165 1605 3221 codicum
1643 3164 1698 3219 in
1740 3164 2013 3234 publicam
2053 3164 2232 3221 lucem
2262 3167 2429 3221 traxit
2462 3166 2582 3222 sine
2607 3165 2915 3237 dispendio,
2939 3165 3051 3220 imo
3080 3178 3207 3220 cum
3231 3160 3508 3243 profectu

241 3251 515 3309 veritatis.
550 3253 616 3306 Et
643 3267 777 3309 sane
804 3267 872 3308 ex
899 3252 1183 3310 erroribus
1208 3252 1470 3310 obsoletis
1501 3253 1627 3325 quis
1659 3253 2048 3309 detrimentum
2081 3257 2340 3326 caperet?
2372 3255 2509 3324 Quis
2536 3256 2713 3328 decipi
2740 3254 2967 3328 posset?
2998 3252 3143 3322 Quis
3172 3268 3283 3309 non
3313 3251 3511 3309 trium-

246 3339 417 3410 phum
451 3339 698 3396 veritatis
727 3339 1023 3412 agnoscit‘i
1608 3354 1611 3355 '

316 3425 497 3498 Viget,
539 3427 791 3499 equidem
822 3427 1021 3495 fateor,
1061 3429 1329 3485 hactenus
1354 3428 1490 3485 falsa
1518 3429 1703 3500 opinio
1729 3429 1938 3495 Photii;
1972 3428 2068 3485 sed
2117 3434 2452 3503 argumentis
2485 3448 2518 3489 a
2549 3432 2745 3488 Photio
2767 3431 2996 3504 prolatis
3028 3429 3137 3502 iam
3169 3428 3265 3485 diu
3290 3425 3509 3483 defendi

246 3514 477 3572 minime
500 3524 699 3586 potest,
731 3531 833 3572 nec
854 3532 1041 3573 revera
1067 3514 1403 3573 defenditur.
1439 3515 1829 3573 Controversia
1851 3517 1998 3572 enim
2020 3532 2051 3572 a
2081 3517 2276 3575 Photio
2306 3522 2549 3576 excitata
2582 3528 2695 3576 tota
2721 3521 3049 3577 versabatur
3078 3518 3133 3573 in
3166 3514 3510 3590 argumentis

248 3618 377 3673 quae
395 3617 459 3659 ex
479 3603 696 3660 ratione
730 3604 1035 3676 theologica
1055 3603 1472 3675 depromuntur,
1491 3604 1861 3676 proponendis
1883 3615 1936 3661 et
1951 3608 2256 3677 agitandis;
2287 3610 2402 3665 haec
2426 3618 2610 3664 autem
2630 3607 2947 3678 disputandi
2964 3607 3120 3672 ratio,
3146 3614 3512 3676 pmterquam

246 3691 397 3762 quod
425 3690 481 3746 in
511 3692 811 3749 scrutando
836 3692 1099 3763 mysterio
1126 3693 1228 3748 SS.
1252 3693 1536 3749 Trinitatis
1574 3693 1876 3749 vanissima
1907 3703 2012 3759 est,
2042 3703 2154 3750 tota
2181 3703 2236 3751 et
2260 3696 2470 3768 integra
2502 3696 2843 3753 subvertitur
2898 3703 2954 3751 et
2977 3694 3231 3751 obruitur
3275 3692 3516 3747 auctori—

246 3788 365 3836 tate
412 3781 910 3838 vetustissimorum
960 3780 1186 3837 Patrum
1210 3782 1327 3853 qui,
1354 3781 1450 3837 diu
1484 3790 1611 3839 ante
1634 3782 1820 3838 Photii
1846 3791 2117 3854 tempora,
2146 3784 2510 3854 quaestionem
2537 3786 2605 3841 de
2631 3784 2988 3856 processione
3017 3783 3256 3854 Spiritus
3284 3779 3457 3837 sancti
3479 3794 3512 3836 a

247 3868 417 3925 Patre
446 3876 501 3925 et
525 3884 557 3924 a
589 3867 753 3936 Filio,
801 3884 899 3925 seu
926 3885 958 3924 a
982 3867 1145 3925 Patre
1196 3884 1293 3941 per
1340 3870 1565 3938 Filium,
1599 3870 1746 3941 quod
1789 3869 1933 3925 idem
1974 3880 2081 3939 est,
2110 3888 2220 3928 non
2251 3882 2463 3930 tantum
2491 3875 2789 3947 agitarunt,
2822 3873 2920 3932 sed
2945 3873 3219 3945 expressis
3251 3873 3433 3930 verbis
3458 3872 3515 3928 in

257 3970 488 4011 sensum
527 3954 785 4012 Ecclesiae
829 3956 1187 4014 occidentalis
1235 3957 1588 4015 deﬁnierunt.
1623 3958 1696 4014 Ut
1720 3957 1787 4014 de
1822 3957 1925 4014 SS.
1953 3958 2211 4019 Patribus
2245 3961 2459 4021 Latinis
2511 3974 2819 4029 taceamus,
2864 3980 3100 4035 quorum
3134 3965 3514 4020 auctoritatem

248 4042 674 4113 praetermittere
693 4058 804 4099 non
826 4053 1059 4115 possunt
1080 4044 1407 4114 Orientales,
1444 4054 1597 4103 certo
1625 4047 1830 4103 certius
1859 4056 1947 4104 est
1974 4059 2226 4106 sanctum
2253 4049 2642 4119 Athanasium,
2670 4060 2921 4107 sanctum
2945 4051 3233 4119 Basilium,
3264 4058 3518 4107 sanctum

250 4132 581 4204 Gregorium
607 4131 935 4205 Nyssenum,
962 4144 1215 4191 sanctum
1247 4134 1614 4207 Epiphanium
1635 4143 1690 4191 et
1714 4143 1962 4192 sanctum
1992 4136 2258 4209 Cyrillum
2288 4137 2743 4206 Alexandrinum,
2771 4138 2829 4195 in
2854 4150 3201 4197 antecessum
3225 4139 3522 4195 damnasse

250 4223 577 4295 opinionem
615 4238 649 4280 a
680 4224 886 4282 Graecis
905 4234 1305 4297 propugnatam
1334 4226 1403 4282 dc
1435 4227 1791 4297 processione
1816 4224 2057 4297 Spiritus
2083 4226 2258 4283 sancti
2280 4242 2312 4282 a
2342 4227 2463 4284 solo
2497 4225 2681 4283 Patre.
2774 4225 2780 4231 ’

326 4336 560 4403 Quando
609 4344 855 4394 veterum
877 4336 1207 4407 scriptorum
1254 4336 1590 4403 testimonia,
1616 4322 1816 4391 Photio
1838 4336 2022 4405 ignota
2050 4345 2145 4391 aut
2166 4336 2236 4392 ab
2278 4338 2402 4407 ipso
2436 4337 2631 4394 callide
2656 4336 3002 4396 dissimulata
3026 4377 3044 4404 ,
3072 4336 3128 4392 in
3152 4335 3521 4393 controversia

248 4424 499 4495 primum
538 4424 750 4494 prolata
781 4426 1027 4491 fuerunt,
1054 4427 1441 4483 intellexerunt
1462 4425 1779 4482 schismatis
1801 4424 2038 4495 patroni,
2057 4433 2382 4496 argumenta
2404 4425 2584 4481 Photii
2617 4441 2745 4482 vere
2791 4426 2936 4482 lutea
2963 4436 3019 4481 et
3045 4426 3340 4482 straminea
3376 4439 3522 4491 esse,

250 4523 309 4569 et
342 4512 413 4568 ad
443 4524 800 4569 monumenta
832 4515 1143 4572 traditionis
1168 4514 1271 4571 sibi
1292 4514 1689 4570 recurrendum
1726 4528 1870 4576 esse,
1896 4527 2008 4582 quo
2042 4514 2429 4569 auctoritatem
2444 4524 2690 4569 veterum
2730 4514 2839 4570 sibi
2883 4513 3293 4569 adversantium
3337 4511 3521 4568 elude-

251 4610 399 4658 rent.
421 4600 580 4668 Quod
610 4617 733 4658 cum
768 4604 904 4673 ipsis
946 4620 1045 4675 pro
1093 4604 1235 4659 votis
1274 4619 1384 4658 non
1424 4604 1662 4664 cederet,
1704 4601 2020 4657 testimonia
2041 4617 2073 4656 a
2103 4602 2393 4659 catholicis
2423 4603 2649 4658 laudata
2684 4618 2716 4659 e
2748 4603 3034 4659 codicibus
3059 4603 3264 4673 passim
3293 4601 3523 4656 eradere

254 4698 570 4761 creperum,
599 4698 659 4744 ut
705 4692 1081 4747 controversia
1131 4693 1196 4747 de
1232 4690 1589 4762 processione
1621 4689 1859 4760 Spiritus
1912 4691 2091 4746 sancti
2134 4692 2189 4746 in
2235 4695 2674 4749 controversiam
2715 4693 2785 4749 de
2828 4691 3246 4749 authenticitate
3273 4690 3524 4746 codicum

254 4785 588 4833 verteretur.
627 4776 733 4834 Sed
768 4778 895 4849 quia
931 4794 1125 4834 omnes
1154 4778 1374 4835 codices
1400 4792 1753 4848 corrumpere
1785 4792 1897 4832 non
1938 4789 2254 4849 potuerunt,
2291 4796 2395 4837 nec
2425 4783 2609 4839 omnia
2654 4792 2900 4838 veterum
2953 4780 3179 4836 Patrum
3211 4780 3526 4837 testimonia

254 4866 368 4922 sibi
415 4868 693 4923 contraria
726 4869 970 4936 eradere,
1024 4879 1347 4940 argumenta
1387 4884 1419 4923 a
1444 4867 1732 4924 catholicis
1775 4868 1984 4938 prolata
2034 4868 2298 4927 invictum
2340 4871 2589 4944 vigorem
2618 4872 2990 4936 retinuerunt,
3025 4880 3082 4926 et
3121 4868 3383 4940 iniquitas
3410 4869 3527 4925 visa

256 4963 343 5010 est
378 4955 706 5026 sibimetipsi
730 4957 971 5014 mentiri.
999 4957 1111 5012 Has
1144 4958 1556 5013 vicissitudines
1577 4959 1693 5028 jam
1734 4957 1981 5013 subierat
2029 4960 2409 5016 controversia
2442 4961 2623 5017 medio
2652 4961 2855 5018 saaculo
2886 4977 3007 5027 xui,
3042 4970 3096 5015 nt
3133 4960 3325 5016 videre
3350 4968 3437 5015 est
3470 4958 3525 5014 in

257 5043 488 5111 scriptis
534 5043 838 5100 doctissimi
895 5054 950 5101 et
996 5044 1341 5101 celeberrimi
1392 5044 1581 5110 Vecci,
1626 5044 1954 5116 patriarchae
2009 5045 2632 5119 Constantinopolitani,
2664 5051 2758 5120 qui
2788 5065 2888 5121 pro
2927 5050 3134 5107 unione
3155 5049 3525 5107 ecclesiarum

261 5145 430 5201 quam
462 5131 614 5187 cordi
644 5132 900 5198 habebat,
932 5133 1102 5189 multa
1132 5133 1393 5205 praeclare
1419 5133 1639 5202 scripsit
1670 5131 1767 5203 (lc),
1797 5148 1895 5189 nec
1934 5149 2134 5204 parvas
2158 5135 2499 5193 calamitates
2522 5146 2575 5193 et
2604 5138 3012 5208 persecutiones
3036 5151 3230 5209 passus
3260 5148 3365 5194 est.

337 5224 640 5293 Postquam
681 5222 925 5279 fautores
948 5225 1266 5281 schismatis
1292 5239 1473 5294 neque
1519 5224 1796 5294 corruptis
1835 5224 2123 5283 codicibus
2155 5225 2389 5283 feliciter
2413 5227 2528 5298 jam
2567 5244 2813 5299 pugnare
2838 5238 3085 5299 possent,
3120 5229 3189 5283 ad
3218 5228 3528 5284 incredibi-

265 5313 350 5368 les
379 5310 712 5368 subtilitates
747 5321 803 5369 et
832 5312 1114 5371 inauditas
1159 5313 1628 5385 azquivocationes
1674 5313 2061 5383 confugerunt,
2097 5332 2335 5389 quarum
2360 5320 2666 5389 praecipuas
2712 5317 2849 5389 ipsis
2876 5316 3528 5389 suppeditavitGeorgius

266 5398 528 5470 Cyprius,
568 5410 695 5469 post
742 5398 980 5457 Veccum
1018 5401 1332 5471 patriarcha
1367 5401 2044 5473 Constantinopolitanus,
2092 5415 2148 5461 et
2175 5406 2422 5477 ejusdem
2459 5405 2619 5462 Vecci
2658 5407 2975 5478 praeipuus
3019 5406 3391 5463 adversarius.
3427 5403 3526 5461 Ser

266 5504 454 5562 neque
486 5491 603 5547 haac
630 5502 951 5562 argumenta
979 5492 1159 5549 virum
1192 5508 1223 5549 a
1268 5492 1452 5550 studio
1504 5491 1741 5564 partium
1784 5492 2023 5551 alienum
2059 5511 2281 5554 movere
2332 5510 2573 5567 unquam
2614 5504 2869 5565 poterunt
2910 5513 2921 5548 :
2954 5511 3084 5565 ergo
3123 5495 3298 5553 multo
3351 5495 3525 5550 minus

267 5587 595 5651 argumenta
626 5579 830 5635 Photii.

342 5716 415 5788 (lt)
438 5716 717 5787 Praecipua
749 5716 865 5788 ejus
896 5716 1094 5787 scripta
1117 5716 1331 5789 collegit
1364 5714 1597 5773 Allatius
1631 5716 1683 5773 in
1722 5716 1741 5769 l
1782 5724 1835 5773 et
1862 5714 1906 5769 ll
1942 5730 2054 5770 sua:
2085 5714 2301 5771 Grazciaz
2330 5711 2635 5767 orthodoxa:
2668 5719 2838 5773 tomo,
2872 5707 3060 5765 Roma:
3088 5709 3245 5764 l656.
