3916 6192
402 253 494 294 vui
760 258 775 275 ο
1524 244 1923 306 PIUEFATIO
1952 246 2035 308 IN
2062 246 2330 308 PHOTII
2366 248 2639 309 OPERA-

474 359 809 426 Argumenta
832 356 1011 413 Photii
1038 371 1139 428 pro
1163 356 1517 429 processione
1549 359 1789 429 Spiritus
1816 360 1993 415 sancti
2020 375 2050 414 a
2070 362 2190 417 solo
2228 360 2409 427 Patre,
2434 378 2559 433 qua:
2596 359 2808 418 Veccus
2830 362 3030 418 refellit
3052 362 3139 435 (ι),
3172 363 3443 419 habentur
3476 366 3567 422 hic
3596 371 3664 424 ad

399 447 599 502 calcem
642 446 763 501 libri
793 447 1160 518 Myslagogirv,
1188 447 1280 502 sed
1318 447 1426 501 alio
1448 448 1640 503 ordine
1664 448 2037 518 proferuntur.
2071 449 2150 503 Ex
2180 448 2515 521 Mystagogia
2549 451 2802 521 decerpta
2823 451 3100 515 videntur,
3133 453 3270 507 etin
3301 453 3493 510 multis
3526 470 3665 511 con-

398 544 597 589 sonant
626 536 968 606 argumentis
995 552 1117 606 qua:
1161 534 1394 591 Photius
1443 536 1511 592 ad
1559 538 1812 592 tuendam
1845 538 2091 592 eamdem
2122 552 2349 593 causam
2372 523 2576 593 evolvit
2600 537 2656 592 in
2688 538 2923 608 epistola
2947 552 3050 593 sua
3082 537 3151 591 ad
3180 537 3664 609 archiepiscopntes

399 624 611 676 thronos
644 641 736 692 per
770 623 1059 687 Orientem,
1094 640 1214 693 quae
1242 641 1390 680 nunc
1425 637 1559 679 xuln
1581 636 1666 680 est
1690 626 1753 696 (t.
1781 624 1850 690 ll,
1888 624 1995 679 col.
2031 625 2178 693 721).
2744 642 2747 645 ‘

467 712 650 765 Altera
684 729 809 783 pars
859 724 1289 782 argumentorum
1314 729 1438 783 qua:
1466 714 1667 769 Photio
1703 713 2041 776 tribuuntur,
2075 712 2251 767 serius
2275 726 2341 767 ex
2372 712 2619 781 ejusdem
2664 712 2927 782 operibus
2956 714 3245 784 desumpta
3272 722 3378 781 est,
3419 723 3662 785 tempore

399 801 609 855 scilicet
646 801 819 856 Alexii
866 801 1158 867 Comneni,
1192 802 1285 871 qui
1333 816 1479 856 anno
1513 801 1651 856 1116
1682 800 1953 866 florebat;
2003 816 2128 855 nam
2172 800 2256 854 his
2287 801 2469 856 verbis
2500 801 2674 855 series
2698 800 2788 855 illa
2820 809 3275 870 argumentorum
3307 802 3613 858 absolvitur
3644 822 3658 857 :

404 908 422 941 ι
464 888 630 959 ldque
657 905 723 943 ex
755 890 1015 943 acumine
1050 890 1445 959 sapientissimi
1471 891 1823 959 imperatoris
1857 889 2032 943 Alexii
2062 888 2326 943 Comneni
2365 888 2620 958 prodiit:
2655 887 2763 943 bac
2795 890 2946 945 enim
2981 890 3363 962 propositione
3390 906 3530 949 usus
3570 901 3658 947 est

397 993 520 1031 cum
547 989 738 1032 contra
783 978 1242 1033 Mediolanensem
1279 979 1599 1049 episcOpum
1632 979 1940 1049 disputaret
1967 977 2080 1047 (hic
2110 986 2150 1033 t.
2183 976 2248 1045 ll,
2278 978 2384 1033 col.
2415 978 2567 1045 399).
2607 996 2629 1031 ι

467 1064 743 1119 Hactenus
771 1066 839 1119 de
864 1066 1123 1134 operibus
1152 1066 1329 1120 Photii
1365 1064 1710 1135 dogmaticis.

466 1150 643 1223 Opera
671 1152 791 1221 ejus
820 1154 1143 1221 paraenetica
1196 1153 1413 1208 edimus
1465 1168 1589 1223 qua:
1617 1152 1731 1221 jam
1767 1151 1998 1221 pridem,
2030 1149 2171 1223 typis
2210 1151 2468 1209 mandata
2502 1152 2741 1210 fuerunt.
2775 1152 3049 1209 Nonnulla
3074 1152 3255 1209 adhuc
3284 1151 3339 1208 in
3367 1151 3659 1208 codicibus

398 1241 785 1310 manuscriptis
821 1242 988 1295 latere
1020 1241 1294 1295 novimus.
1324 1241 1444 1305 Quo
1472 1248 1654 1295 autem
1699 1254 1797 1309 pro
1830 1239 2039 1295 viribus
2067 1241 2285 1296 utilitati
2314 1242 2559 1298 virorum
2594 1243 2885 1299 doctorum
2908 1245 3301 1306 inscrviamus,
3325 1242 3658 1312 promlimus

397 1330 694 1385 Elencltum
724 1328 1085 1384 llomiliarum
1112 1330 1293 1383 Photii
1322 1344 1444 1399 qua:
1476 1328 1531 1383 in
1564 1328 1845 1383 codicibus
1865 1329 2309 1397 Mosquensihus,
2348 1339 2487 1386 teste
2512 1330 2868 1398 Combcfisio,
2896 1342 3184 1387 servantur
3203 1330 3322 1400 (ιη).
3354 1328 3656 1384 Elenchum

397 1420 545 1471 illum
565 1416 897 1473 conferendo
912 1424 1036 1472 cum
1057 1416 1236 1471 Indice
1252 1417 1416 1487 hujus
1429 1416 1725 1472 voluminis
1740 1410 1803 1479 ll,
1822 1416 2021 1470 videbit
2036 1419 2416 1490 unusquisque
2430 1432 2564 1490 quot
2591 1421 2831 1477 homilite
2856 1421 3038 1476 Photii
3059 1420 3237 1474 adhuc
3254 1418 3659 1473 desiderentur.

464 1505 716 1561 11οιιιίιίίθ
752 1506 952 1573 Photii,
992 1505 1096 1561 etsi
1140 1505 1207 1561 ad
1249 1506 1355 1560 vim
1407 1518 1460 1561 et
1487 1504 1809 1576 elegantiam
1846 1502 2202 1560 bomiliarttm
2242 1512 2490 1557 veterum
2540 1501 2767 1559 Patrum
2817 1505 3041 1559 minime
3090 1502 3426 1573 pertingant,
3470 1510 3656 1555 tamen

390 1594 542 1646 oinni
582 1592 777 1646 merito
805 1606 916 1646 non
943 1590 1336 1655 destituuntur,
1369 1592 1464 1646 sed
1491 1589 1615 1662 jure
1666 1590 1864 1643 merito
1910 1588 2237 1657 aequiparari
2276 1600 2502 1657 possunt
2532 1591 2754 1661 scriptis
2797 1593 3131 1662 optimorum
3174 1598 3460 1643 auctorum
3510 1587 3659 1642 illius

390 1682 589 1741 aetatis,
629 1694 715 1733 ex.
749 1696 831 1749 gr.
869 1678 1089 1749 Georgii
1115 1678 1573 1743 Nicomediensis,
1619 1676 1824 1733 Nicetze
1866 1672 2231 1748 Paphlagonis
2253 1683 2304 1727 et
2338 1670 2539 1729 Leonis
2585 1673 2884 1745 Sapientis.
2931 1674 3182 1729 Aliorum
3243 1682 3425 1727 autem
3455 1672 3661 1743 scripta

392 1766 550 1835 longe
583 1772 865 1834 superant.

466 1852 540 1907 Ex
571 1853 726 1909 libris
764 1853 926 1923 ligata
954 1853 1203 1908 oratione
1228 1862 1282 1907 et
1318 1863 1492 1905 metro
1516 1846 1736 1921 scriptis
1789 1848 1966 1903 Photii
1998 1846 2293 1903 admodum
2355 1862 2530 1917 pauca
2562 1855 2853 1917 supersunt
2883 1862 2899 1913 ;
2930 1860 3033 1899 nec
3064 1855 3272 1900 certum
3300 1843 3659 1901 estPhotium

391 1946 591 1998 multos
620 1944 927 2011 scripsisse.
982 1941 1129 1997 Odos
1172 1955 1369 1995 novem
1410 1941 1686 1995 exstitisse
1733 1940 1786 1993 in
1823 1937 1949 1993 cod.
1992 1951 2095 1990 ms.
2161 1935 2385 2005 Collegii
2442 1933 2859 1990 Claromontani
2906 1933 3083 1991 Paris.
3137 1936 3263 1991 Soe.
3309 1932 3463 2000 .lesu,
3496 1934 3663 1990 tradit

390 2031 569 2085 Oudin
607 2034 671 2100 (t.
710 2028 772 2094 ll,
812 2030 920 2085 col.
952 2030 1101 2099 9.06).
1135 2028 1469 2100 Collegimus
1499 2028 1685 2082 omnia
1714 2043 1835 2097 qua:
1862 2026 1974 2096 jam
2000 2024 2169 2080 semel
2206 2026 2349 2095 typis
2389 2022 2650 2078 tnandata
2678 2035 2826 2078 sunt.

459 2120 500 2173 A
542 2136 650 2188 qun
681 2119 1068 2174 constituimus
1116 2118 1458 2184 Quaestiones
1494 2114 1979 2185 Amphilochianas
2048 2114 2207 2168 edere
2235 2114 2390 2181 juxta
2414 2112 2658 2168 ordinem
2706 2128 2867 2181 quem
2898 2100 3312 2167 cxhibctcodex
3365 2108 3663 2169 Vaticanus

392 2207 551 2273 l925,
583 2208 719 2262 ordo
741 2209 1099 2279 epistolarum
1126 2222 1154 2259 a
1188 2205 1546 2270 Montacutio,
1596 2204 1666 2257 ob
1703 2204 2086 2258 auctoritatem
2128 2201 2213 2256 sui
2243 2202 2472 2264 codicis,
2519 2198 2813 2254 admodum
2849 2202 3071 2262 veteris,
3103 2209 3379 2265 servatus,
3431 2216 3463 2255 a
3498 2201 3662 2256 nobis

390 2298 596 2349 servari
626 2312 731 2349 non
757 2296 957 2364 potuit,
992 2311 1057 2350 eo
1092 2295 1236 2365 quod
1278 2295 1562 2364 sexaginta
1583 2303 1677 2347 aut
1708 2292 1927 2347 circiter
1958 2291 2226 2361 epistolm,
2256 2290 2422 2343 veluti
2449 2288 2795 2354 Quatstiones
2820 2288 3314 2358 Amphilochianae,
3350 2289 3658 2357 in;laudato

387 2383 577 2437 codice
611 2380 878 2437 Vaticano
904 2382 1246 2437 inseruntur.
1280 2381 1491 2435 Novum
1528 2382 1713 2451 itaque
1742 2380 1989 2435 ordinem
2012 2377 2416 2447 adoptavimus,
2442 2386 2611 2431 totam
2641 2377 2839 2431 seriem
2874 2377 3229 2447 epistolarum
3253 2379 3306 2432 in
3341 2388 3451 2435 tres
3484 2377 3659 2435 libros

387 2469 716 2534 dividentes,
746 2486 982 2539 quorum
1017 2470 1228 2539 primus
1256 2470 1518 2539 epistolas
1542 2470 1608 2523 ad
1643 2468 1951 2521 llomanum
1978 2467 2314 2536 pontificem,
2338 2466 2403 2519 ad
2446 2465 2816 2536 patriarchas,
2852 2466 2919 2520 ad
2950 2468 3416 2537 archiepiscopos,
3450 2467 3518 2521 ad
3546 2469 3657 2522 im-

390 2569 668 2626 peratores
690 2566 745 2611 et
768 2558 834 2612 ad
866 2559 1177 2627 principes;
1218 2557 1515 2619 seettndus.
1553 2556 1813 2625 epistolas
1846 2554 1913 2608 ad
1940 2556 2251 2624 episcopos,
2274 2554 2526 2619 clericos,
2553 2556 2858 2610 monachos
2887 2564 2942 2609 et
2972 2555 3266 2621 moniales;
3307 2556 3502 2612 tertius
3532 2566 3660 2611 tan-

390 2653 513 2705 dem
541 2651 804 2717 epistolas
830 2650 895 2703 ad
918 2649 1110 2715 laicos,
1146 2648 1429 2714 ofﬁciales,
1454 2658 1508 2703 et
1544 2648 1906 2717 magistratus
1939 2647 2233 2703 saeculares
2253 2645 2658 2716 complectitur.
2690 2646 2768 2701 Ex
2801 2645 2983 2704 Indice
3023 2659 3204 2703 autem
3242 2650 3293 2703 in
3330 2668 3441 2719 quo
3481 2668 3662 2708 novus

387 2740 520 2792 ordo
547 2754 671 2792 cum
705 2740 877 2792 veteri
914 2747 1270 2807 comparatur
1298 2777 1313 2802 ,
1349 2738 1505 2791 facile
1537 2737 1642 2790 erit
1697 2735 1997 2805 unicuique
2030 2734 2086 2789 in
2119 2745 2307 2790 nostra
2336 2734 2578 2791 editione
2609 2736 2851 2807 reperire
2893 2736 3158 2807 epistolas
3181 2753 3303 2808 quae
3331 2738 3488 2809 juxta
3514 2741 3665 2796 ordi-

392 2844 516 2883 nem
542 2838 782 2883 veterem
819 2827 1021 2881 alicubi
1056 2826 1372 2880 laudantur.

459 2914 662 2971 Omnes
709 2914 973 2985 epistolas
1019 2914 1199 2970 Photii
1232 2914 1499 2969 hactenus
1545 2912 1687 2983 typis
1732 2909 2062 2966 commissas
2087 2908 2325 2976 edimus,
2370 2902 2565 2982 przetcr
2609 2923 2773 2966 unam
2817 2912 2886 2967 ad
2918 2913 3261 2983 patriarchas
3285 2913 3586 2972 Orientales
3604 2927 3659 2972 et

384 3003 764 3059 (liiconomum
799 3005 1201 3058 Antiochenum
1230 3019 1350 3071 quae
1381 3000 1574 3071 incipit
1613 3018 1625 3054 :
1658 2999 1930 3069 Μεγίστωπ

2116 2999 2334 3064 Ξνωοεν,
2362 3016 2486 3070 qua:
2510 2999 2677 3055 semel
2707 2998 2851 3054 edita
2875 3011 2959 3054 est
2992 3016 3020 3053 a
3058 2999 3317 3057 Dositheo
3355 3003 3410 3056 in
3444 3006 3662 3059 rarissi-

389 3108 480 3145 mo
508 3091 783 3145 volumine
807 3092 953 3161 quod
979 3090 1302 3145 inscribitur
1339 3105 1352 3141 :
1387 3089 1568 3159 Τόμος
1610 3089 1806 3159 χαρᾶς,
1841 3096 1895 3144 et
1931 3087 2097 3144 nullis
2142 3086 2428 3158 expensis,
2473 3087 2619 3141 nulla
2676 3087 2921 3158 praestita
2953 3088 3235 3159 diligentia
3282 3090 3533 3148 obtinere
3567 3098 3654 3149 vel

387 3180 659 3248 inspicere
681 3179 998 3248 potuimus.

459 3267 645 3321 Finem
672 3267 916 3336 epistolae
942 3266 978 3320 2
1004 3263 1070 3321 ad
1105 3263 1389 3321 Nicolaum
1419 3261 1461 3329 1,
1486 3278 1652 3333 quem
1682 3260 1857 3318 Graeci
1900 3270 2305 3326 resecaverant,
2336 3261 2463 3331 quia
2495 3260 2881 3317 auctoritatem
2906 3274 3110 3320 sancta:
3137 3266 3285 3323 sedis
3336 3268 3655 3339 apostolica:

387 3371 703 3427 supremam
733 3356 951 3420 asserit,
991 3356 1153 3411 nobis
1179 3354 1549 3426 suppeditavit
1577 3353 1730 3408 card.
1762 3352 1869 3407 Mai
1895 3353 1950 3407 in
1982 3350 2137 3406 Nova
2162 3350 2417 3406 Bibliotlt.
2451 3348 2700 3406 Patrum.
2738 3362 2777 3407 t.
2812 3350 2902 3409 ιγ.
2928 3353 3373 3415 Translationem
3395 3356 3649 3416 Latinam

390 3448 657 3516 integram
694 3456 726 3498 a
761 3442 1000 3499 Baronio
1035 3443 1372 3514 accepimus.

1224 3528 1335 3586 Vll.
1361 3560 1430 3569 —
1454 3529 1532 3584 De
1562 3528 1719 3583 tertio
1741 3536 1789 3583 et
1816 3534 2007 3599 quarto
2037 3526 2301 3582 volumine
2326 3526 2487 3598 hujus
2514 3528 2793 3585 editionis.

457 3619 603 3676 Inter
644 3635 808 3693 opera
842 3620 1105 3677 historica
1143 3620 1325 3677 Photii
1351 3620 1729 3675 recensuimus
1773 3616 2160 3671 Bibliothecam
2196 3616 2337 3686 ejus,
2382 3617 2512 3688 quia
2566 3618 2633 3673 ad
2672 3619 2958 3690 historiam
2994 3620 3345 3692 litterariam,
3386 3634 3447 3680 ut
3476 3626 3653 3695 aiunt,

390 3709 639 3778 pertinet.
664 3709 815 3780 Opus
840 3710 1047 3782 grande
1076 3717 1130 3765 et
1155 3709 1431 3764 eruditum
1488 3724 1555 3762 ex
1587 3706 1810 3777 optimis
1861 3704 2191 3760 editionibus
2238 3704 2328 3759 hic
2380 3704 2700 3776 repetimus.
2748 3705 2981 3764 Textum
3036 3712 3288 3767 Graecum
3333 3730 3364 3768 a
3410 3714 3654 3771 Bekkero

391 3800 745 3853 rmendatum
779 3807 833 3854 et
864 3797 1101 3852 Berolini
1127 3811 1273 3853 anno
1298 3796 1438 3851 1824
1468 3797 1799 3865 impressum
1859 3794 2220 3861 obtinuimus,
2259 3794 2345 3851 cui
2389 3794 2802 3851 translationem
2834 3797 3086 3854 Latinam
3117 3802 3245 3857 Ant.
3306 3802 3535 3859 Sehotto
3564 3820 3655 3860 as-

388 3889 670 3957 seriptam,
698 3887 802 3943 etsi
842 3888 1013 3958 ipsius
1043 3897 1147 3941 n0n
1181 3887 1270 3953 sit,
1308 3886 1644 3949 addidimus,
1677 3885 1803 3956 quia
1842 3884 2123 3938 meliorem
2154 3898 2327 3954 neque
2357 3883 2629 3940 conficere
2677 3900 2858 3955 neque
2896 3890 3139 3959 reperire
3181 3891 3482 3960 potuimus.
3508 3890 3655 3948 Tex-

386 3985 501 4031 tum
531 3986 711 4032 autem
739 3977 1010 4047 integrum
1041 3978 1261 4045 damus,
1301 3977 1405 4031 etsi
1437 3985 1693 4045 excerpta
1727 3972 1988 4028 nonnulla
2018 3982 2258 4027 veterum
2292 3982 2579 4027 auctorum
2625 3973 2742 4031 suis
2782 3976 2915 4030 locis
2941 3976 3053 4047 jam
3092 3993 3124 4032 a
3173 3979 3331 4034 nobis
3384 3981 3653 4051 impressa

391 4067 613 4121 fuerint.
655 4066 772 4122 Non
807 4067 1036 4122 decebat
1060 4068 1234 4133 enim,
1271 4066 1342 4121 ob
1393 4065 1590 4121 breves
1619 4073 1675 4120 et
1701 4072 1930 4135 gpaucas
1965 4062 2337 4134 repetitiones,
2375 4078 2516 4133 opus
2550 4063 2699 4132 ,tanti
2751 4062 3016 4122 momenti
3055 4067 3329 4136 scindere,
3385 4085 3439 4126 et
3488 4074 3648 4140 quasi

390 4153 773 4224 imperfectum
800 4155 976 4210 doctis
1002 4155 1137 4210 viris
1169 4152 1386 4209 offerre.

462 4242 653 4297 Utrum
682 4242 1014 4296 Bibliotheca
1054 4241 1257 4309 Photii,
1294 4241 1475 4314 qualis
1526 4256 1677 4297 nunc
1710 4240 1964 4305 habetur,
2005 4247 2114 4293 tota
2151 4234 2400 4293 aPhotio
2460 4234 2582 4307 ipso
2630 4238 2831 4309 scripta
2860 4242 2969 4296 sit?
3019 4258 3086 4297 an
3142 4242 3309 4301 fuerit
3358 4247 3649 4317 posteriori

384 4348 542 4391 relate
573 4336 916 4405 interpolata,
954 4346 1013 4391 ut
1064 4335 1397 4406 suspicatur,
1443 4337 1497 4389 in
1544 4337 1693 4390 notis
1753 4335 1868 4391 suis
1904 4334 1969 4388 ad
2002 4333 2224 4388 Suidam
2270 4329 2562 4397 Kusterus,
2597 4332 2738 4402 apud
2765 4331 2815 4388 J.
2844 4337 2911 4391 Α.
2949 4334 3445 4405 Fabricium,Bibl.
3477 4341 3650 4403 Graec.

383 4427 470 4481 ad.
510 4426 717 4481 llarles.
744 4432 785 4480 t.
813 4424 882 4491 Χ,
911 4441 964 4495 p.
1000 4424 1146 4479 680?
1186 4441 1295 4479 non
1336 4435 1422 4480 est
1458 4426 1623 4496 hujus
1656 4425 1758 4480 loci
1796 4425 2090 4495 inquirere.

450 4515 590 4582 Quia
620 4514 945 4569 Bibliotheca
967 4514 1143 4569 Pltotii
1170 4515 1331 4571 unius
1357 4514 1650 4570 voluminis
1683 4514 1858 4584 spatio
1884 4509 2151 4568 contineri
2180 4525 2289 4566 non
2317 4510 2514 4582 potuit,
2553 4512 2812 4584 majorem
2834 4511 3075 4582 ejusdem
3102 4524 3333 4586 partem,
3356 4516 3409 4574 in
3435 4536 3537 4590 qua
3555 4534 3651 4578 co-

382 4604 487 4657 dex
534 4604 746 4673 primus
780 4612 835 4659 et
879 4614 1169 4674 sequentes
1198 4605 1263 4658 ad
1290 4603 1726 4659 ducentesimum
1769 4602 2250 4674 quadragesimum
2296 4616 2500 4655 nonum
2550 4612 2923 4667 recensentur,
2978 4608 3137 4660 tertio
3182 4606 3345 4677 hujus
3393 4611 3652 4670 editionis

386 4692 661 4745 volumine
691 4692 1124 4763 descripsimus;
1166 4694 1392 4746 alteram
1429 4702 1559 4745 vero
1590 4700 1821 4759 partem,
1852 4692 1904 4743 in
1937 4704 2045 4759 qua
2073 4689 2244 4745 codex
2295 4689 2703 4746 ducentesimus
2734 4693 3220 4766 qttinquagesitntts
3263 4708 3315 4751 et
3344 4698 3651 4767 [sequentes

386 4796 563 4851 usque
592 4780 658 4833 ad
686 4781 847 4835 finem
871 4782 1053 4852 operis
1089 4787 1471 4845 recensentur,
1517 4780 1677 4834 initio
1723 4778 2017 4832 voluminis
2064 4778 2243 4847 quarti
2295 4778 2710 4834 collocavimus.
2755 4778 3018 4858 Volumen
3065 4794 3319 4853 quartum
3366 4790 3653 4857 perficient

382 4885 550 4939 opera
586 4871 856 4924 canonica
885 4868 1095 4933 Photii,
1129 4869 1332 4939 quibus
1353 4867 1646 4934 Monitum,
1687 4866 1775 4922 hic
1808 4880 1914 4920 non
1948 4864 2324 4934 repetendum,
2381 4866 2771 4933 praemisimus.

453 4961 710 5017 Dicemus
734 4970 915 5015 tamen
948 4962 1038 5017 hic
1075 4962 1415 5033 prwtermitti
1446 4977 1754 5033 synagogen
1784 4974 2055 5014 canonum
2101 4974 2223 5029 qua:
2253 4959 2615 5028 Opportunius
2642 4974 2767 5015 cum
2816 4958 3240 5021 Commentariis
3266 4963 3645 5040 5Balsamonis,

383 5052 609 5106 Zonaraz
636 5060 691 5106 et
734 5050 997 5117 Aristeui,
1032 5052 1172 5105 inter
1204 5053 1405 5122 scripta
1441 5052 1627 5105 smculi
1672 5063 1769 5105 χιιι
1815 5049 2040 5115 edctur;
2084 5048 2178 5103 sed
2226 5048 2541 5103 recudimus
2588 5046 2882 5121 Syntagma
2945 5069 3204 5107 canonum
3252 5065 3306 5117 et
3372 5055 3647 5113 Nautaca-

383 5157 591 5197 nonem,
628 5140 681 5193 itt
720 5155 783 5193 ea
826 5139 1033 5203 forma,
1065 5152 1121 5194 et
1170 5154 1237 5194 eo
1284 5139 1475 5194 ordine
1520 5140 1721 5209 quibus
1769 5138 1838 5193 ab
1886 5137 2007 5208 ipso
2054 5135 2250 5191 Photio
2302 5138 2605 5206 composita
2641 5137 2811 5193 fuisse
2844 5136 3114 5194 videntur.
3153 5139 3289 5208 Quia
3351 5154 3528 5202 tamen
3589 5150 3645 5204 in

382 5231 466 5285 his
509 5228 925 5284 collectionibus
972 5229 1323 5283 conficiendis
1355 5240 1546 5283 auctor
1578 5228 1769 5282 eadem
1806 5229 2131 5281 documenta
2167 5226 2370 5295 pluries
2403 5225 2630 5296 profert,
2677 5236 2857 5284 textus
2890 5230 3057 5284 semel
3085 5231 3280 5299 editos,
3312 5249 3421 5291 non
3448 5238 3647 5309 repeti-

382 5334 504 5372 mus
536 5318 655 5371 aliis
688 5318 843 5381 locis,
885 5318 977 5371 sed
1010 5318 1099 5371 tibi
1142 5316 1365 5386 reperiri
1408 5317 1617 5385 possint
1646 5326 1900 5370 accurate
1932 5315 2257 5368 indicamus.

455 5408 662 5462 Seriem
704 5422 927 5477 Operum
969 5406 1359 5463 canonicorum
1386 5402 1563 5458 Photii
1598 5403 1861 5457 claudunt
1890 5402 2221 5465 Erotemata,
2255 5417 2347 5456 seu
2370 5401 2826 5471 interrogationes
2854 5402 2921 5467 Χ,
2942 5406 2995 5460 itt
3029 5409 3230 5479 quibus
3261 5422 3452 5473 auctor
3474 5414 3644 5485 depo-

379 5496 632 5551 sitionem
660 5509 818 5553 suam
858 5508 889 5549 e
940 5508 1033 5548 seu
1124 5490 1479 5562 patriarchali
1538 5490 1794 5563 injustam
1832 5493 2005 5548 fuisse
2053 5493 2432 5548 demonstrare
2483 5501 2735 5557 conatur,
2793 5499 3130 5564 argumentis
3185 5500 3484 5574 indirectis,
3542 5522 3645 5563 nec

465 5634 526 5702 (Ι)
557 5631 773 5687 (.‘rtccia:
796 5632 1121 5694 orthodom,
1149 5640 1186 5687 t.
1224 5630 1264 5697 1,
1292 5647 1346 5701 p,
1380 5629 1481 5684 151
1509 5637 1561 5702 et
1592 5644 1706 5696 seq.
1744 5628 1946 5683 Comm.
1974 5632 2011 5683 dt

1332 5673 1346 5697 ,
1380 5629 1481 5684 151
1509 5637 1561 5702 et
1592 5644 1706 5696 seq.
1744 5628 1946 5683 Comm.
1974 5632 2035 5684 de
2059 5629 2255 5702 Script.
2284 5630 2409 5684 εδει.
2445 5639 2483 5683 t.
2513 5628 2577 5696 ll,
2605 5630 2711 5685 col.
2750 5626 2874 5682 210.

454 5700 551 5776 (ιιι)
585 5705 762 5761 Alium
782 5704 1098 5777 Catalogum
1125 5700 1482 5761 llonuliarum
1514 5700 1690 5756 Photii
1720 5704 2031 5773 suppeditat
2056 5701 2325 5763 Uudiuus,
