3916 6192
1343 222 1743 287 PRIEFATIO
1780 222 1865 285 IN
1896 219 2166 283 ΡΠΟΤῘΙ
2206 220 2486 282 OPERA.

1992 219 2166 282 ῐΟΤῘΙ
2206 220 2486 282 OPERA.
3481 229 3538 271 ιι

269 337 408 398 bene
434 339 670 398 selectis.
701 339 1035 413 Opusculum
1077 339 1182 395 hoc
1221 339 1604 396 brevissimum
1665 339 1872 409 primus
1928 336 1982 391 In
2022 337 2197 391 lucem
2229 336 2497 404 protraxit
2558 333 2788 391 Foutani
2821 336 2899 407 (in
2934 332 3097 390 Novis
3125 333 3335 391 deliciis
3361 336 3544 389 erudi-

271 438 472 496 tontm,
498 437 537 485 t.
569 427 632 495 i,
680 445 735 500 p.
767 428 884 495 20),
921 429 1014 498 qui
1060 442 1185 483 cum
1229 427 1414 482 furore
1448 425 1842 491 Janseuistico,
1867 434 1922 479 et
1944 424 2185 495 pessimo
2218 424 2432 479 inﬂuxu
2481 424 2662 495 legum
2711 426 3258 481 anlichristianarum
3292 425 3544 480 obctrca-

273 524 447 583 retur,
500 516 679 572 eidem
732 517 938 571 addidit
980 515 1355 587 pretationem
1392 524 1448 570 et
1496 523 1674 579 notas,
1722 526 1833 568 non
1885 525 2096 569 tantum
2148 513 2458 580 sacerdote,
2516 513 2611 570 sed
2669 514 2867 585 quovis
2908 516 3224 572 Christiano
3266 514 3543 585 indignas.

268 605 377 661 Eas
430 605 634 661 nullius
658 605 828 677 frugis
858 621 979 662 esse
1008 605 1364 671 credidimus,
1404 618 1469 660 ac
1496 603 1724 675 proinde
1754 603 2082 674 abjecimus.

341 694 548 750 Caetera
605 695 809 766 scripta
844 695 1108 751 canonica
1140 693 1322 750 Photii
1361 693 1556 748 merito
1594 692 1777 747 laudat
1812 692 2170 749 doctissimus
2204 692 2257 748 Ι.
2288 691 2348 748 S.
2377 692 2662 749 Assemaui
2710 694 2762 748 iu
2789 692 2923 748 lure
2962 708 3063 748 suo
3095 709 3217 748 can.
3256 690 3543 753 Orientali.

278 794 319 839 t.
345 780 397 847 l,
427 797 482 852 p.
517 782 589 838 35
616 790 669 838 et
725 799 870 854 seq.,
914 783 1007 837 ubi
1039 782 1280 839 ostendit
1309 782 1497 851 quanti
1539 781 1654 838 haec
1687 782 1890 851 scripta
1936 782 2125 839 fecerit
2160 784 2471 848 Balsamon,
2524 783 2758 855 insignis
2804 783 3119 839 Graecorum
3149 781 3461 845 cauouista,
3491 790 3549 836 et

271 878 384 924 tota
426 868 672 925 Ecclesia
710 871 1032 936 Orientalis,
1091 886 1215 941 quae
1258 871 1314 924 in
1370 870 1573 925 tuenda
1627 869 1916 935 disciplina
1964 871 2375 935 ecclesiastica,
2430 871 2704 941 praecipue
2750 871 3034 927 codicibus
3080 870 3281 935 Photii,
3330 870 3541 924 caeteris

270 958 557 1028 neglectis,
599 975 696 1014 usa
719 967 824 1016 est.
865 959 1124 1016 Notitiam
1165 957 1453 1015 Assemani
1489 959 1726 1028 complet
1760 958 2005 1028 praefatio
2045 974 2075 1014 a
2110 959 2264 1015 card.
2298 957 2402 1014 Mai
2451 957 2792 1031 Syntagmati
2824 960 3130 1031 praemissa,
3175 974 3339 1030 quam
3373 957 3545 1012 lector

271 1059 376 1097 suo
412 1045 533 1099 loco
556 1046 812 1115 reperiet.

347 1131 411 1185 Et
435 1133 550 1189 haec
575 1134 646 1189 de
679 1130 859 1189 Pbotii
892 1133 1115 1203 scriptis
1144 1146 1176 1188 a
1215 1131 1377 1188 nobis
1405 1131 1569 1188 editis
1600 1131 1746 1187 dicta
1775 1131 1905 1187 sint.

348 1218 502 1277 Nunc
525 1220 594 1277 de
615 1220 934 1292 deperditis,
963 1219 1367 1290 prmtermissis,
1396 1219 1635 1285 ineditis,
1659 1228 1755 1275 aut
1780 1217 1916 1275 falso
1936 1220 2189 1290 ascriptis
2216 1220 2368 1275 libris
2393 1234 2565 1291 pauca
2592 1220 2933 1276 admouenda
2959 1228 3277 1291 supersunt.

943 1327 1076 1386 Vlll.
1106 1358 1180 1371 --
1212 1330 1285 1384 De
1314 1328 1559 1398 operibus
1589 1329 1766 1384 Pbotii
1794 1328 2102 1399 deperditis,
2147 1331 2517 1399 prtctermisst's
2548 1337 2598 1384 et
2626 1330 2864 1384 ineditis.

348 1414 403 1471 l°
434 1414 662 1472 Pbotius
703 1418 925 1489 scripsit
953 1429 1073 1473 acta
1116 1401 1308 1473 tictitia
1343 1416 1563 1473 concilii
1593 1415 1955 1482 mcumeniei,
1988 1418 2133 1486 quod
2176 1433 2453 1487 nunquam
2481 1427 2840 1471 convocatum
2878 1415 2997 1471 fuit.
3044 1414 3114 1471 lis
3148 1416 3296 1471 mille
3323 1415 3544 1472 circiter

274 1506 706 1576 subscriptiones
745 1504 904 1561 ﬁctas
943 1505 1168 1572 addidit,
1201 1514 1261 1559 ut
1285 1513 1478 1560 narrat
1498 1503 1824 1559 Anastasius
1854 1502 2309 1559 Biblimhecarius
2334 1518 2498 1574 supra
2526 1504 2803 1559 laudatus.
2827 1502 2922 1556 illa
2946 1510 3065 1556 acta
3094 1518 3218 1556 cum
3250 1504 3303 1556 in
3326 1503 3544 1556 duobus

271 1592 558 1649 codicibus
597 1593 1023 1665 elegantissimis
1073 1602 1130 1650 et
1174 1592 1406 1665 depictis
1460 1591 1663 1662 scripta
1709 1590 1962 1659 fuissent,
1990 1592 2043 1646 in
2094 1591 2327 1646 concilio
2372 1606 2466 1646 vm
2513 1590 2731 1662 publice
2777 1590 3012 1645 ﬂammis
3052 1590 3247 1645 tradita
3289 1602 3440 1656 sunt,
3479 1606 3546 1646 ac

274 1682 504 1752 proinde
534 1697 641 1737 non
672 1690 911 1738 exstant.
1562 1742 1565 1743 ν
2758 1750 2765 1755 ,

343 1766 403 1822 2ο
426 1766 655 1823 Pbotius
675 1783 739 1823 ex
768 1769 945 1839 capite
973 1781 1078 1824 suo
1135 1767 1445 1838 composuit
1473 1767 1611 1823 Acta
1645 1764 1863 1823 concilii
1893 1764 2036 1837 quod
2079 1764 2231 1836 ﬁngit
2261 1779 2405 1819 anno
2439 1764 2543 1819 878
2575 1765 2903 1820 celebratum
2935 1764 3105 1820 fuisse
3140 1780 3325 1820 coram
3353 1764 3549 1836 legatis

276 1852 506 1909 Romani
545 1854 818 1925 pontificis
851 1864 905 1909 et
934 1864 1251 1910 cancrorum
1273 1854 1707 1924 patriarcharum
1735 1851 1972 1909 Orientis
1999 1861 2050 1906 et
2084 1850 2325 1923 Egypti.
2351 1851 2671 1921 Quanquam
2710 1863 2840 1907 tunc
2875 1852 3117 1921 synodus
3155 1851 3337 1906 habita
3359 1852 3542 1915 fuerit,

274 1951 426 1996 certo
448 1943 650 1997 certius
680 1957 743 1997 ea
766 1942 995 1997 minime
1024 1940 1137 2013 egit
1159 1942 1247 1999 vel
1276 1942 1547 2009 toleravit,
1579 1955 1700 2012 quae
1724 1956 1842 1996 eam
1873 1940 2046 2006 egisse
2073 1951 2129 1996 et
2155 1942 2419 1995 tolerasse
2452 1949 2637 1995 narrat
2663 1939 2914 1995 Pltotius.
2933 1939 3085 1995 Hauc
3110 1942 3290 1995 Pltotii
3315 1942 3549 2011 pseudo-

275 2031 547 2101 syuodum
577 2029 750 2086 Graeci
778 2045 881 2101 pro
909 2039 1105 2086 octavo
1130 2030 1367 2086 concilio
1405 2030 1749 2105 tecumqtico
1787 2029 2006 2095 habent,
2047 2029 2331 2099 repudiato
2370 2037 2563 2085 octavo
2610 2028 2847 2084 concilio
2878 2043 3027 2096 vero,
3062 2030 3116 2082 in
3162 2044 3273 2098 quo
3316 2028 3547 2084 Pltotius

274 2117 559 2185 depositus
587 2125 642 2171 et
669 2117 1179 2173 excommunicatus
1203 2128 1307 2174 est.
1334 2116 1594 2173 Nonnulli
1626 2127 1803 2172 tamen
1838 2133 1938 2171 nec
1960 2134 2147 2172 verum
2179 2119 2471 2172 concilium
2503 2134 2622 2182 rm,
2646 2118 2775 2171 anni
2799 2117 2925 2181 869,
2954 2132 3058 2173 nec
3084 2118 3333 2173 ﬂctitium
3365 2117 3545 2173 Photii

275 2202 526 2257 ttuni878
554 2214 892 2274 receperunt,
931 2203 1196 2275 siquidem
1214 2205 1482 2276 synodum
1506 2204 1872 2260 Florentiuam
1890 2205 2285 2261 mt-umteuicum
2327 2204 2619 2262 concilium
2643 2212 2895 2259 octavum
2923 2204 3215 2274 appellent.
3248 2205 3339 2260 Sic
3369 2222 3549 2275 neque

275 2290 494 2346 concilii
524 2288 908 2362 Lugdunensis
938 2308 999 2358 ll,
1026 2308 1125 2348 nec
1155 2291 1497 2357 ViennenSis,
1520 2307 1625 2347 nec
1641 2292 2084 2350 Lateranensium
2106 2295 2265 2348 ullam
2284 2295 2553 2349 rationem
2577 2293 2810 2359 habent;
2836 2293 2931 2348 sed
2961 2293 3258 2348 immerito.
3283 2303 3345 2349 ut
3376 2304 3544 2364 patet.

352 2380 486 2433 Acta
513 2382 913 2452 pseudosynodi
945 2381 1119 2437 Photii
1154 2383 1283 2438 anni
1306 2382 1432 2447 878,
1462 2383 1565 2439 etsi
1598 2383 1781 2439 ﬁctilia
1813 2382 1945 2447 sint,
1971 2397 2034 2437 ex
2066 2384 2255 2438 codice
2290 2381 2575 2447 Vaticano,
2593 2397 2719 2437 cum
2749 2383 3112 2452 permissione
3142 2382 3437 2439 Clementis
3456 2384 3547 2449 Xl,

280 2476 341 2522 ut
385 2485 551 2540 supra
576 2471 687 2541 jam
726 2471 1056 2538 notavimus,
1090 2487 1120 2525 a
1151 2471 1213 2526 P.
1244 2470 1522 2528 Harduino
1567 2472 1709 2528 edita
1757 2481 1923 2537 sunt;
1973 2470 2065 2527 sed
2118 2471 2246 2542 quia
2283 2471 2425 2526 inter
2463 2470 2598 2526 Acta
2631 2469 2986 2525 c0uciliorum
3035 2473 3311 2539 prepriam
3364 2474 3548 2528 sedem

286 2556 510 2617 habent.
534 2572 585 2612 et
619 2557 689 2613 ab
716 2558 907 2613 iisdem
940 2560 1151 2629 seiungi
1187 2575 1295 2613 non
1332 2568 1582 2630 possunt,
1626 2560 1813 2615 eadem
1850 2557 1939 2615 hic
1999 2559 2469 2629 praetermisimus.
2504 2556 2705 2629 Supra,
2733 2558 2901 2613 variis
2930 2560 3269 2629 argumentis
3298 2561 3549 2617 ostendi-

281 2660 405 2699 mus
428 2643 561 2699 Acta
593 2645 683 2700 illa
714 2661 817 2700 non
846 2646 1106 2717 genuina,
1134 2647 1229 2703 sed
1257 2663 1403 2702 mere
1428 2647 1615 2702 lictitia
1649 2662 1792 2703 esse.

354 2734 414 2789 3'
440 2733 617 2788 Photii
654 2732 965 2805 Synagogen
986 2751 1250 2788 canonum
1279 2736 1569 2791 omisimus
1619 2735 1690 2790 ob
1732 2748 1928 2791 causas
1958 2750 2096 2804 quas
2127 2748 2292 2805 supra
2320 2734 2701 2806 allegavimus.

360 2822 419 2875 4⁸
450 2820 680 2876 Photius
716 2822 939 2891 scripsit
974 2821 1229 2877 bomilias
1279 2823 1546 2893 plurimas
1584 2838 1816 2892 quorum
1858 2822 2146 2878 elenchum
2192 2837 2257 2877 ex
2293 2823 2627 2877 Combelisio
2662 2822 2955 2879 edidimus.
3015 2821 3323 2889 Quominm
3355 2839 3551 2880 omnes

281 2909 573 2963 ederemus
603 2907 750 2962 nulla
783 2907 889 2969 alia
919 2922 1089 2963 causa
1125 2907 1249 2975 fuit,
1289 2926 1453 2979 quam
1488 2909 1634 2979 quod
1660 2910 1868 2964 nullum
1908 2911 2188 2981 exemplar
2215 2925 2403 2965 earum
2441 2912 2602 2967 nobis
2630 2926 2948 2981 comparare
2988 2913 3346 2982 p0tttcrimtls.

358 2995 415 3051 5°
445 2994 677 3051 Photius
704 2995 905 3051 dicitur
934 2996 1002 3050 de
1027 2995 1178 3051 cultu
1216 2994 1316 3050 SS.
1349 2997 1644 3067 imaginum
1679 2999 1989 3069 scripsisse,
2015 2999 2106 3053 sed
2139 2998 2382 3067 ejusdem
2415 2999 2602 3069 scripti
2628 3000 2837 3053 nullum
2862 3001 3151 3069 vestigium
3178 2999 3381 3064 inveni,
3416 3016 3555 3070 prte-

284 3092 368 3139 ter
392 3084 607 3138 titulum
634 3095 982 3153 sequentem,
1009 3100 1170 3155 quem
1206 3083 1455 3148 Bandini,
1488 3086 1541 3139 in
1578 3084 1759 3140 Catal.
1796 3086 2037 3141 biblioth.
2067 3085 2324 3145 Laurent.
2358 3088 2601 3143 Floreat.
2642 3100 2680 3142 t.
2718 3089 2762 3154 1,
2796 3104 2850 3160 p.
2890 3090 3019 3150 6⁸54.
3055 3091 3246 3144 recitat
3276 3092 3552 3164 εΧρήσεις

286 3173 427 3227 κατὰ
464 3172 850 3243 Εἱκονομάχων
888 3176 951 3227 ἐκ
984 3174 1093 3227 τῶν
1117 3173 1567 3247 συγγραμμάτων
1613 3174 1938 3247 Νεκηφὸρου
1985 3176 2079 3229 καὶ
2126 3176 2357 3243 dion-(ou,
2389 3177 2498 3230 τῶν
2542 3179 2897 3250 πατριαρχῶν
2929 3180 3554 3245 Κωνσταντινουπὸλεως

286 3260 383 3313 καὶ
410 3258 688 3333 Θεοδώρου
717 3261 994 3316 meum.
1044 3260 1186 3318 Hinc
1205 3277 1337 3318 sane
1368 3277 1527 3318 nemo
1559 3264 1775 3333 colliget
1800 3264 2049 3318 Photium
2079 3280 2144 3318 ex
2190 3264 2455 3321 industria
2484 3265 2550 3321 de
2577 3257 2823 3322 colendis
2858 3267 3188 3337 imaginibus
3235 3269 3552 3339 scripsisse.

286 3348 430 3404 Fieri
455 3348 601 3404 enim
638 3349 817 3419 patuit
853 3358 915 3405 ut
947 3363 1014 3405 ex
1046 3350 1205 3406 libris
1235 3365 1375 3421 quos
1404 3349 1472 3405 de
1499 3351 1606 3405 alio
1636 3363 1961 3422 argumento
1984 3363 2324 3419 exaravcrat,
2358 3353 2483 3423 quis
2507 3355 2751 3425 ῑχρήσεις
2774 3354 2896 3408 illas
2922 3356 3312 3425 composuerit.

356 3436 415 3491 6°
441 3435 640 3493 Nescio
673 3451 743 3491 an
778 3451 810 3492 a
836 3436 978 3494 libro
1012 3455 1042 3494 a
1068 3437 1331 3494 'Bandiuo
1368 3445 1555 3494 notato
1578 3440 1828 3495 diversus
1861 3442 1931 3495 sit
1956 3442 2045 3495 ille
2077 3456 2235 3510 quem
2272 3441 2619 3504 Lambecius,
2645 3441 2696 3495 in
2727 3442 3015 3497 Comment.
3062 3443 3113 3495 iu
3149 3441 3287 3495 Bibl.
3327 3441 3559 3500 Vindob.

285 3526 373 3581 ed.
408 3524 730 3591 Kollarii.:’t.
761 3522 853 3592 Π,
874 3542 930 3597 p.
964 3527 1095 3591 5‘55,
1127 3527 1194 3582 ad
1219 3528 1342 3584 cod.
1374 3528 1503 3592 157,
1543 3528 1680 3593 n.5,
1704 3529 1779 3583 ita
1820 3544 1831 3581 ι

2005 3538 2043 3583 ιι
2070 3546 2083 3583 :
2114 3529 2321 3582 Φωτιω
2352 3530 2693 3600 πατριάρχου
2715 3530 2809 3582 καὶ
2836 3528 3116 3599 Θεοδώρου
3148 3529 3242 3583 τοῦ
3275 3531 3551 3585 Στυδίτου-

290 3612 470 3667 Εῑκὼν
492 3611 712 3684 λέγεται
750 3614 901 3687 παρὰ
925 3614 986 3669 τὸ
1023 3615 1201 3669 ἑοικεν
1222 3616 1383 3679 ’ζάλλο
1409 3615 1468 3669 δὲ
1519 3616 1724 3687 φυσικὴ
1773 3616 1836 3670 ei:

2018 3618 2092 3670 ιαὶ
2128 3617 2258 3673 ἄλλο
2307 3619 2580 3688 μιμητική
2612 3633 2626 3646 ·
2665 3634 2721 3673 κ.
2760 3634 2810 3670 τ.
2833 3617 2885 3670 λ.
2948 3635 2967 3669 t
3006 3618 3185 3675 Photii
3230 3622 3564 3687 patriarchas-

286 3701 397 3757 CP.
419 3711 473 3757 et
512 3702 787 3758 Theodori
811 3702 1040 3758 Studice
1085 3704 1399 3759 testimonia
1434 3705 1499 3757 de
1520 3705 1694 3759 sacris
1724 3703 2051 3775 imaginibus
2079 3706 2221 3760 etde
2245 3703 2554 3759 diﬂerentia
2588 3704 2732 3759 inter
2753 3718 2939 3760 sacras
2968 3706 3233 3777 imagines
3255 3716 3308 3761 et
3333 3708 3497 3764 idola.
3527 3728 3559 3762 ι

359 3789 420 3841 7°
446 3788 711 3845 Senebier
737 3790 791 3844 in
819 3789 1111 3862 Catalogue
1141 3791 1390 3846 raisonné
1419 3791 1509 3846 des
1531 3792 1852 3846 manuscrits
1877 3793 1940 3847 de
1970 3792 2188 3860 Genera,
2227 3810 2279 3864 p.
2306 3793 2396 3860 42,
2431 3792 2649 3849 Genéve
2673 3791 2812 3848 i779
2837 3794 2947 3863 (ap.
2978 3791 3030 3848 .l.
3062 3794 3126 3847 A.
3158 3793 3373 3851 Fabric.
3408 3796 3556 3853 Bibl.

295 3873 457 3931 Cr.t.
489 3876 583 3942 XI,
612 3893 668 3949 p.
714 3877 827 3949 19),
882 3879 1068 3935 laudat
1096 3878 1563 3947 Photiijlomilias
1610 3887 1742 3945 tres,
1789 3888 1847 3936 et
1885 3880 2189 3953 fragmenta
2235 3881 2424 3951 scripti
2454 3880 2742 3950 cujusdam
2783 3890 2974 3936 contra
3020 3880 3371 3949 Manichacus.
3409 3886 3557 3955 quod

293 3974 478 4021 utrum
507 3965 724 4021 dilIerat
771 3981 802 4022 a
854 3965 1010 4023 libris
1066 3969 1308 4024 secundo
1340 3968 1616 4023 volumine
1661 3968 1827 4037 hujus
1861 3969 2120 4025 editionis
2188 3967 2350 4025 editis
2391 3984 2588 4036 necne,
2638 3969 2898 4040 indagare
2947 3984 3057 4025 non
3098 3972 3272 4039 potui,
3322 3981 3376 4027 et
3423 3972 3565 4028 inihi

290 4056 691 4124 incompertum
714 4065 820 4110 est.
1537 4087 1541 4092 ε
3246 4090 3263 4105 -.

364 4142 421 4199 8⁸³
474 4143 671 4214 Ignoro
724 4142 928 4213 pariter
986 4158 1055 4198 an
1107 4142 1288 4199 Photii
1336 4145 1662 4215 Argumenta
1716 4140 2360 4215 duodecimsyllogistica
2407 4154 2596 4199 contra
2660 4145 3048 4215 processionem
3098 4145 3331 4213 Spiritus
3383 4145 3561 4201 sancti

290 4232 455 4286 etiam
478 4246 510 4284 a
538 4230 699 4295 Filio,
737 4230 807 4286 de
828 4230 1030 4301 quibus
1061 4230 1287 4287 Bandini
1321 4231 1498 4287 Catal.
1540 4230 1795 4285 Laurent.
1823 4240 1861 4285 t.
1892 4230 1981 4299 ΙΙΙ,
2014 4248 2064 4304 p.
2094 4233 2221 4299 324,
2253 4235 2587 4289 conveniant
2619 4250 2742 4290 cum
2773 4237 3112 4305 argumentis
3144 4252 3172 4288 a
3196 4233 3374 4290 Vecco
3406 4234 3561 4290 refu~

292 4318 425 4375 tatis
453 4328 508 4374 et
538 4333 569 4373 a
604 4319 764 4375 nobis
795 4318 883 4376 hic
912 4320 1095 4385 editis,
1122 4320 1203 4376 vel
1228 4322 1553 4391 opusculum
1583 4320 1905 4376 distinctum
1940 4325 2299 4379 constituant.
2328 4322 2469 4377 Puto
2501 4338 2565 4377 ea
2591 4323 2825 4379 identica
2850 4337 2995 4379 esse.

366 4408 425 4465 9°
446 4409 698 4466 Oudinus
727 4410 934 4466 indicat
958 4427 972 4464 :
1004 4403 1234 4465 Φωτίὸυ.
1273 4450 1287 4465 .
1326 4450 1342 4466 .
1376 4409 1621 4480 ’Δγωγαὶ
1638 4411 1732 4465 καὶ
1753 4411 2055 4477 ἀπυδείξεις
2078 4411 2325 4483 ἀκριϐεῖς
2351 4410 2767 4481 συνειλεγμέναι
2797 4411 2861 4464 ἐκ
2879 4428 2938 4464 τε
2959 4411 3252 4465 συνοδικῶν
3281 4413 3376 4467 καὶ
3411 4412 3558 4466 ἱστο-

302 4507 477 4579 ρικῶν
507 4505 757 4578 γραφῶν.
797 4505 1116 4575 (Comment.
1146 4506 1211 4560 de
1239 4506 1442 4575 Script.
1472 4507 1654 4563 eccles.
1684 4515 1726 4562 t.
1751 4506 1817 4575 li,
1845 4524 1848 4576 ς

2020 4507 2076 4576 ι).
2101 4520 2238 4576 quas
2267 4521 2295 4558 a
2320 4502 2372 4557 Χ
2394 4505 2897 4576 interrogationibus
2918 4506 2983 4559 de
3011 4506 3331 4575 patriarcln's
3362 4506 3566 4575 injuste

291 4598 477 4666 ejectis
515 4594 927 4664 distinguendas
948 4609 1071 4650 esse
1096 4604 1371 4649 autumat.

367 4683 460 4740 {0°
496 4683 640 4740 idem
675 4683 950 4745 Oudinus,
1016 4684 1312 4755 symbolum
1346 4684 1471 4754 ﬁdei
1522 4691 1752 4739 testatur
1790 4683 1843 4738 in
1897 4682 2022 4739 cod.
2072 4696 2207 4737 mss.
2242 4690 2459 4737 exstare
2501 4695 2533 4736 a
2577 4679 2769 4736 Photio
2816 4682 3161 4749 compositum
3198 4697 3295 4751 pro
3345 4682 3414 4738 iis
3467 4683 3567 4754 qui

293 4773 581 4830 ordinandi
607 4783 731 4828 sunt
759 4772 1011 4843 episcOpi,
1046 4773 1111 4827 de
1148 4787 1258 4842 quo
1290 4772 1630 4837 Lambecius,
1659 4774 1698 4829 l.
1726 4788 1849 4838 vus,
1888 4788 1939 4842 p.
1972 4772 2099 4828 655.

371 4860 462 4915 Ηο
506 4859 752 4931 Epitome
786 4858 1050 4916 Historia:
1067 4860 1436 4917 ecclesiasticas
1473 4861 1844 4931 Pbilostorgii,
1868 4859 1978 4915 ἀπὺ
2023 4860 2208 4930 φωνῆς
2235 4857 2416 4915 Pltotii
2446 4858 2773 4929 patriarchae
2800 4866 2979 4913 exstat
3006 4856 3149 4912 inter
3177 4859 3298 4914 cod.
3318 4873 3452 4916 mss.
3474 4857 3566 4914 bi—

296 4948 585 5004 bliotheca:
638 4948 949 5007 Bodleiana:
1004 4950 1252 5021 (Barocc.
1297 4949 1419 5004 cod.
1463 4950 1588 5017 142,
1621 4956 1685 5004 n°
1719 4948 1774 5016 7,
1822 4965 1880 5020 p.
1928 4946 2093 5019 243);
2139 4949 2355 5003 diversa
2401 4947 2470 5002 ab
2540 4946 2630 5001 illa
2674 4961 2797 5017 quae
2840 4945 2894 5001 iu
2942 4945 3281 5019 Myriobiblio
3322 4948 3568 5001 occurrit

294 5047 352 5092 et
389 5037 623 5107 amplior
661 5034 908 5109 (0udin.,
938 5045 980 5093 t.
1014 5037 1079 5104 II,
1103 5036 1206 5091 col.
1240 5036 1395 5107 208).

375 5145 464 5199 12·
504 5145 819 5202 Micha‘elem
861 5147 1102 5204 Psellum
1173 5145 1456 5219 Synopsim
1503 5146 1900 5203 Nomocanonis
1929 5147 2108 5203 Pbotii
2147 5144 2398 5201 vorsii-us
2435 5145 2729 5216 scripsisse
2753 5144 2961 5201 ferunt.
2981 5146 3128 5201 inter
3158 5145 3401 5217 quinque
3431 5144 3563 5200 Car-

299 5235 445 5289 mina
467 5235 688 5306 politian
718 5236 878 5294 Pselli
911 5237 1165 5310 Synopsis
1197 5240 1286 5294 illa
1320 5247 1576 5308 quartum
1610 5238 1792 5293 locum
1821 5250 2093 5305 occupare
2126 5233 2352 5289 dicitur.

655 5344 746 5400 1X.
777 5375 847 5386 —-
875 5346 947 5401 De
982 5344 1220 5416 operibus
1242 5344 1422 5399 Photii
1444 5360 1559 5415 qua:
1592 5342 1702 5397 alio
1735 5343 1944 5396 nomine
1972 5357 2126 5411 quam
2152 5357 2183 5393 a
2213 5338 2360 5393 nobis
2395 5337 2542 5392 edita
2573 5348 2717 5404 sunt,
2757 5338 3224 5407 circumferuntur.

380 5438 472 5492 13°
514 5436 753 5492 Libelius
782 5436 845 5489 de
870 5444 1063 5503 septem
1097 5434 1311 5504 synodis
1346 5433 1439 5504 qui
1473 5433 1673 5500 passim
1720 5430 1978 5498 occurrit,
2007 5439 2297 5499 excorptus
2331 5437 2416 5484 est
2467 5444 2537 5484 ex
2584 5426 2764 5483 Pbotii
2799 5428 2941 5499 epiSl
2996 5436 3117 5493 vn",
3156 5428 3223 5481 ad
3250 5425 3569 5482 Micltaclem

306 5524 580 5596 Bulgaria:
610 5523 935 5594 principem.
964 5538 1087 5593 quae
1128 5523 1181 5577 in
1219 5522 1317 5577 hac
1342 5520 1583 5577 editione
1611 5520 1901 5590 reperitur,
1935 5528 1973 5574 ι.
2004 5517 2067 5583 ll,
2100 5519 2206 5572 col.
2244 5516 2368 5572 651.

374 5612 473 5666 H0
514 5610 745 5667 Libelius
764 5611 830 5666 de
854 5610 1211 5665 consolatione
1229 5610 1297 5664 ad
1328 5610 1630 5674 Eusebium,
1655 5624 1817 5681 quem
1848 5606 2087 5663 Conrad.
2122 5605 2525 5671 Ritterhusins,
2555 5620 2701 5661 anno
2733 5605 2891 5672 l60l,
2918 5606 3013 5663 Gr.
3048 5604 3174 5661 Lat.
3202 5597 3575 5673 Nurcnbergii

304 5703 477 5762 edidit
499 5704 605 5763 sub
634 5704 860 5762 nomine
884 5702 1087 5771 Pbotii,
1119 5702 1463 5774 estejustlem
1498 5702 1676 5760 Photii
1705 5701 1939 5774 epistola
1974 5699 2103 5765 245,
2131 5699 2277 5769 apud
2316 5698 2742 5756 Montacutium.
