3810 6350
363 283 394 322 x
1416 263 1811 326 PBAEFATIO
1842 261 1925 325 IN
1956 261 2221 327 PHOTII
2250 262 2521 327 OPERA.

423 383 532 437 -15ο
573 381 910 454 ()pusculum
957 380 1034 436 De
1083 379 1406 451 patriarchis
1437 380 1636 449 injuste
1655 379 1860 449 ejectis,
1891 378 2039 448 quod
2085 378 2272 434 laudat
2298 377 2350 435 J.
2382 380 2451 433 Α.
2481 376 2788 441 Fabricius,
2826 390 2936 431 non
2985 375 3433 448 distinguendum
3465 389 3552 436 est
3577 397 3606 439 a

359 474 549 527 decem
576 468 1114 541 lnterrogationibus,
1138 483 1278 538 quas
1304 483 1369 523 ex
1405 466 1574 522 Novis
1607 466 1813 520 deliciis
1842 466 2172 520 eruditorum
2198 465 2430 522 Foutani
2465 467 2531 520 ad
2571 465 2729 518 linem
2758 464 2997 536 Operam
3030 465 3205 519 Pltotii
3241 466 3538 523 edidimus.

427 562 517 617 16⁰
557 562 738 616 Ριιοιίἰ
764 563 1029 629 Excerpla
1056 574 1122 612 ea:
1145 557 1394 623 Asteriis,
1426 572 1549 627 qua:
1584 554 1952 611 Combeﬁsius
1976 554 2165 620 edidit,
2206 569 2273 608 ex
2310 554 2490 609 Pbotii
2522 552 2854 609 Bibliotheca
2880 554 3169 623 desumpta
3198 563 3352 608 sunt.

428 651 520 706 17ο
556 649 861 705 Cotelerius
896 648 948 703 in
986 646 1340 702 Monumentis
1381 644 1637 700 Ecclesia:
1672 643 1891 705 Grtecte,
1929 649 1972 698 t.
2022 640 2113 703 lll,
2136 657 2191 712 p.
2221 642 2345 706 illi,
2379 644 2591 713 primus
2626 642 2855 711 protulit
2898 642 3225 711 Opusculum
3285 643 3360 696 ita
3408 643 3607 698 inscri-

354 748 504 811 ptum
537 759 549 793 :
586 737 739 803 Quod
769 753 872 791 non
904 746 1143 805 oporteat
1166 736 1235 789 ad
1265 742 1546 805 praesentes
1573 733 1693 787 vitta
1721 730 1990 786 molestias
2016 733 2304 784 attendere.
2332 728 2470 796 Quia
2501 730 2630 784 olim
2662 730 2803 785 inter
2819 728 2997 784 Pbotii
3030 727 3300 798 Epistolas
3325 738 3604 786 servatum

354 836 460 891 est,
498 826 627 881 illud
659 826 727 880 ad
762 825 925 879 ﬁnem
959 823 1079 879 libri
1109 824 1254 878 tertii
1286 822 1645 894 epistolarum
1679 820 1734 873 in
1763 825 1947 873 nostra
1978 815 2213 870 editione
2242 816 2659 871 collocavimus.

426 916 524 971 18⁰
566 915 837 975 Labbeus,
869 913 923 967 iu
951 911 1132 967 Catal.
1164 912 1283 965 cod.
1318 926 1469 975 mss.,
1500 924 1556 978 p.
1588 906 1713 970 114,
1744 905 1933 960 laudat
1961 902 2139 958 Pbotii
2172 902 2456 973 Synopsim
2505 903 2687 974 logica:
2708 903 3083 969 Aristotelicas,
3111 914 3167 961 et
3196 904 3505 970 Fabricius,
3538 919 3605 960 ex

352 1002 592 1066 Oudino,
628 1002 827 1057 asserit
870 999 1047 1055 Photii
1076 996 1360 1068 Synopsim
1401 993 1791 1067 categoriarum
1841 992 2138 1049 immistam
2180 1008 2298 1049 esse
2331 992 2753 1047 Commentariis
2782 991 3070 1062 Pliiloponi
3113 1004 3168 1047 et
3204 993 3483 1048 Ammonii
3546 993 3602 1048 in

352 1091 725 1145 Aristotelem.
760 1088 838 1143 llli
865 1096 1116 1142 auctores
1145 1085 1343 1139 Photio
1374 1085 1546 1139 multo
1575 1081 1915 1152 antiquiores
1940 1089 2088 1135 sunt.
2118 1078 2290 1135 Card.
2326 1080 2433 1135 Mai
2458 1079 2658 1149 Script.
2681 1093 2841 1146 veter,
2872 1091 2912 1135 t.
2943 1080 2983 1144 l,
3010 1072 3163 1151 prmi.
3194 1098 3248 1152 p.
3273 1098 3388 1148 xiv,
3414 1091 3605 1138 monet

350 1180 470 1235 illas
495 1176 752 1249 Synopses
800 1190 908 1230 non
952 1174 1370 1243 distinguendas
1411 1188 1534 1227 esse
1571 1188 1601 1226 a
1645 1167 2038 1238 Qumstionibus
2086 1170 2565 1239 Amphilochianis.
2597 1170 2662 1224 Et
2702 1185 2891 1225 revera
2931 1170 3268 1240 quaestiones
3311 1171 3603 1240 Amphilo-

351 1269 567 1321 chianae
596 1265 699 1319 157
729 1263 799 1319 ad
824 1263 924 1317 147
960 1262 1108 1318 circa
1136 1262 1242 1317 hoc
1271 1269 1655 1331 argumentum
1692 1266 2006 1313 versantur.
2030 1257 2153 1320 Hic,
2192 1266 2231 1312 t.
2267 1259 2309 1323 l,
2341 1258 2445 1314 col.
2478 1258 2580 1313 759
2605 1267 2658 1312 et
2689 1273 2808 1328 seq.

1288 1349 1357 1407 Χ.
1390 1380 1462 1390 -
1498 1348 1578 1403 De
1602 1346 1847 1419 operibus
1874 1344 2057 1399 Photii
2082 1347 2380 1415 argumenti
2405 1346 2642 1415 profani.

380 1442 470 1497 19°
513 1440 752 1498 Joannes
795 1439 1073 1495 Gerardus
1110 1436 1340 1493 Vossius
1375 1436 1429 1492 in
1455 1451 1620 1506 opere
1670 1436 1745 1488 De
1780 1432 2068 1498 Historicis,
2103 1431 2324 1498 ercis,
2368 1434 2461 1489 lib.
2504 1451 2564 1500 ιι,
2596 1448 2649 1489 c.
2683 1433 2754 1490 25
2784 1432 2995 1505 (Oper.,-
3040 1441 3078 1489 t.
3117 1431 3210 1498 ιν,
3245 1447 3299 1502 p.
3358 1433 3486 1503 H7)
3523 1436 3598 1491 ita

343 1531 535 1586 scribit
566 1547 580 1585 :
623 1548 642 1581 ι
681 1528 857 1584 Photii
892 1527 1219 1597 patriarchae
1264 1524 1566 1579 Historiam
1596 1523 1661 1577 de
1689 1521 1987 1576 rhetoribus
2026 1521 2201 1576 decem
2234 1531 2450 1579 exstare
2491 1523 2610 1594 lego
2641 1522 2696 1579 in
2734 1524 3147 1579 nomenclatore
3184 1520 3411 1578 Roberti
3441 1522 3601 1579 Con-

346 1619 594 1676 stantini.
628 1637 646 1670 ι
690 1616 764 1669 De
797 1617 900 1670 hoc
927 1616 1064 1670 libro
1093 1615 1256 1669 aliam
1282 1611 1531 1667 notitiam
1563 1610 1767 1664 nullam
1800 1609 2001 1679 reperi.

405 1706 499 1759 20°
533 1703 760 1758 Lexicon
791 1702 1035 1758 ercum
1076 1701 1179 1756 sub
1215 1700 1439 1754 nomine
1473 1697 1655 1753 Photii
1688 1697 1865 1752 forma
1907 1696 1961 1751 in
1988 1698 2067 1764 4°,
2096 1714 2242 1755 anno
2268 1698 2427 1766 1808,
2463 1699 2661 1771 Lipsiae
2681 1701 2851 1758 edidit
2883 1702 2945 1757 ι).
2972 1703 3271 1759 Hermann.
3303 1703 3463 1759 Liber
3494 1720 3600 1760 au-

340 1803 445 1849 tem
474 1794 636 1864 paulo
666 1802 791 1863 post
817 1793 1012 1847 iterum
1045 1791 1188 1863 typis
1217 1789 1518 1858 impressus
1549 1795 1635 1843 est
1661 1786 1767 1842 hoc
1803 1787 1841 1841 ti

2134 1787 2227 1841 :iou
2249 1788 2345 1842 τοῦ
2369 1789 2710 1860 πατριάρχου
2740 1791 2954 1856 Λέξεων
2982 1792 3316 1862 Συναγωγή,
3356 1809 3385 1847 e
3414 1793 3597 1848 codice
3635 1860 3638 1864 .

341 1883 573 1937 Galeano
608 1881 889 1951 descripsit
934 1879 1196 1933 Ricardus
1228 1876 1524 1943 Porsonus,
1561 1875 1597 1929 2
1618 1873 1728 1932 vol.
1755 1874 1835 1940 8°,
1863 1873 2226 1947 Cantabrigiaa
2259 1876 2415 1933 1822.
2452 1877 2733 1934 Porsonus
2758 1879 2811 1933 in
2841 1879 3024 1935 Lexici
3055 1881 3376 1951 prmlatione
3407 1893 3603 1937 mouet

340 1971 404 2026 D.
434 1969 738 2034 Blomlie‘ld,
780 1970 834 2021 in
867 1966 1129 2023 Censuris
1156 1964 1551 2027 Edinensibus,
1579 1969 1733 2034 parte
1784 1977 1918 2032 sui,
1949 1963 2017 2019 de
2049 1963 2245 2019 Pbotio
2289 1966 2549 2034 praeclare
2583 1967 2890 2038 scripsisse.
2911 1967 3108 2025 Oudin.
3135 1971 3201 2037 (t.
3230 1968 3296 2035 ll,
3320 1970 3424 2024 col.
3458 1970 3596 2040 206)

335 2058 528 2112 scribit
552 2056 726 2111 Photii
755 2054 985 2110 Lexicon
1012 2054 1175 2118 iri-4°,
1203 2054 1407 2109 editum
1437 2050 1631 2119 fuisse,
1659 2050 1886 2117 Kilonii,
1910 2067 2003 2107 an.
2034 2052 2195 2117 1706,
2224 2062 2280 2108 et
2318 2054 2372 2108 in
2418 2053 2580 2110 codd.
2616 2070 2753 2111 mss.
2780 2056 3006 2111 inscribi
3039 2059 3369 2129 quandoque
3404 2056 3597 2115 Pltotii

338 2154 482 2214 patr.
516 2141 624 2198 ΕΡ.
659 2140 1086 2212 Etgmoloyicum
1113 2156 1383 2210 magnum.

598 2276 605 2283 ε
1058 2227 1151 2282 Μ.
1176 2256 1245 2266 -
1271 2226 1350 2281 De
1378 2228 1445 2283 iis
1477 2227 1569 2299 qui
1600 2227 1657 2281 in
1683 2225 2017 2281 elucidandis
2046 2226 2289 2297 operibus
2314 2226 2494 2283 Photii
2523 2225 2863 2282 insudarunt.

401 2324 495 2379 2l°
534 2321 736 2377 Praeter
766 2335 864 2376 eos
890 2320 983 2389 qui
1020 2318 1411 2375 Collectionem
1442 2318 1682 2389 Operum
1715 2317 1893 2372 Pltotii
1937 2326 2339 2386 praepararant,
2362 2316 2628 2371 laudandi
2657 2327 2785 2373 sunt
2829 2318 2995 2373 etiam
3023 2319 3064 2374 ii
3091 2319 3185 2389 qui
3221 2335 3386 2392 opera
3414 2325 3596 2393 parti-

334 2412 544 2471 cularia
569 2412 865 2465 emendare
897 2409 981 2465 vel
997 2409 1273 2464 elucidare
1312 2408 1663 2463 conatisunt.
1694 2404 1749 2461 Si
1785 2405 1919 2461 lides
1949 2402 2244 2458 Annalibus
2291 2401 2751 2471 Trioultiensibus,
2779 2404 3085 2463 Bocrnerus
3118 2409 3185 2463 de
3218 2413 3594 2481 componenda

332 2517 472 2557 nova
502 2498 857 2554 translatione
875 2497 1068 2553 Latina
1086 2496 1440 2568 Hyriobiblii,
1465 2511 1561 2552 seu
1585 2493 1926 2549 Bibliotheca:
1946 2490 2145 2558 Photii,
2167 2491 2443 2560 cogitavit.
2468 2490 2771 2562 (Mémoires
2796 2494 2858 2548 de
2886 2493 3145 2560 Trévoux,
3172 2497 3304 2552 1701
3320 2540 3333 2558 .
3360 2516 3410 2570 p.
3435 2500 3596 2569 28C.)

400 2587 495 2643 22°
528 2586 784 2642 Eamdem
810 2595 1052 2655 spartam
1082 2599 1281 2640 ornare
1310 2591 1548 2654 coeperat
1568 2582 1830 2638 Claudius
1862 2580 2194 2650 Caperonier
2222 2580 2574 2646 Parisiensis,
2603 2581 2824 2650 adjutus
2846 2589 2887 2637 ta
2923 2582 3085 2639 Patre
3128 2583 3493 2643 Tom-nemine
3529 2602 3591 2645 et

330 2675 500 2731 Ellies
521 2675 913 2744 Dupin,etjam
941 2672 1338 2743 quinquaginta
1376 2671 1502 2726 folia
1533 2670 2104 2743 typisimpresscrant,
2127 2668 2349 2738 quando
2364 2667 2425 2723 E.
2452 2669 2624 2740 Dupin
2653 2671 2707 2725 in
2743 2671 2995 2727 exsilium
3026 2675 3226 2730 missus
3271 2687 3352 2731 est
3394 2685 3449 2731 et
3475 2679 3591 2732 edi-

330 2768 405 2819 tio
424 2762 703 2818 derelicta.
726 2759 873 2834 (Vid.
904 2761 1182 2832 Supplem.
1209 2760 1405 2815 Moreri
1426 2760 1586 2825 1749,
1610 2770 1650 2815 t.
1678 2760 1720 2823 l,
1744 2774 1799 2829 p.
1821 2756 1927 2812 228
1962 2765 2017 2812 et
2046 2759 2107 2811 Ι).
2132 2756 2348 2813 Gellier.
2372 2756 2624 2812 Hist.des
2656 2761 2817 2813 écriv.
2847 2761 3059 2823 ecclés.,
3086 2771 3125 2818 t.
3155 2761 3275 2816 XIX
3305 2803 3321 2827 ,
3350 2781 3402 2831 p.
3431 2765 3592 2837 432.)

397 2851 491 2907 23°
529 2848 841 2905 Translatio
866 2847 1071 2906 Gallica
1090 2850 1256 2903 trium
1276 2849 1587 2904 orationum
1620 2847 1796 2902 Photii
1830 2861 1957 2900 cum
2013 2845 2182 2911 notis,
2241 2846 2498 2901 inseritur
2538 2847 2690 2916 operi
2741 2848 2883 2918 quod
2934 2848 3253 2906 inscribitur
3286 2868 3299 2904 :
3344 2850 3592 2909 Histoire

326 2940 388 2993 de
407 2938 731 2993 l'Académie
763 2938 853 2991 des
875 2938 1215 3006 inscriptions
1244 2948 1295 2992 et
1329 2936 1721 3002 belles-lettres,
1755 2944 1796 2990 t.
1826 2932 1966 3002 XVI,
1990 2948 2045 3005 p.
2068 2933 2159 2989 98.
2184 2933 2363 3000 Paris,
2404 2934 2561 2991 1751.
2590 2936 2663 2991 De
2695 2934 2893 2992 Pbotio
2943 2951 3125 2992 sermo
3150 2938 3382 2994 habetur
3409 2942 3464 2996 in
3492 2957 3586 2997 ea-

328 3028 455 3081 dem
486 3025 827 3089 collectione,
862 3034 902 3080 t.
936 3023 1074 3089 XIV,
1115 3040 1169 3095 p.
1197 3024 1301 3079 180
1329 3033 1383 3080 et
1410 3038 1527 3094 seq.
1555 3023 1730 3089 Paris,
1760 3024 1923 3078 1745.

386 3116 481 3172 24°
518 3117 748 3172 Annales
780 3114 1152 3169 Triuultt'enses
1175 3114 1480 3185 (Mémoires
1506 3115 1569 3169 de
1599 3113 1857 3177 Trevoutr,
1892 3128 1947 3183 p.
1980 3112 2141 3179 1944,
2173 3128 2263 3169 an.
2312 3113 2495 3186 1722);
2519 3113 2817 3185 fragmenta
2852 3119 3172 3175 exscribunt
3211 3122 3587 3182 translationis

323 3206 543 3261 Gallicae
573 3204 930 3273 epistolarum
959 3201 1023 3256 11
1056 3211 1112 3256 et
1137 3202 1204 3256 i2
1230 3202 1300 3257 ad
1337 3202 1650 3258 Micltaelem
1674 3200 1738 3257 lll
1759 3201 2027 3271 Bulgaria:
2049 3203 2373 3277 principem,
2397 3218 2562 3275 quam
2597 3208 2844 3264 versibus
2870 3209 3134 3279 scriptam
3168 3211 3340 3265 edidit
3385 3224 3584 3267 auctor

324 3295 512 3351 Gallus
534 3294 638 3348 hoc
665 3292 825 3346 titulo
859 3309 873 3345 :
911 3310 929 3342 ι
978 3289 1242 3344 Maxime:
1280 3307 1415 3360 pour
1448 3292 1504 3345 la
1529 3292 1775 3346 conduite
1801 3291 1875 3345 du
1920 3290 2102 3359 prince
2140 3289 2354 3356 Michel,
2393 3293 2474 3346 roi
2494 3294 2558 3349 de
2585 3292 2874 3367 Bulgarie,
2907 3313 3006 3367 par
3038 3296 3289 3355 Bernard
3321 3299 3583 3371 Théatiu,

326 3384 489 3441 olIert
516 3382 549 3437 ὲ
579 3381 746 3437 Louis
766 3378 883 3447 XV,
910 3378 1088 3445 Paris,
1107 3378 1305 3435 1718.»

1153 3468 1270 3524 XII.
1295 3498 1367 3508 -
1394 3467 1476 3525 De
1510 3470 1578 3525 iis
1605 3473 1695 3542 qui
1726 3481 1847 3528 acta
1882 3481 1932 3529 et
1964 3474 2164 3543 scripta
2202 3474 2382 3531 Photii
2409 3475 2769 3531 elucidarunl.

387 3561 655 3615 Auctores
675 3570 997 3612 enumerare
1027 3556 1120 3624 qui
1148 3557 1216 3612 de
1251 3558 1390 3615 actis
1413 3569 1467 3614 et
1496 3556 1714 3630 scriptis
1742 3561 1919 3618 Photii
1948 3562 2194 3618 noritiam
2218 3564 2497 3625 exhibent,
2528 3564 2613 3616 vix
2649 3562 2905 3630 possibile
2959 3570 3063 3618 est.
3105 3561 3389 3635 Quotquot
3422 3566 3574 3622 enim

324 3647 620 3703 Historiam
648 3645 907 3701 Ecclesia:
928 3645 1013 3700 vel
1048 3644 1345 3700 Historiam
1377 3648 1705 3714 scriptorum
1736 3650 2232 3706 ecclesiasticarum
2266 3651 2604 3719 attigerunt,
2641 3649 2817 3704 Photii
2850 3659 3002 3719 gesta
3040 3661 3376 3707 enarraruut
3421 3661 3476 3707 et
3506 3656 3580 3712 de

323 3738 444 3806 ejus
472 3736 626 3791 libris
653 3736 977 3791 sententiam
1006 3736 1370 3804 protulerunt.
1404 3736 1547 3794 Inter
1574 3748 1785 3795 veteres
1830 3753 2030 3802 nemo,
2066 3737 2208 3793 inter
2245 3738 2578 3795 recentiores
2614 3739 2715 3794 soli
2758 3747 3118 3807 protestantes
3158 3755 3282 3794 eum
3320 3739 3582 3800 laudibus

325 3824 598 3894 prosecuti
632 3833 787 3887 sunt,
822 3836 927 3877 non
957 3822 1105 3894 quod
1138 3821 1293 3880 laude
1324 3824 1524 3896 dignus
1556 3825 1645 3894 sit,
1681 3826 1772 3883 sed
1798 3828 1928 3897 quia
1963 3826 2149 3882 sedem
2185 3830 2540 3897 apostolicam
2564 3866 2581 3894 ,
2605 3842 2768 3898 quam
2802 3827 2905 3896 ipsi
2943 3826 3070 3882 odio
3097 3827 3333 3894 habent,
3395 3834 3578 3887 auda-

326 3918 441 3965 cter
464 3922 755 3977 aggressus
782 3916 887 3963 est.

392 3996 465 4050 Ea
491 4011 613 4065 quae
640 4011 669 4050 a
702 3996 895 4051 Pbotio
923 3996 1007 4051 vel
1043 3997 1098 4052 in
1128 3997 1249 4069 ejus
1278 4013 1446 4055 causa
1475 4006 1625 4070 gesta
1669 4010 1801 4055 sunt
1832 3999 1953 4058 fuse
1978 4011 2201 4058 enarrat
2236 4004 2525 4068 Barouius,
2560 4005 2722 4075 cujus
2765 4004 2911 4061 dicta
2959 4007 3249 4062 conﬁrmat
3285 4004 3486 4079 Pagius
3520 4009 3579 4066 in

200 4092 208 4099 ‘
320 4084 463 4139 notis
492 4081 608 4138 suis
634 4083 701 4137 ad
732 4082 927 4138 Annal.
957 4084 1192 4149 Baronii,
1224 4086 1446 4142 Multam
1474 4088 1650 4143 lucem
1679 4089 1765 4145 his
1792 4090 1956 4161 gestis
1985 4092 2272 4147 allundunt
2302 4095 2466 4149 etiam
2494 4104 2614 4148 acta
2644 4094 3025 4150 conciliorum.

386 4170 462 4227 De
486 4171 643 4226 libris
673 4171 850 4228 Photii
874 4181 1128 4229 accurate
1158 4173 1496 4244 scripserunt
1521 4174 1792 4241 Labbeus,
1829 4177 1993 4244 Cave,
2025 4179 2293 4244 Oudinus,
2323 4181 2378 4237 .l.
2402 4184 2469 4237 Α.
2497 4182 2800 4245 Fabricius,
2836 4182 3033 4253 Dupin,
3076 4185 3208 4239 Dom
3234 4183 3451 4249 Cellier,
3479 4197 3535 4243 et
3560 4227 3576 4253 ,

320 4269 379 4314 ut
410 4259 595 4325 audio,
641 4262 809 4315 etiam
857 4262 1145 4317 Dositbeus
1180 4264 1489 4332 patriarcha
1533 4263 2081 4337 Hierosolymitanus,
2107 4284 2206 4341 pro
2254 4268 2478 4338 Gmcis,
2506 4271 2561 4326 in
2606 4270 2930 4326 Praefatione
2975 4273 3272 4330 voluminis
3304 4275 3451 4345 quod
3488 4276 3545 4331 in

321 4347 581 4403 scribitur
609 4347 786 4420 Τόμος
810 4351 1008 4420 χαρᾶς,
1043 4364 1189 4406 anno
1224 4350 1363 4405 1705
1397 4352 1539 4423 typis
1567 4351 1721 4408 editi.

2162 4446 2340 4515 B""‘,
2381 4448 2415 4505 8
2449 4448 2752 4505 decembris
2805 4448 2967 4507 1860.
