3916 6192
389 218 456 286 11
1553 223 1633 282 ΙΝ
1670 223 1808 282 AMl
1835 219 2000 283 illL(

2108 224 2212 284 llA
2245 223 2508 287 PHOTII
3617 223 3690 293 12

382 346 509 388 rum
538 340 593 387 et
609 331 1005 386 catholicarum
1046 331 1412 402 Epistolarum
1439 344 1814 403 exponuntur.
1845 335 1984 390 Phi-
2011 338 2064 398 Α
2088 338 2305 394 ratione
2345 355 2446 394 nec
2477 338 2592 409 pari
2623 338 2881 395 felicitate
2918 339 3306 406 enucleantur,
3333 337 3689 409 quemadmo-

384 425 650 496 lologicas
689 441 832 496 sape
863 428 1281 481 observationes
1335 427 1541 496 profert
1573 429 1800 484 Photius
1845 429 1989 500 (69),

394 521 658 592 reliquias
691 523 982 577 nonnullas
1008 523 1363 594 antiquarum
1398 526 1720 579 versiouum
1755 527 1989 596 Aquilae,

388 613 706 685 Symmachi
740 623 796 668 et
824 614 1220 671 'l‘hcodotionis
1243 617 1401 672 nobis
1430 619 1743 688 suppeditat
1767 620 1910 690 (73),
1939 632 1996 675 et

389 702 636 757 sobriam
699 705 1026 773 plerumque
1084 707 1338 772 sequitur
1392 707 1786 778 interpretandi
1823 712 1996 764 ratio-

390 810 541 860 nem,
569 811 676 864 qua
711 797 1150 866 allegoristarum
1181 799 1654 855 immoderantiam
1683 812 1735 856 et
1766 817 1994 872 perver-

389 888 606 942 sitatem
626 890 1144 960 respuitaecastigat
1161 891 1272 961 (7|)
1309 907 1484 961 neque
1504 904 1679 946 tamen
1701 897 1995 964 mysticum

391 996 614 1036 sensum
664 983 941 1052 reprobat.
977 982 1093 1037 Iino
1145 999 1523 1052 saepenumero
1557 987 1768 1041 Veteris
1795 986 1996 1043 Testa-

394 1073 563 1126 menti
601 1074 709 1143 lypi
745 1074 849 1127 late
880 1073 1176 1127 admodum
1201 1076 1702 1149 illustrantur(7"2),
1723 1088 1775 1132 et
1800 1079 1996 1135 litterae

401 1163 666 1233 spiritus,
720 1166 1011 1235 γράμματι
1067 1165 1305 1235 πνεῦμα,
1360 1166 1644 1236 praefertur
1683 1169 1820 1241 (75).
1879 1168 1996 1224 Non

390 1257 822 1325 cunctaquidem
861 1257 1258 1320 solidewerum
1279 1261 1539 1329 pleraque
1574 1262 1859 1330 perspicue
1906 1279 2001 1317 ex-

397 1351 724 1420 planantur;
755 1353 992 1407 varietas
1017 1363 1200 1408 tamen
1237 1367 1290 1408 et
1333 1367 1593 1411 constans
1622 1358 1998 1427 antiquiorum

394 1459 526 1497 usus
560 1444 659 1497 hos
685 1447 1111 1502 commentarios
1134 1464 1252 1502 exet
1269 1458 1500 1512 nant,ex
1522 1450 1721 1518 quibus
1742 1451 1998 1518 plurima,

394 1553 516 1606 qu:e
543 1537 696 1592 Pauli
747 1538 1016 1610 Epistolas
1044 1542 1338 1607 illustrant,
1363 1544 1572 1598 scholia
1602 1544 1656 1598 in
1676 1544 2001 1600 OEcumenii

396 1632 825 1686 commentarios
873 1633 1230 1690 transierunt.

2099 431 2229 486 dum
2256 448 2357 488 nec
2388 433 2587 488 desunt
2619 432 2910 497 Diatriba’,
2939 433 2994 488 in
3025 434 3228 503 quibus
3263 431 3492 487 Photius
3523 432 3691 488 nimis

2099 540 2202 580 suo
2233 525 2450 597 ingenio
2467 526 2709 597 indulget
2726 537 2782 582 et
2811 527 2972 582 modo
2992 526 3277 582 brevitatis
3294 527 3497 590 studio,
3520 527 3685 579 modo

2099 617 2391 672 verborum
2408 619 2912 689 sententiarumque
2928 621 3080 689 copia
3103 619 3374 673 obscurus
3400 618 3476 673 fit.
3499 615 3689 686 Neque

2101 709 2374 766 scribendi
2425 725 2598 782 genus
2622 710 2813 766 eodem
2853 711 3086 781 judicari
3132 713 3295 765 modo
3327 719 3538 779 potest.
3573 718 3688 762 tum

2101 804 2244 874 quod
2272 818 2338 858 ex
2367 811 2446 858 tot
2487 801 2806 858 auctoribus
2845 805 3005 874 plane
3031 804 3262 859 diversis
3313 802 3693 872 singularique

2100 893 2431 948 elocutionis
2451 892 2626 948 forma
2645 893 2919 948 distinctis
2937 893 3168 963 plurima
3185 892 3427 946 deriVata
3444 889 3690 951 fuerunt,

2103 996 2218 1042 tum
2244 988 2390 1058 quod
2425 987 2539 1056 ipse
2561 987 2814 1049 Photius,
2843 987 2937 1056 qui
2964 997 3071 1040 tam
3116 985 3391 1055 ingentem
3423 984 3692 1037 librorum

2103 1082 2314 1150 copiam
2342 1080 2640 1140 evolverat,
2674 1096 2703 1133 a
2754 1079 2956 1149 seipso,
2981 1079 3125 1148 quod
3152 1079 3218 1132 ad
3243 1078 3536 1132 dictionem
3563 1090 3695 1144 spe-

2101 1180 2232 1228 ctat.
2253 1169 2528 1223 interdum
2553 1169 2843 1237 discrepat.
2869 1170 3012 1222 Sane
3031 1169 3434 1237 nemoignorat,
3452 1173 3694 1237 quanto-

2102 1273 2228 1326 pere
2259 1257 2665 1312 eruditissimus
2703 1258 2784 1309 vir
2809 1272 2838 1309 a
2870 1258 3098 1312 candida
3135 1260 3438 1327 priscorum
3473 1258 3692 1312 Attico-

2105 1362 2226 1399 rum
2273 1348 2625 1416 simplicitate
2658 1357 2712 1401 et
2734 1348 3029 1417 'elegantia
3059 1347 3372 1411 deflexerit,
3411 1365 3697 1420 quamque

2104 1455 2230 1492 raro
2263 1440 2537 1507 puriorem
2568 1439 2720 1492 illum
2749 1439 2967 1494 dicendi
2989 1441 3206 1494 modum
3237 1442 3502 1510 attigerit,
3527 1457 3693 1512 quem

2105 1546 2163 1586 se
2195 1533 2408 1601 plurimi
2467 1530 2647 1586 facere
2683 1547 3059 1601 saepenumero
3113 1541 3467 1601 protestatur,
3501 1547 3698 1602 quem-

2107 1640 2213 1693 que
2243 1624 2520 1693 discipulis
2570 1634 2831 1695 tanquam
2879 1629 3182 1682 studiorum
3213 1637 3412 1684 metam
3439 1629 3698 1699 proponit

467 1717 556 1771 12.
598 1719 678 1772 Ad
723 1721 953 1776 alteram
990 1723 1187 1778 seriem
1223 1724 1367 1794 quod
1414 1725 1630 1793 attinet,
1670 1728 1890 1784 circiter
1923 1730 1993 1786 50

2108 1720 2575 1790 prosequendum.
2615 1720 2804 1775 Oratio
2834 1720 2954 1790 ejus
2987 1737 3128 1792 saepe
3176 1697 3452 1791 ampullas
3477 1697 3698 1792 proiicit

395 1811 732 1876 qu:estiones
767 1826 1093 1884 argumenta
1133 1817 1442 1888 dogmalica
1475 1832 1907 1891 prosequuntur.
1931 1823 1990 1879 ln

395 1905 482 1959 his
514 1909 775 1978 mysteria
797 1909 1082 1967 Trinitatis
1103 1925 1158 1968 et
1188 1915 1585 1972 incarnationis
1617 1919 1856 1988 primum
1885 1920 1990 1975 sibi

396 1997 580 2053 locum
611 2002 907 2068 vindicant,
937 2005 1004 2059 de
1025 2007 1454 2078 quihus'szepius
1488 2012 1624 2082 (74),
1683 2013 1788 2067 etsi
1827 2013 1995 2068 inter-

397 2092 526 2145 dum
581 2095 839 2151 subtilius
873 2114 1038 2168 quam
1094 2101 1277 2156 verius
1301 2142 1316 2167 ,
1348 2102 1675 2170 disseritur;
1712 2104 1996 2174 polentica:

400 2197 620 2252 quoque
650 2186 702 2239 in
727 2186 949 2244 Latinos
976 2189 1228 2246 Diatriba:
1249 2210 1356 2246 non
1376 2195 1593 2260 desunt,
1617 2197 1820 2267 quibus
1845 2214 1996 2266 quac-

399 2276 524 2329 dam
554 2293 744 2333 eorum
775 2279 843 2334 de
869 2285 1217 2350 proccssione
1249 2283 1484 2355 Spiritus
1525 2289 1705 2344 sancti
1735 2305 1802 2343 ex
1836 2289 1998 2345 Patre

399 2364 649 2438 Filioque
671 2381 996 2439 argumenta
1023 2373 1361 2443 impetuntur
1399 2376 1535 2447 (75).
1560 2377 1849 2434 Tractatus
1865 2395 2000 2435 vero

401 2458 481 2513 De
521 2463 883 2518 voluntatibus
929 2468 1188 2536 gnomicis
1226 2469 1414 2523 subtili
1465 2472 1886 2541 argumentandi
1945 2481 2000 2527 et

401 2553 711 2623 argutiendi
750 2558 912 2611 modo
959 2556 1122 2615 facile
1169 2569 1400 2617 caeteros
1427 2574 1670 2634 superat.
1722 2563 1994 2621 Praeterea

401 2645 600 2717 dogma
648 2649 715 2702 de
748 2651 1056 2706 aeternitate
1099 2668 1388 2722 poenarum
1437 2656 1785 2722 defenditur,
1835 2659 1999 2713 realis

401 2736 609 2794 Christi
669 2741 724 2796 in
779 2743 1129 2802 Eucharistia
1179 2750 1508 2818 praesentia,
1573 2751 1880 2820 baptisnms
1942 2754 1995 2807 in

402 2827 691 2887 Trinitatis
727 2842 941 2891 tantum
973 2838 1196 2893 nomine
1218 2839 1712 2908 administrandus,
1735 2852 1997 2912 perpetua

402 2919 578 2978 beata:
631 2923 814 3008 Mariae
852 2929 1138 3001 virginitas
1193 2929 1338 2987 haud
1379 2931 1678 3002 incongrue
1718 2934 2000 2990 vindican-

406 3024 497 3070 tur
533 3015 674 3084 (76).

477 3108 568 3162 15.
604 3107 791 3164 Tertio
813 3110 1030 3166 demum
1050 3113 1170 3169 loco
1198 3115 1430 3170 veniunt
1453 3115 1656 3172 diversi
1687 3119 1996 3187 argumenti

404 3203 757 3271 quzestiones.
792 3203 949 3258 Modo
986 3205 1301 3262 Aristotelis
1335 3209 1640 3279 categorias
1672 3210 1809 3280 (77),
1835 3213 2000 3267 modo

403 3293 632 3350 Patrum
665 3297 740 3365 (et
769 3298 988 3367 quidem
1020 3299 1270 3371 Gregorii
1316 3301 1676 3368 Nazianzeni,
1719 3303 1909 3376 Cyrilli
1946 3315 2002 3360 et

404 3385 630 3445 Joannis
673 3387 922 3457 Climaci)
966 3389 1110 3445 dicta
1143 3391 1259 3462 (78)
1315 3403 1716 3448 commentatur
1753 3394 1998 3450 Photius.

404 3479 488 3538 Ad
534 3482 816 3536 historiam
847 3482 1166 3539 litterariam
1199 3495 1446 3554 speetant
1484 3503 1607 3556 qua:
1656 3486 1724 3543 de
1767 3488 2002 3544 Asteriis

406 3583 462 3627 et
487 3572 554 3627 de
587 3573 826 3628 Eusebio
855 3573 1181 3637 Caesariensi
1212 3577 1458 3647 disputat
1491 3579 1639 3650 (79);
1682 3580 1748 3634 ad
1783 3583 1997 3652 mytho-

410 3666 606 3741 logiam
643 3683 766 3737 quae
805 3671 870 3722 de
919 3667 1150 3724 Hercule
1188 3671 1490 3727 Amaltheae
1531 3689 1702 3728 cornu
1755 3685 2004 3744 gestante

409 3761 652 3823 disserit,
686 3763 751 3815 ad
779 3762 1133 3831 philologiam
1167 3763 1350 3819 brevis
1379 3766 1446 3820 de
1479 3767 1626 3821 verbi
1650 3767 1766 3837 εἰμι
1795 3768 2001 3823 redun-

410 3851 596 3910 dantia
613 3859 879 3906 tractatus
908 3853 1045 3919 (80).
1072 3853 1332 3909 Rationes
1348 3856 1835 3928 quadragesimalis
1859 3859 2004 3928 jeju-

411 3947 489 4001 nii
515 3955 568 4001 et
597 3955 813 4002 statuta:
853 3947 922 4001 ab
956 3946 1200 4004 Ecclesia
1253 3950 1673 4020 irregularitatis
1695 3969 1760 4009 ex
1789 3954 2004 4009 defectu

411 4040 664 4109 corporis
689 4041 951 4110 exquirit,
981 4041 1046 4097 de
1075 4041 1214 4098 ideis
1251 4041 1551 4101 Platonicis
1572 4088 1587 4110 ,
1623 4047 1692 4102 de
1723 4063 1924 4117 genere
1950 4055 2004 4102 et

415 4133 618 4202 specie,
645 4134 711 4188 de
747 4132 1078 4205 Sibyllarum
1101 4151 1355 4202 numero,
1388 4138 1455 4194 de
1493 4151 1768 4210 magnete,
1793 4139 1860 4194 de
1875 4140 2004 4194 anni

412 4225 608 4288 initiis,
627 4226 694 4280 de
715 4225 992 4295 Kalendis,
1024 4227 1195 4286 Nonis
1219 4240 1274 4286 et
1302 4230 1486 4288 Idibus
1513 4233 1747 4304 aliisque
1769 4235 2006 4289 breviter

415 4319 529 4390 agit
560 4317 692 4389 (81).
727 4319 830 4375 Tot
886 4336 951 4378 ac
1004 4331 1112 4380 tam
1158 4323 1377 4379 diversa
1425 4336 1750 4396 argumenta
1809 4327 2004 4396 partim

2095 1821 2457 1882 ornatumque
2500 1813 2732 1867 nitnium
2769 1812 3034 1880 alIeCtat;
3069 1814 3196 1867 alihi
3243 1814 3428 1868 rudior
3461 1821 3699 1884 apparet

2101 1916 2266 1976 atque
2297 1906 2448 1961 humi
2492 1907 2887 1978 propemodum
2915 1911 3383 1978 repens;concisa
3417 1908 3704 1963 interdum

2103 2000 2515 2054 dialecticorum
2550 2016 2722 2062 more.
2756 2001 2893 2056 alias
2920 2003 3202 2054 rhetorum
3233 2002 3556 2069 posterioris
3588 2002 3691 2055 invi

2097 2091 2325 2147 floribus
2357 2093 2498 2147 haud
2544 2095 2682 2148 bene
2712 2093 2978 2162 colligatis
3015 2109 3180 2163 supra
3217 2094 3437 2148 modum
3469 2109 3697 2149 onmem

2098 2185 2320 2252 referta,
2349 2187 2511 2240 modo
2540 2186 2686 2241 clara
2723 2187 2950 2240 omnino
2981 2195 3034 2241 et
3061 2187 3372 2256 perspicua,
3400 2187 3561 2240 modo
3589 2185 3704 2242 ob-

2096 2279 2415 2334 scuriSsima
2441 2290 2494 2334 et
2519 2280 2668 2334 otnni
2699 2281 2871 2350 gratia
2895 2280 3151 2335 destituta
3188 2279 3325 2350 (82).
3353 2278 3698 2350 Versipellex

2101 2371 2268 2427 homo
2297 2373 2438 2444 stylo
2472 2387 2690 2443 quoque
2718 2387 2842 2428 sese
2863 2371 3072 2443 prodit.

2173 2552 2262 2607 15.
2303 2551 2440 2608 illud
2477 2551 2697 2607 demum
2748 2551 3123 2616 moliendum,
3164 2551 3428 2607 nonnulla
3464 2566 3573 2606 non
3624 2551 3701 2606 ad

2103 2647 2386 2702 catholicae
2417 2647 2677 2701 doctrinm
2723 2661 2969 2700 normam
3009 2662 3112 2701 nec
3157 2657 3414 2701 accurate
3453 2655 3509 2700 et
3537 2654 3708 2701 caute

2103 2741 2241 2795 satis
2272 2740 2540 2808 disputari
2565 2749 2619 2793 et
2652 2739 2904 2794 abstrusa
2932 2739 3180 2809 quaalam
3207 2755 3273 2794 ex
3306 2739 3706 2810 areOpagitieis

2103 2836 2323 2906 scriptis
2371 2837 2568 2890 hausta
2623 2834 2676 2888 in
2712 2834 3040 2904 Dagmaticis
3089 2833 3336 2886 diatribis
3385 2834 3698 2898 contineri,

2101 2945 2223 2999 qua:
2262 2944 2450 2984 Sanam
2502 2929 3004 3004 interpretationem
3027 2968 3043 2992 ,
3091 2927 3194 2982 etsi
3223 2943 3330 2982 non
3364 2927 3697 2992 excludere,

2025 3052 2067 3109 ο
2104 3037 2347 3082 attamen
2377 3025 2653 3081 difﬁcilem
2689 3025 2915 3079 omnino
2955 3024 3181 3078 reddere
3211 3023 3522 3078 videantur.
3572 3021 3703 3077 Non

2107 3136 2170 3174 ea
2198 3128 2446 3180 tantum,
2496 3133 2620 3187 quae
2672 3118 2738 3170 ad
2794 3116 3227 3171 controversiam
3267 3114 3494 3170 Latinos
3555 3115 3710 3168 inter

2106 3221 2270 3280 atque
2299 3209 2521 3265 Graecos
2564 3210 2847 3278 agitatam,
2883 3222 3002 3270 seu,
3033 3215 3093 3260 ut
3138 3207 3344 3261 rectius
3379 3205 3708 3275 loquamur,

2108 3305 2173 3359 ad
2201 3305 2395 3374 dogma
2432 3302 2499 3356 de
2534 3301 2770 3370 Spiritus
2797 3298 2971 3354 Sancti
3003 3314 3070 3352 ex
3104 3299 3263 3352 Patre
3289 3297 3538 3368 Filioque
3565 3313 3708 3367 pro-

2109 3398 2360 3452 cessione
2387 3394 2722 3457 referuntur,
2751 3407 2941 3446 verum
2979 3401 3035 3446 et
3063 3393 3314 3462 quiedam
3349 3391 3475 3453 alia,
3496 3406 3618 3458 quae
3642 3390 3706 3445 in

2110 3489 2263 3544 hisce
2287 3486 2685 3558 quaeStionibus
2715 3493 3037 3548 occurrunt,
3071 3485 3188 3538 suis
3211 3483 3531 3553 plerumque
3563 3482 3714 3537 locis

2109 3584 2178 3637 ab
2201 3581 2508 3636 editoribus
2531 3581 2792 3633 adnotata
2825 3593 2854 3632 a
2881 3576 3144 3648 gravibus
3176 3591 3240 3629 ac
3269 3576 3510 3629 cordatis
3541 3577 3712 3644 theo-

2111 3674 2251 3744 logis
2286 3673 2387 3727 hac
2418 3673 2472 3726 in
2524 3683 2678 3742 parte
2720 3671 3136 3741 perstringenda
3183 3680 3331 3724 sunt.
3366 3668 3711 3723 Locutioncs

2111 3782 2253 3836 saepe
2276 3767 2344 3819 ab
2372 3765 2744 3820 ccclesiaStico
2775 3763 3034 3832 loquendi
3080 3778 3180 3816 usu
3206 3761 3460 3815 diﬂ‘erunt
3493 3771 3547 3815 et
3571 3761 3716 3817 ditii-

2111 3858 2408 3914 cultatihus
2437 3865 2567 3911 sunt
2594 3857 2862 3918 obnoxiae,
2891 3869 3124 3925 quarum
3160 3862 3342 3907 tamen
3378 3853 3552 3922 major
3576 3870 3716 3923 pars

2111 3959 2421 4020 opportune
2455 3964 2521 4002 ex
2555 3948 2680 4002 aliis
2721 3947 2902 4000 Photii
2943 3946 3080 4001 locis
3121 3944 3322 4016 exponi
3363 3946 3581 4014 poterit.
3611 3945 3718 4000 Sic

2111 4044 2334 4114 quando
2362 4043 2429 4097 de
2454 4041 2677 4096 Christo
2711 4040 2964 4110 loquens.
3011 4057 3030 4089 1
3058 4035 3172 4092 Non
3200 4049 3380 4093 tamen
3423 4038 3714 4093 hominem

2113 4138 2286 4194 Deum
2346 4136 2596 4200 facimus,
2663 4135 2861 4206 inquit,
2923 4133 3066 4188 absit
3122 4132 3270 4201 (85),
3305 4152 3325 4185 ι
3368 4133 3420 4186 id
3479 4133 3720 4189 sinistre

2114 4231 2288 4302 accipi
2336 4229 2547 4300 nequit,
2573 4243 2698 4284 cum
2729 4228 3001 4283 sexcentis
3032 4226 3168 4280 locis
3197 4225 3423 4280 Photius
3450 4241 3608 4279 suam
3636 4225 3714 4280 de

2114 4323 2492 4379 incarnatione
2529 4321 2834 4377 doctrinam
2886 4317 3195 4372 luculenter
3233 4328 3490 4388 exponat.
3549 4317 3715 4388 Saepe

416 4411 746 4468 brevissima
774 4415 1134 4483 responsione
1164 4418 1360 4486 partim
1386 4419 1597 4489 prolixa
1620 4421 2006 4476 dissertatione
2034 4434 2087 4493 ι)
2111 4416 2317 4471 erroris
2357 4413 2564 4468 umbrae
2589 4413 2834 4481 quaedam
2861 4412 3115 4463 lectorem
3152 4406 3377 4472 feriunt,
3419 4423 3544 4462 raro
3575 4425 3718 4462 vero

414 4505 523 4562 hoc
553 4507 1059 4576 Amphilochiorutn
1090 4527 1258 4584 opere
1296 4509 1527 4570 Photius
1566 4514 1772 4570 evolvit
1797 4524 1852 4570 et
1877 4515 2007 4569 illu-

413 4599 632 4655 stravit.

491 4693 579 4746 14.
624 4693 678 4746 lo
715 4703 864 4748 tanta
902 4711 1084 4751 rerum
1109 4698 1678 4770 disceptationumque
1709 4701 1854 4756 mole
1900 4703 2008 4757 mi-

416 4801 540 4839 rum
567 4771 700 4841 sane
735 4788 878 4844 haud
910 4799 1014 4854 est,
1039 4794 1184 4861 quod
1219 4809 1329 4846 non
1361 4794 1546 4848 omnia
1570 4793 1759 4848 eadem
1783 4811 2011 4864 prorsus

491 4937 604 5012 ({ifl)
642 4937 704 5012 Υ.
733 4956 814 5010 gr.
845 4957 902 5012 q.
944 4942 998 5006 l,
1026 4940 1120 5009 21,
1161 4941 1286 4998 155.

490 5010 606 5082 (70)
648 5011 708 5065 ν.
744 5029 828 5076 gr.
851 5010 906 5080 εἰ.
931 5013 1020 5066 42.

488 5081 604 5154 (711
637 5083 702 5154 ρ.
727 5082 796 5154 70
828 5083 977 5154 (Mai,
1019 5084 1054 5138 ι.
1087 5100 1160 5149 c.,
1193 5099 1248 5154 p.
1283 5083 1398 5154 85).

740 5153 1024 5229 i’il6_(_lllai,
1072 5153 1631 5229 p.A156)7;»295A(Mai,
1655 5155 1901 5229 9.-149).

515 5225 609 5296 '75)
639 5223 705 5290 Q.
735 5224 804 5278 59
833 5224 983 5294 (Mai,
1012 5223 1225 5294 p.767):
1259 5227 1367 5281 ‘265
1401 5226 1551 5296 (Mai,
1595 5223 1827 5296 p.129).

415 5291 606 5420 25(74)
641 5298 706 5362 ρ.
741 5291 866 5359 171,
924 5291 1024 5360 181
1057 5291 1199 5368 seq.',
1234 5297 1365 5364 195,
1400 5291 1686 5365 195225,
1718 5291 1846 5362 22⁷5,
1873 5298 2017 5354 228-

493 5435 608 5508 (75)
645 5437 736 5508 Sic
762 5435 1012 5492 refellere
1035 5448 1269 5495 conatur
1287 5449 1672 5508 argumentum
1698 5457 1761 5494 ex
1786 5439 2011 5494 Patrum

421 5505 1183 5583 19011ῑὶοηί1111811-851117111111111,
1208 5505 1410 5580 quibus
1429 5510 1664 5580 Spiritus
1694 5510 1816 5566 Filii
1836 5513 2019 5583 imago

425 5577 734 5652 dicitur”.
758 5578 900 5646 235;
929 5577 1060 5643 Mai,
1095 5597 1151 5650 p.
1191 5577 1337 5651 115),
1379 5577 1766 5652 argumentum
1792 5599 1858 5639 ex
1890 5577 2019 5637 mis-

425 5648 583 5724 sione
603 5648 927 5724 derivatum
963 5655 1042 5722 (q.
1069 5648 1192 5718 188)
1223 5648 1537 5724 ac;demitm
1592 5653 1724 5724 illud
1772 5669 2016 5724 quoque,

429 5721 652 5794 quodin
679 5719 946 5779 Photiana
971 5719 1264 5796 liypothesi
1287 5722 1487 5779 Filium
1519 5732 1574 5780 et
1605 5719 1871 5796 Spiritum
1898 5719 2014 5780 fra-

2111 4508 2285 4580 aperti
2316 4522 2554 4563 errores.
2591 4506 2697 4558 Sed
2746 4505 2859 4573 jam
2894 4503 2959 4557 ad
2991 4503 3291 4572 pleniorem
3322 4504 3496 4558 nostri
3523 4504 3720 4573 operis

2112 4602 2384 4666 notitiam,
2420 4600 2486 4654 ad
2510 4615 2570 4655 ea
2619 4611 2741 4666 qua:
2770 4596 2836 4650 ad
2865 4604 3184 4666 praesentem
3206 4595 3499 4650 editionem
3519 4597 3712 4649 subsi-

2111 4691 2201 4746 dia
2254 4701 2418 4762 atque
2457 4689 2787 4743 adminicula
2831 4687 3224 4757 praistiterunt,
3279 4688 3528 4741 animum
3584 4703 3716 4742 ver-

2114 4793 2315 4840 tamus.

2114 4948 2226 5013 tres
2258 4939 2374 5013 fore
2403 4942 2683 4997 contendit
2719 4940 2798 5013 (q.
2835 4941 2950 5011 ‘28).

2188 5010 2302 5082 (76)
2339 5011 2522 5078 0.13.
2554 5013 2646 5072 45.
2675 5010 2773 5074 75.
2807 5010 2932 5067 171.

2186 5083 2298 5152 (77)
2327 5084 2393 5149 ρ.
2429 5083 2552 5147 157,
2588 5084 2709 5138 147.

2186 5152 2299 5222 (78)
2340 5159 2406 5220 o.
2443 5154 2533 5217 78,
2560 5155 2688 5219 255,
2723 5152 2849 5218 215,
2885 5152 3013 5209 275.

2188 5227 2300 5294 (79)
2337 5231 2401 5291 υ.
2434 5226 2560 5290 512,
2585 5225 2712 5280 221.
2828 5243 2837 5252 ~

2187 5298 2298 5364 (80)
2336 5296 2401 5363 ρ.
2440 5298 2561 5359 106,
2588 5296 2712 5349 1117.

2185 5368 2300 5438 (81)
2334 5369 2398 5432 ρ.
2433 5369 2558 5432 150,
2591 5369 2680 5434 20,
2711 5366 2798 5431 77,
2837 5365 3110 5433 150,151,
3139 5368 3263 5429 554,
3288 5368 3417 5422 212.

2188 5439 2300 5511 (82)
2333 5439 2418 5511 Cl.
2441 5455 2650 5511 eaquae
2679 5440 2919 5511 diximus
2951 5441 3000 5491 in
3026 5439 3618 5494 Animadversionibus
3639 5438 3711 5495 ad

2115 5508 2296 5636 911ῖέ111
2363 5509 2441 5564 De
2488 5509 2700 5581 Spiritu
2748 5508 2810 5565 S.
2871 5522 3202 5583 mystagogta
3260 5511 3485 5577 librum,
3562 5511 3596 5586 §
3649 5513 3709 5579 1,

2118 5602 2174 5636 11.
2252 5622 2265 5635 .

2118 5602 2174 5639 ΙΙ.
2211 5602 2265 5636 δ.

2188 5652 2301 5726 (85)
2331 5652 2418 5709 Cf.
2446 5669 2502 5726 q.
2548 5653 2670 5710 181.
