3916 6192
191 214 214 281 Ῑ
233 216 257 281 1
1516 226 1925 289 PROLEGOM
1934 229 2077 288 ENA
2088 274 2102 290 .
3396 229 3468 295 18

188 330 241 384 in
280 344 337 384 re
372 329 707 399 praestiterit,
761 332 1000 388 nondum
1043 335 1323 405 potuimus
1370 343 1629 407 reperire.
1660 339 1764 394 Re~
1795 349 1841 402 Λ
1873 339 1900 412 ς
1935 339 2021 395 Vl.
2052 339 2215 395 -οε
2242 339 2491 409 prwsenti
2518 338 3080 407 Amphilochianarum
3114 342 3466 410 quastionum

188 422 302 492 ipsa
349 422 549 477 saeculo
608 422 814 480 decimo
856 435 1055 495 Octavo
1088 437 1323 483 exeunte
1361 430 1465 485 1‘28
1523 432 1773 487 diatribae

186 530 250 569 ex
288 513 669 584 Αηῳίιίιοοιηξδ
699 519 989 587 ρδὺιίωιιῖε
1015 518 1232 576 fuerunt
1270 540 1285 577 :
1316 522 1373 576 71
1432 523 1574 595 apud
1621 524 1773 578 Mon-

188 611 449 661 tacutium
494 623 508 660 :
548 607 581 662 8
600 608 738 675 apud
763 606 813 662 J.
848 607 1172 681 Basnagiom
1202 611 1339 682 (30).
1369 612 1404 666 2
1435 612 1578 684 apud
1605 613 1772 669 Com-

190 697 461 762 belisiu'n,
508 715 614 755 una
644 703 788 771 apud
843 700 1322 760 Montefalconium
1355 706 1491 778 (31),
1527 707 1596 762 46
1625 706 1771 778 apud

192 782 474 842 thlﬁlim.

252 879 346 934 Q3.
372 880 583 936 Saecqu
602 880 821 937 demum
845 890 1037 939 nostro
1062 884 1129 941 A.
1154 885 1375 943 Scottus
1398 887 1507 959 (32)
1532 886 1768 957 primum

190 970 248 1023 17
284 972 617 1040 quatstioncs
666 988 835 1030 novas
884 974 1034 1031 dedit
1081 994 1191 1033 una
1249 994 1372 1033 cum
1426 980 1555 1042 alia,
1601 995 1768 1048 quam

182 1063 548 1121 Combelisius
579 1066 826 1122 mutilam
856 1068 1103 1135 dederat,
1127 1078 1486 1139 quaestionem
1517 1071 1771 1127 videlicet

179 1163 372 1209 contra
413 1152 732 1227 Ubiquistas
788 1158 920 1224 (33).
960 1161 1224 1230 'Angelus
1284 1176 1413 1216 vero
1475 1162 1770 1217 cardinalis

178 1246 357 1306 Maius
392 1248 493 1304 150
541 1266 714 1305 novas
754 1254 1088 1320 quaestiones
1128 1254 1402 1324 evulgavit
1448 1255 1599 1324 (31);
1647 1271 1771 1326 qua:

178 1354 312 1394 vero
346 1340 523 1410 reipsa
558 1344 739 1395 solum
772 1342 875 1397 147
920 1343 1290 1410 constituunt,
1322 1360 1444 1399 cum
1471 1345 1631 1413 inter
1673 1346 1771 1401 has

178 1428 422 1498 tresjam
450 1439 610 1485 antea
641 1431 847 1487 fuerint
876 1435 1164 1503 publicatae
1190 1435 1326 1506 (55).
1352 1433 1492 1490 llinc
1520 1451 1553 1491 a
1578 1439 1769 1492 Scotto

175 1531 230 1573 et
270 1519 414 1574 Maio
448 1522 549 1577 164
582 1525 910 1593 quaestiones
954 1525 1094 1579 datae
1127 1534 1279 1592 sunt,
1324 1542 1449 1597 quae
1477 1542 1604 1583 cum
1652 1527 1767 1584 illis

180 1612 284 1666 128
318 1613 426 1683 jam
461 1626 620 1670 antea
652 1616 814 1671 editis
845 1616 1053 1672 faciunt
1089 1617 1219 1672 292.

2545 412 2802 465 editione.

1942 590 2034 645 9.6.
2071 589 2562 645 Eminentissimus
2603 588 2776 644 Maius
2806 600 3114 659 postremas
3144 598 3365 645 centum
3414 601 3471 647 et

1871 683 2095 755 trtginta
2128 681 2461 750 quaestiones
2494 680 2637 750 typis
2685 680 2954 735 mandans
2996 681 3285 735 censuisse
3314 679 3466 734 vide-

1873 782 1980 836 t-tr,
2013 787 2074 826 se
2122 787 2269 827 nunc
2317 772 2525 831 omnia,
2576 786 2697 838 quae
2746 770 2986 825 nondum
3030 772 3174 825 edita
3225 770 3469 835 fuerant,

1870 863 2242 935 Amphilochia
2292 862 2493 933 publici
2539 861 2682 932 juris
2730 860 2926 917 fecisse
2984 870 3274 932 totumque
3321 861 3471 915 hunc

1870 955 2319 1012 dissertationum
2354 954 2677 1009 thesaurum
2709 954 3012 1009 absolvisse
3048 954 3185 1024 (39).
3222 953 3326 1008 Sed
3353 969 3469 1008 rem

1870 1063 1978 1103 non
2007 1049 2078 1103 ita
2106 1062 2165 1101 se
2202 1046 2423 1109 habere,
2462 1062 2530 1101 ex
2560 1045 2811 1101 Vaticani
2867 1048 3075 1102 codicis
3128 1047 3472 1115 inspectione

1869 1147 1925 1192 et
1980 1136 2177 1192 indicis
2227 1137 2555 1193 Coisliniani
2606 1153 2637 1192 a
2695 1136 3123 1193 Montel'alconio
3204 1138 3470 1208 descripti

1870 1230 2165 1285 collatione
2204 1229 2340 1286 satis
2380 1231 2557 1285 edocti
2584 1231 2697 1297 jam
2738 1230 2868 1284 alibi
2910 1230 3025 1300 (40)
3073 1231 3385 1295 docuimus,
3418 1240 3474 1285 et

1870 1324 2075 1395 pariter
2094 1323 2436 1379 ostendimus
2496 1325 2690 1379 saltem
2723 1304 2949 1395 triginta
2979 1324 3116 1378 duas
3140 1325 3474 1393 qutestiones

1871 1415 2053 1469 adhuc
2107 1415 2444 1470 remansisse
2496 1415 2755 1474 ineditas,
2810 1423 2865 1468 ct
2920 1430 3102 1483 neque
3151 1411 3473 1467 Vaticanum

1870 1508 2116 1563 codicem
2151 1508 2243 1574 iis,
2284 1525 2409 1581 qua:
2454 1507 2631 1565 Maius
2690 1507 2953 1577 dederat,
3011 1507 3185 1563 fuisse
3234 1506 3477 1561 exhaus-

1878 1608 2022 1655 tum.

251 1705 345 1758 24.
404 1703 668 1760 Eumdem
722 1709 1095 1777 quaastionnm
1150 1711 1423 1767 editarum
1478 1726 1772 1767 numerum
1804 1700 1849 1756 Β
1938 1714 2032 1768 27.
2072 1713 2147 1770 Ut
2197 1724 2400 1785 quanta
2451 1713 2695 1769 maxima
2742 1713 2860 1767 fieri
2913 1721 3092 1782 potest
3142 1711 3477 1766 certitudine

170 1796 287 1864 jam
323 1795 565 1852 Gieseler
586 1797 697 1867 (36)
748 1808 1129 1868 annotaverat,
1154 1803 1247 1858 sed
1280 1819 1345 1857 ex
1376 1803 1515 1858 falso
1545 1802 1773 1859 omnino

172 1889 419 1956 calculo;
458 1906 582 1944 nant
647 1891 869 1947 omissis
922 1903 1128 1962 septem
1177 1895 1599 1964 quaestionibus,
1651 1913 1775 1966 quae

177 1995 304 2033 vero:
358 1996 549 2035 omnes
599 1981 738 2035 inter
765 1983 1027 2052 epistolas
1072 1986 1333 2057 leguntur
1363 1986 1500 2058 (37),
1542 1989 1771 2045 totidem

176 2072 317 2128 alias
351 2071 436 2125 bis
468 2074 747 2128 recensuit
781 2075 917 2144 (38).

243 2166 335 2220 25.
381 2165 495 2220 Non
526 2178 610 2221 est
635 2167 797 2237 hujus
840 2170 943 2224 loci
990 2169 1338 2241 singulorum
1371 2172 1643 2229 editorum
1687 2175 1773 2230 vel

175 2260 377 2314 merita
429 2261 693 2315 extollere
748 2263 831 2315 vel
892 2264 1251 2335 negligentias
1313 2281 1596 2322 accusare.
1651 2267 1770 2323 Non

176 2368 375 2407 omnes
428 2352 619 2408 iisdem
675 2356 957 2412 codicibus
1004 2358 1395 2429 manuscriptis
1450 2362 1769 2425 utebantur,

176 2460 277 2500 nec
307 2445 499 2501 eadem
529 2447 788 2503 methodo
820 2449 1187 2518 procedebant
1223 2467 1322 2505 nec
1363 2452 1479 2521 pari
1509 2453 1774 2524 ἀκριϐείᾳ.

176 2537 452 2590 editiones
483 2538 886 2606 praeparabant.
921 2537 1111 2605 Quoad
1150 2539 1230 2593 rei
1272 2549 1453 2595 tamen
1499 2558 1771 2597 summam

180 2628 387 2682 utiliter
407 2641 601 2681 omnes
630 2643 855 2699 Operam
890 2630 1161 2685 navabaut
1203 2631 1402 2685 illustri
1449 2648 1581 2688 sane
1633 2633 1774 2688 inter

177 2723 518 2792 posteriores
543 2723 763 2779 Graecos
797 2724 1078 2796 scriptori,
1115 2742 1278 2796 quem
1313 2727 1403 2781 alii
1446 2728 1635 2783 nimiis
1672 2744 1771 2783 cx-

178 2817 425 2873 tulerunt
455 2817 729 2884 laudibus,
773 2819 862 2873 alii
903 2820 1055 2890 justo
1096 2820 1319 2877 bevioris
1352 2823 1507 2891 pretii
1537 2822 1775 2877 aestima-
1817 2818 1819 2821 ’

177 2917 331 2972 runt,
355 2909 641 2980 operique,
667 2910 813 2979 quod
838 2910 979 2965 inter
1008 2910 1313 2981 theologica
1342 2911 1513 2981 ipsius
1548 2913 1772 2982 scripta,

176 3003 438 3070 quamvis
471 3017 578 3055 non
611 3003 880 3072 integrum
916 3017 982 3057 ex
1011 3004 1131 3073 ejus
1160 3004 1403 3081 .ingenio
1437 3004 1769 3074 profectum,
1802 3055 1842 3081 μ

179 3093 423 3163 primum
458 3102 639 3149 tamen
669 3096 852 3151 locum
901 3096 1095 3152 tnerito
1123 3097 1353 3152 obtinet.
1387 3098 1493 3152 'l‘ot
1532 3114 1659 3152 vero
1690 3100 1775 3152 in-

178 3189 370 3259 signes
402 3188 524 3256 viri,
561 3190 652 3259 qui
689 3190 741 3242 in
774 3190 876 3245 hoc
897 3206 1036 3261 opus
1064 3207 1164 3247 sua
1192 3192 1546 3247 contulerunt
1569 3193 1779 3261 studia,

176 3283 358 3352 ipsius
384 3298 605 3353 quoque
624 3299 835 3353 magnae
863 3294 990 3341 sunt
1026 3286 1511 3342 commendationi.

180 3449 223 3493 t.
246 3435 344 3511 XI,
370 3453 426 3506 p.
455 3438 527 3494 26
549 3438 828 3511 notatista
856 3438 972 3505 :jM.
994 3438 1044 3495 J.
1077 3438 1439 3511 Justus’Spier
1470 3441 1522 3495 in
1551 3439 1784 3496 Witten-

182 3510 457 3582 bergisclte
510 3509 910 3582 Anmerkungen
965 3512 1121 3564 ueber
1176 3509 1546 3582 theologische.
1611 3513 1785 3581 philo-

182 3526 457 3579 Dergtscne
510 3526 910 3635 Anuterttun’tzjn
965 3526 1121 3564 uerter
1176 3526 1546 3582 tlteotogtscne.
1611 3526 1785 3581 pluto-

181 3580 483 3648 sophische,
550 3581 800 3651 historisr
872 3626 887 3646 ,
950 3582 1332 3651 philologisclte
1383 3584 1493 3635 und
1536 3582 1785 3637 krttische

182 3652 476 3723 Materien.
507 3661 548 3723 ιἐ
576 3650 618 3713 Ι,
674 3651 1081 3722 Wittembergte
1137 3650 1291 3718 I738,
1335 3652 1388 3707 8.
1426 3654 1583 3723 (Vide
1617 3654 1784 3723 Ephe-

182 3723 361 3779 merid
387 3720 677 3795 litt._Lips.
731 3723 892 3795 1738,
948 3739 983 3793 p
1006 3720 1133 3795 ’695
1162 3724 1305 3794 seq.)
1338 3720 1507 3778 edidit
1528 3720 1787 3779 observa-

185 3798 371 3849 tiones
404 3796 456 3846 in
483 3792 658 3865 Pltotit'
704 3792 1375 3862 Amphilochia'etin’flne
1429 3797 1677 3865 quaedam
1718 3810 1783 3849 ex

186 3866 300 3921 illis
333 3864 717 3935 Amphilochiis
737 3867 978 3919 nomium
1020 3867 1315 3934 publicata.
1347 3864 1551 3920 Confer
1580 3866 1788 3920 Kordes

183 3939 239 3991 in
264 3936 421 4006 Lips.
453 3936 837 4006 Allegemeiner
868 3935 1231 3991 literarisclter
1270 3937 1547 4006 Anzeiger,
1588 3955 1642 3990 tt.
1693 3938 1785 3998 97.

187 4025 240 4076 p.
287 4005 396 4059 923'
426 4022 542 4075 seq.
579 4005 650 4070 ’a,
698 4005 856 4069 1801,
907 4008 997 4060 ubi
1048 4008 1203 4077 plura
1237 4008 1301 4062 de
1354 4005 1553 4075 Spirio.
1587 4007 1789 4062 Confer

184 4086 242 4131 et
267 4077 709 4148 supplementum
752 4077 820 4131 ad
845 4079 1289 4132 iutroductionem
1312 4077 1454 4132 Hist.
1480 4078 1651 4145 lingu.
1691 4077 1786 4133 Gr.
1834 4122 1841 4125 .

188 4148 256 4213 ll,
296 4146 352 4213 ιι.
382 4148 507 4202 47.»
541 4178 612 4189 -
648 4146 844 4202 Verum
895 4151 1084 4203 mirari
1134 4149 1303 4213 subit,
1349 4149 1493 4215 quod
1558 4147 1790 4204 Wolfius

189 4221 403 4278 nullam
434 4220 765 4289 mentionem
794 4220 982 4275 fecerit
1024 4218 1190 4288 hujus
1232 4220 1396 4285 Spirii
1440 4220 1672 4289 ejusque
1711 4220 1793 4274 la—

188 4293 419 4351 borum,
450 4287 704 4344 etMaius
763 4289 1019 4346 observat
1068 4287 1128 4345 se
1181 4291 1369 4345 nullibi
1419 4287 1668 4345 notitiam
1725 4291 1794 4346 de

189 4363 391 4421 iisdem
423 4361 668 4414 nancisci
723 4362 986 4429 potuisse.
1020 4360 1130 4415 Nos
1186 4362 1330 4416 haud
1386 4361 1662 4416 feliciores
1695 4361 1794 4415 fui-

1875 1822 2168 1862 nnmernm
2201 1807 2394 1861 harum
2428 1806 2793 1876 quaastionttm
2830 1806 3347 1865 determinaremus.
3378 1820 3475 1858 co-

1875 1897 2029 1953 dices
2065 1897 2308 1967 potiores
2356 1897 2721 1952 conferendos
2772 1912 2895 1952 esse
2947 1896 3267 1951 statuimus.
3323 1894 3475 1949 Illico

1876 1990 2173 2059 apparebat
2215 1987 2612 2043 Tanrinensem
2642 1988 2882 2043 codicem
2916 2002 3083 2041 unam
3134 1987 3314 2042 solum
3345 2002 3480 2041 con-

1876 2083 2054 2137 tinere
2100 2083 2462 2153 quaestionem
2514 2081 2650 2151 (41),
2699 2096 2823 2148 quae
2869 2080 3085 2134 caeteris
3138 2079 3316 2145 desit;
3377 2079 3478 2133 hac

1875 2175 2093 2243 dempta
2125 2174 2520 2228 Coisliniannm
2544 2173 2727 2228 omnia
2754 2172 3125 2241 suppeditare,
3146 2187 3269 2240 quae
3294 2170 3347 2225 in
3382 2169 3477 2223 illo

1874 2276 2113 2333 exstant;
2141 2281 2401 2335 praeterea
2421 2265 2845 2329 Coisliniannm,
2870 2265 2999 2319 licet
3023 2262 3130 2318 308
3144 2263 3480 2333 quaastiones

1875 2368 2288 2423 recenseantur,
2337 2370 2517 2412 tamen
2578 2357 2799 2411 nonnisi
2875 2356 2983 2410 306
3062 2356 3243 2424 reipsa
3321 2353 3479 2407 exhi-

1874 2452 2006 2507 bere
2035 2452 2179 2523 (42);
2210 2450 2536 2506 Vaticanum
2573 2466 2700 2505 vero
2733 2451 2872 2505 ultra
2905 2449 3011 2504 313
3051 2464 3162 2518 prae
3218 2462 3277 2502 se
3312 2446 3476 2507 ferre,

1874 2561 2108 2615 quarum
2185 2546 2371 2615 plures
2436 2562 2466 2600 a
2510 2545 2846 2600 Coisliniano
2914 2544 3145 2608 absunt;
3215 2555 3478 2595 numeros

1879 2639 2102 2693 demum
2127 2639 2268 2708 apud
2295 2638 2498 2691 Maium
2530 2645 2750 2692 notatos
2778 2636 2830 2691 in
2865 2636 3115 2705 pluribus
3136 2649 3256 2688 esse.
3286 2633 3479 2687 turba-

1875 2739 1983 2795 tos,
2018 2746 2142 2785 cum
2177 2730 2319 2784 idem
2354 2745 2619 2784 numerus
2652 2728 2885 2782 diversis
2914 2725 3319 2796 quaestionibus
3360 2722 3481 2777 fue-

1877 2824 1950 2879 rit
1980 2823 2313 2893 assignatus.
2353 2821 2536 2888 Quare
2569 2830 2691 2890 post
2717 2829 2797 2875 tot
2827 2820 3168 2874 eruditorum
3194 2818 3341 2872 circa
3374 2816 3480 2871 hoc

1877 2932 2018 2988 opus
2068 2918 2283 2972 labores
2356 2918 2597 2970 nondum
2670 2915 2850 2984 potuit
2910 2914 3078 2968 totius
3137 2912 3480 2967 collectionis

1878 3008 2013 3062 ordo
2051 3021 2116 3061 ac
2158 3006 2328 3062 series
2392 3020 2572 3075 neque
2640 3020 2905 3058 numerus
2968 3002 3339 3073 quaestionum
3409 3001 3480 3055 ad

1882 3099 2151 3154 amussim
2212 3100 2324 3171 (45)
2407 3097 2785 3153 determinari.
2836 3097 3206 3166 Sperabamus
3259 3095 3481 3164 quidem

1885 3193 2210 3263 promissam
2244 3192 2453 3247 tiu-inm
2478 3191 2728 3245 omnium
2767 3189 3259 3258 Amp/tilochiorum
3287 3188 3485 3242 editio-

1883 3298 2032 3349 nem,
2073 3299 2236 3354 quam
2262 3283 2317 3339 in
2348 3281 2573 3337 Graeciae
2600 3295 2771 3350 regno
2796 3280 3196 3335 Constantinus
3229 3276 3486 3333 (Econo-

1884 3459 2008 3500 cum
2045 3442 2160 3508 illa,
2196 3457 2318 3512 quae
2344 3449 2525 3512 egistat
2564 3439 2707 3512 apud
2740 3437 3088 3512 Gallandinm
3123 3438 3161 3491 1.
3188 3452 3238 3491 c.
3274 3452 3325 3506 p.
3354 3435 3485 3512 707,

1885 3533 1940 3585 q.
1977 3513 2093 3585 99;
2125 3530 2179 3582 q.
2212 3508 2333 3585 T172
2370 3511 2508 3585 Nov.
2548 3510 2684 3585 Coll.
2728 3519 2768 3565 t.
2810 3510 2933 3585 l,_p_.
2968 3509 3085 3585 519
3118 3524 3235 3585 seq.
3279 3508 3484 3585 _eadem

1886 3577 2247 3666 cum.Ph'otii
2311 3582 2543 3653 epistola
2603 3582 2694 3646 31,
2742 3597 2796 3652 p.
2862 3578 3065 3645 90-94,
3127 3578 3217 3633 ed.
3278 3577 3488 3631 Londi-

1889 3671 2103 3809 ηῗξῖὅδὲῗ.
2129 3724 2335 3809 (ζὶδιον.
2391 3722 2591 3778 Eccles.
2635 3731 2675 3776 t.
2713 3720 2777 3786 11,
2828 3729 2967 3778 sect.
3024 3720 3077 3785 1,
3109 3719 3252 3792 με,
3290 3735 3343 3790 p.
3382 3717 3487 3773 548

1889 3797 2327 3938 ωὲθῗὲἓίῖἷὶει
2369 3864 2629 3921 Wolllum
2677 3872 2922 3938 secutus,
2962 3861 3056 3931 qui
3110 3860 3182 3915 65
3225 3859 3491 3938 epistolas

1891 3930 2273 4005 Amphilochia
2303 3940 2539 3992 insertas
2569 3936 2803 4005 putavit,
2850 3930 2991 3987 cum
3018 3948 3207 4005 revera
3252 3930 3487 4005 εἰμι-71.

1853 4036 1861 4043 ·
1893 4001 2051 4078 (Vide
2076 4025 2247 4079 supra
2278 4018 2393 4062 not.
2419 4007 2513 4073 24)
2545 4001 2643 4061 sex
2689 4005 3029 4079 quaestiones
3063 4002 3255 4079 hujus“
3273 4001 3489 4079 ordinis

1893 4070 2121 4147 omisit;
2151 4070 2443 4149 septimam
2495 4070 2627 4132 vero
2668 4070 2774 4129 non
2824 4075 2994 4141 novit,
3038 4089 3163 4149 eum
3217 4070 3493 4141 Basnagio

1893 4166 1995 4222 pro
2016 4145 2146 4205 octo
2178 4145 2339 4222 editis
2361 4159 2572 4222 septem
2602 4158 2814 4222 tantum
2846 4145 3126 4222 discripsit.

1963 4222 2077 4291 (38)
2116 4210 2541 4291 Montel'alconio
2563 4219 2757 4291 tribuit
2782 4216 2840 4282 4,
2874 4210 3209 4291 Conibelisio
3228 4212 3295 4291 ἓ,
3319 4210 3493 4291 _Wot-

1896 4281 1979 4347 lio‘
2011 4281 2101 4355 46,
2130 4292 2320 4347 Scotto
2356 4291 2445 4353 18,
2491 4289 2634 4343 Maio
2694 4287 2795 4341 150
2826 4286 3176 4355 quaestiones.
3227 4281 3332 4336 Sed
3383 4300 3493 4355 una

1899 4362 2072 4418 Scotti
2113 4372 2197 4418 est
2238 4363 2426 4417 eadem
2476 4376 2598 4416 cntn
2637 4354 2953 4413 Combel‘tsii
2985 4373 3081 4426 qtt.
3130 4364 3323 4408 contra
3358 4354 3494 4409 Ubi-

189 4448 355 4487 tnus:
406 4426 966 4503 invenimus—quidem
1000 4433 1226 4487 citatum
1284 4432 1355 4487 ab
1395 4431 1676 4488 Harlessio
1696 4431 1792 4485 1η⁹
1824 4444 1868 4500 ῃ
1897 4436 2128 4503 quistas,
2157 4443 2267 4488 tres
2307 4448 2335 4485 a
2365 4432 2503 4485 Maio
2531 4431 2690 4503 edita:
2720 4430 2833 4499 jam
2882 4429 2944 4503 in
2966 4428 3087 4503 aliis
3116 4426 3268 4503 fuere
3296 4441 3495 4478 nume-

187 4504 486 4559 dicalorem
512 4500 858 4571 Lipsiensem,
907 4503 965 4557 d.
1012 4505 1069 4558 d.
1120 4504 1189 4559 29
1218 4503 1367 4559 Junii
1398 4504 1555 4567 1801,
1592 4520 1650 4557 η.
1694 4503 1787 4566 97,

190 4573 394 4647 p.996
429 4588 569 4647 seq,
607 4572 701 4647 sed
740 4574 811 4647 de
833 4590 889 4629 re
918 4575 1057 4644 ipsa,
1098 4591 1221 4645 qua:
1268 4575 1323 4630 in
1354 4577 1656 4644 quaestione
1682 4583 1786 4641 est,

189 4644 329 4707 nihil
365 4644 506 4698 certi
543 4644 815 4713 expiscari
855 4644 1156 4714 potuimus.

261 4715 379 4785 (30)
408 4713 675 4768 Nimirum
700 4713 1015 4770 dissertatio
1042 4726 1237 4787 quarta
1263 4717 1403 4786 apud
1434 4715 1788 4787 Basnagium,

190 4788 249 4847 in
286 4786 692 4853 Amphilochiis,
721 4787 773 4839 iu
809 4797 918 4840 tres
953 4786 1099 4842 secta
1126 4799 1207 4843 est
1240 4789 1573 4857 quaestiones
1600 4786 1654 4840 et
1675 4788 1789 4842 dis-

190 4857 427 4913 sertatio
458 4857 654 4926 prima,
688 4867 875 4924 utpote
900 4860 1079 4913 solum
1124 4859 1312 4913 Latine
1351 4859 1517 4923 edita,
1558 4858 1648 4912 hic
1682 4874 1789 4912 non

188 4939 279 4984 est
312 4930 677 4981 nmncranda.
731 4927 868 4982 Hinc
909 4944 1015 4982 una
1051 4945 1176 4985 cum
1221 4930 1524 4999 quaestione
1551 4929 1619 4983 de
1653 4945 1792 4999 gno-

191 5000 360 5057 Inicis
391 5000 765 5052 voluntatibus
792 4999 845 5063 8,
876 5016 1063 5055 revera
1099 5004 1391 5054 habentur.

267 5070 386 5140 (3|)
425 5070 743 5142 Scil._antea
768 5071 970 5125 inedita
1004 5071 1076 5125 De
1101 5071 1341 5142 Sibyllis,
1378 5087 1430 5140 p.
1464 5071 1587 5142 150.

234 5142 511 5268 8(13‘2)‘Ex
562 5139 741 5195 Pltotii
799 5139 1489 5213 Ampltt'lochit's'quzedum
1546 5141 1790 5213 Neapoli,

272 5284 387 5353 (33)
425 5286 492 5351 ρ.
525 5284 592 5339 58
620 5302 633 5349 ;
671 5280 879 5347 Scotto,
908 5300 961 5353 q.
992 5284 1083 5344 37,
1117 5299 1173 5351 p.
1200 5283 1267 5337 88
1297 5300 1417 5352 seq.

272 5356 388 5426 (56)
428 5356 670 5409 Veterum
702 5357 1021 5425 scriptorum
1051 5354 1184 5408 Nov.
1230 5354 1474 5419 ϐοηθοίη
1510 5364 1549 5413 t.
1584 5357 1626 5420 1,
1645 5355 1796 5410 dedit

195 5425 275 5480 20
312 5425 649 5495 qnaastiones
675 5442 779 5478 una
815 5443 938 5482 cum
966 5428 1218 5481 versione
1248 5427 1467 5493 Latina;
1495 5437 1533 5481 t.
1555 5443 1682 5483 vero
1703 5426 1792 5492 IX,

201 5496 332 5559 130,
364 5500 502 5551 alias
541 5502 617 5567 (p.
644 5497 847 5567 1-158),
877 5499 1224 5553 solummodo
1248 5498 1456 5552 Graece.

276 5568 391 5640 (35)
427 5568 582 5621 Nam.
610 5585 665 5638 q.
700 5568 826 5631 239,
860 5568 998 5625 Νου.
1032 5567 1169 5623 Coll.
1201 5568 1363 5640 LIX,
1393 5584 1443 5638 p.
1474 5569 1575 5623 1M-
1604 5569 1794 5625 eadem

201 5639 449 5701 estcnm
496 5640 801 5709 quaestione
846 5643 990 5694 edita
1038 5646 1178 5703 apud
1234 5639 1602 5704 Gallandium,
1658 5640 1695 5693 ι.
1742 5656 1793 5696 c.

206 5726 261 5793 ρ-
295 5710 419 5781 703,
448 5708 643 5791 q.’87;
672 5727 730 5789 q.
757 5711 862 5776 247
896 5712 1029 5768 Nov.
1062 5708 1201 5768 Ccll.
1233 5711 1268 5765 l.
1297 5725 1345 5769 c.
1387 5728 1439 5783 p.
1474 5713 1572 5769 110
1603 5712 1792 5791 eadem

1898 4496 2052 4567 r'ata’,
2104 4496 2214 4559 tres
2264 4519 2294 4557 a
2356 4496 2783 4557 Montefalcon'io
2854 4500 3151 4569 publicata:
3200 4496 3313 4565 jam
3367 4510 3495 4548 cunt

1894 4576 2141 4646 epistulis
2163 4585 2468 4646 numeratae
2500 4581 2681 4646 erant.
2893 4639 2959 4646 ___
3172 4636 3265 4646 ___"
3336 4600 3359 4620 .

1967 4648 2080 4717 (39)
2131 4645 2266 4702 Vide
2313 4643 2452 4699 Nov.
2514 4641 2736 4699 Collect.
2796 4648 2839 4695 t.
2893 4639 2989 4702 IX,
3047 4654 3102 4709 p.
3167 4636 3308 4701 158,
3374 4646 3495 4690 not.

1895 4718 2080 4855 ﬁnali)
2126 4787 2186 4842 In
2242 4784 2655 4855 dissertatione
2695 4780 3135 4855 Epltemeridibus
3191 4779 3501 4855 theologicis

1899 4851 2246 4930 Tu‘bt'n'giam's
2271 4854 2823 4930 tnset_t_a‘(1:uebinge_r_
2843 4851 3215 4930 Theoloqisclte
3240 4852 3503 4917 Quartal-

1894 4924 2129 5000 schriﬂ),
2168 4944 2312 4983 anno
2344 4927 2516 5000 1858;
2554 4926 2743 4979 fascic.
2776 4924 2848 5000 _ll,
2891 4939 2944 4992 p.
2975 4925 3105 5000 281Σ

1970 4995 2097 5072 (41)
2120 5001 2251 5072 _Seil.
2294 5016 2349 5072 (ρ
2387 4998 2510 5072 190,
2547 4996 2859 5072 qttasnobis
2882 5006 2966 5072 est
2999 5011 3055 5063 q.
3089 4995 3217 5048 524.

1970 5062 2083 5142 (42)
2126 5070 2261 5124 Nam
2308 5062 2538 5123 Coislin.
2567 5062 2769 5142 'q._90,
2815 5062 3358 5142 cadentjestctttnq.
3396 5062 3500 5142 169

1899 5135 1985 5215 (in
2022 5135 2344 5215 vatio.__es_t__
2365 5156 2471 5215 una
2503 5154 2559 5207 (ι.
2780 5146 2836 5193 et
2870 5137 3042 5193 Coisl.
3085 5154 3142 5207 q.
3172 5135 3282 5190 ‘255
3311 5138 3501 5189 eadem

1898 5209 2021 5271 cum
2051 5230 2106 5282 q.
2138 5213 2238 5266 ‘271
2279 5209 2478 5283 (Vatic.
2505 5225 2562 5283 [ι.
2587 5210 2701 5277 90.)

1972 5278 2084 5355 (.13)
2120 5283 2196 5337 Ex
2232 5278 2297 5335 eo
2332 5281 2475 5353 quod
2505 5278 2740 5355 Photius
2768 5280 2821 5333 in
2861 5278 3195 5355 Bibliotheca
3225 5284 3505 5355 terrentes

1899 5350 2075 5411 libros
2107 5350 2394 5410 recensere
2441 5353 2634 5415 voluit,
2694 5368 2933 5422 quorum
2976 5352 3196 5404 nonnisi
3229 5350 3336 5402 280
3374 5364 3506 5417 pos-

1900 5427 2169 5487 sidemus.
2213 5426 2465 5492 aliosque
2493 5424 2675 5477 adhuc
2704 5423 3076 5477 recensendos
3120 5421 3336 5481 statuit.
3369 5435 3505 5471 con-

1899 5500 2043 5553 cludi
2069 5516 2203 5553 sane
2231 5505 2467 5566 poterat,
2495 5511 2603 5548 non
2637 5493 2810 5549 fuisse
2835 5495 3117 5566 pt'telittum
3156 5505 3368 5566 certum
3404 5504 3506 5541 nu-

1900 5586 2114 5625 merum
2141 5579 2195 5624 et
2221 5561 2605 5625 collectionem
2637 5561 3068 5639 ipsam'sensim
3101 5561 3307 5618 additis
3341 5574 3506 5616 novu

1900 5641 2155 5698 diatribis
2184 5640 2450 5699 crevisse.
