3916 6192
396 237 463 305 19
1541 229 1624 290 IN
1663 225 2192 289 AMPHILOCHIA
2249 225 2516 288 PHOTII
3601 226 3674 290 ΞΟ

384 361 511 403 mus
540 358 728 399 mense
770 341 960 395 Martio
994 340 1123 395 anni
1164 340 1299 395 1857
1330 340 1441 395 vita
1473 340 1697 398 functus
1742 354 1969 413 parasse
1997 344 2049 401 Λ
2143 341 2235 395 29.
2272 338 2379 395 Sed
2411 341 2458 396 is
2479 357 2588 395 non
2625 340 2778 398 solus
2802 340 3014 397 exstitit
3048 340 3265 396 fructus
3287 339 3392 394 mei
3425 339 3669 399 itineris.

385 440 671 495 dicebatur
717 437 852 498 (4t),
906 436 957 488 in
988 435 1165 491 lucem
1218 436 1594 504 prodituram;
1659 437 1766 490 huc
1804 449 1979 504 usque

386 541 596 586 tament
626 546 688 586 ea
730 544 854 599 spes
892 528 945 582 in
992 543 1105 581 rem
1139 527 1280 581 haud
1327 528 1563 582 transiit.
1599 526 1861 597 Equidem
1885 528 1977 581 diu

388 626 753 682 desideratam
786 623 1079 677 editionem
1112 619 1315 674 frustra
1342 620 1689 690 prmstolatus
1711 619 1825 688 jam
1852 628 1979 674 ante

394 717 720 786 collegerant
757 729 877 784 qua:
912 721 1219 781 opportuna
1263 720 1421 764 erant
1471 711 1538 766 ad
1567 710 1880 767 accuratius
1912 711 1980 765 de

391 804 495 859 hoc
518 820 681 874 opere
712 803 977 871 judicium
1028 802 1337 863 ferendum,
1371 816 1436 855 ac
1479 802 1699 857 tandem
1734 802 1979 857 occasio-

394 914 515 952 nem
561 909 756 952 nactus
792 914 911 950 sum
961 897 1231 950 editarum
1277 896 1641 965 quzestionum
1688 911 1978 949 numerum

395 990 689 1060 ampliandi
730 999 784 1044 et
814 991 1070 1061 augendi.
1105 990 1260 1057 Quod
1305 1005 1415 1059 quo
1442 998 1602 1059 pacto
1649 987 1853 1044 l'actuin
1888 988 1979 1053 sit,

390 1082 503 1151 jam
536 1083 723 1149 pauris
759 1090 843 1135 est
875 1082 1266 1135 enarrandum.

463 1176 550 1229 9.8.
590 1174 726 1228 Cum
760 1188 946 1228 mense
972 1170 1195 1227 Octobri
1226 1176 1352 1227 anni
1398 1172 1536 1228 1857
1589 1172 1778 1229 Romae
1832 1174 1983 1229 Vati-

395 1284 563 1321 canos
593 1268 861 1337 quosdam
918 1267 1135 1322 codices
1182 1267 1531 1337 inspicerem,
1585 1269 1812 1323 citatum
1866 1268 1980 1339 jam

396 1361 638 1416 codicem
667 1376 721 1414 η.
776 1359 917 1414 19ἓὸ
958 1368 1227 1425 notatum,
1278 1374 1389 1429 quo
1453 1359 1571 1413 Em.
1624 1360 1803 1413 Maius
1848 1376 1983 1415 usus

396 1450 594 1519 fuerat,
639 1452 965 1521 perlustrari
1009 1458 1064 1505 et
1108 1451 1422 1505 universam
1479 1451 1844 1520 quaestionum
1899 1467 1986 1507 se-

396 1545 532 1600 riem
594 1560 701 1600 una
730 1561 854 1600 cum
888 1544 1095 1613 aliquot
1128 1544 1367 1597 nondum
1406 1543 1569 1598 editis
1602 1544 1766 1612 hujus
1801 1544 1984 1608 cperis

395 1638 645 1708 partibus
679 1637 968 1705 descripsi.
1005 1636 1112 1691 Sed
1148 1636 1445 1691 Novembri
1486 1651 1675 1691 mense
1706 1635 1886 1690 medio
1927 1637 1979 1691 in

2080 431 2226 501 quod
2256 431 2321 486 21
2362 432 2694 502 quzestiones
2732 448 2881 489 nunc
2907 433 3145 503 primum
3186 432 3409 487 edendae
3446 435 3578 489 mihi
3615 436 3669 490 iu

2080 534 2336 595 promptu
2367 534 2535 586 sunt:
2578 542 2766 581 verum
2802 536 2856 580 et
2883 541 2951 581 ex
2978 526 3173 579 ordine
3213 541 3277 582 ac
3327 528 3469 583 serie
3520 544 3673 598 qure-

2081 617 2323 673 stionum
2362 618 2679 672 earumdem
2756 632 3048 673 numerum
3114 619 3533 688 probabiiiorem
3577 621 3674 675 de-

2083 720 2263 780 tegere
2297 710 2473 765 licuit.
2500 710 2557 764 lu
2581 710 2851 766 Vaticano
2880 712 3046 782 porro
3069 722 3198 766 sunt
3230 711 3291 764 l7
3321 717 3669 783 qmsricues,

2082 803 2281 873 quibus
2312 803 2688 861 Coislinianus
2728 815 2879 861 caret
2933 805 3072 878 (47),
3121 815 3175 861 et
3219 805 3517 862 Vaticanus
3578 824 3674 863 sex

2082 897 2399 952 destituitur
2430 898 2857 967 quaestionibus,
2885 914 3010 969 quae
3068 899 3121 953 in
3166 898 3509 955 Coisliniauo
3550 917 3678 969 prn-

2085 997 2232 1043 stant
2266 988 2379 1061 (48)
2414 999 2466 1044 et
2498 1005 2606 1044 una
2644 990 2757 1054 illa,
2788 1006 2954 1059 quam
2994 988 3354 1045 Taurinensis
3394 990 3673 1061 propriam

2085 1099 2251 1155 supra
2282 1083 2526 1139 diximus
2558 1083 2693 1156 (49).
2744 1084 2800 1140 Si
2833 1083 3090 1140 addimus
3124 1084 3463 1139 Coisliniano
3495 1084 3677 1139 codici

2083 1195 2245 1249 quem
2282 1179 2385 1232 '506
2408 1179 2673 1234 diatribas
2705 1179 3058 1250 suppeditare
3086 1178 3365 1239 novimus,
3420 1178 3483 1231 l7
3524 1179 3576 1231 in
3609 1192 3676 1231 eo

2085 1272 2399 1327 dclicientes
2433 1288 2501 1327 ex
2546 1271 2809 1328 Vaticano
2859 1282 2912 1327 et
2961 1288 3124 1327 unam
3190 1289 3255 1326 ex
3319 1270 3674 1334 Taurinensi,

2085 1364 2190 1420 5:24
2228 1366 2560 1435 quastiones
2585 1366 2928 1422 habebimus.
2957 1366 3169 1420 Pariter
3203 1367 3247 1421 si
3272 1365 3537 1420 Vaticano
3584 1380 3681 1418 co-

2085 1456 2193 1512 dici
2219 1457 2464 1512 membra
2496 1457 2805 1513 deﬁcientia
2839 1457 3115 1521 addimus,
3151 1457 3218 1512 ad
3265 1457 3516 1512 eumdem
3570 1474 3679 1511 nn-

2087 1565 2297 1604 merum
2332 1549 2655 1604 deducimur
2692 1549 2827 1622 (50).
2879 1550 2951 1606 Ut
2994 1566 3127 1605 vero
3169 1550 3355 1604 varius
3420 1545 3678 1605 codicum

2087 1638 2221 1692 ordo
2257 1638 2451 1695 melius
2481 1639 2674 1709 dispici
2704 1648 2890 1711 queat,
2938 1641 3168 1707 indices,
3218 1641 3421 1713 quibus
3454 1642 3593 1697 inter
3617 1656 3682 1697 se

396 1729 628 1799 patriam
665 1728 848 1783 redire
883 1738 1108 1783 coactus
1141 1726 1523 1797 imperfectum
1560 1727 1803 1781 laborem
1850 1726 1981 1780 reli-
2014 1707 2056 1762 Β
2086 1741 2496 1800 comparantur,
2528 1733 2697 1787 textui
2741 1733 3106 1803 subjecimus.

396 1824 512 1893 qui.
541 1824 798 1891 Sequenti
846 1839 992 1877 anno
1052 1822 1295 1876 Venetiis
1356 1821 1413 1875 in
1461 1819 1735 1875 Marciana
1782 1820 1985 1874 biblio-

398 1918 556 1971 theca
585 1916 829 1986 ejusdem
863 1914 1115 1970 Vaticani
1142 1915 1353 1970 codicis
1381 1914 1759 1985 apographum
1793 1921 1984 1966 nactus

397 2025 543 2073 sum,
574 2012 719 2080 quod
752 2010 854 2064 sibi
907 2011 1179 2063 Antonius
1218 2006 1498 2063 Catil‘orus
1544 2013 1983 2076 comparaverat,

398 2103 573 2173 quiet
636 2102 880 2157 Latinam
930 2103 1235 2156 versionem
1292 2100 1537 2155 omnium
1616 2100 1982 2169 quaastionum

398 2195 691 2265 diligenter
728 2194 973 2248 exaravit
1002 2204 1056 2247 et
1090 2194 1539 2248 adnotationibus
1574 2192 1747 2246 auxit.
1775 2190 1986 2245 Exinde

397 2304 604 2359 eaque:
626 2288 757 2342 mihi
791 2289 844 2342 in
881 2288 1223 2357 longioribus
1250 2287 1553 2356 przesertim
1588 2286 1986 2355 qumstiouihus

399 2383 627 2436 deerant
660 2382 928 2450 complevi
995 2389 1313 2449 textumque
1349 2378 1600 2433 Graecum
1651 2379 1834 2448 quoad
1879 2394 1985 2432 un-

399 2472 579 2528 decim
639 2473 707 2526 de
768 2472 1063 2543 Categoriis
1118 2472 1433 2526 Aristotelis
1496 2473 1987 2526 commentationes

401 2580 595 2621 rursus
653 2567 969 2636 recognovi,
1010 2581 1149 2635 quas
1202 2574 1331 2619 tunc
1383 2563 1531 2617 solas
1578 2563 1739 2617 edere
1788 2578 1990 2633 propo-

400 2673 637 2719 sueram.
670 2659 975 2726 eodemque
1011 2668 1254 2727 tempore
1278 2666 1331 2710 et
1370 2656 1620 2709 Latinam
1672 2656 1984 2708 versionem

401 2750 765 2818 quarstiouum
801 2749 1213 2815 quatuordecim
1244 2748 1362 2817 (45)
1414 2748 1659 2802 nondum
1711 2749 1985 2801 editarum

403 2842 876 2897 transcribendam
911 2843 1101 2911 majori
1129 2859 1193 2896 ex
1236 2851 1387 2911 parte
1425 2841 1637 2906 curavi,
1688 2856 1811 2910 quae
1866 2842 1987 2895 luce

401 2934 627 2987 omnino
658 2934 820 3003 digna
851 2934 966 2988 visa
999 2943 1103 2988 est.
1138 2931 1229 2987 Sic
1276 2933 1495 2986 tandem
1547 2932 1743 2986 iterato
1799 2932 1987 2986 labore

401 3025 588 3095 viginti
620 3037 667 3079 et
704 3041 866 3078 unam
921 3026 1284 3094 quaastionem
1315 3024 1428 3093 (46)
1456 3022 1643 3077 Graece
1671 3023 1803 3077 mihi
1833 3039 1988 3078 com-

403 3136 744 3193 paraveram,
774 3137 896 3190 quze
928 3120 1172 3174 mmdum
1219 3120 1453 3189 vulgatae
1490 3118 1677 3183 fuere;
1733 3119 1802 3173 ob
1854 3129 1994 3173 tem-

404 3215 556 3285 poris
596 3215 880 3284 angustias
914 3228 1019 3267 non
1056 3229 1249 3267 omnes
1282 3213 1518 3267 ineditas
1548 3213 1808 3282 colligere
1839 3213 1994 3267 licuit

402 3319 456 3363 et
490 3308 729 3379 reliquas
761 3308 940 3363 solum
972 3322 1035 3362 ea
1083 3316 1261 3360 mente
1298 3307 1527 3375 perlegi,
1589 3316 1651 3360 ut
1694 3307 1762 3361 de
1811 3306 1990 3359 Photii

402 3402 663 3471 operibus
697 3410 944 3465 acturus,
972 3400 1102 3470 quid
1129 3401 1359 3471 singulae
1410 3399 1779 3463 continerent,
1827 3399 1991 3455 habe-

402 3508 517 3546 rem
547 3493 926 3561 eXploratum;
958 3494 1088 3548 hinc
1116 3509 1290 3563 pauca
1326 3493 1460 3548 mihi
1489 3493 1545 3547 in
1571 3492 1790 3548 schedis
1820 3493 1993 3547 aduo-

409 3585 517 3639 tavi
554 3585 681 3639 huic
706 3585 1028 3640 sullicientia
1055 3601 1247 3655 scopo,
1279 3594 1476 3641 caetera
1515 3584 1571 3639 in
1596 3585 1775 3640 aliam
1829 3599 1993 3639 occa-

404 3681 616 3733 sionem
654 3680 956 3741 remittens,
991 3695 1099 3747 qua
1124 3676 1403 3745 Venetias,
1453 3679 1643 3733 urbem
1684 3677 1818 3732 mihi
1861 3677 1994 3731 cha-

404 3771 718 3839 rissimam,
780 3780 835 3825 et
898 3772 1229 3825 Marcianam
1300 3771 1731 3834 bibliothecam,
1790 3769 1990 3841 insigni

405 3866 720 3921 urbanitate
748 3866 1043 3922 clarissimi
1083 3865 1145 3923 ί).
1187 3864 1535 3921 Valentinelli
1568 3864 1815 3934 ejusdem
1854 3878 1995 3933 pra:-

403 3956 531 4012 fecti
563 3958 741 4012 adhuc
765 3958 1215 4028 gratiorem,Deo
1246 3958 1486 4029 prepitio
1520 3954 1995 4027 repeterem.Qua3

405 4067 532 4121 spes
574 4054 681 4107 huc
712 4068 886 4123 usque
932 4052 987 4107 in
1050 4068 1166 4107 rem
1217 4068 1327 4107 non
1360 4051 1600 4105 transiit.
1655 4049 1815 4105 Nune
1860 4065 1992 4104 vero

405 4144 609 4215 scripta
650 4159 792 4209 mea,
820 4159 943 4214 quae
971 4159 1038 4199 ex
1064 4151 1300 4213 utroque
1352 4142 1550 4198 itinere
1586 4140 1775 4196 Italico
1806 4155 1993 4210 repor-

405 4246 672 4300 taveram,
704 4233 1028 4304 recolligens
1053 4232 1341 4288 commode
1371 4231 1644 4286 editarum
1675 4230 1779 4284 huc
1818 4243 1993 4298 usque

406 4326 991 4398 Amphilochianarum
1022 4325 1385 4396 quaestionum
1416 4338 1705 4378 numerum
1731 4336 1869 4375 nova
1897 4336 1992 4374 ac-

2159 1821 2249 1876 50.
2294 1820 2413 1876 Jam
2465 1838 2596 1877 vero
2644 1833 2772 1878 ante
2820 1838 2923 1878 nos
2980 1825 3250 1878 editarum
3306 1822 3679 1893 quaestionum

2087 1924 2292 1970 textum
2330 1931 2718 1985 recognoscere
2745 1932 3045 1987 omnesque
3070 1916 3369 1972 easLatiua
3396 1918 3681 1972 instruere

2088 2010 2341 2065 versione
2371 2026 2470 2064 nec
2500 2011 2763 2081 temporis
2811 2012 2953 2065 ratio
3007 2027 3109 2066 nec
3159 2022 3473 2067 n0strorum
3507 2027 3680 2082 nego-

2090 2104 2291 2157 tiorum
2324 2104 2616 2159 multitudo
2648 2105 2883 2171 sinebat;
2928 2104 3054 2160 hinc
3097 2106 3209 2175 jam
3251 2106 3528 2176 publicata
3563 2105 3681 2161 fere

2089 2198 2274 2251 omnia
2313 2197 2515 2252 intacta
2549 2198 2931 2267 relinquimus.
2966 2200 3218 2253 Attamen
3257 2200 3381 2254 data
3420 2211 3681 2270 opportu-

2090 2290 2260 2344 nitate
2290 2291 2533 2345 codicem
2566 2289 2947 2346 Monacensem
2970 2292 3098 2355 555,
3124 2292 3215 2361 qui
3242 2291 3422 2345 Photii
3457 2290 3683 2362 Episto-

2089 2383 2172 2437 las
2209 2384 2453 2438 continet
2479 2385 2613 2453 (51),
2651 2400 2777 2440 cum
2828 2384 3162 2439 Londinensi
3207 2384 3447 2438 editione
3486 2384 3682 2439 confe-

2090 2477 2266 2540 ren'di,
2302 2477 2594 2532 nonnullas
2625 2477 2997 2531 correctiones
3032 2486 3087 2530 et
3118 2476 3393 2531 variantes
3416 2476 3682 2532 lecti0nes

2090 2567 2463 2636 suggessimus
2511 2567 2693 2638 quoad
2734 2568 3068 2638 quaestiones
3104 2583 3170 2621 ex
3201 2566 3381 2621 Photii
3428 2569 3685 2638 epistolis

2091 2661 2145 2714 in
2174 2662 2541 2729 Amphilochia
2590 2663 2909 2717 translatas.
2940 2661 3211 2718 Caeterum
3244 2672 3297 2717 et
3326 2662 3458 2717 alibi
3504 2662 3684 2718 aduo-

2089 2757 2347 2817 tavimus,
2412 2772 2535 2826 quae
2556 2758 2713 2811 nobis
2750 2756 2891 2810 inter
2936 2757 3040 2810 alia
3087 2758 3265 2812 studia
3313 2757 3683 2811 occurrebant

2091 2849 2208 2906 suis
2236 2849 2373 2903 locis
2421 2858 2729 2919 opportune
2782 2849 3291 2904 animadvertenda.
3330 2848 3498 2917 igitur
3549 2864 3679 2902 cum

2091 2941 2215 2996 aliis
2247 2940 2470 2994 distenti
2521 2940 2804 2995 laboribus
2863 2956 2963 2994 nec
3020 2940 3174 3009 prius
3229 2956 3383 2995 nova:
3448 2940 3686 2995 editioni

2017 3057 2059 3113 ο
2096 3033 2585 3102 Amphilochiorum
2636 3033 2826 3087 intenti
2888 3034 3192 3087 amicorum
3228 3033 3447 3088 hortatu
3485 3032 3551 3087 ad
3596 3034 3685 3087 in—

2095 3127 2302 3196 signem
2328 3127 2467 3180 hanc
2506 3125 2726 3178 Patrum
2778 3124 3391 3195 ecclesiasricorumque
3442 3125 3687 3194 scripto«

2092 3237 2212 3275 rum
2254 3219 2631 3275 collectionem
2665 3217 2916 3273 conferre
2974 3218 3179 3288 aliquid
3216 3235 3314 3288 pro
3344 3218 3552 3274 viribus
3582 3233 3690 3272 no-

2092 3311 2222 3366 stris
2275 3310 2493 3365 tandem
2551 3307 2960 3381 decreverimus
3028 3324 3042 3360 :
3106 3323 3167 3362 ea
3226 3324 3347 3378 qua:
3395 3308 3551 3362 nobis
3624 3308 3683 3360 iu

2095 3409 2346 3471 promptu
2376 3408 2553 3463 erant,
2581 3399 2767 3453 libenti
2799 3399 2982 3455 animo
3036 3401 3503 3471 suppeditavimus
3553 3401 3693 3455 Am-

2092 3493 2382 3564 philochia,
2413 3507 2536 3561 qua:
2557 3507 2704 3546 nunc
2726 3490 2957 3561 primum
2975 3507 3081 3546 una
3102 3508 3225 3547 cum
3251 3493 3412 3547 editis
3434 3495 3689 3548 nomium

2094 3588 2201 3642 huc
2230 3601 2406 3654 usque
2436 3586 2491 3640 in
2521 3600 2690 3639 unum
2722 3585 2966 3641 collectis
3017 3585 3075 3639 in
3100 3585 3339 3641 medium
3383 3586 3683 3657 prodeunt.

2094 3680 2297 3735 Deinde
2326 3690 2380 3735 et
2406 3677 2661 3733 undecim
2714 3677 2835 3732 illas
2889 3679 3243 3749 quaestiones,
3285 3693 3409 3749 quae
3457 3680 3691 3736 edendae

2093 3780 2409 3841 supersunt,
2432 3770 2548 3826 suis
2574 3770 2920 3840 signavimus
2959 3771 3231 3837 numeris,
3295 3781 3354 3825 ut
3407 3780 3462 3826 et
3513 3774 3686 3828 totius

2092 3864 2275 3934 operis
2298 3872 2622 3934 prospectus
2655 3864 2851 3933 planus
2881 3862 2975 3917 ﬁat
3005 3874 3059 3918 et
3091 3864 3228 3919 ordo
3277 3862 3533 3919 Vaticani
3587 3884 3687 3921 co-

2093 3956 2250 4020 dicis,
2305 3956 2483 4027 quoad
2518 3956 2638 4025 ejus
2669 3955 2784 4010 ﬁeri
2815 3956 3010 4025 possit,
3054 3965 3431 4027 conseryetur.
3477 3958 3688 4028 Super-

2092 4059 2169 4105 est
2207 4058 2288 4117 ut,
2321 4050 2367 4105 si
2398 4049 2530 4120 quid
2562 4050 2667 4105 hoc
2705 4050 2758 4103 in
2791 4064 2956 4119 opere
2991 4064 3088 4120 pro
3124 4050 3390 4119 temporis
3419 4050 3691 4106 brevitate

2094 4141 2275 4197 minus
2297 4152 2605 4197 correctum
2640 4150 2694 4196 et
2714 4142 3018 4210 expolitum
3049 4142 3387 4205 dederimus,
3458 4143 3513 4197 si»
3549 4143 3691 4214 quid

2094 4235 2149 4290 in
2177 4252 2239 4290 ea
2270 4238 2572 4307 provincia,
2619 4253 2783 4307 quam
2833 4236 3200 4305 suscepimus,
3256 4239 3687 4309 neglexerimus,

2095 4331 2239 4400 quod
2279 4330 2503 4386 minime
2546 4338 2665 4384 erat
2728 4331 3188 4401 praetereundum,
3248 4331 3396 4385 docti
3464 4331 3691 4386 lectOris

406 4420 659 4476 cessione
709 4434 739 4473 a
790 4434 877 4473 me
915 4418 1100 4485 augeri
1138 4431 1299 4487 posse
1352 4415 1713 4470 animadverti
1773 4424 1827 4468 et
1866 4430 1989 4468 cum
2030 4414 2069 4467 Ι)
2100 4424 2314 4477 veniam
2372 4423 2768 4492 imploremus,
2835 4438 2997 4492 quem
3056 4421 3437 4477 dilﬁcultatem
3499 4423 3576 4477 rei
3633 4432 3690 4477 et

406 4530 493 4580 ea,
525 4530 645 4585 quze
697 4521 1022 4584 supererant
1057 4511 1291 4577 edenda,
1337 4510 1522 4565 omnia
1569 4509 1701 4564 dare
1742 4508 1995 4578 nequive-

407 4608 841 4676 rim,complura
890 4615 1071 4659 tamen
1114 4605 1492 4675 majoremque
1543 4612 1751 4671 partem
1814 4601 1991 4655 danda

406 4700 737 4756 existimavi.
760 4698 893 4766 Qua:
920 4699 1047 4753 licet
1076 4697 1403 4752 brevissimo
1444 4704 1687 4764 tempore
1717 4710 1782 4748 ex
1806 4710 1995 4747 exem-

408 4793 654 4864 plaribus
719 4790 1111 4863 manuscriptis
1162 4790 1355 4844 hausta
1422 4804 1529 4841 non
1597 4786 1809 4856 ingrata
1881 4784 1996 4839 fore

408 4884 640 4940 eruditis
664 4898 848 4955 spero,
882 4884 1082 4954 quibus
1117 4897 1265 4938 nunc
1296 4880 1401 4935 515
1426 4878 1759 4950 quaastiones
1792 4886 1994 4946 praesto

408 4988 588 5035 erunt.

484 5205 596 5277 (Μ)
626 5204 758 5259 Vide
782 5203 1161 5277 Ephenicridcs
1183 5202 1544 5277 Angustanas,
1576 5227 1648 5240 -~
1671 5197 1993 5268 Allgemeine

410 5271 656 5347 Zeituug.
690 5271 838 5330 anno
867 5276 1025 5337 1857,
1056 5290 1108 5327 n.
1142 5273 1245 5347 illi)
1271 5271 1553 5347 S_u_ppl_eru.

481 5341 771 5417 (45Γ8υιιι
798 5349 1128 5416 quaestiones
1160 5345 1245 5400 15.
1291 5342 1380 5406 77,
1546 5348 1991 5417 ebca’terzeAseo

409 5409 747 5543 ἓὲξιιῑὲὶὲιω
779 5409 1060 5473 recensita:
1089 5427 1302 5485 praeter,
1329 5429 1385 5483 q.
1415 5411 1540 5477 145,
1571 5411 1696 5475 M7,
1722 5409 1989 5475 “55,226,

511 5560 598 5627 46)
620 5558 768 5613 .Sunt
795 5575 887 5628 qq.
912 5557 1000 5619 «ες,
1036 5556 1123 5617 77.
1158 5555 1246 5623 7s,
1269 5553 1531 5623 137.147,
1560 5554 1683 5623 154,
1714 5549 1989 5619 226,253,

412 5628 703 5705 magis.
734 5630 859 5692 eis.
890 5628 1018 5705 273.

487 5702 600 5773 (47)
631 5700 772 5757 Sunt
821 5690 915 5772 qq.
968 5702 1055 5769 ιδ,
1090 5696 1364 5764 152,153,
1401 5693 1521 5762 105,
1547 5694 1831 5764 9.9.4.9125,
1861 5690 1995 5754 2i?»

2097 4516 2234 4569 tanti
2302 4516 2503 4584 negotii
2568 4515 2790 4579 molem,
2842 4529 2953 4584 quo
3022 4515 3273 4587 dispersa
3338 4515 3695 4585 disjectaque

2100 4607 2343 4660 membra
2382 4605 2435 4658 in
2482 4619 2651 4658 unum
2704 4619 2909 4674 corpus
2974 4605 3310 4674 colliguntur
3370 4621 3434 4660 ac
3492 4621 3693 4661 recens

2097 4700 2346 4755 detectis.
2376 4706 2667 4766 augeantur,
2711 4697 2848 4752 satis
2890 4698 3004 4767 jam
3075 4697 3276 4753 habere
3342 4707 3687 4768 perspectam

2099 4790 2450 4846 conﬁdunus.

2098 5194 2361 5258 252-254,
2389 5194 2517 5258 273,
2548 5192 2677 5255 276.
2712 5193 2843 5259 287,
2879 5193 3137 5249 314-517.

2104 5336 2126 5391 Γ
2172 5266 2283 5405 (48))
2320 5266 2460 5322 infra
2487 5282 2546 5338 (ι.
2577 5265 2818 5321 διε-525
2848 5268 2926 5335 (q.
2953 5264 3145 5333 95-97,
3180 5265 3303 5332 108,
3345 5266 3475 5322 288.
3511 5266 3695 5324 Mont—

2125 5353 2247 5392 auc.

2125 5353 2247 5392 auc.

2174 5408 2286 5478 (49)
2322 5408 2389 5473 Q.
2429 5407 2559 5464 524.

2174 5478 2286 5548 (50)
2330 5479 2600 5534 Nimirum
2634 5478 2739 5534 517
2754 5486 2829 5541 +
2846 5479 2876 5531 7
2892 5499 2965 5531 ::
2982 5480 3108 5536 524.

2172 5550 2284 5617 (5i)
2319 5551 2410 5605 Est
2442 5552 2768 5606 chartaceus
2807 5552 2862 5604 in
2902 5553 2957 5611 4.
2998 5568 3123 5608 sa‘c.
3154 5567 3220 5606 xv
3255 5561 3310 5606 et
3345 5566 3459 5608 xvt.
3485 5565 3514 5604 a
3548 5550 3692 5605 dno-

2101 5620 2207 5675 bus
2230 5622 2472 5695 diversis
2494 5622 2862 5695 conscriptus.
2886 5622 2975 5678 (2f.
3010 5624 3078 5679 de
3104 5640 3170 5677 eo
3192 5623 3412 5695 Arctin;
3445 5622 3701 5695 Beitrdge‘

2104 5708 2202 5747 zur
2235 5690 2539 5750 Geschichte
2567 5694 2662 5749 der
2692 5693 2986 5763 Literatur,
3018 5703 3060 5752 t.
3093 5695 3184 5762 IX,
3221 5711 3273 5765 p.
3302 5693 3565 5749 899-906.
