3916 6192
230 232 304 298 Ἠ

1591 250 2181 318 PROLEGOMENA.

1839 371 1920 434 II.

519 523 677 587 JOS.
719 524 1319 592 cumsrornom
1355 507 1658 593 WOLFII
1691 534 1845 594 ΡΜ

1956 535 2117 597 ιΤΙΟ
2184 536 2268 597 IN
2320 538 2599 600 PHO'I‘II
2658 539 3199 603 PATRIARCHJE

701 629 1230 702 QUIESTIONES
1272 634 1990 698 AMPH'ILOCHIANAS
2033 637 2242 710 QUAS
2283 640 2560 700 EDIDIT
2602 641 2714 702 AD
2756 641 3077 704 CALCEM

1007 732 1192 794 VOL.
1243 732 1294 794 V
1330 734 1718 796 CUIIARUM
1753 735 1960 795 PHIL.
2011 737 2111 796 ET
2157 737 2367 800 CRlT.
2403 739 2482 800 IN
2513 741 2588 800 N.
2627 743 2699 802 Τ.

1593 841 1956 903 BASILEIE
2005 842 2182 903 17M.

312 1148 587 1220 Quidquid
619 1150 823 1206 interea
861 1152 957 1206 otii
989 1153 1140 1225 (dum
1179 1153 1348 1210 Caras
1384 1157 1731 1229 philologicas
1767 1173 1814 1216 et
1847 1164 1891 1222 Δ
1921 1159 2095 1215 visum
2143 1159 2246 1216 fuit
2296 1161 2494 1217 Franc.
2527 1162 2880 1227 Combellsio,
2933 1163 3025 1233 qui
3068 1180 3392 1234 responsum
3429 1166 3521 1232 57,

242 1244 461 1299 criticas
491 1246 544 1298 in
577 1244 650 1298 Ν.
690 1245 751 1299 Τ.
789 1246 1158 1317 scripsissem)
1194 1251 1464 1320 reliquum
1510 1256 1642 1309 mihi
1690 1269 1830 1326 erat,

243 1332 298 1384 id
340 1333 405 1386 ad
433 1332 818 1402 divulgandam
850 1344 1056 1404 partem
1107 1337 1594 1406 Amphilochiorum
1628 1343 1830 1410 Photii,

243 1422 428 1478 adhuc
483 1424 808 1485 ἀνεκδότων,
858 1442 1022 1494 quam
1081 1427 1134 1481 in
1190 1429 1338 1482 calce
1391 1433 1669 1501 conspicis
1700 1452 1834 1490 con-

246 1515 372 1568 tuli.
413 1513 486 1569 De
539 1514 642 1570 hoc
692 1530 856 1584 opere
898 1517 970 1571 ita
1007 1517 1167 1573 habe.
1199 1516 1393 1574 Exstat
1430 1522 1561 1577 illud
1606 1525 1835 1585 Parisiis

247 1619 440 1669 manu,
467 1620 589 1674 qua!
616 1606 879 1660 saeculum
917 1622 968 1660 xu
1009 1606 1194 1674 refert,
1239 1621 1527 1666 exaratum
1560 1613 1614 1667 in
1647 1617 1836 1673 codice

246 1701 670 1755 membmnaceo
723 1700 832 1754 270
885 1701 1230 1757 bibliothecae
1275 1703 1647 1773 Coislinianze,
1703 1711 1834 1765 olim

249 1788 626 1860 Seguerianat,
659 1792 819 1862 cujus
871 1792 1195 1863 Catalogum
1242 1796 1531 1853 indefessa:
1564 1811 1834 1870 praestan-

251 1883 456 1938 tissimi
491 1883 755 1938 Bernardi
790 1884 1196 1940 Montel‘alconii
1231 1888 1517 1945 industria
1549 1894 1834 1952 debemus.

250 1975 561 2043 Inscriptio,
597 1993 664 2031 ex
703 1977 807 2032 Ilde
845 1977 1087 2048 Catalogi
1147 1980 1311 2046 illius,
1356 1997 1410 2051 ι),
1451 1983 1578 2050 526,
1625 1986 1699 2041 ita
1743 1987 1842 2040 ha.-

251 2065 384 2119 bet:
423 2064 506 2117 Τὰ
544 2064 892 2136 Ἀμφιλόχια.
933 2067 967 2139 ἢ
1007 2069 1181 2138 λόγων
1240 2071 1401 2141 ἱερῶν
1441 2075 1535 2128 καὶ
1587 2076 1839 2147 ζητημά-

246 2174 360 2210 των
390 2157 684 2226 ἱερολογίαι
722 2159 858 2229 πρὸς
889 2161 1261 2231 Ἀμφιλόχιον,
1291 2164 1382 2216 τὸν
1408 2167 1704 2222 ὁσιώτατον
1738 2187 1842 2240 μη-

246 2251 579 2320 τροπολίτην
614 2250 872 2317 Νυζίκου,
924 2254 982 2305 ὲν
1016 2253 1092 2324 τῷ
1132 2257 1306 2327 καιρῷ
1338 2258 1447 2311 τῶν
1491 2263 1838 2334 πειρασμῶν,

251 2344 587 2416 ζητημάτων
616 2347 914 2419 διαφόρων,
951 2350 1027 2413 si,
1061 2348 1295 2422 ἀριθμὸν
1337 2355 1672 2424 τριακοσίων
1715 2375 1842 2410 συν-

248 2438 541 2492 τεινόντων
563 2440 809 2493 ἐπίλυσιν
839 2443 1227 2512 αἰτησάμενον.
1246 2445 1300 2499 Id
1321 2457 1424 2510 est,
1448 2447 1837 2517 Amphilochia,

249 2548 344 2586 seu
368 2548 630 2586 sermones
661 2544 709 2587 et
741 2537 1056 2604 quaestiones
1083 2553 1250 2591 sacra:
1279 2539 1348 2591 ad
1381 2539 1837 2608 Amphilochium,

252 2625 653 2678 sanctissimum
707 2623 888 2694 Cyzici
943 2627 1371 2697 ntetrOpolitam,
1423 2632 1537 2700 qui,
1591 2642 1827 2698 tempore

252 2717 630 2781 tentationum,
660 2719 1018 2786 quwstionum
1063 2721 1356 2786 variarum,
1405 2739 1524 2790 quae
1562 2740 1844 2776 numerum

250 2809 363 2865 500
395 2811 706 2879 conﬁciunt,
738 2810 1054 2865 solutionem
1085 2814 1394 2881 expetierat.
1416 2814 1700 2885 Inscriptio
1733 2817 1849 2869 haec

252 2902 449 2956 eadem
493 2903 708 2957 ratione
744 2903 799 2956 in
840 2905 1028 2957 codice
1074 2902 1456 2972 Neapolitano,
1485 2904 1552 2958 de
1582 2921 1691 2974 quo
1719 2920 1846 2959 mox

253 2996 527 3054 dicemus,
548 2995 743 3062 legitur
761 2995 813 3049 in
843 2994 1280 3063 Ephemeridibus
1307 2995 1588 3050 litterariis
1617 2994 1844 3062 Venetis,

255 3086 444 3140 ltalice
481 3085 669 3152 editis,
707 3095 842 3141 tom.
879 3084 1096 3150 XXXII,
1124 3102 1248 3156 pag.
1279 3086 1370 3140 72.

328 3201 407 3256 Ex
455 3202 546 3256 illa
586 3217 716 3256 vero
774 3211 1020 3273 apparet,
1067 3202 1414 3273 Ἀμφιλόχια,
1454 3204 1559 3268 vel,
1599 3213 1657 3259 ut
1699 3204 1848 3258 Alla-

259 3296 371 3350 tius
401 3297 656 3365 appellat,
715 3296 1092 3368 Ἀμφιλόχεια,
1143 3297 1247 3360 vel,
1306 3306 1366 3350 ut
1411 3297 1528 3363 alii,
1584 3298 1846 3368 Ἀμφιλό-

258 3389 416 3461 χικὰ,
456 3390 578 3444 ideo
630 3391 918 3460 appellari,
961 3389 1105 3460 quod
1166 3388 1437 3459 Responsa
1495 3391 1584 3445 illa
1617 3391 1684 3446 ad
1718 3389 1848 3446 Am-

259 3485 626 3554 philochium,
679 3484 966 3554 praesulem
1018 3483 1369 3555 Cyzicenum,
1401 3494 1696 3554 petentem,
1739 3485 1850 3539 sint

257 3580 593 3648 perscripta.
623 3578 769 3632 Cave
798 3593 931 3632 vero
961 3579 1174 3640 credas,
1220 3579 1289 3632 de
1323 3579 1582 3632 (mmibus
1623 3579 1694 3632 ita
1729 3593 1850 3633 esse

265 3670 602 3725 habendum.
639 3670 699 3724 In
723 3669 982 3741 Epistolis
1011 3669 1211 3735 Photii,
1252 3687 1280 3723 a
1322 3669 1482 3724 Rich.
1515 3669 1851 3726 Montacutio

260 3759 452 3827 editis,
493 3775 586 3815 sex
639 3761 869 3814 onmino
901 3759 1271 3831 Amphilochii
1330 3776 1531 3814 nomen
1578 3758 1846 3815 referunt.

1871 2518 1913 2573 Β

1936 1253 2012 1308 De
2040 1255 2502 1325 incircumscripta
2545 1254 2676 1311 Filii
2720 1256 2928 1310 Deitate
2970 1257 3114 1312 inter
3152 1258 3522 1326 Amphilochii

1937 1347 2223 1419 Excerpta,
2255 1367 2310 1421 p.
2337 1350 2443 1406 2‘26
2495 1367 2722 1422 operum
2754 1353 2875 1423 ejus
2927 1352 3198 1419 exhibuit,
3229 1363 3376 1408 recte
3403 1352 3525 1408 ideo

1937 1453 2160 1498 notatus
2190 1443 2259 1498 ab
2295 1443 2494 1499 Allatio
2525 1445 2598 1500 De
2634 1448 2974 1502 consensione
3005 1445 3212 1501 Eccles.
3252 1445 3436 1501 Occid.
3475 1454 3526 1499 et

1940 1527 2144 1584 Orient.
2178 1547 2230 1600 p.
2264 1531 2389 1588 576.
2421 1533 2491 1587 At
2518 1533 2633 1603 ipse
2669 1533 3038 1591 Combelisius
3081 1551 3324 1590 errorem
3362 1551 3525 1590 suum

1939 1627 2162 1691 agnovit
2186 1624 2240 1678 in
2276 1623 2567 1681 Recensitis
2600 1630 2904 1683 auctoribus
2933 1630 3272 1685 Bibliotheca:
3298 1629 3526 1683 Patrum

1939 1714 2389 1784 Concionatoriw,
2425 1736 2479 1788 p.
2507 1718 2633 1786 152,
2666 1721 2760 1792 qui
2792 1721 3010 1777 libellus
3047 1722 3282 1777 seorsim
3328 1719 3530 1791 prodiit

1937 1807 2170 1864 Parisiis
2207 1810 2366 1875 I662,
2395 1812 2452 1867 8.

2010 1920 2165 1989 Quod
2193 1923 2260 1976 ad
2309 1930 2696 1994 argumentum
2729 1925 3072 1980 collectionis
3108 1927 3277 1995 hujus
3299 1936 3529 1997 spectat,

1941 2017 2180 2071 maxima
2215 2017 2370 2072 illius
2407 2034 2536 2088 pars
2564 2018 2616 2071 in
2656 2019 3000 2074 illustrandis
3035 2019 3246 2076 Veteris
3292 2031 3345 2076 et
3391 2020 3530 2076 Novi

1940 2109 2295 2165 Instrumenti
2330 2111 2568 2166 oraculis
2615 2112 3013 2168 diﬂicilioribus
3054 2125 3375 2183 occupatur.
3413 2114 3530 2170 Ile-

1943 2202 2088 2272 liqua
2122 2217 2250 2270 pars
2281 2219 2426 2258 nunc
2451 2204 2781 2274 theologica,
2814 2221 2958 2258 nunc
2985 2207 3365 2276 philosophica
3393 2208 3531 2261 varii

1941 2295 2180 2364 generis,
2231 2311 2378 2350 nunc
2431 2297 2813 2366 grammatica,
2867 2314 3014 2352 nunc
3067 2298 3324 2354 Historia:
3367 2299 3534 2355 eccle-

1941 2388 2176 2444 siastica
2208 2397 2255 2442 et
2287 2389 2568 2443 litterariae
2599 2390 2778 2459 capita
2813 2393 3180 2460 persequitur.

2014 2481 2276 2536 Collectio
2327 2480 2444 2551 ipsa
2507 2497 2784 2551 nunquam
2850 2482 3024 2536 lucem
3085 2483 3237 2548 vidit,
3278 2484 3534 2552 quamvis

1949 2590 2113 2627 manu
2145 2583 2368 2627 exarata
2400 2575 2452 2626 in
2491 2575 2657 2628 variis
2684 2573 3028 2628 bibliothecis
3057 2584 3252 2628 exstet.
3279 2573 3335 2628 lu
3358 2573 3531 2629 Gallia

1950 2667 2176 2721 Parisiis
2201 2666 2559 2720 bibliotheca:
2584 2666 2902 2720 Colhertiua
2927 2676 2981 2721 et
3012 2667 3354 2720 Coisliniana
3388 2667 3535 2721 illius

1948 2757 2160 2825 copiam
2194 2755 2427 2810 faciunt.
2463 2755 2620 2807 Prior
2652 2754 2707 2808 in
2737 2754 2926 2808 codice
2970 2755 3097 2820 Mi,
3125 2769 3288 2821 quem
3332 2753 3407 2806 ita
3429 2752 3538 2807 .de-

1950 2850 2142 2906 scribit
2193 2849 2280 2903 ιο.
2334 2848 2577 2918 Baptista
2637 2845 2944 2902 Coteletius
3004 2847 3057 2900 in
3120 2844 3277 2901 Notis
3326 2845 3392 2900 ad
3449 2853 3539 2900 to-

1949 2959 2099 2998 mum
2129 2942 2198 2996 III
2225 2942 2686 2995 Monumentorum
2716 2938 2968 2992 Ecclesia:
2997 2937 3218 3004 Graecae,
3258 2953 3379 3007 pag.
3407 2935 3534 2992 556:

1956 3055 1974 3087 ι
2021 3034 2301 3090 Adversus
2333 3031 2731 3087 Manichaicam
2762 3032 2993 3086 hacresin
3016 3031 3386 3086 Paulicianam
3411 3029 3536 3083 libri

1948 3121 2127 3177 Photii
2175 3129 2436 3192 quatuor,
2483 3120 2775 3193 Euthyniio
2831 3119 3108 3192 Zigabeno
3156 3120 3278 3182 visi.
3321 3129 3541 3175 exstant

1950 3217 2072 3271 cod.
2097 3216 2414 3270 Colbertiuo
2452 3215 2578 3280 HI,
2614 3230 2722 3267 una
2763 3229 2890 3267 cum
2936 3212 3186 3282 ejusdem
3232 3211 3538 3266 doctissimi

1950 3308 2051 3362 viri
2106 3307 2514 3376 Amphilochiis,
2575 3316 2631 3361 ut
2686 3305 3014 3360 certissimis
3065 3304 3286 3359 indiciis
3347 3305 3540 3373 depre-

1950 3400 2138 3464 bendi,
2164 3399 2416 3470 quamvis
2464 3399 2652 3458 titulo,
2696 3398 2896 3467 capite,
2937 3396 3110 3450 cauda
3171 3406 3363 3450 trunca
3408 3395 3538 3450 sint.

1951 3491 2307 3548 Posteriorin
2343 3491 2532 3547 codice
2563 3489 2692 3556 Q70,
2744 3489 2879 3542 olim
2934 3489 3038 3543 I39
3093 3503 3160 3542 ex
3207 3503 3342 3557 quo,
3391 3487 3539 3556 quod

1953 3584 2116 3638 modo
2155 3582 2496 3644 monuimus,
2546 3578 2862 3633 Bernardus
2898 3577 3361 3632 Montefaleonius
3393 3588 3446 3631 et
3473 3577 3542 3630 ti-

1955 3677 2098 3731 tulos
2122 3685 2176 3728 et
2205 3674 2356 3728 initia
2401 3673 2507 3728 368
2556 3671 2970 3740 Responsorum
3010 3670 3264 3724 exhibuit
3296 3671 3350 3723 in
3384 3671 3544 3722 Cata-

1953 3768 2077 3838 logo
2103 3766 2363 3821 Biblioth.
2387 3764 2758 3829 Coislinianae,
2785 3778 2907 3834 pag.
2934 3762 3040 3816 525
3063 3778 3242 3832 seqq.,
3260 3761 3541 3830 subjectis,

263 3853 345 3908 Ex
380 3855 466 3908 his
501 3862 611 3908 tres
642 3863 853 3907 tantum
882 3863 1100 3910 exstant
1134 3853 1189 3908 in
1215 3852 1620 3922 Amphilochiis,
1653 3869 1849 3922 nempe
1876 3865 1919 3924 ο
1953 3860 2270 3932 speciminis
2318 3859 2462 3924 loco,
2505 3867 2742 3927 quatuor
2787 3855 3112 3926 Responsis,
3163 3870 3216 3925 p.
3251 3855 3355 3910 546
3385 3870 3542 3924 seqq.

261 3961 389 4016 epp.
425 3945 547 4013 I57,
589 3945 711 4003 165.
743 3945 868 4011 178,
903 3961 1028 4000 cum
1068 3947 1267 4015 quibus
1299 3955 1487 4000 exacte
1514 3945 1850 4000 conveniunt
1960 3967 2082 4021 qua:
2129 3967 2252 4004 mox
2316 3948 2738 4018 appellabimus.
2792 3948 2852 4003 In
2907 3947 3059 4002 Italia
3113 3949 3286 4001 lloma
3344 3947 3545 4015 duplex

259 4056 526 4110 responsa
565 4040 684 4108 ωε,
705 4041 814 4096 255
838 4049 891 4095 et
925 4040 1048 4096 I78.
1082 4041 1216 4097 Tres
1246 4049 1457 4096 caatera:
1487 4055 1615 4094 vero
1653 4055 1849 4110 nempe
1960 4042 2142 4113 operis
2177 4043 2488 4111 exemplum
2521 4040 2778 4102 exhibet;
2829 4040 3063 4094 alterum
3109 4040 3164 4094 in
3205 4039 3546 4093 Bibliotheca

264 4133 395 4198 I68,
435 4135 536 4188 I98
579 4143 634 4188 et
671 4132 776 4187 207
821 4132 966 4188 inter
998 4132 1267 4202 Responsa
1311 4133 1402 4188 illa
1447 4132 1848 4188 desiderantur.

257 4228 348 4284 Ab
374 4228 546 4282 altera
592 4235 745 4297 parte
791 4227 843 4280 in
893 4226 1282 4295 Amphilochiis
1337 4227 1685 4297 Responsum
1718 4224 1846 4293 141,

261 4321 414 4390 quod
446 4321 612 4374 habes
648 4320 788 4373 infra
829 4335 882 4390 p.
917 4319 1044 4383 708,
1096 4318 1415 4374 inscribitur
1441 4317 1848 4388 Amphilochia,

263 4414 412 4484 quod
446 4413 650 4468 frustra
675 4412 876 4483 qumris
899 4413 1040 4466 inter
1065 4411 1360 4482 Epistolas.
1392 4411 1660 4466 Praeterea
1686 4411 1853 4466 multa

266 4507 567 4575 Responsa,
612 4507 664 4560 in
716 4505 1099 4575 Amphilochiis
1131 4507 1424 4568 exstantia,
1450 4505 1613 4559 etiam
1646 4504 1702 4558 in
1733 4505 1854 4574 epi-

264 4602 427 4658 stolis
460 4604 580 4668 (ceu
619 4616 744 4654 mox
769 4599 1142 4671 ostendemus)
1177 4600 1449 4670 leguntur,
1500 4597 1592 4652 sed
1619 4598 1852 4652 aliorum

267 4694 587 4748 nominibus
619 4695 900 4761 inscripta.
931 4693 1012 4747 Ita
1043 4693 1210 4761 Resp.
1240 4691 1342 4746 I66
1370 4691 1698 4761 estepistola
1732 4689 1855 4756 I55,

267 4803 398 4857 qua:
446 4795 630 4840 tamen
681 4785 754 4839 ibi
809 4783 1156 4838 Constantini
1196 4784 1380 4839 fratris
1422 4798 1622 4837 nomen
1671 4781 1854 4836 refert.

267 4879 570 4949 Propterea
606 4877 677 4930 ita
718 4877 902 4946 potius
929 4876 1276 4932 statuendum
1315 4883 1470 4944 puto,
1502 4873 1652 4944 quod
1691 4873 1858 4928 varia:

266 4971 454 5026 Pizotii
481 4971 730 5040 epistolm
757 4969 887 5025 hinc
922 4970 1048 5024 inde
1081 4967 1194 5023 sint
1217 4968 1478 5031 collectae,
1503 4977 1558 5021 et
1583 4965 1859 5035 Amphilo-

270 5066 519 5147 ehiorum
553 5063 777 5118 nomine
828 5062 1122 5131 insignitae,
1159 5061 1303 5125 ideo,
1349 5060 1493 5130 quod
1523 5059 1718 5112 Photio
1743 5055 1858 5110 fre-

1964 4134 2248 4198 V'aticana,
2281 4133 2514 4186 alterum
2543 4131 2597 4186 in
2639 4129 2961 4212 Barherina,
2992 4142 3159 4199 atque
3191 4131 3294 4185 hoc
3315 4131 3542 4200 quidem

1963 4226 2242 4282 Francisci
2295 4223 2521 4279 Arcudii
2558 4240 2722 4278 manu
2769 4224 3126 4292 descriptum.
3187 4222 3260 4276 De
3312 4234 3548 4291 utroque

1963 4317 2116 4374 testis
2143 4328 2226 4372 est
2259 4315 2369 4370 Leo
2397 4314 2630 4370 Allatius
2668 4315 2721 4368 in
2754 4314 2910 4369 libris
2943 4312 3008 4367 Ill
3048 4313 3116 4368 de
3149 4312 3401 4368 Ecclesia:
3444 4311 3548 4366 0c-

1965 4411 2242 4466 cidentalis
2273 4420 2322 4465 et
2348 4410 2639 4465 Orientalis
2672 4420 2923 4479 perpetua
2946 4410 3307 4474 consensione,
3337 4409 3431 4462 lib.
3484 4424 3546 4468 ιι,

1965 4519 2014 4559 c.
2041 4503 2094 4570 6,
2121 4519 2175 4573 p.
2203 4503 2329 4557 576.
2371 4520 2388 4552 ι
2430 4498 2580 4572 Opus
2618 4509 2726 4563 est,
2757 4501 2956 4569 inquit,
2989 4499 3206 4553 varium
3251 4507 3306 4551 et
3365 4496 3548 4550 inulti-

1963 4597 2104 4667 plice
2151 4595 2462 4650 eruditione
2503 4594 2757 4662 plenum,
2811 4592 3081 4662 theologis
3131 4606 3195 4645 ac
3248 4589 3548 4661 Scriptura:

1964 4687 2376 4756 expositorihus
2425 4684 2664 4739 maxime
2715 4683 3117 4747 necessarium,
3165 4695 3342 4748 eoque
3376 4679 3550 4748 magis

1966 4776 2430 4848 amplectendum,
2459 4775 2607 4846 quod
2642 4789 2748 4827 non
2779 4773 2936 4836 alibi,
2973 4786 3138 4840 quam
3168 4770 3222 4823 in
3259 4768 3549 4831 Vaticana,

1968 4888 2113 4927 nunc
2134 4882 2471 4939 postremum
2493 4884 2557 4922 ex
2579 4867 2732 4920 libris
2753 4863 3038 4928 Lollianis,
3063 4863 3166 4918 sub
3187 4860 3410 4917 Urbano
3431 4858 3549 4914 VIII

1969 4963 2266 5022 invectum,
2299 4959 2447 5028 quod
2479 4959 2594 5024 ipse
2617 4955 2812 5017 sciam,
2846 4959 3045 5016 exstet.
3080 4969 3098 5002 ι
3142 4949 3209 5003 Et
3247 4947 3436 5018 paucis
3469 4946 3554 4999 in-

1971 5051 2216 5122 terjectis
2245 5067 2260 5104 :
2299 5067 2318 5098 ι
2362 5045 2510 5116 Opus
2541 5053 2654 5099 tam
2687 5043 2911 5114 dignum
2939 5050 2994 5095 et
3031 5042 3276 5099 doctum.
3315 5053 3346 5090 a
3377 5034 3555 5088 Fran—

235 5129 452 5231 "qiieiis
502 5158 806 5211 litterarum
855 5171 982 5210 cum
1033 5154 1418 5222 Amphilochio
1469 5152 1860 5206 commercium
1898 5217 1938 5233 n
1970 5147 2122 5202 cisco
2166 5140 2411 5197 Arcudio
2439 5179 2456 5206 ,
2498 5135 2758 5192 Νυεείιηο
2805 5134 3046 5233 flentum-
3090 5129 3383 5233 ειξῑεςορο,
3439 5129 3554 5233 illo

273 5217 672 5307 intercesserit.
707 5248 887 5302 Taceo
938 5247 1200 5301 nonnulla
1264 5247 1317 5299 in
1362 5245 1450 5299 his
1497 5243 1711 5307 haberi,
1744 5257 1864 5312 quae
1898 5217 1942 5272 θ
1974 5237 2179 5294 Graecis
2224 5233 2545 5301 Latinisque
2581 5228 2778 5284 litteris
2811 5227 2974 5296 longe
3015 5221 3361 5283 doctissimo.
3394 5217 3556 5312 {nihi'

273 5360 387 5399 non
425 5355 534 5396 tam
560 5341 850 5410 Responsa,
897 5355 1062 5409 quam
1116 5339 1377 5407 Excerpta
1421 5338 1670 5407 quaedam
1719 5335 1868 5390 refe-

275 5446 431 5504 runt,
461 5453 585 5506 qua:
614 5434 845 5489 Pbotius
865 5451 929 5489 ex
967 5434 1112 5499 aliis,
1137 5449 1188 5487 ν.
1211 5449 1260 5489 c.
1292 5432 1712 5502 Chrysostomo,
1733 5438 1866 5494 etc.,

277 5533 454 5604 petiit.
479 5529 617 5585 Vide
649 5545 713 5582 ex
744 5544 827 5598 gr.
854 5527 994 5580 infra
1025 5543 1079 5596 p.
1119 5526 1243 5590 730,
1276 5525 1401 5580 800.
1439 5525 1496 5579 Id
1520 5533 1731 5578 certum
1761 5529 1869 5584 est,

276 5586 690 5695 'Amphilochio,
739 5619 995 5690 episcopo
1042 5620 1355 5682 lconiensi,
1415 5633 1523 5672 non
1579 5613 1868 5670 tribuenda
1979 5609 2088 5664 suit
2139 5607 2408 5661 bonarum
2461 5597 2708 5695 omnium
2765 5595 3078 5695 artium.et
3137 5586 3426 5695 disciplina

1975 5345 2082 5402 que
2123 5327 2433 5384 studiorum
2473 5321 2844 5378 familiaritate
2882 5314 3362 5386 conjunctissimo,
3398 5310 3558 5364 bien-

1975 5400 2123 5479 nium
2157 5432 2283 5476 ante
2305 5419 2418 5473 lato
2446 5417 2657 5480 functo,
2680 5408 3098 5468 characteribus
3128 5400 3559 5475 elegantissimis

1978 5513 2397 5587 diligentissime
2430 5509 2786 5576 descriptum,
2826 5504 2885 5558 in
2914 5516 3012 5557 sua
3035 5497 3370 5587 bibliotheca
3401 5505 3559 5560 repo-

3434 5596 3556 5634 l'lllll

479 5731 604 5785 qua:
647 5713 703 5768 iu
756 5678 1142 5782 Atnphi'lochiis
1173 5713 1445 5784 leguntur.
1483 5709 1598 5765 lloc
1642 5708 1865 5780 quidem
1977 5707 2338 5765 restaurator,
2390 5693 2730 5752 Franciscus
2777 5685 3133 5750 Barberinus,
3177 5678 3410 5755 publica:
3437 5688 3564 5730 om-
