3916 6192
364 261 439 323 23
1522 244 1602 305 ΙΝ
1634 230 2161 301 AMPHILOCHIA
2193 226 2460 287 PHOTIl
3557 216 3631 278 24
3670 234 3673 237 -

366 381 520 434 nium
560 366 933 431 ﬁommodiiati
968 381 1131 440 atque
1168 364 1413 422 ιιιῐιῑιειιὶ.
1458 382 1476 415 ι
1523 360 1598 415 Dc
1627 356 1816 415 codice
1857 348 1951 403 illo
1981 348 2027 405 Δ
2057 342 2299 395 sliniani.
2323 340 2509 409 Itaque
2533 336 2679 392 absit
2723 347 2781 392 ut
2812 336 2879 390 de
2910 335 3123 406 integro
3153 333 3635 403 Amphilochiorum

368 472 615 528 Lolliano
652 469 855 523 videsis
899 466 1074 537 ipsius
1123 462 1322 517 Lollini
1377 455 1668 528 Epistolas,
1717 468 1772 523 p.
1823 449 1950 506 326.

369 563 573 618 Praeter
632 561 748 616 haec
802 556 1198 612 bibliothecam
1254 549 1656 605 Taurinensem
1707 543 1954 613 ejusdem

372 654 559 723 operis
622 650 932 720 exemplum
975 646 1175 703 habere
1204 649 1421 700 constat
1461 656 1529 695 ex
1578 634 1956 704 Ephemeribus

371 745 537 798 litter.
582 742 813 805 Venetis,
860 750 992 794 tom.
1026 738 1113 803 Vl,
1149 752 1203 806 p.
1228 734 1354 789 478.
1393 732 1473 786 Ad
1508 730 1598 785 illa
1629 726 1838 783 accedit
1864 741 1959 779 eo-

374 838 476 892 dex
510 837 927 906 Neapolitanus,
961 832 1029 888 de
1051 848 1160 902 quo
1193 828 1427 884 Allatius
1450 827 1488 881 1.
1519 840 1569 880 c.
1604 824 1716 877 ita:
1748 840 1766 875 ι
1788 821 1962 876 Annis

378 933 737 987 nihilominus
765 928 989 998 elapsis,
1018 924 1238 994 Neapoli
1270 923 1524 977 inventus
1549 926 1635 973 est
1664 917 1835 972 codex
1865 930 1965 968 an-

378 1024 750 1095 tiquissimus.
794 1022 907 1075 imo
940 1018 1171 1073 frustum
1206 1012 1577 1083 antiquissimi
1607 1009 1835 1074 codicis,
1870 1022 1963 1061 ve-

381 1124 585 1172 tustate
625 1129 876 1175 exesum,
914 1110 1182 1182 principio
1219 1116 1273 1163 et
1318 1108 1425 1161 line
1460 1103 1715 1159 mutilum
1749 1119 1762 1155 :
1800 1116 1866 1155 ex
1900 1113 1967 1152 eo

382 1210 709 1279 transcripta
740 1207 908 1262 dubia
938 1214 991 1259 et
1026 1203 1330 1258 solutiones
1379 1196 1599 1269 viginti,
1645 1210 1769 1250 cum
1807 1191 1968 1262 plura

385 1318 493 1355 non
546 1309 752 1364 essent,
799 1308 852 1352 et
903 1296 968 1349 ad
1020 1311 1129 1360 me,
1179 1292 1346 1348 veluti
1396 1293 1691 1345 thesaurus
1747 1286 1965 1356 ingens,

386 1395 708 1449 transmissa
743 1404 873 1447 sunt
904 1391 973 1444 ab
1015 1386 1402 1445 eruditissimis
1434 1383 1587 1449 viris,
1622 1381 1715 1452 qui
1748 1394 1969 1450 operam

385 1502 541 1541 suam
574 1486 628 1541 in
662 1486 771 1541 illis
795 1484 1136 1540 illustrandis
1167 1479 1581 1551 pollicebantur;
1603 1489 1815 1538 verum,
1846 1486 1971 1526 cum

386 1578 700 1643 scivissem,
742 1578 903 1648 cujus
946 1576 1037 1631 illa
1082 1582 1261 1637 erant,
1310 1581 1365 1627 et
1408 1586 1545 1641 opus
1577 1568 1847 1637 integrum
1879 1579 1976 1618 exc

389 1680 559 1731 stare,
595 1669 975 1740 neglexerunt.
1009 1686 1027 1719 ι
1060 1666 1215 1721 llunc
1249 1664 1425 1735 ipsum
1467 1661 1712 1718 codicem
1760 1672 1869 1711 non
1897 1655 1973 1709 ita

390 1762 600 1830 pridem
627 1763 942 1833 diligentius
967 1759 1257 1829 descripsit
1286 1759 1369 1810 vir
1395 1757 1579 1811 clarus
1614 1750 1974 1807 Sebastianus

391 1856 567 1916 Pauli,
621 1852 910 1921 Lucensis,
955 1854 1010 1908 in
1064 1855 1227 1924 epist.
1279 1852 1345 1906 ad
1405 1850 1605 1904 illustr.
1661 1844 1975 1914 Scipionem

390 1946 687 2012 Mall‘einm,
741 1962 864 2015 quae
912 1946 966 2000 in
1022 1945 1216 2000 iisdem
1267 1938 1706 2011 Ephemeridibus
1768 1933 1977 1989 Venetis

394 2051 526 2095 tom.
546 2039 764 2103 XXXII,
791 2056 844 2109 p.
865 2038 933 2094 58
950 2054 1104 2107 seqq.
1125 2036 1342 2108 legitur.
1364 2035 1436 2089 lbi
1470 2032 1689 2103 quidem
1712 2045 1767 2100 p.
1787 2027 1880 2094 65,
1895 2041 1981 2083 co-

391 2136 490 2188 ilex
535 2135 622 2188 hic
655 2149 923 2188 annorum
952 2130 1054 2186 600
1080 2139 1290 2185 aetatem
1311 2128 1512 2181 habere
1531 2121 1979 2181 etann01717ex

393 2224 619 2278 Archivo
640 2223 742 2280 SS.
767 2222 1143 2293 Apostolorum
1173 2222 1228 2274 in
1256 2216 1649 2272 Bibliothecam
1673 2213 1980 2268 Caesaream

398 2316 899 2379 Vindobonensem,
927 2330 1033 2368 una
1062 2328 1187 2369 cum
1219 2310 1502 2368 codicibus
1526 2307 1652 2362 aliis
1678 2315 1896 2359 centum
1926 2309 1981 2355 et

397 2411 635 2479 amplius
665 2449 680 2473 ,
748 2408 1050 2463 translatus
1099 2420 1224 2461 esse
1271 2402 1496 2457 dicitur.
1555 2400 1983 2468 Comparaverut

398 2504 552 2558 illum
578 2504 708 2558 olim
754 2502 957 2558 Anton.
986 2500 1362 2563 Caracciolus,
1404 2508 1459 2552 et
1492 2480 1719 2551 Romam
1760 2493 1986 2546 miserat

400 2599 467 2650 ad
522 2596 762 2652 Leonem
819 2596 1104 2661 Allatium,
1135 2594 1247 2667 qui.
1285 2593 1559 2653 eumdem,
1619 2605 1651 2644 a
1704 2587 1984 2657 Neopbyto

407 2688 646 2753 Rodino,
680 2691 951 2744 monacho
996 2686 1219 2758 Cyprio,
1273 2684 1631 2752 descriptum,
1673 2679 1843 2734 variis
1903 2676 1983 2730 le-

400 2782 677 2837 ctionibns
707 2783 790 2837 vel
822 2778 1299 2836 emendationibus
1333 2776 1398 2830 ad
1426 2773 1725 2844 marginem
1776 2770 1984 2824 instru-

402 2884 575 2930 xerat.
600 2873 777 2945 Hujus
801 2890 926 2929 vero
950 2872 1250 2944 apograpbi
1275 2870 1431 2939 copia
1469 2884 1575 2921 una
1604 2881 1728 2920 cum
1752 2862 1985 2934 cpistola

415 2968 600 3022 Allatii
634 2967 701 3022 ad
731 2966 1110 3023 Caracciolum
1143 2964 1325 3019 adhuc
1355 2971 1532 3016 exstat
1565 2958 1786 3029 Neapoli
1816 2957 1867 3011 in
1894 2956 1987 3010 illo

2057 439 2245 494 codice
2278 436 2601 507 cngitemus.

2130 530 2218 592 lli,
2253 544 2393 598 quos
2431 527 2571 591 dixi,
2604 524 2827 581 codices
2865 532 2919 579 et
2962 536 3193 578 numero
3226 530 3281 576 et
3314 521 3506 577 ordine
3536 521 3642 576 Re-

2060 636 2389 693 sponsorum
2435 618 2717 674 differunt.
2780 617 2855 672 Ita
2917 632 2986 673 ex
3045 616 3170 672 cod.
3214 614 3480 670 Vaticano
3536 614 3646 670 Re-

2061 729 2263 782 sponsa
2297 713 2403 768 313
2453 711 2691 782 appellat
2724 709 2995 773 Allatius,
3035 709 3111 763 De
3141 708 3499 771 consensione,
3533 715 3642 763 etc.

2062 824 2119 879 p.
2135 806 2261 863 576.
2277 805 2457 876 Atque
2486 803 2710 859 totidem
2737 802 2790 857 in
2814 800 3132 856 Colbertino
3154 808 3371 855 exstare
3401 798 3645 853 intellexi

2066 915 2134 954 ex
2173 900 2286 963 illa,
2332 912 2495 967 quam
2539 896 2733 961 habeo,
2787 893 3279 962 Amphilochiorum
3325 900 3499 961 parte.
3541 889 3649 957 Qui

2066 993 2211 1048 enim
2235 1007 2355 1045 eam
2382 1007 2449 1045 ex
2475 989 2816 1044 Coisliniano
2837 988 3163 1057 descriptam
3187 1001 3310 1040 cum
3333 984 3652 1040 Colbertino

2069 1085 2322 1148 contulit,
2350 1082 2551 1138 Franc.
2601 1082 2826 1153 Dionys.
2872 1081 3224 1142 Camusatus,
3263 1079 3330 1133 de
3358 1093 3465 1147 quo
3498 1092 3647 1141 mox,

2071 1176 2360 1246 aliquoties
2392 1184 2599 1238 monet,
2646 1177 2748 1229 hoc
2786 1174 2868 1228 vel
2918 1173 3050 1227 illud
3092 1187 3419 1241 responsum
3460 1170 3653 1224 haberi

2073 1270 2129 1324 in
2162 1268 2478 1323 Colbertino
2499 1282 2729 1321 numero
2758 1266 2812 1332 5,
2846 1282 2897 1320 c.
2920 1266 2974 1327 4,
3002 1280 3069 1319 ex
3100 1264 3348 1318 tredecim
3380 1262 3510 1325 illis,
3533 1277 3659 1330 qua:

2074 1379 2240 1432 supra
2289 1360 2392 1416 300
2423 1360 2479 1414 in
2518 1360 2835 1414 Colbertino
2880 1357 2974 1412 illo
3016 1366 3252 1413 exstent.
3311 1357 3387 1409 Ita
3444 1355 3512 1409 ad
3549 1353 3659 1408 Re-

2076 1470 2343 1525 sponsum
2376 1452 2501 1519 116,
2526 1450 2615 1505 διὰ
2634 1450 2688 1502 τι
2717 1450 3061 1522 πρωτότοκον
3090 1452 3118 1502 ὁ
3142 1449 3275 1512 Θεὸς
3305 1448 3399 1502 τὸν
3442 1446 3661 1519 Ἰσραὴλ

2077 1543 2254 1609 καλεῖ,
2325 1544 2465 1613 lego,
2521 1549 2739 1596 exstare
2802 1540 2931 1594 illud
2983 1555 3135 1594 num.
3185 1539 3239 1602 3,
3324 1538 3659 1592 extredecim

2079 1647 2274 1708 praeter
2294 1636 2401 1691 300
2425 1644 2478 1691 et
2494 1637 2560 1691 ad
2583 1634 2929 1704 Responsum
2954 1633 3077 1698 123,
3109 1632 3212 1702 legi
3240 1631 3368 1686 illud
3393 1646 3548 1685 num.
3570 1631 3661 1697 10,

2078 1745 2143 1784 ex
2175 1728 2366 1783 iisdem
2404 1727 2663 1782 tredecim
2690 1741 2855 1795 supra
2884 1724 3011 1779 300.
3041 1724 3338 1779 Observavi
3367 1732 3661 1793 praeterea,

2081 1824 2134 1878 in
2164 1820 2483 1876 Colbertino
2511 1833 2907 1889 nonnunquam
2939 1817 3265 1881 desiderari,
3289 1832 3412 1886 qua:
3440 1826 3667 1872 exstant

2078 1915 2137 1971 in
2176 1914 2541 1971 Coisliniano.
2582 1913 2700 1967 Huc
2732 1911 3012 1983 pertinent
3060 1909 3171 1965 duo
3211 1910 3325 1971 illa,
3362 1926 3485 1979 quae
3517 1909 3666 1965 inira

2080 2008 2270 2071 habes,
2301 2023 2353 2077 p.
2385 2006 2508 2067 684,
2538 2021 2639 2060 nec
2663 2004 2844 2059 minus
2876 2002 3218 2074 Responsum
3245 2003 3315 2059 95
3342 2013 3397 2058 et
3428 2002 3519 2070 96,
3552 2012 3665 2059 etc.

2080 2101 2140 2156 ln
2186 2101 2529 2156 Coisliniano
2574 2098 2717 2168 apud
2769 2095 3259 2152 Montcfalconium
3306 2105 3670 2151 numerantur

2081 2195 2363 2267 llespOnsa
2386 2194 2513 2249 308.
2540 2194 2712 2249 Porro
2734 2193 2870 2247 ordo
2895 2190 3304 2262 Responsorum
3329 2191 3473 2245 alius
3500 2198 3671 2258 atque

2083 2288 2225 2343 alius
2276 2296 2362 2343 est
2413 2286 2468 2340 in
2513 2294 2747 2355 utroque
2791 2283 2977 2338 codice
3034 2281 3357 2337 Parisiensi.
3401 2279 3671 2347 Quamvis

2082 2385 2226 2440 enim
2255 2393 2483 2454 uterque
2515 2399 2687 2452 usque
2719 2382 2786 2436 ad
2815 2382 2975 2451 Resp.
2991 2379 3055 2433 77
3081 2380 3185 2435 sibi
3210 2379 3444 2433 invicem
3476 2390 3673 2434 exacte

2087 2479 2471 2548 respondeant,
2505 2476 2650 2544 quod
2674 2474 2745 2530 ad
2774 2483 2972 2529 cmtera
3006 2484 3189 2529 tamen
3225 2472 3520 2528 admodum
3545 2487 3577 2526 a
3610 2487 3676 2527 se

2085 2574 2299 2629 ratione
2326 2573 2537 2628 ordinis
2560 2571 2920 2626 dissentiunt.

2157 2665 2313 2733 Quod
2340 2667 2407 2721 ad
2438 2664 2810 2737 Amphilochia
2846 2666 2963 2735 ipsa
2994 2674 3227 2737 spectat,
3262 2675 3414 2722 sexta
3452 2662 3678 2719 circiter

2089 2763 2307 2817 illorum
2341 2776 2469 2831 pars
2495 2760 2549 2814 in
2594 2760 2846 2830 epistolis
2878 2758 3085 2823 Phatii,
3130 2774 3270 2829 quas
3313 2758 3541 2813 erudita:
3578 2754 3679 2810 Ri-

2089 2855 2277 2910 cbardi
2312 2853 2635 2908 Montacntii
2669 2852 2959 2909 industriae
2995 2854 3283 2912 debemus.
3311 2861 3514 2908 exstat.
3543 2852 3680 2906 lllo-
3774 2888 3784 2896 .

2092 2964 2211 3002 rum
2251 2947 2393 3001 dabo
2418 2946 2659 3001 Iudicem
2705 2946 2759 3000 in
2803 2946 3035 3015 gratiam
3072 2961 3285 3011 eorum,
3317 2947 3412 3016 qui
3439 2945 3683 3001 fortasse

407 3060 508 3115 ss,
552 3060 932 3129 Aposguzomm
982 3059 1231 3117 Ατσιιξυο,
1290 3055 1434 3109 unde
1487 3052 1651 3108 aliam
1704 3051 1809 3105 sibi
1863 3040 2462 3116 fecitCAmpht'locht'a
2508 3040 2669 3093 edere
2724 3038 3107 3103 instituerint,
3161 3039 3409 3094 ordinem
3474 3040 3684 3095 codicis

404 3153 579 3209 Νἰρυι.
616 3149 1246 3220 Falc0nius,abbas,qui
1281 3164 1372 3202 an.
1412 3147 1550 3201 1719
1572 3144 1989 3200 conversionem

406 3247 530 3315 cjtts
572 3244 819 3300 Latinam
848 3245 1000 3315 prelo
1036 3243 1266 3313 paravit.
1297 3240 1399 3295 Illo
1428 3254 1594 3310 porro
1624 3239 1813 3294 codice
1841 3251 1995 3291 com-

411 3339 829 3409 prehenduntur
876 3336 1068 3409 viginti
1129 3343 1341 3390 tantum
1396 3346 1663 3402 responsa
1697 3372 1711 3395 ,
1769 3339 1996 3384 auctore

410 3432 642 3500 Allatio,
675 3430 711 3486 l.
751 3445 804 3486 c.
834 3429 920 3484 vel
950 3427 1277 3493 octodecim,
1297 3441 1363 3480 ex
1394 3434 1654 3494 computo
1683 3421 1810 3477 Seb.
1838 3420 1991 3474 Pauli

412 3531 448 3584 1.
468 3546 517 3584 c.
541 3530 630 3582 ubi
657 3524 999 3597 singulorum
1031 3522 1219 3578 titulos
1249 3530 1303 3575 et
1333 3517 1738 3588 initia,adjecta
1764 3517 1995 3572 seorsim

411 3620 606 3674 Latina
638 3618 911 3683 versione,
940 3615 1075 3684 legis
1103 3628 1160 3683 p.
1180 3611 1370 3667 66-72.
1391 3610 1733 3680 Responsum
1760 3609 1995 3678 primunt

415 3712 580 3767 refert
610 3725 899 3765 numerum
929 3706 1292 3771 25,ultimnm
1326 3719 1454 3758 vero
1477 3704 1568 3763 45,
1600 3704 1691 3771 qui
1719 3700 1996 3770 conjuncti

410 3806 715 3864 conﬁciunt
739 3803 1136 3859 novemdecim.
1159 3800 1299 3855 Huic
1329 3798 1374 3855 si
1395 3796 1996 3867 addiderisepistolain,

415 3901 576 3971 cujus
632 3899 850 3954 initium
900 3896 1136 3962 ibidem,
1175 3910 1227 3964 p.
1265 3893 1356 3957 72,
1411 3900 1533 3963 post
1583 3890 1997 3960 inscriptionem

412 3993 601 4065 operis
627 3992 783 4063 legis,
820 4003 1117 4055 summam,
1150 3986 1220 4042 ab
1251 3986 1448 4040 Allatto
1469 3985 1713 4048 ductam,
1748 3982 1995 4037 habebis.

420 4085 513 4140 llis
562 4083 749 4153 itaque
796 4079 990 4152 viginti
1043 4077 1341 4149 Responsis
1391 4076 1521 4131 Seb.
1575 4074 1752 4139 Pauli,
1807 4089 1860 4144 p.
1905 4073 1999 4137 66,

418 4177 553 4232 nihil
583 4176 661 4230 ait
687 4190 809 4231 esse
845 4187 1139 4229 commune
1169 4186 1296 4225 cum
1325 4169 1585 4225 trecentis
1614 4168 1744 4233 illis,
1763 4167 1830 4221 ad
1865 4165 2001 4219 Am-
2050 4204 2053 4205 ν

415 4269 741 4340 philochium
770 4266 932 4321 datis.
975 4264 1088 4336 Ego
1121 4279 1251 4319 vero
1284 4279 1347 4318 ex
1382 4262 1566 4318 Indice
1604 4260 1816 4317 codicis
1845 4259 2002 4316 Cois-

420 4363 611 4417 liniani
668 4360 1158 4431 Amphilochiorum
1205 4357 1496 4421 intellexi,
1554 4354 1857 4411 octodecim
1918 4353 1992 4409 ibi

420 4454 521 4524 legi
568 4450 695 4507 inde
745 4468 775 4507 a
818 4466 971 4505 num.
1001 4450 1072 4504 24
1141 4449 1208 4503 ad
1259 4449 1350 4503 41.
1383 4448 1587 4502 Eodem
1612 4448 1777 4502 etiam
1804 4446 1998 4500 ordine

419 4545 547 4617 (nisi
580 4544 725 4615 quod
780 4541 1124 4613 Responsum
1158 4540 1228 4595 35
1271 4549 1476 4595 mutato
1512 4540 1726 4600 ordine,
1761 4546 1884 4608 post
1930 4539 1998 4594 39

420 4636 673 4708 legatur),
709 4647 874 4706 atque
913 4635 1049 4689 adeo
1092 4648 1263 4690 unum
1298 4641 1530 4699 tantum,
1578 4631 1723 4701 quod
1765 4631 1818 4684 in
1852 4630 1998 4685 Nea—

424 4730 665 4799 politano
727 4737 810 4784 est
837 4729 928 4794 37,
980 4736 1033 4781 et
1094 4726 1285 4797 incipit
1318 4744 1333 4780 :
1372 4725 1529 4783 ’Ότιι
1548 4724 1701 4795 μὲνὴ
1748 4722 1839 4777 τοῦ
1863 4721 1999 4775 Θεοῦ

420 4819 669 4890 πρόνοια,
706 4835 759 4871 κ.
791 4835 842 4873 τ.
879 4818 931 4875 λ.
965 4816 1020 4871 in
1060 4816 1400 4873 Coisliniano
1432 4815 1524 4868 illo
1567 4814 1755 4869 codice
1782 4813 2001 4867 deside-

422 4912 745 4982 rari.Atque
775 4913 889 4967 haec
917 4911 985 4966 de
1007 4909 1365 4980 Neopolitano
1390 4909 1480 4962 illo
1498 4908 1686 4975 codice
1706 4906 2003 4963 sulIiciant.

429 5002 593 5056 Video
625 5012 885 5072 praeterea
916 5017 946 5055 a
977 5001 1253 5056 Casimiro
1273 4999 1491 5054 Oudino
1514 5000 1569 5054 in
1595 4998 2006 5054 Commentariis

426 5094 486 5147 ile
523 5094 871 5163 scriptoribus
909 5092 1202 5149 ecclesiast.
1241 5102 1375 5146 tom.
1426 5091 1500 5158 ll,
1545 5109 1596 5161 p.
1632 5091 1738 5147 203
1764 5131 1780 5157 ,
1823 5091 2007 5147 aﬂerri

426 5187 677 5243 niblioth.
715 5187 1063 5249 Bavaricam,
1093 5187 1252 5256 cujus
1274 5186 1464 5241 codice
1489 5186 1612 5252 175,
1636 5185 2006 5256 Amphilochia

424 5279 605 5335 Pbotii
643 5278 1051 5337 contineantur.
1082 5278 1147 5332 At
1187 5278 1240 5331 in
1273 5277 1531 5347 Catalogo
1565 5278 1816 5333 codicum
1849 5278 2004 5333 Gree-

424 5388 615 5428 corum
642 5372 896 5427 bibliotb.
932 5370 1227 5435 Bavaricm,
1266 5386 1320 5440 p.
1353 5369 1445 5434 67,
1489 5386 1543 5426 n.
1580 5352 1854 5434 175,’hmc
1886 5380 2005 5425 tan-

425 5476 540 5523 tum
568 5466 710 5519 inter
737 5475 931 5519 caetera
955 5464 1187 5518 aliorum
1218 5462 1511 5533 leguntur:
1544 5462 1721 5515 Photii
1766 5466 2004 5531 patriar-

426 5561 537 5617 ηειδιε
551 5561 617 5615 de
632 5559 1093 5631 incircumscripta
1110 5555 1238 5610 Filii
1250 5557 1527 5611 divinitate
1537 5572 1602 5610 ex
1618 5554 2010 5627 Amphilochia;

428 5656 519 5711 ubi
548 5654 931 5726 proculdubio
956 5652 1242 5723 legendum
1286 5659 1369 5708 cst
1412 5667 1477 5706 ea:
1504 5650 1909 5719 Amphilochiis.
1950 5653 2005 5709 In

429 5742 516 5805 his
541 5744 684 5799 cnim
712 5743 817 5803 hoc
850 5742 1151 5811 Qumsitum
1188 5742 1406 5812 legitur,
1442 5757 1496 5797 n.
1525 5741 1616 5811 37,
1648 5741 1854 5803 codicis
1878 5744 2002 5799 (Zoi-

2093 3131 2412 3188 Coisliniani
2440 3140 2755 3197 secuturus,
2800 3130 2876 3185 ita
2924 3130 3145 3202 quidem
3176 3139 3235 3185 ut
3260 3131 3446 3187 littera
3479 3147 3532 3185 r.
3573 3130 3687 3185 Re-

2093 3241 2286 3295 sponsa
2313 3221 2820 3293 Amphilochiorum,
2850 3238 2900 3278 e.
2928 3237 3057 3277 vero
3090 3221 3358 3291 Epistolas
3390 3223 3569 3279 Pbotii
3597 3224 3688 3278 in-

2095 3317 2259 3373 dicet.
2302 3332 2350 3371 r.
2382 3315 2504 3371 128.
2535 3331 2587 3371 e.
2618 3315 2745 3370 208.
2774 3331 2821 3368 r.
2858 3315 2978 3370 129.
3004 3332 3055 3369 e.
3077 3316 3183 3371 209
3239 3332 3285 3371 r.
3315 3316 3440 3381 130,
3472 3334 3523 3372 θ.
3549 3316 3683 3371 210.

2097 3427 2146 3466 r.
2186 3410 2307 3465 151.
2341 3425 2391 3465 e.
2418 3408 2546 3465 211.
2575 3424 2622 3464 r.
2650 3408 2775 3464 132.
2808 3424 2860 3465 e.
2884 3409 3012 3463 213.
3043 3424 3088 3463 r.
3110 3408 3235 3465 133.
3255 3424 3306 3465 e.
3328 3410 3455 3465 2l4.
3482 3426 3529 3465 r.
3555 3408 3687 3465 134.

2098 3518 2148 3559 e.
2180 3502 2310 3558 216.
2337 3518 2386 3559 ι’.
2414 3502 2540 3558 158.
2566 3518 2616 3558 e.
2642 3502 2768 3557 246.
2794 3518 2841 3559 ι·.
2870 3502 2995 3558 159.
3016 3516 3066 3557 e.
3085 3501 3212 3557 247.
3244 3518 3295 3557 r.
3328 3503 3451 3558 140.
3478 3518 3530 3558 e.
3552 3502 3687 3557 248.

2098 3610 2145 3651 r.
2175 3593 2298 3649 165.
2324 3609 2374 3650 e.
2411 3592 2533 3649 137.
2560 3611 2606 3649 r.
2632 3594 2753 3649 164.
2779 3609 2829 3650 e.
2861 3592 2986 3649 138.
3006 3609 3053 3650 r.
3088 3593 3210 3649 165.
3236 3609 3289 3649 e.
3325 3593 3446 3648 139.
3472 3610 3517 3649 r.
3558 3593 3690 3648 166.

2098 3706 2151 3745 e.
2184 3688 2303 3743 144.
2329 3704 2375 3743 r.
2407 3685 2535 3741 200.
2560 3702 2611 3744 e.
2653 3685 2744 3742 30.
2783 3703 2826 3742 r.
2868 3686 2995 3742 201.
3036 3702 3087 3741 e.
3132 3686 3221 3740 31.
3258 3702 3303 3740 r.
3347 3685 3475 3741 202.
3507 3701 3559 3741 e.
3593 3686 3690 3741 33.

2099 3779 2295 3835 L223.
2323 3794 2374 3834 e.
2417 3777 2508 3832 35.
2540 3794 2587 3832 ι’.
2622 3777 2750 3833 224.
2788 3794 2839 3832 e.
2872 3776 2963 3832 36.
3008 3793 3053 3833 r.
3084 3776 3211 3831 225.
3253 3792 3304 3832 e.
3341 3776 3434 3832 37.
3471 3792 3520 3833 ι’.
3555 3777 3689 3832 226.

2101 3889 2152 3930 θ.
2181 3872 2272 3927 58.
2303 3889 2348 3927 r.
2379 3871 2506 3927 227.
2534 3887 2585 3925 e.
2615 3871 2704 3927 43.
2740 3887 2787 3925 ι’.
2818 3869 2945 3925 228.
2989 3885 3041 3925 c.
3087 3870 3178 3925 50.
3225 3885 3273 3924 ι’.
3317 3870 3442 3927 229.
3496 3886 3549 3925 e.
3597 3866 3690 3926 54.

2102 3978 2149 4017 r.
2172 3962 2301 4017 250.
2329 3976 2380 4017 e.
2411 3961 2499 4016 58.
2548 3977 2597 4017 ι’.
2645 3961 2774 4017 231.
2817 3975 2867 4016 e.
2914 3961 3003 4017 61.
3030 3977 3075 4016 r.
3110 3960 3236 4017 232.
3265 3976 3314 4017 e.
3348 3960 3439 4016 62.
3476 3978 3525 4017 ι’.
3557 3960 3689 4017 255.

2100 4070 2153 4109 e.
2184 4055 2272 4109 63.
2317 4070 2363 4109 r.
2389 4052 2516 4110 234.
2548 4068 2600 4109 e.
2636 4051 2727 4109 64.
2759 4068 2803 4109 r.
2846 4053 2974 4109 235.
3029 4068 3080 4109 e.
3128 4053 3218 4108 72.
3260 4070 3307 4110 r.
3344 4054 3473 4109 236.
3508 4070 3558 4109 e.
3598 4054 3689 4109 74.

2103 4165 2151 4203 r.
2178 4147 2307 4201 237.
2342 4162 2393 4202 e.
2426 4146 2515 4201 75.
2548 4162 2595 4205 r.
2626 4146 2754 4203 238.
2788 4162 2840 4203 c.
2871 4146 2958 4200 76.
2994 4163 3042 4201 r.
3075 4147 3203 4202 240.
3230 4163 3282 4203 e.
3309 4147 3431 4204 102.
3474 4163 3522 4203 r.
3561 4147 3692 4201 241.

2103 4259 2154 4297 e.
2190 4240 2313 4296 125.
2340 4257 2385 4295 r.
2406 4239 2535 4294 212.
2558 4255 2609 4295 e.
2642 4240 2765 4295 127.
2792 4257 2838 4294 r.
2862 4240 2988 4296 245.
3019 4256 3071 4295 e.
3104 4241 3223 4297 129.
3256 4257 3302 4295 r.
3331 4240 3459 4296 244.
3483 4257 3533 4298 e.
3563 4242 3693 4300 132.

2105 4352 2153 4390 r.
2184 4334 2312 4389 245.
2344 4349 2394 4390 e.
2426 4333 2551 4389 133.
2583 4350 2629 4390 r.
2660 4334 2787 4389 246.
2823 4350 2877 4389 e.
2900 4334 3023 4389 154.
3052 4352 3097 4391 r.
3129 4334 3256 4390 248.
3278 4351 3327 4390 e.
3351 4335 3473 4390 147.
3497 4353 3544 4391 r.
3560 4336 3691 4392 249.

2031 4410 2074 4466 ῐ)
2103 4448 2153 4487 e.
2192 4431 2312 4485 15l.
2342 4446 2388 4486 r.
2421 4430 2548 4485 250.
2586 4427 3086 4484 e.152.r.251.e.
3115 4428 3236 4482 155.
3266 4428 3691 4484 r.252.‘e.156.

2107 4543 2152 4580 ι’.
2184 4524 2311 4580 255.
2334 4540 2383 4579 e.
2410 4523 2536 4578 157.
2567 4539 2612 4577 r.
2635 4522 2763 4576 254.
2793 4538 2841 4575 c.
2872 4521 2992 4575 161.
3027 4537 3070 4575 r.
3095 4520 3223 4575 255.
3250 4537 3299 4576 e.
3331 4523 3454 4576 163.
3492 4539 3535 4576 r.
3561 4522 3691 4580 256.

2106 4636 2154 4674 e.
2185 4618 2306 4673 164.
2337 4634 2382 4675 ι’.
2408 4616 2533 4671 257.
2567 4631 2617 4670 e.
2654 4614 2777 4669 167.
2809 4631 2854 4668 r.
2875 4614 3005 4669 258.
3036 4630 3085 4669 e.
3123 4614 3246 4669 176.
3275 4633 3320 4669 r.
3346 4615 3542 4671 259.8.
3570 4616 3692 4672 177.

2108 4728 2154 4766 ι’.
2177 4711 2303 4765 260.
2335 4709 2527 4765 e.178.
2556 4725 2601 4762 r.
2626 4708 2755 4762 261.
2791 4724 2841 4764 e.
2876 4708 2998 4763 180.
3024 4724 3071 4762 r.
3093 4707 3220 4763 262.
3252 4724 3302 4764 e.
3336 4709 3456 4764 181.
3485 4725 3528 4763 r.
3564 4709 3694 4764 263.

2108 4821 2160 4861 e.
2194 4804 2316 4859 182.
2354 4819 2400 4858 ι’.
2429 4802 2556 4857 254.
2585 4820 2635 4857 e.
2662 4802 2784 4857 187.
2815 4818 2861 4857 ι’.
2885 4804 3012 4857 265.
3033 4818 3083 4858 e.
3117 4803 3238 4857 192.
3268 4818 3315 4857 r.
3340 4802 3467 4857 266.
3495 4818 3544 4857 e.
3572 4803 3695 4857 196.

2112 4913 2159 4951 r.
2197 4895 2322 4951 267.
2350 4912 2401 4951 e.
2437 4895 2563 4952 203.
2598 4911 2644 4950 r.
2675 4895 2801 4963 269.
2829 4910 2880 4950 e.
2917 4894 3042 4949 145.
3062 4910 3109 4948 r.
3135 4894 3336 4950 270.e.
3359 4894 3545 4948 162.r.
3563 4895 3694 4948 271.

2109 5006 2161 5048 e.
2190 4991 2311 5045 163.
2349 5006 2397 5043 r.
2421 4989 2548 5044 272.
2581 5004 2633 5044 e.
2666 4988 2790 5044 165.
2819 5002 2865 5041 r.
2908 4987 3036 5043 275.
3059 5002 3111 5042 e.
3149 4985 3273 5041 166.
3314 4985 3543 5041 Summa
3570 5000 3696 5041 om-

2112 5086 2242 5139 nino
2274 5091 2359 5138 est
2393 5082 2484 5139 65.
3653 5080 3673 5097 ⁸

2178 5176 2299 5231 Non
2331 5177 2529 5230 desunt
2559 5183 2821 5244 praeterea
2865 5171 2970 5227 viri
3017 5172 3242 5237 eruditi,
3286 5171 3381 5243 qui
3428 5171 3700 5227 nonnulla

2110 5287 2175 5327 ex
2211 5270 2294 5325 his
2329 5267 2615 5339 Responsa
2651 5265 2966 5335 ediderunt.
3009 5266 3154 5321 Inter
3192 5266 3292 5321 hos
3317 5275 3401 5320 est
3429 5263 3702 5319 laudatis-

2109 5364 2285 5417 simus
2329 5357 2713 5421 Combelisius,
2758 5355 2877 5427 qui,
2928 5356 3077 5427 quod
3128 5371 3293 5426 supra
3313 5354 3426 5425 jam
3470 5354 3703 5406 monui.

2118 5471 2263 5517 mus,
2304 5453 2465 5522 Resp.
2494 5450 2583 5504 37.
2629 5448 2708 5503 De
2739 5448 3197 5516 incircumscripta
3228 5446 3351 5501 Filii
3385 5444 3598 5499 Deitate
3631 5461 3705 5500 ex

2120 5550 2337 5605 Tiliano
2377 5547 2587 5602 codice.
2629 5542 2788 5615 (Vide
2821 5544 2942 5614 ejus
2974 5542 3277 5599 Recensitos
3331 5552 3575 5596 auctores
3602 5539 3705 5595 Bi-

2120 5644 2394 5700 bliotheca:
2418 5640 2540 5696 PP.
2572 5640 3017 5707 Concionatoriar,
3046 5656 3101 5709 ιι.
3138 5639 3286 5705 152.)
3311 5638 3455 5692 Inter
3486 5637 3705 5705 Amphi-

2115 5739 2275 5802 lochii
2304 5736 2530 5809 scripta,
2562 5744 2613 5791 ct
2639 5732 2904 5806 llcspons.
2944 5734 3062 5803 125,
3090 5734 3155 5790 de
3185 5731 3406 5788 Asteriis
3433 5730 3698 5801 pluribus,
