  <div class='ocr_page' id='page_1' title='image "/cluster/home/n/w/nwhite01/storage/ocr_20150623/101/hvd.32044018872879/037.png"; bbox 0 0 3916 6192; ppageno 0'>
   <div class='ocr_carea' id='block_1_1' title="bbox 401 236 1993 325">
    <p class='ocr_par' dir='ltr' id='par_1_1' title="bbox 401 242 1993 325">
     <span class='ocr_line' id='line_1_1' title="bbox 401 242 1993 325; baseline -0.003 -17"><span class='ocrx_word' id='word_1_1' title='bbox 401 259 472 325; x_wconf 66' lang='grc' dir='ltr'>ῃ</span> <span class='ocrx_word' id='word_1_2' title='bbox 1576 245 1661 307; x_wconf 75' lang='lat' dir='ltr'><strong>1N</strong></span> <span class='ocrx_word' id='word_1_3' title='bbox 1702 242 1993 305; x_wconf 81' lang='lat' dir='ltr'><strong>AMPHIL</strong></span> 
     </span>
    </p>
   </div>
   <div class='ocr_carea' id='block_1_2' title="bbox 2099 236 3681 325">
    <p class='ocr_par' dir='ltr' id='par_1_2' title="bbox 2099 236 3681 302">
     <span class='ocr_line' id='line_1_2' title="bbox 2099 236 3681 302; baseline -0.001 -1"><span class='ocrx_word' id='word_1_4' title='bbox 2099 241 2233 302; x_wconf 84' lang='lat' dir='ltr'><strong>HIA</strong></span> <span class='ocrx_word' id='word_1_5' title='bbox 2263 240 2524 301; x_wconf 84' lang='lat' dir='ltr'><strong>PIIOTII</strong></span> <span class='ocrx_word' id='word_1_6' title='bbox 3612 236 3681 299; x_wconf 76' lang='lat'><strong>9.8</strong></span> 
     </span>
    </p>
   </div>
   <div class='ocr_carea' id='block_1_3' title="bbox 402 352 3688 433">
    <p class='ocr_par' dir='ltr' id='par_1_3' title="bbox 402 352 3688 433">
     <span class='ocr_line' id='line_1_3' title="bbox 402 352 3688 433; baseline -0.005 -10"><span class='ocrx_word' id='word_1_7' title='bbox 402 366 746 431; x_wconf 70' lang='lat' dir='ltr'><strong>tlailiolicos,</strong></span> <span class='ocrx_word' id='word_1_8' title='bbox 793 365 838 419; x_wconf 92' lang='lat' dir='ltr'><strong>si</strong></span> <span class='ocrx_word' id='word_1_9' title='bbox 880 371 1077 420; x_wconf 67' lang='lat' dir='ltr'><strong>cietera</strong></span> <span class='ocrx_word' id='word_1_10' title='bbox 1120 360 1365 433; x_wconf 79' lang='lat' dir='ltr'><strong>ejusdem</strong></span> <span class='ocrx_word' id='word_1_11' title='bbox 1407 358 1651 414; x_wconf 97' lang='lat' dir='ltr'><strong>auctoris</strong></span> <span class='ocrx_word' id='word_1_12' title='bbox 1694 358 1900 429; x_wconf 84' lang='lat' dir='ltr'><strong>scripta</strong></span> <span class='ocrx_word' id='word_1_13' title='bbox 1944 357 1997 410; x_wconf 91' lang='lat' dir='ltr'><strong>in</strong></span> <span class='ocrx_word' id='word_1_14' title='bbox 2032 363 2073 415; x_wconf 78' lang='grc' dir='ltr'>Α</span> <span class='ocrx_word' id='word_1_15' title='bbox 2105 355 2425 425; x_wconf 79' lang='lat' dir='ltr'><strong>scriptores,</strong></span> <span class='ocrx_word' id='word_1_16' title='bbox 2453 371 2518 410; x_wconf 84' lang='lat' dir='ltr'><strong>ac</strong></span> <span class='ocrx_word' id='word_1_17' title='bbox 2558 354 2945 425; x_wconf 85' lang='lat' dir='ltr'><strong>Pliotiusipsc,</strong></span> <span class='ocrx_word' id='word_1_18' title='bbox 2979 362 3175 410; x_wconf 89' lang='lat' dir='ltr'><strong>auctor</strong></span> <span class='ocrx_word' id='word_1_19' title='bbox 3200 353 3406 425; x_wconf 77' lang='lat' dir='ltr'><strong>alioqui</strong></span> <span class='ocrx_word' id='word_1_20' title='bbox 3439 352 3688 410; x_wconf 87' lang='lat' dir='ltr'><strong>disertis-</strong></span> 
     </span>
    </p>
   </div>
   <div class='ocr_carea' id='block_1_4' title="bbox 406 452 1997 531">
    <p class='ocr_par' dir='ltr' id='par_1_4' title="bbox 406 452 1997 531">
     <span class='ocr_line' id='line_1_4' title="bbox 406 452 1997 531; baseline -0.008 -14"><span class='ocrx_word' id='word_1_21' title='bbox 406 463 609 525; x_wconf 87' lang='lat' dir='ltr'><strong>lucem,</strong></span> <span class='ocrx_word' id='word_1_22' title='bbox 655 470 1053 531; x_wconf 88' lang='lat' dir='ltr'><strong>aspectiimqiie</strong></span> <span class='ocrx_word' id='word_1_23' title='bbox 1097 457 1485 527; x_wconf 77' lang='lat' dir='ltr'><strong>producerent,</strong></span> <span class='ocrx_word' id='word_1_24' title='bbox 1532 453 1866 508; x_wconf 78' lang='lat' dir='ltr'><strong>novissimus</strong></span> <span class='ocrx_word' id='word_1_25' title='bbox 1905 452 1997 505; x_wconf 90' lang='lat' dir='ltr'><strong>ille</strong></span> 
     </span>
    </p>
   </div>
   <div class='ocr_carea' id='block_1_5' title="bbox 411 544 1995 610">
    <p class='ocr_par' dir='ltr' id='par_1_5' title="bbox 411 544 1995 610">
     <span class='ocr_line' id='line_1_5' title="bbox 411 544 1995 610; baseline -0.007 -1"><span class='ocrx_word' id='word_1_26' title='bbox 411 554 768 610; x_wconf 78' lang='lat' dir='ltr'><strong>delirantium</strong></span> <span class='ocrx_word' id='word_1_27' title='bbox 818 550 1196 606; x_wconf 68' lang='lat' dir='ltr'><strong>Graeculorum</strong></span> <span class='ocrx_word' id='word_1_28' title='bbox 1229 548 1462 603; x_wconf 85' lang='lat' dir='ltr'><strong>malleus</strong></span> <span class='ocrx_word' id='word_1_29' title='bbox 1495 546 1608 602; x_wconf 89' lang='lat' dir='ltr'><strong>Leo</strong></span> <span class='ocrx_word' id='word_1_30' title='bbox 1641 545 1871 600; x_wconf 86' lang='lat' dir='ltr'><strong>Allatius</strong></span> <span class='ocrx_word' id='word_1_31' title='bbox 1907 544 1995 599; x_wconf 82' lang='lat' dir='ltr'><strong>di-</strong></span> 
     </span>
    </p>
   </div>
   <div class='ocr_carea' id='block_1_6' title="bbox 413 645 1073 715">
    <p class='ocr_par' dir='ltr' id='par_1_6' title="bbox 413 645 1073 715">
     <span class='ocr_line' id='line_1_6' title="bbox 413 645 1073 715; baseline -0.008 -12"><span class='ocrx_word' id='word_1_32' title='bbox 413 648 721 703; x_wconf 66' lang='lat' dir='ltr'><strong>stei-tissime</strong></span> <span class='ocrx_word' id='word_1_33' title='bbox 752 645 941 701; x_wconf 89' lang='lat' dir='ltr'><strong>docuit</strong></span> <span class='ocrx_word' id='word_1_34' title='bbox 972 645 1073 715; x_wconf 72' lang='grc'><strong>(4),</strong></span> 
     </span>
    </p>
   </div>
   <div class='ocr_carea' id='block_1_7' title="bbox 480 732 1997 809">
    <p class='ocr_par' dir='ltr' id='par_1_7' title="bbox 480 732 1997 809">
     <span class='ocr_line' id='line_1_7' title="bbox 480 732 1997 809; baseline -0.006 -16"><span class='ocrx_word' id='word_1_35' title='bbox 480 741 687 794; x_wconf 85' lang='lat' dir='ltr'><strong>Deinde</strong></span> <span class='ocrx_word' id='word_1_36' title='bbox 736 739 1131 809; x_wconf 65' lang='lat' dir='ltr'><strong>praeclarorum</strong></span> <span class='ocrx_word' id='word_1_37' title='bbox 1182 735 1547 807; x_wconf 88' lang='lat' dir='ltr'><strong>quorumdam</strong></span> <span class='ocrx_word' id='word_1_38' title='bbox 1598 732 1841 787; x_wconf 90' lang='lat' dir='ltr'><strong>virorum</strong></span> <span class='ocrx_word' id='word_1_39' title='bbox 1908 745 1997 785; x_wconf 90' lang='lat' dir='ltr'><strong>me</strong></span> 
     </span>
    </p>
   </div>
   <div class='ocr_carea' id='block_1_8' title="bbox 404 822 1993 901">
    <p class='ocr_par' dir='ltr' id='par_1_8' title="bbox 404 822 1993 901">
     <span class='ocr_line' id='line_1_8' title="bbox 404 822 1993 901; baseline -0.008 -15"><span class='ocrx_word' id='word_1_40' title='bbox 404 832 717 901; x_wconf 82' lang='lat' dir='ltr'><strong>exemplum</strong></span> <span class='ocrx_word' id='word_1_41' title='bbox 758 831 1103 886; x_wconf 87' lang='lat' dir='ltr'><strong>conlirmavit</strong></span> <span class='ocrx_word' id='word_1_42' title='bbox 1157 846 1171 882; x_wconf 90' lang='lat'><strong>:</strong></span> <span class='ocrx_word' id='word_1_43' title='bbox 1226 845 1350 882; x_wconf 90' lang='lat' dir='ltr'><strong>cum</strong></span> <span class='ocrx_word' id='word_1_44' title='bbox 1413 827 1557 879; x_wconf 81' lang='lat' dir='ltr'><strong>enim</strong></span> <span class='ocrx_word' id='word_1_45' title='bbox 1624 840 1721 895; x_wconf 86' lang='lat' dir='ltr'><strong>per</strong></span> <span class='ocrx_word' id='word_1_46' title='bbox 1765 822 1993 877; x_wconf 85' lang='lat' dir='ltr'><strong>Franci-</strong></span> 
     </span>
    </p>
   </div>
   <div class='ocr_carea' id='block_1_9' title="bbox 406 913 1995 992">
    <p class='ocr_par' dir='ltr' id='par_1_9' title="bbox 406 913 1995 992">
     <span class='ocr_line' id='line_1_9' title="bbox 406 913 1995 992; baseline -0.008 -14"><span class='ocrx_word' id='word_1_47' title='bbox 406 938 561 978; x_wconf 89' lang='lat' dir='ltr'><strong>sciim</strong></span> <span class='ocrx_word' id='word_1_48' title='bbox 597 923 986 977; x_wconf 82' lang='lat' dir='ltr'><strong>Combelisium</strong></span> <span class='ocrx_word' id='word_1_49' title='bbox 1046 921 1155 992; x_wconf 76' lang='lat'><strong>(5),</strong></span> <span class='ocrx_word' id='word_1_50' title='bbox 1239 916 1581 972; x_wconf 85' lang='lat' dir='ltr'><strong>Beriiardum</strong></span> <span class='ocrx_word' id='word_1_51' title='bbox 1649 913 1995 969; x_wconf 85' lang='lat' dir='ltr'><strong>Moiitfaiico-</strong></span> 
     </span>
    </p>
   </div>
   <div class='ocr_carea' id='block_1_10' title="bbox 406 1007 1995 1087">
    <p class='ocr_par' dir='ltr' id='par_1_10' title="bbox 406 1007 1995 1087">
     <span class='ocr_line' id='line_1_10' title="bbox 406 1007 1995 1087; baseline -0.006 -18"><span class='ocrx_word' id='word_1_52' title='bbox 406 1016 557 1071; x_wconf 86' lang='lat' dir='ltr'><strong>nium</strong></span> <span class='ocrx_word' id='word_1_53' title='bbox 593 1018 692 1087; x_wconf 77' lang='lat' dir='ltr'><strong>(l5),</strong></span> <span class='ocrx_word' id='word_1_54' title='bbox 730 1025 784 1070; x_wconf 86' lang='lat' dir='ltr'><strong>et</strong></span> <span class='ocrx_word' id='word_1_55' title='bbox 809 1017 1269 1084; x_wconf 64' lang='lat' dir='ltr'><strong>tjhristoiihortim</strong></span> <span class='ocrx_word' id='word_1_56' title='bbox 1296 1010 1554 1065; x_wconf 87' lang='lat' dir='ltr'><strong>Wollium</strong></span> <span class='ocrx_word' id='word_1_57' title='bbox 1591 1010 1671 1079; x_wconf 83' lang='lat'><strong>(7)</strong></span> <span class='ocrx_word' id='word_1_58' title='bbox 1704 1007 1995 1061; x_wconf 86' lang='lat' dir='ltr'><strong>nonnullas</strong></span> 
     </span>
    </p>
   </div>
   <div class='ocr_carea' id='block_1_11' title="bbox 405 1103 1991 1178">
    <p class='ocr_par' dir='ltr' id='par_1_11' title="bbox 405 1103 1991 1178">
     <span class='ocr_line' id='line_1_11' title="bbox 405 1103 1991 1178; baseline -0.008 -15"><span class='ocrx_word' id='word_1_59' title='bbox 405 1110 611 1178; x_wconf 86' lang='lat' dir='ltr'><strong>pariter</strong></span> <span class='ocrx_word' id='word_1_60' title='bbox 644 1107 1117 1177; x_wconf 78' lang='lat' dir='ltr'><strong>Anipliilochianas</strong></span> <span class='ocrx_word' id='word_1_61' title='bbox 1155 1105 1486 1171; x_wconf 76' lang='lat' dir='ltr'><strong>Qitwstiones</strong></span> <span class='ocrx_word' id='word_1_62' title='bbox 1538 1103 1590 1155; x_wconf 88' lang='lat' dir='ltr'><strong>iii</strong></span> <span class='ocrx_word' id='word_1_63' title='bbox 1642 1115 1991 1155; x_wconf 80' lang='lat' dir='ltr'><strong>communem</strong></span> 
     </span>
    </p>
   </div>
   <div class='ocr_carea' id='block_1_12' title="bbox 406 1189 1990 1266">
    <p class='ocr_par' dir='ltr' id='par_1_12' title="bbox 406 1189 1990 1266">
     <span class='ocr_line' id='line_1_12' title="bbox 406 1189 1990 1266; baseline -0.008 -13"><span class='ocrx_word' id='word_1_64' title='bbox 406 1216 567 1253; x_wconf 90' lang='lat' dir='ltr'><strong>usum</strong></span> <span class='ocrx_word' id='word_1_65' title='bbox 594 1199 782 1254; x_wconf 66' lang='lat' dir='ltr'><strong>Greece</strong></span> <span class='ocrx_word' id='word_1_66' title='bbox 828 1209 882 1252; x_wconf 89' lang='lat' dir='ltr'><strong>et</strong></span> <span class='ocrx_word' id='word_1_67' title='bbox 912 1198 1102 1251; x_wconf 83' lang='lat' dir='ltr'><strong>Latine</strong></span> <span class='ocrx_word' id='word_1_68' title='bbox 1132 1196 1375 1266; x_wconf 87' lang='lat' dir='ltr'><strong>prolatas</strong></span> <span class='ocrx_word' id='word_1_69' title='bbox 1403 1195 1658 1247; x_wconf 81' lang='lat' dir='ltr'><strong>vidissem</strong></span> <span class='ocrx_word' id='word_1_70' title='bbox 1694 1207 1707 1244; x_wconf 90' lang='lat'><strong>:</strong></span> <span class='ocrx_word' id='word_1_71' title='bbox 1743 1204 1807 1244; x_wconf 91' lang='lat' dir='ltr'><strong>ac</strong></span> <span class='ocrx_word' id='word_1_72' title='bbox 1838 1189 1990 1258; x_wconf 92' lang='lat' dir='ltr'><strong>plura</strong></span> 
     </span>
    </p>
   </div>
   <div class='ocr_carea' id='block_1_13' title="bbox 404 1282 1993 1361">
    <p class='ocr_par' dir='ltr' id='par_1_13' title="bbox 404 1282 1993 1361">
     <span class='ocr_line' id='line_1_13' title="bbox 404 1282 1993 1361; baseline -0.006 -16"><span class='ocrx_word' id='word_1_73' title='bbox 404 1292 742 1361; x_wconf 89' lang='lat' dir='ltr'><strong>reliquarum</strong></span> <span class='ocrx_word' id='word_1_74' title='bbox 778 1290 1227 1359; x_wconf 75' lang='grc' dir='ltr'>ἀποσπασμάτια</span> <span class='ocrx_word' id='word_1_75' title='bbox 1255 1304 1285 1343; x_wconf 90' lang='lat' dir='ltr'><strong>a</strong></span> <span class='ocrx_word' id='word_1_76' title='bbox 1327 1302 1503 1355; x_wconf 85' lang='lat' dir='ltr'><strong>nuper</strong></span> <span class='ocrx_word' id='word_1_77' title='bbox 1531 1286 1753 1339; x_wconf 90' lang='lat' dir='ltr'><strong>laudato</strong></span> <span class='ocrx_word' id='word_1_78' title='bbox 1795 1282 1993 1336; x_wconf 84' lang='lat' dir='ltr'><strong>Allatio</strong></span> 
     </span>
    </p>
   </div>
   <div class='ocr_carea' id='block_1_14' title="bbox 403 1375 1990 1454">
    <p class='ocr_par' dir='ltr' id='par_1_14' title="bbox 403 1375 1990 1454">
     <span class='ocr_line' id='line_1_14' title="bbox 403 1375 1990 1454; baseline -0.007 -17"><span class='ocrx_word' id='word_1_79' title='bbox 403 1382 502 1454; x_wconf 92' lang='lat'><strong>(8),</strong></span> <span class='ocrx_word' id='word_1_80' title='bbox 554 1395 607 1438; x_wconf 90' lang='lat' dir='ltr'><strong>et</strong></span> <span class='ocrx_word' id='word_1_81' title='bbox 657 1400 688 1439; x_wconf 82' lang='lat' dir='ltr'><strong>a</strong></span> <span class='ocrx_word' id='word_1_82' title='bbox 730 1383 1031 1438; x_wconf 85' lang='lat' dir='ltr'><strong>Franciseo</strong></span> <span class='ocrx_word' id='word_1_83' title='bbox 1067 1381 1344 1434; x_wconf 89' lang='lat' dir='ltr'><strong>Ttirriano</strong></span> <span class='ocrx_word' id='word_1_84' title='bbox 1377 1379 1455 1450; x_wconf 90' lang='lat'><strong>(9)</strong></span> <span class='ocrx_word' id='word_1_85' title='bbox 1500 1379 1554 1431; x_wconf 91' lang='lat' dir='ltr'><strong>iii</strong></span> <span class='ocrx_word' id='word_1_86' title='bbox 1604 1376 1784 1431; x_wconf 87' lang='lat' dir='ltr'><strong>medio</strong></span> <span class='ocrx_word' id='word_1_87' title='bbox 1814 1375 1990 1444; x_wconf 88' lang='lat' dir='ltr'><strong>posita</strong></span> 
     </span>
    </p>
   </div>
   <div class='ocr_carea' id='block_1_15' title="bbox 404 1468 1990 1546">
    <p class='ocr_par' dir='ltr' id='par_1_15' title="bbox 404 1468 1990 1546">
     <span class='ocr_line' id='line_1_15' title="bbox 404 1468 1990 1546; baseline -0.006 -18"><span class='ocrx_word' id='word_1_88' title='bbox 404 1492 511 1529; x_wconf 88' lang='lat' dir='ltr'><strong>non</strong></span> <span class='ocrx_word' id='word_1_89' title='bbox 547 1476 927 1546; x_wconf 88' lang='lat' dir='ltr'><strong>igiiorasseni;</strong></span> <span class='ocrx_word' id='word_1_90' title='bbox 981 1488 1287 1543; x_wconf 90' lang='lat' dir='ltr'><strong>eorumque</strong></span> <span class='ocrx_word' id='word_1_91' title='bbox 1330 1470 1571 1526; x_wconf 84' lang='lat' dir='ltr'><strong>editores</strong></span> <span class='ocrx_word' id='word_1_92' title='bbox 1611 1469 1777 1531; x_wconf 90' lang='lat' dir='ltr'><strong>bona,</strong></span> <span class='ocrx_word' id='word_1_93' title='bbox 1819 1477 1880 1520; x_wconf 93' lang='lat' dir='ltr'><strong>ut</strong></span> <span class='ocrx_word' id='word_1_94' title='bbox 1918 1468 1990 1520; x_wconf 91' lang='lat' dir='ltr'><strong>ita</strong></span> 
     </span>
    </p>
   </div>
   <div class='ocr_carea' id='block_1_16' title="bbox 400 1561 1989 1637">
    <p class='ocr_par' dir='ltr' id='par_1_16' title="bbox 400 1561 1989 1637">
     <span class='ocr_line' id='line_1_16' title="bbox 400 1561 1989 1637; baseline -0.006 -16"><span class='ocrx_word' id='word_1_95' title='bbox 400 1566 603 1633; x_wconf 88' lang='lat' dir='ltr'><strong>dicam,</strong></span> <span class='ocrx_word' id='word_1_96' title='bbox 652 1569 826 1637; x_wconf 88' lang='lat' dir='ltr'><strong>gratia</strong></span> <span class='ocrx_word' id='word_1_97' title='bbox 865 1568 935 1622; x_wconf 81' lang='lat' dir='ltr'><strong>ab</strong></span> <span class='ocrx_word' id='word_1_98' title='bbox 984 1567 1291 1620; x_wconf 85' lang='lat' dir='ltr'><strong>litterarum</strong></span> <span class='ocrx_word' id='word_1_99' title='bbox 1333 1578 1449 1634; x_wconf 86' lang='lat' dir='ltr'><strong>rep.</strong></span> <span class='ocrx_word' id='word_1_100' title='bbox 1480 1561 1989 1616; x_wconf 90' lang='lat' dir='ltr'><strong>animadvertissem</strong></span> 
     </span>
    </p>
   </div>
   <div class='ocr_carea' id='block_1_17' title="bbox 401 1653 1990 1731">
    <p class='ocr_par' dir='ltr' id='par_1_17' title="bbox 401 1653 1990 1731">
     <span class='ocr_line' id='line_1_17' title="bbox 401 1653 1990 1731; baseline -0.004 -19"><span class='ocrx_word' id='word_1_101' title='bbox 401 1670 661 1729; x_wconf 74' lang='lat' dir='ltr'><strong>exceptos</strong></span> <span class='ocrx_word' id='word_1_102' title='bbox 702 1678 716 1713; x_wconf 89' lang='lat'><strong>:</strong></span> <span class='ocrx_word' id='word_1_103' title='bbox 764 1676 863 1731; x_wconf 90' lang='lat' dir='ltr'><strong>par</strong></span> <span class='ocrx_word' id='word_1_104' title='bbox 933 1672 1265 1729; x_wconf 66' lang='lat' dir='ltr'><strong>aequumque</strong></span> <span class='ocrx_word' id='word_1_105' title='bbox 1306 1655 1439 1709; x_wconf 80' lang='lat' dir='ltr'><strong>duxi</strong></span> <span class='ocrx_word' id='word_1_106' title='bbox 1482 1653 1549 1708; x_wconf 90' lang='lat' dir='ltr'><strong>ad</strong></span> <span class='ocrx_word' id='word_1_107' title='bbox 1589 1653 1838 1707; x_wconf 88' lang='lat' dir='ltr'><strong>eamdem</strong></span> <span class='ocrx_word' id='word_1_108' title='bbox 1868 1667 1990 1719; x_wconf 86' lang='lat' dir='ltr'><strong>gra-</strong></span> 
     </span>
    </p>
   </div>
   <div class='ocr_carea' id='block_1_18' title="bbox 2097 446 3684 517">
    <p class='ocr_par' dir='ltr' id='par_1_18' title="bbox 2097 446 3684 517">
     <span class='ocr_line' id='line_1_18' title="bbox 2097 446 3684 517; baseline -0.001 -17"><span class='ocrx_word' id='word_1_109' title='bbox 2097 446 2297 512; x_wconf 74' lang='lat' dir='ltr'><strong>sinius,</strong></span> <span class='ocrx_word' id='word_1_110' title='bbox 2334 463 2362 500; x_wconf 89' lang='lat' dir='ltr'><strong>a</strong></span> <span class='ocrx_word' id='word_1_111' title='bbox 2404 447 2583 516; x_wconf 87' lang='lat' dir='ltr'><strong>prisca</strong></span> <span class='ocrx_word' id='word_1_112' title='bbox 2631 447 2988 517; x_wconf 81' lang='grc' dir='ltr'><strong>Ἀττικισμοῦ</strong></span> <span class='ocrx_word' id='word_1_113' title='bbox 3033 447 3299 516; x_wconf 75' lang='lat' dir='ltr'><strong>elegantia</strong></span> <span class='ocrx_word' id='word_1_114' title='bbox 3333 446 3684 505; x_wconf 80' lang='lat' dir='ltr'><strong>desciverint.</strong></span> 
     </span>
    </p>
   </div>
   <div class='ocr_carea' id='block_1_19' title="bbox 2099 540 3686 610">
    <p class='ocr_par' dir='ltr' id='par_1_19' title="bbox 2099 540 3686 610">
     <span class='ocr_line' id='line_1_19' title="bbox 2099 540 3686 610; baseline -0.002 -16"><span class='ocrx_word' id='word_1_115' title='bbox 2099 549 2155 594; x_wconf 89' lang='lat' dir='ltr'><strong>et</strong></span> <span class='ocrx_word' id='word_1_116' title='bbox 2184 549 2386 610; x_wconf 89' lang='lat' dir='ltr'><strong>quanta</strong></span> <span class='ocrx_word' id='word_1_117' title='bbox 2420 540 2656 609; x_wconf 89' lang='lat' dir='ltr'><strong>denique</strong></span> <span class='ocrx_word' id='word_1_118' title='bbox 2680 540 3020 594; x_wconf 86' lang='lat' dir='ltr'><strong>obscuritate</strong></span> <span class='ocrx_word' id='word_1_119' title='bbox 3045 554 3110 594; x_wconf 79' lang='lat' dir='ltr'><strong>ex</strong></span> <span class='ocrx_word' id='word_1_120' title='bbox 3143 541 3334 594; x_wconf 90' lang='lat' dir='ltr'><strong>eodem</strong></span> <span class='ocrx_word' id='word_1_121' title='bbox 3371 540 3686 609; x_wconf 77' lang='lat' dir='ltr'><strong>scriptionis</strong></span> 
     </span>
    </p>
   </div>
   <div class='ocr_carea' id='block_1_20' title="bbox 2096 628 3684 700">
    <p class='ocr_par' dir='ltr' id='par_1_20' title="bbox 2096 628 3684 700">
     <span class='ocr_line' id='line_1_20' title="bbox 2096 628 3684 700; baseline -0.002 -16"><span class='ocrx_word' id='word_1_122' title='bbox 2096 632 2232 684; x_wconf 85' lang='lat' dir='ltr'><strong>vitio</strong></span> <span class='ocrx_word' id='word_1_123' title='bbox 2258 645 2540 685; x_wconf 85' lang='lat' dir='ltr'><strong>sermones</strong></span> <span class='ocrx_word' id='word_1_124' title='bbox 2557 630 2859 700; x_wconf 66' lang='lat' dir='ltr'><strong>praisertim</strong></span> <span class='ocrx_word' id='word_1_125' title='bbox 2886 630 3258 683; x_wconf 70' lang='grc' dir='ltr'><strong>διδασκαλικοὶ</strong></span> <span class='ocrx_word' id='word_1_126' title='bbox 3289 628 3684 682; x_wconf 78' lang='lat' dir='ltr'><strong>obvolvantur.</strong></span> 
     </span>
    </p>
   </div>
   <div class='ocr_carea' id='block_1_21' title="bbox 2100 719 3687 791">
    <p class='ocr_par' dir='ltr' id='par_1_21' title="bbox 2100 719 3687 791">
     <span class='ocr_line' id='line_1_21' title="bbox 2100 719 3687 791; baseline 0.002 -19"><span class='ocrx_word' id='word_1_127' title='bbox 2100 719 2276 774; x_wconf 88' lang='lat' dir='ltr'><strong>Verba</strong></span> <span class='ocrx_word' id='word_1_128' title='bbox 2326 721 2473 773; x_wconf 90' lang='lat' dir='ltr'><strong>enim</strong></span> <span class='ocrx_word' id='word_1_129' title='bbox 2517 722 2766 791; x_wconf 82' lang='grc' dir='ltr'>τεχνικὰ,</span> <span class='ocrx_word' id='word_1_130' title='bbox 2804 721 3107 790; x_wconf 89' lang='lat' dir='ltr'><strong>etquidem</strong></span> <span class='ocrx_word' id='word_1_131' title='bbox 3160 720 3516 789; x_wconf 76' lang='grc' dir='ltr'><strong>σχολαστικὰ.</strong></span> <span class='ocrx_word' id='word_1_132' title='bbox 3568 736 3687 789; x_wconf 67' lang='lat' dir='ltr'><strong>quae</strong></span> 
     </span>
    </p>
   </div>
   <div class='ocr_carea' id='block_1_22' title="bbox 2099 815 3684 885">
    <p class='ocr_par' dir='ltr' id='par_1_22' title="bbox 2099 815 3684 885">
     <span class='ocr_line' id='line_1_22' title="bbox 2099 815 3684 885; baseline 0.001 -18"><span class='ocrx_word' id='word_1_133' title='bbox 2099 822 2230 867; x_wconf 91' lang='lat' dir='ltr'><strong>tunc</strong></span> <span class='ocrx_word' id='word_1_134' title='bbox 2292 815 2554 885; x_wconf 84' lang='lat' dir='ltr'><strong>temporis</strong></span> <span class='ocrx_word' id='word_1_135' title='bbox 2609 816 3073 885; x_wconf 79' lang='lat' dir='ltr'><strong>percrclitierant;</strong></span> <span class='ocrx_word' id='word_1_136' title='bbox 3142 818 3684 885; x_wconf 72' lang='lat' dir='ltr'><strong>argumentationum</strong></span> 
     </span>
    </p>
   </div>
   <div class='ocr_carea' id='block_1_23' title="bbox 2100 905 3689 977">
    <p class='ocr_par' dir='ltr' id='par_1_23' title="bbox 2100 905 3689 977">
     <span class='ocr_line' id='line_1_23' title="bbox 2100 905 3689 977; baseline 0.001 -20"><span class='ocrx_word' id='word_1_137' title='bbox 2100 905 2625 975; x_wconf 88' lang='lat' dir='ltr'><strong>cavillationnmque</strong></span> <span class='ocrx_word' id='word_1_138' title='bbox 2666 908 3022 970; x_wconf 85' lang='lat' dir='ltr'><strong>subtilitatcs,</strong></span> <span class='ocrx_word' id='word_1_139' title='bbox 3065 908 3270 976; x_wconf 88' lang='lat' dir='ltr'><strong>quibus</strong></span> <span class='ocrx_word' id='word_1_140' title='bbox 3322 906 3521 977; x_wconf 82' lang='lat' dir='ltr'><strong>ingenii</strong></span> <span class='ocrx_word' id='word_1_141' title='bbox 3556 922 3689 960; x_wconf 76' lang='lat' dir='ltr'><strong>acu-</strong></span> 
     </span>
    </p>
   </div>
   <div class='ocr_carea' id='block_1_24' title="bbox 2098 996 3685 1069">
    <p class='ocr_par' dir='ltr' id='par_1_24' title="bbox 2098 996 3685 1069">
     <span class='ocr_line' id='line_1_24' title="bbox 2098 996 3685 1069; baseline 0 -20"><span class='ocrx_word' id='word_1_142' title='bbox 2098 1012 2222 1049; x_wconf 80' lang='lat' dir='ltr'><strong>lllt&#39;ll</strong></span> <span class='ocrx_word' id='word_1_143' title='bbox 2280 1012 2403 1051; x_wconf 85' lang='lat' dir='ltr'><strong>sese</strong></span> <span class='ocrx_word' id='word_1_144' title='bbox 2445 996 2725 1067; x_wconf 80' lang='lat' dir='ltr'><strong>iactabat;</strong></span> <span class='ocrx_word' id='word_1_145' title='bbox 2774 1012 2839 1052; x_wconf 90' lang='lat' dir='ltr'><strong>ac</strong></span> <span class='ocrx_word' id='word_1_146' title='bbox 2879 999 3226 1068; x_wconf 90' lang='lat' dir='ltr'><strong>periodoruni</strong></span> <span class='ocrx_word' id='word_1_147' title='bbox 3284 998 3685 1069; x_wconf 74' lang='grc' dir='ltr'><strong>μεγαλοκώλων</strong></span> 
     </span>
    </p>
   </div>
   <div class='ocr_carea' id='block_1_25' title="bbox 2097 1090 3687 1164">
    <p class='ocr_par' dir='ltr' id='par_1_25' title="bbox 2097 1090 3687 1164">
     <span class='ocr_line' id='line_1_25' title="bbox 2097 1090 3687 1164; baseline 0.003 -20"><span class='ocrx_word' id='word_1_148' title='bbox 2097 1090 2377 1161; x_wconf 81' lang='lat' dir='ltr'><strong>implicata</strong></span> <span class='ocrx_word' id='word_1_149' title='bbox 2408 1095 2736 1163; x_wconf 81' lang='lat' dir='ltr'><strong>prolixitas,</strong></span> <span class='ocrx_word' id='word_1_150' title='bbox 2787 1097 2837 1147; x_wconf 91' lang='lat' dir='ltr'><strong>in</strong></span> <span class='ocrx_word' id='word_1_151' title='bbox 2887 1110 2995 1164; x_wconf 90' lang='lat' dir='ltr'><strong>qua</strong></span> <span class='ocrx_word' id='word_1_152' title='bbox 3048 1095 3359 1163; x_wconf 65' lang='lat' dir='ltr'><strong>praecipuus</strong></span> <span class='ocrx_word' id='word_1_153' title='bbox 3414 1095 3687 1149; x_wconf 78' lang='lat' dir='ltr'><strong>Orationis</strong></span> 
     </span>
    </p>
   </div>
   <div class='ocr_carea' id='block_1_26' title="bbox 2096 1186 3685 1256">
    <p class='ocr_par' dir='ltr' id='par_1_26' title="bbox 2096 1186 3685 1256">
     <span class='ocr_line' id='line_1_26' title="bbox 2096 1186 3685 1256; baseline 0.001 -19"><span class='ocrx_word' id='word_1_154' title='bbox 2096 1186 2279 1240; x_wconf 91' lang='lat' dir='ltr'><strong>cultus</strong></span> <span class='ocrx_word' id='word_1_155' title='bbox 2312 1186 2770 1253; x_wconf 86' lang='lat' dir='ltr'><strong>constituebatur,</strong></span> <span class='ocrx_word' id='word_1_156' title='bbox 2804 1199 2933 1243; x_wconf 93' lang='lat' dir='ltr'><strong>sunt</strong></span> <span class='ocrx_word' id='word_1_157' title='bbox 2969 1190 3219 1256; x_wconf 66' lang='lat' dir='ltr'><strong>quaedam</strong></span> <span class='ocrx_word' id='word_1_158' title='bbox 3250 1189 3415 1241; x_wconf 89' lang='lat' dir='ltr'><strong>veluti</strong></span> <span class='ocrx_word' id='word_1_159' title='bbox 3450 1188 3685 1256; x_wconf 84' lang='lat' dir='ltr'><strong>impedi-</strong></span> 
     </span>
    </p>
   </div>
   <div class='ocr_carea' id='block_1_27' title="bbox 2097 1281 3683 1351">
    <p class='ocr_par' dir='ltr' id='par_1_27' title="bbox 2097 1281 3683 1351">
     <span class='ocr_line' id='line_1_27' title="bbox 2097 1281 3683 1351; baseline 0.001 -18"><span class='ocrx_word' id='word_1_160' title='bbox 2097 1292 2313 1345; x_wconf 85' lang='lat' dir='ltr'><strong>menta,</strong></span> <span class='ocrx_word' id='word_1_161' title='bbox 2373 1296 2497 1351; x_wconf 69' lang='lat' dir='ltr'><strong>qua:</strong></span> <span class='ocrx_word' id='word_1_162' title='bbox 2556 1281 2745 1337; x_wconf 79' lang='lat' dir='ltr'><strong>lectori</strong></span> <span class='ocrx_word' id='word_1_163' title='bbox 2809 1282 2876 1335; x_wconf 88' lang='lat' dir='ltr'><strong>ad</strong></span> <span class='ocrx_word' id='word_1_164' title='bbox 2920 1298 3144 1336; x_wconf 85' lang='lat' dir='ltr'><strong>sensum</strong></span> <span class='ocrx_word' id='word_1_165' title='bbox 3200 1294 3346 1336; x_wconf 86' lang='lat' dir='ltr'><strong>recte</strong></span> <span class='ocrx_word' id='word_1_166' title='bbox 3390 1282 3683 1336; x_wconf 86' lang='lat' dir='ltr'><strong>tenendum</strong></span> 
     </span>
    </p>
   </div>
   <div class='ocr_carea' id='block_1_28' title="bbox 2095 1372 3683 1443">
    <p class='ocr_par' dir='ltr' id='par_1_28' title="bbox 2095 1372 3683 1443">
     <span class='ocr_line' id='line_1_28' title="bbox 2095 1372 3683 1443; baseline -0.003 -14"><span class='ocrx_word' id='word_1_167' title='bbox 2095 1373 2389 1429; x_wconf 78' lang='lat' dir='ltr'><strong>identidem</strong></span> <span class='ocrx_word' id='word_1_168' title='bbox 2422 1373 2782 1443; x_wconf 85' lang='lat' dir='ltr'><strong>objiciuntur.</strong></span> <span class='ocrx_word' id='word_1_169' title='bbox 2807 1372 2928 1440; x_wconf 87' lang='lat' dir='ltr'><strong>Quo</strong></span> <span class='ocrx_word' id='word_1_170' title='bbox 2955 1373 3161 1426; x_wconf 81' lang='lat' dir='ltr'><strong>factum</strong></span> <span class='ocrx_word' id='word_1_171' title='bbox 3186 1382 3269 1428; x_wconf 86' lang='lat' dir='ltr'><strong>est</strong></span> <span class='ocrx_word' id='word_1_172' title='bbox 3326 1381 3383 1425; x_wconf 90' lang='lat' dir='ltr'><strong>ut</strong></span> <span class='ocrx_word' id='word_1_173' title='bbox 3424 1374 3488 1425; x_wconf 89' lang='lat' dir='ltr'><strong>ad</strong></span> <span class='ocrx_word' id='word_1_174' title='bbox 3516 1388 3683 1425; x_wconf 89' lang='lat' dir='ltr'><strong>unum</strong></span> 
     </span>
    </p>
   </div>
   <div class='ocr_carea' id='block_1_29' title="bbox 2093 1465 3687 1535">
    <p class='ocr_par' dir='ltr' id='par_1_29' title="bbox 2093 1465 3687 1535">
     <span class='ocr_line' id='line_1_29' title="bbox 2093 1465 3687 1535; baseline -0.003 -14"><span class='ocrx_word' id='word_1_175' title='bbox 2093 1481 2287 1521; x_wconf 90' lang='lat' dir='ltr'><strong>omnes</strong></span> <span class='ocrx_word' id='word_1_176' title='bbox 2334 1466 2566 1520; x_wconf 90' lang='lat' dir='ltr'><strong>istorum</strong></span> <span class='ocrx_word' id='word_1_177' title='bbox 2620 1465 2936 1520; x_wconf 62' lang='lat' dir='ltr'><strong>Griecorum</strong></span> <span class='ocrx_word' id='word_1_178' title='bbox 2980 1465 3329 1534; x_wconf 91' lang='lat' dir='ltr'><strong>interpretes,</strong></span> <span class='ocrx_word' id='word_1_179' title='bbox 3375 1465 3505 1519; x_wconf 89' lang='lat' dir='ltr'><strong>dum</strong></span> <span class='ocrx_word' id='word_1_180' title='bbox 3548 1480 3687 1535; x_wconf 66' lang='lat' dir='ltr'><strong>prie-</strong></span> 
     </span>
    </p>
   </div>
   <div class='ocr_carea' id='block_1_30' title="bbox 2094 1555 3685 1624">
    <p class='ocr_par' dir='ltr' id='par_1_30' title="bbox 2094 1555 3685 1624">
     <span class='ocr_line' id='line_1_30' title="bbox 2094 1555 3685 1624; baseline -0.001 -14"><span class='ocrx_word' id='word_1_181' title='bbox 2094 1556 2302 1622; x_wconf 79' lang='lat' dir='ltr'><strong>fantur,</strong></span> <span class='ocrx_word' id='word_1_182' title='bbox 2347 1558 2545 1611; x_wconf 88' lang='lat' dir='ltr'><strong>bonam</strong></span> <span class='ocrx_word' id='word_1_183' title='bbox 2589 1571 2619 1610; x_wconf 89' lang='lat' dir='ltr'><strong>a</strong></span> <span class='ocrx_word' id='word_1_184' title='bbox 2666 1555 2966 1610; x_wconf 87' lang='lat' dir='ltr'><strong>lectoribus</strong></span> <span class='ocrx_word' id='word_1_185' title='bbox 3004 1564 3297 1624; x_wconf 88' lang='lat' dir='ltr'><strong>precentur</strong></span> <span class='ocrx_word' id='word_1_186' title='bbox 3338 1555 3574 1619; x_wconf 87' lang='lat' dir='ltr'><strong>veniam,</strong></span> <span class='ocrx_word' id='word_1_187' title='bbox 3623 1562 3685 1609; x_wconf 86' lang='lat' dir='ltr'><strong>ut</strong></span> 
     </span>
    </p>
   </div>
   <div class='ocr_carea' id='block_1_31' title="bbox 2092 1647 3683 1721">
    <p class='ocr_par' dir='ltr' id='par_1_31' title="bbox 2092 1647 3683 1721">
     <span class='ocr_line' id='line_1_31' title="bbox 2092 1647 3683 1721; baseline -0.003 -15"><span class='ocrx_word' id='word_1_188' title='bbox 2092 1649 2196 1706; x_wconf 91' lang='lat' dir='ltr'><strong>sibi</strong></span> <span class='ocrx_word' id='word_1_189' title='bbox 2240 1649 2635 1721; x_wconf 80' lang='grc' dir='ltr'><strong>παρορὰματα,</strong></span> <span class='ocrx_word' id='word_1_190' title='bbox 2661 1647 2717 1702; x_wconf 93' lang='lat' dir='ltr'><strong>in</strong></span> <span class='ocrx_word' id='word_1_191' title='bbox 2747 1664 2871 1718; x_wconf 75' lang='lat' dir='ltr'><strong>qua:</strong></span> <span class='ocrx_word' id='word_1_192' title='bbox 2891 1663 2990 1717; x_wconf 91' lang='lat' dir='ltr'><strong>pro</strong></span> <span class='ocrx_word' id='word_1_193' title='bbox 3029 1647 3417 1702; x_wconf 75' lang='lat' dir='ltr'><strong>vei-tendorum</strong></span> <span class='ocrx_word' id='word_1_194' title='bbox 3452 1662 3683 1717; x_wconf 85' lang='lat' dir='ltr'><strong>Operum</strong></span> 
     </span>
    </p>
   </div>
   <div class='ocr_carea' id='block_1_32' title="bbox 398 1735 3688 1820">
    <p class='ocr_par' dir='ltr' id='par_1_32' title="bbox 398 1735 3688 1820">
     <span class='ocr_line' id='line_1_32' title="bbox 398 1735 3688 1820; baseline -0.004 -14"><span class='ocrx_word' id='word_1_195' title='bbox 398 1754 867 1820; x_wconf 84' lang='lat' dir='ltr'><strong>tiainiiieundam,</strong></span> <span class='ocrx_word' id='word_1_196' title='bbox 900 1753 1109 1808; x_wconf 88' lang='lat' dir='ltr'><strong>viribus</strong></span> <span class='ocrx_word' id='word_1_197' title='bbox 1134 1748 1606 1820; x_wconf 87' lang='lat' dir='ltr'><strong>licetimparibus,</strong></span> <span class='ocrx_word' id='word_1_198' title='bbox 1623 1747 1984 1802; x_wconf 88' lang='lat' dir='ltr'><strong>contendere.</strong></span> <span class='ocrx_word' id='word_1_199' title='bbox 2019 1735 2063 1791; x_wconf 86' lang='grc' dir='ltr'>Β</span> <span class='ocrx_word' id='word_1_200' title='bbox 2092 1742 2409 1797; x_wconf 75' lang='lat' dir='ltr'><strong>difﬁcultate</strong></span> <span class='ocrx_word' id='word_1_201' title='bbox 2450 1740 2765 1806; x_wconf 85' lang='lat' dir='ltr'><strong>inciderint,</strong></span> <span class='ocrx_word' id='word_1_202' title='bbox 2816 1741 3048 1795; x_wconf 88' lang='lat' dir='ltr'><strong>libenter</strong></span> <span class='ocrx_word' id='word_1_203' title='bbox 3102 1739 3411 1809; x_wconf 76' lang='lat' dir='ltr'><strong>ignoscant.</strong></span> <span class='ocrx_word' id='word_1_204' title='bbox 3453 1739 3688 1794; x_wconf 85' lang='lat' dir='ltr'><strong>Accedit</strong></span> 
     </span>
    </p>
   </div>
   <div class='ocr_carea' id='block_1_33' title="bbox 398 1839 1984 1912">
    <p class='ocr_par' dir='ltr' id='par_1_33' title="bbox 398 1839 1984 1912">
     <span class='ocr_line' id='line_1_33' title="bbox 398 1839 1984 1912; baseline -0.007 -14"><span class='ocrx_word' id='word_1_205' title='bbox 398 1843 651 1900; x_wconf 79' lang='lat' dir='ltr'><strong>Profecto</strong></span> <span class='ocrx_word' id='word_1_206' title='bbox 690 1846 793 1901; x_wconf 91' lang='lat' dir='ltr'><strong>liae</strong></span> <span class='ocrx_word' id='word_1_207' title='bbox 828 1848 881 1899; x_wconf 91' lang='lat' dir='ltr'><strong>in</strong></span> <span class='ocrx_word' id='word_1_208' title='bbox 914 1861 972 1899; x_wconf 90' lang='lat' dir='ltr'><strong>re</strong></span> <span class='ocrx_word' id='word_1_209' title='bbox 996 1843 1126 1897; x_wconf 89' lang='lat' dir='ltr'><strong>illud</strong></span> <span class='ocrx_word' id='word_1_210' title='bbox 1147 1857 1248 1912; x_wconf 85' lang='lat' dir='ltr'><strong>ego</strong></span> <span class='ocrx_word' id='word_1_211' title='bbox 1271 1839 1560 1896; x_wconf 89' lang='lat' dir='ltr'><strong>consilium</strong></span> <span class='ocrx_word' id='word_1_212' title='bbox 1580 1846 1805 1893; x_wconf 89' lang='lat' dir='ltr'><strong>secutus</strong></span> <span class='ocrx_word' id='word_1_213' title='bbox 1837 1851 1984 1899; x_wconf 90' lang='lat' dir='ltr'><strong>sum,</strong></span> 
     </span>
    </p>
   </div>
   <div class='ocr_carea' id='block_1_34' title="bbox 398 1932 1984 2005">
    <p class='ocr_par' dir='ltr' id='par_1_34' title="bbox 398 1932 1984 2005">
     <span class='ocr_line' id='line_1_34' title="bbox 398 1932 1984 2005; baseline -0.006 -16"><span class='ocrx_word' id='word_1_214' title='bbox 398 1936 547 2005; x_wconf 90' lang='lat' dir='ltr'><strong>quod</strong></span> <span class='ocrx_word' id='word_1_215' title='bbox 584 1936 804 2005; x_wconf 90' lang='lat' dir='ltr'><strong>plurimi</strong></span> <span class='ocrx_word' id='word_1_216' title='bbox 843 1936 958 2004; x_wconf 90' lang='lat' dir='ltr'><strong>iam</strong></span> <span class='ocrx_word' id='word_1_217' title='bbox 999 1935 1209 2003; x_wconf 89' lang='lat' dir='ltr'><strong>pridem</strong></span> <span class='ocrx_word' id='word_1_218' title='bbox 1240 1932 1543 2000; x_wconf 89' lang='lat' dir='ltr'><strong>scriptores</strong></span> <span class='ocrx_word' id='word_1_219' title='bbox 1589 1934 1984 1997; x_wconf 88' lang='lat' dir='ltr'><strong>susceperant;</strong></span> 
     </span>
    </p>
   </div>
   <div class='ocr_carea' id='block_1_35' title="bbox 402 2018 1987 2094">
    <p class='ocr_par' dir='ltr' id='par_1_35' title="bbox 402 2018 1987 2094">
     <span class='ocr_line' id='line_1_35' title="bbox 402 2018 1987 2094; baseline -0.003 -18"><span class='ocrx_word' id='word_1_220' title='bbox 402 2033 463 2077; x_wconf 90' lang='lat' dir='ltr'><strong>ut</strong></span> <span class='ocrx_word' id='word_1_221' title='bbox 494 2024 708 2078; x_wconf 85' lang='lat' dir='ltr'><strong>scilicet</strong></span> <span class='ocrx_word' id='word_1_222' title='bbox 737 2040 904 2094; x_wconf 87' lang='lat' dir='ltr'><strong>quam</strong></span> <span class='ocrx_word' id='word_1_223' title='bbox 938 2023 1307 2079; x_wconf 87' lang='lat' dir='ltr'><strong>celebritatem</strong></span> <span class='ocrx_word' id='word_1_224' title='bbox 1348 2021 1563 2075; x_wconf 88' lang='lat' dir='ltr'><strong>libellus</strong></span> <span class='ocrx_word' id='word_1_225' title='bbox 1592 2036 1750 2075; x_wconf 90' lang='lat' dir='ltr'><strong>metis</strong></span> <span class='ocrx_word' id='word_1_226' title='bbox 1774 2035 1838 2073; x_wconf 77' lang='lat' dir='ltr'><strong>ex</strong></span> <span class='ocrx_word' id='word_1_227' title='bbox 1866 2018 1987 2073; x_wconf 88' lang='lat' dir='ltr'><strong>edi-</strong></span> 
     </span>
    </p>
   </div>
   <div class='ocr_carea' id='block_1_36' title="bbox 400 2112 1987 2186">
    <p class='ocr_par' dir='ltr' id='par_1_36' title="bbox 400 2112 1987 2186">
     <span class='ocr_line' id='line_1_36' title="bbox 400 2112 1987 2186; baseline -0.002 -19"><span class='ocrx_word' id='word_1_228' title='bbox 400 2115 537 2169; x_wconf 90' lang='lat' dir='ltr'><strong>toris</strong></span> <span class='ocrx_word' id='word_1_229' title='bbox 572 2119 769 2170; x_wconf 89' lang='lat' dir='ltr'><strong>merito</strong></span> <span class='ocrx_word' id='word_1_230' title='bbox 812 2132 917 2170; x_wconf 91' lang='lat' dir='ltr'><strong>non</strong></span> <span class='ocrx_word' id='word_1_231' title='bbox 961 2127 1147 2186; x_wconf 89' lang='lat' dir='ltr'><strong>posset</strong></span> <span class='ocrx_word' id='word_1_232' title='bbox 1199 2115 1305 2169; x_wconf 88' lang='lat' dir='ltr'><strong>sibi</strong></span> <span class='ocrx_word' id='word_1_233' title='bbox 1351 2114 1665 2177; x_wconf 87' lang='lat' dir='ltr'><strong>vindicare,</strong></span> <span class='ocrx_word' id='word_1_234' title='bbox 1714 2112 1856 2166; x_wconf 86' lang='lat' dir='ltr'><strong>lianc</strong></span> <span class='ocrx_word' id='word_1_235' title='bbox 1891 2125 1987 2182; x_wconf 89' lang='lat' dir='ltr'><strong>per</strong></span> 
     </span>
    </p>
   </div>
   <div class='ocr_carea' id='block_1_37' title="bbox 396 2206 1450 2278">
    <p class='ocr_par' dir='ltr' id='par_1_37' title="bbox 396 2206 1450 2278">
     <span class='ocr_line' id='line_1_37' title="bbox 396 2206 1450 2278; baseline 0.001 -18"><span class='ocrx_word' id='word_1_236' title='bbox 396 2206 579 2261; x_wconf 80' lang='lat' dir='ltr'><strong>Photii</strong></span> <span class='ocrx_word' id='word_1_237' title='bbox 611 2224 806 2263; x_wconf 89' lang='lat' dir='ltr'><strong>nomen</strong></span> <span class='ocrx_word' id='word_1_238' title='bbox 838 2209 1127 2278; x_wconf 88' lang='lat' dir='ltr'><strong>acquirere</strong></span> <span class='ocrx_word' id='word_1_239' title='bbox 1154 2207 1450 2261; x_wconf 78' lang='lat' dir='ltr'><strong>videretur.</strong></span> 
     </span>
    </p>
   </div>
   <div class='ocr_carea' id='block_1_38' title="bbox 470 2296 1988 2371">
    <p class='ocr_par' dir='ltr' id='par_1_38' title="bbox 470 2296 1988 2371">
     <span class='ocr_line' id='line_1_38' title="bbox 470 2296 1988 2371; baseline -0.004 -14"><span class='ocrx_word' id='word_1_240' title='bbox 470 2302 758 2357; x_wconf 88' lang='lat' dir='ltr'><strong>Postremo</strong></span> <span class='ocrx_word' id='word_1_241' title='bbox 789 2302 840 2355; x_wconf 88' lang='lat' dir='ltr'><strong>id</strong></span> <span class='ocrx_word' id='word_1_242' title='bbox 872 2302 1129 2367; x_wconf 89' lang='lat' dir='ltr'><strong>accessit,</strong></span> <span class='ocrx_word' id='word_1_243' title='bbox 1161 2301 1213 2354; x_wconf 93' lang='lat' dir='ltr'><strong>in</strong></span> <span class='ocrx_word' id='word_1_244' title='bbox 1243 2316 1373 2371; x_wconf 90' lang='lat' dir='ltr'><strong>quo,</strong></span> <span class='ocrx_word' id='word_1_245' title='bbox 1420 2297 1639 2354; x_wconf 90' lang='lat' dir='ltr'><strong>tametsi</strong></span> <span class='ocrx_word' id='word_1_246' title='bbox 1669 2296 1823 2353; x_wconf 91' lang='lat' dir='ltr'><strong>multi</strong></span> <span class='ocrx_word' id='word_1_247' title='bbox 1856 2312 1988 2367; x_wconf 84' lang='lat' dir='ltr'><strong>pue-</strong></span> 
     </span>
    </p>
   </div>
   <div class='ocr_carea' id='block_1_39' title="bbox 399 2389 1984 2463">
    <p class='ocr_par' dir='ltr' id='par_1_39' title="bbox 399 2389 1984 2463">
     <span class='ocr_line' id='line_1_39' title="bbox 399 2389 1984 2463; baseline -0.003 -16"><span class='ocrx_word' id='word_1_248' title='bbox 399 2393 558 2447; x_wconf 87' lang='lat' dir='ltr'><strong>rilem</strong></span> <span class='ocrx_word' id='word_1_249' title='bbox 598 2394 892 2463; x_wconf 81' lang='lat' dir='ltr'><strong>quamdam</strong></span> <span class='ocrx_word' id='word_1_250' title='bbox 919 2394 1157 2448; x_wconf 90' lang='lat' dir='ltr'><strong>sentient</strong></span> <span class='ocrx_word' id='word_1_251' title='bbox 1188 2392 1493 2458; x_wconf 87' lang='lat' dir='ltr'><strong>levitatem;</strong></span> <span class='ocrx_word' id='word_1_252' title='bbox 1547 2401 1603 2445; x_wconf 90' lang='lat' dir='ltr'><strong>tu</strong></span> <span class='ocrx_word' id='word_1_253' title='bbox 1645 2399 1849 2454; x_wconf 85' lang='lat' dir='ltr'><strong>tamen,</strong></span> <span class='ocrx_word' id='word_1_254' title='bbox 1906 2389 1984 2443; x_wconf 89' lang='lat' dir='ltr'><strong>le-</strong></span> 
     </span>
    </p>
   </div>
   <div class='ocr_carea' id='block_1_40' title="bbox 397 2482 1988 2556">
    <p class='ocr_par' dir='ltr' id='par_1_40' title="bbox 397 2482 1988 2556">
     <span class='ocr_line' id='line_1_40' title="bbox 397 2482 1988 2556; baseline -0.003 -15"><span class='ocrx_word' id='word_1_255' title='bbox 397 2495 520 2541; x_wconf 90' lang='lat' dir='ltr'><strong>ctor</strong></span> <span class='ocrx_word' id='word_1_256' title='bbox 550 2486 965 2549; x_wconf 78' lang='lat' dir='ltr'><strong>humanissime,</strong></span> <span class='ocrx_word' id='word_1_257' title='bbox 1001 2486 1093 2556; x_wconf 90' lang='lat' dir='ltr'><strong>qui</strong></span> <span class='ocrx_word' id='word_1_258' title='bbox 1129 2486 1409 2539; x_wconf 87' lang='lat' dir='ltr'><strong>hominum</strong></span> <span class='ocrx_word' id='word_1_259' title='bbox 1433 2492 1666 2538; x_wconf 88' lang='lat' dir='ltr'><strong>mentem</strong></span> <span class='ocrx_word' id='word_1_260' title='bbox 1699 2482 1988 2537; x_wconf 89' lang='lat' dir='ltr'><strong>levissimis</strong></span> 
     </span>
    </p>
   </div>
   <div class='ocr_carea' id='block_1_41' title="bbox 398 2575 1988 2637">
    <p class='ocr_par' dir='ltr' id='par_1_41' title="bbox 398 2575 1988 2637">
     <span class='ocr_line' id='line_1_41' title="bbox 398 2575 1988 2637; baseline -0.003 -4"><span class='ocrx_word' id='word_1_261' title='bbox 398 2579 671 2633; x_wconf 88' lang='lat' dir='ltr'><strong>interdum</strong></span> <span class='ocrx_word' id='word_1_262' title='bbox 717 2580 1023 2634; x_wconf 87' lang='lat' dir='ltr'><strong>rationibus</strong></span> <span class='ocrx_word' id='word_1_263' title='bbox 1067 2580 1297 2637; x_wconf 84' lang='lat' dir='ltr'><strong>moveri.</strong></span> <span class='ocrx_word' id='word_1_264' title='bbox 1343 2593 1409 2632; x_wconf 90' lang='lat' dir='ltr'><strong>ac</strong></span> <span class='ocrx_word' id='word_1_265' title='bbox 1434 2575 1643 2631; x_wconf 87' lang='lat' dir='ltr'><strong>versari</strong></span> <span class='ocrx_word' id='word_1_266' title='bbox 1685 2589 1792 2629; x_wconf 90' lang='lat' dir='ltr'><strong>non</strong></span> <span class='ocrx_word' id='word_1_267' title='bbox 1824 2576 1988 2630; x_wconf 87' lang='lat' dir='ltr'><strong>dubi-</strong></span> 
     </span>
    </p>
   </div>
   <div class='ocr_carea' id='block_1_42' title="bbox 401 2663 1988 2738">
    <p class='ocr_par' dir='ltr' id='par_1_42' title="bbox 401 2663 1988 2738">
     <span class='ocr_line' id='line_1_42' title="bbox 401 2663 1988 2738; baseline -0.005 -15"><span class='ocrx_word' id='word_1_268' title='bbox 401 2679 506 2733; x_wconf 84' lang='lat' dir='ltr'><strong>tas,</strong></span> <span class='ocrx_word' id='word_1_269' title='bbox 525 2679 734 2724; x_wconf 91' lang='lat' dir='ltr'><strong>tantum</strong></span> <span class='ocrx_word' id='word_1_270' title='bbox 761 2670 948 2738; x_wconf 84' lang='lat' dir='ltr'><strong>utique</strong></span> <span class='ocrx_word' id='word_1_271' title='bbox 972 2669 1230 2738; x_wconf 86' lang='lat' dir='ltr'><strong>ponderis</strong></span> <span class='ocrx_word' id='word_1_272' title='bbox 1255 2680 1545 2735; x_wconf 76' lang='lat' dir='ltr'><strong>agnosces,</strong></span> <span class='ocrx_word' id='word_1_273' title='bbox 1576 2674 1841 2733; x_wconf 87' lang='lat' dir='ltr'><strong>quantum</strong></span> <span class='ocrx_word' id='word_1_274' title='bbox 1865 2663 1988 2716; x_wconf 82' lang='lat' dir='ltr'><strong>ani-</strong></span> 
     </span>
    </p>
   </div>
   <div class='ocr_carea' id='block_1_43' title="bbox 398 2760 1988 2826">
    <p class='ocr_par' dir='ltr' id='par_1_43' title="bbox 398 2760 1988 2826">
     <span class='ocr_line' id='line_1_43' title="bbox 398 2760 1988 2826; baseline -0.003 -10"><span class='ocrx_word' id='word_1_275' title='bbox 398 2778 491 2817; x_wconf 93' lang='lat' dir='ltr'><strong>iuo</strong></span> <span class='ocrx_word' id='word_1_276' title='bbox 532 2764 785 2817; x_wconf 90' lang='lat' dir='ltr'><strong>titubanti</strong></span> <span class='ocrx_word' id='word_1_277' title='bbox 820 2764 885 2816; x_wconf 89' lang='lat' dir='ltr'><strong>ad</strong></span> <span class='ocrx_word' id='word_1_278' title='bbox 920 2760 1321 2816; x_wconf 87' lang='lat' dir='ltr'><strong>decernendum</strong></span> <span class='ocrx_word' id='word_1_279' title='bbox 1367 2762 1500 2814; x_wconf 86' lang='lat' dir='ltr'><strong>satis</strong></span> <span class='ocrx_word' id='word_1_280' title='bbox 1534 2773 1658 2812; x_wconf 80' lang='lat' dir='ltr'><strong>esse</strong></span> <span class='ocrx_word' id='word_1_281' title='bbox 1696 2770 1988 2826; x_wconf 83' lang='lat' dir='ltr'><strong>perspexe-</strong></span> 
     </span>
    </p>
   </div>
   <div class='ocr_carea' id='block_1_44' title="bbox 397 2848 1987 2923">
    <p class='ocr_par' dir='ltr' id='par_1_44' title="bbox 397 2848 1987 2923">
     <span class='ocr_line' id='line_1_44' title="bbox 397 2848 1987 2923; baseline -0.006 -13"><span class='ocrx_word' id='word_1_282' title='bbox 397 2858 495 2910; x_wconf 88' lang='lat' dir='ltr'><strong>ris.</strong></span> <span class='ocrx_word' id='word_1_283' title='bbox 525 2854 679 2911; x_wconf 85' lang='lat' dir='ltr'><strong>Nosti</strong></span> <span class='ocrx_word' id='word_1_284' title='bbox 714 2855 974 2910; x_wconf 90' lang='lat' dir='ltr'><strong>nimirum</strong></span> <span class='ocrx_word' id='word_1_285' title='bbox 1019 2854 1083 2907; x_wconf 89' lang='lat' dir='ltr'><strong>ad</strong></span> <span class='ocrx_word' id='word_1_286' title='bbox 1136 2853 1462 2923; x_wconf 64' lang='lat' dir='ltr'><strong>praeclarum</strong></span> <span class='ocrx_word' id='word_1_287' title='bbox 1510 2851 1640 2904; x_wconf 89' lang='lat' dir='ltr'><strong>illud</strong></span> <span class='ocrx_word' id='word_1_288' title='bbox 1676 2848 1860 2903; x_wconf 80' lang='lat' dir='ltr'><strong>Pliot&#39;ii</strong></span> <span class='ocrx_word' id='word_1_289' title='bbox 1891 2848 1987 2900; x_wconf 82' lang='grc' dir='ltr'><strong>Φι-</strong></span> 
     </span>
    </p>
   </div>
   <div class='ocr_carea' id='block_1_45' title="bbox 396 2940 1991 3018">
    <p class='ocr_par' dir='ltr' id='par_1_45' title="bbox 396 2940 1991 3018">
     <span class='ocr_line' id='line_1_45' title="bbox 396 2940 1991 3018; baseline -0.005 -18"><span class='ocrx_word' id='word_1_290' title='bbox 396 2946 734 3018; x_wconf 53' lang='grc' dir='ltr'><strong>λοτένχνημσι,</strong></span> <span class='ocrx_word' id='word_1_291' title='bbox 767 2948 913 3017; x_wconf 87' lang='lat' dir='ltr'><strong>quod</strong></span> <span class='ocrx_word' id='word_1_292' title='bbox 952 2945 1343 3016; x_wconf 77' lang='grc' dir='ltr'><strong>Μυριόὸιόλον,</strong></span> <span class='ocrx_word' id='word_1_293' title='bbox 1385 2959 1482 2999; x_wconf 85' lang='lat' dir='ltr'><strong>seu</strong></span> <span class='ocrx_word' id='word_1_294' title='bbox 1526 2940 1863 2996; x_wconf 83' lang='lat' dir='ltr'><strong>Bibliotheca</strong></span> <span class='ocrx_word' id='word_1_295' title='bbox 1906 2941 1991 2993; x_wconf 89' lang='lat' dir='ltr'><strong>iii-</strong></span> 
     </span>
    </p>
   </div>
   <div class='ocr_carea' id='block_1_46' title="bbox 398 3030 1987 3109">
    <p class='ocr_par' dir='ltr' id='par_1_46' title="bbox 398 3030 1987 3109">
     <span class='ocr_line' id='line_1_46' title="bbox 398 3030 1987 3109; baseline -0.006 -14"><span class='ocrx_word' id='word_1_296' title='bbox 398 3041 680 3105; x_wconf 88' lang='lat' dir='ltr'><strong>scribitur,</strong></span> <span class='ocrx_word' id='word_1_297' title='bbox 726 3038 1223 3109; x_wconf 88' lang='lat' dir='ltr'><strong>interpretandum,</strong></span> <span class='ocrx_word' id='word_1_298' title='bbox 1259 3045 1382 3106; x_wconf 90' lang='lat' dir='ltr'><strong>post</strong></span> <span class='ocrx_word' id='word_1_299' title='bbox 1409 3034 1656 3090; x_wconf 61' lang='lat' dir='ltr'><strong>Graecam</strong></span> <span class='ocrx_word' id='word_1_300' title='bbox 1682 3030 1987 3088; x_wconf 65' lang='lat' dir='ltr'><strong>&quot;(BSt&#39;helli</strong></span> 
     </span>
    </p>
   </div>
   <div class='ocr_carea' id='block_1_47' title="bbox 397 3125 1993 3198">
    <p class='ocr_par' dir='ltr' id='par_1_47' title="bbox 397 3125 1993 3198">
     <span class='ocr_line' id='line_1_47' title="bbox 397 3125 1993 3198; baseline -0.005 -11"><span class='ocrx_word' id='word_1_301' title='bbox 397 3131 693 3187; x_wconf 90' lang='lat' dir='ltr'><strong>editionem</strong></span> <span class='ocrx_word' id='word_1_302' title='bbox 754 3132 987 3185; x_wconf 87' lang='lat' dir='ltr'><strong>altermn</strong></span> <span class='ocrx_word' id='word_1_303' title='bbox 1062 3130 1309 3184; x_wconf 86' lang='lat' dir='ltr'><strong>Scottuni</strong></span> <span class='ocrx_word' id='word_1_304' title='bbox 1356 3127 1578 3198; x_wconf 90' lang='lat' dir='ltr'><strong>optimis</strong></span> <span class='ocrx_word' id='word_1_305' title='bbox 1612 3127 1876 3196; x_wconf 87' lang='lat' dir='ltr'><strong>auspiciis</strong></span> <span class='ocrx_word' id='word_1_306' title='bbox 1908 3125 1993 3180; x_wconf 89' lang='lat' dir='ltr'><strong>iii-</strong></span> 
     </span>
    </p>
   </div>
   <div class='ocr_carea' id='block_1_48' title="bbox 398 3219 1992 3295">
    <p class='ocr_par' dir='ltr' id='par_1_48' title="bbox 398 3219 1992 3295">
     <span class='ocr_line' id='line_1_48' title="bbox 398 3219 1992 3295; baseline -0.006 -15"><span class='ocrx_word' id='word_1_307' title='bbox 398 3226 657 3280; x_wconf 89' lang='lat' dir='ltr'><strong>cubuisse</strong></span> <span class='ocrx_word' id='word_1_308' title='bbox 690 3222 803 3295; x_wconf 88' lang='grc'><strong>(10)</strong></span> <span class='ocrx_word' id='word_1_309' title='bbox 839 3238 853 3276; x_wconf 88' lang='lat'>:</span> <span class='ocrx_word' id='word_1_310' title='bbox 888 3230 1063 3278; x_wconf 90' lang='lat' dir='ltr'><strong>necte</strong></span> <span class='ocrx_word' id='word_1_311' title='bbox 1090 3222 1247 3282; x_wconf 84' lang='lat' dir='ltr'><strong>fallit.</strong></span> <span class='ocrx_word' id='word_1_312' title='bbox 1280 3236 1443 3290; x_wconf 91' lang='lat' dir='ltr'><strong>quam</strong></span> <span class='ocrx_word' id='word_1_313' title='bbox 1496 3219 1633 3274; x_wconf 91' lang='lat' dir='ltr'><strong>bene</strong></span> <span class='ocrx_word' id='word_1_314' title='bbox 1672 3232 1736 3272; x_wconf 89' lang='lat' dir='ltr'><strong>ea</strong></span> <span class='ocrx_word' id='word_1_315' title='bbox 1780 3228 1992 3287; x_wconf 86' lang='lat' dir='ltr'><strong>tempe-</strong></span> 
     </span>
    </p>
   </div>
   <div class='ocr_carea' id='block_1_49' title="bbox 402 3310 1996 3373">
    <p class='ocr_par' dir='ltr' id='par_1_49' title="bbox 402 3310 1996 3373">
     <span class='ocr_line' id='line_1_49' title="bbox 402 3310 1996 3373; baseline -0.007 0"><span class='ocrx_word' id='word_1_316' title='bbox 402 3328 547 3373; x_wconf 90' lang='lat' dir='ltr'><strong>state</strong></span> <span class='ocrx_word' id='word_1_317' title='bbox 574 3318 626 3372; x_wconf 92' lang='lat' dir='ltr'><strong>in</strong></span> <span class='ocrx_word' id='word_1_318' title='bbox 673 3316 927 3370; x_wconf 81' lang='grc' dir='ltr'><strong>ΦΩΤΙΟΥ</strong></span> <span class='ocrx_word' id='word_1_319' title='bbox 975 3331 1042 3371; x_wconf 88' lang='lat' dir='ltr'><strong>ac</strong></span> <span class='ocrx_word' id='word_1_320' title='bbox 1068 3312 1391 3368; x_wconf 81' lang='grc' dir='ltr'><strong>ΣΚΟΤΤΟΥ</strong></span> <span class='ocrx_word' id='word_1_321' title='bbox 1421 3310 1738 3367; x_wconf 90' lang='lat' dir='ltr'><strong>nominibus</strong></span> <span class='ocrx_word' id='word_1_322' title='bbox 1764 3311 1996 3365; x_wconf 90' lang='lat' dir='ltr'><strong>luseriut</strong></span> 
     </span>
    </p>
   </div>
   <div class='ocr_carea' id='block_1_50' title="bbox 406 3408 1993 3481">
    <p class='ocr_par' dir='ltr' id='par_1_50' title="bbox 406 3408 1993 3481">
     <span class='ocr_line' id='line_1_50' title="bbox 406 3408 1993 3481; baseline -0.006 -16"><span class='ocrx_word' id='word_1_323' title='bbox 406 3412 605 3465; x_wconf 87' lang='lat' dir='ltr'><strong>eruditi</strong></span> <span class='ocrx_word' id='word_1_324' title='bbox 645 3410 781 3481; x_wconf 88' lang='grc'><strong>(11).</strong></span> <span class='ocrx_word' id='word_1_325' title='bbox 812 3408 949 3463; x_wconf 87' lang='lat' dir='ltr'><strong>Cum</strong></span> <span class='ocrx_word' id='word_1_326' title='bbox 979 3410 1160 3476; x_wconf 87' lang='lat' dir='ltr'><strong>itaque</strong></span> <span class='ocrx_word' id='word_1_327' title='bbox 1193 3409 1307 3461; x_wconf 74' lang='lat' dir='ltr'><strong>haec</strong></span> <span class='ocrx_word' id='word_1_328' title='bbox 1336 3422 1438 3477; x_wconf 87' lang='lat' dir='ltr'><strong>ego</strong></span> <span class='ocrx_word' id='word_1_329' title='bbox 1460 3421 1683 3476; x_wconf 88' lang='lat' dir='ltr'><strong>quoque</strong></span> <span class='ocrx_word' id='word_1_330' title='bbox 1710 3414 1993 3475; x_wconf 87' lang='lat' dir='ltr'><strong>perspecta</strong></span> 
     </span>
    </p>
   </div>
   <div class='ocr_carea' id='block_1_51' title="bbox 416 3498 1993 3569">
    <p class='ocr_par' dir='ltr' id='par_1_51' title="bbox 416 3498 1993 3569">
     <span class='ocr_line' id='line_1_51' title="bbox 416 3498 1993 3569; baseline -0.004 -11"><span class='ocrx_word' id='word_1_331' title='bbox 416 3506 700 3569; x_wconf 86' lang='lat' dir='ltr'><strong>haberem,</strong></span> <span class='ocrx_word' id='word_1_332' title='bbox 748 3503 803 3557; x_wconf 92' lang='lat' dir='ltr'><strong>iii</strong></span> <span class='ocrx_word' id='word_1_333' title='bbox 840 3501 1089 3557; x_wconf 86' lang='lat' dir='ltr'><strong>eamdem</strong></span> <span class='ocrx_word' id='word_1_334' title='bbox 1125 3515 1349 3554; x_wconf 88' lang='lat' dir='ltr'><strong>arenam</strong></span> <span class='ocrx_word' id='word_1_335' title='bbox 1388 3499 1522 3553; x_wconf 90' lang='lat' dir='ltr'><strong>mihi</strong></span> <span class='ocrx_word' id='word_1_336' title='bbox 1553 3498 1993 3552; x_wconf 88' lang='lat' dir='ltr'><strong>descendendum</strong></span> 
     </span>
    </p>
   </div>
   <div class='ocr_carea' id='block_1_52' title="bbox 352 3587 1997 3667">
    <p class='ocr_par' dir='ltr' id='par_1_52' title="bbox 352 3587 1997 3667">
     <span class='ocr_line' id='line_1_52' title="bbox 352 3587 1997 3667; baseline -0.005 -17"><span class='ocrx_word' id='word_1_337' title='bbox 352 3638 355 3641; x_wconf 58' lang='grc'><strong>»</strong></span> <span class='ocrx_word' id='word_1_338' title='bbox 404 3598 633 3667; x_wconf 89' lang='lat' dir='ltr'><strong>putavi;</strong></span> <span class='ocrx_word' id='word_1_339' title='bbox 673 3603 727 3649; x_wconf 89' lang='lat' dir='ltr'><strong>et</strong></span> <span class='ocrx_word' id='word_1_340' title='bbox 764 3603 915 3649; x_wconf 89' lang='lat' dir='ltr'><strong>certe</strong></span> <span class='ocrx_word' id='word_1_341' title='bbox 967 3593 1253 3646; x_wconf 79' lang='lat' dir='ltr'><strong>universas</strong></span> <span class='ocrx_word' id='word_1_342' title='bbox 1302 3588 1617 3660; x_wconf 72' lang='lat' dir='ltr'><strong>huiusmodi</strong></span> <span class='ocrx_word' id='word_1_343' title='bbox 1658 3587 1933 3643; x_wconf 88' lang='lat' dir='ltr'><strong>Diatribas</strong></span> <span class='ocrx_word' id='word_1_344' title='bbox 1964 3604 1997 3642; x_wconf 86' lang='lat' dir='ltr'><strong>e</strong></span> 
     </span>
    </p>
   </div>
   <div class='ocr_carea' id='block_1_53' title="bbox 402 3681 1996 3754">
    <p class='ocr_par' dir='ltr' id='par_1_53' title="bbox 402 3681 1996 3754">
     <span class='ocr_line' id='line_1_53' title="bbox 402 3681 1996 3754; baseline -0.004 -11"><span class='ocrx_word' id='word_1_345' title='bbox 402 3688 674 3743; x_wconf 80' lang='lat' dir='ltr'><strong>Vaticano</strong></span> <span class='ocrx_word' id='word_1_346' title='bbox 703 3686 895 3740; x_wconf 90' lang='lat' dir='ltr'><strong>codice</strong></span> <span class='ocrx_word' id='word_1_347' title='bbox 935 3686 1243 3754; x_wconf 80' lang='lat' dir='ltr'><strong>exscriptus</strong></span> <span class='ocrx_word' id='word_1_348' title='bbox 1276 3681 1425 3738; x_wconf 84' lang='lat' dir='ltr'><strong>facili</strong></span> <span class='ocrx_word' id='word_1_349' title='bbox 1461 3683 1680 3752; x_wconf 85' lang='lat' dir='ltr'><strong>negotio</strong></span> <span class='ocrx_word' id='word_1_350' title='bbox 1724 3681 1996 3736; x_wconf 88' lang='lat' dir='ltr'><strong>obtinuis-</strong></span> 
     </span>
    </p>
   </div>
   <div class='ocr_carea' id='block_1_54' title="bbox 402 3772 1995 3848">
    <p class='ocr_par' dir='ltr' id='par_1_54' title="bbox 402 3772 1995 3848">
     <span class='ocr_line' id='line_1_54' title="bbox 402 3772 1995 3848; baseline -0.004 -14"><span class='ocrx_word' id='word_1_351' title='bbox 402 3796 543 3846; x_wconf 90' lang='lat' dir='ltr'><strong>scm,</strong></span> <span class='ocrx_word' id='word_1_352' title='bbox 597 3778 1072 3848; x_wconf 85' lang='lat' dir='ltr'><strong>prodidisseinque</strong></span> <span class='ocrx_word' id='word_1_353' title='bbox 1130 3775 1186 3829; x_wconf 92' lang='lat' dir='ltr'><strong>in</strong></span> <span class='ocrx_word' id='word_1_354' title='bbox 1245 3775 1447 3837; x_wconf 87' lang='lat' dir='ltr'><strong>lucem,</strong></span> <span class='ocrx_word' id='word_1_355' title='bbox 1501 3774 1607 3828; x_wconf 91' lang='lat' dir='ltr'><strong>nisi</strong></span> <span class='ocrx_word' id='word_1_356' title='bbox 1672 3772 1814 3828; x_wconf 90' lang='lat' dir='ltr'><strong>votis</strong></span> <span class='ocrx_word' id='word_1_357' title='bbox 1856 3772 1995 3828; x_wconf 86' lang='lat' dir='ltr'><strong>meis</strong></span> 
     </span>
    </p>
   </div>
   <div class='ocr_carea' id='block_1_55' title="bbox 404 3868 1677 3940">
    <p class='ocr_par' dir='ltr' id='par_1_55' title="bbox 404 3868 1677 3940">
     <span class='ocr_line' id='line_1_55' title="bbox 404 3868 1677 3940; baseline -0.003 -14"><span class='ocrx_word' id='word_1_358' title='bbox 404 3873 573 3926; x_wconf 88' lang='lat' dir='ltr'><strong>inulta</strong></span> <span class='ocrx_word' id='word_1_359' title='bbox 604 3880 653 3925; x_wconf 89' lang='lat' dir='ltr'><strong>et</strong></span> <span class='ocrx_word' id='word_1_360' title='bbox 674 3870 859 3940; x_wconf 79' lang='lat' dir='ltr'><strong>gravia</strong></span> <span class='ocrx_word' id='word_1_361' title='bbox 888 3868 1236 3923; x_wconf 87' lang='lat' dir='ltr'><strong>obstitissent</strong></span> <span class='ocrx_word' id='word_1_362' title='bbox 1266 3868 1677 3937; x_wconf 88' lang='lat' dir='ltr'><strong>impedimenta.</strong></span> 
     </span>
    </p>
   </div>
   <div class='ocr_carea' id='block_1_56' title="bbox 478 3957 1995 4029">
    <p class='ocr_par' dir='ltr' id='par_1_56' title="bbox 478 3957 1995 4029">
     <span class='ocr_line' id='line_1_56' title="bbox 478 3957 1995 4029; baseline 0 -16"><span class='ocrx_word' id='word_1_363' title='bbox 478 3960 572 4015; x_wconf 78' lang='lat' dir='ltr'><strong>liae</strong></span> <span class='ocrx_word' id='word_1_364' title='bbox 605 3970 786 4015; x_wconf 89' lang='lat' dir='ltr'><strong>autem</strong></span> <span class='ocrx_word' id='word_1_365' title='bbox 832 3959 1190 4029; x_wconf 68' lang='lat' dir='ltr'><strong>quaestiones,</strong></span> <span class='ocrx_word' id='word_1_366' title='bbox 1226 3969 1285 4012; x_wconf 88' lang='lat' dir='ltr'><strong>ut</strong></span> <span class='ocrx_word' id='word_1_367' title='bbox 1311 3959 1365 4012; x_wconf 90' lang='lat' dir='ltr'><strong>iii</strong></span> <span class='ocrx_word' id='word_1_368' title='bbox 1394 3957 1650 4012; x_wconf 85' lang='lat' dir='ltr'><strong>Latinum</strong></span> <span class='ocrx_word' id='word_1_369' title='bbox 1687 3974 1995 4014; x_wconf 88' lang='lat' dir='ltr'><strong>sermonem</strong></span> 
     </span>
    </p>
   </div>
   <div class='ocr_carea' id='block_1_57' title="bbox 406 4050 1996 4120">
    <p class='ocr_par' dir='ltr' id='par_1_57' title="bbox 406 4050 1996 4120">
     <span class='ocr_line' id='line_1_57' title="bbox 406 4050 1996 4120; baseline -0.003 -11"><span class='ocrx_word' id='word_1_370' title='bbox 406 4052 859 4114; x_wconf 81' lang='lat' dir='ltr'><strong>transferrentur,</strong></span> <span class='ocrx_word' id='word_1_371' title='bbox 889 4062 1158 4120; x_wconf 89' lang='lat' dir='ltr'><strong>quantum</strong></span> <span class='ocrx_word' id='word_1_372' title='bbox 1215 4052 1508 4105; x_wconf 87' lang='lat' dir='ltr'><strong>habuerint</strong></span> <span class='ocrx_word' id='word_1_373' title='bbox 1550 4050 1890 4105; x_wconf 85' lang='lat' dir='ltr'><strong>dillicultatis</strong></span> <span class='ocrx_word' id='word_1_374' title='bbox 1931 4066 1996 4105; x_wconf 87' lang='lat' dir='ltr'><strong>ac</strong></span> 
     </span>
    </p>
   </div>
   <div class='ocr_carea' id='block_1_58' title="bbox 403 4140 1996 4211">
    <p class='ocr_par' dir='ltr' id='par_1_58' title="bbox 403 4140 1996 4211">
     <span class='ocr_line' id='line_1_58' title="bbox 403 4140 1996 4211; baseline -0.005 -12"><span class='ocrx_word' id='word_1_375' title='bbox 403 4143 631 4206; x_wconf 89' lang='lat' dir='ltr'><strong>laboris,</strong></span> <span class='ocrx_word' id='word_1_376' title='bbox 666 4142 743 4195; x_wconf 90' lang='lat' dir='ltr'><strong>illi</strong></span> <span class='ocrx_word' id='word_1_377' title='bbox 771 4142 961 4211; x_wconf 86' lang='lat' dir='ltr'><strong>utique</strong></span> <span class='ocrx_word' id='word_1_378' title='bbox 993 4141 1346 4211; x_wconf 88' lang='lat' dir='ltr'><strong>perspicieiit,</strong></span> <span class='ocrx_word' id='word_1_379' title='bbox 1380 4140 1476 4209; x_wconf 91' lang='lat' dir='ltr'><strong>qui</strong></span> <span class='ocrx_word' id='word_1_380' title='bbox 1527 4141 1676 4210; x_wconf 90' lang='lat' dir='ltr'><strong>ipsas</strong></span> <span class='ocrx_word' id='word_1_381' title='bbox 1723 4154 1829 4193; x_wconf 92' lang='lat' dir='ltr'><strong>non</strong></span> <span class='ocrx_word' id='word_1_382' title='bbox 1869 4155 1996 4208; x_wconf 81' lang='lat' dir='ltr'><strong>rap-</strong></span> 
     </span>
    </p>
   </div>
   <div class='ocr_carea' id='block_1_59' title="bbox 405 4233 1997 4306">
    <p class='ocr_par' dir='ltr' id='par_1_59' title="bbox 405 4233 1997 4306">
     <span class='ocr_line' id='line_1_59' title="bbox 405 4233 1997 4306; baseline -0.005 -13"><span class='ocrx_word' id='word_1_383' title='bbox 405 4244 524 4305; x_wconf 73' lang='lat' dir='ltr'><strong>t&#39;.ni,</strong></span> <span class='ocrx_word' id='word_1_384' title='bbox 555 4235 649 4291; x_wconf 90' lang='lat' dir='ltr'><strong>sed</strong></span> <span class='ocrx_word' id='word_1_385' title='bbox 672 4245 877 4289; x_wconf 87' lang='lat' dir='ltr'><strong>attente</strong></span> <span class='ocrx_word' id='word_1_386' title='bbox 902 4235 1081 4306; x_wconf 87' lang='lat' dir='ltr'><strong>legent</strong></span> <span class='ocrx_word' id='word_1_387' title='bbox 1106 4252 1122 4301; x_wconf 89' lang='lat'><strong>;</strong></span> <span class='ocrx_word' id='word_1_388' title='bbox 1156 4250 1259 4289; x_wconf 90' lang='lat' dir='ltr'><strong>nec</strong></span> <span class='ocrx_word' id='word_1_389' title='bbox 1290 4237 1483 4304; x_wconf 86' lang='lat' dir='ltr'><strong>quales</strong></span> <span class='ocrx_word' id='word_1_390' title='bbox 1501 4245 1624 4304; x_wconf 86' lang='lat' dir='ltr'><strong>post</strong></span> <span class='ocrx_word' id='word_1_391' title='bbox 1654 4246 1896 4303; x_wconf 89' lang='lat' dir='ltr'><strong>apertam</strong></span> <span class='ocrx_word' id='word_1_392' title='bbox 1926 4233 1997 4286; x_wconf 88' lang='lat' dir='ltr'><strong>ad</strong></span> 
     </span>
    </p>
   </div>
   <div class='ocr_carea' id='block_1_60' title="bbox 405 4327 1997 4397">
    <p class='ocr_par' dir='ltr' id='par_1_60' title="bbox 405 4327 1997 4397">
     <span class='ocr_line' id='line_1_60' title="bbox 405 4327 1997 4397; baseline -0.003 -13"><span class='ocrx_word' id='word_1_393' title='bbox 405 4344 630 4384; x_wconf 85' lang='lat' dir='ltr'><strong>sensum</strong></span> <span class='ocrx_word' id='word_1_394' title='bbox 660 4332 801 4381; x_wconf 88' lang='lat' dir='ltr'><strong>viain</strong></span> <span class='ocrx_word' id='word_1_395' title='bbox 829 4328 1140 4392; x_wconf 86' lang='lat' dir='ltr'><strong>videantur,</strong></span> <span class='ocrx_word' id='word_1_396' title='bbox 1172 4328 1267 4381; x_wconf 85' lang='lat' dir='ltr'><strong>sed</strong></span> <span class='ocrx_word' id='word_1_397' title='bbox 1300 4328 1493 4397; x_wconf 88' lang='lat' dir='ltr'><strong>quales</strong></span> <span class='ocrx_word' id='word_1_398' title='bbox 1519 4327 1744 4392; x_wconf 80' lang='lat' dir='ltr'><strong>fuerint,</strong></span> <span class='ocrx_word' id='word_1_399' title='bbox 1771 4327 1901 4380; x_wconf 79' lang='lat' dir='ltr'><strong>ilum</strong></span> <span class='ocrx_word' id='word_1_400' title='bbox 1933 4341 1997 4380; x_wconf 85' lang='lat' dir='ltr'><strong>ea</strong></span> 
     </span>
    </p>
   </div>
   <div class='ocr_carea' id='block_1_61' title="bbox 2090 1833 3689 1905">
    <p class='ocr_par' dir='ltr' id='par_1_61' title="bbox 2090 1833 3689 1905">
     <span class='ocr_line' id='line_1_61' title="bbox 2090 1833 3689 1905; baseline -0.001 -16"><span class='ocrx_word' id='word_1_401' title='bbox 2090 1836 2239 1905; x_wconf 92' lang='lat' dir='ltr'><strong>quod</strong></span> <span class='ocrx_word' id='word_1_402' title='bbox 2285 1834 2519 1890; x_wconf 87' lang='lat' dir='ltr'><strong>Photius</strong></span> <span class='ocrx_word' id='word_1_403' title='bbox 2551 1835 2605 1888; x_wconf 94' lang='lat' dir='ltr'><strong>in</strong></span> <span class='ocrx_word' id='word_1_404' title='bbox 2635 1833 2887 1904; x_wconf 83' lang='lat' dir='ltr'><strong>epistola,</strong></span> <span class='ocrx_word' id='word_1_405' title='bbox 2921 1848 3086 1904; x_wconf 89' lang='lat' dir='ltr'><strong>quam</strong></span> <span class='ocrx_word' id='word_1_406' title='bbox 3122 1849 3249 1887; x_wconf 91' lang='lat' dir='ltr'><strong>cum</strong></span> <span class='ocrx_word' id='word_1_407' title='bbox 3284 1835 3435 1888; x_wconf 89' lang='lat' dir='ltr'><strong>hisce</strong></span> <span class='ocrx_word' id='word_1_408' title='bbox 3469 1833 3689 1888; x_wconf 76' lang='lat' dir='ltr'><strong>Disser—</strong></span> 
     </span>
    </p>
   </div>
   <div class='ocr_carea' id='block_1_62' title="bbox 2091 1927 3686 1998">
    <p class='ocr_par' dir='ltr' id='par_1_62' title="bbox 2091 1927 3686 1998">
     <span class='ocr_line' id='line_1_62' title="bbox 2091 1927 3686 1998; baseline 0 -16"><span class='ocrx_word' id='word_1_409' title='bbox 2091 1929 2390 1984; x_wconf 90' lang='lat' dir='ltr'><strong>tationibus</strong></span> <span class='ocrx_word' id='word_1_410' title='bbox 2428 1927 2499 1982; x_wconf 90' lang='lat' dir='ltr'><strong>ad</strong></span> <span class='ocrx_word' id='word_1_411' title='bbox 2542 1928 2985 1997; x_wconf 85' lang='lat' dir='ltr'><strong>Amphilochium</strong></span> <span class='ocrx_word' id='word_1_412' title='bbox 3034 1928 3219 1991; x_wconf 88' lang='lat' dir='ltr'><strong>mittit,</strong></span> <span class='ocrx_word' id='word_1_413' title='bbox 3268 1928 3383 1997; x_wconf 89' lang='lat' dir='ltr'><strong>ipse</strong></span> <span class='ocrx_word' id='word_1_414' title='bbox 3445 1928 3686 1998; x_wconf 81' lang='lat' dir='ltr'><strong>ingenue</strong></span> 
     </span>
    </p>
   </div>
   <div class='ocr_carea' id='block_1_63' title="bbox 2092 2017 3688 2086">
    <p class='ocr_par' dir='ltr' id='par_1_63' title="bbox 2092 2017 3688 2086">
     <span class='ocr_line' id='line_1_63' title="bbox 2092 2017 3688 2086; baseline -0.002 -12"><span class='ocrx_word' id='word_1_415' title='bbox 2092 2019 2296 2074; x_wconf 81' lang='lat' dir='ltr'><strong>fatetur</strong></span> <span class='ocrx_word' id='word_1_416' title='bbox 2346 2035 2406 2074; x_wconf 92' lang='lat' dir='ltr'><strong>se</strong></span> <span class='ocrx_word' id='word_1_417' title='bbox 2454 2034 2557 2072; x_wconf 84' lang='lat' dir='ltr'><strong>non</strong></span> <span class='ocrx_word' id='word_1_418' title='bbox 2600 2018 2933 2072; x_wconf 83' lang='lat' dir='ltr'><strong>elaboratam</strong></span> <span class='ocrx_word' id='word_1_419' title='bbox 2980 2017 3322 2086; x_wconf 82' lang='lat' dir='ltr'><strong>locutionem,</strong></span> <span class='ocrx_word' id='word_1_420' title='bbox 3381 2022 3471 2073; x_wconf 80' lang='lat' dir='ltr'><strong>sed</strong></span> <span class='ocrx_word' id='word_1_421' title='bbox 3529 2019 3688 2072; x_wconf 86' lang='lat' dir='ltr'><strong>obvia</strong></span> 
     </span>
    </p>
   </div>
   <div class='ocr_carea' id='block_1_64' title="bbox 2087 2111 3689 2185">
    <p class='ocr_par' dir='ltr' id='par_1_64' title="bbox 2087 2111 3689 2185">
     <span class='ocr_line' id='line_1_64' title="bbox 2087 2111 3689 2185; baseline 0.001 -18"><span class='ocrx_word' id='word_1_422' title='bbox 2087 2129 2307 2185; x_wconf 67' lang='lat' dir='ltr'><strong>quaeque</strong></span> <span class='ocrx_word' id='word_1_423' title='bbox 2359 2111 2614 2166; x_wconf 81' lang='lat' dir='ltr'><strong>uocabula</strong></span> <span class='ocrx_word' id='word_1_424' title='bbox 2670 2112 2986 2167; x_wconf 82' lang='lat' dir='ltr'><strong>adhibuisse</strong></span> <span class='ocrx_word' id='word_1_425' title='bbox 3035 2113 3146 2183; x_wconf 69' lang='lat'><strong>(12)</strong></span> <span class='ocrx_word' id='word_1_426' title='bbox 3218 2130 3233 2167; x_wconf 91' lang='lat'><strong>:</strong></span> <span class='ocrx_word' id='word_1_427' title='bbox 3305 2125 3364 2167; x_wconf 93' lang='lat' dir='ltr'><strong>ut</strong></span> <span class='ocrx_word' id='word_1_428' title='bbox 3432 2112 3689 2168; x_wconf 82' lang='lat' dir='ltr'><strong>fortassis</strong></span> 
     </span>
    </p>
   </div>
   <div class='ocr_carea' id='block_1_65' title="bbox 2089 2205 3689 2276">
    <p class='ocr_par' dir='ltr' id='par_1_65' title="bbox 2089 2205 3689 2276">
     <span class='ocr_line' id='line_1_65' title="bbox 2089 2205 3689 2276; baseline 0 -15"><span class='ocrx_word' id='word_1_429' title='bbox 2089 2208 2284 2261; x_wconf 87' lang='lat' dir='ltr'><strong>innuat</strong></span> <span class='ocrx_word' id='word_1_430' title='bbox 2326 2216 2647 2260; x_wconf 81' lang='lat' dir='ltr'><strong>accuratam</strong></span> <span class='ocrx_word' id='word_1_431' title='bbox 2694 2222 2752 2261; x_wconf 89' lang='lat' dir='ltr'><strong>se</strong></span> <span class='ocrx_word' id='word_1_432' title='bbox 2813 2205 3117 2274; x_wconf 68' lang='lat' dir='ltr'><strong>neglexisse</strong></span> <span class='ocrx_word' id='word_1_433' title='bbox 3163 2205 3481 2268; x_wconf 90' lang='lat' dir='ltr'><strong>dictionem,</strong></span> <span class='ocrx_word' id='word_1_434' title='bbox 3518 2216 3689 2276; x_wconf 86' lang='lat' dir='ltr'><strong>atque</strong></span> 
     </span>
    </p>
   </div>
   <div class='ocr_carea' id='block_1_66' title="bbox 2089 2296 3685 2369">
    <p class='ocr_par' dir='ltr' id='par_1_66' title="bbox 2089 2296 3685 2369">
     <span class='ocr_line' id='line_1_66' title="bbox 2089 2296 3685 2369; baseline 0 -17"><span class='ocrx_word' id='word_1_435' title='bbox 2089 2298 2225 2352; x_wconf 89' lang='lat' dir='ltr'><strong>adeo</strong></span> <span class='ocrx_word' id='word_1_436' title='bbox 2252 2297 2549 2352; x_wconf 90' lang='lat' dir='ltr'><strong>lectoribus</strong></span> <span class='ocrx_word' id='word_1_437' title='bbox 2575 2298 2701 2368; x_wconf 93' lang='lat' dir='ltr'><strong>plus</strong></span> <span class='ocrx_word' id='word_1_438' title='bbox 2752 2296 2959 2351; x_wconf 86' lang='lat' dir='ltr'><strong>laboris</strong></span> <span class='ocrx_word' id='word_1_439' title='bbox 3016 2296 3302 2367; x_wconf 83' lang='lat' dir='ltr'><strong>reliquisse</strong></span> <span class='ocrx_word' id='word_1_440' title='bbox 3359 2297 3685 2369; x_wconf 77' lang='lat' dir='ltr'><strong>impendeti-</strong></span> 
     </span>
    </p>
   </div>
   <div class='ocr_carea' id='block_1_67' title="bbox 2092 2390 2246 2444">
    <p class='ocr_par' dir='ltr' id='par_1_67' title="bbox 2092 2390 2246 2444">
     <span class='ocr_line' id='line_1_67' title="bbox 2092 2390 2246 2444; baseline 0 0"><span class='ocrx_word' id='word_1_441' title='bbox 2092 2390 2246 2444; x_wconf 91' lang='lat' dir='ltr'><strong>dum.</strong></span> 
     </span>
    </p>
   </div>
   <div class='ocr_carea' id='block_1_68' title="bbox 2161 2480 3689 2549">
    <p class='ocr_par' dir='ltr' id='par_1_68' title="bbox 2161 2480 3689 2549">
     <span class='ocr_line' id='line_1_68' title="bbox 2161 2480 3689 2549; baseline 0.003 -16"><span class='ocrx_word' id='word_1_442' title='bbox 2161 2483 2296 2548; x_wconf 60' lang='lat' dir='ltr'><strong>Quae</strong></span> <span class='ocrx_word' id='word_1_443' title='bbox 2344 2498 2470 2537; x_wconf 87' lang='lat' dir='ltr'><strong>cum</strong></span> <span class='ocrx_word' id='word_1_444' title='bbox 2518 2481 2593 2536; x_wconf 88' lang='lat' dir='ltr'><strong>ita</strong></span> <span class='ocrx_word' id='word_1_445' title='bbox 2630 2497 2689 2536; x_wconf 90' lang='lat' dir='ltr'><strong>se</strong></span> <span class='ocrx_word' id='word_1_446' title='bbox 2732 2480 2987 2547; x_wconf 90' lang='lat' dir='ltr'><strong>habeant,</strong></span> <span class='ocrx_word' id='word_1_447' title='bbox 3042 2481 3320 2537; x_wconf 91' lang='lat' dir='ltr'><strong>nonnullis</strong></span> <span class='ocrx_word' id='word_1_448' title='bbox 3351 2482 3402 2536; x_wconf 93' lang='lat' dir='ltr'><strong>in</strong></span> <span class='ocrx_word' id='word_1_449' title='bbox 3436 2482 3593 2549; x_wconf 91' lang='lat' dir='ltr'><strong>locis,</strong></span> <span class='ocrx_word' id='word_1_450' title='bbox 3625 2491 3689 2538; x_wconf 80' lang='lat' dir='ltr'><strong>ut</strong></span> 
     </span>
    </p>
   </div>
   <div class='ocr_carea' id='block_1_69' title="bbox 2090 2572 3686 2645">
    <p class='ocr_par' dir='ltr' id='par_1_69' title="bbox 2090 2572 3686 2645">
     <span class='ocr_line' id='line_1_69' title="bbox 2090 2572 3686 2645; baseline 0 -15"><span class='ocrx_word' id='word_1_451' title='bbox 2090 2572 2248 2630; x_wconf 82' lang='lat' dir='ltr'><strong>Fabii</strong></span> <span class='ocrx_word' id='word_1_452' title='bbox 2284 2575 2469 2628; x_wconf 87' lang='lat' dir='ltr'><strong>verbis</strong></span> <span class='ocrx_word' id='word_1_453' title='bbox 2504 2585 2649 2638; x_wconf 89' lang='lat' dir='ltr'><strong>utar,</strong></span> <span class='ocrx_word' id='word_1_454' title='bbox 2694 2574 3165 2644; x_wconf 82' lang='grc' dir='ltr'>περιφραστικῶς,</span> <span class='ocrx_word' id='word_1_455' title='bbox 3221 2592 3311 2629; x_wconf 81' lang='lat' dir='ltr'><strong>seu</strong></span> <span class='ocrx_word' id='word_1_456' title='bbox 3352 2575 3592 2645; x_wconf 79' lang='lat' dir='ltr'><strong>pluribus</strong></span> <span class='ocrx_word' id='word_1_457' title='bbox 3627 2577 3686 2630; x_wconf 86' lang='lat' dir='ltr'><strong>id</strong></span> 
     </span>
    </p>
   </div>
   <div class='ocr_carea' id='block_1_70' title="bbox 2089 2667 3689 2738">
    <p class='ocr_par' dir='ltr' id='par_1_70' title="bbox 2089 2667 3689 2738">
     <span class='ocr_line' id='line_1_70' title="bbox 2089 2667 3689 2738; baseline 0.002 -18"><span class='ocrx_word' id='word_1_458' title='bbox 2089 2668 2281 2732; x_wconf 80' lang='lat' dir='ltr'><strong>verbis,</strong></span> <span class='ocrx_word' id='word_1_459' title='bbox 2322 2668 2462 2738; x_wconf 87' lang='lat' dir='ltr'><strong>quod</strong></span> <span class='ocrx_word' id='word_1_460' title='bbox 2488 2684 2590 2721; x_wconf 85' lang='lat' dir='ltr'><strong>uno</strong></span> <span class='ocrx_word' id='word_1_461' title='bbox 2631 2667 2712 2721; x_wconf 82' lang='lat' dir='ltr'><strong>vel</strong></span> <span class='ocrx_word' id='word_1_462' title='bbox 2776 2668 3116 2736; x_wconf 83' lang='lat' dir='ltr'><strong>paucioribus</strong></span> <span class='ocrx_word' id='word_1_463' title='bbox 3144 2668 3251 2720; x_wconf 83' lang='lat' dir='ltr'><strong>dici</strong></span> <span class='ocrx_word' id='word_1_464' title='bbox 3275 2670 3554 2738; x_wconf 85' lang='lat' dir='ltr'><strong>potuisset,</strong></span> <span class='ocrx_word' id='word_1_465' title='bbox 3589 2684 3689 2723; x_wconf 73' lang='lat' dir='ltr'><strong>ea:-</strong></span> 
     </span>
    </p>
   </div>
   <div class='ocr_carea' id='block_1_71' title="bbox 2090 2761 3687 2832">
    <p class='ocr_par' dir='ltr' id='par_1_71' title="bbox 2090 2761 3687 2832">
     <span class='ocr_line' id='line_1_71' title="bbox 2090 2761 3687 2832; baseline 0.003 -20"><span class='ocrx_word' id='word_1_466' title='bbox 2090 2761 2400 2829; x_wconf 82' lang='lat' dir='ltr'><strong>plicaudum</strong></span> <span class='ocrx_word' id='word_1_467' title='bbox 2434 2762 2618 2815; x_wconf 85' lang='lat' dir='ltr'><strong>curavi</strong></span> <span class='ocrx_word' id='word_1_468' title='bbox 2656 2762 2791 2830; x_wconf 79' lang='grc'><strong>(15).</strong></span> <span class='ocrx_word' id='word_1_469' title='bbox 2830 2762 3018 2832; x_wconf 82' lang='lat' dir='ltr'><strong>Neque</strong></span> <span class='ocrx_word' id='word_1_470' title='bbox 3056 2762 3290 2828; x_wconf 90' lang='lat' dir='ltr'><strong>hujusce</strong></span> <span class='ocrx_word' id='word_1_471' title='bbox 3334 2777 3421 2816; x_wconf 88' lang='lat' dir='ltr'><strong>inc</strong></span> <span class='ocrx_word' id='word_1_472' title='bbox 3463 2763 3687 2817; x_wconf 90' lang='lat' dir='ltr'><strong>consilii</strong></span> 
     </span>
    </p>
   </div>
   <div class='ocr_carea' id='block_1_72' title="bbox 2092 2854 3685 2927">
    <p class='ocr_par' dir='ltr' id='par_1_72' title="bbox 2092 2854 3685 2927">
     <span class='ocr_line' id='line_1_72' title="bbox 2092 2854 3685 2927; baseline 0 -18"><span class='ocrx_word' id='word_1_473' title='bbox 2092 2855 2357 2925; x_wconf 73' lang='lat' dir='ltr'><strong>pteiiitct;</strong></span> <span class='ocrx_word' id='word_1_474' title='bbox 2385 2871 2506 2910; x_wconf 85' lang='lat' dir='ltr'><strong>smn</strong></span> <span class='ocrx_word' id='word_1_475' title='bbox 2548 2857 2693 2909; x_wconf 91' lang='lat' dir='ltr'><strong>enim</strong></span> <span class='ocrx_word' id='word_1_476' title='bbox 2729 2854 2892 2910; x_wconf 89' lang='lat' dir='ltr'><strong>Tullii</strong></span> <span class='ocrx_word' id='word_1_477' title='bbox 2926 2859 3237 2925; x_wconf 83' lang='lat' dir='ltr'><strong>exemplum</strong></span> <span class='ocrx_word' id='word_1_478' title='bbox 3285 2865 3530 2923; x_wconf 84' lang='lat' dir='ltr'><strong>secutus,</strong></span> <span class='ocrx_word' id='word_1_479' title='bbox 3584 2857 3685 2927; x_wconf 88' lang='lat' dir='ltr'><strong>qui</strong></span> 
     </span>
    </p>
   </div>
   <div class='ocr_carea' id='block_1_73' title="bbox 2093 2949 3692 3017">
    <p class='ocr_par' dir='ltr' id='par_1_73' title="bbox 2093 2949 3692 3017">
     <span class='ocr_line' id='line_1_73' title="bbox 2093 2949 3692 3017; baseline 0.003 -18"><span class='ocrx_word' id='word_1_480' title='bbox 2093 2963 2186 2999; x_wconf 86' lang='lat' dir='ltr'><strong>nec</strong></span> <span class='ocrx_word' id='word_1_481' title='bbox 2219 2956 2418 3011; x_wconf 85' lang='lat' dir='ltr'><strong>tamen,</strong></span> <span class='ocrx_word' id='word_1_482' title='bbox 2466 2949 2666 3017; x_wconf 87' lang='lat' dir='ltr'><strong>inquit,</strong></span> <span class='ocrx_word' id='word_1_483' title='bbox 2709 2950 2934 3017; x_wconf 66' lang='lat' dir='ltr'><strong>exprimi</strong></span> <span class='ocrx_word' id='word_1_484' title='bbox 2974 2950 3186 3002; x_wconf 83' lang='lat' dir='ltr'><strong>verbum</strong></span> <span class='ocrx_word' id='word_1_485' title='bbox 3220 2965 3247 3003; x_wconf 91' lang='lat' dir='ltr'><strong>e</strong></span> <span class='ocrx_word' id='word_1_486' title='bbox 3290 2951 3441 3003; x_wconf 84' lang='lat' dir='ltr'><strong>uerbo</strong></span> <span class='ocrx_word' id='word_1_487' title='bbox 3480 2966 3692 3003; x_wconf 75' lang='lat' dir='ltr'><strong>necesse</strong></span> 
     </span>
    </p>
   </div>
   <div class='ocr_carea' id='block_1_74' title="bbox 2092 3041 3690 3111">
    <p class='ocr_par' dir='ltr' id='par_1_74' title="bbox 2092 3041 3690 3111">
     <span class='ocr_line' id='line_1_74' title="bbox 2092 3041 3690 3111; baseline 0.002 -19"><span class='ocrx_word' id='word_1_488' title='bbox 2092 3041 2213 3101; x_wconf 84' lang='lat' dir='ltr'><strong>erit,</strong></span> <span class='ocrx_word' id='word_1_489' title='bbox 2242 3051 2299 3092; x_wconf 88' lang='lat' dir='ltr'><strong>ut</strong></span> <span class='ocrx_word' id='word_1_490' title='bbox 2329 3041 2642 3110; x_wconf 80' lang='lat' dir='ltr'><strong>interpretes</strong></span> <span class='ocrx_word' id='word_1_491' title='bbox 2676 3042 2920 3095; x_wconf 78' lang='lat' dir='ltr'><strong>indiserti</strong></span> <span class='ocrx_word' id='word_1_492' title='bbox 2952 3044 3158 3108; x_wconf 81' lang='lat' dir='ltr'><strong>solent;</strong></span> <span class='ocrx_word' id='word_1_493' title='bbox 3186 3059 3305 3095; x_wconf 86' lang='lat' dir='ltr'><strong>cum</strong></span> <span class='ocrx_word' id='word_1_494' title='bbox 3333 3043 3403 3095; x_wconf 85' lang='lat' dir='ltr'><strong>sit</strong></span> <span class='ocrx_word' id='word_1_495' title='bbox 3448 3046 3690 3111; x_wconf 87' lang='lat' dir='ltr'><strong>verbum,</strong></span> 
     </span>
    </p>
   </div>
   <div class='ocr_carea' id='block_1_75' title="bbox 2095 3130 3693 3205">
    <p class='ocr_par' dir='ltr' id='par_1_75' title="bbox 2095 3130 3693 3205">
     <span class='ocr_line' id='line_1_75' title="bbox 2095 3130 3693 3205; baseline 0.004 -24"><span class='ocrx_word' id='word_1_496' title='bbox 2095 3130 2232 3199; x_wconf 86' lang='lat' dir='ltr'><strong>quod</strong></span> <span class='ocrx_word' id='word_1_497' title='bbox 2270 3131 2405 3184; x_wconf 80' lang='lat' dir='ltr'><strong>idem</strong></span> <span class='ocrx_word' id='word_1_498' title='bbox 2435 3132 2668 3185; x_wconf 80' lang='lat' dir='ltr'><strong>declaret</strong></span> <span class='ocrx_word' id='word_1_499' title='bbox 2704 3134 2869 3201; x_wconf 86' lang='lat' dir='ltr'><strong>magis</strong></span> <span class='ocrx_word' id='word_1_500' title='bbox 2935 3134 3171 3186; x_wconf 73' lang='lat' dir='ltr'><strong>minusve</strong></span> <span class='ocrx_word' id='word_1_501' title='bbox 3206 3135 3485 3188; x_wconf 85' lang='lat' dir='ltr'><strong>usitatum.</strong></span> <span class='ocrx_word' id='word_1_502' title='bbox 3518 3132 3693 3205; x_wconf 65' lang='lat' dir='ltr'><strong>hqui-</strong></span> 
     </span>
    </p>
   </div>
   <div class='ocr_carea' id='block_1_76' title="bbox 2096 3225 3698 3299">
    <p class='ocr_par' dir='ltr' id='par_1_76' title="bbox 2096 3225 3698 3299">
     <span class='ocr_line' id='line_1_76' title="bbox 2096 3225 3698 3299; baseline 0.005 -24"><span class='ocrx_word' id='word_1_503' title='bbox 2096 3227 2211 3277; x_wconf 83' lang='lat' dir='ltr'><strong>dem</strong></span> <span class='ocrx_word' id='word_1_504' title='bbox 2242 3225 2384 3278; x_wconf 85' lang='lat' dir='ltr'><strong>soleo</strong></span> <span class='ocrx_word' id='word_1_505' title='bbox 2418 3226 2604 3288; x_wconf 87' lang='lat' dir='ltr'><strong>etiam,</strong></span> <span class='ocrx_word' id='word_1_506' title='bbox 2637 3226 2776 3295; x_wconf 84' lang='lat' dir='ltr'><strong>quod</strong></span> <span class='ocrx_word' id='word_1_507' title='bbox 2808 3242 2910 3279; x_wconf 85' lang='lat' dir='ltr'><strong>uno</strong></span> <span class='ocrx_word' id='word_1_508' title='bbox 2943 3226 3136 3293; x_wconf 78' lang='lat' dir='ltr'><strong>erci,</strong></span> <span class='ocrx_word' id='word_1_509' title='bbox 3169 3230 3217 3281; x_wconf 80' lang='lat' dir='ltr'><strong>si</strong></span> <span class='ocrx_word' id='word_1_510' title='bbox 3246 3228 3405 3281; x_wconf 82' lang='lat' dir='ltr'><strong>aliter</strong></span> <span class='ocrx_word' id='word_1_511' title='bbox 3429 3245 3531 3283; x_wconf 86' lang='lat' dir='ltr'><strong>non</strong></span> <span class='ocrx_word' id='word_1_512' title='bbox 3564 3246 3698 3299; x_wconf 76' lang='lat' dir='ltr'><strong>pos-</strong></span> 
     </span>
    </p>
   </div>
   <div class='ocr_carea' id='block_1_77' title="bbox 2095 3317 3697 3391">
    <p class='ocr_par' dir='ltr' id='par_1_77' title="bbox 2095 3317 3697 3391">
     <span class='ocr_line' id='line_1_77' title="bbox 2095 3317 3697 3391; baseline 0.003 -21"><span class='ocrx_word' id='word_1_513' title='bbox 2095 3332 2236 3381; x_wconf 86' lang='lat' dir='ltr'><strong>sum,</strong></span> <span class='ocrx_word' id='word_1_514' title='bbox 2262 3318 2402 3370; x_wconf 78' lang='lat' dir='ltr'><strong>idem</strong></span> <span class='ocrx_word' id='word_1_515' title='bbox 2427 3317 2678 3386; x_wconf 84' lang='lat' dir='ltr'><strong>plurimis</strong></span> <span class='ocrx_word' id='word_1_516' title='bbox 2708 3320 2874 3373; x_wconf 85' lang='lat' dir='ltr'><strong>verbis</strong></span> <span class='ocrx_word' id='word_1_517' title='bbox 2905 3335 3162 3388; x_wconf 74' lang='lat' dir='ltr'><strong>exponere</strong></span> <span class='ocrx_word' id='word_1_518' title='bbox 3189 3322 3324 3391; x_wconf 62' lang='lat' dir='ltr'><strong>(li).</strong></span> <span class='ocrx_word' id='word_1_519' title='bbox 3353 3320 3543 3391; x_wconf 85' lang='lat' dir='ltr'><strong>Itaque</strong></span> <span class='ocrx_word' id='word_1_520' title='bbox 3566 3337 3697 3377; x_wconf 85' lang='lat' dir='ltr'><strong>ver-</strong></span> 
     </span>
    </p>
   </div>
   <div class='ocr_carea' id='block_1_78' title="bbox 2098 3410 3697 3485">
    <p class='ocr_par' dir='ltr' id='par_1_78' title="bbox 2098 3410 3697 3485">
     <span class='ocr_line' id='line_1_78' title="bbox 2098 3410 3697 3485; baseline 0.004 -22"><span class='ocrx_word' id='word_1_521' title='bbox 2098 3410 2309 3463; x_wconf 89' lang='lat' dir='ltr'><strong>sionem</strong></span> <span class='ocrx_word' id='word_1_522' title='bbox 2349 3410 2491 3463; x_wconf 78' lang='grc' dir='ltr'>κατὰ</span> <span class='ocrx_word' id='word_1_523' title='bbox 2519 3410 2686 3478; x_wconf 73' lang='grc' dir='ltr'><strong>λέξιν,</strong></span> <span class='ocrx_word' id='word_1_524' title='bbox 2759 3422 2947 3482; x_wconf 90' lang='lat' dir='ltr'><strong>utpote</strong></span> <span class='ocrx_word' id='word_1_525' title='bbox 2975 3416 3158 3468; x_wconf 84' lang='lat' dir='ltr'><strong>minus</strong></span> <span class='ocrx_word' id='word_1_526' title='bbox 3195 3426 3558 3485; x_wconf 90' lang='lat' dir='ltr'><strong>opportunam</strong></span> <span class='ocrx_word' id='word_1_527' title='bbox 3600 3415 3697 3471; x_wconf 79' lang='lat' dir='ltr'><strong>iii-</strong></span> 
     </span>
    </p>
   </div>
   <div class='ocr_carea' id='block_1_79' title="bbox 2099 3500 3697 3578">
    <p class='ocr_par' dir='ltr' id='par_1_79' title="bbox 2099 3500 3697 3578">
     <span class='ocr_line' id='line_1_79' title="bbox 2099 3500 3697 3578; baseline 0.008 -27"><span class='ocrx_word' id='word_1_528' title='bbox 2099 3500 2316 3553; x_wconf 80' lang='lat' dir='ltr'><strong>tcrdum</strong></span> <span class='ocrx_word' id='word_1_529' title='bbox 2360 3502 2546 3571; x_wconf 89' lang='lat' dir='ltr'><strong>rejeci,</strong></span> <span class='ocrx_word' id='word_1_530' title='bbox 2592 3512 2706 3556; x_wconf 89' lang='lat' dir='ltr'><strong>tum</strong></span> <span class='ocrx_word' id='word_1_531' title='bbox 2752 3504 2881 3573; x_wconf 90' lang='lat' dir='ltr'><strong>quia</strong></span> <span class='ocrx_word' id='word_1_532' title='bbox 2919 3503 3249 3560; x_wconf 65' lang='lat' dir='ltr'><strong>Graecanica:</strong></span> <span class='ocrx_word' id='word_1_533' title='bbox 3286 3508 3483 3573; x_wconf 75' lang='lat' dir='ltr'><strong>lingua:</strong></span> <span class='ocrx_word' id='word_1_534' title='bbox 3532 3507 3697 3578; x_wconf 51' lang='lat' dir='ltr'><strong>iuge.</strong></span> 
     </span>
    </p>
   </div>
   <div class='ocr_carea' id='block_1_80' title="bbox 2099 3593 3697 3671">
    <p class='ocr_par' dir='ltr' id='par_1_80' title="bbox 2099 3593 3697 3671">
     <span class='ocr_line' id='line_1_80' title="bbox 2099 3593 3697 3671; baseline 0.004 -23"><span class='ocrx_word' id='word_1_535' title='bbox 2099 3594 2249 3648; x_wconf 91' lang='lat' dir='ltr'><strong>nium</strong></span> <span class='ocrx_word' id='word_1_536' title='bbox 2291 3609 2321 3647; x_wconf 94' lang='lat' dir='ltr'><strong>a</strong></span> <span class='ocrx_word' id='word_1_537' title='bbox 2353 3593 2548 3649; x_wconf 87' lang='lat' dir='ltr'><strong>Latiali</strong></span> <span class='ocrx_word' id='word_1_538' title='bbox 2582 3596 2882 3650; x_wconf 87' lang='lat' dir='ltr'><strong>abhorrere</strong></span> <span class='ocrx_word' id='word_1_539' title='bbox 2918 3596 3226 3663; x_wconf 89' lang='lat' dir='ltr'><strong>videbatur,</strong></span> <span class='ocrx_word' id='word_1_540' title='bbox 3253 3608 3370 3652; x_wconf 91' lang='lat' dir='ltr'><strong>tum</strong></span> <span class='ocrx_word' id='word_1_541' title='bbox 3398 3601 3527 3668; x_wconf 84' lang='lat' dir='ltr'><strong>quia</strong></span> <span class='ocrx_word' id='word_1_542' title='bbox 3562 3616 3697 3671; x_wconf 86' lang='lat' dir='ltr'><strong>per-</strong></span> 
     </span>
    </p>
   </div>
   <div class='ocr_carea' id='block_1_81' title="bbox 2105 3688 3691 3756">
    <p class='ocr_par' dir='ltr' id='par_1_81' title="bbox 2105 3688 3691 3756">
     <span class='ocr_line' id='line_1_81' title="bbox 2105 3688 3691 3756; baseline 0.001 -14"><span class='ocrx_word' id='word_1_543' title='bbox 2105 3688 2387 3756; x_wconf 72' lang='lat' dir='ltr'><strong>Spicuitati</strong></span> <span class='ocrx_word' id='word_1_544' title='bbox 2419 3688 2617 3742; x_wconf 90' lang='lat' dir='ltr'><strong>melius</strong></span> <span class='ocrx_word' id='word_1_545' title='bbox 2646 3690 2959 3755; x_wconf 91' lang='lat' dir='ltr'><strong>consulere,</strong></span> <span class='ocrx_word' id='word_1_546' title='bbox 3009 3705 3074 3743; x_wconf 90' lang='lat' dir='ltr'><strong>ae</strong></span> <span class='ocrx_word' id='word_1_547' title='bbox 3116 3690 3363 3746; x_wconf 88' lang='lat' dir='ltr'><strong>molestis</strong></span> <span class='ocrx_word' id='word_1_548' title='bbox 3391 3692 3691 3746; x_wconf 82' lang='lat' dir='ltr'><strong>verborum</strong></span> 
     </span>
    </p>
   </div>
   <div class='ocr_carea' id='block_1_82' title="bbox 2099 3781 3697 3858">
    <p class='ocr_par' dir='ltr' id='par_1_82' title="bbox 2099 3781 3697 3858">
     <span class='ocr_line' id='line_1_82' title="bbox 2099 3781 3697 3858; baseline 0.006 -25"><span class='ocrx_word' id='word_1_549' title='bbox 2099 3782 2429 3852; x_wconf 82' lang='lat' dir='ltr'><strong>ambagibus</strong></span> <span class='ocrx_word' id='word_1_550' title='bbox 2460 3781 2717 3836; x_wconf 88' lang='lat' dir='ltr'><strong>lectorem</strong></span> <span class='ocrx_word' id='word_1_551' title='bbox 2751 3799 2857 3836; x_wconf 91' lang='lat' dir='ltr'><strong>non</strong></span> <span class='ocrx_word' id='word_1_552' title='bbox 2908 3793 3163 3854; x_wconf 80' lang='lat' dir='ltr'><strong>torquere</strong></span> <span class='ocrx_word' id='word_1_553' title='bbox 3207 3786 3343 3839; x_wconf 93' lang='lat' dir='ltr'><strong>mihi</strong></span> <span class='ocrx_word' id='word_1_554' title='bbox 3386 3802 3697 3858; x_wconf 78' lang='lat' dir='ltr'><strong>proposue—</strong></span> 
     </span>
    </p>
   </div>
   <div class='ocr_carea' id='block_1_83' title="bbox 2102 3876 3695 3949">
    <p class='ocr_par' dir='ltr' id='par_1_83' title="bbox 2102 3876 3695 3949">
     <span class='ocr_line' id='line_1_83' title="bbox 2102 3876 3695 3949; baseline 0.004 -19"><span class='ocrx_word' id='word_1_555' title='bbox 2102 3892 2240 3930; x_wconf 86' lang='lat' dir='ltr'><strong>ram.</strong></span> <span class='ocrx_word' id='word_1_556' title='bbox 2270 3876 2424 3931; x_wconf 87' lang='lat' dir='ltr'><strong>Hanc</strong></span> <span class='ocrx_word' id='word_1_557' title='bbox 2445 3876 2612 3931; x_wconf 85' lang='lat' dir='ltr'><strong>etiam</strong></span> <span class='ocrx_word' id='word_1_558' title='bbox 2637 3878 2707 3931; x_wconf 91' lang='lat' dir='ltr'><strong>ob</strong></span> <span class='ocrx_word' id='word_1_559' title='bbox 2732 3892 2954 3932; x_wconf 89' lang='lat' dir='ltr'><strong>causam</strong></span> <span class='ocrx_word' id='word_1_560' title='bbox 2986 3894 3386 3949; x_wconf 91' lang='lat' dir='ltr'><strong>nonnunquam</strong></span> <span class='ocrx_word' id='word_1_561' title='bbox 3412 3882 3465 3934; x_wconf 92' lang='lat' dir='ltr'><strong>iii</strong></span> <span class='ocrx_word' id='word_1_562' title='bbox 3489 3882 3695 3937; x_wconf 81' lang='lat' dir='ltr'><strong>verbo—</strong></span> 
     </span>
    </p>
   </div>
   <div class='ocr_carea' id='block_1_84' title="bbox 2099 3969 3697 4044">
    <p class='ocr_par' dir='ltr' id='par_1_84' title="bbox 2099 3969 3697 4044">
     <span class='ocr_line' id='line_1_84' title="bbox 2099 3969 3697 4044; baseline 0.005 -23"><span class='ocrx_word' id='word_1_563' title='bbox 2099 3983 2219 4021; x_wconf 87' lang='lat' dir='ltr'><strong>rum</strong></span> <span class='ocrx_word' id='word_1_564' title='bbox 2246 3969 2483 4033; x_wconf 89' lang='lat' dir='ltr'><strong>dclectu,</strong></span> <span class='ocrx_word' id='word_1_565' title='bbox 2520 3978 2574 4023; x_wconf 91' lang='lat' dir='ltr'><strong>et</strong></span> <span class='ocrx_word' id='word_1_566' title='bbox 2610 3969 2993 4035; x_wconf 89' lang='lat' dir='ltr'><strong>collocatione,</strong></span> <span class='ocrx_word' id='word_1_567' title='bbox 3043 3980 3101 4024; x_wconf 86' lang='lat' dir='ltr'><strong>iit</strong></span> <span class='ocrx_word' id='word_1_568' title='bbox 3129 3971 3431 4041; x_wconf 84' lang='lat' dir='ltr'><strong>planiorem</strong></span> <span class='ocrx_word' id='word_1_569' title='bbox 3464 3975 3697 4044; x_wconf 83' lang='lat' dir='ltr'><strong>legenti—</strong></span> 
     </span>
    </p>
   </div>
   <div class='ocr_carea' id='block_1_85' title="bbox 2100 4063 3694 4138">
    <p class='ocr_par' dir='ltr' id='par_1_85' title="bbox 2100 4063 3694 4138">
     <span class='ocr_line' id='line_1_85' title="bbox 2100 4063 3694 4138; baseline 0.004 -21"><span class='ocrx_word' id='word_1_570' title='bbox 2100 4063 2204 4117; x_wconf 92' lang='lat' dir='ltr'><strong>bus</strong></span> <span class='ocrx_word' id='word_1_571' title='bbox 2264 4079 2486 4118; x_wconf 87' lang='lat' dir='ltr'><strong>sensum</strong></span> <span class='ocrx_word' id='word_1_572' title='bbox 2549 4080 2915 4135; x_wconf 79' lang='lat' dir='ltr'><strong>exponerem,</strong></span> <span class='ocrx_word' id='word_1_573' title='bbox 2981 4066 3051 4120; x_wconf 92' lang='lat' dir='ltr'><strong>ab</strong></span> <span class='ocrx_word' id='word_1_574' title='bbox 3122 4066 3443 4138; x_wconf 91' lang='lat' dir='ltr'><strong>incorrupta</strong></span> <span class='ocrx_word' id='word_1_575' title='bbox 3510 4069 3694 4124; x_wconf 87' lang='lat' dir='ltr'><strong>Latini</strong></span> 
     </span>
    </p>
   </div>
   <div class='ocr_carea' id='block_1_86' title="bbox 2100 4157 3695 4231">
    <p class='ocr_par' dir='ltr' id='par_1_86' title="bbox 2100 4157 3695 4231">
     <span class='ocr_line' id='line_1_86' title="bbox 2100 4157 3695 4231; baseline 0.006 -21"><span class='ocrx_word' id='word_1_576' title='bbox 2100 4157 2377 4210; x_wconf 87' lang='lat' dir='ltr'><strong>sermonis</strong></span> <span class='ocrx_word' id='word_1_577' title='bbox 2404 4157 2716 4228; x_wconf 81' lang='lat' dir='ltr'><strong>integritate</strong></span> <span class='ocrx_word' id='word_1_578' title='bbox 2748 4158 3002 4213; x_wconf 91' lang='lat' dir='ltr'><strong>consulto</strong></span> <span class='ocrx_word' id='word_1_579' title='bbox 3042 4161 3245 4215; x_wconf 87' lang='lat' dir='ltr'><strong>recessi</strong></span> <span class='ocrx_word' id='word_1_580' title='bbox 3280 4179 3293 4214; x_wconf 88' lang='lat'><strong>:</strong></span> <span class='ocrx_word' id='word_1_581' title='bbox 3322 4162 3595 4231; x_wconf 87' lang='lat' dir='ltr'><strong>siquidem</strong></span> <span class='ocrx_word' id='word_1_582' title='bbox 3622 4165 3695 4219; x_wconf 88' lang='lat' dir='ltr'><strong>ab</strong></span> 
     </span>
    </p>
   </div>
   <div class='ocr_carea' id='block_1_87' title="bbox 2102 4246 3693 4321">
    <p class='ocr_par' dir='ltr' id='par_1_87' title="bbox 2102 4246 3693 4321">
     <span class='ocr_line' id='line_1_87' title="bbox 2102 4246 3693 4321; baseline 0.007 -20"><span class='ocrx_word' id='word_1_583' title='bbox 2102 4246 2419 4318; x_wconf 88' lang='lat' dir='ltr'><strong>huiusmodi</strong></span> <span class='ocrx_word' id='word_1_584' title='bbox 2485 4251 2744 4319; x_wconf 85' lang='lat' dir='ltr'><strong>operibus</strong></span> <span class='ocrx_word' id='word_1_585' title='bbox 2806 4269 2913 4306; x_wconf 91' lang='lat' dir='ltr'><strong>non</strong></span> <span class='ocrx_word' id='word_1_586' title='bbox 2981 4252 3309 4310; x_wconf 90' lang='lat' dir='ltr'><strong>elocutionis</strong></span> <span class='ocrx_word' id='word_1_587' title='bbox 3368 4254 3557 4321; x_wconf 79' lang='lat' dir='ltr'><strong>liores,</strong></span> <span class='ocrx_word' id='word_1_588' title='bbox 3594 4260 3693 4312; x_wconf 88' lang='lat' dir='ltr'><strong>sed</strong></span> 
     </span>
    </p>
   </div>
   <div class='ocr_carea' id='block_1_88' title="bbox 2099 4340 3691 4412">
    <p class='ocr_par' dir='ltr' id='par_1_88' title="bbox 2099 4340 3691 4412">
     <span class='ocr_line' id='line_1_88' title="bbox 2099 4340 3691 4412; baseline 0.007 -19"><span class='ocrx_word' id='word_1_589' title='bbox 2099 4343 2393 4396; x_wconf 87' lang='lat' dir='ltr'><strong>veritatuni</strong></span> <span class='ocrx_word' id='word_1_590' title='bbox 2437 4340 2656 4398; x_wconf 89' lang='lat' dir='ltr'><strong>fructus</strong></span> <span class='ocrx_word' id='word_1_591' title='bbox 2696 4353 3018 4412; x_wconf 85' lang='lat' dir='ltr'><strong>exspectant</strong></span> <span class='ocrx_word' id='word_1_592' title='bbox 3065 4348 3286 4401; x_wconf 90' lang='lat' dir='ltr'><strong>eruditi.</strong></span> <span class='ocrx_word' id='word_1_593' title='bbox 3330 4346 3397 4401; x_wconf 87' lang='lat' dir='ltr'><strong>Et</strong></span> <span class='ocrx_word' id='word_1_594' title='bbox 3426 4349 3691 4404; x_wconf 88' lang='lat' dir='ltr'><strong>nimirum</strong></span> 
     </span>
    </p>
   </div>
   <div class='ocr_carea' id='block_1_89' title="bbox 405 4420 1993 4509">
    <p class='ocr_par' dir='ltr' id='par_1_89' title="bbox 405 4420 1993 4492">
     <span class='ocr_line' id='line_1_89' title="bbox 405 4420 1993 4492; baseline -0.003 -15"><span class='ocrx_word' id='word_1_595' title='bbox 405 4422 785 4487; x_wconf 87' lang='lat' dir='ltr'><strong>delitescebat,</strong></span> <span class='ocrx_word' id='word_1_596' title='bbox 824 4421 1117 4492; x_wconf 78' lang='lat' dir='ltr'><strong>diligenter</strong></span> <span class='ocrx_word' id='word_1_597' title='bbox 1166 4425 1496 4491; x_wconf 80' lang='lat' dir='ltr'><strong>expcndaot.</strong></span> <span class='ocrx_word' id='word_1_598' title='bbox 1530 4420 1885 4490; x_wconf 81' lang='lat' dir='ltr'><strong>Compertum</strong></span> <span class='ocrx_word' id='word_1_599' title='bbox 1915 4428 1993 4473; x_wconf 89' lang='lat' dir='ltr'><strong>cst</strong></span> 
     </span>
    </p>
   </div>
   <div class='ocr_carea' id='block_1_90' title="bbox 2099 4420 3690 4509">
    <p class='ocr_par' dir='ltr' id='par_1_90' title="bbox 2103 4431 3690 4509">
     <span class='ocr_line' id='line_1_90' title="bbox 2103 4431 3690 4509; baseline 0.006 -22"><span class='ocrx_word' id='word_1_600' title='bbox 2103 4431 2359 4489; x_wconf 88' lang='lat' dir='ltr'><strong>Clemens</strong></span> <span class='ocrx_word' id='word_1_601' title='bbox 2404 4435 2815 4490; x_wconf 81' lang='lat' dir='ltr'><strong>Alexandrinus</strong></span> <span class='ocrx_word' id='word_1_602' title='bbox 2871 4448 3058 4506; x_wconf 88' lang='lat' dir='ltr'><strong>aperte</strong></span> <span class='ocrx_word' id='word_1_603' title='bbox 3115 4442 3479 4509; x_wconf 76' lang='lat' dir='ltr'><strong>protiteliatur</strong></span> <span class='ocrx_word' id='word_1_604' title='bbox 3523 4459 3584 4498; x_wconf 90' lang='lat' dir='ltr'><strong>se</strong></span> <span class='ocrx_word' id='word_1_605' title='bbox 3636 4446 3690 4497; x_wconf 89' lang='lat' dir='ltr'><strong>in</strong></span> 
     </span>
    </p>
   </div>
   <div class='ocr_carea' id='block_1_91' title="bbox 406 4512 1993 4585">
    <p class='ocr_par' dir='ltr' id='par_1_91' title="bbox 406 4512 1993 4585">
     <span class='ocr_line' id='line_1_91' title="bbox 406 4512 1993 4585; baseline -0.003 -14"><span class='ocrx_word' id='word_1_606' title='bbox 406 4518 555 4571; x_wconf 88' lang='lat' dir='ltr'><strong>enim</strong></span> <span class='ocrx_word' id='word_1_607' title='bbox 606 4516 687 4569; x_wconf 81' lang='lat' dir='ltr'><strong>vel</strong></span> <span class='ocrx_word' id='word_1_608' title='bbox 738 4515 873 4585; x_wconf 91' lang='lat' dir='ltr'><strong>ipsis</strong></span> <span class='ocrx_word' id='word_1_609' title='bbox 922 4514 1367 4580; x_wconf 89' lang='lat' dir='ltr'><strong>adolescentulis,</strong></span> <span class='ocrx_word' id='word_1_610' title='bbox 1397 4513 1491 4583; x_wconf 90' lang='lat' dir='ltr'><strong>qui</strong></span> <span class='ocrx_word' id='word_1_611' title='bbox 1527 4512 1746 4568; x_wconf 67' lang='lat' dir='ltr'><strong>Graecas</strong></span> <span class='ocrx_word' id='word_1_612' title='bbox 1785 4516 1993 4567; x_wconf 86' lang='lat' dir='ltr'><strong>litteras</strong></span> 
     </span>
    </p>
   </div>
   <div class='ocr_carea' id='block_1_92' title="bbox 406 4607 1985 4678">
    <p class='ocr_par' dir='ltr' id='par_1_92' title="bbox 406 4607 1985 4678">
     <span class='ocr_line' id='line_1_92' title="bbox 406 4607 1985 4678; baseline -0.003 -13"><span class='ocrx_word' id='word_1_613' title='bbox 406 4616 493 4665; x_wconf 82' lang='lat' dir='ltr'><strong>vix</strong></span> <span class='ocrx_word' id='word_1_614' title='bbox 519 4627 549 4665; x_wconf 89' lang='lat' dir='ltr'><strong>a</strong></span> <span class='ocrx_word' id='word_1_615' title='bbox 579 4610 767 4664; x_wconf 87' lang='lat' dir='ltr'><strong>limine</strong></span> <span class='ocrx_word' id='word_1_616' title='bbox 802 4611 1137 4671; x_wconf 88' lang='lat' dir='ltr'><strong>salutariint,</strong></span> <span class='ocrx_word' id='word_1_617' title='bbox 1184 4618 1452 4678; x_wconf 89' lang='lat' dir='ltr'><strong>quantum</strong></span> <span class='ocrx_word' id='word_1_618' title='bbox 1490 4608 1555 4661; x_wconf 87' lang='lat' dir='ltr'><strong>ad</strong></span> <span class='ocrx_word' id='word_1_619' title='bbox 1593 4607 1985 4677; x_wconf 79' lang='lat' dir='ltr'><strong>inaiiiisei-ipto-</strong></span> 
     </span>
    </p>
   </div>
   <div class='ocr_carea' id='block_1_93' title="bbox 407 4702 1991 4773">
    <p class='ocr_par' dir='ltr' id='par_1_93' title="bbox 407 4702 1991 4773">
     <span class='ocr_line' id='line_1_93' title="bbox 407 4702 1991 4773; baseline -0.001 -17"><span class='ocrx_word' id='word_1_620' title='bbox 407 4719 552 4768; x_wconf 85' lang='lat' dir='ltr'><strong>rum,</strong></span> <span class='ocrx_word' id='word_1_621' title='bbox 584 4708 973 4773; x_wconf 66' lang='lat' dir='ltr'><strong>quaeiionduiii</strong></span> <span class='ocrx_word' id='word_1_622' title='bbox 1002 4702 1178 4756; x_wconf 89' lang='lat' dir='ltr'><strong>lucem</strong></span> <span class='ocrx_word' id='word_1_623' title='bbox 1223 4710 1579 4771; x_wconf 75' lang='lat' dir='ltr'><strong>aspeXeruut,</strong></span> <span class='ocrx_word' id='word_1_624' title='bbox 1645 4710 1848 4754; x_wconf 86' lang='lat' dir='ltr'><strong>rectam</strong></span> <span class='ocrx_word' id='word_1_625' title='bbox 1913 4702 1991 4754; x_wconf 88' lang='lat' dir='ltr'><strong>le-</strong></span> 
     </span>
    </p>
   </div>
   <div class='ocr_carea' id='block_1_94' title="bbox 406 4789 1993 4861">
    <p class='ocr_par' dir='ltr' id='par_1_94' title="bbox 406 4789 1993 4861">
     <span class='ocr_line' id='line_1_94' title="bbox 406 4789 1993 4861; baseline -0.004 -11"><span class='ocrx_word' id='word_1_626' title='bbox 406 4798 643 4850; x_wconf 88' lang='lat' dir='ltr'><strong>ctionem</strong></span> <span class='ocrx_word' id='word_1_627' title='bbox 664 4800 1008 4847; x_wconf 83' lang='lat' dir='ltr'><strong>statuendam</strong></span> <span class='ocrx_word' id='word_1_628' title='bbox 1036 4791 1358 4847; x_wconf 86' lang='lat' dir='ltr'><strong>insudenius</strong></span> <span class='ocrx_word' id='word_1_629' title='bbox 1386 4809 1399 4844; x_wconf 87' lang='lat'><strong>:</strong></span> <span class='ocrx_word' id='word_1_630' title='bbox 1424 4803 1691 4861; x_wconf 87' lang='lat' dir='ltr'><strong>quantum</strong></span> <span class='ocrx_word' id='word_1_631' title='bbox 1712 4789 1873 4844; x_wconf 86' lang='lat' dir='ltr'><strong>medii</strong></span> <span class='ocrx_word' id='word_1_632' title='bbox 1893 4791 1993 4844; x_wconf 64' lang='grc' dir='ltr'><strong>ιυνὶ</strong></span> 
     </span>
    </p>
   </div>
   <div class='ocr_carea' id='block_1_95' title="bbox 479 4905 1990 4998">
    <p class='ocr_par' dir='ltr' id='par_1_95' title="bbox 479 4905 1990 4998">
     <span class='ocr_line' id='line_1_95' title="bbox 479 4905 1990 4998; baseline -0.002 -35"><span class='ocrx_word' id='word_1_633' title='bbox 479 4909 555 4983; x_wconf 72' lang='grc'><strong>(4)</strong></span> <span class='ocrx_word' id='word_1_634' title='bbox 587 4909 659 4998; x_wconf 66' lang='grc' dir='ltr'>ρο</span> <span class='ocrx_word' id='word_1_635' title='bbox 690 4908 944 4998; x_wconf 50' lang='lat' dir='ltr'><strong>Ecclesia:</strong></span> <span class='ocrx_word' id='word_1_636' title='bbox 990 4907 1177 4963; x_wconf 83' lang='lat' dir='ltr'><strong>Occid.</strong></span> <span class='ocrx_word' id='word_1_637' title='bbox 1219 4916 1269 4961; x_wconf 84' lang='lat' dir='ltr'><strong>et</strong></span> <span class='ocrx_word' id='word_1_638' title='bbox 1318 4905 1525 4961; x_wconf 85' lang='lat' dir='ltr'><strong>Orient.</strong></span> <span class='ocrx_word' id='word_1_639' title='bbox 1563 4907 1901 4960; x_wconf 76' lang='lat' dir='ltr'><strong>consensione</strong></span> <span class='ocrx_word' id='word_1_640' title='bbox 1953 4906 1990 4960; x_wconf 92' lang='lat' dir='ltr'><strong>l.</strong></span> 
     </span>
    </p>
   </div>
   <div class='ocr_carea' id='block_1_96' title="bbox 409 4981 1995 5124">
    <p class='ocr_par' dir='ltr' id='par_1_96' title="bbox 409 4981 1995 5124">
     <span class='ocr_line' id='line_1_96' title="bbox 409 4981 1995 5124; baseline -0.003 -18"><span class='ocrx_word' id='word_1_641' title='bbox 409 4998 556 5124; x_wconf 34' lang='grc' dir='ltr'><strong>’ξ’(ἓ)</strong></span> <span class='ocrx_word' id='word_1_642' title='bbox 679 4981 1074 5122; x_wconf 52' lang='grc' dir='ltr'><strong>ιῘι1ιξῖιῖῖέιοε7ιὶί,</strong></span> <span class='ocrx_word' id='word_1_643' title='bbox 1100 5051 1327 5106; x_wconf 69' lang='lat' dir='ltr'><strong>Andrea:</strong></span> <span class='ocrx_word' id='word_1_644' title='bbox 1351 5050 1638 5115; x_wconf 83' lang='lat' dir='ltr'><strong>Cretensis,</strong></span> <span class='ocrx_word' id='word_1_645' title='bbox 1667 5058 1717 5104; x_wconf 85' lang='lat' dir='ltr'><strong>et</strong></span> <span class='ocrx_word' id='word_1_646' title='bbox 1737 5046 1995 5124; x_wconf 74' lang='lat' dir='ltr'><strong>Methodii</strong></span> 
     </span>
    </p>
   </div>
   <div class='ocr_carea' id='block_1_97' title="bbox 408 5122 1996 5194">
    <p class='ocr_par' dir='ltr' id='par_1_97' title="bbox 408 5122 1996 5194">
     <span class='ocr_line' id='line_1_97' title="bbox 408 5122 1996 5194; baseline -0.003 -16"><span class='ocrx_word' id='word_1_647' title='bbox 408 5122 567 5193; x_wconf 80' lang='lat' dir='ltr'><strong>Oper.</strong></span> <span class='ocrx_word' id='word_1_648' title='bbox 629 5122 966 5194; x_wconf 80' lang='lat' dir='ltr'><strong>Responsum</strong></span> <span class='ocrx_word' id='word_1_649' title='bbox 1023 5124 1093 5177; x_wconf 73' lang='lat'><strong>57</strong></span> <span class='ocrx_word' id='word_1_650' title='bbox 1145 5125 1243 5178; x_wconf 84' lang='lat' dir='ltr'><strong>fuit</strong></span> <span class='ocrx_word' id='word_1_651' title='bbox 1300 5125 1693 5194; x_wconf 81' lang='lat' dir='ltr'><strong>etlitum__pag.</strong></span> <span class='ocrx_word' id='word_1_652' title='bbox 1751 5122 1996 5194; x_wconf 17' lang='lat' dir='ltr'><strong>226,¥_et</strong></span> 
     </span>
    </p>
   </div>
   <div class='ocr_carea' id='block_1_98' title="bbox 408 5190 1997 5263">
    <p class='ocr_par' dir='ltr' id='par_1_98' title="bbox 408 5190 1997 5263">
     <span class='ocr_line' id='line_1_98' title="bbox 408 5190 1997 5263; baseline -0.001 -15"><span class='ocrx_word' id='word_1_653' title='bbox 408 5190 754 5263; x_wconf 69' lang='lat' dir='ltr'><strong>llesi«0iisuiii</strong></span> <span class='ocrx_word' id='word_1_654' title='bbox 792 5193 915 5258; x_wconf 69' lang='lat'><strong>125,</strong></span> <span class='ocrx_word' id='word_1_655' title='bbox 942 5198 997 5248; x_wconf 87' lang='lat' dir='ltr'><strong>in</strong></span> <span class='ocrx_word' id='word_1_656' title='bbox 1026 5197 1236 5249; x_wconf 76' lang='lat' dir='ltr'><strong>Asteria</strong></span> <span class='ocrx_word' id='word_1_657' title='bbox 1270 5195 1323 5250; x_wconf 92' lang='lat' dir='ltr'><strong>iii</strong></span> <span class='ocrx_word' id='word_1_658' title='bbox 1348 5210 1499 5250; x_wconf 65' lang='lat' dir='ltr'><strong>calce</strong></span> <span class='ocrx_word' id='word_1_659' title='bbox 1526 5190 1592 5248; x_wconf 72' lang='lat' dir='ltr'><strong>V.</strong></span> <span class='ocrx_word' id='word_1_660' title='bbox 1612 5195 1855 5247; x_wconf 81' lang='lat' dir='ltr'><strong>Auctarii</strong></span> <span class='ocrx_word' id='word_1_661' title='bbox 1880 5190 1997 5246; x_wconf 84' lang='grc' dir='ltr'><strong>Νο-</strong></span> 
     </span>
    </p>
   </div>
   <div class='ocr_carea' id='block_1_99' title="bbox 406 5267 1995 5407">
    <p class='ocr_par' dir='ltr' id='par_1_99' title="bbox 406 5267 1995 5407">
     <span class='ocr_line' id='line_1_99' title="bbox 406 5267 1995 5407; baseline -0.003 -16"><span class='ocrx_word' id='word_1_662' title='bbox 406 5267 943 5407; x_wconf 51' lang='grc' dir='ltr'><strong>υαῗὶἱ)ι1ι⁵’,ϐαιαιοθο</strong></span> <span class='ocrx_word' id='word_1_663' title='bbox 989 5336 1318 5393; x_wconf 66' lang='lat' dir='ltr'><strong>bibliothecis</strong></span> <span class='ocrx_word' id='word_1_664' title='bbox 1351 5336 1695 5394; x_wconf 80' lang='lat' dir='ltr'><strong>Coislim&#39;ame</strong></span> <span class='ocrx_word' id='word_1_665' title='bbox 1722 5337 1995 5392; x_wconf 87' lang='lat' dir='ltr'><strong>habentur</strong></span> 
     </span>
    </p>
   </div>
   <div class='ocr_carea' id='block_1_100' title="bbox 404 5408 1993 5481">
    <p class='ocr_par' dir='ltr' id='par_1_100' title="bbox 404 5408 1993 5481">
     <span class='ocr_line' id='line_1_100' title="bbox 404 5408 1993 5481; baseline 0.001 -20"><span class='ocrx_word' id='word_1_666' title='bbox 404 5417 644 5481; x_wconf 86' lang='lat' dir='ltr'><strong>quatuor</strong></span> <span class='ocrx_word' id='word_1_667' title='bbox 695 5408 1005 5477; x_wconf 82' lang='lat' dir='ltr'><strong>huiusmodi</strong></span> <span class='ocrx_word' id='word_1_668' title='bbox 1050 5424 1317 5481; x_wconf 86' lang='lat' dir='ltr'><strong>responsa</strong></span> <span class='ocrx_word' id='word_1_669' title='bbox 1368 5410 1658 5481; x_wconf 76' lang='lat' dir='ltr'><strong>diligenter</strong></span> <span class='ocrx_word' id='word_1_670' title='bbox 1716 5414 1885 5474; x_wconf 84' lang='lat' dir='ltr'><strong>edita,</strong></span> <span class='ocrx_word' id='word_1_671' title='bbox 1936 5417 1993 5464; x_wconf 89' lang='lat' dir='ltr'><strong>et</strong></span> 
     </span>
    </p>
   </div>
   <div class='ocr_carea' id='block_1_101' title="bbox 406 5480 1317 5551">
    <p class='ocr_par' dir='ltr' id='par_1_101' title="bbox 406 5480 1317 5551">
     <span class='ocr_line' id='line_1_101' title="bbox 406 5480 1317 5551; baseline 0.002 -18"><span class='ocrx_word' id='word_1_672' title='bbox 406 5480 774 5551; x_wconf 69' lang='lat' dir='ltr'><strong>Latiiieversa</strong></span> <span class='ocrx_word' id='word_1_673' title='bbox 809 5496 926 5549; x_wconf 86' lang='lat' dir='ltr'><strong>pag.</strong></span> <span class='ocrx_word' id='word_1_674' title='bbox 959 5480 1063 5534; x_wconf 77' lang='grc'><strong>546</strong></span> <span class='ocrx_word' id='word_1_675' title='bbox 1083 5490 1140 5536; x_wconf 87' lang='lat' dir='ltr'><strong>et</strong></span> <span class='ocrx_word' id='word_1_676' title='bbox 1164 5497 1317 5551; x_wconf 87' lang='lat' dir='ltr'><strong>seqq.</strong></span> 
     </span>
    </p>
   </div>
   <div class='ocr_carea' id='block_1_102' title="bbox 405 5548 1990 5675">
    <p class='ocr_par' dir='ltr' id='par_1_102' title="bbox 405 5548 1990 5675">
     <span class='ocr_line' id='line_1_102' title="bbox 474 5548 1990 5673; baseline 0.001 -71"><span class='ocrx_word' id='word_1_677' title='bbox 474 5548 553 5673; x_wconf 57' lang='grc'><strong>(7)</strong></span> <span class='ocrx_word' id='word_1_678' title='bbox 595 5548 650 5603; x_wconf 94' lang='lat' dir='ltr'><strong>lii</strong></span> <span class='ocrx_word' id='word_1_679' title='bbox 676 5549 831 5605; x_wconf 80' lang='lat' dir='ltr'><strong>Curis</strong></span> <span class='ocrx_word' id='word_1_680' title='bbox 859 5548 1191 5632; x_wconf 54' lang='lat' dir='ltr'><strong>philologicis</strong></span> <span class='ocrx_word' id='word_1_681' title='bbox 1242 5548 1290 5606; x_wconf 77' lang='lat' dir='ltr'><strong>et</strong></span> <span class='ocrx_word' id='word_1_682' title='bbox 1320 5553 1546 5639; x_wconf 60' lang='lat' dir='ltr'><strong>criticis,</strong></span> <span class='ocrx_word' id='word_1_683' title='bbox 1588 5562 1720 5605; x_wconf 90' lang='lat' dir='ltr'><strong>toni.</strong></span> <span class='ocrx_word' id='word_1_684' title='bbox 1766 5550 1831 5615; x_wconf 84' lang='lat' dir='ltr'><strong>V,</strong></span> <span class='ocrx_word' id='word_1_685' title='bbox 1866 5567 1990 5623; x_wconf 81' lang='lat' dir='ltr'><strong>pag.</strong></span> 
     </span>
     <span class='ocr_line' id='line_1_103' title="bbox 405 5619 1990 5675; baseline 0.001 -1"><span class='ocrx_word' id='word_1_686' title='bbox 405 5619 478 5675; x_wconf 79' lang='lat'><strong>55</strong></span> <span class='ocrx_word' id='word_1_687' title='bbox 538 5631 592 5674; x_wconf 86' lang='lat' dir='ltr'><strong>et</strong></span> <span class='ocrx_word' id='word_1_688' title='bbox 615 5637 768 5675; x_wconf 75' lang='lat' dir='ltr'><strong>seuit.</strong></span> <span class='ocrx_word' id='word_1_689' title='bbox 807 5626 896 5675; x_wconf 91' lang='lat' dir='ltr'><strong>tibi</strong></span> <span class='ocrx_word' id='word_1_690' title='bbox 924 5635 1051 5675; x_wconf 87' lang='lat' dir='ltr'><strong>sunt</strong></span> <span class='ocrx_word' id='word_1_691' title='bbox 1091 5639 1349 5675; x_wconf 81' lang='lat' dir='ltr'><strong>resooiisa</strong></span> <span class='ocrx_word' id='word_1_692' title='bbox 1382 5625 1505 5675; x_wconf 61' lang='grc' dir='ltr'><strong>ηδ.</strong></span> <span class='ocrx_word' id='word_1_693' title='bbox 1539 5630 1636 5675; x_wconf 86' lang='lat' dir='ltr'><strong>sed</strong></span> <span class='ocrx_word' id='word_1_694' title='bbox 1678 5634 1902 5675; x_wconf 85' lang='lat' dir='ltr'><strong>iiostr.s.</strong></span> <span class='ocrx_word' id='word_1_695' title='bbox 1938 5632 1990 5675; x_wconf 90' lang='lat' dir='ltr'><strong>iit</strong></span> 
     </span>
    </p>
   </div>
   <div class='ocr_carea' id='block_1_103' title="bbox 538 5625 2067 5695">
    <p class='ocr_par' dir='ltr' id='par_1_103' title="bbox 538 5625 2067 5695">
     <span class='ocr_line' id='line_1_104' title="bbox 538 5625 2067 5695; baseline 0 -21"><span class='ocrx_word' id='word_1_696' title='bbox 538 5631 592 5695; x_wconf 84' lang='lat' dir='ltr'><strong>et</strong></span> <span class='ocrx_word' id='word_1_697' title='bbox 615 5637 771 5695; x_wconf 74' lang='lat' dir='ltr'><strong>seqq.</strong></span> <span class='ocrx_word' id='word_1_698' title='bbox 807 5625 896 5677; x_wconf 88' lang='lat' dir='ltr'><strong>tibi</strong></span> <span class='ocrx_word' id='word_1_699' title='bbox 924 5635 1051 5679; x_wconf 88' lang='lat' dir='ltr'><strong>sunt</strong></span> <span class='ocrx_word' id='word_1_700' title='bbox 1091 5639 1349 5695; x_wconf 87' lang='lat' dir='ltr'><strong>responsa</strong></span> <span class='ocrx_word' id='word_1_701' title='bbox 1382 5625 1505 5690; x_wconf 74' lang='lat'><strong>123,</strong></span> <span class='ocrx_word' id='word_1_702' title='bbox 1539 5630 1636 5680; x_wconf 87' lang='lat' dir='ltr'><strong>sed</strong></span> <span class='ocrx_word' id='word_1_703' title='bbox 1678 5634 1902 5690; x_wconf 50' lang='lat' dir='ltr'><strong>nostra,</strong></span> <span class='ocrx_word' id='word_1_704' title='bbox 1938 5632 1995 5675; x_wconf 90' lang='lat' dir='ltr'><strong>nt</strong></span> <span class='ocrx_word' id='word_1_705' title='bbox 2061 5664 2067 5670; x_wconf 88' lang='lat'><strong>.</strong></span> 
     </span>
    </p>
   </div>
   <div class='ocr_carea' id='block_1_104' title="bbox 403 5692 1031 5761">
    <p class='ocr_par' dir='ltr' id='par_1_104' title="bbox 403 5692 1031 5761">
     <span class='ocr_line' id='line_1_105' title="bbox 403 5692 1031 5761; baseline 0.006 -15"><span class='ocrx_word' id='word_1_706' title='bbox 403 5692 722 5761; x_wconf 83' lang='lat' dir='ltr'><strong>plurimum,</strong></span> <span class='ocrx_word' id='word_1_707' title='bbox 760 5693 1031 5750; x_wconf 83' lang='lat' dir='ltr'><strong>breviora.</strong></span> 
     </span>
    </p>
   </div>
   <div class='ocr_carea' id='block_1_105' title="bbox 2095 4521 3690 4603">
    <p class='ocr_par' dir='ltr' id='par_1_105' title="bbox 2095 4521 3690 4603">
     <span class='ocr_line' id='line_1_106' title="bbox 2095 4521 3690 4603; baseline 0.008 -30"><span class='ocrx_word' id='word_1_708' title='bbox 2095 4521 2384 4576; x_wconf 85' lang='lat' dir='ltr'><strong>scribendo</strong></span> <span class='ocrx_word' id='word_1_709' title='bbox 2424 4523 2748 4593; x_wconf 87' lang='lat' dir='ltr'><strong>elegantiam</strong></span> <span class='ocrx_word' id='word_1_710' title='bbox 2816 4526 2954 4598; x_wconf 79' lang='grc' dir='ltr'><strong>μήτε</strong></span> <span class='ocrx_word' id='word_1_711' title='bbox 3018 4527 3480 4600; x_wconf 75' lang='grc' dir='ltr'><strong>μεμελετηκέναι,</strong></span> <span class='ocrx_word' id='word_1_712' title='bbox 3545 4534 3690 4603; x_wconf 80' lang='grc' dir='ltr'><strong>μήτε</strong></span> 
     </span>
    </p>
   </div>
   <div class='ocr_carea' id='block_1_106' title="bbox 2098 4611 3688 4693">
    <p class='ocr_par' dir='ltr' id='par_1_106' title="bbox 2098 4611 3688 4693">
     <span class='ocr_line' id='line_1_107' title="bbox 2098 4611 3688 4693; baseline 0.009 -30"><span class='ocrx_word' id='word_1_713' title='bbox 2098 4611 2582 4683; x_wconf 81' lang='grc' dir='ltr'><strong>ὲπιτηδεύειν......</strong></span> <span class='ocrx_word' id='word_1_714' title='bbox 2640 4619 2767 4681; x_wconf 83' lang='grc' dir='ltr'>τοὺς</span> <span class='ocrx_word' id='word_1_715' title='bbox 2791 4620 2899 4690; x_wconf 77' lang='grc' dir='ltr'><strong>γὰρ</strong></span> <span class='ocrx_word' id='word_1_716' title='bbox 2955 4620 3065 4671; x_wconf 77' lang='grc' dir='ltr'><strong>τῶν</strong></span> <span class='ocrx_word' id='word_1_717' title='bbox 3113 4620 3314 4686; x_wconf 79' lang='grc' dir='ltr'>λέξεων</span> <span class='ocrx_word' id='word_1_718' title='bbox 3362 4625 3688 4693; x_wconf 78' lang='grc' dir='ltr'><strong>ἐχομένους,</strong></span> 
     </span>
    </p>
   </div>
   <div class='ocr_carea' id='block_1_107' title="bbox 2095 4708 3691 4792">
    <p class='ocr_par' dir='ltr' id='par_1_107' title="bbox 2095 4708 3691 4792">
     <span class='ocr_line' id='line_1_108' title="bbox 2095 4708 3691 4792; baseline 0.01 -33"><span class='ocrx_word' id='word_1_719' title='bbox 2095 4708 2191 4760; x_wconf 80' lang='grc' dir='ltr'>καὶ</span> <span class='ocrx_word' id='word_1_720' title='bbox 2214 4709 2343 4779; x_wconf 79' lang='grc' dir='ltr'>περὶ</span> <span class='ocrx_word' id='word_1_721' title='bbox 2365 4710 2537 4765; x_wconf 82' lang='grc' dir='ltr'>ταῦτα</span> <span class='ocrx_word' id='word_1_722' title='bbox 2565 4711 2992 4783; x_wconf 72' lang='grc' dir='ltr'><strong>ἀσχολουμένους</strong></span> <span class='ocrx_word' id='word_1_723' title='bbox 3016 4713 3381 4786; x_wconf 77' lang='grc' dir='ltr'><strong>διαδιδράσκει</strong></span> <span class='ocrx_word' id='word_1_724' title='bbox 3412 4723 3482 4773; x_wconf 79' lang='grc' dir='ltr'><strong>τὰ</strong></span> <span class='ocrx_word' id='word_1_725' title='bbox 3510 4722 3691 4792; x_wconf 79' lang='grc' dir='ltr'><strong>πράγ-</strong></span> 
     </span>
    </p>
   </div>
   <div class='ocr_carea' id='block_1_108' title="bbox 2100 4805 3689 4874">
    <p class='ocr_par' dir='ltr' id='par_1_108' title="bbox 2100 4805 3689 4874">
     <span class='ocr_line' id='line_1_109' title="bbox 2100 4805 3689 4874; baseline 0.011 -22"><span class='ocrx_word' id='word_1_726' title='bbox 2100 4819 2265 4871; x_wconf 84' lang='grc' dir='ltr'><strong>ματα,</strong></span> <span class='ocrx_word' id='word_1_727' title='bbox 2305 4819 2465 4873; x_wconf 87' lang='lat' dir='ltr'><strong>neque</strong></span> <span class='ocrx_word' id='word_1_728' title='bbox 2503 4805 2801 4874; x_wconf 75' lang='lat' dir='ltr'><strong>a/fectasse,</strong></span> <span class='ocrx_word' id='word_1_729' title='bbox 2836 4824 2929 4861; x_wconf 79' lang='lat' dir='ltr'><strong>nec</strong></span> <span class='ocrx_word' id='word_1_730' title='bbox 2972 4807 3139 4874; x_wconf 85' lang='lat' dir='ltr'><strong>fuisse</strong></span> <span class='ocrx_word' id='word_1_731' title='bbox 3201 4822 3555 4867; x_wconf 71' lang='lat' dir='ltr'><strong>sectatum...</strong></span> <span class='ocrx_word' id='word_1_732' title='bbox 3599 4832 3689 4870; x_wconf 71' lang='lat' dir='ltr'><strong>eos</strong></span> 
     </span>
    </p>
   </div>
   <div class='ocr_carea' id='block_1_109' title="bbox 2098 4911 3689 5044">
    <p class='ocr_par' dir='ltr' id='par_1_109' title="bbox 2098 4911 3689 5044">
     <span class='ocr_line' id='line_1_110' title="bbox 2148 4911 3689 4997; baseline 0.013 -32"><span class='ocrx_word' id='word_1_733' title='bbox 2148 4911 2246 4994; x_wconf 39' lang='lat'><strong>.(8)</strong></span> <span class='ocrx_word' id='word_1_734' title='bbox 2288 4912 2348 4996; x_wconf 76' lang='lat' dir='ltr'><strong>V_.</strong></span> <span class='ocrx_word' id='word_1_735' title='bbox 2392 4914 2686 4988; x_wconf 82' lang='lat' dir='ltr'><strong>Syntagma</strong></span> <span class='ocrx_word' id='word_1_736' title='bbox 2750 4920 2813 4973; x_wconf 84' lang='lat' dir='ltr'><strong>de</strong></span> <span class='ocrx_word' id='word_1_737' title='bbox 2868 4919 3328 4994; x_wconf 83' lang='lat' dir='ltr'><strong>Engastrintyt/to,</strong></span> <span class='ocrx_word' id='word_1_738' title='bbox 3384 4942 3505 4997; x_wconf 85' lang='lat' dir='ltr'><strong>cap.</strong></span> <span class='ocrx_word' id='word_1_739' title='bbox 3538 4930 3572 4982; x_wconf 76' lang='grc'>2</span> <span class='ocrx_word' id='word_1_740' title='bbox 3612 4928 3689 4985; x_wconf 86' lang='lat' dir='ltr'><strong>De</strong></span> 
     </span>
     <span class='ocr_line' id='line_1_111' title="bbox 2098 4981 2707 5044; baseline 0.011 -7"><span class='ocrx_word' id='word_1_741' title='bbox 2098 4981 2462 5044; x_wconf 82' lang='lat' dir='ltr'><strong>Simeombus.</strong></span> <span class='ocrx_word' id='word_1_742' title='bbox 2500 5006 2621 5044; x_wconf 70' lang='lat' dir='ltr'><strong>uati.</strong></span> <span class='ocrx_word' id='word_1_743' title='bbox 2654 4991 2707 5044; x_wconf 83' lang='grc'><strong>5.</strong></span> 
     </span>
    </p>
   </div>
   <div class='ocr_carea' id='block_1_110' title="bbox 2153 5005 3687 5145">
    <p class='ocr_par' dir='ltr' id='par_1_110' title="bbox 2153 5005 3687 5145">
     <span class='ocr_line' id='line_1_112' title="bbox 2153 5005 2707 5059; baseline 0.018 -25"><span class='ocrx_word' id='word_1_744' title='bbox 2153 5005 2462 5052; x_wconf 78' lang='lat' dir='ltr'><strong>&#39;meouwus,</strong></span> <span class='ocrx_word' id='word_1_745' title='bbox 2499 5006 2621 5059; x_wconf 80' lang='lat' dir='ltr'><strong>pag.</strong></span> <span class='ocrx_word' id='word_1_746' title='bbox 2654 5005 2707 5044; x_wconf 71' lang='grc' dir='ltr'><strong>ί).</strong></span> 
     </span>
     <span class='ocr_line' id='line_1_113' title="bbox 2153 5056 3687 5145; baseline 0.013 -39"><span class='ocrx_word' id='word_1_747' title='bbox 2291 5057 2534 5145; x_wconf 60' lang='grc' dir='ltr'><strong>ρεῙεζιδιο</strong></span> <span class='ocrx_word' id='word_1_748' title='bbox 2587 5060 2948 5145; x_wconf 68' lang='lat' dir='ltr'><strong>Epistolarum</strong></span> <span class='ocrx_word' id='word_1_749' title='bbox 2987 5066 3329 5145; x_wconf 63' lang='lat' dir='ltr'><strong>pontiﬁcum,</strong></span> <span class='ocrx_word' id='word_1_750' title='bbox 3368 5085 3505 5145; x_wconf 80' lang='lat' dir='ltr'><strong>pag.</strong></span> <span class='ocrx_word' id='word_1_751' title='bbox 3532 5071 3605 5125; x_wconf 67' lang='grc'><strong>24</strong></span> <span class='ocrx_word' id='word_1_752' title='bbox 3633 5082 3687 5126; x_wconf 84' lang='lat' dir='ltr'><strong>et</strong></span> 
     </span>
    </p>
   </div>
   <div class='ocr_carea' id='block_1_111' title="bbox 2096 5126 3681 5252">
    <p class='ocr_par' dir='ltr' id='par_1_111' title="bbox 2096 5126 3681 5252">
     <span class='ocr_line' id='line_1_114' title="bbox 2096 5126 3681 5252; baseline 0.014 -76"><span class='ocrx_word' id='word_1_753' title='bbox 2282 5127 2356 5181; x_wconf 83' lang='lat' dir='ltr'><strong>De</strong></span> <span class='ocrx_word' id='word_1_754' title='bbox 2405 5130 2530 5197; x_wconf 88' lang='lat' dir='ltr'><strong>jure</strong></span> <span class='ocrx_word' id='word_1_755' title='bbox 2576 5126 2861 5188; x_wconf 79' lang='lat' dir='ltr'><strong>ordinandi</strong></span> <span class='ocrx_word' id='word_1_756' title='bbox 2925 5126 3195 5192; x_wconf 70' lang='lat' dir='ltr'><strong>ministros</strong></span> <span class='ocrx_word' id='word_1_757' title='bbox 3247 5126 3519 5208; x_wconf 60' lang='lat' dir='ltr'><strong>Ecclesize,</strong></span> <span class='ocrx_word' id='word_1_758' title='bbox 3558 5159 3681 5215; x_wconf 83' lang='lat' dir='ltr'><strong>pag.</strong></span> 
     </span>
     <span class='ocr_line' id='line_1_115' title="bbox 2168 5216 2220 5250; baseline -0.019 0"><span class='ocrx_word' id='word_1_759' title='bbox 2168 5216 2220 5250; x_wconf 79' lang='grc' dir='ltr'><strong>ο.</strong></span> 
     </span>
    </p>
   </div>
   <div class='ocr_carea' id='block_1_112' title="bbox 2169 5269 3362 5339">
    <p class='ocr_par' dir='ltr' id='par_1_112' title="bbox 2169 5269 3362 5339">
     <span class='ocr_line' id='line_1_116' title="bbox 2169 5269 3362 5339; baseline 0.012 -17"><span class='ocrx_word' id='word_1_760' title='bbox 2169 5270 2279 5339; x_wconf 87' lang='grc'><strong>(10)</strong></span> <span class='ocrx_word' id='word_1_761' title='bbox 2316 5269 2453 5327; x_wconf 82' lang='lat' dir='ltr'><strong>Vide</strong></span> <span class='ocrx_word' id='word_1_762' title='bbox 2478 5273 2771 5331; x_wconf 89' lang='lat' dir='ltr'><strong>editionem</strong></span> <span class='ocrx_word' id='word_1_763' title='bbox 2805 5274 3047 5333; x_wconf 79' lang='lat' dir='ltr'><strong>Coloniae</strong></span> <span class='ocrx_word' id='word_1_764' title='bbox 3078 5295 3168 5334; x_wconf 91' lang='lat' dir='ltr'><strong>au.</strong></span> <span class='ocrx_word' id='word_1_765' title='bbox 3205 5280 3362 5336; x_wconf 86' lang='grc'><strong>1611.</strong></span> 
     </span>
    </p>
   </div>
   <div class='ocr_carea' id='block_1_113' title="bbox 2168 5341 3791 5427">
    <p class='ocr_par' dir='ltr' id='par_1_113' title="bbox 2168 5341 3791 5427">
     <span class='ocr_line' id='line_1_117' title="bbox 2168 5341 3791 5427; baseline 0.013 -33"><span class='ocrx_word' id='word_1_766' title='bbox 2168 5342 2280 5427; x_wconf 84' lang='grc'><strong>(11)</strong></span> <span class='ocrx_word' id='word_1_767' title='bbox 2316 5341 2585 5427; x_wconf 58' lang='lat' dir='ltr'><strong>daiiiotiiis</strong></span> <span class='ocrx_word' id='word_1_768' title='bbox 2632 5349 2954 5427; x_wconf 47' lang='grc' dir='ltr'><strong>ριιξὶεοιχιίιιι,</strong></span> <span class='ocrx_word' id='word_1_769' title='bbox 2991 5350 3493 5427; x_wconf 72' lang='lat' dir='ltr'><strong>ac_Picrsennteus,</strong></span> <span class='ocrx_word' id='word_1_770' title='bbox 3546 5372 3688 5427; x_wconf 83' lang='lat' dir='ltr'><strong>quos</strong></span> <span class='ocrx_word' id='word_1_771' title='bbox 3785 5355 3791 5357; x_wconf 27' lang='grc' dir='ltr'>λ</span> 
     </span>
    </p>
   </div>
   <div class='ocr_carea' id='block_1_114' title="bbox 2095 5412 3624 5491">
    <p class='ocr_par' dir='ltr' id='par_1_114' title="bbox 2095 5412 3624 5491">
     <span class='ocr_line' id='line_1_118' title="bbox 2095 5412 3624 5491; baseline 0.01 -24"><span class='ocrx_word' id='word_1_772' title='bbox 2095 5412 2238 5491; x_wconf 81' lang='lat' dir='ltr'><strong>vide,</strong></span> <span class='ocrx_word' id='word_1_773' title='bbox 2275 5416 2377 5491; x_wconf 77' lang='lat' dir='ltr'><strong>nisi</strong></span> <span class='ocrx_word' id='word_1_774' title='bbox 2419 5415 2584 5484; x_wconf 89' lang='lat' dir='ltr'><strong>piget,</strong></span> <span class='ocrx_word' id='word_1_775' title='bbox 2631 5412 2684 5472; x_wconf 85' lang='lat' dir='ltr'><strong>iii</strong></span> <span class='ocrx_word' id='word_1_776' title='bbox 2714 5416 3124 5491; x_wconf 86' lang='lat' dir='ltr'><strong>Prolegomenis</strong></span> <span class='ocrx_word' id='word_1_777' title='bbox 3154 5424 3220 5477; x_wconf 86' lang='lat' dir='ltr'><strong>ad</strong></span> <span class='ocrx_word' id='word_1_778' title='bbox 3246 5412 3544 5481; x_wconf 76' lang='lat' dir='ltr'><strong>editionem</strong></span> <span class='ocrx_word' id='word_1_779' title='bbox 3564 5412 3624 5483; x_wconf 60' lang='lat' dir='ltr'><strong>&#39;iii</strong></span> 
     </span>
    </p>
   </div>
   <div class='ocr_carea' id='block_1_115' title="bbox 2095 5483 2493 5539">
    <p class='ocr_par' dir='ltr' id='par_1_115' title="bbox 2095 5483 2493 5539">
     <span class='ocr_line' id='line_1_119' title="bbox 2095 5483 2493 5539; baseline 0.008 -3"><span class='ocrx_word' id='word_1_780' title='bbox 2095 5486 2165 5538; x_wconf 84' lang='lat' dir='ltr'><strong>ilo</strong></span> <span class='ocrx_word' id='word_1_781' title='bbox 2199 5483 2493 5539; x_wconf 85' lang='lat' dir='ltr'><strong>laudatam.</strong></span> 
     </span>
    </p>
   </div>
   <div class='ocr_carea' id='block_1_116' title="bbox 2166 5553 2821 5629">
    <p class='ocr_par' dir='ltr' id='par_1_116' title="bbox 2166 5553 2821 5629">
     <span class='ocr_line' id='line_1_120' title="bbox 2166 5553 2821 5629; baseline 0.012 -22"><span class='ocrx_word' id='word_1_782' title='bbox 2166 5555 2280 5629; x_wconf 49' lang='lat' dir='ltr'><strong>iiii)</strong></span> <span class='ocrx_word' id='word_1_783' title='bbox 2316 5553 2445 5629; x_wconf 61' lang='lat' dir='ltr'><strong>\[ide</strong></span> <span class='ocrx_word' id='word_1_784' title='bbox 2479 5557 2731 5629; x_wconf 72' lang='lat' dir='ltr'><strong>paginam</strong></span> <span class='ocrx_word' id='word_1_785' title='bbox 2767 5560 2821 5614; x_wconf 80' lang='grc'><strong>5.</strong></span> 
     </span>
    </p>
   </div>
   <div class='ocr_carea' id='block_1_117' title="bbox 2168 5623 3631 5707">
    <p class='ocr_par' dir='ltr' id='par_1_117' title="bbox 2168 5623 3631 5707">
     <span class='ocr_line' id='line_1_121' title="bbox 2168 5623 3631 5707; baseline 0.016 -31"><span class='ocrx_word' id='word_1_786' title='bbox 2325 5623 2817 5707; x_wconf 42' lang='grc' dir='ltr'><strong>ἔριδιιὶτβναιιηὶίὶ).</strong></span> <span class='ocrx_word' id='word_1_787' title='bbox 2849 5648 2967 5697; x_wconf 84' lang='lat' dir='ltr'>VIII,</span> <span class='ocrx_word' id='word_1_788' title='bbox 3002 5649 3053 5707; x_wconf 69' lang='grc' dir='ltr'><strong>ς.</strong></span> <span class='ocrx_word' id='word_1_789' title='bbox 3080 5636 3132 5706; x_wconf 85' lang='grc'><strong>6,</strong></span> <span class='ocrx_word' id='word_1_790' title='bbox 3159 5647 3215 5694; x_wconf 84' lang='lat' dir='ltr'><strong>et</strong></span> <span class='ocrx_word' id='word_1_791' title='bbox 3245 5636 3340 5695; x_wconf 81' lang='lat' dir='ltr'><strong>lib.</strong></span> <span class='ocrx_word' id='word_1_792' title='bbox 3381 5651 3464 5707; x_wconf 71' lang='lat' dir='ltr'><strong>IX,</strong></span> <span class='ocrx_word' id='word_1_793' title='bbox 3486 5651 3542 5697; x_wconf 87' lang='lat' dir='ltr'><strong>c.</strong></span> <span class='ocrx_word' id='word_1_794' title='bbox 3566 5642 3631 5698; x_wconf 78' lang='grc'><strong>2.</strong></span> 
     </span>
    </p>
   </div>
   <div class='ocr_carea' id='block_1_118' title="bbox 2162 5697 3059 5771">
    <p class='ocr_par' dir='ltr' id='par_1_118' title="bbox 2162 5697 3059 5771">
     <span class='ocr_line' id='line_1_122' title="bbox 2162 5697 3059 5771; baseline 0.014 -23"><span class='ocrx_word' id='word_1_795' title='bbox 2162 5699 2276 5766; x_wconf 76' lang='grc' dir='ltr'><strong>(Μ)</strong></span> <span class='ocrx_word' id='word_1_796' title='bbox 2315 5697 2386 5751; x_wconf 85' lang='lat' dir='ltr'><strong>De</strong></span> <span class='ocrx_word' id='word_1_797' title='bbox 2414 5699 2639 5769; x_wconf 73' lang='lat' dir='ltr'><strong>ﬁnibus,</strong></span> <span class='ocrx_word' id='word_1_798' title='bbox 2668 5702 2762 5758; x_wconf 85' lang='lat' dir='ltr'><strong>lib.</strong></span> <span class='ocrx_word' id='word_1_799' title='bbox 2790 5719 2872 5771; x_wconf 85' lang='lat' dir='ltr'><strong>in,</strong></span> <span class='ocrx_word' id='word_1_800' title='bbox 2895 5720 2945 5760; x_wconf 91' lang='lat' dir='ltr'><strong>c.</strong></span> <span class='ocrx_word' id='word_1_801' title='bbox 2974 5706 3059 5763; x_wconf 78' lang='grc'><strong>15.</strong></span> 
     </span>
    </p>
   </div>
  </div>
