3916 6192
225 309 302 371 ες
1570 304 2163 366 PROLEGOMENA.
3432 316 3508 378 30

227 425 393 483 cnim,
434 419 523 484 qui
554 436 585 472 a
617 418 939 473 dictionibus
976 420 1224 487 pendent,
1272 430 1321 473 et
1360 419 1415 474 in
1441 420 1509 475 iis
1549 435 1817 489 occupati-
1849 431 1893 484 Α
1923 419 1996 472 ibi
2034 427 2184 484 sunt,
2221 429 2279 473 ut
2307 418 2425 488 ipsa
2465 420 2640 489 capita
2676 431 3086 480 recenseantur.
3123 425 3194 479 At
3223 441 3324 497 ego
3355 469 3371 495 ,
3401 430 3508 484 niSi

231 524 340 571 tur.
376 513 508 581 ipsa:
542 528 621 565 res
661 511 923 582 effugiunt
963 510 1099 581 (15).
1149 512 1289 565 Alibi
1337 527 1559 582 quoque
1600 512 1717 581 ipse
1760 512 1825 565 de
1933 512 2111 577 fallor,
2158 512 2212 566 in
2260 513 2584 568 minutiores
2622 514 2808 584 utique
2859 524 3043 586 partes
3086 526 3256 573 totam
3304 523 3508 577 oratio-

228 621 311 671 se,
356 603 533 676 Ἐμοὶ,
568 604 764 673 inquit,
796 604 1084 674 πρόκειται
1122 603 1453 673 εὑγὶηωττίαν
1495 604 1707 675 μήποτε
1733 603 1774 669 ξι

1968 620 2053 659 em
2106 604 2363 659 distribui
2408 622 2421 659 :
2462 621 2626 675 quam
2659 607 3057 663 institutionem
3092 608 3207 679 jam
3248 627 3417 681 usque
3442 613 3509 667 ab

228 698 452 763 λοῦντα,
476 698 768 770 ἀρκεῖσθαι
794 700 942 768 μόνῳ
974 698 1053 769 τῷ
1088 696 1399 763 αἰνίξασθαι
1429 698 1489 751 τὸ
1512 698 1772 766 νοούμενο

1962 697 2155 753 xordio
2184 710 2520 767 susceptam,
2544 708 2981 755 consentaneum
3013 700 3116 755 fuit
3144 703 3227 757 vel
3256 703 3308 757 in
3335 721 3507 774 nuper

172 832 190 847 .
228 792 401 863 ὁποίῳ
435 792 490 845 δὲ
524 794 747 863 ὀνόματι
779 791 1039 863 δηλοῦται
1072 793 1253 855 τοῦτο,
1291 793 1430 862 ὅπερ
1470 790 1718 862 παραστὶ

2022 799 2232 847 morato
2272 790 2575 862 fragmento
2627 794 2920 863 persequi;
2970 806 3133 863 atque
3182 796 3319 850 adeo
3362 800 3507 868 quod
3555 802 3561 809 ”

232 884 518 955 βούλομαι,
569 884 730 939 οὐθέν
774 902 864 956 μοι
912 885 1087 955 μέλει.
1162 885 1296 939 Mihi
1373 886 1699 952 ﬁroposttum
1749 900 1774 937 ε

1958 895 2036 933 rno
2087 879 2331 935 Vaticani
2385 882 2592 936 codicis
2644 884 2823 952 capite
2862 885 3201 952 coiitinetur,
3256 887 3304 940 id
3359 905 3504 958 swpe

229 986 291 1030 ut
335 977 686 1031 elocutionem
717 994 987 1048 nunquam
1020 978 1277 1047 a/fectans
1336 986 1610 1031 contentus
1634 980 1755 1041 sim,
1779 976 1825 1029 si
1928 970 2220 1024 duobusin
2239 981 2427 1025 nostra
2448 970 2687 1026 editione
2720 974 3006 1043 cxplendis
3031 977 3503 1033 accommodatur.

229 1065 520 1135 cogitatum
563 1083 735 1120 meum
768 1068 1069 1133 declarent;
1104 1084 1339 1138 quanam
1371 1084 1487 1120 vero
1536 1068 1679 1121 istud
1709 1084 1827 1122 voce
1927 1060 2148 1116 St'ilicet
2184 1078 2509 1131 persuasum
2545 1072 2628 1118 est
2675 1064 2806 1118 mibi
2857 1081 2978 1120 eam
3028 1068 3360 1137 voluptatem
3414 1086 3510 1139 per

226 1156 981 1228 explicetur,quodexpouere
1003 1161 1143 1222 volo,
1176 1159 1824 1232 niltilmeainteresttiti).
1929 1152 2241 1220 ltujtisnlolii
2304 1154 2577 1224 κεφάλαια
2622 1157 2926 1213 lectoribus
2970 1162 3272 1227 conciliari,
3343 1180 3509 1232 quam

227 1248 387 1314 Quod
446 1261 625 1304 autem
659 1252 831 1321 stylus
864 1252 1207 1321 potissimum
1242 1254 1295 1306 in
1326 1254 1587 1307 curandis
1615 1254 1825 1308 versio-
1929 1261 2023 1314 per
2048 1246 2255 1316 lapides
2287 1247 2541 1302 milliaria
2572 1259 2825 1306 notantes
2856 1252 3139 1323 percipere
3172 1256 3346 1310 solent
3391 1256 3511 1309 via-

230 1341 401 1395 nibus
439 1341 506 1396 ad
552 1342 870 1406 bujusmodi
915 1347 1156 1411 regulam
1203 1346 1525 1416 dirigendus
1574 1346 1665 1413 sit,
1704 1345 1826 1401 fuse
1927 1349 2073 1395 tores
2104 1338 2240 1409 (18).

223 1432 415 1487 docuit
465 1432 526 1486 D.
563 1434 929 1505 Hieronymus
956 1435 1092 1506 (l7).
1996 1428 2117 1483 Jam
2138 1446 2266 1484 vero
2290 1430 2552 1501 quidquid
2585 1430 2943 1498 Coisliniano,
2976 1432 3323 1503 Taurinensi,
3362 1435 3513 1492 Vati-

300 1522 413 1580 Nec
450 1528 634 1581 minus
670 1526 905 1582 fortasse
940 1526 1149 1598 profuit
1177 1527 1559 1600 παρενθέσεις,
1597 1543 1721 1598 quae
1767 1528 1821 1582 in
1927 1538 2089 1585 cano,
2132 1540 2197 1577 ac
2248 1522 2551 1579 Barberino
2601 1541 2735 1580 mss.
2770 1538 3054 1597 acceptum
3102 1530 3412 1592 referimus.
3456 1532 3511 1584 in

225 1615 568 1688 αὐτογράφῳ
600 1616 851 1685 deerant,
901 1635 1005 1690 pro
1050 1636 1109 1675 re
1147 1630 1277 1674 nata
1308 1620 1637 1675 interserere
1664 1661 1679 1686 ,
1720 1636 1821 1677 nec
1926 1617 2130 1671 notulis
2161 1633 2262 1671 suo
2291 1617 2410 1672 loco
2437 1616 2697 1685 subjectis
2725 1619 3129 1689 proﬁtebimur.
3160 1622 3231 1675 At
3256 1622 3365 1676 duo
3388 1623 3513 1692 qui-

225 1725 339 1765 non
388 1719 444 1765 et
498 1711 661 1766 verba
707 1728 993 1768 sacrarum
1065 1711 1421 1781 Litterarum,
1478 1714 1825 1785 aliorumque
1927 1710 2048 1764 dem
2086 1710 2267 1780 priora
2293 1711 2613 1766 studuimus
2644 1714 2712 1767 de
2746 1713 2853 1767 illis
2880 1715 3260 1769 tantummodo
3289 1716 3510 1770 dubita-

225 1803 586 1873 scriptorutn,
630 1804 746 1859 sive
777 1805 1047 1877 ἀκριϐῶς,
1083 1806 1200 1861 sive
1231 1807 1695 1879 μεταφραστικῶς
1723 1823 1771 1861 at

1971 1804 2171 1858 onibus
2206 1806 2525 1870 consulere,
2550 1822 2689 1876 quas
2736 1808 2894 1862 nobis
2936 1809 3095 1877 primi
3145 1810 3510 1878 qna-stionum

224 1893 395 1947 ducta
437 1898 668 1958 cursiva,
725 1904 784 1950 ut
836 1898 1012 1963 aiunt,
1058 1900 1379 1954 charactere
1424 1901 1741 1955 exscribere
1801 1917 1815 1956 :
1927 1916 2119 1954 versus
2158 1901 2497 1966 attulerunt;
2544 1916 2669 1954 cum
2710 1900 2830 1955 'bos
2882 1902 3149 1955 duntaxat
3196 1902 3515 1965 Bernardus

228 1981 339 2036 huc
364 1982 534 2050 enim,
563 1984 707 2053 quod
753 1985 885 2038 mibi
920 2001 1030 2041 non
1066 1987 1297 2042 multant
1346 1990 1545 2059 negotii
1570 1989 1815 2057 facessit,
1924 1993 2368 2047 Montfauconius
2400 1993 2532 2064 {19).
2567 2010 2629 2047 ac
2650 1991 2926 2064 Josepbus
2947 1993 3203 2050 Pasinius
3246 1994 3359 2065 (’20)
3396 1996 3514 2050 edi-

227 2072 469 2129 forlasse
516 2075 719 2130 alicubi
763 2077 955 2133 lectori
1009 2081 1117 2133 erit
1167 2080 1507 2148 adjumento.
1553 2080 1820 2138 Praeterea
1922 2084 2107 2139 derint
2144 2100 2158 2137 :
2206 2082 2508 2153 posteriora
2546 2093 2727 2137 autem
2764 2085 2816 2137 in
2852 2084 3065 2139 caeteris
3098 2083 3515 2139 diﬂirultatibns

226 2169 329 2222 abs
366 2184 425 2221 re
462 2184 569 2223 non
606 2171 738 2224 duxi
772 2171 916 2237 loca,
962 2172 1107 2227 unde
1158 2172 1273 2243 ipsa
1317 2178 1481 2229 verba
1532 2175 1820 2244 desumpta
1929 2176 2132 2229 mirum
2170 2183 2436 2243 quantum
2477 2172 2889 2242 nosjuvcrunt;
2926 2174 3197 2244 siquidem
3238 2175 3339 2229 viri
3371 2189 3514 2245 prae-

227 2272 383 2324 sunt,
414 2261 472 2315 in
503 2261 608 2314 ima
641 2264 853 2333 pagina:
875 2278 973 2317 ora
1001 2263 1246 2319 indicare
1274 2284 1287 2319 :
1325 2281 1389 2320 ac
1420 2266 1665 2337 denique
1693 2283 1819 2323 ver-
1922 2266 2220 2321 clarissimi
2260 2282 2436 2334 teque,
2484 2276 2647 2335 atque
2709 2266 3097 2321 humanissimi
3150 2268 3514 2338 Hieronymus

227 2356 445 2409 sionem
485 2353 624 2408 LXX
657 2356 939 2421 seniorum
968 2372 998 2409 a
1029 2354 1227 2413 Pbotio
1258 2358 1505 2425 allatam,
1531 2374 1658 2414 cum
1716 2376 1820 2417 no-
1922 2359 2174 2414 Amatius
2200 2356 2474 2413 Vaticana:
2514 2359 2852 2414 bibliotheca:
2889 2361 3146 2429 scriptor,
3194 2370 3246 2415 et
3285 2358 3504 2415 Joacbia

231 2458 351 2501 stra
374 2447 623 2516 Vulgata,
658 2462 824 2517 quam
849 2448 967 2516 tibi,
1002 2448 1197 2515 lector,
1232 2450 1644 2507 familiariorem
1669 2469 1816 2522 reor,
1923 2468 2047 2506 mus
2088 2451 2181 2506 Pla
2221 2450 2531 2506 Barberina:
2559 2452 2845 2522 praefectus
2886 2468 2970 2519 ea,
3003 2469 3124 2523 qua:
3154 2455 3220 2507 ad
3252 2454 3502 2509 lectionis

225 2552 575 2594 cumulat-are
601 2559 613 2594 :
643 2541 832 2609 paucis
869 2551 1079 2596 tantum
1114 2544 1361 2613 exceptis
1409 2545 1565 2609 locis,
1602 2546 1657 2601 in
1694 2548 1821 2617 qui-
1922 2546 2385 2611 encmlationem,
2416 2556 2520 2613 qaut
2566 2548 3028 2615 complementum
3070 2546 3098 2598 ὁ
3123 2547 3265 2600 πάνυ
3290 2548 3519 2601 Andre—

224 2634 354 2697 bus,
389 2638 463 2688 uti
496 2634 867 2701 manebimus,
915 2636 1183 2692 orationis
1210 2647 1502 2693 contextus
1527 2640 1813 2695 adversari
1923 2638 2038 2693 sius
2102 2640 2495 2707 postulaverat,
2575 2655 2697 2694 eum
2761 2657 2827 2694 eo
2894 2656 3109 2694 summa
3182 2640 3517 2711 benignitate

227 2729 534 2782 videbatur.
1593 2736 1613 2751 ’
1926 2736 2428 2787 (-Otnnmnirarunt.
2488 2733 2758 2788 Caeterum
2822 2734 2914 2787 ubi
2973 2734 3236 2804 σφάλμα,
3287 2733 3518 2803 ejusque

304 2823 475 2875 νυνι-ο
520 2840 626 2892 ego
683 2834 947 2894 punctum
1004 2823 1161 2889 illud,
1207 2824 1354 2893 quod
1403 2823 1566 2892 ﬁnale
1602 2832 1822 2889 vocant,
1926 2824 2208 2895 διόρθωμα
2247 2824 2393 2879 facili
2441 2827 2658 2895 negatio
2706 2827 2984 2895 patebant,
3019 2835 3113 2879 aut
3155 2827 3220 2879 ad
3255 2826 3511 2880 lacunam

222 2924 443 2984 quoties
470 2916 768 2984 perfectus,
808 2918 1229 2987 completusque
1257 2916 1549 2971 verborum
1583 2917 1823 2971 ambitus
1924 2918 2249 2986 explendam
2296 2931 2493 2973 sensus
2523 2935 2622 2985 ,me
2670 2932 2816 2972 recte
2859 2918 3125 2984 ducebat;
3168 2918 3316 2971 nolui
3370 2919 3518 2975 viros

224 3008 497 3062 absoluta:
525 3010 781 3081 περιόδου
809 3012 1026 3082 signum
1064 3010 1397 3080 postulabat,
1433 3025 1555 3065 meo
1580 3010 1705 3080 jure
1735 3010 1821 3063 iu-
1924 3008 2062 3061 adeo
2102 3009 2430 3077 conspicuos
2460 3024 2558 3079 pro
2601 3024 2658 3063 re
2695 3012 2843 3079 parvi
2882 3010 3141 3063 momenti
3180 3009 3503 3073 obtundere,

224 3102 450 3174 tcrjeci;
500 3105 651 3175 quod
704 3106 926 3176 quidem
977 3121 1087 3160 non
1138 3106 1308 3161 semel
1358 3105 1630 3175 agendum
1684 3105 1819 3159 mihi
1928 3102 2022 3157 sed
2065 3103 2331 3156 medicam
2372 3103 2485 3172 ipse
2518 3120 2740 3157 manum
2783 3105 2956 3159 codici
2995 3104 3235 3163 admovi.
3272 3113 3431 3173 atque
3462 3103 3515 3157 id

225 3194 356 3265 fuit,
388 3212 513 3251 cum
563 3197 619 3253 in
662 3197 852 3251 codice
883 3204 1097 3261 nustro,
1130 3196 1208 3250 uti
1249 3206 1303 3251 et
1335 3196 1389 3251 in
1422 3198 1636 3252 caneris
1678 3196 1827 3265 ejus-
1856 3188 1900 3249 C
1932 3194 1999 3248 de
2027 3211 2147 3248 meo
2182 3195 2418 3257 restitui,
2443 3197 2587 3266 quod
2615 3206 2666 3250 et
2700 3197 2752 3250 in
2795 3198 3005 3266 pagina:
3033 3197 3186 3250 calce
3219 3196 3517 3250 indicatmn

225 3291 350 3345 dem
384 3290 582 3357 atatis,
632 3305 757 3344 rara
794 3289 1095 3344 admodum
1127 3290 1285 3358 signa
1328 3287 1703 3344 distinctionis
1734 3303 1829 3344 oc-
1929 3289 2259 3358 conspicies.
2291 3290 2442 3344 Alias
2471 3290 2667 3344 deinde
2704 3302 2864 3344 notas
2900 3290 3158 3359 reperies,
3202 3299 3255 3344 et
3281 3288 3522 3344 fortasse

223 3392 475 3437 currant.
512 3382 655 3447 Quin
680 3382 847 3435 etiam
880 3380 1300 3435 dissertationes
1326 3379 1572 3450 singulas
1600 3381 1655 3434 in
1676 3394 1828 3449 qum-
1929 3396 2036 3435 non
2071 3381 2436 3451 importunas,
2466 3382 2668 3450 quibus
2694 3382 2898 3450 aliquid
2927 3383 2994 3435 de
3029 3381 3295 3435 Pbotiana
3374 3396 3522 3450 qutu-

224 3479 353 3532 dam
388 3478 554 3531 veluti
607 3477 853 3547 capitula
903 3476 1296 3546 dispescendas
1345 3475 1567 3540 curavi;
1604 3484 1717 3529 tum
1759 3490 1828 3529 ne
1929 3476 2129 3531 stionis
2149 3476 2425 3531 solutione
2453 3477 2744 3539 disseram,
2777 3485 2829 3529 et
2870 3476 2998 3543 quid
3029 3475 3313 3529 catholica:
3337 3473 3522 3529 Eccle-

221 3572 475 3625 diversas
510 3569 692 3625 Pbotii
720 3569 1255 3630 animadversiones,
1295 3568 1826 3624 commentationes-
1928 3568 2023 3622 size
2056 3568 2291 3637 δόγμασι
2323 3577 2608 3637 repugnet,
2639 3569 2769 3636 quid
2808 3568 3072 3621 adversus
3098 3576 3375 3621 novatore:
3416 3581 3517 3621 no-

222 3679 335 3734 que
369 3664 530 3717 unica
557 3664 827 3733 συνεπείᾳ
868 3663 1124 3733 legendas
1164 3676 1562 3731 propenerem;
1607 3671 1721 3714 tum
1757 3675 1768 3713 ι

1973 3662 2013 3715 is
2041 3659 2303 3729 prodesse
2330 3660 2523 3728 possit,
2566 3661 2695 3729 quid
2735 3660 2971 3729 denique
3004 3658 3305 3729 ὁρθοὸόξων
3342 3660 3519 3729 serip—

222 3759 512 3828 imparitas
546 3760 687 3827 ipsa,
716 3772 840 3827 quae
873 3757 1016 3811 inter
1048 3765 1233 3811 textus
1295 3770 1360 3809 ac
1396 3755 1669 3809 versionis
1693 3767 1823 3824 pro-
1926 3763 2110 3809 torum
2146 3755 2301 3808 scitis
2326 3752 2673 3823 sum-agetur,
2702 3768 2789 3821 ea,
2847 3762 2955 3823 qua
2983 3768 3083 3823 par
3104 3753 3210 3808 erit
3253 3752 3523 3809 brevitate

220 3851 494 3906 lixitatem
520 3850 843 3921 plerumque
892 3849 1204 3912 intercedit,
1242 3857 1353 3902 tota
1401 3847 1455 3901 in
1502 3846 1819 3901 earumdem
1928 3846 2244 3914 expediam.

222 3944 685 4001 dissertationum
736 3944 1034 3999 terminum
1084 3943 1441 4011 rejiceretur,
1491 3950 1654 4011 atque
1688 3941 1821 3995 illud
1998 3935 2276 4007 Quidquid
2313 3945 2491 3990 autem
2527 3936 2627 3989 bac
2662 3935 2727 3989 de
2761 3951 2819 3989 re
2846 3934 2937 4001 sit,
2981 3953 3001 3987 ι
3042 3934 3196 4002 Quod
3228 3934 3365 4002 dixi,
3405 3954 3427 3987 ι
3465 3944 3519 3989 ut

223 4040 418 4095 nescio
455 4041 587 4110 quid
623 4039 889 4095 abnorme
924 4038 1255 4097 intuentium
1299 4037 1493 4092 oculos
1524 4045 1709 4105 posset
1734 4034 1820 4088 of-
1926 4033 1988 4086 D.
2025 4032 2285 4087 Bernardi
2314 4030 2495 4085 verbis
2546 4039 2688 4093 utar,
2727 4047 2746 4080 ι
2784 4030 2992 4098 absque
3018 4028 3335 4099 pra'judicio
3388 4044 3523 4082 sane

222 4133 471 4187 fendere.
530 4130 644 4187 Hos
704 4140 888 4186 autem
946 4129 1367 4202 διαμερισμοὺς,
1419 4127 1620 4197 quibus
1668 4133 1819 4181 caret
1924 4124 2069 4176 dicta
2126 4122 2239 4177 sint
2280 4122 2471 4176 sanius
2556 4121 2842 4191 sapientis.
2903 4118 3166 4175 Romanae
3220 4121 3551 4192 praesen-lini

222 4235 503 4291 nostrum,
545 4223 601 4278 in
634 4224 903 4279 Vaticano
930 4240 1058 4287 ms.,
1091 4222 1235 4276 unde
1272 4234 1523 4289 magnam
1557 4217 1818 4288 quaéstio-
1928 4216 2187 4271 Ecclesia:
2214 4214 2548 4277 auctoritati,
2578 4225 2740 4284 atque
2772 4214 3011 4268 examini
3062 4222 3237 4269 totum
3278 4215 3519 4269 boc......

222 4318 312 4371 nis
342 4318 412 4373 33
445 4326 651 4387 partem
676 4317 1038 4380 obtinuimus,
1066 4316 1170 4369 rite
1199 4328 1299 4383 ego
1329 4322 1577 4367 servatos
1602 4309 1816 4379 reperi;
1927 4324 2181 4374 reservo;
2216 4308 2411 4378 ipsius,
2459 4308 2503 4363 si
2546 4308 2676 4378 quid
2718 4309 2876 4363 aliter
2912 4308 3089 4380 sapio,
3123 4318 3347 4379 paratus
3376 4309 3524 4379 judi—

222 4422 338 4471 imo
378 4424 523 4468 notae
568 4412 818 4484 quaedam
867 4409 1163 4465 numerica:
1206 4408 1260 4461 in
1299 4405 1547 4476 margine
1593 4404 1823 4475 appicta:
1929 4406 2015 4456 cio
2040 4401 2331 4456 emendare
2378 4400 2515 4471 (‘21).
2558 4418 2576 4452 ι

1843 4562 1951 4625 IV.

348 4700 829 4766 CARDINALIS
903 4697 1197 4759 ANGELI
1259 4695 1409 4758 MAI
1476 4689 1902 4754 PREFATIO
1967 4690 2047 4750 IN
2092 4689 2621 4763 QUIESTIONES
2682 4686 3405 4750 AMPHILOCHIANAS

584 4807 853 4869 PHOTll
892 4800 1428 4865 PATRIARCHIE
1471 4796 1679 4874 QUAS
1726 4795 2019 4857 PRIMUS
2062 4794 2342 4855 EDIDIT
2394 4794 2473 4854 IN
2505 4792 2736 4853 IVOL.
2785 4792 3080 4853 SCRIPT.

875 4910 1056 4972 VET.
1091 4907 1313 4970 NOVA
1346 4904 1575 4967 COLL.
1610 4902 1801 4964 VAT.
1849 4901 1983 4962 AN.
2023 4900 2179 4963 1825
2214 4902 2312 4962 ΕΤ
2344 4902 2421 4962 Dl

1293 4921 1313 4967 ι
1346 4904 1575 4967 COLL.
1610 4902 1801 4964 VAT.
1849 4901 1983 4962 AN.
2023 4900 2179 4963 1825
2214 4902 2312 4962 ΕΤ
2344 4900 2616 4962 DENUO
2662 4899 2839 4960 1831.

290 5176 333 5231 ι.
381 5172 561 5231 Codex
591 5173 711 5227 Vat.
744 5170 1230 5235 Amphilochiorum
1262 5165 1458 5221 Pltotii.
1484 5163 1825 5231 Quaestioues
1935 5168 2043 5232 nis,
2082 5165 2285 5220 famam
2314 5164 2586 5219 obtinent.
2628 5164 2850 5220 Primus
2884 5164 3028 5221 sacri
3063 5163 3247 5235 operis
3284 5163 3424 5233 (sive
3474 5164 3524 5218 id

217 5268 700 5341 Ampltilochiana‘.
781 5274 990 5320 tantam
1070 5261 1462 5333 propemodum
1522 5259 1575 5311 in
1646 5262 1824 5316 sacris
1933 5256 2465 5329 Amphilochia.sive
2488 5257 2958 5328 Amphilochianas
2986 5256 3316 5323 Quaestione:
3342 5257 3528 5312 dicere

216 5363 404 5421 Pbotii
437 5360 681 5432 scriptis,
715 5367 981 5430 quantam
1025 5355 1147 5426 ejus
1180 5353 1512 5408 Bibliotheca
1549 5350 1601 5404 in
1636 5352 1821 5421 profa-
1935 5351 2135 5423 mavis)
2166 5350 2421 5406 notitiam
2456 5350 2700 5421 vulgavit
2746 5349 2853 5405 Leo
2882 5349 3117 5406 Allatius
3151 5349 3230 5419 (l)
3292 5348 3528 5420 lixitqre

294 5473 411 5541 (l5)
448 5470 704 5535 Stromat,
733 5467 829 5523 lib.
864 5483 925 5531 ll,
949 5482 1080 5541 pag.
1113 5464 1241 5520 265.
1930 5474 1985 5520 et
2013 5480 2169 5541 seqq.

292 5529 410 5611 εισι)
453 5542 591 5596 Ibid.
628 5529 731 5611 lib.
756 5558 793 5611 ι,
822 5529 1123 5611 μειεςὲἱςῦζ
1360 5604 1409 5611 η
1934 5606 1946 5611 _
1971 5529 2109 5611 _(_20}
2132 5529 2436 5607 L’atalogus
2463 5532 2793 5589 bibliotheca:
2830 5532 3198 5597 Taurinemis,
3235 5542 3275 5588 t.
3317 5529 3359 5595 1,
3400 5547 3524 5603 pag.

328 5604 413 5685 ιη
448 5612 676 5685 Epistol.
696 5604 861 5685 to};
986 5609 1052 5663 ad
1066 5604 1552 5685 “Pammachiuma
1926 5606 2046 5685 ill
2063 5616 2120 5685 et
2142 5621 2301 5685 seqq.

328 5617 413 5685 17)
448 5617 676 5679 Epistol.
709 5617 776 5664 49
807 5623 861 5664 et
885 5617 952 5663 57
986 5617 1052 5663 ad
1092 5617 1533 5661 Pammacmum.
1926 5617 2022 5660 HI
2067 5617 2120 5660 et
2142 5621 2301 5675 seqq.

295 5617 413 5753 ξω)
454 5685 511 5738 ld
535 5683 737 5738 cecinit
769 5680 1009 5735 Rutilius
1064 5677 1434 5733 Numatianus
1478 5673 1671 5730 ltiner.
1721 5676 1817 5732 lib.
1934 5676 2109 5753 ΛΜ)
2145 5675 2337 5753 Ερίιιε.⁸
2379 5673 3243 5753 αςζοϐεηοῃὶεορ-ΔῙίιιράιιηεηεω,
3293 5690 3415 5748 qute
3444 5681 3529 5730 cst

219 5744 465 5821 "Ivi-rs.
492 5754 522 5807 7
553 5764 607 5809 et
647 5768 801 5824 seqq.
830 5822 837 5824 ξ
863 5822 891 5824 η
959 5820 971 5824 _
1152 5818 1180 5824 _
1225 5819 1235 5824 _
1277 5818 1307 5824 __
1355 5817 1365 5824 ,
1716 5819 1815 5824 μ,
1926 5744 2203 5824 ΠίρὫὲΒέ
2241 5747 2342 5801 179
2367 5748 2497 5802 edi“
2533 5744 2712 5824 Ρὲἔνίὲο
2756 5746 2915 5824 ΠΈῇ

294 5825 413 5901 (19)
446 5816 1090 5909 Cataloguibibliotheca’
1140 5817 1506 5886 Coistiniana',
1560 5833 1682 5891 pag.
1715 5819 1820 5873 3:28

1415 5833 1506 5886 tur,
1560 5833 1682 5891 pag.
1715 5819 1820 5873 3:28
2001 5816 2187 5889 (nne
2220 5833 2369 5888 perp.
2394 5833 2538 5872 cons.
2568 5816 2633 5884 ll,
2658 5818 2714 5885 6,
2750 5833 2801 5888 p.
2836 5816 2961 5871 576.
