3916 6192
405 298 472 360 3t
1576 292 1658 352 IN
1692 288 2221 350 AMPHILOCHIA
2259 250 2524 350 ruont
3605 287 3676 355 32

404 424 546 481 opus
572 405 784 462 varium
821 413 875 458 et
897 401 1184 473 multiplici
1216 399 1523 457 eruditione
1552 402 1794 472 plenum,
1828 403 1983 456 theo-
2014 410 2063 467 Α
2095 417 2220 470 qua:
2248 419 2354 457 non
2388 403 2673 460 librarium
2719 402 3096 458 tantummodo
3123 402 3397 458 diversum
3434 404 3673 468 exhibet,

407 502 546 572 legis
576 515 640 555 ac
691 497 984 566 Scriptura:
1014 495 1408 563 interpretibus
1448 495 1690 549 maxime
1737 509 1992 550 necessa-

410 596 553 649 rium
591 609 605 644 :
650 588 797 660 quod
839 602 938 658 ego
993 586 1298 642 doctissimi
1359 586 1543 641 Allatii
1596 587 1662 640 de
1725 585 1994 641 Photiano

411 685 619 754 scripto
680 681 987 751 judicium,
1046 678 1311 733 neoterici
1364 679 1543 733 critici
1602 678 1997 733 malevolentia:

412 775 567 829 valde
614 770 881 827 antefero.
929 770 1070 823 Idem
1108 770 1341 825 Allalius
1402 786 1503 825 nos
1541 768 1726 823 docuit
1756 769 1823 824 de
1863 785 1999 840 pne-

414 870 562 922 claro
594 866 1081 935 Antphilocltiorum
1112 864 1296 917 codice
1326 862 1610 928 Vaticano,
1640 861 1859 917 Urbano
1884 861 1997 916 Vill

413 958 666 1028 pontiﬁce
698 957 936 1010 maximo
969 972 998 1009 e
1030 954 1227 1009 Lollini
1267 954 1489 1009 Feltrini
1518 956 1755 1024 episcopi
1800 955 1998 1009 biblio-

414 1055 571 1106 theca
619 1052 671 1103 in
722 1048 1039 1103 Vaticanam
1088 1050 1361 1117 migravit.
1413 1048 1769 1102 lixislhnabat
1815 1058 1996 1101 autem

413 1144 645 1199 Allatius
681 1144 903 1196 unicum
950 1156 1074 1195 esse
1123 1140 1612 1209 Amphilochiorum
1654 1140 1799 1194 hunc
1846 1139 1997 1193 codi-

415 1249 556 1296 cem,
589 1233 807 1301 dempto
851 1228 1234 1299 Neapolitano,
1283 1232 1348 1283 de
1391 1245 1501 1299 quo
1549 1246 1673 1284 mox
1727 1230 1996 1294 dicemus,

417 1327 741 1396 fragmento.
795 1323 987 1377 Postea
1041 1332 1220 1375 tamen
1259 1323 1466 1391 aliquot
1498 1323 1587 1375 alii
1621 1322 1997 1386 innotuerunt,

418 1416 580 1470 veluti
597 1413 950 1467 Taurinensis
964 1411 1165 1481 Regius
1182 1412 1241 1466 31
1265 1414 1364 1483 (‘2);
1385 1413 1753 1469 Coisliuianus
1771 1415 1877 1470 270
1899 1416 1996 1484 (5);

416 1506 765 1562 Colbertinus
814 1504 919 1558 114
964 1506 1199 1574 priscus,
1252 1514 1310 1559 ut
1349 1506 1523 1567 aiunt,
1574 1506 1758 1561 saculi
1796 1522 1875 1570 ιιι,
1908 1507 2000 1575 qui

419 1614 564 1653 nunc
597 1606 681 1651 est
718 1597 919 1666 Regius
966 1597 1277 1651 Parisiacus
1323 1597 1462 1651 1577
1507 1597 1622 1668 (4);
1671 1598 2002 1653 Sevinianus

419 1706 608 1745 recens
637 1689 971 1753 Parisiacus,
1020 1688 1214 1743 deinde
1245 1697 1299 1743 et
1338 1690 1454 1760 ipse
1482 1689 1683 1760 Regius
1710 1690 1807 1759 (5).
1850 1690 2001 1744 Mitto

420 1782 799 1852 apographum
843 1797 873 1834 e
905 1780 1166 1834 Vaticano
1201 1780 1269 1833 ab
1311 1781 1553 1834 Arendio
1604 1780 1732 1836 olim
1772 1796 1999 1850 expres-

425 1891 572 1937 sum,
601 1875 666 1929 de
716 1891 825 1944 quo
870 1874 1102 1928 Allatius
1153 1874 1270 1927 loco
1306 1873 1562 1943 praedicto
1602 1892 1615 1927 :
1668 1875 1824 1929 mitto
1870 1874 2000 1929 item

421 1968 795 2038 apographum
856 1984 885 2022 a
936 1973 1232 2023 tiatnusato
1279 1981 1528 2023 curatum
1584 1984 1614 2022 e
1662 1968 2003 2022 Coisliniano

419 2076 531 2130 quo
555 2060 789 2115 Wollius
830 2077 971 2116 usus
995 2073 1071 2115 est
1109 2063 1188 2131 (6)
1224 2080 1238 2115 :
1272 2063 1426 2115 mitto
1456 2061 1691 2126 denique
1732 2058 2004 2113 Miscellos

419 2153 757 2206 diversatum
792 2153 1243 2206 bibliothecarum
1273 2153 1510 2215 codices,
1546 2153 1597 2205 in
1629 2150 1830 2220 quibus
1870 2166 2002 2219 ope-

423 2244 499 2297 ris
530 2243 813 2314 particula?
852 2244 1057 2311 aliquot
1099 2243 1305 2308 insunt,
1349 2243 1513 2296 veluti
1565 2240 1811 2295 Tilianus
1841 2243 2004 2293 (Lom-

419 2334 594 2388 helisii
628 2334 744 2404 (7);
794 2333 1090 2389 Bavaricus
1130 2350 1161 2388 a
1207 2332 1402 2388 Wolﬁo
1447 2333 1823 2401 Andresioque
1856 2348 2005 2385 cor:—

421 2436 758 2480 memoratus
791 2427 907 2497 (8);
958 2425 1399 2481 Vindobouensis
1441 2424 1512 2480 29
1544 2425 1642 2494 (9),
1690 2424 1741 2477 in
1773 2439 1884 2493 quo
1918 2432 2004 2476 est

420 2515 602 2570 Photii
656 2519 911 2588 synopsis
973 2519 1377 2588 categoriarum
1436 2517 1774 2578 Aristotelis,
1835 2530 1999 2585 quam

422 2607 671 2661 nonnulli
708 2610 869 2677 (quos
901 2608 1042 2663 inter
1071 2608 1324 2676 Cavaeus)
1368 2607 1437 2661 ab
1473 2606 1851 2676 Amphilochia
1903 2606 2005 2659 im-

422 2705 618 2756 merito
673 2704 1049 2772 distinguunt:
1088 2704 1327 2773 denique
1365 2714 1419 2756 et
1464 2700 1710 2755 Vaticani
1756 2701 2001 2755 nonnulli

420 2794 637 2847 codices
669 2795 969 2864 fragmenta
1002 2796 1213 2865 aliquot
1242 2795 1729 2863 Amphilochiorum
1774 2793 2003 2847 fortuito

420 2884 701 2940 continent
755 2887 806 2939 itt
851 2885 1156 2943 Miscellis:
1208 2887 1275 2941 de
1330 2888 1531 2957 quibus
1574 2885 1832 2940 omnibus
1880 2886 2003 2938 sive

423 2976 737 3046 longinquis
767 2978 882 3032 sive
912 2978 1075 3033 etiam
1122 2978 1388 3033 Romanis
1428 2993 1618 3046 parum
1675 2977 1805 3030 mihi
1850 2977 2002 3030 labo-

2098 509 2288 547 verum
2338 494 2499 549 etiam
2554 498 2809 565 supinum
2867 495 3150 565 Griecique
3191 496 3462 550 sermonis
3510 511 3677 567 prope

2095 586 2370 655 ignarum.
2425 588 2571 656 gitur
2614 587 2946 642 exscribenti
2991 587 3122 640 mihi
3165 587 3524 656 quaestionem
3560 590 3679 657 pri-

2099 692 2240 732 tnam
2292 678 2827 747 Amphilochianam,
2883 678 2950 732 ad
3000 687 3181 732 vetera
3231 676 3323 732 illa
3372 677 3674 746 fragmenta

2097 771 2499 841 respiciendum
2551 787 2658 825 non
2700 771 2867 825 semel
2921 770 3021 823 fuit
3084 771 3227 840 (quae
3284 770 3337 824 in
3399 771 3678 825 volumine

2098 865 2547 934 conservatajam
2583 864 2741 931 disi),
2789 872 2849 918 ut
2896 864 3102 918 librarii
3144 864 3267 918 novi
3316 865 3528 919 mendis
3556 880 3679 933 gra-

2100 959 2337 1014 vissimis
2366 961 2689 1012 medicinam
2726 959 2979 1017 laterem,
3013 973 3243 1027 meaque
3275 957 3515 1011 editione
3537 957 3673 1010 hanc

2100 1051 2276 1107 labem
2316 1052 2686 1105 excluderem.
2718 1050 2899 1104 Codex
2943 1064 3074 1120 ergo
3125 1047 3421 1104 Vaticanus
3472 1050 3675 1118 plenisA

2100 1141 2276 1196 simus
2314 1138 2654 1205 Qua'stiones
2700 1138 3185 1206 Amphilochianas
3238 1136 3344 1191 515
3409 1136 3673 1191 continet.

2101 1228 2236 1281 Exin
2269 1228 2320 1281 in
2343 1228 2531 1281 codice
2559 1235 2866 1296 sequuntur
2890 1226 2992 1279 alia
3037 1228 3220 1281 Photii
3255 1225 3468 1296 Opera;
3510 1228 3678 1281 nimia

2100 1336 2222 1375 rum
2260 1320 2331 1389 1.)
2356 1319 2604 1375 'lneditus
2636 1330 2689 1374 et
2716 1320 3053 1374 acatholicus
3075 1320 3142 1374 de
3170 1321 3406 1388 Spiritus
3437 1320 3609 1374 sancti
3647 1336 3679 1374 ει

2102 1415 2220 1469 solo
2250 1412 2409 1467 Patre
2449 1412 2796 1482 processione
2841 1412 3000 1471 liber.
3038 1413 3104 1466 de
3143 1426 3252 1481 quo
3292 1428 3395 1466 nos
3427 1412 3567 1466 infra
3596 1416 3678 1467 los

2102 1523 2355 1577 quemur.
2391 1505 2471 1577 2.)
2513 1506 2668 1561 Alius
2702 1506 2768 1560 de
2807 1506 2997 1559 eodem
3039 1516 3363 1575 argumento
3401 1505 3581 1561 Photii
3616 1509 3681 1561 li-

2103 1599 2297 1659 bellus,
2331 1612 2524 1666 nempe
2555 1598 2670 1668 ipsa
2703 1597 2941 1652 secunda
2979 1596 3232 1666 epistola.
3278 1612 3401 1666 qua:
3441 1596 3496 1651 in
3527 1597 3682 1651 Mon-

2106 1693 2294 1746 tacutii
2344 1691 2583 1746 editione
2635 1689 2895 1755 occurrit,
2940 1689 3033 1743 hic
3088 1698 3271 1743 autem
3324 1704 3467 1744 novo
3520 1691 3683 1744 titulo

2105 1785 2438 1840 instruitur:
2479 1783 2672 1854 Ἑτέρα
2712 1782 2923 1845 ἐκδοσις
2971 1781 3103 1851 περὶ
3154 1780 3251 1833 τοῦ
3315 1782 3473 1849 ἁγίου
3504 1781 3682 1834 Πνεὺ-

2107 1893 2292 1949 ματοςο
2311 1874 2555 1945 Ἐξεδόθη
2583 1876 2640 1928 ἐν
2668 1874 2748 1944 τῷ
2772 1873 3151 1944 πατριαρχείῳ
3183 1871 3321 1943 μετὰ
3345 1874 3445 1943 τὴν
3480 1876 3683 1927 ἐπανο⁴

2103 1970 2191 2022 δον
2218 1969 2316 2039 τῆς
2340 1966 2591 2036 ὲξορίας;
2621 1964 2856 2034 scriptus
2883 1967 3141 2018 mmirum
3176 1980 3203 2017 a
3242 1962 3438 2019 Photio
3463 1964 3684 2018 libellus

2108 2070 2229 2131 post
2258 2060 2489 2114 reditum
2515 2058 2584 2112 ab
2613 2058 2831 2112 exsilio.
2866 2057 2946 2124 ὃ.)
2978 2056 3219 2111 Extrerri
3252 2057 3306 2111 in
3338 2057 3527 2111 codice
3551 2068 3685 2109 sunt

2105 2153 2225 2206 libri
2252 2151 2431 2205 Photii
2476 2161 2714 2219 quatuor
2752 2149 3015 2204 adversus
3048 2148 3400 2212 Manicbaaos,
3443 2166 3682 2219 quorum

2107 2247 2340 2315 primum
2401 2242 2838 2299 Montl‘auconius
2883 2256 2914 2296 e
2962 2244 3150 2298 codice
3177 2242 3512 2297 Coisliniano
3542 2243 3684 2310 (ll),

2104 2346 2215 2392 tres
2262 2338 2499 2407 reliquos
2541 2336 2773 2392 Woltius
2828 2336 3000 2390 edidit
3049 2334 3161 2403 (12)
3209 2351 3275 2388 ex
3328 2332 3685 2388 llolsteniano

2103 2430 2309 2497 codice,
2342 2444 2502 2498 quem
2556 2444 2587 2483 a
2628 2428 2893 2483 Vaticano
2951 2436 3140 2482 nostro
3197 2426 3367 2482 fuisse
3421 2426 3684 2484 haustum

2105 2522 2419 2590 suspicatur
2452 2521 2755 2575 rectissime
2798 2521 2998 2585 editor,
3048 2536 3149 2591 ego
3191 2535 3320 2574 vero
3357 2521 3541 2575 nullus
3580 2524 3685 2576 du-

2105 2611 2237 2675 bito,
2294 2611 2737 2680 quandoquidem
2790 2610 2956 2663 etiam
3005 2609 3274 2671 clausula,
3321 2626 3442 2679 quae
3484 2610 3685 2665 Wollio

2104 2702 2418 2771 imperfecta
2447 2702 2682 2767 videtur,
2737 2717 2845 2756 non
2899 2701 3005 2755 alia
3050 2702 3103 2754 in
3155 2701 3344 2756 codice
3394 2700 3683 2768 Vaticano,

2103 2808 2266 2863 quam
2304 2793 2356 2845 in
2382 2791 2563 2847 Woltii
2595 2793 2839 2848 editione
2869 2802 2975 2848 est.

2175 2885 2237 2939 ll.
2304 2885 2441 2940 Pars
2508 2885 2996 2954 Amphilochiorum
3061 2885 3281 2939 antehac
3320 2883 3486 2940 edita.
3541 2884 3684 2939 Cum

2105 2978 2288 3045 plures
2317 2978 2481 3047 igitur
2506 2987 2787 3031 exstarent
2817 2979 2870 3031 in
2901 2978 3135 3046 Europae
3175 2978 3515 3033 bibliothecis
3552 2982 3679 3032 Am-

424 3068 656 3121 randum
691 3078 794 3133 est,
824 3070 917 3138 qui
972 3070 1119 3121 nulla
1172 3070 1367 3121 borum
1412 3082 1514 3135 ope
1568 3082 1721 3135 egeo,
1756 3066 2002 3134 quando-
2032 3086 2073 3142 η
2104 3067 2482 3135 philoa/tiaram
2512 3068 2748 3131 codices,
2775 3062 2984 3136 primus
3018 3067 3346 3123 Franciscus
3379 3068 3687 3123 Turrianus

424 3160 646 3230 quidem
692 3159 1016 3214 Vaticanum
1053 3176 1215 3228 quem
1264 3174 1430 3228 supra
1466 3159 1575 3213 dixi
1629 3159 2006 3228 plenissimum

428 3251 624 3306 habeo.
679 3251 775 3304 Est
824 3261 1002 3305 autem
1054 3252 1138 3306 hic
1194 3250 1557 3320 bombycinus
1602 3250 1777 3305 in-l'ol.
1827 3249 2009 3304 saculi

436 3342 610 3396 ferme
650 3358 769 3404 xm,
805 3342 990 3397 Gra~ca
1041 3358 1206 3396 manu
1252 3342 1528 3410 eleganter
1571 3343 1829 3411 scriptus.
1868 3340 2007 3394 Olim

432 3446 617 3490 tamen
660 3435 787 3488 huic
827 3434 1003 3489 codici
1069 3434 1269 3488 damna
1320 3436 1429 3488 duo
1478 3435 1851 3503 contigerant;
1903 3435 2012 3503 pri-

388 3539 393 3543 ‘
433 3543 583 3582 nsum
617 3529 761 3596 quod
789 3527 908 3595 ejus
938 3526 1068 3580 folia
1110 3526 1179 3580 ab
1222 3527 1421 3581 inscito
1457 3527 1765 3596 bibiiopego
1797 3539 2010 3595 pertur-

426 3618 553 3672 bata
582 3617 856 3685 susdeque
904 3615 1151 3680 fuerant;
1186 3615 1381 3669 iterum
1423 3617 1565 3685 quod
1620 3618 1739 3685 ejus
1773 3619 2006 3673 Iudicem

428 3711 776 3779 primumque
803 3708 985 3775 aperis
1015 3708 1207 3760 folium
1241 3708 1423 3763 blatta:
1464 3716 1558 3760 aut
1588 3709 1777 3763 mador
1810 3712 2006 3778 partim

429 3808 829 3870 corruperant:
874 3813 1001 3851 mox
1051 3809 1229 3852 tamen
1282 3799 1478 3852 doctus
1531 3800 1729 3866 aliquis
1771 3802 2008 3856 mater-ire

428 3891 674 3945 ordinem
710 3889 1060 3954 instauravit,
1112 3890 1167 3942 in
1215 3889 1562 3959 marginibus
1606 3892 1854 3946 scribens
1902 3908 2006 3961 qua

427 3984 685 4050 quodque
733 3981 919 4034 folium
967 3982 1094 4035 sede
1139 3992 1288 4036 esset
1317 3982 1694 4036 collocandum
1729 4002 1741 4037 :
1778 3995 1887 4038 tum
1932 3985 2004 4038 illi

428 4074 584 4127 initio
630 4073 1003 4142 pessumdato,
1050 4089 1155 4142 ope
1200 4074 1428 4129 alterius
1473 4076 1823 4144 exemplaris,
1880 4093 2008 4145 sup-

428 4170 763 4236 plementum
811 4165 939 4219 fecit
989 4169 1191 4219 recenti
1241 4182 1432 4233 manu,
1487 4167 1540 4220 in
1575 4168 1781 4236 vulgari
1817 4167 2003 4220 charta

427 4258 694 4326 scriptum
726 4272 743 4310 :
780 4258 859 4311 sic
894 4267 1074 4311 tamen
1112 4267 1170 4311 ut
1213 4268 1458 4312 veterum
1491 4274 1709 4329 quoque
1749 4260 2002 4314 {oliorum

429 4351 653 4406 lacinias
684 4350 909 4405 seorsitn
950 4350 1004 4404 in
1032 4351 1307 4405 volumine
1343 4352 1746 4406 conservandos
1780 4368 2007 4406 curave-

2113 3160 2169 3216 S.
2196 3158 2247 3214 J.
2277 3177 2306 3214 e
2341 3158 2601 3214 Bavarico
2662 3160 2850 3214 codice
2886 3160 3369 3228 Amphilochianas
3409 3176 3501 3217 sex
3541 3178 3690 3232 qua:-

2111 3252 2315 3306 stiones
2346 3253 2860 3321 interpretatusest;
2896 3266 3099 3318 easque
3127 3251 3347 3306 Canisio
3373 3268 3515 3307 anno
3551 3253 3688 3306 1674

2111 3343 2165 3397 in
2209 3344 2558 3413 Antiquarum
2612 3343 2920 3398 Lectionum
2971 3345 3178 3416 sylloge
3226 3342 3419 3398 Latine
3469 3356 3684 3398 tantum

2109 3436 2345 3491 edendas
2385 3438 2657 3491 conoessit
2688 3438 2821 3508 (1‘5).
2858 3436 2948 3492 Eae
2999 3447 3129 3491 sunt
3176 3438 3229 3490 in
3282 3436 3546 3493 Vaticano
3587 3454 3688 3493 co—

2108 3529 2228 3582 dice
2254 3529 2381 3595 130,
2404 3529 2530 3594 181,
2558 3530 2679 3595 182,
2707 3530 2830 3594 185,
2863 3531 2999 3596 186;
3028 3546 3150 3585 nam
3176 3528 3424 3584 Turriani
3452 3536 3685 3599 primam

2110 3622 2164 3675 in
2207 3622 2393 3677 codice
2444 3638 2551 3675 non
2603 3621 2854 3687 invenio;
2890 3639 3061 3693 quare
3102 3633 3155 3676 et
3199 3622 3503 3691 Basnagius
3555 3640 3685 3678 cum

2108 3727 2254 3766 anno
2291 3711 2431 3765 1725
2455 3710 2732 3767 Canisium
2762 3723 3049 3782 repeteret,
3103 3724 3157 3767 et
3183 3713 3426 3766 Graecum
3458 3724 3690 3768 caeterao-

2111 3820 2231 3858 rum
2285 3814 2487 3857 textum
2525 3803 2708 3858 ederet
2740 3806 2873 3875 (11),
2911 3804 3141 3874 primam
3195 3804 3383 3859 Latine
3437 3817 3687 3858 tantum-

2107 3897 2270 3949 modo
2292 3897 2489 3965 posuit,
2513 3897 2639 3965 quia
2668 3895 2853 3951 Graece
2876 3912 2985 3950 non
3017 3896 3228 3951 habuit.
3260 3895 3431 3950 Porro
3455 3897 3554 3952 'l‘ui
3571 3899 3689 3951 ria-

2108 4004 2211 4041 nus
2228 3988 2355 4041 alibi
2372 4001 2588 4056 quoque
2602 3987 2956 4054 Amphilochia
2980 3998 3390 4050 memoraverat,
3408 4003 3601 4057 nempe
3620 3991 3687 4043 ad

2108 4078 2282 4146 Epist.
2307 4087 2452 4146 rant.
2473 4077 2673 4148 p.121,
2701 4077 2823 4139 165,
2843 4079 2908 4131 ad
2933 4076 3114 4132 Const.
3143 4094 3230 4146 ap.
3252 4093 3368 4142 rttt,
3387 4078 3441 4145 6,
3468 4078 3545 4131 De
3565 4079 3685 4147 jar.

2107 4174 2221 4227 ord.
2245 4172 2451 4243 p.155;
2476 4172 2621 4242 quod
2639 4171 2836 4226 eruditi
2852 4173 3057 4241 jamdiu
3073 4173 3343 4226 dixerunt.
3372 4174 3499 4228 Post
3516 4176 3688 4228 Cani—

2105 4266 2243 4318 sium
2260 4282 2401 4318 anno
2420 4262 2754 4318 lGlGPetrus
2771 4263 3086 4318 Stewartius
3101 4262 3215 4317 SJ.
3232 4265 3490 4333 prolixam
3508 4265 3686 4320 Photii

2106 4355 2613 4423 Amphilochianam
2650 4355 2717 4408 de
2752 4354 2956 4408 Christi
3008 4356 3373 4409 voluntatibus
3414 4359 3689 4426 goomicis

426 4445 521 4508 rit,
558 4459 659 4498 nec
694 4442 993 4511 quidquam
1029 4444 1228 4497 veteris
1269 4445 1553 4513 scriptura:
1600 4445 1774 4514 perire
1808 4460 2001 4515 passus
2034 4441 2076 4494 ι)
2109 4454 2250 4520 (qua:
2276 4450 2329 4501 in
2355 4450 2473 4502 cod.
2498 4445 2614 4500 Vat.
2644 4446 3093 4518 estoctogesima)
3108 4448 3292 4502 eodem
3312 4447 3688 4503 Turrianoin-

426 4537 518 4588 sit.
553 4532 848 4587 Instaurati
879 4534 1082 4587 codicis
1109 4535 1361 4587 tneritum
1384 4534 1685 4590 Andresius
1712 4537 1825 4606 (10)
1850 4537 1997 4590 Alla-

427 4636 503 4677 tio
538 4624 748 4678 tribuit.
798 4622 933 4676 Illud
986 4632 1165 4677 tamen
1224 4622 1518 4679 falsissime
1572 4642 1602 4679 a
1656 4627 1842 4682 nescio
1892 4643 2001 4696 quo

424 4720 658 4773 relatore
693 4720 898 4773 dictum
943 4719 1211 4773 Audresio
1239 4720 1359 4784 fuit,
1389 4722 1621 4775 recentia
1647 4722 1853 4776 scilicet
1891 4726 2003 4777 htec

429 4813 815 4882 Supplementa
849 4813 1107 4866 Allatiunt
1141 4827 1301 4865 manu
1330 4829 1427 4867 sua
1453 4816 1882 4884 conscripsisse:
1921 4826 2007 4895 est

426 4919 571 4957 enim
624 4904 757 4956 mihi
800 4904 1070 4973 vulgoque
1124 4904 1410 4958 notissima
1461 4904 1638 4957 Allatii
1698 4922 1916 4970 manus,
1971 4921 2001 4959 a

426 4995 584 5063 Cujus
606 4993 788 5047 indole
815 4993 975 5063 longe
999 4992 1154 5046 abest
1182 4992 1685 5061 supplementorum
1714 4992 2002 5061 scriptura,

496 5162 573 5231 (Ξ)
614 5162 856 5231 Catalog.
880 5177 931 5231 p.
962 5160 1087 5218 108.

492 5230 570 5302 (5)
604 5230 895 5288 Moutlauc.
924 5231 1062 5287 Bibl.
1101 5235 1265 5292 Coisl.
1293 5247 1347 5301 p.
1382 5230 1509 5287 525.

499 5301 574 5375 (1)
611 5306 847 5375 Coteler.
886 5302 1124 5375 Monum.
1158 5319 1287 5361 tom'
1326 5302 1415 5363 ιιι.
1441 5301 1646 5375 p.556,
1670 5308 1724 5357 et
1756 5302 2002 5373 Catalog.

425 5373 559 5430 mss.
593 5375 724 5446 Reg.
759 5373 933 5429 Paris.
965 5374 1059 5431 Gr.
1084 5389 1215 5433 tom.
1254 5375 1319 5439 li,
1348 5373 1549 5446 p.259.

500 5447 577 5515 (5)
608 5443 900 5500 Μόιιιῐειιιο.
934 5446 1074 5501 Bibl.
1120 5468 1242 5501 mss.
1281 5463 1332 5516 ι).
1370 5443 1527 5516 1051.

599 5517 757 5588 Praef.
788 5519 853 5569 ad
885 5517 1012 5571 Cur.
1049 5511 1300 5588 philologi
1330 5528 1463 5588 ιοιιι.
1497 5514 1589 5580 ΙΙΙ,
1617 5529 1667 5582 p.
1701 5511 1755 5570 ’1.

501 5586 576 5656 (7)
607 5586 744 5641 Bibl.
771 5604 918 5642 conc.
961 5586 1093 5645 tom.
1127 5591 1168 5655 l,
1205 5586 1362 5642 Praef.
1393 5603 1444 5655 p.
1474 5601 1707 5639 xxxviii.

497 5656 573 5725 (8)
603 5656 771 5711 Wolf.
830 5657 988 5714 Praei.
1032 5677 1085 5731 p.
1142 5656 1213 5729 v;
1257 5657 1427 5713 Andr.
1472 5659 1745 5727 prodrom.
1779 5657 1844 5712 ad
1874 5670 2006 5712 mss.

426 5725 591 5784 Neap.
619 5745 669 5784 ι).
711 5730 801 5784 81.

474 5742 591 5802 cap.
618 5745 669 5800 p.
711 5733 801 5786 81.

2104 4552 2334 4611 terprete
2350 4539 2517 4595 edidit
2530 4540 2641 4610 (15)
2661 4558 2674 4605 ;
2689 4540 2846 4608 cujus
2863 4538 3107 4595 Graecum
3124 4542 3314 4595 deinde
3328 4552 3531 4595 textum
3551 4543 3686 4598 Bas-

2104 4635 2295 4704 nagius
2327 4632 2694 4701 suppeditavit
2721 4631 2859 4702 (16).
2905 4631 3023 4685 Jarn
3065 4633 3192 4700 quia
3228 4630 3480 4687 Curtisius
3519 4641 3686 4703 atque

2105 4726 2427 4781 Stewartius
2452 4726 2781 4795 quaestiones
2809 4725 2908 4780 has
2938 4728 3041 4780 sub
3081 4722 3257 4778 Photii
3294 4724 3536 4794 quidem,
3573 4741 3682 4779 non

2104 4808 2283 4873 tamen
2337 4815 2858 4885 Ampln’locht‘orum,
2916 4816 3136 4869 nomine
3192 4816 3499 4879 ediderunt,
3561 4816 3687 4869 hine

2104 4911 2301 4964 accidit
2326 4917 2384 4962 ut
2405 4908 2497 4979 qui
2521 4908 2715 4962 eruditi
2744 4907 2998 4975 deinceps
3022 4906 3088 4959 de.
3118 4906 3491 4975 Amphilochus
3520 4908 3685 4961 verba

2106 5002 2370 5066 fecerunt,
2408 5002 2442 5055 ii
2479 5001 2861 5071 praedictarum
2889 5011 3093 5070 septem
3137 5002 3429 5055 editionem
3472 5003 3683 5055 nescire

2181 5160 2254 5230 (9)
2282 5158 2535 5214 Lambcc.
2568 5171 2608 5213 t.
2642 5155 2839 5230 Vll.p.
2868 5156 2990 5212 146.

2180 5232 2290 5300 (10)
2317 5231 2600 5283 Prodrom.
2625 5245 2679 5298 p.
2719 5229 2809 5300 85.

2179 5298 2292 5371 (11)
2322 5300 2459 5371 Bibl.
2490 5300 2636 5353 coisl.
2670 5316 2729 5371 p1
2750 5298 2853 5371 549
2870 5314 2961 5371 sq.

2178 5367 2287 5441 (η)
2319 5370 2513 5441 Anecd.
2543 5367 2684 5423 tom;
2711 5367 2729 5421 1
2758 5381 2813 5441 et
2836 5370 2901 5423 ll.

2179 5439 2291 5513 (15)
2321 5440 2418 5513 ξύ.
2448 5450 2559 5513 vet.
2593 5449 2724 5493 10m.
2754 5439 2818 5507 γ,
2848 5457 2897 5510 p.
2924 5439 3209 5513 188seqq.

2181 5510 2294 5581 (14')
2323 5510 2478 5564 Tum.
2510 5511 2577 5576 ll,
2605 5521 2745 5581 part.
2782 5528 2843 5578 ιι,
2872 5528 2927 5580 p.
2951 5510 3078 5564 420.

2183 5580 2291 5653 (15)
2324 5583 2540 5635 Auctor.
2577 5597 2628 5650 p.
2662 5580 2786 5636 45⁸7.

2183 5651 2291 5710 ’16)
2327 5655 2482 5709 Τοιιι.
2510 5653 2575 5720 ll,
2606 5661 2747 5721 part.
2775 5669 2832 5718 lt,
2859 5666 2911 5723 ρ.
2935 5651 3060 5707 439.
