3916 6192
222 292 285 358 33
1562 282 2146 346 PROLEGOMENA-
3411 282 3483 346 34

225 407 537 471 videantur;
584 417 820 476 quorum
868 402 920 457 in
963 415 1195 457 numero
1232 408 1362 457 sunt
1413 398 1802 463 Comhetisius,
1835 406 1879 459 Α
1911 399 2016 452 tuit
2062 397 2171 472 (t9)
2207 416 2221 453 :
2252 409 2501 469 superest
2543 398 2707 469 igitur
2748 407 2806 454 ut
2849 396 3290 454 Montfauconius
3338 400 3480 454 scri-

222 501 465 566 Allatius,
501 496 960 559 Montfauconius,
991 494 1248 561 Wolfius,
1298 493 1644 554 Gallandius,
1672 495 1794 547 ‘An-

221 594 450 657 dresius,
499 591 745 645 Scottus.
788 588 946 645 Unus
998 587 1232 643 fortasse
1279 585 1565 643 Fabricius
1612 586 1665 639 in
1699 584 1795 641 Gr.

222 686 536 740 bibliotheca
584 682 992 737 lucubrationes
1040 681 1162 735 illas
1197 680 1262 735 ad
1304 678 1797 749 amphilochiorum

221 779 451 849 syllugen
540 775 815 846 pertinere
911 773 1226 843 suspicatus
1331 781 1435 826 est.
1518 769 1797 824 Petavium

220 869 445 937 denique
502 868 680 939 ipsum
735 865 936 932 miror,
1007 864 1101 935 qui
1170 878 1295 917 cum
1362 863 1416 916 in
1478 860 1651 931 Opere
1701 875 1803 916 suo

222 961 514 1031 theologica
557 959 670 1030 (17)
724 958 793 1013 de
855 955 1236 1013 monothelitis
1296 954 1485 1009 tandin
1543 953 1800 1015 disserat,

219 1054 389 1108 Photii
433 1062 615 1107 tamen
671 1051 1010 1123 Opusculum
1054 1051 1119 1105 de
1174 1046 1537 1105 voluntatibus
1596 1045 1803 1102 Christi

218 1144 486 1215 guamicis,
538 1143 683 1213 quod
734 1142 857 1212 ejus
905 1150 1230 1215 argumento
1290 1139 1800 1196 commodissimum

219 1246 350 1300 erat,
380 1237 597 1309 penitus
628 1237 982 1308 ignoraverit,
1027 1244 1105 1290 tot
1156 1235 1284 1289 licet
1329 1242 1456 1288 ante
1505 1248 1681 1287 annos
1730 1232 1800 1287 ab

218 1332 331 1397 ejus
356 1330 636 1385 sodalibus
668 1338 721 1383 et
757 1327 1012 1383 Latinum
1059 1326 1267 1381 factum
1302 1336 1357 1380 et
1398 1325 1625 1379 editum.
1668 1322 1804 1378 Ter-

220 1424 324 1477 tius
367 1422 875 1491 Amphilochiorum
912 1420 1091 1475 editor
1141 1416 1509 1473 Combelisius
1556 1426 1662 1479 est,
1707 1413 1802 1485 qui

221 1531 361 1569 anno
389 1515 527 1570 1644
547 1529 578 1569 e
608 1513 892 1569 Gallicana
915 1512 1039 1566 Tilii
1073 1511 1264 1567 codice
1287 1508 1801 1580 Amphilochianam

218 1609 570 1678 quaestionem
602 1608 830 1677 protulit
875 1615 1066 1661 contra
1101 1604 1424 1674 ubiquistas,
1457 1617 1579 1672 qua:
1602 1601 1655 1655 in
1700 1601 1803 1654 Va-

220 1703 399 1755 ticano
422 1701 609 1756 codice
648 1700 928 1755 tricesima
964 1706 1156 1752 octava
1201 1706 1301 1751 est.
1334 1696 1585 1751 Graviter
1619 1701 1800 1748 tamen

1900 491 2245 569 ptiunculam
2277 491 2345 546 de
2396 490 2616 562 Sibyllis
2657 491 2870 562 primus
2921 491 3229 561 protulerit.
3284 489 3481 546 Utrum

1902 586 2155 652 quintum
2174 584 2678 655 Amphilochiorum
2702 586 2970 640 editorem
2991 583 3263 652 Spierium
3280 584 3483 652 dicam,

1904 677 2049 732 haud
2091 678 2224 733 satis
2256 678 2400 743 srio;
2429 687 2483 731 et
2514 679 2710 735 merito
2764 677 2815 732 id
2864 676 3074 732 dubito.
3127 676 3262 732 Nam
3302 676 3484 731 Theo-

1906 765 2086 836 philus
2116 766 2335 836 quidem
2381 765 2665 823 Harlesius
2708 768 2876 824 semel
2906 778 2960 822 et
3002 768 3199 822 iterum
3240 768 3316 823 ait
3369 768 3483 837 (‘20)

1904 875 1923 909 ι
1965 856 2181 913 Justum
2241 857 2511 928 Spierium
2560 874 2704 913 anno
2761 860 2901 915 1758
2951 859 3189 930 quodam
3241 860 3295 915 in
3345 860 3487 917 libro

1904 948 2229 1004 Germanica
2276 952 2457 1020 lingua
2492 952 2695 1023 scripto
2740 952 2958 1008 dedisse
2995 952 3375 1009 adnotationes
3418 956 3485 1008 ad

1908 1042 2083 1097 Photii
2109 1044 2505 1115 Amphilochia,
2534 1054 2590 1099 et
2624 1045 2678 1097 in
2712 1044 2817 1099 line
2845 1045 3093 1113 quaedam
3123 1061 3188 1099 ex
3230 1046 3315 1100 bis
3363 1046 3488 1099 Am-

1905 1135 2185 1203 philochiis
2212 1138 2451 1190 nondum
2494 1137 2660 1192 edita.
2704 1157 2722 1189 ι
2756 1136 2876 1191 Jam
2909 1153 3039 1193 vero
3077 1137 3206 1209 quid
3242 1137 3488 1209 Spierius

1907 1227 1959 1280 in
1988 1242 2054 1282 eo
2084 1226 2412 1283 Germanico
2440 1228 2600 1293 libro,
2632 1245 2743 1299 quo
2768 1246 2930 1285 careo
2957 1232 3221 1299 posuerit,
3253 1234 3437 1290 nescio
3468 1255 3487 1289 ;

1906 1320 1999 1374 sed
2026 1321 2289 1390 quoniam
2313 1322 2472 1377 video
2499 1322 2827 1379 Germanum
2864 1324 3138 1379 hominem
3180 1326 3490 1381 eruditissi-

1906 1425 2056 1464 mum
2109 1409 2367 1466 Wollium
2426 1413 2663 1469 triennio
2721 1423 2843 1483 post
2896 1414 3093 1483 Spierii
3147 1414 3349 1470 librum
3396 1416 3489 1470 vix

1906 1503 2091 1572 elapso
2132 1504 2614 1573 Auiphiloehianas
2654 1508 2982 1577 quaestiones
3011 1508 3353 1578 depromere,
3398 1510 3488 1564 ni-

1908 1594 2098 1666 hilque
2128 1597 2195 1651 de
2243 1597 2442 1666 Spierii
2490 1599 2661 1663 curis,
2704 1598 2757 1654 in
2796 1598 3119 1655 Praefatione
3153 1601 3488 1672 caeteroquin

1908 1689 2148 1753 curiosa,
2177 1690 2380 1754 dicere,
2416 1692 2622 1755 nescio,
2670 1692 2917 1762 inquam,
2966 1695 3098 1759 quid
3138 1708 3238 1765 ego
3266 1695 3488 1749 demum

218 1794 417 1846 erravit
471 1808 581 1846 non
638 1792 913 1845 intellecto
959 1788 1167 1845 codicis
1220 1787 1379 1841 titulo
1415 1785 1800 1848 Combetisius,
1832 1763 1877 1819 Β
1908 1780 2241 1849 temporibus
2271 1781 2500 1853 locoque
2530 1783 2743 1839 distans
2772 1784 2838 1838 de
2889 1784 3086 1854 Spierii
3134 1763 3297 1854 opere
3336 1786 3488 1853 judi-

220 1884 291 1936 ita
321 1889 376 1935 ut
401 1881 669 1950 scriptam
689 1878 755 1933 ad
782 1876 1228 1948 Amphilochium
1258 1892 1287 1929 a
1312 1874 1507 1929 Photio
1540 1874 1803 1943 quaestio-

221 1988 365 2035 nem,
396 1987 491 2041 pro
533 1970 897 2038 Amphilochii
929 1971 1134 2039 scripto
1166 1968 1491 2036 vulgaverit.
1541 1966 1649 2022 Sed
1676 1967 1802 2022 dein

218 2064 530 2117 admonitus
561 2063 629 2116 ab
666 2062 862 2116 Allatio
893 2060 1260 2116 Combefisius
1305 2061 1623 2116 retractavit
1651 2075 1805 2115 erro-

220 2168 355 2216 rem,
386 2162 549 2222 atque
576 2152 802 2205 alteram
843 2150 915 2205 ab
951 2152 1142 2206 eodem
1186 2150 1389 2205 Allatio
1420 2159 1702 2221 acceptam
1735 2150 1803 2205 de

219 2243 451 2300 Asteriis
482 2242 626 2313 (quae
653 2243 707 2296 in
734 2242 862 2296 cod.
895 2240 1014 2294 Vat.
1049 2250 1133 2295 est
1163 2241 1289 2311 312)
1322 2241 1492 2295 edidit
1527 2240 1807 2311 Amphilo-

216 2338 467 2393 cliianam
507 2337 561 2390 in
599 2335 917 2389 Auctarium
956 2334 1202 2400 Patrum,
1232 2334 1441 2403 p.279;
1486 2349 1601 2389 rem
1644 2342 1803 2389 caete-

218 2429 376 2499 roqui
418 2438 526 2483 tam
568 2444 760 2499 parum
797 2428 978 2483 adhuc
1010 2429 1259 2489 edoctus,
1308 2437 1368 2482 ut
1403 2428 1645 2484 scribere
1690 2444 1800 2483 non

219 2520 496 2574 erubuerit
536 2520 811 2586 ambigere
844 2534 903 2575 se
931 2519 1188 2590 quisnam
1221 2521 1312 2576 hic
1345 2518 1578 2576 Photius
1614 2520 1801 2587 fuerit,

219 2611 311 2682 qui
337 2611 403 2665 ad
432 2610 873 2680 Amphilochium
909 2610 1241 2681 quaestiones
1270 2611 1497 2665 miserit.
1520 2609 1807 2681 lgnorahat

218 2705 427 2760 scilicet
462 2705 843 2769 Combe-lisias,
876 2719 996 2774 quae
1026 2703 1257 2758 Allatius
1294 2705 1347 2757 in
1398 2703 1536 2758 libro
1568 2703 1642 2758 De
1675 2720 1805 2757 con-

218 2814 375 2852 sensu
408 2814 563 2866 super
590 2795 974 2866 Amphilochiis
1010 2795 1337 2864 scripserat;
1371 2796 1498 2864 quia
1544 2794 1802 2849 nimirum

218 2893 409 2946 eodem
442 2905 589 2944 anno
622 2889 753 2943 1648
781 2897 892 2943 tum
917 2888 1285 2943 Conibefisius
1310 2887 1652 2949 Auctarium,
1688 2894 1803 2941 tum

216 2984 451 3039 Allatius
484 2983 740 3036 volumen
785 2997 945 3035 suum
988 2981 1067 3035 De
1098 2996 1355 3037 consensu
1393 2981 1805 3050 imprimebant.

1905 1884 2046 1936 cem,
2079 1871 2227 1940 quod
2257 1880 2415 1928 aetate
2459 1889 2557 1943 par
2585 1883 2640 1929 et
2681 1874 2734 1928 in
2776 1874 2966 1930 limine
3000 1891 3227 1930 versans
3258 1876 3489 1934 Wolﬁus

1904 1976 2015 2016 non
2050 1965 2294 2034 agnovit.
2329 1962 2589 2034 Sequitur
2614 1965 2729 2036 jam
2757 1974 2944 2022 sextus
2995 1968 3168 2022 multo
3214 1968 3490 2038 przedictia

1904 2056 2182 2125 copiosior
2201 2057 2713 2127 Amphilochiorum
2742 2058 2918 2113 editor
2946 2058 3200 2127 Woltius,
3233 2076 3263 2115 a
3290 2076 3401 2132 quo
3433 2062 3487 2117 in

1903 2146 2249 2216 philologicis
2274 2149 2423 2203 curis
2454 2148 2929 2219 Amphilochianre
2968 2152 3303 2220 qurestiones
3347 2169 3491 2224 qua-

1905 2239 2155 2310 draginta
2197 2257 2291 2297 sex
2345 2240 2396 2311 (a
2436 2242 2504 2297 74
2538 2242 2604 2297 ad
2650 2243 2774 2313 119)
2825 2259 2969 2299 anno
3013 2243 3146 2298 1741
3199 2245 3489 2314 publicatae

1907 2330 2168 2399 fuerunt;
2217 2348 2341 2402 quae
2380 2333 2573 2388 deinde
2630 2349 2776 2389 anno
2820 2335 2960 2390 1779
3015 2335 3067 2389 in
3125 2335 3489 2392 Gallaudiana

1908 2424 2235 2479 Bibliotheca
2261 2436 2301 2480 ι.
2347 2424 2484 2486 Xlll,
2510 2428 2751 2497 repetitae
2776 2436 2923 2483 sunt.
2954 2430 3023 2484 Et
3046 2430 3267 2499 quidem
3292 2431 3490 2487 adver-

1908 2534 2004 2573 sus
2038 2517 2384 2573 Gallandium
2411 2520 2771 2589 expostulare
2805 2521 3015 2584 liceret,
3047 2538 3148 2577 cur
3178 2532 3366 2577 contra
3405 2522 3491 2577 in—

1907 2612 2159 2666 stitutum
2192 2627 2353 2666 suum
2388 2612 2603 2668 minora
2637 2613 2861 2669 Patrum
2894 2613 3069 2684 Opera
3105 2617 3488 2682 coacervandi,

1907 2704 2237 2774 quaestiones
2286 2721 2318 2760 a
2374 2704 2569 2761 Wolfio
2626 2707 2802 2762 editas
2858 2709 3142 2776 receperit,
3207 2710 3491 2780 antiquius

1908 2797 2084 2851 editas
2132 2798 2577 2867 pra-termiserit;
2631 2798 2737 2852 nisi
2783 2799 2895 2868 jam
2950 2800 3211 2856 dixissem
3277 2802 3492 2873 ignotas

1908 2885 2196 2942 Gallandio
2243 2888 2412 2943 fuisse
2469 2898 2730 2956 cadet-as,
2777 2890 2827 2943 id
2879 2891 3023 2959 quod
3088 2891 3209 2961 ejus
3272 2908 3495 2962 quoque

1911 2976 2165 3033 Pra-fatio
2191 2979 2326 3032 satis
2345 2979 2701 3034 demonstrat.
2735 2980 2880 3035 Inter
2911 2997 3005 3037 eos
3048 2983 3140 3051 qui
3172 2983 3239 3039 de
3267 2983 3492 3052 Amphi-

218 3075 461 3141 Quartus
545 3074 1034 3145 Amphitochiorum
1108 3074 1287 3129 editor
1364 3073 1807 3129 Montfauconius
1834 3109 1881 3170 α
1912 3068 2100 3122 lochiis
2143 3070 2430 3140 vulgandis
2468 3070 2687 3125 solliciti
2729 3071 2970 3139 fuerunt,
3012 3075 3293 3143 proximus
3333 3075 3493 3130 nobis

218 3176 305 3222 est
338 3167 471 3235 (18),
513 3168 608 3237 qui
640 3183 785 3221 anno
838 3166 976 3221 1715
1028 3166 1266 3236 vulgavit
1306 3177 1564 3236 quatuor,
1613 3181 1807 3235 nempe

218 3259 289 3312 de
323 3258 552 3313 Hercule
582 3257 886 3312 Amaltheae
929 3274 1101 3312 cornu
1147 3267 1416 3327 gestante,
1455 3257 1522 3312 de
1564 3256 1805 3328 Sibyllis,

220 3348 291 3403 de
312 3348 671 3404 Caesariensis
705 3346 923 3403 Eusebii
965 3348 1184 3412 haeresi,
1216 3347 1285 3402 de
1318 3346 1551 3402 Asteriis
1581 3347 1658 3414 (in
1686 3345 1808 3402 Vat.

219 3440 347 3495 cod.
384 3440 507 3503 107,
540 3441 664 3505 150,
703 3441 831 3506 121,
870 3441 1023 3509 512).
1066 3438 1322 3497 Profecto
1369 3437 1809 3494 Montfauconius

219 3532 289 3585 de
318 3531 573 3585 universo
607 3530 876 3585 Photiano
899 3546 1065 3601 opere
1096 3531 1233 3585 bene
1259 3531 1488 3584 meritus
1512 3539 1616 3594 est,
1649 3528 1811 3598 cujus

217 3622 500 3692 integrum
548 3620 841 3690 descripsit
887 3620 1148 3686 indicem,
1185 3620 1558 3690 quaestionum
1604 3619 1812 3673 scilicet

216 3722 350 3766 octo
380 3722 435 3765 et
465 3720 833 3766 trecentarum
869 3726 882 3763 :
916 3712 1013 3767 sed
1043 3711 1188 3766 idem
1222 3725 1557 3780 magnopere
1585 3712 1810 3777 erravit,

218 3807 463 3874 primum
495 3804 625 3873 quia
654 3819 712 3859 se
751 3804 889 3858 dixit
921 3804 1084 3859 edere
1129 3819 1196 3858 ex
1224 3802 1632 3873 Amphilochiis
1661 3817 1811 3872 quae-

217 3902 435 3957 stiones
469 3901 609 3964 illas,
638 3916 759 3969 qua:
783 3900 1010 3970 majoris
1033 3902 1292 3955 momenti
1311 3915 1435 3954 esse
1457 3898 1813 3966 videbantur;

216 3995 571 4067 quojudicio
605 3992 738 4047 nihil
762 3992 1241 4057 inconsideratius,
1289 3991 1424 4046 nihil
1474 3989 1669 4046 falsius
1695 3991 1812 4045 ﬁeri

218 4087 429 4157 potuit.
466 4083 603 4138 Nam
643 4084 689 4139 si
726 4084 851 4154 quis
870 4083 1257 4153 Amphilochia
1289 4100 1316 4135 a
1355 4098 1442 4137 me
1471 4098 1615 4137 nunc
1645 4082 1812 4147 edita,

215 4180 465 4247 itemque
502 4177 592 4230 illa
623 4191 654 4229 a
692 4174 881 4230 Scotto
913 4174 1224 4245 Wollioque
1273 4175 1513 4244 vulgata,
1552 4188 1679 4228 cum
1729 4172 1815 4227 his

215 4270 522 4327 hreviculis
551 4284 616 4324 ac
650 4269 807 4324 valde
853 4269 1070 4324 levibus
1119 4267 1512 4322 Montfaueonii
1548 4265 1813 4329 conferet,

214 4375 618 4436 praeposteram
648 4362 839 4417 llercle
860 4363 1077 4417 laudem
1104 4361 1452 4430 praedicatum
1487 4360 1815 4430 comperiet.

1913 3172 2073 3218 astate
2101 3163 2206 3218 fuit
2231 3164 2524 3235 πολυῖστορ
2549 3165 2871 3233 Andresius,
2899 3167 2983 3221 vir
3008 3183 3240 3240 magnus
3280 3171 3496 3241 meique

1911 3255 2040 3308 dum
2074 3255 2211 3309 vixit
2246 3256 2681 3320 amantissimus,
2717 3259 2812 3328 qui
2844 3258 2911 3313 de
2941 3259 3219 3314 anecdotis
3242 3260 3494 3331 Neapoli-

1913 3355 2056 3401 tanae
2101 3346 2444 3403 bibliothecae
2494 3347 2853 3403 Prodromum
2904 3351 3175 3417 scribens,
3202 3351 3493 3422 Amphiloo

1913 3440 2163 3495 chiorum
2197 3441 2471 3509 quoddam
2523 3442 2889 3510 fragmentum
2927 3444 3019 3498 diu
3069 3446 3492 3509 commendavit,

1913 3540 2077 3600 atque
2124 3539 2184 3585 ut
2227 3531 2348 3585 luce
2392 3531 2711 3595 donaretur,
2759 3548 3096 3603 magnopere
3130 3545 3323 3590 auctor
3370 3536 3492 3591 fuit.

1914 3623 2068 3691 Quod
2097 3631 2279 3679 autem
2310 3623 2425 3678 fieri
2450 3624 2659 3694 optavit
2682 3624 3005 3693 Andresius,
3042 3625 3095 3680 id
3138 3642 3267 3681 mox
3298 3642 3495 3696 magna

1914 3736 2039 3776 cum
2097 3720 2258 3775 laude
2315 3719 2571 3790 praestitit
2637 3720 2721 3774 vir
2790 3719 3199 3776 illuswissimus
3256 3721 3496 3793 Angelus

1917 3811 2159 3875 Scottus,
2194 3811 2536 3867 bibliothecae
2564 3820 2686 3882 post.
2710 3810 3038 3867 Andresium
3066 3829 3291 3882 praeses,
3318 3824 3371 3869 et
3407 3830 3496 3870 re-

1916 3906 2125 3974 giorum
2169 3902 2477 3973 principum
2521 3902 2575 3957 in
2622 3901 2818 3957 litteris
2878 3902 3175 3957 institutor.
3224 3901 3496 3959 Nimirum

1916 3997 1985 4063 is,
2018 3996 2111 4066 qui
2161 3995 2369 4066 septimi
2398 3995 2625 4050 editoris
2652 3995 2834 4049 locum
2862 3995 3091 4060 obtinet,
3128 3996 3497 4062 amphilochia

1917 4090 2313 4161 duodeviginti,
2350 4100 2545 4161 praeter
2579 4087 2981 4154 Praefationem,
3015 4106 3139 4145 cum
3189 4107 3284 4145 sua
3333 4093 3500 4148 inter-

1917 4182 2221 4252 pretatione
2252 4181 2595 4251 Scholiisque
2634 4179 2860 4251 Neapoli
2901 4181 3040 4252 typis
3082 4182 3329 4249 excudit;
3365 4199 3500 4239 usus

1918 4275 2081 4328 etiam
2115 4272 2358 4329 Vaticani
2406 4273 2613 4330 codicis
2670 4274 2940 4344 suppetiis
2981 4274 3210 4345 aliquot,
3264 4292 3402 4346 quas
3427 4277 3498 4331 cl.

1921 4376 2107 4421 noster
2167 4366 2421 4422 Amatius
2471 4366 2538 4419 ad
2588 4380 2714 4420 eum
2782 4365 3057 4420 submisit.
3120 4365 3500 4435 Amphilochia

211 4458 366 4513 Num
394 4472 527 4523 ergo
551 4454 993 4511 Montfauconius
1024 4470 1186 4524 quem
1214 4456 1450 4525 vulgavit
1480 4455 1712 4509 iudicem
1743 4454 1811 4508 ab
1843 4458 1888 4515 D
1919 4459 2082 4529 igitur
2128 4468 2255 4513 ante
2302 4474 2389 4514 me
2432 4473 2527 4513 sex
2574 4457 2741 4512 edidit
2787 4457 3062 4520 Canisius,
3107 4457 3431 4512 Stewartius
3460 4455 3501 4523 l,

211 4551 553 4605 anianuensi
591 4550 779 4618 aliquo
807 4547 1039 4616 accepit,
1092 4548 1209 4615 ipse
1257 4562 1384 4600 vero
1437 4547 1681 4601 codicem
1721 4546 1813 4599 vix

210 4642 471 4713 aspexit?
512 4640 767 4708 Alioquin
801 4639 889 4693 vix
934 4637 1049 4691 tieri
1095 4646 1309 4707 poterat
1356 4646 1413 4699 ut
1439 4636 1523 4691 vir
1562 4651 1814 4691 summus

211 4749 299 4793 tot
327 4736 682 4807 longissimas
725 4743 890 4805 atque
916 4734 1155 4804 optimas
1189 4733 1430 4788 lustrans
1460 4732 1810 4803 quaestiones,

209 4831 493 4903 neglectis
524 4831 633 4895 his,
666 4828 945 4883 breviores
975 4827 1097 4881 illas
1130 4842 1193 4881 ac
1224 4826 1530 4881 levidenses
1569 4825 1813 4896 eligeret,

209 4939 438 4993 suoque
480 4921 752 4990 praeconio
781 4930 945 4990 atque
973 4920 1180 4974 honore
1226 4931 1478 4987 typorum
1529 4925 1812 4972 mactaret.

212 5015 330 5069 Sed
371 5030 437 5068 en
487 5028 677 5067 rursus
731 5009 1178 5065 Montfauconius
1231 5009 1480 5080 peccavit
1525 5009 1656 5063 dum
1718 5009 1817 5063 has

209 5104 661 5176 quiestiuuculas
700 5118 801 5158 ceu
833 5103 1068 5158 ineditas
1109 5117 1301 5159 omnes
1348 5102 1609 5173 vulgavit.
1651 5101 1815 5172 Atqui

209 5204 287 5256 de
312 5200 552 5256 Asteriis
585 5200 946 5270 quaestionem
981 5197 1093 5269 jam
1135 5197 1334 5269 publici
1363 5197 1505 5265 juris
1546 5196 1819 5252 Cumbefi»

208 5296 340 5349 sius
377 5292 617 5348 fecerat:
671 5293 1007 5362 qurestiones
1037 5291 1106 5347 de
1154 5290 1351 5346 haeresi
1400 5288 1620 5345 Eusebii
1659 5297 1715 5344 et
1752 5288 1820 5342 de

210 5384 459 5439 llercule
486 5385 540 5437 in
565 5382 745 5437 Pbotii
773 5383 1022 5453 epistolis
1058 5382 1232 5437 multo
1263 5392 1390 5437 ante
1420 5397 1450 5436 a
1482 5379 1818 5436 Montacutio

203 5476 387 5531 editis
412 5476 815 5543 occurrebant;
849 5475 899 5530 id
924 5474 1069 5545 quod
1102 5464 1363 5531 Woltium
1408 5483 1556 5532 certe
1594 5489 1701 5528 non
1735 5474 1817 5527 la-

326 5611 411 5681 17)
449 5610 522 5665 De
546 5612 754 5681 incarn.
792 5610 885 5664 lib.
917 5626 994 5663 ix.

321 5679 410 5743 18)
445 5681 588 5734 Bibl.
626 5679 789 5735 Coisl.
826 5697 877 5751 p.
906 5680 1167 5737 546—348.

322 5753 418 5826 19)
454 5751 615 5807 Prwf.
651 5753 717 5806 ad
748 5749 876 5806 Cur.
910 5750 974 5806 Τ.
1012 5752 1101 5812 lll.
1130 5768 1162 5822 p
1209 5749 1261 5807 7.

567 5850 838 5913 ΡΑΤιιοι..
879 5850 997 5910 Gn.
1050 5850 1147 5910 Cl.

1922 4552 2285 4606 Combefisius
2332 4551 2400 4613 ll,
2435 4549 2879 4606 Montfaueonius
2912 4548 2954 4613 l,
2996 4548 3232 4603 Wolfius
3261 4549 3504 4618 quadra-

1923 4642 2070 4712 ginta
2120 4657 2214 4697 sex
2248 4642 2521 4707 breviora,
2557 4642 2779 4697 Scottus
2830 4641 3224 4712 duodeviginti.
3279 4642 3505 4697 Summa

1926 4736 2107 4803 itaque
2135 4743 2262 4789 ante
2290 4750 2375 4789 me
2394 4735 2665 4790 editorum
2688 4733 3199 4801 Amphilochiorum,
3232 4734 3317 4788 74.
3344 4732 3508 4789 Octa-

1926 4844 2026 4884 vus
2064 4828 2284 4883 demum
2315 4828 2490 4884 editor
2533 4843 2634 4898 ego
2683 4843 2831 4891 sum,
2875 4826 2970 4897 qui
3014 4827 3203 4898 viginti
3233 4827 3506 4899 anipbilo-

1925 4921 2047 4975 chia
2106 4920 2213 4975 hoc
2256 4920 2533 4975 volumine
2585 4919 2822 4975 exhibeo
2873 4937 2888 4974 :
2943 4935 3115 4991 quare
3158 4920 3507 4975 centonarius

1921 5011 2034 5079 jam
2070 5026 2333 5066 numerus
2382 5010 2777 5081 propemodum
2819 5012 3087 5081 expletur.
3128 5010 3292 5081 Atqui
3334 5011 3508 5066 codex

1929 5103 2228 5160 Vaticanus
2271 5104 2532 5159 tredecim
2579 5106 2822 5159 continet
2872 5119 3040 5174 supra
3089 5111 3351 5158 trecenta.
3401 5100 3507 5157 Sed

1929 5205 2109 5250 tamen
2143 5196 2348 5250 scimus
2393 5195 2601 5264 reliqua
2639 5210 2708 5250 ex
2758 5194 2844 5249 his
2883 5195 3161 5263 complura
3207 5201 3351 5247 inter
3390 5191 3510 5261 cpio

1928 5287 2097 5344 stolas
2127 5302 2157 5341 a
2193 5285 2527 5342 Montacutio
2554 5287 2729 5342 editas
2760 5286 2972 5355 jamdiu
3006 5295 3244 5341 exstare.
3282 5281 3512 5354 Insuper

1926 5393 2028 5449 ego
2059 5378 2179 5433 dedi
2217 5393 2438 5446 operam
2471 5387 2531 5433 ut
2560 5377 2930 5444 Amphilochia
2960 5376 3279 5447 plerumque
3304 5373 3510 5444 longis-

1928 5473 2090 5539 sima,
2130 5472 2314 5528 dilatis
2359 5471 2727 5535 brevioribus,
2765 5471 2832 5526 ad
2881 5469 3151 5526 edendum
3190 5468 3508 5537 deligerem.

2003 5606 2114 5730 (20⁷)
2148 5605 2445 5689 Supplem‘
2464 5607 2530 5662 ad
2569 5606 2781 5663 Introd.
2814 5604 3242 5691 hist..ling.'Gr.
3279 5615 3411 5661 tom.
3446 5605 3510 5686 ll,

2039 5679 2073 5730 4
2135 5695 2150 5730 :
2206 5687 2261 5730 et
2324 5677 2493 5730 addit.
2558 5678 2623 5730 ad
2683 5677 2845 5730 Fabr.
2895 5677 3038 5730 Bibl.
3091 5678 3184 5730 (ιν.
3238 5690 3368 5730 toni.
3418 5675 3510 5730 ιλ.

1926 5675 2151 5801 μὲιῒίπ
2206 5675 2281 5734 et
2324 5677 2493 5735 addit.
2558 5678 2623 5732 ad
2683 5677 2845 5734 Fabr.
2895 5675 3184 5751 Bibl._'Gr.
3238 5690 3368 5732 tom.
3418 5675 3511 5744 ιχ,

1925 5766 1979 5805 ι).
2086 5788 2101 5802 .
2370 5776 2377 5785 ν

3107 5845 3144 5901 2
