3810 6372
419 389 490 453 35
1584 381 1668 443 IN
1710 376 2238 441 AMPHILOCHIA
2282 381 2547 444 PHOTII
3617 390 3678 452 at

415 502 629 570 Quibus
678 499 783 555 rite
832 498 1139 570 perpensis,
1187 496 1469 552 dimidiam
1523 495 1637 552 fere
1676 494 1869 565 Operis
1896 494 2096 561 par-A
2126 505 2237 551 tum
2271 497 2614 562 vicesimam,
2673 504 2783 553 tum
2835 496 2973 556 alias
3023 497 3251 570 aliquot,
3303 507 3419 555 tum
3462 500 3679 571 denique

417 605 525 650 tem
557 602 679 663 post
708 606 792 646 me
822 591 1000 645 adhuc
1032 590 1293 645 ineditam
1319 604 1608 660 superesse
1636 587 1841 657 judico.

490 691 577 745 Ill.
622 690 697 743 De
726 705 842 742 mea
870 688 1119 743 editione.
1141 685 1257 740 Jam
1283 684 1543 741 editionis
1567 698 1699 737 mea:
1728 682 1867 736 ratio
1896 679 2003 735 etsi

416 784 647 852 simplex
674 791 779 845 est,
807 782 991 834 labore
1020 790 1205 833 tamen
1225 793 1290 833 ac
1308 777 1624 831 diilicultate
1652 790 1762 828 non
1800 773 2002 829 caruit.

415 875 552 929 Nam
604 875 657 928 in
711 873 907 944 primis
946 881 1150 925 tantam
1203 870 1386 939 operis
1429 878 1635 938 partem
1682 882 1745 920 ex
1772 864 2002 934 antiquo

416 968 604 1024 codice
620 966 957 1028 exscribere,
987 972 1112 1033 apte
1143 962 1412 1030 digerere,
1447 958 1838 1028 orthographia
1866 971 2003 1026 pau-

414 1062 606 1130 sisque
644 1060 1053 1128 interpungere,
1104 1054 1318 1109 mendis
1339 1053 1503 1108 etiam
1542 1051 1752 1121 aliquot
1780 1064 2006 1120 perpur-

415 1170 563 1225 gare,
600 1168 708 1206 non
747 1150 1086 1205 levissimum
1136 1146 1416 1216 negotium
1465 1143 1587 1199 fuit.
1649 1140 1725 1196 Eo
1774 1138 2007 1195 accessit

413 1245 622 1319 Latinae
674 1242 1145 1313 interpretationis
1171 1240 1541 1304 elucubratio,
1592 1252 1695 1307 qua
1750 1234 2001 1290 Pbotium

416 1337 731 1394 necessario
759 1335 1148 1391 declarandum
1201 1332 1427 1403 putavi,
1487 1340 1711 1401 propter
1767 1344 1861 1384 eos
1910 1326 2005 1398 qui

413 1429 603 1485 Grmce
647 1429 897 1485 nesciunt
944 1427 1029 1481 vel
1083 1427 1175 1497 qui
1229 1425 1416 1482 Graece
1457 1440 1515 1479 se
1548 1423 1689 1477 scire
1721 1420 2002 1477 simulant.

420 1524 527 1579 Sed
576 1533 758 1578 tamen
807 1534 863 1576 ut
910 1522 1071 1577 citior
1116 1520 1293 1574 editor
1325 1520 1531 1582 fierem,
1557 1516 1722 1586 paulo
1745 1512 2004 1568 ineultior

416 1618 685 1687 interpres
716 1616 882 1671 videri
930 1614 1100 1669 malui
1131 1630 1146 1668 :
1185 1613 1350 1683 igitur
1394 1609 1661 1680 quidquid
1692 1607 1860 1662 menti
1894 1604 2006 1676 prie

414 1725 562 1763 mum
584 1708 845 1773 occurrit,
882 1706 938 1761 id
972 1707 1082 1761 fere
1105 1705 1320 1761 calamo
1345 1703 1522 1773 pinxi,
1555 1698 1788 1770 expoliri
1815 1706 2000 1753 autem

414 1818 597 1857 sermo
656 1816 764 1856 non
824 1810 1023 1871 potest,
1079 1799 1181 1853 nisi
1212 1813 1377 1868 quem
1408 1797 1609 1851 decens
1646 1807 1798 1848 mora
1835 1791 1997 1845 lima-

414 1895 574 1949 verit.
617 1892 817 1948 Curavi
851 1902 1031 1947 tamen
1055 1892 1282 1960 ubique,
1320 1897 1381 1943 ut
1421 1888 1668 1943 Graecam
1710 1883 2000 1939 verit-atem

416 1985 606 2040 Latina
638 1994 883 2041 servaret
913 1985 1224 2039 translatio.
1272 1980 1670 2035 Adnotationes
1693 1991 1851 2031 raras
1872 1973 2003 2030 sub-

421 2078 602 2142 texui;
667 2078 755 2132 his
793 2077 939 2131 enim
976 2077 1213 2130 lectores
1238 2087 1427 2129 carere
1463 2070 1676 2126 facilius
1708 2074 1996 2137 poterant:

417 2170 743 2226 lliblicarum
781 2179 962 2223 autem
995 2168 1406 2230 auctoritatum,
1443 2179 1567 2234 quae
1625 2171 1705 2216 tot
1749 2176 1777 2215 a
1812 2158 2004 2213 Photio

414 2265 730 2331 laudantur,
782 2264 939 2319 sedes
1001 2261 1249 2331 proprias
1295 2260 1349 2313 in
1378 2258 1501 2312 libri
1539 2253 1881 2325 marginibus
1912 2251 2003 2304 de-

416 2355 742 2411 monstravi.
804 2352 1150 2421 Quzestiones
1179 2353 1350 2423 ipsas,
1403 2365 1523 2420 quae
1562 2348 1616 2402 in
1647 2346 1836 2401 codice
1866 2358 2001 2399 con-

416 2452 656 2506 tinenter
705 2450 1050 2513 scribuntur,
1107 2449 1161 2502 in
1196 2444 1459 2501 articulos
1484 2442 1727 2497 minores
1749 2436 1998 2500 distinxi,

417 2557 529 2613 quo
567 2542 780 2596 scilicet
827 2539 1209 2610 perspicuitati
1245 2535 1520 2593 sermonis
1550 2532 1919 2593 consulerem,
1950 2536 2005 2583 et

417 2636 486 2689 iis
527 2634 620 2701 qui
678 2633 833 2688 locos
894 2633 1144 2687 citabuut
1182 2646 1298 2685 rem
1343 2627 1692 2685 commodam
1738 2623 1999 2677 facerem.

415 2725 721 2794 Cmteroqui
765 2724 1066 2779 ordiualem
1130 2737 1444 2783 numerum,
1503 2734 1611 2790 quo
1661 2729 2004 2785 unaquaeque

416 2818 647 2889 quaestio
699 2825 924 2871 notatur
963 2817 1015 2869 in
1062 2815 1274 2879 codice,
1321 2814 1528 2868 idcirco
1576 2810 1813 2872 servavi,
1852 2818 2003 2863 utne

417 2918 532 2964 tum
569 2907 790 2978 quidem
818 2906 1024 2961 citandi
1066 2906 1207 2960 ratio
1234 2906 1501 2966 varietur,
1529 2918 1653 2957 cum
1681 2900 2001 2954 universum

417 3016 556 3071 opus
601 2999 862 3054 exstabit.
919 2996 1057 3052 lllnd
1102 2996 1389 3050 verissime
1420 2994 1606 3049 testari
1628 3007 1790 3061 queo,
1821 3006 1908 3044 me
1936 2988 2003 3043 de

416 3093 603 3147 codice
627 3089 897 3145 Vaticano
932 3087 1308 3157 Amphilochia
1353 3087 1600 3141 omnium
1642 3083 1814 3137 ferme
1841 3081 2005 3151 potis-

418 3184 557 3238 sima
588 3182 929 3251 decerpsisse
952 3197 965 3245 ;
988 3196 1114 3249 quae
1148 3178 1406 3233 nimirum
1435 3177 1519 3231 vel
1553 3176 1671 3251 ipsa
1693 3174 2003 3245 prolixitate

418 3293 539 3343 sua,
609 3276 693 3330 vel
732 3283 1056 3343 argumento
1081 3272 1232 3344 gravi
1266 3282 1320 3327 et
1360 3271 1705 3342 theologica,
1759 3268 1845 3323 vel
1898 3266 2001 3321 do-

418 3370 613 3423 ctrina:
639 3367 953 3428 altitudine,
978 3366 1058 3419 vel
1080 3365 1321 3418 novitate
1346 3364 1528 3429 aliqua
1546 3358 2009 3416 commendaban-

420 3477 529 3528 tur,
558 3473 613 3518 et
651 3478 771 3532 quae
818 3475 995 3529 neque
1021 3475 1144 3514 cum
1184 3456 1574 3525 Amphilochiis
1605 3453 1789 3518 editis,
1830 3465 2007 3521 neque

420 3570 754 3611 rursuscum
787 3552 1038 3623 epistolis
1071 3550 1470 3621 congruebant.
1521 3545 1779 3599 Profecto
1827 3544 1880 3597 in
1918 3543 2005 3598 his

419 3658 566 3704 tanta
598 3649 672 3702 rei
708 3648 866 3700 bona:
915 3643 1073 3712 copia
1123 3652 1231 3704 est,
1297 3650 1355 3695 ut
1403 3656 1541 3710 quas
1588 3638 1656 3692 de
1687 3639 1790 3692 hoc
1820 3635 2005 3706 Opere

418 3745 606 3799 laudes
627 3741 883 3801 Allatius,
910 3737 1169 3801 Wolﬁus,
1199 3736 1525 3799 Andresius,
1560 3735 1785 3789 Scottus
1802 3732 2005 3801 aliique

415 3838 577 3907 pleno
624 3849 719 3888 ore
766 3832 1239 3903 praedicaverunt,
1304 3844 1400 3884 eas
1460 3843 1646 3891 nemo,
1696 3836 1757 3881 ut
1813 3837 2000 3895 spero,

416 3929 613 3983 nimias
639 3925 986 3996 iudicaturus
1017 3925 1111 3977 sit.
1172 3921 1303 3976 Mihi
1345 3937 1476 3976 vero
1506 3919 1769 3991 cogitanti
1802 3916 2004 3987 permi-

417 4036 539 4075 rum
570 4018 741 4072 videri
776 4016 936 4081 solet,
998 4014 1096 4085 qui
1146 4014 1263 4068 fieri
1317 4012 1559 4084 potuerit
1592 4022 1649 4066 ut
1680 4010 1908 4065 Photius
1946 4008 2001 4061 in

416 4111 774 4168 szecularibus
807 4108 955 4163 curis
983 4107 1271 4162 muneribu
1294 4122 1429 4175 sque
1447 4114 1694 4160 versatus
1724 4118 1901 4172 usque
1933 4101 2001 4156 ad

415 4204 814 4273 episcopatum,
873 4201 939 4255 ad
987 4215 1150 4270 quem
1214 4198 1388 4253 laicus
1420 4199 1603 4254 subito
1634 4207 1855 4252 evectus
1874 4194 1998 4258 fuit,

416 4305 618 4351 tantam
645 4295 955 4347 divinarum
993 4291 1403 4360 Scripturarunt
1446 4300 1610 4360 atque
1641 4286 1999 4345 abstrusioris

416 4384 700 4454 theologia:
754 4383 1002 4437 notitiam
1058 4382 1486 4451 facultatemque
1535 4380 1767 4449 adeptus
1811 4379 1996 4433 fuerit.

415 4476 549 4531 Tres
607 4484 789 4531 tamen
844 4475 900 4528 in
955 4473 1161 4529 Latinis
1220 4482 1522 4529 occurrunt
1553 4472 1826 4537 Patrihus,
1858 4486 1998 4541 quos

412 4584 569 4640 aequo
593 4566 719 4638 jure
748 4565 927 4621 Photii
962 4565 1184 4636 ingenio
1219 4580 1599 4635 opponamus;
1651 4564 1818 4634 hique
1867 4571 1997 4617 sunt

412 4662 740 4732 Cyprianus,
771 4658 1117 4722 Ambrosius,
1153 4666 1317 4727 atque
1355 4658 1733 4726 Augustinus;
1759 4672 1995 4725 quorum

414 4756 626 4825 primus
665 4768 697 4807 a
736 4753 857 4808 foro
888 4760 943 4807 et
974 4751 1279 4805 honoribus
1319 4750 1384 4804 ad
1419 4749 1790 4804 sanctuarium
1816 4748 1999 4803 subito

414 4846 655 4911 transiit,
700 4854 754 4901 et
780 4853 963 4899 tamen
996 4845 1049 4897 in
1083 4841 1422 4898 acutissimis
1450 4840 1706 4896 Ecclesiae
1733 4840 1999 4911 theologis

413 4945 719 5007 reputatur.
744 4936 1034 4992 Secundus
1072 4951 1102 4990 a
1130 4934 1378 4990 saaculari
1410 4933 1645 5002 Liguriae
1676 4933 1998 5003 praefectura

413 5032 481 5087 ad
511 5029 718 5085 infulas
741 5037 964 5097 repente
1002 5037 1213 5098 raptus.
1252 5027 1616 5082 nihilominus
1641 5033 1845 5081 tantam
1874 5043 2000 5082 mox

411 5124 636 5179 edidicit
696 5138 868 5178 sacra:
922 5122 1184 5177 doctrinae
1232 5122 1483 5190 copiam,
1544 5131 1805 5192 quantam
1856 5124 1999 5179 edita

413 5218 539 5289 ejus
564 5229 730 5285 opera
764 5215 1175 5279 demonstrant;
1228 5224 1427 5283 praeter
1480 5215 1570 5270 illa
1615 5231 1737 5286 qua:
1758 5217 2000 5271 celeber-

414 5313 556 5366 rima
579 5309 733 5371 olim,
760 5322 906 5361 nunc
926 5305 1128 5361 amissa
1158 5308 1468 5375 querimur.
1504 5308 1847 5380 Augustinus
1870 5311 1999 5365 item

414 5397 663 5471 profanis
692 5396 893 5453 studiis
925 5411 1099 5466 usque
1125 5394 1194 5450 ad
1246 5396 1486 5449 adultam
1518 5407 1730 5453 aetatem
1764 5400 2003 5455 innutri-

416 5504 527 5559 tus,
556 5490 707 5545 hrevi
742 5504 866 5543 mox
920 5487 1221 5542 maximum
1276 5488 1457 5543 omnis
1501 5489 1786 5560 theoIOgia:
1817 5492 2000 5547 lumen

416 5583 691 5640 inclaruit.
747 5580 872 5636 Jam
914 5581 1007 5650 qui
1068 5580 1704 5637 sacrmllermeneutictc
1761 5599 2001 5640 canones

414 5689 745 5748 cognoscere
793 5682 940 5740 avet,
998 5672 1047 5728 is
1089 5672 1270 5728 Photii
1328 5674 1563 5744 primam
1615 5676 1998 5747 quaestionem,

483 5834 595 5906 (2|)
626 5834 762 5889 Bibl.
798 5834 890 5891 Gr.
925 5836 1011 5891 ed.
1047 5850 1173 5891 nov.
1205 5843 1245 5889 t.
1284 5834 1375 5901 XI,
1407 5850 1463 5906 p.
1496 5835 1586 5890 27.

2105 590 2293 646 260am
2323 592 2503 648 adeat.
2571 592 2871 648 Bihliorum
2923 594 3074 649 locos
3126 595 3216 662 qui
3269 595 3678 663 repugnantium

2108 686 2346 753 Speciem
2380 684 2605 748 habent,
2648 695 2794 739 recte
2823 686 3125 739 conciliant
3150 686 3462 756 complures
3510 702 3573 740 ex
3602 687 3680 741 his

2106 774 2464 843 quaestiones,
2510 774 2649 840 utG,
2690 775 2783 840 25,
2826 785 2933 830 etc.
2995 774 3189 830 Nonne
3238 777 3355 845 ipsa
3403 778 3680 845 theologia:

2106 869 2404 937 penetralia
2435 870 2716 924 cernimus
2763 872 2814 923 in
2855 869 3255 939 quaestionibus
3296 870 3365 923 de
3414 870 3682 939 baptismo

2108 960 2252 1014 etde
2277 961 2401 1014 vitae
2429 961 2705 1015 termino?
2750 960 2951 1033 Utique
2972 972 3023 1017 ct
3076 962 3179 1016 ilhc
3222 961 3289 1017 de
3328 977 3681 1031 personarum

2107 1051 2420 1107 divinarum
2448 1053 2875 1123 proprietatibus
2928 1054 3257 1124 pet-subtiles
3300 1069 3507 1125 perque
3528 1070 3683 1110 accu-

2110 1154 2239 1199 rata:
2267 1154 2417 1201 sunt.
2467 1145 2659 1202 Nonne
2720 1149 2940 1203 demum
3007 1149 3399 1219 componendis
3446 1149 3686 1205 moribus

2110 1249 2342 1308 prosunt
2380 1239 2488 1294 illa:
2533 1240 2601 1295 de
2631 1240 2992 1308 Eucharistia,
3030 1254 3084 1297 et
3117 1243 3185 1298 de
3224 1244 3599 1304 Providentia,
3638 1253 3687 1297 et

2106 1328 2174 1384 de
2204 1330 2554 1399 sempiternis
2584 1331 2852 1387 scelerum
2880 1334 3096 1403 poenis?

2177 1420 2266 1477 lV.
2328 1423 2717 1479 Controversia:
2763 1426 2967 1496 aliquot
3015 1428 3079 1480 de
3130 1429 3523 1498 amphilochiis.
3582 1430 3687 1498 Age

2109 1530 2239 1571 vero
2269 1517 2397 1588 quia
2447 1518 2547 1572 hoc
2576 1533 2716 1588 opus
2756 1520 2824 1574 ad
2858 1521 3302 1590 Amphilochium
3336 1522 3503 1577 scribi
3537 1521 3685 1576 vide-

2107 1623 2249 1675 mus,
2310 1626 2473 1666 nemo
2514 1612 2818 1678 existimet,
2870 1630 3032 1669 omne
3085 1616 3135 1669 id
3186 1615 3429 1684 quaesitis
3484 1616 3555 1669 ab
3589 1614 3688 1669 hoc

2106 1701 2326 1773 homine
2361 1702 2501 1758 forte
2532 1706 2828 1776 prOpositis
2861 1707 3211 1776 respondere.
3279 1707 3372 1761 Est
3409 1707 3556 1761 enim
3604 1707 3688 1760 hic

2107 1794 2369 1850 solemnis
2422 1798 2896 1868 προσφωνούντων
2951 1815 3091 1863 mos,
3149 1809 3208 1854 ut
3256 1800 3326 1852 ob
3356 1798 3686 1868 captandam

2107 1889 2379 1944 scribendi
2408 1905 2622 1953 ansam,
2647 1907 2763 1946 rem
2787 1892 3061 1963 ejusmodi
3098 1894 3323 1963 fingant.
3376 1890 3470 1945 Sic
3515 1891 3689 1947 Euse-

2106 1983 2256 2037 bium
2296 1984 2645 2040 simulavisse
2687 1999 2839 2055 puto,
2876 1986 3005 2041 dum
3051 1988 3116 2041 ad
3156 1984 3493 2056 Stephanum
3526 1987 3690 2041 Mari-

2105 2088 2346 2144 numque
2386 2059 2676 2130 scriberet.
2747 2076 2840 2131 Sic
2884 2076 3212 2133 Theodorus
3242 2076 3686 2149 Mopsuestenus,

2103 2175 2245 2221 teste
2280 2165 2546 2228 Ebediesu
2599 2168 2653 2222 in
2696 2168 2982 2239 Catalogo,
3028 2171 3243 2240 singula
3294 2188 3459 2241 prope
3521 2186 3687 2241 opera

2104 2257 2170 2311 ad
2199 2258 2405 2313 amicos
2439 2259 2609 2323 misit,
2640 2261 2799 2329 quasi
2834 2261 2903 2314 ab
2963 2260 3031 2315 iis
3072 2271 3297 2331 rogatus
3346 2262 3539 2316 fuisset
3588 2279 3604 2315 :
3639 2270 3693 2315 et

2105 2349 2186 2403 sic
2212 2348 2280 2402 ab
2302 2349 2424 2402 aliis
2451 2347 2708 2405 Ecclesia:
2728 2349 3007 2417 Patribus,
3050 2366 3152 2406 nec
3191 2367 3300 2405 nou
3347 2367 3377 2405 a
3407 2352 3692 2421 scriptori-

2105 2442 2208 2498 bus
2274 2443 2508 2497 ethnicis
2557 2443 2867 2499 factitatum
2930 2445 3164 2501 scimus.
3206 2444 3459 2500 Profecto
3503 2443 3688 2499 Photii

2108 2537 2205 2590 has
2223 2535 2552 2603 quaestiones
2584 2551 2691 2591 non
2717 2538 2782 2591 ad
2826 2552 2997 2590 unum
3020 2537 3217 2592 missas
3247 2536 3417 2592 fuisse
3443 2538 3529 2591 vel
3562 2538 3693 2593 inde

2106 2635 2272 2696 patet,
2318 2627 2466 2695 quod
2526 2644 2589 2682 ex
2616 2629 2704 2684 bis
2757 2630 3069 2698 complures
3106 2630 3160 2683 in
3222 2630 3471 2700 epistolis
3497 2632 3565 2685 ad
3596 2646 3692 2682 va-

2106 2716 2222 2769 rios
2245 2719 2539 2770 mittuntur
2563 2718 2851 2773 homines:
2877 2728 2991 2773 tum
3023 2719 3187 2774 etiam
3218 2721 3364 2790 quod
3394 2722 3498 2776 loci
3532 2723 3693 2776 multi

2106 2809 2162 2864 in
2196 2808 2621 2866 Commentariis
2654 2812 2872 2868 biblicis
2907 2828 2935 2866 a
2962 2812 3161 2868 Pbotio
3196 2814 3437 2878 tractati,
3488 2814 3695 2870 deinde

2106 2904 2158 2957 in
2190 2903 2557 2972 Amphilochia
2593 2907 2839 2962 translati
2876 2907 3117 2963 fuerunt.
3166 2907 3307 2979 Ergo
3335 2923 3405 2962 ex
3436 2909 3520 2963 his
3542 2920 3699 2965 recte

2104 2995 2473 3062 concluditur,
2531 2996 2786 3053 Photium
2839 3014 2964 3053 cum
3016 2999 3182 3055 multa
3224 3000 3277 3053 in
3306 3000 3581 3069 epistolis,
3640 3002 3694 3055 in

2107 3091 2687 3157 commentationibus,
2750 3092 2805 3146 in
2849 3092 3112 3156 homiliis,
3155 3092 3222 3145 de
3249 3108 3404 3148 sacra
3436 3093 3695 3147 doctrina

2110 3179 2497 3246 disseruisset,
2584 3183 2651 3237 ad
2717 3194 3024 3239 extremum
3085 3186 3345 3255 praeclare
3382 3195 3435 3239 et
3481 3185 3698 3240 utiliter

2109 3272 2435 3342 cogitavisse
2462 3274 2529 3328 de
2560 3276 2833 3331 universis
2885 3277 3109 3347 scriptis
3146 3276 3230 3333 his
3266 3278 3320 3331 in
3358 3293 3527 3331 unum
3567 3294 3697 3333 cor-

2106 3381 2209 3436 pus
2236 3368 2657 3434 coacervandis;
2696 3369 2843 3439 quod
2873 3384 2998 3423 cum
3024 3369 3265 3423 mitteret
3298 3369 3523 3424 honoris
3558 3384 3701 3440 ergo

2106 3457 2172 3511 ad
2203 3457 2440 3513 amicum
2478 3460 2949 3529 Amphilochium,
2995 3477 3193 3517 nomen
3236 3462 3361 3516 inde
3399 3461 3699 3517 Subortum

2105 3558 2207 3616 est,
2243 3551 2327 3605 vel
2373 3550 2552 3606 Photii
2611 3553 2787 3623 ipsius
2848 3555 2933 3609 vel
2983 3564 3327 3629 posterorum
3381 3555 3701 3621 voluntate,

2104 3640 2495 3711 Amphilochia.
2532 3643 2753 3700 Jamdiu
2807 3645 3027 3715 quidem
3063 3648 3339 3703 dubitavit
3400 3648 3699 3706 Fabricius

2104 3733 2219 3806 (21)
2250 3751 2379 3790 num
2423 3745 2674 3792 auctores
2719 3748 3036 3794 catenarum
3068 3740 3507 3810 evangelicarum
3544 3742 3703 3796 locos

2108 3829 2310 3893 Photii,
2344 3845 2484 3898 quos
2520 3830 2820 3886 identidem
2854 3832 3159 3902 proferunt,
3210 3848 3277 3887 ex
3307 3833 3701 3902 Amphilochiis

2102 3924 2334 3979 mutuati
2356 3924 2486 3989 sint,
2538 3940 2609 3979 an
2645 3924 2828 3994 potius
2864 3926 2933 3979 ab
2970 3926 3218 3994 ejusdem
3265 3926 3356 3996 qui
3388 3925 3702 3995 aliquando

2101 4017 2410 4071 exstiterint
2432 4016 2856 4073 Commentariis
2883 4019 3224 4089 evangelicis.
3259 4017 3371 4090 Ego
3396 4027 3703 4091 utrumque

2103 4108 2552 4179 factumjudico;
2604 4127 2782 4181 neque
2831 4112 3009 4166 solum
3053 4112 3152 4167 abs
3202 4120 3522 4166 catenarum
3595 4128 3703 4167 au-

2102 4208 2366 4271 ctoribus,
2400 4221 2589 4260 verum
2630 4206 2697 4259 ab
2732 4205 2850 4274 ipso
2881 4203 3075 4259 Photio
3111 4206 3394 4260 materiam
3438 4206 3701 4260 eamdem

2101 4318 2210 4355 non
2242 4315 2353 4355 uno
2384 4299 2437 4352 in
2467 4299 2587 4353 loco
2614 4314 2791 4367 neque
2824 4298 2993 4353 semel
3025 4307 3343 4367 usurpatam
3403 4298 3701 4355 existimo.

2099 4394 2234 4449 Nam
2268 4403 2322 4449 et
2352 4394 2404 4448 in
2436 4394 2648 4447 catenis
2699 4408 2889 4461 reapse
2922 4394 3105 4461 plures
3159 4392 3263 4447 loci
3302 4389 3562 4446 Photiani
3598 4409 3704 4447 oc-

2101 4498 2351 4552 currunt,
2408 4487 2503 4557 qui
2561 4487 2615 4541 in
2677 4486 3083 4555 Amphilochiis,
3142 4501 3263 4555 quae
3301 4476 3449 4540 nunc
3500 4488 3700 4541 omnia

2028 4589 2075 4645 ι)
2105 4578 2377 4640 novimus,
2420 4593 2525 4631 non
2573 4584 2914 4646 comparent.
2977 4575 3043 4630 Et
3090 4578 3309 4646 quidem
3336 4574 3700 4631 Seltoliorum

2102 4668 2280 4724 Photii
2334 4670 2398 4723 ad
2430 4668 2634 4723 Lucam
2693 4669 3023 4723 ineditorum
3084 4684 3186 4739 ego
3228 4669 3345 4738 ipse
3404 4669 3459 4723 in
3509 4669 3704 4739 prima

2104 4760 2268 4831 hujus
2313 4760 2604 4817 voluminis
2660 4760 2899 4815 editione
2950 4760 3228 4830 specimen
3294 4760 3521 4815 exhibui
3566 4774 3706 4831 post

2101 4853 2499 4922 Apollinarium
2537 4869 2552 4918 ;
2589 4853 2742 4921 plura
2778 4854 3030 4912 daturus.
3086 4852 3193 4908 nisi
3229 4854 3487 4924 pleraque
3520 4869 3707 4925 agno-

2102 4948 2303 5001 vissent
2336 4947 2389 4999 in
2425 4944 2808 5015 Amphilochiis
2857 4948 2939 5001 vel
3000 4946 3054 5001 in
3102 4946 3359 5016 Epistolis
3405 4962 3576 5017 prope
3626 4951 3706 5004 ad

2101 5040 2327 5094 verbum
2382 5040 2576 5111 repeti.
2633 5041 2808 5106 Quam
2856 5055 2973 5095 rem
3019 5050 3076 5095 ut
3115 5041 3414 5095 lectoribus
3439 5041 3710 5110 probem,

2104 5132 2315 5186 idoneis
2344 5132 2680 5203 argumentis
2702 5132 3040 5202 parcendum
3062 5146 3169 5185 non
3198 5143 3309 5188 est.

2174 5226 2228 5279 1.
2260 5224 2496 5279 Matthaei
2538 5224 2718 5279 locum
2758 5240 2838 5289 xl,
2884 5224 2971 5285 l7,
3003 5238 3113 5294 quo
3141 5223 3295 5279 aiunt
3332 5224 3487 5295 pueri
3543 5225 3715 5283 Caci-

2102 5317 2278 5371 nimus
2312 5318 2477 5380 vobis,
2500 5327 2607 5372 etc.
2635 5316 3025 5386 interpretatur
3054 5317 3244 5372 iisdem
3264 5318 3447 5372 verbis
3464 5316 3713 5377 Photius

2104 5417 2218 5464 tum
2276 5411 2327 5464 in
2390 5411 2597 5465 Catena
2653 5408 2920 5465 Vaticana
2962 5411 3083 5465 cod.
3119 5410 3246 5472 758,
3273 5426 3328 5482 p.
3361 5412 3455 5477 28,
3491 5424 3610 5468 tum
3647 5416 3716 5471 in

2104 5502 2549 5572 Amphilochiana
2597 5503 2902 5573 quaaSIione
2928 5503 3019 5567 54,
3050 5519 3079 5557 a
3110 5502 3303 5557 Scotto
3329 5503 3500 5559 edita.

2171 5598 2227 5650 2.
2260 5594 2423 5650 Lucae
2452 5595 2607 5651 locus
2632 5611 2694 5663 tt,
2725 5597 2794 5652 35
2843 5613 2857 5651 :
2908 5595 2976 5650 Et
3028 5606 3178 5651 tuam
3232 5597 3401 5667 ipsius
3451 5598 3717 5655 animam

2103 5687 2469 5759 pertransibit,
2495 5699 2629 5759 ctc.,
2655 5690 2957 5747 illustratur
2982 5707 3013 5747 a
3044 5691 3241 5748 PhOtio
3272 5693 3456 5748 tumin
3485 5692 3719 5751 Catena
