3916 6192
236 298 322 359 31
1392 388 1395 392 η
1603 297 1851 359 PROLE

1958 300 2014 359 Μ
2022 299 2193 360 ENA.
3464 305 3537 367 38

254 410 522 466 Vaticana
556 405 679 462 cod.
713 403 873 471 1955,
893 420 947 475 p.
981 404 1071 470 65,
1137 413 1252 459 tum
1303 405 1473 461 etiam
1529 404 1585 464 iu
1614 407 1842 477 Amphi-

1957 407 2057 461 τῶν
2088 409 2527 481 σταυρωσάντων
2578 409 2986 483 ὲκκαλούμενον
3033 413 3407 483 μυσάττεσθαι
3439 417 3537 487 τὴν

250 500 509 556 locbiana
539 497 843 569 quaestione
875 495 998 551 176.

325 594 379 647 5.
412 592 542 646 Luc.
602 606 726 652 xm,
788 588 855 642 14
902 607 916 642 :
981 586 1317 657 Respondens
1375 589 1848 660 archisynagogus.

249 682 418 740 Verbi
434 681 800 753 ἀποκρίνομαι
821 679 1070 733 notiones
1091 680 1255 733 variae
1277 682 1636 734 enucleantur
1657 696 1685 734 a
1713 680 1848 734 Pho-

253 772 331 828 tio
358 772 591 827 breviter
607 771 660 825 in
677 769 879 825 Catena
917 769 1174 824 Vaticana
1201 771 1352 835 1955,
1374 787 1426 841 p.
1445 770 1568 833 568,
1586 780 1699 825 ιιιιη
1722 787 1849 841 pro-

252 869 421 924 lixius
461 876 515 922 et
568 865 785 919 doctius
830 865 881 917 in
904 864 1357 934 Ampbilocbiana
1401 880 1431 918 a
1474 881 1560 919 me
1588 865 1728 920 edita
1755 864 1846 921 2!.

327 962 379 1014 4.
416 958 546 1014 Luc.
604 973 717 1020 xvr,
769 955 860 1019 26,
921 956 988 1009 de
1042 957 1275 1026 epulone
1316 965 1369 1011 et
1417 956 1621 1011 Lazaro
1668 955 1847 1011 Pliotii

254 1055 413 1110 locus
445 1062 528 1108 est
557 1052 610 1106 in
648 1051 851 1105 Catena
882 1048 1149 1103 Vaticana
1176 1048 1299 1112 759,
1336 1064 1388 1119 p.
1426 1049 1515 1115 66,
1563 1048 1658 1120 qui
1705 1049 1847 1104 scri-

254 1146 405 1202 bitur
434 1145 488 1199 in
519 1144 750 1215 epistola
784 1143 926 1197 edita
957 1142 1049 1197 52.
1112 1141 1286 1203 Porro
1315 1151 1367 1197 et
1392 1143 1547 1198 locus
1580 1142 1847 1198 adversus

254 1237 513 1307 Origenis
574 1250 819 1290 errorem
866 1234 933 1288 de
965 1233 1144 1303 ptenis
1202 1242 1556 1303 peccatorum
1619 1235 1847 1289 minime

254 1329 501 1393 aeternis,
551 1328 645 1398 qui
699 1327 899 1381 ibidem
952 1325 1144 1396 paucis
1174 1326 1360 1382 verbis
1390 1325 1443 1379 in
1471 1335 1664 1382 catena
1691 1325 1848 1397 poni-

255 1432 369 1486 tur,
404 1420 475 1485 is,
497 1420 743 1490 inquam,
776 1417 1280 1487 praetermittiturin
1311 1417 1540 1488 epistola
1556 1417 1647 1483 52,
1672 1417 1766 1473 sed
1780 1417 1847 1473 de

254 1531 323 1569 eo
355 1514 575 1586 cepiose
608 1512 662 1567 in
692 1512 866 1581 prima
897 1510 1210 1567 disseritur.

333 1609 385 1664 5.
416 1608 548 1662 Luc.
588 1620 724 1669 xxn,
756 1602 823 1658 56
868 1619 881 1657 :
930 1601 1089 1655 Nunc
1116 1602 1205 1671 qui
1234 1601 1387 1656 habet
1414 1601 1710 1667 sacculum,
1735 1610 1841 1656 etc.

257 1701 468 1757 Locum
517 1699 667 1755 hunc
697 1706 891 1751 tractat
923 1694 1149 1751 Photius
1188 1696 1241 1749 in
1279 1692 1480 1747 Catena
1511 1691 1635 1747 Vat.
1682 1693 1841 1759 1955,

257 1811 317 1866 p.
370 1793 519 1859 557,
584 1793 823 1860 itemque
888 1787 1224 1858 amplissime
1272 1786 1325 1840 in
1388 1784 1842 1855 Amphilochiana

257 1887 437 1958 prima
464 1885 765 1955 quaestione
797 1882 984 1936 iisdem
1014 1878 1128 1935 fere
1163 1878 1348 1933 verbis
1375 1886 1552 1931 utens.

329 1978 385 2033 6.
414 1975 548 2031 Luc.
580 1991 717 2038 x-xu,
740 1973 830 2037 M,
863 1972 1041 2026 locum
1066 1970 1132 2025 de
1154 1969 1353 2024 sudore
1383 1968 1585 2023 Cbristi
1610 1967 1841 2037 sangui-

256 2081 385 2133 neo,
418 2064 732 2119 ineamdem
757 2063 1082 2117 sententiam
1132 2060 1435 2128 iisdemque
1465 2058 1647 2113 verbis
1668 2058 1843 2128 expli-

255 2169 349 2214 cat
394 2158 625 2213 Photius
660 2166 773 2211 tum
806 2156 861 2209 in
903 2154 1123 2210 Catenis
1145 2152 1267 2208 Vat.
1302 2151 1430 2218 759,
1492 2168 1547 2222 p.
1592 2151 1735 2219 2H;
1785 2158 1843 2207 et

258 2251 425 2315 1955,
449 2265 504 2320 p.
537 2248 664 2311 562,
694 2256 809 2303 tum
840 2248 891 2300 in
919 2245 1149 2316 cpistola
1177 2244 1298 2300 158.

332 2343 385 2395 7.
417 2340 549 2396 Luc.
606 2355 768 2406 χχιιι,
806 2339 900 2394 25.
959 2337 1191 2393 Disserit
1231 2335 1463 2392 Photius
1530 2335 1583 2389 in
1632 2333 1839 2390 Catena

257 2434 385 2490 Vat.
416 2435 540 2497 758,
572 2448 626 2504 p.
672 2431 761 2498 78,
807 2432 874 2486 de
897 2430 1102 2486 Christi
1152 2429 1419 2499 sanguine
1451 2427 1846 2498 redemptionis

258 2526 460 2595 pretio,
492 2526 636 2596 quod
678 2525 858 2594 ipsum
906 2523 1103 2577 iisdem
1153 2521 1264 2576 fere
1310 2519 1496 2575 verbis
1538 2522 1597 2573 tit
1638 2520 1691 2572 in
1726 2518 1847 2572 Am-

261 2619 614 2690 philochiaua
640 2617 711 2671 ‘24

332 2711 386 2765 8.
434 2709 569 2763 Luc.
599 2723 749 2772 xxiv,
781 2705 870 2767 51,
918 2704 1082 2759 verba
1120 2703 1302 2773 Aperti
1335 2711 1457 2756 sunt
1489 2701 1632 2755 oculi
1662 2717 1843 2754 eorum

262 2805 458 2859 eodem
509 2803 671 2856 modo
716 2800 1066 2871 explicantur
1098 2814 1128 2852 a
1161 2798 1360 2853 Pbotio
1404 2797 1458 2849 in
1483 2795 1687 2849 Catena
1720 2793 1843 2848 Vat.

263 2896 393 2961 759,
441 2910 495 2965 p.
526 2893 656 2957 255,
711 2902 876 2961 atque
927 2892 980 2943 in
1030 2887 1493 2959 Amphilocliiana
1544 2885 1848 2956 qnazstione

264 2988 504 3043 nonduin
532 2985 674 3039 edita
712 2983 799 3037 H.

336 3076 389 3131 9.
424 3076 557 3129 Luc.
593 3089 753 3135 xxiii,
780 3072 868 3135 50,
900 3072 966 3126 de
990 3068 1230 3139 Josepbo
1258 3068 1327 3123 ab
1358 3067 1687 3122 Arimatbaea
1719 3081 1846 3119 nar-

263 3169 409 3223 ratio
454 3177 537 3221 est
581 3172 721 3235 apud
752 3165 1005 3220 Photium
1044 3162 1198 3217 initio
1224 3159 1475 3229 epistola:
1499 3159 1588 3213 9|.
1646 3158 1847 3213 Verum

264 3262 455 3315 eadem
492 3260 751 3315 scribitur
794 3260 847 3311 in
876 3256 1078 3312 Catena
1104 3255 1225 3310 Vat.
1257 3254 1381 3317 759,
1414 3252 1612 3323 p.2M.
1668 3252 1847 3320 Atque

263 3370 369 3422 ego
394 3353 480 3406 vix
508 3351 697 3406 dubito
732 3350 864 3419 quin
898 3364 961 3402 ex
999 3347 1086 3402 illa
1123 3347 1302 3401 Photii
1350 3343 1612 3399 Oratione
1644 3342 1696 3395 in
1743 3340 1852 3395 Do-

269 3444 404 3497 mini
439 3426 806 3512 sepulturam,
832 3455 997 3510 quam
1029 3436 1392 3493 Combcfisius
1431 3432 1642 3517 (‘22).in
1667 3430 1850 3485 Maza-

270 3538 493 3591 riniano
529 3536 717 3591 codice
746 3534 899 3599 vidit,
920 3531 1012 3587 sed
1041 3530 1166 3600 quia
1192 3528 1409 3584 carebat
1436 3526 1661 3580 exordio
1691 3523 1854 3578 edere

267 3630 467 3691 noluit.
497 3629 589 3684 vix
636 3628 858 3697 inquam
893 3625 1081 3679 dubito
1125 3622 1257 3692 quin
1286 3621 1391 3675 boe
1423 3617 1604 3672 Photii
1635 3617 1855 3686 elegans

268 3724 726 3792 ἀποσπασμάτιον
776 3719 843 3773 de
886 3715 1124 3786 Josepbo
1176 3715 1243 3768 ab
1274 3712 1601 3767 Ariniatbaaa
1634 3709 1857 3764 Vatica-

268 3834 381 3873 nus
412 3816 720 3887 eclogarius
763 3810 1124 3880 decerpserit,
1179 3807 1327 3878 quod
1366 3804 1683 3872 Speciminis
1734 3804 1855 3857 loco

270 3926 385 3964 non
431 3924 516 3963 me
557 3909 703 3978 piget
734 3904 1067 3959 exscribere.
1121 3900 1306 3968 Pergit
1343 3899 1490 3953 enim
1517 3896 1587 3952 ad
1619 3894 1853 3949 Pilatum

268 3999 567 4068 Joseplius,
606 4010 843 4066 eumque
868 4002 924 4048 ut
955 3992 1057 4047 sibi
1096 3990 1303 4046 Christi
1348 4003 1551 4058 corpus
1592 3984 1859 4041 concedat

271 4092 579 4161 composita
610 4089 857 4144 oratione
894 4087 973 4143 sic
1028 4086 1352 4153 deprecatur
1382 4081 1516 4144 2A6;
1545 4097 1657 4151 μοι,
1691 4077 1858 4149 φησιν

269 4190 300 4240 ὁ
343 4185 566 4255 Ἰωσὴφ,
598 4184 647 4236 εἰ
689 4181 900 4253 βούλει,
931 4178 1104 4248 θάψαι
1154 4177 1245 4229 τὸν
1289 4175 1481 4246 νεκρὸν
1515 4172 1611 4227 τοῦ
1657 4170 1856 4243 Ἰησοῦ,

270 4280 333 4333 ὃν
363 4281 413 4332 οἱ
452 4276 684 4346 γνωστοὶ
716 4276 917 4335 πάντες
955 4271 1162 4342 ᾣχοντο
1196 4266 1614 4331 καταλιπόντες,
1646 4258 1707 4318 οὗ
1731 4263 1859 4317 πολ-

1956 499 2250 571 ὠμότητα’
2290 500 2415 555 οὐδὲ
2458 501 2557 571 τὴν
2602 502 2886 574 Καίσαρος
2940 504 3278 559 ἐπισείσουσι
3334 504 3538 575 φιλίαν,

1958 591 2071 645 Οὐκ
2095 585 2148 644 εἷ
2180 592 2354 662 φίλος,
2381 593 2654 662 λέγοντες,
2695 594 2786 649 τοῦ
2821 595 3119 666 Καίσαρος,
3152 600 3201 651 εἰ
3226 598 3428 670 νεὲρὰν
3455 600 3539 652 δί-

1955 680 2062 745 δως
2093 683 2161 754 τῇ
2188 685 2257 753 γῇ
2304 682 2735 755 κατορύττεσθαι
2758 701 2772 713 ο
2798 685 3231 757 ἀπροφάσιστος,
3263 690 3311 741 εἰ
3357 688 3538 758 βούλει

1960 772 2140 840 μόνον,
2168 774 2203 843 ή
2237 773 2520 846 πλήρωσις
2571 776 2673 846 τῆς
2721 776 3017 846 αἰτήσεως.
3048 777 3272 843 Τούτοις
3315 779 3415 850 τὴν
3443 780 3537 832 τεῦ

1957 864 2190 919 Πιλάτου
2223 866 2548 938 κατεπᾴδων
2572 866 2776 938 ψυχὴν,
2792 870 3051 939 τυγχάνει
3077 870 3169 923 τοῦ
3194 872 3420 938 σκοποῦ,
3445 875 3541 928 καὶ

1955 956 2222 1027 λαμϐάνει
2254 958 2581 1032 καθαιρεθὲν
2634 959 2698 1013 τὸ
2728 961 2888 1030 σῶμα
2937 961 3031 1015 τοῦ
3079 963 3278 1036 Ἰησοῦ,
3311 966 3408 1019 καὶ
3438 970 3539 1034 τῆς

1957 1050 2221 1120 συνήθους
2244 1050 2387 1117 ἀξιοῖ
2415 1051 2714 1122 φροντίδος.

2026 1139 2093 1195 ν.
2152 1140 2406 1197 Jamvero
2456 1151 2600 1211 utqa
2648 1143 2830 1214 seipso
2873 1145 3042 1199 multa
3093 1146 3396 1215 sumpsisse
3420 1144 3534 1219 (25)

1955 1232 2210 1288 Photium
2251 1234 2503 1290 “vidimus
2553 1237 2703 1306 (nam
2732 1236 2891 1305 plura
2933 1238 3093 1292 nobis
3141 1239 3397 1309 persequi
3424 1254 3532 1295 non

1951 1323 2226 1397 vacabat),
2251 1327 2321 1381 ita
2349 1342 2473 1381 eum
2508 1343 2615 1381 non
2644 1344 2817 1398 pauca
2839 1344 3058 1399 quoque
3090 1330 3158 1385 ab
3187 1332 3444 1401 aliis,pro
3472 1347 3533 1385 re

1952 1426 2081 1472 nata
2112 1418 2195 1473 vel
2229 1429 2388 1489 prout
2416 1419 2682 1474 institutae
2713 1436 2828 1474 suae
2858 1422 3177 1492 scriptionis
3234 1424 3373 1477 ratio
3429 1438 3533 1494 po-

1952 1510 2158 1574 scebat,
2175 1510 2340 1565 tacito
2356 1511 2782 1581 licetﬁauctorum
2802 1513 3043 1579 nomine,
3062 1515 3362 1583 sumpsisse
3378 1529 3533 1571 com-

1951 1602 2213 1671 perimus.
2270 1602 2329 1656 In
2384 1603 2610 1657 exordio
2661 1603 2981 1673 qumSIionis
3026 1604 3093 1659 de
3151 1606 3532 1661 voluntatibus

1951 1695 2237 1767 gnomicis,
2266 1695 2343 1749 ait
2363 1695 2592 1750 Pbotius
2618 1710 2675 1750 se
2708 1695 2909 1751 idcirco
2931 1696 3528 1752 banclucubrationem

1954 1788 2243 1851 instruere,
2269 1787 2396 1857 quia
2428 1802 2586 1841 nemo
2618 1803 2648 1842 e
2692 1788 2899 1843 sanctis
2933 1788 3223 1860 dignisque
3261 1790 3529 1860 obsequio

1946 1880 2201 1936 Patribus
2254 1896 2375 1935 eam
2421 1880 2487 1935 ad
2539 1879 2800 1949 liquidam
2836 1882 3198 1951 perduxisset,
3235 1885 3316 1938 vel
3364 1884 3530 1953 quid-

1945 1989 2111 2044 qnam
2146 1971 2289 2042 frugi
2308 1973 2374 2028 de
2411 1973 2515 2028 hoc
2556 1981 2884 2042 argumento
2915 1973 3161 2034 dixisset.
3186 1988 3386 2044 magno
3410 1974 3528 2028 Ma-

1946 2066 2097 2121 ximo
2119 2075 2369 2134 excepto.
2422 2064 2594 2120 Porro
2639 2066 2823 2119 statim
2859 2064 3087 2119 Pbmius
3126 2065 3286 2133 plane
3307 2066 3374 2119 ad
3404 2081 3531 2120 ver-

1946 2156 2076 2212 bum
2098 2156 2341 2227 expilare
2371 2157 2563 2227 incipit
2607 2157 2784 2212 sancti
2810 2155 3038 2211 Joannis
3056 2156 3373 2211 Damasccni
3390 2172 3531 2226 Opus

1946 2250 2015 2305 de
2058 2248 2166 2304 fide
2214 2249 2545 2313 orthodoxa,
2596 2263 2896 2319 suppresso
2941 2248 3185 2303 auctoris
3231 2247 3530 2317 operisque

1949 2338 2338 2408 titulozquam
2392 2352 2507 2392 rem
2552 2337 2967 2407 deprehendere
3023 2336 3151 2390 licet
3206 2346 3530 2405 comparato

1946 2428 2128 2485 Photii
2154 2438 2303 2483 textu
2360 2445 2484 2483 cum
2515 2427 2855 2483 Damasceno
2888 2426 3138 2497 Lequinii
3177 2436 3218 2481 t.
3248 2426 3291 2492 1,
3331 2443 3382 2496 p.
3430 2426 3526 2481 187

1949 2538 2102 2592 seqq.
2135 2519 2346 2591 Nequid
2378 2522 2446 2576 de
2474 2520 2749 2576 Anastasii
2799 2519 3023 2574 Sinaitaa
3073 2518 3288 2589 Hodego
3320 2520 3528 2586 dicam,

1948 2614 2108 2684 cujus
2141 2629 2295 2683 mque
2323 2613 2673 2668 definitiones
2704 2611 2843 2666 clam
2884 2610 3112 2666 Photius
3147 2611 3345 2666 sectari
3376 2610 3529 2664 vide-

1948 2716 2056 2762 tur.
2113 2705 2311 2776 Utique
2368 2705 2597 2761 Photius
2648 2706 2699 2759 in
2737 2704 3193 2773 Ampliilochiana
3228 2702 3530 2773 quaestione.

1948 2799 2038 2867 40,
2075 2813 2351 2869 anonymo
2404 2806 2628 2852 auctore
2676 2813 2736 2851 se
2790 2797 2867 2850 uti
2911 2796 3063 2859 dicit,
3097 2810 3260 2864 quem
3324 2793 3527 2849 Dama-

1951 2907 2174 2947 scenum
2224 2889 2626 2959 intelligendum
2658 2903 2779 2944 esse
2827 2887 3142 2957 tempestive
3184 2887 3398 2940 monuit
3427 2901 3529 2940 nos

1950 2982 2129 3037 Photii
2166 2982 2436 3051 interpres
2472 2980 2542 3035 cl.
2577 2981 2821 3036 Scottus.
2880 2979 3252 3045 Qumstionem
3301 2977 3530 3047 Amphi-

1951 3076 2264 3130 lochianam
2291 3074 2688 3144 amplissimam
2727 3074 2850 3139 149,
2891 3073 2958 3127 de
2981 3072 3106 3126 vita:
3135 3071 3369 3126 termino
3405 3068 3532 3123 uni-

1951 3181 2166 3220 versam
2200 3166 2349 3219 nullo
2379 3165 2548 3218 verbo
2577 3170 2913 3218 commutato
2951 3161 3179 3216 Photius
3214 3177 3242 3215 e
3275 3160 3530 3215 Germani

1952 3257 2278 3328 patriarchae
2308 3273 2449 3327 penu
2483 3257 2551 3311 ad
2581 3271 2639 3311 se
2667 3255 2810 3309 clam
2845 3254 3143 3308 transtulit.
3213 3254 3348 3309 Item
3382 3269 3536 3324 qua:-

1955 3349 2284 3404 stiunculam
2317 3348 2421 3403 152
2457 3350 2524 3404 de
2564 3347 2903 3403 obscuritate
2944 3345 3003 3399 S.
3043 3346 3341 3416 Seripturae
3372 3345 3538 3400 tacite

1955 3442 2021 3496 ad
2051 3442 2277 3497 verbum
2303 3441 2537 3511 sumpsit
2572 3439 2805 3494 Photius
2852 3456 2882 3493 e
2921 3438 3274 3510 Polyclironii
3310 3438 3535 3508 prologo

1956 3533 2021 3588 ad
2045 3531 2243 3587 Jobnm
2279 3549 2292 3587 :
2328 3548 2451 3601 quae
2474 3531 2654 3585 brevis
2693 3528 3019 3592 lucubratio,
3053 3528 3185 3597 quia
3217 3542 3322 3581 non
3356 3536 3539 3582 exstat

1956 3640 2082 3679 cum
2126 3623 2337 3679 cancris
2368 3621 2715 3692 Polychronii
2752 3621 2819 3674 ad
2839 3618 3041 3673 Jobum
3072 3619 3368 3688 excerptis,
3397 3634 3427 3673 a
3452 3636 3538 3673 me

1957 3717 2192 3772 libenter
2239 3715 2384 3769 edita
2428 3715 2547 3770 fuit.
2624 3712 2871 3782 Denique
2914 3712 3276 3782 quaestionem
3331 3711 3435 3765 154
3472 3712 3539 3767 de

1961 3808 2127 3863 variis
2172 3806 2472 3861 Bibliorum
2530 3820 2819 3861 sacrorum
2877 3805 3213 3860 editionibus
3275 3807 3438 3859 tacite
3470 3807 3539 3858 all

1958 3901 2186 3955 verbum
2217 3899 2512 3969 exscripsit
2565 3899 2791 3954 Photius
2844 3913 2907 3952 ex
2941 3897 3083 3951 edita
3123 3897 3542 3967 pseudo-Atha-

1960 3993 2101 4048 nasii
2142 3992 2468 4062 quzestione,
2503 3990 2619 4045 sive
2652 3990 2816 4045 etiam
2851 4004 2912 4044 ex
2949 3988 3238 4059 Epiplianii
3266 3987 3538 4042 Panario:

1961 4085 2012 4140 id
2047 4083 2192 4154 quod
2214 4098 2315 4153 ego
2346 4083 2609 4148 sentiens,
2641 4084 2908 4152 scriptum
2929 4082 3273 4153 praetermisi.
3306 4082 3544 4137 Caetero-

1960 4177 2053 4248 qui
2082 4193 2149 4231 ne
2176 4176 2396 4246 gravius
2426 4190 2689 4230 accusare
2721 4174 2980 4229 Photium
3015 4174 3224 4240 videar,
3274 4175 3377 4230 hoc
3399 4189 3541 4245 quo-

1961 4284 2068 4338 que
2120 4268 2522 4323 observandum
2581 4277 2697 4332 est,
2769 4264 3025 4321 Photium
3082 4268 3260 4337 ipsum
3327 4266 3380 4321 in
3441 4283 3544 4322 suo

269 4371 357 4423 λοὶ
391 4369 489 4437 μὲν
519 4366 813 4436 συνέῤῥεον
844 4363 937 4416 ἐπὶ
956 4362 1034 4432 τῷ
1063 4359 1229 4413 πάθει
1255 4359 1466 4423 θεαταὶ,
1491 4356 1587 4409 νῦν
1608 4356 1652 4410 δ’
1682 4355 1851 4416 οὐδεὶς

1963 4358 2451 4429 Ampliilocliiorum
2496 4357 2796 4421 Prommio,
2859 4365 2973 4412 tum
3029 4359 3193 4412 etiam
3239 4358 3546 4428 quaestione

273 4462 600 4531 ὑπέμεινεν,
657 4456 778 4509 οὐδὲ
824 4454 934 4508 τῶν
966 4453 1158 4522 φίλων,
1211 4449 1616 4519 ὲνταφιαστής·
1661 4447 1858 4501 ἄπεστί

272 4571 361 4606 σοι
384 4552 549 4620 φόὸος
583 4546 864 4619 βασιλείας
889 4562 902 4576 ·
931 4544 1198 4614 τέθνηκεν
1232 4544 1260 4596 ὁ
1293 4542 1356 4594 τὸ
1396 4542 1601 4612 κράτος
1634 4539 1732 4610 μὲν
1757 4538 1858 4607 τῆς

272 4645 523 4714 ἔξουσίας
552 4642 800 4714 ἁρπάσαι
827 4635 1328 4709 κατηγορούμενος,
1371 4634 1534 4704 μέχρι
1555 4631 1611 4684 δὲ
1640 4631 1733 4684 καὶ
1760 4630 1859 4683 αὐ-

272 4742 374 4811 τῆς
406 4739 739 4809 προφάσεως
766 4732 947 4795 άθῶος
997 4729 1183 4800 ὀφθεὶς
1241 4726 1443 4788 παντὸς
1482 4724 1858 4794 ἀδικήματος·

270 4834 333 4886 ὃν
365 4829 811 4901 προφητοκῖόνος
841 4823 1064 4890 γλῶσσα
1089 4822 1180 4874 καὶ
1207 4818 1360 4889 φωνὴ
1389 4817 1486 4871 καὶ
1523 4819 1724 4888 χεῖρες,
1758 4812 1853 4866 σοῦ

268 4924 561 4986 δοκοῦντος
595 4923 786 4993 φέρειν
814 4914 1338 4988 φιλανθρωποτέραν
1363 4911 1564 4981 ψῆφον,
1597 4909 1703 4962 ὑπὸ
1731 4907 1857 4977 κρί-

273 5037 361 5073 σιν
392 5019 600 5089 ἧγαγον
631 5014 892 5068 θανάτου·
926 5009 1016 5073 δός
1047 5025 1140 5079 μοι
1166 5008 1327 5077 χάριν
1362 5006 1667 5073 ὁμολογεῖν,
1699 5001 1766 5054 δι’
1791 4994 1859 5072 ἦς

274 5114 502 5182 ἐτέρους
551 5108 704 5162 οὐδὲν
750 5105 1007 5176 ζημιοῖς-
1045 5101 1168 5155 οὐδὲ
1218 5099 1330 5170 γὰρ
1377 5097 1486 5151 οὐδ’
1520 5097 1548 5147 ὁ
1576 5094 1685 5147 τῶν
1725 5094 1859 5146 ’1ου-

270 5205 447 5260 δαίων
491 5201 648 5272 ὄχλος
683 5198 971 5253 ἀνιάσεται
1005 5198 1075 5266 γῇ
1108 5192 1374 5264 μαθόντες
1406 5189 1496 5242 τὸν
1530 5186 1727 5259 ἐχθρὸν
1757 5202 1860 5238 και

270 5295 636 5364 λυπτόμενον.
662 5290 881 5345 Μᾶλλον
914 5290 1010 5361 μὲν
1049 5282 1143 5341 οὖν
1179 5281 1597 5355 δυσχεραίνουσι
1642 5278 1739 5332 καὶ
1770 5294 1861 5329 νε-

274 5390 414 5461 κρὸν
463 5387 556 5439 τὸν
585 5384 677 5438 ὑπ’
717 5382 900 5439 αὐτῶν
946 5364 1280 5452 μισούμενον
1326 5376 1657 5448 βλέποντες·
1701 5371 1863 5425 τοῦτο

279 5482 384 5553 μὲν
433 5480 534 5548 τὴν
579 5477 760 5531 αὐτῶν
806 5474 1119 5548 μιαιφονίαν
1159 5471 1236 5542 τῷ
1286 5466 1507 5538 σταυρῷ
1563 5464 1859 5537 θριαμϐεύ-

274 5591 434 5636 οντα,
461 5570 620 5624 τοῦτο
640 5570 697 5622 δὲ
725 5568 834 5622 τῶν
866 5566 1123 5636 ὁρώντων
1144 5565 1235 5618 τὸν
1282 5563 1430 5616 ἔλεον
1473 5560 1723 5626 ἕλκοντα,
1770 5557 1866 5611 καὶ

352 5690 465 5761 (22‘,
500 5688 722 5761 Auctar.
749 5704 863 5761 nov,
901 5685 1012 5761 PP;
1041 5701 1096 5755 p.
1128 5682 1297 5761 _|605.

1963 4452 2003 4516 Ι,
2042 4467 2161 4522 cap.
2197 4451 2261 4506 10
2293 4452 2424 4524 (quo
2453 4460 2729 4521 postremo
2774 4451 2897 4506 loco
2948 4451 3016 4504 de
3047 4450 3427 4520 superioribus
3456 4451 3546 4504 Bi-

1962 4544 2196 4597 bliorum
2218 4544 2607 4614 interpretibus
2625 4543 2765 4598 mira
2786 4559 2911 4598 cum
2934 4544 3240 4599 reverentia
3257 4542 3543 4615 loquitur),

1965 4637 2253 4691 manifeste
2296 4636 2498 4700 dicere,
2558 4652 2616 4692 se
2650 4639 2892 4706 acceptis
2919 4652 2985 4691 ex
3021 4636 3112 4690 illa
3155 4644 3426 4689 vetustate
3460 4650 3550 4689 se-

1963 4729 2229 4791 minibus,
2281 4728 2441 4799 longe
2491 4729 2861 4784 acenratiores
2911 4727 3409 4783 contradictionem
3453 4743 3547 4782 so-

1965 4824 2206 4879 lutiones
2237 4822 2288 4876 in
2316 4821 2555 4875 medium
2590 4820 2855 4890 proferre.
2920 4820 3085 4892 quue
3121 4821 3301 4876 Photii
3338 4822 3545 4877 dictum

1967 4929 2145 4984 neque
2179 4912 2400 4978 falsum,
2445 4922 2501 4966 nt
2527 4921 2682 4982 puto,
2715 4928 2894 4982 neque
2926 4928 3188 4985 arrogans
3216 4924 3338 4981 est;
3369 4930 3548 4985 quan-

1967 5007 2258 5077 doquidem
2309 5006 2390 5060 liae
2440 5004 2621 5060 Photii
2665 5006 3000 5075 quaestiones
3056 5022 3152 5061 seu
3205 5007 3415 5063 biblieaz
3451 5024 3545 5063 seu

1970 5099 2306 5167 theologicae,
2344 5097 2447 5151 etsi
2486 5112 2592 5152 non
2629 5112 2821 5153 omnes
2850 5098 2962 5167 pari
2996 5097 3236 5167 pondere
3267 5113 3331 5153 ac
3370 5098 3550 5168 digni-

1970 5202 2078 5246 tate
2112 5200 2260 5253 sunt,
2315 5200 2500 5245 tamen
2551 5198 2795 5245 veterum
2840 5190 3156 5244 multorum.
3182 5191 3248 5244 de
3279 5190 3447 5245 simili
3482 5203 3544 5244 re

1972 5284 2359 5355 scriptionibus
2392 5291 2649 5354 praestare
2674 5283 2928 5338 videntur
2958 5302 2971 5339 :
3009 5292 3063 5338 et
3086 5283 3332 5354 quidem,
3358 5298 3551 5337 exem-

1968 5376 2043 5447 pli
2121 5373 2295 5445 gratia
2333 5413 2349 5440 ,
2440 5373 2773 5430 Cmsarcnsis
2867 5373 3083 5429 Eusebii
3159 5372 3552 5444 quastionibus

1970 5464 2320 5535 evangelicis,
2392 5462 2690 5534 quominus
2739 5463 2838 5519 bas
2876 5462 3172 5534 pliotianas
3227 5459 3552 5528 anteferam,

1973 5558 2156 5613 nullus
2187 5555 2427 5628 ambigo.

356 5743 475 5827 3-23)
518 5760 577 5815 ld
603 5759 802 5816 fatetur
834 5758 950 5829 ipse
978 5743 1210 5812 Plintius
1263 5767 1495 5824 prooem.
1552 5746 1889 5819 Amphiloch.
1934 5747 2074 5817 apud
2105 5745 2173 5803 cl.
2216 5743 2488 5799 Scottum.
