3916 6192
426 262 498 325 39
1574 260 1656 321 IN
1685 260 1972 321 AMPIIIL

2116 261 2209 320 [ΙΛ
2246 260 2511 323 ΡΗΟΤΙΙ
3591 270 3662 334 40

2005 378 2053 439 ν

671 488 1029 552 EIUSDEM
1080 488 1314 550 CARD.
1363 487 1513 549 MAI
1558 487 1972 549 PRIEFATIO
2012 490 2095 550 IN
2149 488 2671 562 QUIESTIONES
2712 495 3433 563 AMPHILOCHIANAS

424 593 632 668 QUAS
675 594 962 656 GRZECE
992 593 1265 653 EDIDIT
1295 592 1376 652 IN
1407 590 1915 653 SCRIPTORUM
1941 592 2126 657 VET.
2158 595 2348 655 NOV.
2383 595 2558 657 COL.
2592 598 2664 655 T.
2710 597 2824 671 IX,
2846 599 2912 660 P.
2951 602 3162 663 1-158.
3188 602 3653 672 ROMZE,1837.

496 716 572 771 De
610 715 789 770 Photii
832 714 1305 784 Amphilochianis
1350 714 1743 785 quaestionibus
1790 715 1986 785 partim
2018 724 2065 779 Α
2295 717 2529 787 appellat
2558 717 2845 774 lunaticos.

422 808 583 863 editis
630 807 823 876 partim
872 805 1126 864 ineditis.
1173 805 1349 874 deque
1400 806 1641 875 ipsarum
1682 804 1875 875 viginti
1922 821 1986 859 ex
2157 806 2209 862 9.
2253 806 2381 872 Cur,
2405 808 2620 861 etiamsi
2652 809 2819 862 Adam
2853 811 3115 879 peccavit,
3143 819 3197 865 et
3223 811 3428 881 poenali
3463 814 3656 867 mortis

422 900 608 955 codice
626 896 1724 967 Vaticanoamejampridemdivulgatis,
1749 897 1983 963 abunde,
2299 896 2517 951 decreto
2568 899 2850 967 perculsus
2906 899 3044 965 luit,
3114 902 3474 957 nihilominus
3536 906 3658 973 ejus

421 999 481 1043 ut
515 998 667 1058 puto,
718 988 949 1043 disserui
989 988 1041 1041 in
1081 987 1376 1061 voluminis
1426 988 1587 1057 primi
1638 986 1984 1043 Prtelatione.
2300 988 2446 1043 Illius
2475 989 2738 1046 innocens
2761 1002 3119 1061 praemortuus
3148 1005 3252 1049 est.

422 1079 575 1134 Nunc
599 1081 911 1134 earumdem
941 1078 1305 1147 quaestionum
1332 1080 1713 1149 apographutn
1742 1094 1808 1132 ex
1837 1078 1957 1133 Vati
2120 1078 2209 1132 10.
2247 1076 2400 1143 Quod
2429 1082 2654 1135 minime
2678 1098 2981 1152 repugnant
3006 1084 3151 1139 dicta
3188 1086 3311 1147 (etsi
3350 1085 3506 1139 aliter
3529 1088 3655 1155 qui-

422 1187 562 1226 cano
626 1171 817 1226 codice
869 1179 1145 1238 sumptum
1206 1168 1348 1223 forte
1427 1180 1657 1236 nactus,
1727 1170 1986 1224 conStitut
2297 1168 2525 1223 busdam
2556 1171 2790 1243 videtur)
2825 1191 2839 1227 :
2871 1172 2985 1243 Ego
3029 1177 3142 1230 veni
3173 1188 3228 1230 ut
3278 1177 3531 1230 mundum
3559 1175 3657 1245 ju-

419 1264 654 1333 denique
678 1261 940 1333 quidquid
968 1260 1212 1331 praeclari
1235 1260 1414 1330 operis
1440 1260 1618 1316 adhuc
1647 1261 1984 1331 invulgatum
2300 1257 2501 1321 dicem;
2538 1261 2812 1332 itemque:
2854 1263 2976 1318 Non
3025 1269 3138 1320 veni
3176 1278 3234 1320 ut
3280 1271 3530 1320 mundum
3562 1268 3656 1335 ju-

417 1364 720 1423 supercrat,
754 1353 892 1423 typis
925 1351 1304 1417 committere;
1336 1352 1578 1421 exceptis
1613 1352 1702 1418 iis,
1732 1368 1853 1422 qute
1881 1353 1985 1407 etsi
2319 1352 2507 1415 dicem.
2550 1356 2639 1406 sed
2667 1364 2724 1407 ut
2751 1358 2976 1410 mundus
3000 1374 3091 1424 per
3113 1375 3193 1412 me
3217 1359 3466 1412 salvetur.

419 1446 636 1499 titulum
698 1445 1188 1513 Amphilochiorum
1250 1445 1548 1514 gerebant,
1624 1445 1985 1502 nihilominus
2122 1441 2209 1496 H-
2253 1442 2391 1508 ΟυῙά
2412 1452 2515 1505 est.
2547 1445 2727 1512 Aperti
2752 1456 2874 1499 sunt
2900 1448 3038 1499 oculi
3066 1448 3655 1517 eorum?et'quomodo

417 1536 563 1599 alibi,
600 1544 727 1605 puta
768 1535 910 1589 inter
942 1535 1122 1589 Photii
1166 1525 1466 1604 Epistolas,
1502 1536 1616 1607 jam
1650 1537 1982 1591 exstabant:
2298 1533 2551 1603 praecepti
2592 1536 2955 1607 transgressio
3005 1536 3111 1591 vim
3158 1536 3435 1605 aperiendi
3462 1536 3652 1593 oculos

414 1643 727 1699 quanquam
780 1643 887 1682 non
927 1628 1000 1682 ita
1053 1627 1129 1681 fui
1179 1642 1452 1691 morosus,
1506 1634 1566 1681 ut
1619 1627 1665 1683 si
1718 1643 1807 1682 res
1855 1628 1983 1683 alibi
2294 1625 2502 1680 habuit.

416 1724 711 1784 interdum,
762 1721 1107 1776 brevioribus
1160 1728 1257 1774 aut
1315 1720 1545 1775 diversis
1586 1721 1793 1781 verbis.
1838 1721 1981 1775 dicta
2124 1713 2213 1770 12.
2253 1713 2366 1769 Cur
2416 1716 2665 1770 tellurem
2713 1715 2925 1787 Moyses
2963 1715 3289 1772 invisibilem
3336 1716 3648 1786 appellavit.

412 1815 497 1869 vel
518 1814 835 1869 adumbrata
864 1811 1079 1875 fuisset,
1105 1826 1222 1865 eam
1253 1812 1455 1866 idcirco
1484 1812 1978 1882 praetermitterem.
2121 1807 2210 1863 15.
2251 1807 2362 1861 Cur
2404 1805 2550 1863 Deus
2604 1822 2759 1861 esum
2803 1809 3049 1862 carnium
3097 1824 3125 1861 a
3173 1807 3302 1864 feris
3349 1809 3652 1879 discerpta-

413 1907 661 1961 Latinam
698 1914 877 1959 autem
907 1904 1271 1974 quaestionum
1318 1904 1825 1974 interpretationem
1870 1919 1979 1959 non
2296 1914 2415 1952 rum
2447 1899 2761 1953 hominibus
2789 1900 3087 1954 interdixit.

411 1997 630 2062 addidi,
683 1996 813 2066 quia
872 2011 958 2049 me
1015 1994 1277 2049 festinare
1331 1997 1621 2064 oportebat
1672 2011 1686 2048 :
1737 2006 1978 2049 attamen
2121 1984 2210 2040 I4.
2252 1984 2536 2052 Quomodo
2570 1986 2981 2056 intelligendum
3010 1987 3138 2042 illud
3170 2005 3185 2042 :
3216 1986 3341 2042 Non
3369 1989 3647 2059 apparebis

411 2098 731 2159 argumenta
765 2086 955 2142 saltem
994 2085 1082 2140 hic
1129 2083 1321 2140 Latine
1364 2100 1656 2154 exponam,
1694 2095 1754 2140 ut
1791 2085 1979 2141 Graece
2010 2067 2052 2121 Β
2287 2092 2482 2129 vacuus
2516 2093 2695 2130 coram
2723 2093 2825 2131 me.

413 2181 587 2253 ignari
620 2195 732 2234 rem
770 2178 985 2232 interim
1025 2177 1255 2232 summis
1289 2177 1459 2232 labris
1502 2177 1762 2232 delibent.
1807 2178 1977 2233 Porro
2118 2167 2205 2223 i5-
2246 2166 2527 2234 Qll0m0d0
2567 2183 2676 2222 ³1οη
2731 2176 3036 2239 τθρυεηεηι
3076 2168 3219 2224 dicta
3269 2171 3403 2235 118ον
3451 2185 3648 2242 nempe

410 2279 466 2327 in
500 2273 737 2327 editione
766 2270 985 2339 quidem
1028 2268 1350 2324 numerandi
1395 2268 1663 2334 ordinem,
1698 2279 1759 2323 ut
1792 2278 1877 2324 est
1919 2269 1975 2323 in
2293 2258 2488 2314 omnia
2511 2271 2661 2314 εναηι
2695 2260 2847 2314 valde
2873 2266 3047 2325 bona;
3076 2261 3272 2316 dﬂinde
3300 2278 3423 2317 vero
3447 2264 3648 2318 distiu-

410 2364 728 2424 codicihus,
783 2360 1143 2425 conservavi,
1210 2371 1268 2416 ut
1324 2364 1371 2417 si
1437 2361 1731 2432 aliquando
1800 2371 1975 2417 totum
2284 2354 2413 2418 ctio,
2448 2369 2554 2422 qua
2597 2352 2707 2407 alia
2750 2353 3006 2408 animalia
3047 2354 3189 2408 dicta
3235 2364 3366 2409 sunt
3414 2354 3643 2422 munda,

409 2455 892 2524 Amphilochiorum
922 2469 1057 2522 opus
1089 2468 1199 2508 uno
1229 2453 1507 2510 volumine
1549 2455 1977 2526 comprehenda-
2286 2444 2389 2499 alia
2422 2442 2725 2498 Ῐιιιῐιιυηάαο

409 2555 516 2610 tur,
542 2562 696 2602 suum
726 2560 1063 2615 unaquzeque
1113 2545 1342 2614 qumstio
1368 2545 1547 2600 locum
1582 2556 1851 2616 occupet:
1885 2548 1955 2601 hit

2111 2533 2196 2589 16.
2236 2533 2347 2589 Cur
2393 2535 2475 2588 vir
2519 2537 2586 2589 ab
2637 2534 2828 2589 haeresi
2869 2534 3137 2603 resiliens,
3184 2537 3231 2591 si
3275 2539 3438 2593 modo
3473 2539 3643 2593 vitam

407 2649 585 2693 tamen
619 2636 803 2691 Latina
817 2646 1127 2706 argumenta
1153 2637 1479 2691 continuatis
1507 2637 1750 2693 numeris
1770 2638 1973 2694 scribo.
2284 2626 2616 2696 ίηουιρεηθηι
2644 2627 2857 2690 habeat.
2889 2626 2957 2680 ad
2995 2627 3362 2683 Sacerdotium
3397 2629 3646 2684 admitti-

406 2748 949 2824 Pltotiiqutestionum
974 2748 1530 2824 Amphilochianarum
1551 2748 1973 2824 CXX/Iambus
2283 2719 2550 2824 Eu”.qu
2614 2728 2793 2824 aulf'm
2852 2719 3139 2821 (formicis
3194 2719 3426 2824 Tam“?
3475 2719 3647 2824 tum.“

478 2812 706 2893 universi
733 2822 901 2887 operis
944 2812 1107 2872 editio
1137 2835 1274 2873 nunc
1322 2820 1533 2873 demum
1560 2812 1850 2874 absolvitur
1871 2821 1970 2893 (l),
2284 2812 2627 2879 ἱηίιιιὶηθιιιεν
2664 2812 2879 2863 θιίθηιεί
2912 2812 3095 2878 ιπενίε
3125 2812 3337 2867 actibus
3366 2812 3647 2871 abstinue-

475 2889 816 2959 Ai‘gumenta.
1881 2889 1890 2893 ⁷
1929 2889 1936 2893 ’

2284 2903 2373 2965 rlt,
2426 2902 2784 2958 nihilominus
2826 2902 2894 2955 ad
2938 2903 3303 2958 sacerdouum
3357 2920 3465 2959 non
3512 2920 3644 2976 pro.

474 3003 524 3057 1.
569 3004 626 3057 Si
660 3003 892 3073 septimo
914 3001 1002 3057 die
1030 3001 1299 3071 requievit
1323 3000 1465 3057 Deus
1493 3017 1523 3056 a
1549 3000 1759 3055 cunctis
1792 3002 1972 3068 operi-

1030 3001 1299 3071 requievit
1323 3000 1465 3057 Deus
1493 3017 1523 3056 a
1549 3000 1759 3055 cunctis
1792 3002 1972 3068 operi-
2280 3004 2548 3045 movetur.

610 3095 712 3148 bus
766 3094 919 3158 suis,
976 3093 1248 3162 quomodo
1312 3092 1550 3148 salutare
1603 3091 1781 3145 Patris
1832 3089 1969 3145 Ver-
2107 3081 2194 3136 l7.
2239 3083 2478 3137 Curnam
2509 3094 2800 3154 antequam
2822 3084 3019 3156 Ioseph
3043 3086 3111 3142 de
3132 3086 3450 3141 dimittenda
3473 3087 3644 3144 Maria

610 3185 738 3239 bum
772 3185 892 3238 ait:
927 3182 1089 3237 Pater
1132 3199 1276 3237 meus
1305 3200 1466 3253 usque
1504 3181 1656 3236 modo
1686 3194 1964 3251 operatur,
2276 3175 2557 3243 cogitaret,
2592 3175 2734 3230 haud
2772 3178 2946 3231 astitit
2989 3177 3212 3246 angelus
3252 3179 3642 3248 cogitationem

609 3282 659 3327 et
690 3289 782 3343 ego
819 3289 1027 3342 operor.
2280 3279 2400 3319 eam
2445 3275 2825 3335 antevertens;
2859 3284 3042 3322 vermn
3083 3280 3370 3338 postquam
3420 3290 3447 3326 ει
3484 3269 3645 3339 ἐωξὶ-

470 3364 522 3417 2.
564 3362 674 3417 Cur
731 3363 994 3418 Dominus
1038 3363 1137 3417 [uti
1198 3379 1338 3428 usu,
1391 3378 1498 3417 non
1552 3362 1658 3417 alia
1714 3362 1964 3429 ratione,
1993 3410 2035 3467 ϐ
2279 3358 2486 3410 talione
2531 3359 2595 3411 ad
2630 3371 2809 3413 actum
2848 3359 2938 3414 ille
2961 3360 3125 3426 venit,
3157 3372 3285 3416 tunc
3320 3361 3532 3417 astitit?
3568 3363 3645 3418 Et

608 3454 736 3511 Caeci
769 3454 957 3510 oculos
990 3454 1319 3524 persanavit.
1995 3450 2035 3467 ν
2276 3465 2374 3504 cur
2405 3450 2691 3521 virginem,
2724 3452 2945 3521 Josephi
2978 3467 3206 3507 uxorem
3238 3452 3396 3507 dixit.

466 3550 519 3604 5.
560 3547 697 3615 Quid
745 3558 849 3612 est,
898 3549 1143 3604 odientes
1190 3550 1355 3603 etiam
1406 3548 1683 3604 carnalem
1728 3547 1965 3603 macula-
2101 3540 2188 3595 18.
2231 3540 2377 3607 Quid
2416 3542 2726 3611 significant
2764 3544 2971 3599 verba:
3004 3543 3138 3598 Ecce
3176 3544 3347 3598 Adam
3379 3555 3639 3615 tauquam

488 3700 489 3703 η
609 3651 718 3693 tam
752 3641 1015 3694 tunicam,
2281 3648 2416 3686 unus
2458 3649 2522 3686 ea:
2572 3635 2719 3688 nobis
2764 3635 2939 3704 factus
2986 3647 3085 3702 est,
3120 3637 3189 3690 ad
3233 3639 3352 3690 boui
3385 3624 3667 3708 pravique

466 3731 520 3786 4.
562 3728 618 3785 Si
651 3731 917 3800 quidquid
954 3729 1264 3785 necessitati
1291 3729 1557 3798 subjacet,
1590 3729 1817 3783 invitum
1853 3730 1965 3782 vio-
2272 3724 2641 3793 cognitionem.

604 3822 783 3875 lentiae
820 3829 994 3891 paret,
1024 3829 1399 3890 praetereaque
1429 3834 1654 3874 necesse
1693 3830 1775 3874 est
1801 3836 1961 3875 sean-
2103 3813 2186 3869 19.
2225 3812 2367 3880 Quid
2423 3815 2733 3885 signiﬁcant
2785 3816 2876 3871 illa
2923 3818 3066 3873 dicta
3120 3836 3134 3872 :
3193 3818 3352 3874 Omni
3403 3832 3639 3890 tempore

601 3913 724 3968 dala
760 3914 814 3967 in
854 3912 985 3967 orbe
1028 3912 1172 3976 lieri,
1212 3912 1356 3965 haud
1392 3912 1540 3981 justo
1564 3912 1698 3966 diris
1732 3913 1962 3967 devove-
2270 3918 2433 3959 vestes
2472 3916 2576 3974 tua!
2611 3910 2722 3962 sint
2756 3909 3018 3975 candida,
3066 3927 3230 3981 neque
3278 3911 3449 3966 oleum
3494 3915 3636 3968 desit

605 4014 693 4059 tur
724 4004 818 4074 qui
845 4004 964 4075 fuit}
985 4013 1227 4071 coactus,
1268 4004 1351 4059 vel
1385 4017 1542 4072 paena
1570 4004 1776 4074 peccati
1804 4005 1870 4059 de
1894 4019 1961 4059 eo
2271 4000 2435 4067 capiti
2470 4009 2598 4064 tuo;
2631 4009 2679 4054 et
2712 4001 2856 4054 oculi
2886 4004 3148 4071 sapientes
3190 4003 3243 4056 in
3279 4008 3453 4072 capite
3485 4006 3632 4074 ejus.

602 4098 857 4151 sumitur.
2093 4090 2185 4147 20.
2226 4088 2423 4156 Verba,
2471 4090 2727 4156 Quasnam
2784 4101 2859 4145 est
2911 4103 3079 4145 mater
3124 4109 3259 4157 utea,
3313 4104 3362 4148 et
3407 4097 3637 4162 quinam

463 4185 517 4240 5.
559 4183 615 4239 Si
644 4185 782 4239 lines
826 4183 1152 4239 sarculorum
1186 4183 1297 4253 jam
1336 4184 1389 4237 in
1426 4198 1525 4238 nos
1568 4195 1956 4254 pervenerunt,
2267 4192 2391 4236 sunt
2457 4183 2650 4252 fratres
2705 4184 2846 4247 mei,
2908 4186 3183 4253 quomodo
3240 4186 3635 4257 intelligenda?

602 4276 931 4345 quibusnam
996 4275 1211 4329 seculis
1275 4274 1478 4328 divitia:
1536 4273 1741 4330 Christi
1800 4277 1958 4331 nobis
2266 4276 3631 4350 Multienimhincoﬂ‘endiculiansamsumpserunt.

598 4367 980 4422 ostendentur.
2097 4368 2190 4422 2|.
2232 4366 2518 4434 Quomodo
2554 4368 2757 4422 dictum
2792 4370 2920 4423 illud
2956 4372 3196 4440 antiquis
3227 4390 3241 4426 :
3273 4370 3497 4426 Oculum
3528 4390 3632 4443 pro

460 4458 508 4513 6.
555 4458 665 4514 Cur
717 4457 809 4512 Dei
860 4457 953 4511 lilii
995 4457 1253 4511 dicuntur
1299 4471 1648 4526 nequaquam
1692 4472 1953 4527 peccare;
2270 4458 2441 4524 oculo,
2491 4470 2540 4513 et
2589 4457 2795 4513 dentem
2839 4477 2934 4529 pro
2982 4464 3157 4527 dente,
3204 4479 3311 4518 non
3361 4475 3631 4533 repugnat

598 4550 697 4601 hos
750 4556 931 4600 autem
979 4544 1259 4615 Scriptura
1311 4560 1432 4600 esse
1482 4545 1681 4601 asserit
1721 4549 1812 4618 qui
1862 4564 1958 4618 per
2267 4549 2396 4603 huic
2435 4548 2625 4604 dicto:
2664 4548 2770 4619 Ego
2805 4560 2979 4605 autem
3014 4552 3132 4606 dico
3174 4553 3339 4619 vobis,
3376 4570 3438 4607 ne
3475 4556 3628 4609 man

596 4653 793 4707 aquam
842 4647 897 4691 et
951 4637 1199 4706 spiritum
1251 4636 1417 4707 geniti
1462 4647 1626 4705 sunt;
1672 4648 1725 4693 et
1769 4648 1953 4694 tamen
2270 4642 2568 4707 resistatis;
2597 4642 2686 4696 sed
2719 4642 2767 4695 si
2793 4643 2909 4713 quis
2935 4644 2989 4696 in
3019 4644 3237 4698 dextera
3258 4661 3392 4716 gena
3427 4656 3473 4699 te
3503 4663 3630 4716 per-

597 4730 797 4783 multos
826 4728 1102 4782 cernimus
1125 4769 1140 4793 ,
1193 4726 1309 4796 qui,
1357 4727 1574 4783 etiamsi
1624 4729 1951 4799 baptismate
1982 4740 2026 4793 ι)
2264 4733 2509 4793 cusserit,
2540 4733 2588 4786 ei
2612 4733 2837 4802 praebeto
2862 4736 3023 4788 etiam
3048 4735 3293 4790 alteram.

593 4818 942 4887 adoptionem
991 4817 1270 4872 consecuti
1315 4817 1539 4882 fuerint,
1596 4821 1951 4881 nihilominus
2092 4824 2182 4879 ἓξ.
2225 4822 2363 4878 Cum
2404 4823 2666 4879 Dominus
2717 4825 2913 4880 dixerit
2956 4844 2971 4881 :
3026 4826 3128 4882 Vos
3177 4831 3301 4885 estis
3356 4847 3421 4885 ea:
3473 4844 3633 4901 patre

593 4917 841 4979 peccant.
2266 4916 2487 4981 diaboli,
2520 4916 2783 4983 quaeritur
2820 4932 3111 4985 quemnam
3137 4920 3414 4977 diabolum
3450 4925 3628 4989 dieat,

453 5007 506 5058 7.
546 5003 833 5071 Quomodo
886 5004 1169 5071 lhcopatre
1216 5003 1433 5059 dicente
1486 5003 1722 5073 Davide,
1777 5005 1950 5061 Homo
2264 5013 2318 5061 et
2351 5021 2643 5075 quemnam
2680 5005 2883 5060 diaboli
2930 5017 3161 5077 patrem.

589 5096 725 5149 sicut
757 5095 933 5164 fenum
956 5095 1068 5148 dies
1099 5096 1237 5161 ejus,
1278 5105 1409 5161 etc.,
1441 5095 1584 5151 ﬁlius
1610 5097 1754 5151 illius
1795 5097 1950 5151 Salo-
2088 5079 2198 5152 25..
2222 5096 2493 5163 Quotnam
2540 5097 2644 5153 illa:
2683 5098 2813 5164 sint,
2849 5114 2970 5167 qua:
3013 5100 3300 5156 Dominum
3343 5116 3629 5174 unguento

591 5203 717 5242 mon
753 5188 897 5242 hanc
934 5187 1159 5257 protulit
1204 5188 1529 5242 sententiam
1564 5205 1577 5241 :
1611 5188 1718 5244 Res
1752 5206 1946 5260 magna
2264 5196 2558 5244 unxerunt.

598 5280 783 5346 homo,
814 5287 869 5334 et
895 5280 1194 5349 pretiosum
1224 5279 1428 5349 aliquid
1457 5282 1541 5336 est
1568 5280 1670 5336 vir.
2083 5277 2174 5333 94.
2215 5277 2502 5345 Quomodo
2532 5279 2939 5348 intelligendum
2972 5280 3102 5334 illud
3136 5299 3150 5335 :
3179 5281 3458 5347 Quodlibet
3501 5304 3628 5356 pec-

448 5374 500 5426 8.
540 5372 651 5427 Cur
689 5371 1020 5425 daemoniaco
1071 5372 1262 5426 morbo
1295 5384 1575 5442 correptos
1615 5374 1945 5444 evangelista
2261 5380 2439 5423 catum
2492 5372 2790 5424 remittetur
2832 5359 3183 5437 'ltominibus;
3236 5373 3626 5445 blaspltcmanti

451 5488 533 5561 (l)_
562 5486 946 5561 Doctissimus_
973 5486 1059 5561 _vir
1113 5492 1292 5561 _putat
1347 5493 1516 5561 totam
1556 5486 1943 5561 collectionem
2046 5485 2138 5561 sed
2173 5484 2399 5561 fallitur,
2447 5494 2507 5538 ut
2536 5485 2751 5561 probat
2782 5488 3131 5561 doctissimtrs
3181 5488 3623 5561 llergenroetber

379 5556 882 5628 Amphilochiorum
934 5556 1017 5610 his
1063 5555 1226 5611 editis
1284 5555 1674 5624 qumstionibus
1707 5557 1939 5623 absolvi,
2046 5556 2100 5610 in
2133 5572 2232 5610 sua
2271 5555 2657 5611 Dissertatione
2686 5572 2847 5625 supra
2875 5559 3039 5613 edita.
3081 5558 3235 5617 Enn.
