3916 6192
271 294 335 359 η
551 283 559 291 ·
1598 276 1842 339 PBOLE

1981 273 2183 332 ῙΕΝΑ-
3446 266 3517 329 42

481 415 656 459 autent
706 404 954 457 adversus
998 398 1257 469 Spiritum
1296 405 1538 452 sanctum
1595 407 1755 461 neque
1793 390 1846 442 in
1876 395 1923 447 Α

482 499 579 551 hoc
606 498 799 552 sarculo
828 495 978 549 venia
1011 492 1226 547 dabitur
1258 505 1418 556 neque
1447 489 1501 541 in
1534 487 1736 555 futuro.

2164 384 2217 437 in
2256 398 2353 437 sua
2381 380 2645 451 injustitia
2674 397 3003 451 permanens.

1984 476 2080 530 42.
2122 476 2405 541 Quomodo
2440 474 2846 543 intelligendum
2892 472 3069 528 illud:
3107 470 3166 526 Si
3215 483 3391 528 autem
3432 476 3525 530 in-

302 589 393 645 95.
436 588 573 643 Cum
625 588 821 642 beatus
872 584 1089 639 Marcus
1133 581 1468 652 evangelista
1517 574 1843 645 scripserit:

482 682 741 734 Exierunt
784 676 995 747 cognati
1028 675 1143 743 ejus
1185 684 1240 726 ut
1285 689 1402 727 eum
1441 666 1844 738 comprehende-

480 780 622 833 rent,
655 770 901 823 dicebant
945 768 1084 821 enim
1125 765 1299 834 ipsum
1342 764 1617 825 insanire;
1650 773 1843 829 quem-

481 876 609 916 nam
658 876 884 914 sensum
932 856 1063 913 huic
1095 856 1390 910 verborum
1421 861 1710 907 structurze
1749 850 1846 904 tri-

482 954 731 1015 buentes.
767 951 909 1006 haud
949 950 1139 1021 procul
1177 948 1489 1019 evangelica
1532 945 1847 1000 narratione

480 1044 774 1099 abibimus.

304 1136 396 1189 26.
437 1134 546 1191 Cur
559 1135 871 1205 paradisum
896 1134 1041 1189 Deus
1057 1131 1387 1194 conseverit,
1408 1128 1676 1200 siquidem
1697 1126 1846 1181 illico

483 1230 758 1284 hominem
788 1243 854 1282 ex
892 1244 956 1282 eo
988 1226 1319 1296 depulsurus
1347 1232 1484 1280 erat.

300 1320 391 1375 97.
444 1321 574 1376 Divo
608 1329 865 1375 monente
906 1320 1193 1385 apostolo:
1229 1315 1288 1372 Si
1312 1316 1555 1371 esurierit
1597 1315 1843 1370 inimicus

483 1421 627 1476 tuus,
662 1412 780 1464 ciba
818 1411 1011 1469 illum:
1041 1410 1088 1463 si
1122 1409 1368 1473 sitiverit,
1398 1415 1577 1476 potum
1608 1405 1718 1471 da;
1747 1406 1843 1457 hoc

484 1499 623 1552 enim
656 1514 837 1565 agens,
862 1499 1038 1564 igneos
1066 1494 1317 1548 carbones
1350 1510 1508 1563 super
1538 1501 1691 1562 caput
1728 1492 1842 1560 ejus

480 1605 759 1659 congeres;
802 1587 1078 1657 quomodo
1124 1585 1492 1655 intelligemus
1517 1582 1673 1649 illud,
1706 1580 1842 1638 Car-

479 1681 633 1735 bones
666 1682 843 1751 igneos
876 1696 1120 1749 congeres
1145 1696 1303 1750 super
1327 1688 1484 1748 caput
1510 1678 1644 1748 ejus.

301 1770 394 1827 28.
429 1771 715 1839 Quomodo
764 1772 1167 1841 intelligendum
1217 1771 1421 1825 dictum
1466 1770 1595 1824 illud
1651 1785 1682 1823 a
1720 1767 1834 1823 Deo
1872 1754 1915 1810 Β

480 1865 694 1938 Moysi:
730 1864 864 1920 Ecce
906 1867 1158 1920 constitui
1208 1874 1255 1918 te
1300 1864 1599 1918 Pharaonis
1650 1861 1832 1917 Deum.

306 1956 400 2012 ΞΕ).
444 1957 731 2024 Quomodo
764 1958 1172 2027 intelligendum
1202 1956 1557 2025 apostolicum
1590 1955 1795 2010 dictum
1822 1970 1834 2006 :

479 2049 631 2115 Quod
692 2050 738 2103 si
797 2050 1019 2103 invicem
1078 2047 1332 2101 mordetis
1412 2063 1476 2100 ac
1531 2046 1834 2111 devoratis,

475 2153 649 2196 cavete
698 2157 760 2195 ne
795 2142 1009 2195 invicem
1038 2139 1445 2201 consumamini,
1482 2146 1589 2194 etc.

301 2235 395 2290 20.
439 2233 698 2302 Quaenam
735 2232 999 2287 sententia
1034 2231 1210 2286 subsit
1242 2230 1326 2286 his
1359 2229 1536 2283 verbis
1564 2248 1576 2283 :
1609 2228 1838 2283 Ubicun-

473 2342 569 2398 que
588 2324 933 2395 prtedicatum
966 2324 1124 2393 fuerit
1148 2322 1485 2392 Evangetium
1502 2323 1618 2385 hoc,
1636 2323 1841 2376 dicetur

471 2418 679 2489 etquod
703 2418 813 2471 [nec
844 2417 966 2484 fecit
990 2416 1204 2479 mulier,
1260 2416 1313 2469 in
1354 2416 1660 2468 memoriam
1700 2415 1835 2483 ejus.

307 2512 401 2566 '51.
445 2511 676 2575 Quinam
720 2508 1105 2578 congruentior
1138 2507 1528 2576 honestiorque
1572 2521 1765 2560 sensus
1807 2522 1837 2559 a

475 2597 634 2650 nobis
684 2596 979 2665 excogitari
1016 2595 1190 2665 possit
1235 2596 1523 2649 verborum
1569 2590 1834 2649 illorum:

477 2684 594 2737 Tibi
622 2684 724 2739 soli
754 2686 983 2753 peccavi,
1015 2696 1061 2738 et
1092 2684 1293 2737 malum
1325 2700 1502 2737 coram
1530 2693 1577 2737 te
1605 2685 1727 2751 feci,
1778 2693 1835 2737 ut

463 2780 775 2850 justiﬁceris
810 2781 864 2835 in
903 2781 1230 2834 sermonibus
1273 2780 1401 2846 tuis,
1431 2788 1482 2834 et
1511 2781 1688 2835 vincas
1714 2796 1834 2834 cum

474 2873 754 2937 iudicaris.

293 2964 388 3018 32.
426 2964 538 3017 Cur
566 2963 977 3033 baptizantibus
1005 2962 1312 3019 Servatoris
1339 2962 1646 3033 discipulis,
1667 2962 1834 3018 Joan-

475 3070 571 3110 nes
604 3056 782 3110 adhuc
814 3054 1141 3123 baptizabat.

291 3145 384 3199 33.
430 3145 542 3200 Cur
570 3146 621 3200 in
649 3144 844 3201 Genesi
870 3146 1084 3217 Moyses
1116 3146 1417 3214 principum
1443 3145 1660 3200 lamilia:
1686 3144 1830 3201 Esau

478 3238 821 3308 genealogias
874 3253 1189 3304 recensens,
1239 3246 1562 3312 caeterorum
1613 3238 1831 3308 quidem

473 3330 617 3384 nuda
647 3331 797 3400 ponit
834 3332 1091 3396 nomina;
1122 3330 1187 3384 ad
1230 3328 1429 3384 [Euam
1461 3342 1639 3385 autem
1670 3331 1834 3385 deve-

472 3422 663 3477 niens:
697 3420 821 3487 llic,
854 3422 1048 3493 inquit,
1083 3424 1275 3476 invenit
1307 3422 1491 3476 Jamin
1524 3423 1580 3475 in
1606 3423 1832 3486 deserto,

472 3516 599 3569 dum
630 3515 875 3586 Seegonis
902 3518 1073 3586 patris
1101 3518 1184 3585 sui
1213 3515 1520 3586 subjugalia
1553 3516 1835 3585 pasceret?

468 3609 727 3678 quidnam
760 3624 891 3678 ergo
945 3610 996 3669 is
1038 3609 1284 3664 invenit?
1322 3618 1376 3664 et
1417 3622 1516 3663 cur
1569 3610 1834 3665 memoria

470 3700 666 3769 dignus
701 3700 951 3755 habetur.

287 3778 384 3846 34.
426 3790 566 3857 Quid
620 3790 897 3858 signiﬁcat
943 3792 998 3846 in
1051 3790 1476 3847 Deuteronomio
1518 3810 1534 3849 :
1579 3793 1734 3858 Quod
1788 3793 1835 3846 si

471 3882 814 3951 tediﬁcavcris
856 3901 1044 3939 novam
1083 3886 1299 3940 domum
1346 3888 1495 3957 eique
1535 3888 1836 3942 coronidem

468 3974 800 4043 imposueris,
839 3991 940 4027 non
967 3974 1132 4044 facies
1161 3978 1356 4029 aedem
1386 3976 1531 4029 domi
1559 3985 1685 4032 tutu.

288 4066 382 4124 35.
423 4066 535 4121 Cur
578 4076 794 4121 vetante
839 4067 954 4139 lege
1002 4067 1199 4137 leprosi
1246 4077 1596 4135 contactum;
1649 4084 1831 4136 secus,

469 4159 742 4229 impurum
775 4160 891 4214 fore
920 4160 1012 4230 qui
1037 4160 1297 4231 tetigerit,
1333 4176 1506 4231 usque
1539 4162 1606 4215 ad
1646 4176 1836 4230 vespe-

465 4265 757 4318 ram;cum
772 4251 991 4318 quidem
1021 4251 1292 4321 leprosum
1323 4254 1533 4308 sanavit
1563 4251 1839 4319 Servator,

464 4342 645 4411 ipsum
692 4343 901 4412 tetigit,
930 4343 1145 4397 etiamsi
1170 4344 1339 4397 verbo
1382 4359 1578 4398 sanare
1608 4355 1835 4413 poterat.

291 4432 386 4489 '56.
430 4432 567 4501 Quid
596 4434 904 4505 signiﬁcant
926 4434 1089 4489 verba
1119 4455 1131 4490 :
1161 4435 1382 4503 Sperare
1408 4436 1550 4501 licet,
1583 4437 1830 4492 viventem
1861 4438 1907 4496 ι)

499 4543 650 4580 onem
672 4540 927 4595 priestare
958 4528 1095 4580 leoni
1131 4530 1407 4582 exstincto.

290 4617 384 4673 37.
428 4617 567 4685 Quid
629 4620 900 4687 signiﬁcat
958 4620 1304 4678 Ecclesiaste
1360 4624 1565 4678 dictum
1616 4643 1628 4678 :
1682 4622 1834 4679 Mitte

465 4727 650 4780 panem
698 4720 846 4765 tuum
879 4713 936 4765 in
970 4717 1297 4784 superﬁciem
1348 4734 1519 4787 aqutc,
1553 4720 1743 4772 etenim
1778 4718 1834 4771 in

466 4805 808 4858 multitudine
836 4806 1041 4861 dierum
1068 4810 1291 4877 reperies
1322 4811 1495 4864 illum.

282 4894 379 4949 '58.
424 4894 564 4961 Quid
615 4896 933 4966 signiﬁcat:
973 4899 1064 4969 qui
1098 4901 1309 4955 foveam
1344 4901 1502 4968 fodit,
1558 4905 1611 4959 iu
1651 4905 1827 4974 ipsam

466 4987 687 5043 incidet.

284 5079 379 5135 59.
422 5079 655 5147 Quinam
699 5092 782 5137 est
823 5099 1019 5141 sensus
1045 5086 1336 5140 verborum
1385 5088 1526 5157 apud
1559 5086 1829 5145 Ecclesia-

463 5183 601 5227 stem
636 5190 651 5227 :
686 5172 790 5239 Qui
820 5175 965 5246 ligna
989 5177 1190 5244 fundit,
1222 5180 1559 5248 periclitatur
1596 5181 1651 5234 in
1682 5182 1827 5250 ipsis,

464 5263 512 5317 si
573 5264 708 5331 forte
766 5268 964 5321 securis
1017 5269 1310 5333 exciderit,
1368 5282 1415 5323 et
1480 5272 1588 5340 ipse
1637 5273 1831 5340 faciem

467 5356 729 5420 turbavit,
772 5366 821 5411 et
870 5358 1003 5413 vires
1044 5359 1350 5425 roborabit;
1405 5371 1454 5416 et
1498 5362 1830 5417 abundantia

464 5444 588 5511 viri,
619 5448 899 5515 sapientia.

284 5529 380 5587 40.
420 5531 540 5599 Quo
584 5546 833 5606 spectant
864 5541 1027 5595 verba
1060 5560 1073 5597 :
1101 5541 1381 5598 Ceneratio
1424 5542 1553 5608 abit,
1590 5554 1638 5597 et
1678 5561 1827 5614 gene~

467 5628 607 5681 ratio
639 5632 813 5694 venit;
848 5640 990 5685 terra
1023 5644 1200 5687 autem
1226 5645 1483 5696 teternum,
1507 5646 1636 5690 stat.

282 5712 377 5770 41.
421 5715 723 5783 Quemnam
760 5736 981 5777 sensum
1030 5724 1313 5780 continent
1351 5727 1512 5780 verba
1546 5744 1559 5781 :
1594 5726 1692 5781 Est
1740 5728 1824 5791 iu-

459 5818 571 5862 stus
601 5812 691 5878 qui
725 5812 777 5865 in
801 5815 1019 5881 justitia
1057 5832 1155 5871 sua
1188 5818 1359 5886 perit;
1401 5826 1451 5873 et
1479 5829 1556 5874 est
1591 5819 1818 5888 injustas

2151 568 2370 637 justitia
2401 578 2580 621 nostra
2617 568 2710 621 Dei
2735 568 3005 637 justitiam
3042 568 3393 625 commendat.

1981 662 2070 717 45.
2116 662 2178 717 Si
2228 664 2462 731 genuerit
2514 662 2631 731 quis
2673 671 2880 715 centum
2938 662 3152 725 liberos,
3206 673 3254 715 et
3324 663 3519 715 multos

2158 769 2322 806 annos
2369 754 2578 815 vixerit,
2623 762 2671 806 et
2711 762 3141 822 quantoscunquc
3180 754 3289 807 dies
3346 756 3519 807 (etatis

2159 844 2419 907 habuerit,
2466 860 2570 897 non
2613 845 2897 897 satiabitur
2933 843 3206 912 felicitate,
3249 861 3410 914 neque
3440 845 3521 899 illi

2156 938 2425 1004 sepultura
2463 938 2582 990 erit.
2618 938 2741 990 Dixi
2791 937 2976 991 melius
3016 954 3124 991 esse
3169 940 3279 1007 ipso
3322 938 3520 990 aborti-

2164 1046 2305 1090 vum,
2358 1028 2495 1098 quod
2543 1032 2808 1083 incassum
2853 1030 3011 1093 venit,
3065 1029 3281 1099 ejusque
3333 1046 3519 1084 nomen

2161 1122 2421 1177 occulitur
2448 1121 2691 1185 tenebris,
2727 1138 2885 1192 neque
2914 1123 3050 1176 enim
3074 1125 3235 1176 solem
3271 1123 3397 1177 vidit
3423 1133 3517 1178 ant

2156 1217 2320 1268 novit.
2377 1214 2517 1269 lluic
2562 1214 2739 1283 magis
2789 1230 2955 1284 quam
3009 1215 3085 1268 illi
3139 1215 3356 1284 requies
3403 1222 3508 1269 est.

2154 1305 2360 1377 Nempe
2413 1306 2518 1360 hoc
2554 1306 2758 1360 dictum
2802 1305 3077 1374 quodnam
3110 1305 3377 1375 judicium
3425 1316 3518 1360 aut

2155 1399 2429 1454 nationem
2465 1397 2723 1451 exhibere
2752 1406 2954 1467 potest,

1980 1492 2070 1547 44.
2112 1488 2251 1557 Quid
2284 1490 2597 1557 signiﬁcant
2632 1491 2793 1543 verba
2826 1506 2843 1544 :
2878 1488 3001 1542 Vive
3047 1489 3103 1541 in
3137 1505 3290 1553 cono,
3316 1498 3363 1542 et
3405 1490 3517 1543 vide

1973 1860 2063 1915 45.

1976 2134 2065 2190 46.

1975 2407 2064 2463 47.

1972 2871 2062 2925 48.

1973 3237 2063 3292 49.

1976 3604 2065 3659 50.

1976 3696 2003 3726 ιιξ

1974 4066 2063 4121 54.

1974 4160 2063 4215 55.

1976 4346 2067 4406 56.

1971 4532 2062 4587 57.

2049 4661 2063 4676 .
2106 4621 2219 4677 Cur
2266 4623 2469 4678 omissa
2510 4624 2718 4679 visione
2766 4624 2932 4680 Isaias
2962 4625 3029 4681 de
3079 4625 3217 4679 cado
3261 4634 3511 4696 terraque

1975 4805 2070 4862 59.

1969 4969 2060 5049 eo.

1969 5353 2059 5410 62.

1969 5541 2056 5597 65.

1968 5635 2056 5692 64.

1972 3695 2062 3750 51.

1974 3786 2063 3841 52.

1975 3880 2065 3935 55.

2154 1586 2210 1638 in
2238 1584 2324 1638 die
2368 1583 2549 1648 mala;
2587 1583 2729 1649 vide,
2778 1582 3044 1653 siquidem
3077 1585 3181 1638 hoc
3211 1599 3515 1639 consonum

2156 1677 2230 1731 illi
2280 1676 2407 1732 fecit
2455 1674 2599 1732 Deus
2649 1677 2793 1731 circa
2858 1676 3170 1745 loquelam,
3227 1693 3294 1731 ne
3352 1678 3515 1732 homo

2155 1769 2453 1839 quidquam
2493 1778 2611 1839 post
2641 1784 2700 1823 se
2728 1768 2987 1839 reperiat.

2106 1859 2368 1926 Quantam
2427 1859 2794 1930 intelligendas
2844 1860 2956 1913 sint
3008 1859 3247 1930 pellicem
3291 1858 3510 1924 tunica},

2148 1952 2345 2022 quibus
2392 1949 2563 2005 Adam
2618 1961 2671 2005 et
2712 1949 2821 2004 Eva
2857 1960 2978 2019 post
3009 1949 3509 2021 praevaricationem

2154 2042 2324 2097 induti
2357 2041 2596 2097 fuerunt.

2108 2136 2188 2188 Ad
2248 2151 2543 2211 quanmam
2613 2136 2939 2189 sententiam
3009 2150 3107 2189 nos
3165 2144 3366 2189 vocant
3421 2134 3509 2189 illa

2155 2228 2320 2281 verba
2354 2245 2366 2280 :
2400 2223 2520 2279 Non
2546 2236 2684 2280 recte
2712 2227 2983 2292 obtuleris,
3025 2237 3160 2281 recte
3193 2238 3368 2282 autem
3407 2245 3511 2282 non

2150 2319 2429 2383 diviseris;
2458 2320 2731 2389 peccasti?
2768 2320 2993 2389 quiesce,
3026 2328 3131 2374 etc.

2106 2408 2239 2461 llivo
2282 2407 2450 2462 Paulo
2477 2410 2692 2463 dicente
2721 2427 2734 2462 :
2766 2410 2937 2462 Adam
2983 2425 3084 2462 non
3116 2420 3193 2463 est
3230 2411 3508 2478 deceptus,

2151 2502 2341 2557 mulier
2367 2513 2542 2556 autem
2577 2504 2790 2572 decepta
2828 2504 2883 2557 in
2910 2507 3349 2573 prtevaricatione
3370 2506 3507 2575 fuit;

2153 2604 2505 2647 verumtamen
2540 2604 2751 2663 propter
2776 2594 2966 2649 liberos
3013 2596 3291 2665 pariendos
3331 2613 3512 2652 serva-

2150 2686 2328 2750 bitur;
2390 2687 2665 2755 quomodo
2720 2687 3063 2757 intelligenda
3118 2697 3245 2743 sunt
3302 2690 3507 2755 verba,

2147 2787 2362 2846 propter
2386 2778 2575 2831 liberos
2605 2779 2886 2847 pariendos
2923 2780 3238 2832 servabitur.

2110 2869 2395 2937 Quomodo
2428 2870 2569 2925 Deus
2610 2871 2811 2940 ubique
2849 2886 2970 2926 esse
3001 2873 3236 2938 dicitur;
3266 2880 3321 2925 et
3364 2888 3505 2942 quo-

2151 2964 2315 3018 modo
2366 2964 2593 3018 dissolvi
2655 2973 2887 3034 possunt
2932 2966 3339 3031 dubitationes,
3389 2981 3511 3035 qua:

2151 3055 2415 3111 adversus
2442 3056 2585 3111 hanc
2628 3058 2956 3112 sententiam
3004 3073 3035 3113 a
3079 3057 3357 3114 nonnullis
3388 3074 3511 3128 pro-

2153 3138 2307 3201 ferun
2317 3158 2423 3203 tur.

2105 3238 2242 3293 Cum
2276 3238 2418 3295 Deus
2442 3240 2560 3311 ipse
2581 3238 2904 3295 Hebraicum
2937 3241 3195 3311 populum
3225 3240 3278 3295 in
3312 3239 3508 3295 Sama-

2153 3330 2370 3386 riticum
2400 3342 2454 3387 et
2479 3332 2767 3389 Judaicum
2805 3333 3072 3399 diviserit,
3106 3333 3247 3387 sicut
3281 3333 3509 3403 ipsemet

2148 3423 2425 3479 Salomoni
2469 3440 2529 3480 se
2576 3425 2843 3481 facturum
2885 3426 3038 3489 dixit,
3067 3441 3393 3481 curnoseos
3423 3442 3509 3481 re-

2138 3515 2525 3583 prehendimus
2559 3516 2697 3586 quia
2714 3516 2822 3571 Deo
2842 3517 3160 3571 divisionem
3193 3518 3336 3586 passi
3360 3526 3506 3573 sunt.

2107 3604 2393 3670 Quomodo
2414 3605 2539 3660 caeli
2570 3615 2827 3661 enarrant
2857 3606 3080 3675 gloriam
3110 3606 3225 3660 Dei.

2108 3695 2246 3761 Quid
2270 3706 2352 3749 est
2384 3714 2397 3749 :
2423 3693 2718 3765 Increpasti
2741 3706 2936 3767 gentes,
2969 3705 3019 3751 et
3041 3698 3195 3764 periit
3220 3699 3435 3767 impius.

2101 3786 2398 3857 Cujusnam
2419 3797 2499 3842 est
2522 3787 2612 3841 illa
2642 3804 2744 3842 vos
2769 3788 2934 3854 :Quis
2957 3799 3032 3843 est
3054 3790 3153 3844 iste
3177 3805 3268 3843 rea:
3295 3789 3512 3859 glorias?

2106 3880 2217 3936 Cur
2262 3880 2459 3950 jejunii
2526 3891 2740 3952 tempus
2798 3883 3233 3955 quadragenario
3297 3884 3507 3939 dierum

2149 3988 2379 4027 numero
2404 3974 2725 4042 praeﬁnitur.

2102 4064 2237 4122 Cum
2258 4068 2672 4138 primogenitum
2699 4067 2841 4123 Deus
2860 4068 3109 4123 lsraelem
3141 4070 3507 4139 appellaverit.

2103 4158 2178 4214 De
2221 4161 2564 4215 ethnicorum
2613 4163 2921 4228 sententiis,
2971 4178 3093 4232 quae
3137 4163 3191 4217 in
3227 4161 3509 4234 Scriptura

2153 4261 2342 4307 nostra
2379 4252 2749 4322 reperiuntur.

2106 4344 2344 4411 Tiaram,
2389 4349 2586 4419 inquit,
2629 4348 2932 4420 Scriptura,
2966 4350 3020 4405 in
3058 4352 3233 4421 capite
3266 4351 3509 4422 pontifex

2145 4440 2385 4512 gerebat.
3302 4440 3305 4441 ⁷

2104 4529 2395 4598 Quomodo
2425 4532 2635 4604 legatus
2667 4534 2814 4589 venit
2844 4534 3099 4589 Christus
3134 4551 3161 4586 ει
3203 4533 3381 4589 Patre.

2145 4715 2384 4769 disserit.

2110 4805 2395 4873 Quomodo
2417 4806 2826 4878 intelligendum
2852 4807 2985 4862 illud
3011 4808 3078 4865 de
3106 4809 3242 4865 Jobo
3263 4810 3468 4866 dictum
3493 4827 3508 4866 :

2148 4898 2436 4953 Maledicta
2457 4899 2568 4953 dies
2596 4916 2700 4969 qua
2728 4911 2887 4953 natus
2917 4916 3058 4967 sum.

2100 4988 2240 5057 Quid
2267 5000 2351 5046 est
2381 4990 2513 5045 illud
2542 5010 2556 5046 :
2586 4989 2689 5047 Per
2716 4994 3073 5061 ntemetipsum
3095 4994 3302 5064 juravi,
3335 4997 3509 5069 inqvit

2147 5082 2427 5139 Dominus.

2043 5216 2058 5231 .
2099 5175 2236 5243 Quid
2260 5186 2344 5232 est
2377 5195 2391 5231 :
2426 5175 2495 5230 Et
2518 5184 2665 5231 tuam
2695 5178 2864 5247 ipsius
2887 5180 3119 5232 animam
3146 5180 3360 5251 gladius
3388 5200 3509 5252 per-

2148 5264 2421 5319 transibit;

2101 5353 2240 5421 Quid
2287 5367 2370 5411 est
2402 5373 2415 5410 :
2448 5355 2628 5411 Nolite
2674 5359 3017 5429 ingemiscere
3066 5363 3119 5415 in
3161 5363 3501 5431 alterutrum,

2145 5462 2207 5501 ne
2239 5448 2455 5503 invicem
2484 5448 2823 5518 judicemini.

2100 5541 2332 5607 Quinam
2363 5552 2492 5597 sunt
2521 5543 2719 5597 lﬂtBClll
2748 5552 2801 5597 et
2836 5545 3081 5600 masc-hae.

2098 5635 2237 5702 Quid
2289 5646 2373 5690 est
2424 5637 2785 5705 apostolicqu
2841 5638 2969 5691 illud
3015 5638 3300 5708 :Subjccti
3343 5650 3505 5695 estote

2147 5728 2289 5781 omni
2341 5729 2583 5781 humanm
2630 5740 2887 5783 creatum
2930 5742 3142 5801 propter
3190 5732 3501 5799 Dominum,

2146 5832 2393 5891 tanquam
2421 5820 2660 5876 libertate
2700 5830 2919 5879 utentes.
