3810 6306
426 315 513 380 ~43

471 430 562 484 65.
606 427 662 483 Si
710 425 852 481 Deus
917 425 1118 496 ubique
1175 431 1278 487 est,
1330 435 1554 477 curnam
1608 421 1678 473 sit
1734 416 2005 473 calumnia
2040 425 2081 477 Α

650 521 915 575 adversus
959 516 1298 588 mysterium,
1348 513 1633 584 praesentia
1686 512 1807 580 ejus
1849 510 1903 564 in
1932 509 2006 563 fe-

650 612 811 666 mina:
848 610 1048 664 utero?
1078 607 1294 677 Utique,
1345 606 1422 660 ait
1456 602 1826 663 adversarius,
1864 600 2006 653 haud

651 678 734 751 est
763 697 1036 750 calumnia
1065 695 1352 765 praesentia
1387 694 1477 747 Dei
1505 693 1556 746 in
1589 691 1804 747 femina:
1831 697 2008 753 utero,

649 792 790 845 sicut
863 789 991 844 alibi
1035 790 1261 856 ubique;
1311 786 1781 841 verumenimvero
1828 783 2010 837 incar-

652 884 799 937 natio
830 882 920 935 Dei
954 897 1021 935 ex
1046 882 1183 950 ipsa,
1213 879 1304 948 qui
1337 878 1449 933 fieri
1482 874 1685 946 potuit?

614 971 808 1028 Utrum
856 973 1131 1026 diemones
1161 970 1442 1030 sciverint,
1476 969 1618 1037 quod
1648 967 1693 1022 si
1745 965 2007 1035 resipuis-

653 1072 805 1126 seut,
854 1064 1066 1117 veniam
1115 1062 1326 1132 peccati
1387 1066 1878 1129 consequerentur;
1937 1071 2005 1108 an

658 1156 839 1225 potius
874 1155 1057 1209 divina
1088 1152 1351 1222 sapientia
1388 1152 1556 1207 semel
1580 1151 1805 1213 amissa,
1846 1146 2008 1216 hujus

661 1261 879 1316 quoque
905 1247 980 1300 rei
1018 1246 1206 1299 notitia
1233 1243 1447 1313 spoliati
1473 1243 1693 1296 fuerint.

608 1336 847 1392 Curnam
896 1345 1045 1390 totus
1090 1336 1341 1405 leprosus
1385 1334 1438 1388 iu
1465 1333 1834 1400 gTestamento
1900 1335 2008 1391 Ve-

656 1436 792 1491 tere,
818 1426 1050 1480 tnundus
1072 1423 1526 1490 existimabatur;
1561 1423 1806 1493 leprosus
1828 1434 2007 1478 autem

654 1535 722 1572 ex
753 1530 924 1588 parte,
956 1518 1291 1572 immundus.

558 1651 572 1664 .
614 1610 726 1664 Cur
767 1609 1004 1679 Spiritus
1049 1609 1249 1663 dicitur
1280 1607 1404 1661 Filii
1446 1607 1666 1679 imago?
1705 1615 1758 1661 et
1783 1605 2005 1676 quinam

655 1709 737 1757 est
772 1700 1234 1772 Pythagoreorum
1265 1699 1573 1768 quaternio.

556 1833 570 1846 .
611 1792 722 1848 Cur
750 1784 983 1861 lapidem
1015 1790 1184 1847 Jacob
1212 1790 1453 1845 unxerit.
2045 1772 2086 1827 Β

560 1926 573 1939 .
619 1883 733 1937 Tibi
770 1882 870 1936 soli
906 1882 1138 1951 peccaui,
1187 1891 1237 1935 et
1261 1879 1460 1933 malum
1498 1894 1676 1931 coram
1717 1887 1765 1933 te
1803 1879 1923 1945 feci,
1955 1892 2011 1934 ut

662 1975 838 2027 vincas
872 1989 990 2026 cum
1004 1971 1293 2041 judicaris.

488 2065 579 2121 71.
620 2063 766 2128 Scio,
805 2064 943 2133 quod
972 2064 1024 2116 in
1073 2078 1156 2117 me
1191 2077 1294 2116 non
1321 2060 1520 2114 habitet
1562 2061 1636 2130 (id
1666 2071 1748 2117 est
1774 2064 1830 2116 in
1858 2079 2014 2118 carne

673 2156 831 2223 mea),
864 2155 1077 2208 bonum.

486 2246 579 2301 72.
620 2245 729 2302 Cur
757 2248 1117 2301 admonemur
1150 2244 1460 2301 renuntiare
1483 2246 1723 2311 Satanm,
1753 2262 1861 2301 non
1888 2246 2015 2302 item

665 2343 848 2410 pravis
880 2340 1214 2395 hominibus.

492 2429 580 2483 73.
620 2427 731 2484 Cur
761 2427 1014 2483 Samonze
1045 2429 1277 2484 inditum
1312 2444 1508 2486 nomen
1543 2428 1897 2485 confessoris.

490 2520 580 2574 74.
623 2521 736 2575 Cur
768 2520 1066 2575 cruciﬁxus
1095 2520 1347 2575 Christus
1374 2519 1559 2575 fuerit.

492 2614 581 2667 75.
620 2613 906 2679 Quomodo
930 2614 1285 2683 apostolicum
1313 2615 1519 2669 dictum
1555 2611 1723 2684 Signa
1760 2629 1862 2667 non
1890 2621 2015 2666 sunt

662 2701 929 2771 ﬁdelibus,
964 2708 1052 2757 sed
1081 2702 1382 2773 inﬁdelibus
1411 2718 1534 2757 cum
1568 2704 1865 2758 Dominicis
1897 2718 2017 2757 ver—

660 2790 786 2846 bis:
825 2790 987 2845 Fides
1042 2801 1134 2846 tua
1172 2792 1377 2846 salvum
1425 2802 1471 2846 te
1502 2793 1668 2862 fecit;
1724 2802 1780 2847 et
1811 2810 1825 2846 :
1858 2792 2017 2846 Haud

661 2886 833 2953 potuit
875 2885 1029 2954 signa
1068 2884 1240 2954 facere
1275 2895 1487 2955 propter
1515 2901 1696 2939 eorum
1728 2885 2049 2938 increduli-‘

661 2986 818 3030 talem
837 2995 855 3042 ;
874 2985 1068 3032 etcum
1090 2979 1299 3032 caeteris
1316 2978 1600 3047 ejusmodi,
1620 2977 2019 3033 conciliabitur.

498 3068 589 3124 76.
629 3067 685 3122 Si
724 3069 883 3124 tellus
917 3080 1057 3135 erat,
1091 3070 1365 3139 quomodo
1394 3070 1535 3125 facta
1564 3072 1684 3124 est?
1714 3071 1804 3125 Ait
1834 3072 1975 3124 enim
2003 3087 2092 3167 :.c

666 3160 840 3215 Tellus
874 3169 1011 3214 erat.

565 3291 581 3309 .
625 3253 680 3309 Si
721 3254 896 3307 lucem
948 3252 1092 3308 Deus
1115 3254 1833 3324 creavit,nequaquamipse
1866 3263 1919 3308 et
1945 3262 2022 3310 te-

667 3345 861 3399 nebras
888 3344 1042 3410 fecit;
1068 3353 1192 3398 sunt
1210 3345 1355 3410 enim
1371 3345 1487 3400 haec
1503 3345 1641 3399 inter
1659 3361 1717 3401 se
1728 3346 2021 3403 contraria.

495 3436 584 3492 78.
629 3435 739 3491 Cur
774 3436 920 3491 feras
954 3445 1008 3490 et
1030 3436 1241 3505 reptilia
1277 3437 1417 3491 Deus
1450 3438 1672 3491 creavit.

566 3568 579 3583 .
619 3530 849 3584 Cuinam
910 3528 1049 3583 dixit
1080 3528 1270 3585 Deus:
1310 3526 1603 3583 Faciamus
1647 3529 1907 3584 hominem
1957 3533 2026 3584 ad

667 3622 948 3691 imaginem
983 3632 1030 3676 et
1075 3621 1481 3676 similitudinem
1515 3633 1778 3677 nostram.

491 3706 582 3765 80.
624 3709 763 3775 Quid
788 3718 894 3773 est,
920 3709 983 3763 ad
1010 3708 1329 3779 imaginem.

496 3801 585 3856 81.
626 3800 729 3867 Qui
765 3800 930 3854 Deum
971 3800 1255 3870 appellatis
1288 3801 1491 3855 bonum
1513 3841 1528 3865 ,
1561 3816 1659 3855 cur
1691 3799 1867 3855 eidem
1900 3808 2025 3855 tan-

668 3904 775 3949 tam
816 3893 1071 3948 duritiem
1129 3894 1464 3949 attribuitis?
1516 3893 1825 3948 Crudelitas
1881 3893 2025 3947 enim

668 3993 833 4050 atque
859 3981 1065 4037 saevitia
1105 3989 1210 4049 est,
1259 3983 1444 4052 exigui
1485 3983 1593 4037 cibi
1629 3998 1796 4038 causa
1822 3992 2025 4037 tantam

672 4088 885 4142 ptenam
940 4072 1205 4143 infligere,
1256 4088 1364 4127 non
1425 4073 1604 4128 solum
1651 4075 2022 4145 peccantibus.

2149 869 2238 922 95.

478 973 567 1028 66.

480 1337 568 1392 67.

2124 2879 2244 2934 168.

668 4180 854 4218 verum
882 4165 1047 4218 etiam
1076 4166 1319 4233 ipsorum
1348 4165 1608 4234 posteris.
2130 4156 2254 4210 117.

494 4252 583 4307 82.
623 4252 901 4319 Quosnam
934 4254 1025 4309 Dei
1058 4255 1196 4310 lilios
1235 4253 1450 4325 Moyses
1480 4258 1849 4326 appellaverit.
2058 4305 2101 4326 η
2134 4246 2255 4301 “3-

495 4344 581 4398 85.
626 4342 768 4413 Lege
796 4344 1040 4398 nondum
1068 4345 1264 4413 posita,
1299 4305 1420 4413 qius:
1450 4305 1657 4415 pali-em
1682 4360 2024 4420 matremque
2058 4305 2103 4360 Β
2139 4340 2260 4395 “9-

670 4436 905 4490 revereri
930 4436 1164 4507 juberet,
1188 4451 1415 4491 curnam
1444 4437 1613 4493 Cham
1648 4442 1811 4497 veluti
1847 4444 2026 4513 parri-

672 4526 793 4582 cida
824 4527 1134 4583 damnatur.

499 4620 585 4674 84.
634 4618 869 4673 Curnam
910 4619 1098 4675 Chami
1132 4625 1434 4692 peccatoris
1462 4625 1603 4681 filius
1626 4626 1851 4683 dilectus
1879 4637 1980 4683 est.

496 4704 586 4758 85.
627 4704 867 4761 Curnam
895 4708 1171 4764 Abraham
1204 4714 1476 4770 credentis
1523 4716 1681 4771 titulo
1715 4717 2028 4785 insignitur,
2080 4743 2087 4750 -

671 4798 763 4865 (Ιυί
813 4798 925 4854 Deo
970 4800 1215 4858 dixerit:
1249 4802 1368 4869 Quo
1415 4806 1565 4876 signo
1621 4824 1925 4878 agnoscam,
1954 4825 2034 4863 me
2134 4799 2257 4854 125.

2134 4888 2259 4943 124.

671 4888 821 4941 illam
855 4890 1093 4963 (terram)
1122 4893 1231 4962 fore
1262 4912 1652 4966 possessurum.

497 4976 587 5032 86.
629 4976 800 5043 Quam
819 4981 889 5034 ob
912 4997 1133 5039 causam
1162 4987 1396 5042 luctatur
1413 5005 1533 5043 cum
1558 4990 1764 5045 Jacobo
1787 4991 2030 5059 angelus.

500 5066 589 5121 87.
624 5068 924 5137 Cujusnam
967 5072 1042 5124 rei
1086 5074 1301 5145 signum
1340 5076 1476 5145 fuit,
1519 5078 1714 5133 rubum
1759 5079 1949 5134 ardere
1980 5088 2037 5135 et

676 5176 787 5214 non
820 5162 1091 5217 comburi.

498 5249 589 5304 88.
631 5249 804 5321 Lepra
844 5254 1029 5308 manui
1067 5253 1263 5323 injecta
1294 5272 1411 5310 cur.

496 5344 588 5398 89.
628 5349 738 5397 Cur
767 5347 991 5414 angelus
1023 5345 1241 5418 Moysen
1287 5349 1601 5406 interimere
1633 5353 1891 5409 voluerit.

498 5434 590 5490 90.
630 5436 742 5491 Cur
770 5435 948 5507 fugam
982 5426 1401 5509 properantibus
1434 5443 1719 5513 imperavit
1753 5446 1892 5502 Deus
1947 5464 2037 5517 pa-

677 5529 883 5584 schalis
905 5530 1298 5587 solemnitatem
1333 5549 1609 5605 peragere.

505 5620 594 5676 9|.
637 5620 923 5689 Quomodo
946 5624 1352 5695 intelligendum
1385 5627 1513 5683 illud
1541 5630 1770 5698 apostoli
1802 5648 1815 5685 τ
1846 5630 2035 5685 Omnes

686 5714 739 5767 in
774 5717 990 5787 Moysen
1032 5719 1290 5788 baptizati
1329 5737 1528 5791 sumus,
1584 5729 1715 5789 etc.,
1754 5739 1924 5794 usque
1970 5722 2035 5777 ad

2139 5072 2244 5127 125

2140 5256 2243 5310 126

2138 5348 2241 5403 η’]

2144 5442 2244 5497 128

2143 5532 2243 5587 199

2144 5724 2246 5779 150

1574 311 1837 373 ΡΗΟΤΙΙ
1876 309 2378 371 PATRIARCH/E
2415 310 2527 370 CP.

2218 476 2225 482 ,
2320 424 2467 485 petra
2502 423 2678 470 autem
2704 422 2817 467 erat
2847 410 3109 467 Christus.

2138 510 2227 563 92.
2269 508 2573 574 Quomodo,
2618 506 2832 576 justitia
2866 501 3169 567 incolumi,
3211 513 3309 560 pro
3347 492 3691 567 parentibus

2141 961 2226 1016 96.
2275 959 2557 1026 Quomodo
2586 955 2920 1012 vestimentis
2944 954 3083 1020 lepra
3116 948 3413 1004 accidebat.

2142 1053 2230 1108 97.
2271 1051 2408 1118 Quid
2446 1050 2751 1121 significant
2779 1049 2897 1101 duae
2916 1044 3138 1099 aviculae
3167 1056 3263 1111 pro
3291 1037 3569 1093 mundata
3602 1034 3701 1087 ob-

2142 1142 2227 1197 98.
2268 1142 2378 1197 Cur
2418 1142 2607 1211 procul
2650 1138 2997 1194 tabernaculo
3049 1136 3188 1188 Deus
3228 1132 3395 1202 jussit
3449 1126 3701 1197 pecudes

2123 2415 2247 2483 106,

2126 2972 2251 3027 109.

2130 3152 2254 3207 110.

2131 3243 2254 3297 111.

2126 3610 2249 3664 11⁸5.

2126 3793 2251 3847 illi.

2128 3886 2251 3939 115.

2132 3977 2256 4031 116.

2137 4431 2258 4485 190.

2134 4526 2255 4580 121,

2135 4618 2257 4695 tea.

3623 282 3693 349 Ut

2322 601 2626 669 puniuntur
2657 597 2836 652 liberi.

2143 685 2230 738 9'5.
2275 683 2417 750 Quid
2447 694 2551 751 est,
2586 684 2959 754 configuratus
2989 678 3191 734 infans.

2142 778 2232 832 94.
2272 776 2383 830 Cur
2407 777 2817 830 tabernaculum
2847 773 2985 828 Deus
3012 772 3124 825 lieri
3147 766 3392 839 jusserit.

2283 869 2391 922 Cur
2416 866 2627 921 tabulas
2663 864 2876 935 Moyses
2909 858 3255 925 confregerit.

2283 959 2557 1013 Duomodo
2586 955 2920 1012 vestimentis
2944 954 3083 1013 lepra
3116 948 3413 1004 accidebat.
3528 939 3553 1013 [

3559 944 3697 995 late.

2317 1233 2436 1288 esui
2466 1242 2620 1302 aptas
2645 1230 2843 1286 occidi.

2137 1323 2224 1378 99.
2262 1323 2374 1376 Cur
2396 1320 2670 1375 numerari
2700 1319 2952 1389 populum
2984 1315 3126 1370 Deus
3164 1312 3465 1367 mandavit.

2109 1414 2229 1470 100.
2268 1413 2377 1469 Cur
2419 1412 2591 1466 farina
2625 1411 2923 1465 hordeacea
2952 1423 3048 1478 pro
3073 1422 3154 1469 ea,
3189 1420 3309 1475 qua:
3334 1410 3608 1471 suspecta
3636 1398 3701 1452 de

2326 1503 2594 1557 adulterio
2627 1509 2765 1565 erat,
2814 1498 3160 1554 offerebatur.

2108 1595 2229 1650 101.
2270 1594 2379 1650 Cur
2410 1592 2761 1665 peccantibus
2798 1590 2981 1645 Statim
3031 1599 3208 1656 poenae
3242 1581 3666 1651 irrogahantur.

2112 1688 2235 1742 102.
2275 1685 2386 1741 Cur
2440 1683 2827 1739 seditiosorum
2887 1678 3160 1734 thuribula
3185 1674 3387 1729 servari
3438 1670 3701 1740 deposita

2328 1774 2468 1844 apud
2496 1774 2667 1827 altare
2698 1771 2839 1825 Deus
2867 1766 3234 1838 imperaverit.

2116 1866 2237 1921 105.
2278 1865 2387 1920 Cur
2445 1864 2612 1935 Moysi
2664 1872 2719 1918 et
2781 1861 2981 1915 Aaroni
3043 1859 3357 1927 indignatus
3410 1860 3500 1907 est
3556 1850 3702 1904 Deus

2332 1967 2552 2027 propter
2579 1971 2776 2026 aquam
2807 1971 2837 2009 e
2865 1963 3015 2024 petra
3043 1952 3295 2006 eductam

2116 2047 2237 2102 101.
2274 2046 2384 2102 Cur
2411 2047 2607 2103 cmlum
2634 2057 2688 2102 et
2703 2054 2902 2100 terram
2922 2040 3578 2110 testesinvocarijussnm
3593 2046 3696 2090 est.

2118 2141 2242 2196 105.
2282 2139 2565 2206 Quomodo
2602 2137 3006 2207 intelligendum
3033 2134 3170 2201 illud
3198 2132 3543 2191 :La’lamini,
3576 2145 3704 2198 gen-

2330 2240 2425 2294 tes,
2465 2245 2582 2282 cum
2625 2227 2813 2297 populo
2853 2226 2988 2294 ejus,
3030 2234 3120 2279 et:
3170 2221 3309 2276 Huic
3360 2218 3701 2272 auxilientur

2334 2320 2506 2392 angeli
2530 2320 2647 2373 Dei.

2285 2417 2396 2471 Cur
2422 2416 2491 2469 ob
2521 2414 2635 2468 leve
2664 2420 2902 2466 erratum
2935 2407 3146 2479 Moyses
3166 2406 3355 2477 jussus
3378 2414 3461 2459 est
3489 2413 3695 2458 terram

2338 2508 2526 2578 procul
2565 2506 2829 2574 aspicere,
2864 2502 2991 2556 illuc
3040 2510 3219 2554 autem
3245 2499 3502 2569 populum
3530 2494 3695 2548 indu—

2330 2616 2454 2655 cere
2494 2600 2711 2653 vetitus.

2122 2694 2244 2749 107.
2284 2693 2421 2760 Quid
2455 2701 2557 2756 est,
2590 2691 2642 2744 in
2674 2688 2886 2744 modico
2936 2685 3069 2741 mihi
3112 2682 3409 2755 persuades
3447 2689 3508 2735 ut
3536 2676 3698 2734 Chri-

2333 2785 2546 2840 stianus
2580 2783 2726 2836 fiam.

2286 2876 2424 2943 Quid
2454 2884 2554 2939 est,
2572 2875 2663 2944 qui
2683 2872 2977 2944 przelinitus
2991 2868 3254 2923 estFilius
3279 2865 3369 2919 Dei
3389 2866 3437 2917 in
3469 2864 3695 2916 virtute.

2292 2968 2433 3036 Quid
2472 2978 2576 3032 est,
2627 2965 2929 3035 prohibitus
2959 2977 3080 3018 sum
3118 2948 3290 3028 usque
3319 2958 3534 3036 adhuc,
3562 2969 3698 3023 quo-

2338 3060 2517 3114 minus
2550 3058 2785 3111 fructum
2812 3056 3046 3125 aliquem
3081 3069 3349 3122 caperem.

2294 3149 2435 3216 Quid
2458 3158 2562 3212 est,
2594 3146 2804 3217 justitia
2832 3154 3009 3199 autem
3044 3143 3135 3198 Dei
3171 3143 3223 3195 in
3252 3141 3367 3211 ipso
3401 3147 3695 3193 revelatur.

2293 3240 2433 3308 Quid
2491 3239 2759 3308 significat
2826 3236 3031 3290 dictum
3096 3231 3224 3286 illud
3288 3230 3694 3300 apostolicum:

2347 3331 2566 3387 Tradite
2591 3330 2759 3399 ipsum
2789 3328 3027 3383 Satantc.

2234 3465 2247 3481 .
2287 3424 2427 3492 Quid
2459 3432 2575 3478 est:
2609 3419 2675 3485 In
2709 3421 2864 3489 ﬁnem
2908 3427 3120 3488 propter
3165 3432 3281 3471 eam
3319 3429 3435 3486 quae
3472 3410 3697 3466 haeredi—

2337 3525 2499 3571 tatem
2529 3513 2773 3571 sortitur.

2290 3607 2530 3669 Domine,
2562 3621 2623 3659 ne
2650 3605 2703 3657 in
2736 3603 2914 3672 furore
2944 3610 3030 3653 tuo
3070 3616 3267 3670 arguas
3307 3614 3420 3665 me,
3452 3613 3617 3668 neque
3648 3595 3696 3648 in

2337 3701 2421 3753 ira
2452 3708 2543 3750 tua
2573 3695 2829 3763 corripias
2860 3709 2958 3747 me.

2294 3790 2433 3857 Quia
2460 3791 2774 3843 conturbata
2804 3796 2925 3840 sunt
2955 3801 3076 3838 ossa
3108 3800 3242 3836 mea.

2298 3883 2539 3948 Domine,
2578 3880 2646 3934 ad
2679 3889 2725 3933 te
2755 3879 2999 3942 clamavi,
3028 3875 3221 3930 exaudi
3262 3888 3360 3926 me.

2308 3974 2439 4029 Voce
2457 3988 2571 4026 mea
2597 3972 2664 4023 ad
2693 3969 2976 4022 Dominum
3005 3964 3259 4029 clamavi,
3291 3977 3408 4015 voce
3432 3976 3548 4014 mea
3596 3957 3698 4012 Do-

2338 4064 2541 4115 minum
2579 4059 2889 4128 deprecatus
2914 4072 3050 4110 sum.
3214 4068 3217 4071 '

2296 4155 2433 4221 Quid
2468 4162 2573 4217 est,
2600 4152 2741 4222 quod
2775 4149 2971 4203 Michol
3004 4144 3190 4199 Davidi
3225 4142 3523 4197 benedixit.

2298 4248 2406 4301 Cur
2440 4244 2606 4298 David
2637 4241 2814 4311 ephod
2844 4240 3064 4292 indutus
3104 4242 3210 4289 est.

2298 4338 2568 4404 Quidnam
2601 4336 2794 4404 agebat
2821 4331 2991 4386 Adam
3024 4331 3077 4383 in
3115 4327 3364 4399 paradiso

2302 4433 2409 4485 Cur
2445 4430 2546 4483 sub
2576 4441 2858 4495 vesperam
2893 4422 3276 4477 immolabatur
3298 4432 3491 4489 agnus.

2299 4523 2439 4589 Quid
2468 4531 2571 4586 est,
2609 4521 2816 4574 Ponant
2848 4534 3029 4571 arcum
3057 4532 3225 4569 meum
3258 4517 3313 4567 in
3345 4515 3499 4565 nube.

2298 4617 2488 4672 Justus
2518 4613 2632 4670 Noe
2679 4629 2778 4669 cur
2822 4612 3006 4667 ebrius
3050 4606 3495 4679 deprehenditur,
3526 4618 3700 4673 neque

2343 4722 2531 4776 pcenas
2570 4705 2682 4761 dat.
3228 4692 3233 4705 ’

2298 4797 2436 4864 Quid
2458 4806 2561 4862 est,
2588 4797 2831 4862 Domine,
2858 4814 2961 4851 non
2978 4805 3054 4850 est
3074 4794 3369 4849 exaltatum
3393 4811 3485 4848 cor
3512 4808 3697 4847 meum.

2302 4890 2416 4955 Qua
2448 4890 2515 4944 de
2548 4906 2713 4944 causa
2742 4891 2794 4945 iu
2824 4890 2978 4954 rubo,
3027 4904 3133 4942 non
3161 4898 3338 4941 autem
3375 4887 3429 4941 in
3470 4886 3579 4941 alio
3617 4901 3699 4939 ar-

2346 4980 2497 5036 boris
2525 4998 2740 5050 genere,
2772 4981 2939 5053 Moysi
2969 4981 3111 5071 Deps
3139 4979 3470 5050 apparuerit.

2305 5072 2417 5128 Cur
2442 5090 2472 5127 a
2521 5074 2634 5129 Deo
2666 5075 2996 5144 permissum
3022 5068 3110 5136 sit,
3136 5072 3322 5126 divum
3367 5068 3622 5124 Davidem
3653 5070 3700 5121 in

2349 5167 2453 5221 tale
2486 5175 2808 5235 tantumque
2843 5174 3123 5235 peccatum
3166 5163 3425 5218 incidere.

2302 5255 2378 5311 De
2400 5257 2587 5327 populi
2612 5256 2978 5327 descriptione
3006 5256 3107 5310 sub
3142 5254 3332 5309 David.

2302 5349 2413 5403 Cur
2438 5348 2608 5404 David
2645 5350 2824 5404 dictus
2862 5348 2933 5403 sit
2966 5349 3049 5402 vir
3082 5348 3379 5403 secundum
3412 5360 3509 5400 cor
3534 5345 3626 5399 Dei

2306 5441 2419 5498 Cur
2446 5459 2608 5499 mane
2638 5444 2917 5513 deplueret
2943 5444 2996 5498 in
3028 5442 3302 5497 desertum
3345 5456 3567 5494 manna.

2303 5534 2413 5587 Cur
2434 5549 2461 5587 a
2495 5534 2606 5588 Deo
2633 5534 2839 5589 dictum
2881 5533 3193 5589 Ahrahamo
3220 5551 3232 5589 :
3261 5531 3466 5586 Ponam
3500 5540 3701 5600 pactum

2359 5642 2528 5681 meum
2559 5629 2693 5681 inter
2720 5642 2801 5679 me
2826 5634 2874 5679 el
2903 5633 2949 5677 te

2311 5723 2385 5779 De
2415 5719 2620 5776 Jacoho
2646 5728 2699 5777 et
2728 5716 2843 5774 Lia.
