3916 6192
295 166 370 230 45
1353 166 1454 226 AD
1484 162 1890 225 AMPHILOC]

1971 164 2084 223 UM
2117 162 2537 223 ΡΡυῈἘΑΤΙΟ.
3500 159 3573 224 46

300 315 1830 348 W

1817 316 2278 341 mr—

2298 308 2559 324 ,α’-α-

1602 476 2246 611 ΦΩΤΙΟΥ

1124 708 1674 765 ΠΑΤΡῘΑΡΧΟΥ
1733 708 2729 764 ΚΩΝΣΤΑΝΤΙΝΟΥΠΟΛΕΩΣ

1335 885 1535 997 ΤΑ
1628 874 2533 999 ΑΜΦΙΛΟΧΙΑ

698 1276 1077 1365 ΑΟΓΩΝ
1121 1258 1448 1365 ΙΕΡΩΝ
1490 1274 1685 1363 ΚΑΙ
1744 1277 1888 1362 ΖΗ

1971 1275 2439 1364 ΗΜΑΤΩΝ
2479 1274 3140 1366 ΙΕΡΟΛΟΓΙΑΙ.

1097 1878 1664 1937 ΡΛΤΒΙΑΠΟΗᾹΞ
1736 1877 2745 1937 CONSTANTINOPOLITANI

1215 2065 2585 2193 AMPHILOCHIA

1866 2313 1987 2354 SWE

358 2478 484 2567 ΙΝ
560 2474 975 2567 SACRAS
1027 2472 1609 2565 LITTERAS
1686 2473 1840 2563 ET
1913 2472 2709 2581 QUIESTIONES
2815 2476 3475 2572 DIATRIBIE.

278 2797 459 2850 ΠΡΟΣ
509 2793 941 2851 ΔΜΦΙΛΟΧΙΟΝ
988 2793 1127 2848 TON
1172 2791 1556 2847 ΟΣΙΩΤΑΤΟΝ
1592 2792 1865 2848 ΜΗΤΡΟ-

1971 2792 2059 2848 AD
2128 2791 2654 2849 AMPHILOCHIUM
2736 2793 3252 2852 SANCTISSIMUM
3321 2795 3546 2854 CYZlCl

741 2886 1053 2941 IIOAITHN
1092 2887 1410 2940 ΚΥΖΙΚΟΥ

275 2984 373 3039 EN
420 2984 508 3055 Τῼ
546 2982 760 3053 KAth
798 2982 934 3035 ToN
974 2980 1373 3035 HEIPAZMQN
1426 2977 1864 3035 znruMATnN

411 3076 747 3129 ΔΙΔΦΟΡΩΝ
789 3075 896 3129 ΕΙΣ
949 3073 1265 3127 ΑΡΙΘΜΟΝ
1303 3071 1729 3125 ΤΡΙΑΚΟΣΙΩΝ

329 3168 873 3224 ΣΥΝΤΕΙΝΟΝΤΩΝ
913 3165 1246 3220 ΕΠΙΛΥΣΙΝ
1281 3163 1809 3218 ΑῘΤΗΣΑΜΕΝΟΝ.

351 3282 464 3353 Τῆς
494 3280 733 3351 σπουδῆς
764 3297 856 3333 σου
901 3279 963 3332 τὸ
1002 3279 1225 3349 γνήσιον
1255 3277 1603 3348 δυσωπηθεὶς
1630 3277 1731 3351 τὴν
1765 3278 1865 3348 σὴν

278 3376 467 3445 ἀφῆκα
495 3373 632 3444 πρὸς
664 3373 837 3444 πέρας
865 3371 1062 3437 ἐλθεῖν,
1095 3370 1170 3434 ὡς
1202 3370 1449 3438 ἐλπίσας,
1476 3370 1693 3441 αἴτησιν
1715 3386 1729 3401 ο
1770 3368 1866 3423 καί

276 3485 365 3521 τοι
391 3465 559 3520 πολλὰ
581 3462 671 3538 ἦν,
709 3467 803 3519 καὶ
835 3465 1036 3536 κράτος
1065 3459 1232 3534 εἶχεν,
1266 3462 1300 3517 ἃ
1330 3463 1431 3534 τὴν
1463 3461 1602 3533 ἐμὴν
1636 3461 1865 3533 γνώμην

278 3559 494 3613 ἐκεῖθεν
523 3558 863 3613 ἀνέστελλεν.
894 3558 992 3610 Ἐν
1028 3556 1126 3628 μὲν
1154 3556 1234 3609 ὅτι
1261 3571 1368 3626 περ
1398 3555 1499 3609 οὐκ
1522 3555 1726 3623 ὀλίγοις
1751 3556 1866 3619 τοῖς

276 3651 390 3722 πρὸ
427 3650 584 3721 ήμῶν
636 3650 797 3721 ἱερῶν
830 3649 1040 3720 ἀνδρῶν
1071 3649 1140 3702 τὰ
1178 3648 1408 3702 πλεῖστα
1444 3647 1554 3701 τῶν
1587 3648 1696 3700 σῶν
1723 3648 1862 3702 ἀπο-

280 3744 545 3815 ρημὰτων
577 3743 679 3814 τῆς
701 3741 929 3813 δεούσης
954 3741 1281 3813 διακρίσεως
1309 3739 1522 3810 ἔτυχεν.
1551 3739 1781 3810 Ἕτερον
1806 3739 1866 3792 δὲ

274 3836 361 3889 ὅτι
390 3836 524 3907 ἡμῖν
551 3836 737 3899 αὐτοῖς
783 3835 884 3888 οὐκ
925 3832 1081 3901 ὀλίγα
1110 3832 1318 3885 τούτων
1350 3831 1646 3902 ἀλλαχόθεν
1679 3831 1865 3884 ἐπιλέ-

275 3927 458 3983 Iurat.
489 3929 562 3981 Οὐ
590 3927 697 4000 μὴν
730 3927 866 3982 ἀλλὰ
895 3929 988 3979 καὶ
1020 3926 1178 3996 ὄχλον
1210 3925 1466 3979 τοσοῦτον
1502 3925 1731 3979 διελθεῖν
1766 3942 1864 3977 συ-

276 4021 407 4093 χνδν
436 4022 659 4074 ἀπαιτεῖ
684 4020 873 4091 χρόνον
897 4036 911 4050 ’
967 4018 1146 4072 καίτοι
1187 4017 1281 4072 τοῦ
1320 4017 1513 4088 καιροῦ
1570 4016 1867 4071 συνεσταλ-

280 4116 446 4186 μένου
474 4115 614 4169 κατὰ
640 4115 739 4185 τὴν
774 4112 925 4166 θείαν
960 4110 1056 4164 τοῦ
1093 4112 1351 4183 Κήρυκος
1392 4112 1600 4183 φωνὴν,
1637 4112 1728 4165 καὶ
1762 4111 1861 4176 ὀψὲ

276 4209 639 4279 τυγχάνοντος
662 4223 676 4239 ⁸
711 4209 841 4277 ἡμῖν
874 4205 927 4259 δὲ
962 4205 1085 4276 οὐχὶ
1118 4204 1196 4276 τῷ
1231 4204 1393 4276 κοινῷ
1442 4205 1585 4277 λόγῳ
1626 4204 1720 4259 τοῦ
1762 4205 1858 4259 ἀν-

278 4302 555 4374 θρωπίνου
587 4300 703 4371 βίου
741 4300 923 4370 μόνον,
958 4299 1092 4353 ἀλλά
1115 4316 1178 4368 γε
1213 4301 1308 4352 καὶ
1338 4299 1453 4365 νῦν,
1489 4300 1581 4351 καὶ
1616 4298 1694 4369 τῷ
1723 4298 1861 4353 ἰδιά-

276 4392 426 4456 ζοντι
475 4394 503 4445 ὁ
545 4390 756 4462 καιρὸς,
790 4391 865 4454 ὡς
906 4391 1059 4463 ὁρᾷς,
1095 4389 1502 4443 ὑποστέλλεται.
1546 4388 1670 4453 Πῶς
1711 4390 1755 4443 δ’
1791 4389 1858 4445 ἂν

275 4484 482 4555 πλῆθος
505 4483 836 4554 ζητημάτων
874 4484 953 4546 εἰς
976 4483 1304 4555 τριακοσίων
1356 4483 1859 4555 συγκεφαλαιούμε-

273 4595 367 4632 νον
397 4576 628 4648 ἀριθμὸν
659 4578 849 4647 (μέχρι
875 4576 985 4649 γὰρ
1012 4577 1271 4630 τοσούτου
1303 4578 1365 4630 τὸ
1398 4578 1529 4648 περὶ
1552 4575 1727 4632 ταῦτά
1762 4594 1857 4630 σου

345 4715 361 4745 ¹
402 4717 446 4773 ll
476 4717 600 4774 Cor.
632 4732 732 4781 vtt,
770 4717 795 4770 1
830 4732 914 4788 sq.

350 4879 430 4954 (1)
470 4879 682 4936 Revera
707 4882 828 4954 ejus
849 4879 1113 4954 epistolas
1140 4879 1323 4954 aliqua
1347 4880 1587 4954 primum
1612 4893 1678 4935 ex
1710 4887 1867 4954 parte

266 4949 569 5008 37‘Graece
597 4949 803 5008 tantum
855 4949 1022 5006 David
1056 4949 1396 5007 Hoeschelius
1429 4951 1690 5022 Augusta:
1734 4949 1866 5004 Vitt-

273 5024 581 5078 delicorum
638 5024 915 5085 an.i601,
946 5037 1012 5077 ac
1059 5022 1257 5077 deinde
1305 5021 1591 5077 universas
1632 5021 1762 5083 255,
1811 5030 1867 5076 et

272 5095 495 5163 quidem
532 5093 725 5149 Latina
780 5095 1033 5150 versione
1061 5095 1264 5150 dilatas
1312 5092 1621 5148 Richardus
1652 5092 1867 5147 Monta-

272 5164 458 5219 culius
495 5164 727 5219 Londini
772 5167 907 5220 1651
965 5167 1166 5234 publici
1207 5164 1349 5234 juris
1389 5165 1867 5219 reddiderunt:et

272 5236 523 5302 quaedam
554 5236 699 5290 nulla
722 5236 892 5291 ferme
916 5237 1206 5292 verborum
1228 5236 1571 5299 diversitate,
1595 5243 1863 5306 quantum

273 5322 339 5360 ex
386 5306 492 5365 his.
534 5322 674 5375 quas
707 5306 1154 5362 Montfauconius
1193 5305 1363 5362 edidit
1407 5308 1460 5361 in
1504 5308 1706 5367 lucem,
1757 5306 1863 5361 huc

275 5391 453 5448 usque
474 5377 631 5431 licuit
658 5392 871 5445 eruere,
893 5378 1008 5433 haec
1040 5379 1154 5447 ipsa
1182 5388 1504 5448 argumenta
1528 5385 1856 5448 tractarunt.

2464 2886 3017 2945 METROPOLITAM
3032 2931 3048 2957 ,

1964 2979 2085 3048 QUI
2137 2980 2503 3037 VARIARUM
2566 2982 3045 3051 QUAZSTIONUM
3101 2984 3546 3044 SOLUTIONEM

2102 3075 2192 3128 AD
2231 3073 2756 3135 TRECENTARUM
2794 3076 3019 3143 USQUE
3058 3077 3406 3135 NUMERUM

2072 3166 2409 3223 TEMPORE
2449 3166 2952 3225 TENTATIONUM
3000 3170 3438 3228 FLAGITAVIT.

2038 3275 2281 3331 Tandem
2310 3279 2476 3334 studii
2504 3280 2580 3334 tui
2606 3280 2926 3335 sinceritate
2955 3291 3253 3351 permotus.
3277 3291 3334 3337 ut
3356 3283 3548 3352 petitio

1968 3378 2062 3425 tua
2089 3370 2156 3425 ad
2188 3370 2376 3437 finem,
2398 3372 2478 3427 uti
2506 3373 2788 3443 sperabas,
2812 3376 3224 3443 perduceretur,
3256 3376 3506 3445 acquievi
3530 3396 3543 3430 :

1968 3462 2183 3518 etiamsi
2232 3464 2427 3525 multa,
2465 3470 2519 3517 et
2556 3466 2778 3536 quidem
2822 3482 2929 3521 non
2980 3467 3116 3522 levis
3161 3468 3425 3521 momenti
3458 3467 3547 3523 fo-

1968 3563 2113 3618 rent,
2142 3569 2265 3624 quae
2304 3554 2549 3608 animum
2585 3572 2769 3612 meum
2801 3558 2928 3613 inde
2958 3571 3274 3616 avocarent.
3301 3560 3546 3615 Primum

1968 3657 2106 3712 erat,
2141 3648 2287 3717 quod
2320 3661 2600 3702 sacrorum
2638 3649 2881 3704 virorum
2914 3652 3136 3720 plurimi
3168 3661 3295 3707 aute
3322 3667 3424 3706 nos
3456 3652 3545 3706 in-

1969 3740 2163 3793 tricata
2217 3739 2331 3795 haec
2385 3749 2709 3810 argumenta
2765 3743 3003 3797 maxima
3053 3759 3119 3797 ex
3167 3753 3319 3815 parte
3366 3746 3545 3799 debita

1967 3828 2343 3883 enucleatione
2355 3828 2630 3883 donarint.
2654 3829 2920 3893 Alterum,
2944 3830 3088 3899 quod
3102 3830 3413 3887 eorumdem
3436 3847 3549 3886 non

1966 3934 2140 3990 pauca
2198 3920 2327 3974 alibi
2388 3936 2486 3990 per
2550 3936 2649 3976 nos
2713 3921 2862 3992 ipsos
2918 3923 3203 3993 explanata
3270 3924 3380 3979 sint
3447 3925 3546 3995 (1).

1968 4012 2149 4069 Nihilo
2195 4024 2376 4068 tamen
2428 4014 2612 4069 minus
2642 4022 2848 4070 tantam
2908 4031 3231 4086 percurrere
3296 4018 3547 4072 multitu-

1970 4106 2150 4163 dinem
2189 4107 2434 4162 diuturni
2484 4108 2747 4178 temporis
2791 4124 2929 4179 opus
2964 4119 3087 4176 est;
3144 4112 3295 4182 atqui
3335 4118 3550 4182 tempus

1969 4202 2132 4257 breve
2198 4212 2300 4267 est,
2351 4202 2428 4256 uti
2503 4202 2609 4259 fert
2668 4203 2851 4257 divina
2917 4204 3161 4274 Apostoli
3232 4207 3501 4263 sententia
3532 4209 3549 4238 ι

1968 4306 2023 4353 et
2068 4296 2249 4351 factus
2290 4296 2444 4351 adest
2488 4312 2722 4366 vesper;
2773 4297 2929 4352 nobis
2962 4309 3144 4354 autem
3192 4315 3300 4353 non
3333 4315 3397 4354 eo
3430 4312 3551 4355 tan-

1970 4400 2083 4445 tum
2134 4405 2321 4456 sensu,
2369 4405 2478 4460 quo
2528 4389 2595 4444 de
2635 4390 2871 4445 humana
2915 4391 3029 4446 vita
3094 4393 3309 4458 dicitur,
3354 4394 3447 4447 sed
3497 4403 3551 4449 et

1964 4483 2019 4539 in
2069 4484 2347 4553 praesenti,
2382 4493 2438 4538 et
2481 4484 2740 4553 peculiari
2790 4486 3002 4540 ratione
3032 4495 3265 4555 tempus,
3294 4495 3352 4540 ut
3383 4487 3551 4556 probe

1966 4577 2136 4644 nosti,
2164 4576 2392 4648 aufugit.
2433 4577 2718 4644 Quomodo
2741 4587 2924 4634 autem
2954 4578 3337 4650 fieripoterat,
3371 4588 3431 4635 ut
3461 4595 3550 4634 ar-

1970 4877 2170 4934 littcris
2198 4877 2819 4950 Amphilochiomissis,
2852 4894 3084 4948 quarum
3110 4888 3315 4950 septem
3357 4891 3547 4950 protu-

1971 4950 2036 5004 lit
2059 4948 2466 5016 Montacutius;
2505 4948 2598 5021 sed
2635 4951 2687 5003 in
2720 4950 2843 5005 aliis
2877 4968 3096 5021 quoque
3122 4948 3188 5007 ad
3221 4948 3405 5017 plures
3435 4969 3548 5009 sua:

1974 5020 2318 5090 tempestatis
2348 5020 2658 5092 philologos
2708 5020 2948 5077 exaratis
2999 5024 3085 5079 his
3131 5023 3423 5092 ipsissimis
3459 5026 3546 5079 in-

1974 5094 2189 5165 terdum
2219 5092 2464 5160 quaesitis
2495 5091 2788 5165 s_al_.isfacit.
2832 5094 3013 5165 Quare
3051 5094 3095 5149 si
3141 5091 3304 5149 datur
3357 5098 3545 5165 conje~

1973 5162 2148 5216 cturis
2180 5162 2352 5233 locus,
2384 5161 2529 5233 quod
2558 5161 2736 5217 facere
2765 5164 2847 5217 vel
2887 5167 3250 5222 morosissimi
3296 5161 3546 5222 homines

1974 5233 2111 5307 inre
2133 5248 2240 5286 non
2266 5231 2624 5307 intercedent,
2651 5232 2901 5300 Photius,
2932 5237 3144 5307 opinor,
3172 5237 3372 5290 multas
3398 5236 3549 5290 iden-

1971 5304 2133 5357 tidem
2171 5302 2505 5373 quaestiones
2543 5319 2643 5374 pro
2671 5321 2727 5359 re
2764 5315 2885 5360 nata
2917 5302 3218 5361 amicorum
3252 5307 3544 5362 commodo

1969 5375 2240 5429 solverat:
2281 5374 2478 5430 deinde
2504 5391 2633 5430 veto
2658 5388 2889 5436 cunctae.
2920 5394 2988 5432 ne
3022 5378 3274 5441 laterent,
3308 5387 3403 5431 aut
3433 5380 3543 5431 dis-

274 5446 511 5519 lstarum
551 5464 836 5513 numerus,
870 5445 1124 5504 videlicet
1154 5445 1330 5515 65,'ad
1360 5450 1609 5519 quintam
1637 5447 1858 5504 circiter
1964 5446 2365 5519 perderentur,
2401 5445 2473 5519 in
2507 5463 2696 5519 ‘unum
2748 5446 3071 5519 fasciculum
3123 5450 3386 5509 collectae,
3439 5463 3545 5502 suo

276 5518 771 5591 interrogationum
835 5530 1066 5591 partem,
1122 5516 1674 5591 quarum—syllabum
1727 5534 1850 5574 cum
1960 5516 2349 5591 Atnphilocliio
2400 5516 2451 5573 id
2498 5516 2734 5575 fortasse
2778 5518 3049 5589 cupienti,
3092 5520 3409 5591 petentique
3456 5533 3543 5574 re-

275 5588 464 5661 codice
497 5587 850 5661 'Cioisliuiano'
886 5587 1152 5647 collatum
1188 5608 1302 5647 sua:
1331 5587 1571 5647 verSioni
1602 5591 1852 5661 pra-texit
1959 5587 2139 5644 missa:
2168 5596 2321 5644 sunt.

273 5658 709 5732 Christophorus
740 5661 993 5730 Wolﬁus,
1024 5663 1389 5734 protenditur.
1432 5660 1542 5719 Nec
1574 5658 1750 5721 solum
1788 5665 1844 5720 in
