  <div class='ocr_page' id='page_1' title='image "/cluster/home/n/w/nwhite01/storage/ocr_20150623/101/hvd.32044018872879/048.png"; bbox 0 0 3916 6192; ppageno 0'>
   <div class='ocr_carea' id='block_1_1' title="bbox 206 247 1786 330">
    <p class='ocr_par' dir='ltr' id='par_1_1' title="bbox 206 247 1786 315">
     <span class='ocr_line' id='line_1_1' title="bbox 206 247 1786 315; baseline -0.001 0"><span class='ocrx_word' id='word_1_1' title='bbox 206 249 282 315; x_wconf 74' lang='grc'><strong>49</strong></span> <span class='ocrx_word' id='word_1_2' title='bbox 1236 254 1336 314; x_wconf 82' lang='grc' dir='ltr'><strong>ΑΙ)</strong></span> <span class='ocrx_word' id='word_1_3' title='bbox 1375 247 1786 314; x_wconf 77' lang='lat' dir='ltr'><strong>AMPHILO&#39;CI</strong></span> 
     </span>
    </p>
   </div>
   <div class='ocr_carea' id='block_1_2' title="bbox 1887 247 3477 330">
    <p class='ocr_par' dir='ltr' id='par_1_2' title="bbox 1887 254 3477 330">
     <span class='ocr_line' id='line_1_2' title="bbox 1887 254 3477 330; baseline 0.01 -18"><span class='ocrx_word' id='word_1_4' title='bbox 1887 254 1970 314; x_wconf 79' lang='grc' dir='ltr'><strong>ΙΜ</strong></span> <span class='ocrx_word' id='word_1_5' title='bbox 2007 255 2357 328; x_wconf 71' lang='grc' dir='ltr'><strong>ΟυιΕΞΤΙΟ</strong></span> <span class='ocrx_word' id='word_1_6' title='bbox 2396 261 2445 317; x_wconf 89' lang='grc' dir='ltr'><strong>Ι.</strong></span> <span class='ocrx_word' id='word_1_7' title='bbox 3407 266 3477 330; x_wconf 82' lang='grc'><strong>50</strong></span> 
     </span>
    </p>
   </div>
   <div class='ocr_carea' id='block_1_3' title="bbox 205 365 1786 442">
    <p class='ocr_par' dir='ltr' id='par_1_3' title="bbox 205 365 1786 440">
     <span class='ocr_line' id='line_1_3' title="bbox 205 365 1786 440; baseline -0.001 -18"><span class='ocrx_word' id='word_1_8' title='bbox 205 369 424 432; x_wconf 78' lang='grc' dir='ltr'><strong>τούτοις</strong></span> <span class='ocrx_word' id='word_1_9' title='bbox 451 369 611 438; x_wconf 86' lang='grc' dir='ltr'>μόνον</span> <span class='ocrx_word' id='word_1_10' title='bbox 647 365 782 422; x_wconf 81' lang='grc' dir='ltr'>πολῦ</span> <span class='ocrx_word' id='word_1_11' title='bbox 813 367 910 422; x_wconf 76' lang='grc' dir='ltr'>καὶ</span> <span class='ocrx_word' id='word_1_12' title='bbox 939 367 1166 438; x_wconf 79' lang='grc' dir='ltr'>ἄπειρον</span> <span class='ocrx_word' id='word_1_13' title='bbox 1196 368 1494 440; x_wconf 82' lang='grc' dir='ltr'>ύπονοηθὲν</span> <span class='ocrx_word' id='word_1_14' title='bbox 1524 368 1586 422; x_wconf 82' lang='grc' dir='ltr'>τὸ</span> <span class='ocrx_word' id='word_1_15' title='bbox 1607 367 1786 438; x_wconf 85' lang='grc' dir='ltr'>διάφο-</span> 
     </span>
    </p>
   </div>
   <div class='ocr_carea' id='block_1_4' title="bbox 1887 365 3478 442">
    <p class='ocr_par' dir='ltr' id='par_1_4' title="bbox 1906 370 3478 442">
     <span class='ocr_line' id='line_1_4' title="bbox 1906 370 3478 442; baseline 0.013 -23"><span class='ocrx_word' id='word_1_16' title='bbox 1906 380 2116 425; x_wconf 81' lang='lat' dir='ltr'><strong>veteres</strong></span> <span class='ocrx_word' id='word_1_17' title='bbox 2164 371 2443 426; x_wconf 86' lang='lat' dir='ltr'><strong>doctrinas</strong></span> <span class='ocrx_word' id='word_1_18' title='bbox 2483 370 2817 442; x_wconf 82' lang='lat' dir='ltr'><strong>profitendas</strong></span> <span class='ocrx_word' id='word_1_19' title='bbox 2864 385 2916 431; x_wconf 85' lang='lat' dir='ltr'><strong>et</strong></span> <span class='ocrx_word' id='word_1_20' title='bbox 2967 378 3272 438; x_wconf 89' lang='lat' dir='ltr'><strong>rhetoricas</strong></span> <span class='ocrx_word' id='word_1_21' title='bbox 3329 395 3478 440; x_wconf 92' lang='lat' dir='ltr'><strong>artes</strong></span> 
     </span>
    </p>
   </div>
   <div class='ocr_carea' id='block_1_5' title="bbox 207 459 1786 534">
    <p class='ocr_par' dir='ltr' id='par_1_5' title="bbox 207 459 1786 534">
     <span class='ocr_line' id='line_1_5' title="bbox 207 459 1786 534; baseline -0.001 -20"><span class='ocrx_word' id='word_1_22' title='bbox 207 479 325 534; x_wconf 87' lang='grc' dir='ltr'>ρον,</span> <span class='ocrx_word' id='word_1_23' title='bbox 357 461 582 534; x_wconf 78' lang='grc' dir='ltr'>ὕστερον</span> <span class='ocrx_word' id='word_1_24' title='bbox 603 460 891 532; x_wconf 80' lang='grc' dir='ltr'>ἀκριϐείας</span> <span class='ocrx_word' id='word_1_25' title='bbox 914 459 1266 530; x_wconf 79' lang='grc' dir='ltr'>δικαζούσης,</span> <span class='ocrx_word' id='word_1_26' title='bbox 1295 461 1560 531; x_wconf 79' lang='grc' dir='ltr'>διαφορᾶς</span> <span class='ocrx_word' id='word_1_27' title='bbox 1587 460 1786 532; x_wconf 78' lang='grc' dir='ltr'><strong>ἀφείθη</strong></span> 
     </span>
    </p>
   </div>
   <div class='ocr_carea' id='block_1_6' title="bbox 205 551 1787 624">
    <p class='ocr_par' dir='ltr' id='par_1_6' title="bbox 205 551 1787 624">
     <span class='ocr_line' id='line_1_6' title="bbox 205 551 1787 624; baseline -0.001 -18"><span class='ocrx_word' id='word_1_28' title='bbox 205 552 508 624; x_wconf 62' lang='grc' dir='ltr'>ἐλεύθερα·</span> <span class='ocrx_word' id='word_1_29' title='bbox 537 552 674 606; x_wconf 79' lang='grc' dir='ltr'>ἀλλὰ</span> <span class='ocrx_word' id='word_1_30' title='bbox 722 553 818 606; x_wconf 78' lang='grc' dir='ltr'>καὶ</span> <span class='ocrx_word' id='word_1_31' title='bbox 861 554 920 606; x_wconf 79' lang='grc' dir='ltr'>ὲν</span> <span class='ocrx_word' id='word_1_32' title='bbox 967 553 1106 622; x_wconf 80' lang='grc' dir='ltr'>αὐτῇ</span> <span class='ocrx_word' id='word_1_33' title='bbox 1148 569 1214 621; x_wconf 92' lang='grc' dir='ltr'><strong>γε</strong></span> <span class='ocrx_word' id='word_1_34' title='bbox 1254 554 1322 624; x_wconf 78' lang='grc' dir='ltr'>τῇ</span> <span class='ocrx_word' id='word_1_35' title='bbox 1355 551 1787 623; x_wconf 78' lang='grc' dir='ltr'>καθωμιλημένῃ</span> 
     </span>
    </p>
   </div>
   <div class='ocr_carea' id='block_1_7' title="bbox 204 642 1789 716">
    <p class='ocr_par' dir='ltr' id='par_1_7' title="bbox 204 642 1789 716">
     <span class='ocr_line' id='line_1_7' title="bbox 204 642 1789 716; baseline 0 -18"><span class='ocrx_word' id='word_1_36' title='bbox 204 645 318 698; x_wconf 86' lang='grc' dir='ltr'>τῶν</span> <span class='ocrx_word' id='word_1_37' title='bbox 353 644 564 698; x_wconf 83' lang='grc' dir='ltr'>πολλῶν</span> <span class='ocrx_word' id='word_1_38' title='bbox 591 645 788 716; x_wconf 81' lang='grc' dir='ltr'>χρήσει</span> <span class='ocrx_word' id='word_1_39' title='bbox 815 643 984 698; x_wconf 84' lang='grc' dir='ltr'>πολλὰ</span> <span class='ocrx_word' id='word_1_40' title='bbox 1016 645 1114 715; x_wconf 79' lang='grc' dir='ltr'>μὲν</span> <span class='ocrx_word' id='word_1_41' title='bbox 1147 643 1334 707; x_wconf 80' lang='grc' dir='ltr'>ἁπλῶς</span> <span class='ocrx_word' id='word_1_42' title='bbox 1359 642 1533 708; x_wconf 77' lang='grc' dir='ltr'>οὕτως</span> <span class='ocrx_word' id='word_1_43' title='bbox 1558 644 1789 698; x_wconf 82' lang='grc' dir='ltr'>ἀκοῦσαι</span> 
     </span>
    </p>
   </div>
   <div class='ocr_carea' id='block_1_8' title="bbox 205 736 1786 808">
    <p class='ocr_par' dir='ltr' id='par_1_8' title="bbox 205 736 1786 808">
     <span class='ocr_line' id='line_1_8' title="bbox 205 736 1786 808; baseline -0.001 -18"><span class='ocrx_word' id='word_1_44' title='bbox 205 737 462 806; x_wconf 82' lang='grc' dir='ltr'>φαίνεται</span> <span class='ocrx_word' id='word_1_45' title='bbox 501 737 791 808; x_wconf 86' lang='grc' dir='ltr'>μάχεσθαι·</span> <span class='ocrx_word' id='word_1_46' title='bbox 828 736 1128 808; x_wconf 77' lang='grc' dir='ltr'><strong>κριθέντων</strong></span> <span class='ocrx_word' id='word_1_47' title='bbox 1157 736 1234 800; x_wconf 83' lang='grc' dir='ltr'>δὲ,</span> <span class='ocrx_word' id='word_1_48' title='bbox 1280 738 1360 800; x_wconf 80' lang='grc' dir='ltr'><strong>είς</strong></span> <span class='ocrx_word' id='word_1_49' title='bbox 1395 736 1713 807; x_wconf 81' lang='grc' dir='ltr'>συμφωνίαν</span> <span class='ocrx_word' id='word_1_50' title='bbox 1752 739 1786 808; x_wconf 84' lang='grc' dir='ltr'>ὴ</span> 
     </span>
    </p>
   </div>
   <div class='ocr_carea' id='block_1_9' title="bbox 209 823 1792 899">
    <p class='ocr_par' dir='ltr' id='par_1_9' title="bbox 209 823 1792 899">
     <span class='ocr_line' id='line_1_9' title="bbox 209 823 1792 899; baseline -0.001 -17"><span class='ocrx_word' id='word_1_51' title='bbox 209 829 359 898; x_wconf 86' lang='grc' dir='ltr'>μάχη</span> <span class='ocrx_word' id='word_1_52' title='bbox 393 829 710 899; x_wconf 89' lang='grc' dir='ltr'>μετέπεσεν.</span> <span class='ocrx_word' id='word_1_53' title='bbox 742 827 809 880; x_wconf 69' lang='lat' dir='ltr'><strong>Et</strong></span> <span class='ocrx_word' id='word_1_54' title='bbox 829 845 913 890; x_wconf 88' lang='grc' dir='ltr'><strong>τις</strong></span> <span class='ocrx_word' id='word_1_55' title='bbox 935 823 1027 880; x_wconf 81' lang='grc' dir='ltr'>οὖν</span> <span class='ocrx_word' id='word_1_56' title='bbox 1054 828 1154 899; x_wconf 83' lang='grc' dir='ltr'><strong>τὴν</strong></span> <span class='ocrx_word' id='word_1_57' title='bbox 1189 828 1288 897; x_wconf 77' lang='grc' dir='ltr'>μὲν</span> <span class='ocrx_word' id='word_1_58' title='bbox 1314 828 1372 880; x_wconf 79' lang='grc' dir='ltr'>ὲν</span> <span class='ocrx_word' id='word_1_59' title='bbox 1402 830 1468 898; x_wconf 80' lang='grc' dir='ltr'>τῇ</span> <span class='ocrx_word' id='word_1_60' title='bbox 1501 827 1605 880; x_wconf 84' lang='grc' dir='ltr'><strong>ἀνὰ</strong></span> <span class='ocrx_word' id='word_1_61' title='bbox 1633 828 1792 898; x_wconf 86' lang='grc' dir='ltr'>χεῖρα</span> 
     </span>
    </p>
   </div>
   <div class='ocr_carea' id='block_1_10' title="bbox 202 919 1792 992">
    <p class='ocr_par' dir='ltr' id='par_1_10' title="bbox 202 919 1792 992">
     <span class='ocr_line' id='line_1_10' title="bbox 202 919 1792 992; baseline 0.001 -20"><span class='ocrx_word' id='word_1_62' title='bbox 202 920 393 990; x_wconf 75' lang='grc' dir='ltr'>ὁμιλίᾳ</span> <span class='ocrx_word' id='word_1_63' title='bbox 420 919 752 990; x_wconf 76' lang='grc' dir='ltr'><strong>φαινομένην</strong></span> <span class='ocrx_word' id='word_1_64' title='bbox 782 921 970 975; x_wconf 82' lang='grc' dir='ltr'><strong>στάσιν</strong></span> <span class='ocrx_word' id='word_1_65' title='bbox 997 921 1097 991; x_wconf 84' lang='grc' dir='ltr'>τῆς</span> <span class='ocrx_word' id='word_1_66' title='bbox 1121 920 1357 991; x_wconf 79' lang='grc' dir='ltr'>ἀληθοῦς</span> <span class='ocrx_word' id='word_1_67' title='bbox 1387 922 1567 992; x_wconf 82' lang='grc' dir='ltr'><strong>μάχης</strong></span> <span class='ocrx_word' id='word_1_68' title='bbox 1595 920 1792 974; x_wconf 83' lang='grc' dir='ltr'>ἀδεκά-</span> 
     </span>
    </p>
   </div>
   <div class='ocr_carea' id='block_1_11' title="bbox 206 1010 1790 1084">
    <p class='ocr_par' dir='ltr' id='par_1_11' title="bbox 206 1010 1790 1084">
     <span class='ocr_line' id='line_1_11' title="bbox 206 1010 1790 1084; baseline 0.002 -23"><span class='ocrx_word' id='word_1_69' title='bbox 206 1027 319 1080; x_wconf 82' lang='grc' dir='ltr'><strong>στῳ</strong></span> <span class='ocrx_word' id='word_1_70' title='bbox 350 1010 545 1082; x_wconf 81' lang='grc' dir='ltr'>γνώμῃ</span> <span class='ocrx_word' id='word_1_71' title='bbox 571 1011 858 1082; x_wconf 86' lang='grc' dir='ltr'>διακρίνει,</span> <span class='ocrx_word' id='word_1_72' title='bbox 888 1011 1138 1084; x_wconf 77' lang='grc' dir='ltr'><strong>ἀφορίζει</strong></span> <span class='ocrx_word' id='word_1_73' title='bbox 1160 1013 1215 1066; x_wconf 79' lang='grc' dir='ltr'>δὲ</span> <span class='ocrx_word' id='word_1_74' title='bbox 1243 1012 1346 1066; x_wconf 80' lang='grc' dir='ltr'>κᾶν</span> <span class='ocrx_word' id='word_1_75' title='bbox 1373 1015 1487 1076; x_wconf 86' lang='grc' dir='ltr'>τοῖς</span> <span class='ocrx_word' id='word_1_76' title='bbox 1517 1012 1610 1066; x_wconf 76' lang='grc' dir='ltr'>τὸν</span> <span class='ocrx_word' id='word_1_77' title='bbox 1639 1011 1790 1082; x_wconf 87' lang='grc' dir='ltr'>φιλό-</span> 
     </span>
    </p>
   </div>
   <div class='ocr_carea' id='block_1_12' title="bbox 204 1103 1787 1175">
    <p class='ocr_par' dir='ltr' id='par_1_12' title="bbox 204 1103 1787 1175">
     <span class='ocr_line' id='line_1_12' title="bbox 204 1103 1787 1175; baseline 0.003 -21"><span class='ocrx_word' id='word_1_78' title='bbox 204 1119 370 1172; x_wconf 82' lang='grc' dir='ltr'>σοφον</span> <span class='ocrx_word' id='word_1_79' title='bbox 400 1103 494 1155; x_wconf 75' lang='grc' dir='ltr'>καὶ</span> <span class='ocrx_word' id='word_1_80' title='bbox 525 1104 730 1175; x_wconf 78' lang='grc' dir='ltr'>ῥήτορα</span> <span class='ocrx_word' id='word_1_81' title='bbox 752 1103 867 1174; x_wconf 82' lang='grc' dir='ltr'>βίον</span> <span class='ocrx_word' id='word_1_82' title='bbox 887 1106 1057 1158; x_wconf 83' lang='grc' dir='ltr'>ἀσκου</span> <span class='ocrx_word' id='word_1_83' title='bbox 1060 1105 1248 1174; x_wconf 80' lang='grc' dir='ltr'>μένοις</span> <span class='ocrx_word' id='word_1_84' title='bbox 1273 1105 1340 1158; x_wconf 86' lang='grc' dir='ltr'>τὰ</span> <span class='ocrx_word' id='word_1_85' title='bbox 1373 1103 1661 1175; x_wconf 77' lang='grc' dir='ltr'><strong>μαχόμενα</strong></span> <span class='ocrx_word' id='word_1_86' title='bbox 1678 1104 1787 1158; x_wconf 88' lang='grc' dir='ltr'><strong>τῶν</strong></span> 
     </span>
    </p>
   </div>
   <div class='ocr_carea' id='block_1_13' title="bbox 1893 463 3477 542">
    <p class='ocr_par' dir='ltr' id='par_1_13' title="bbox 1893 463 3477 542">
     <span class='ocr_line' id='line_1_13' title="bbox 1893 463 3477 542; baseline 0.006 -25"><span class='ocrx_word' id='word_1_87' title='bbox 1893 463 2226 518; x_wconf 81' lang='lat' dir='ltr'><strong>exercendas</strong></span> <span class='ocrx_word' id='word_1_88' title='bbox 2249 464 2351 519; x_wconf 85' lang='lat' dir='ltr'><strong>sibi</strong></span> <span class='ocrx_word' id='word_1_89' title='bbox 2370 476 2745 535; x_wconf 88' lang='lat' dir='ltr'><strong>sumpserunt,</strong></span> <span class='ocrx_word' id='word_1_90' title='bbox 2773 469 2998 523; x_wconf 92' lang='lat' dir='ltr'><strong>multam</strong></span> <span class='ocrx_word' id='word_1_91' title='bbox 3025 471 3078 524; x_wconf 92' lang='lat' dir='ltr'><strong>in</strong></span> <span class='ocrx_word' id='word_1_92' title='bbox 3102 473 3184 526; x_wconf 85' lang='lat' dir='ltr'><strong>his</strong></span> <span class='ocrx_word' id='word_1_93' title='bbox 3205 482 3370 542; x_wconf 87' lang='lat' dir='ltr'><strong>atque</strong></span> <span class='ocrx_word' id='word_1_94' title='bbox 3393 475 3477 527; x_wconf 88' lang='lat' dir='ltr'><strong>in-</strong></span> 
     </span>
    </p>
   </div>
   <div class='ocr_carea' id='block_1_14' title="bbox 1895 553 3475 632">
    <p class='ocr_par' dir='ltr' id='par_1_14' title="bbox 1895 553 3475 632">
     <span class='ocr_line' id='line_1_14' title="bbox 1895 553 3475 632; baseline 0.008 -25"><span class='ocrx_word' id='word_1_95' title='bbox 1895 555 2102 608; x_wconf 79' lang='lat' dir='ltr'><strong>finitam</strong></span> <span class='ocrx_word' id='word_1_96' title='bbox 2135 553 2472 611; x_wconf 85' lang='lat' dir='ltr'><strong>discordiam</strong></span> <span class='ocrx_word' id='word_1_97' title='bbox 2502 572 2729 615; x_wconf 89' lang='lat' dir='ltr'><strong>cernere</strong></span> <span class='ocrx_word' id='word_1_98' title='bbox 2754 561 2858 615; x_wconf 85' lang='lat' dir='ltr'><strong>sibi</strong></span> <span class='ocrx_word' id='word_1_99' title='bbox 2892 564 3161 632; x_wconf 85' lang='lat' dir='ltr'><strong>principio</strong></span> <span class='ocrx_word' id='word_1_100' title='bbox 3197 565 3475 632; x_wconf 88' lang='lat' dir='ltr'><strong>videntur,</strong></span> 
     </span>
    </p>
   </div>
   <div class='ocr_carea' id='block_1_15' title="bbox 1895 637 3477 722">
    <p class='ocr_par' dir='ltr' id='par_1_15' title="bbox 1895 637 3477 722">
     <span class='ocr_line' id='line_1_15' title="bbox 1895 637 3477 722; baseline 0.008 -25"><span class='ocrx_word' id='word_1_101' title='bbox 1895 660 2018 714; x_wconf 65' lang='lat' dir='ltr'><strong>quae</strong></span> <span class='ocrx_word' id='word_1_102' title='bbox 2046 659 2172 700; x_wconf 81' lang='lat' dir='ltr'><strong>mox</strong></span> <span class='ocrx_word' id='word_1_103' title='bbox 2201 662 2292 701; x_wconf 88' lang='lat' dir='ltr'><strong>res</strong></span> <span class='ocrx_word' id='word_1_104' title='bbox 2317 637 2608 718; x_wconf 75' lang='lat' dir='ltr'><strong>diligenter</strong></span> <span class='ocrx_word' id='word_1_105' title='bbox 2639 666 2924 722; x_wconf 64' lang='lat' dir='ltr'><strong>perpensa:</strong></span> <span class='ocrx_word' id='word_1_106' title='bbox 2966 655 3035 708; x_wconf 91' lang='lat' dir='ltr'><strong>ab</strong></span> <span class='ocrx_word' id='word_1_107' title='bbox 3067 657 3214 710; x_wconf 90' lang='lat' dir='ltr'><strong>omni</strong></span> <span class='ocrx_word' id='word_1_108' title='bbox 3254 669 3477 712; x_wconf 85' lang='lat' dir='ltr'><strong>contra-</strong></span> 
     </span>
    </p>
   </div>
   <div class='ocr_carea' id='block_1_16' title="bbox 1895 737 3478 817">
    <p class='ocr_par' dir='ltr' id='par_1_16' title="bbox 1895 737 3478 817">
     <span class='ocr_line' id='line_1_16' title="bbox 1895 737 3478 817; baseline 0.008 -27"><span class='ocrx_word' id='word_1_109' title='bbox 1895 737 2137 792; x_wconf 91' lang='lat' dir='ltr'><strong>dictione</strong></span> <span class='ocrx_word' id='word_1_110' title='bbox 2183 740 2569 808; x_wconf 88' lang='lat' dir='ltr'><strong>absolvuntur;</strong></span> <span class='ocrx_word' id='word_1_111' title='bbox 2607 758 2796 797; x_wconf 87' lang='lat' dir='ltr'><strong>verum</strong></span> <span class='ocrx_word' id='word_1_112' title='bbox 2847 745 3012 799; x_wconf 90' lang='lat' dir='ltr'><strong>etiam</strong></span> <span class='ocrx_word' id='word_1_113' title='bbox 3061 747 3112 801; x_wconf 87' lang='lat' dir='ltr'><strong>in</strong></span> <span class='ocrx_word' id='word_1_114' title='bbox 3158 749 3276 817; x_wconf 85' lang='lat' dir='ltr'><strong>ipso</strong></span> <span class='ocrx_word' id='word_1_115' title='bbox 3317 748 3478 802; x_wconf 84' lang='lat' dir='ltr'><strong>fami-</strong></span> 
     </span>
    </p>
   </div>
   <div class='ocr_carea' id='block_1_17' title="bbox 1897 829 3478 904">
    <p class='ocr_par' dir='ltr' id='par_1_17' title="bbox 1897 829 3478 904">
     <span class='ocr_line' id='line_1_17' title="bbox 1897 829 3478 904; baseline 0.008 -23"><span class='ocrx_word' id='word_1_116' title='bbox 1897 829 2016 882; x_wconf 92' lang='lat' dir='ltr'><strong>liari</strong></span> <span class='ocrx_word' id='word_1_117' title='bbox 2067 829 2210 899; x_wconf 81' lang='lat' dir='ltr'><strong>vulgi</strong></span> <span class='ocrx_word' id='word_1_118' title='bbox 2246 846 2347 885; x_wconf 89' lang='lat' dir='ltr'><strong>usu</strong></span> <span class='ocrx_word' id='word_1_119' title='bbox 2385 831 2529 886; x_wconf 83' lang='lat' dir='ltr'><strong>haud</strong></span> <span class='ocrx_word' id='word_1_120' title='bbox 2559 849 2731 902; x_wconf 86' lang='lat' dir='ltr'><strong>pauca</strong></span> <span class='ocrx_word' id='word_1_121' title='bbox 2770 835 2946 904; x_wconf 84' lang='lat' dir='ltr'><strong>primo</strong></span> <span class='ocrx_word' id='word_1_122' title='bbox 2996 839 3185 893; x_wconf 85' lang='lat' dir='ltr'><strong>auditu</strong></span> <span class='ocrx_word' id='word_1_123' title='bbox 3225 840 3478 894; x_wconf 84' lang='lat' dir='ltr'><strong>videntur</strong></span> 
     </span>
    </p>
   </div>
   <div class='ocr_carea' id='block_1_18' title="bbox 1895 923 3478 994">
    <p class='ocr_par' dir='ltr' id='par_1_18' title="bbox 1895 923 3478 994">
     <span class='ocr_line' id='line_1_18' title="bbox 1895 923 3478 994; baseline 0.009 -22"><span class='ocrx_word' id='word_1_124' title='bbox 1895 935 2224 989; x_wconf 85' lang='lat' dir='ltr'><strong>repugnare,</strong></span> <span class='ocrx_word' id='word_1_125' title='bbox 2249 923 2451 992; x_wconf 87' lang='lat' dir='ltr'><strong>quibus</strong></span> <span class='ocrx_word' id='word_1_126' title='bbox 2483 925 2550 979; x_wconf 88' lang='lat' dir='ltr'><strong>ad</strong></span> <span class='ocrx_word' id='word_1_127' title='bbox 2571 927 2830 981; x_wconf 80' lang='lat' dir='ltr'><strong>trutinam</strong></span> <span class='ocrx_word' id='word_1_128' title='bbox 2864 930 3156 994; x_wconf 80' lang='lat' dir='ltr'><strong>revocatis,</strong></span> <span class='ocrx_word' id='word_1_129' title='bbox 3187 930 3478 986; x_wconf 83' lang='lat' dir='ltr'><strong>conflictus</strong></span> 
     </span>
    </p>
   </div>
   <div class='ocr_carea' id='block_1_19' title="bbox 1893 1011 3478 1095">
    <p class='ocr_par' dir='ltr' id='par_1_19' title="bbox 1893 1011 3478 1095">
     <span class='ocr_line' id='line_1_19' title="bbox 1893 1011 3478 1095; baseline 0.01 -31"><span class='ocrx_word' id='word_1_130' title='bbox 1893 1011 1948 1066; x_wconf 89' lang='lat' dir='ltr'><strong>in</strong></span> <span class='ocrx_word' id='word_1_131' title='bbox 1978 1016 2328 1070; x_wconf 82' lang='lat' dir='ltr'><strong>Concordiam</strong></span> <span class='ocrx_word' id='word_1_132' title='bbox 2355 1019 2602 1072; x_wconf 87' lang='lat' dir='ltr'><strong>vertitur.</strong></span> <span class='ocrx_word' id='word_1_133' title='bbox 2637 1019 2692 1074; x_wconf 89' lang='lat' dir='ltr'><strong>Si</strong></span> <span class='ocrx_word' id='word_1_134' title='bbox 2729 1022 2854 1090; x_wconf 90' lang='lat' dir='ltr'><strong>quis</strong></span> <span class='ocrx_word' id='word_1_135' title='bbox 2891 1023 3054 1092; x_wconf 81' lang='lat' dir='ltr'><strong>igitur</strong></span> <span class='ocrx_word' id='word_1_136' title='bbox 3085 1030 3268 1078; x_wconf 84' lang='lat' dir='ltr'><strong>rerum</strong></span> <span class='ocrx_word' id='word_1_137' title='bbox 3293 1026 3478 1095; x_wconf 78' lang='lat' dir='ltr'><strong>quoti-</strong></span> 
     </span>
    </p>
   </div>
   <div class='ocr_carea' id='block_1_20' title="bbox 1891 1105 3477 1186">
    <p class='ocr_par' dir='ltr' id='par_1_20' title="bbox 1891 1105 3477 1186">
     <span class='ocr_line' id='line_1_20' title="bbox 1891 1105 3477 1186; baseline 0.008 -28"><span class='ocrx_word' id='word_1_138' title='bbox 1891 1105 2177 1160; x_wconf 87' lang='lat' dir='ltr'><strong>dianarum</strong></span> <span class='ocrx_word' id='word_1_139' title='bbox 2208 1120 2559 1177; x_wconf 83' lang='lat' dir='ltr'><strong>apparentem</strong></span> <span class='ocrx_word' id='word_1_140' title='bbox 2578 1111 2912 1178; x_wconf 86' lang='lat' dir='ltr'><strong>dissensum,</strong></span> <span class='ocrx_word' id='word_1_141' title='bbox 2942 1116 3260 1186; x_wconf 87' lang='lat' dir='ltr'><strong>incorrupto</strong></span> <span class='ocrx_word' id='word_1_142' title='bbox 3277 1117 3477 1171; x_wconf 83' lang='lat' dir='ltr'><strong>mentis</strong></span> 
     </span>
    </p>
   </div>
   <div class='ocr_carea' id='block_1_21' title="bbox 203 1195 1786 1280">
    <p class='ocr_par' dir='ltr' id='par_1_21' title="bbox 203 1195 1783 1280">
     <span class='ocr_line' id='line_1_21' title="bbox 203 1195 1783 1280; baseline 0.002 -35"><span class='ocrx_word' id='word_1_143' title='bbox 203 1195 572 1263; x_wconf 78' lang='grc' dir='ltr'>φαινομένων.</span> <span class='ocrx_word' id='word_1_144' title='bbox 607 1195 702 1246; x_wconf 73' lang='grc' dir='ltr'><strong>ἐπὶ</strong></span> <span class='ocrx_word' id='word_1_145' title='bbox 739 1195 798 1248; x_wconf 79' lang='grc' dir='ltr'>δὲ</span> <span class='ocrx_word' id='word_1_146' title='bbox 845 1196 945 1265; x_wconf 85' lang='grc' dir='ltr'>τῆς</span> <span class='ocrx_word' id='word_1_147' title='bbox 990 1197 1138 1268; x_wconf 79' lang='grc' dir='ltr'>ἱερᾶς</span> <span class='ocrx_word' id='word_1_148' title='bbox 1172 1195 1330 1265; x_wconf 77' lang='grc' dir='ltr'>ἡμῶν</span> <span class='ocrx_word' id='word_1_149' title='bbox 1370 1195 1690 1280; x_wconf 86' lang='grc' dir='ltr'>φιλοσοφίας</span> <span class='ocrx_word' id='word_1_150' title='bbox 1721 1196 1783 1248; x_wconf 88' lang='grc' dir='ltr'><strong>ού</strong></span> 
     </span>
    </p>
   </div>
   <div class='ocr_carea' id='block_1_22' title="bbox 1887 1195 3476 1280">
    <p class='ocr_par' dir='ltr' id='par_1_22' title="bbox 1887 1199 3476 1280">
     <span class='ocr_line' id='line_1_22' title="bbox 1887 1199 3476 1280; baseline 0.006 -26"><span class='ocrx_word' id='word_1_151' title='bbox 1887 1199 2118 1270; x_wconf 90' lang='lat' dir='ltr'><strong>judicio,</strong></span> <span class='ocrx_word' id='word_1_152' title='bbox 2159 1217 2190 1256; x_wconf 91' lang='lat' dir='ltr'><strong>a</strong></span> <span class='ocrx_word' id='word_1_153' title='bbox 2239 1218 2364 1256; x_wconf 86' lang='lat' dir='ltr'><strong>vera</strong></span> <span class='ocrx_word' id='word_1_154' title='bbox 2421 1203 2728 1261; x_wconf 82' lang='lat' dir='ltr'><strong>diti‘erentia</strong></span> <span class='ocrx_word' id='word_1_155' title='bbox 2780 1207 3077 1277; x_wconf 89' lang='lat' dir='ltr'><strong>discernit;</strong></span> <span class='ocrx_word' id='word_1_156' title='bbox 3130 1210 3370 1280; x_wconf 88' lang='lat' dir='ltr'><strong>itemque</strong></span> <span class='ocrx_word' id='word_1_157' title='bbox 3420 1213 3476 1264; x_wconf 87' lang='lat' dir='ltr'><strong>itt</strong></span> 
     </span>
    </p>
   </div>
   <div class='ocr_carea' id='block_1_23' title="bbox 199 1275 1786 1369">
    <p class='ocr_par' dir='ltr' id='par_1_23' title="bbox 199 1275 1786 1359">
     <span class='ocr_line' id='line_1_23' title="bbox 199 1275 1786 1359; baseline 0.003 -22"><span class='ocrx_word' id='word_1_158' title='bbox 199 1284 296 1338; x_wconf 80' lang='grc' dir='ltr'>τὸν</span> <span class='ocrx_word' id='word_1_159' title='bbox 323 1285 488 1339; x_wconf 81' lang='grc' dir='ltr'>αὑτὸν</span> <span class='ocrx_word' id='word_1_160' title='bbox 529 1285 786 1351; x_wconf 75' lang='grc' dir='ltr'>διασώζει</span> <span class='ocrx_word' id='word_1_161' title='bbox 828 1287 1015 1357; x_wconf 92' lang='grc' dir='ltr'>νόμον,</span> <span class='ocrx_word' id='word_1_162' title='bbox 1046 1285 1183 1341; x_wconf 76' lang='grc' dir='ltr'>ἀλλὰ</span> <span class='ocrx_word' id='word_1_163' title='bbox 1224 1289 1318 1341; x_wconf 75' lang='grc' dir='ltr'>καὶ</span> <span class='ocrx_word' id='word_1_164' title='bbox 1340 1275 1439 1359; x_wconf 76' lang='grc' dir='ltr'>τὴν</span> <span class='ocrx_word' id='word_1_165' title='bbox 1466 1287 1786 1342; x_wconf 73' lang='grc' dir='ltr'>ἐπιπόλαιον</span> 
     </span>
    </p>
   </div>
   <div class='ocr_carea' id='block_1_24' title="bbox 1887 1275 3477 1369">
    <p class='ocr_par' dir='ltr' id='par_1_24' title="bbox 1894 1275 3477 1369">
     <span class='ocr_line' id='line_1_24' title="bbox 1894 1275 3477 1369; baseline 0.009 -26"><span class='ocrx_word' id='word_1_166' title='bbox 1894 1290 2286 1361; x_wconf 79' lang='lat' dir='ltr'><strong>philosophicis</strong></span> <span class='ocrx_word' id='word_1_167' title='bbox 2310 1293 2616 1366; x_wconf 79' lang='lat' dir='ltr'><strong>disciplinis</strong></span> <span class='ocrx_word' id='word_1_168' title='bbox 2643 1306 2809 1368; x_wconf 89' lang='lat' dir='ltr'><strong>atque</strong></span> <span class='ocrx_word' id='word_1_169' title='bbox 2843 1303 2898 1354; x_wconf 90' lang='lat' dir='ltr'><strong>in</strong></span> <span class='ocrx_word' id='word_1_170' title='bbox 2932 1275 3248 1369; x_wconf 82' lang='lat' dir='ltr'><strong>rhetoricis,</strong></span> <span class='ocrx_word' id='word_1_171' title='bbox 3281 1275 3331 1356; x_wconf 48' lang='grc' dir='ltr'><strong>’τι</strong></span> <span class='ocrx_word' id='word_1_172' title='bbox 3389 1303 3477 1357; x_wconf 92' lang='lat' dir='ltr'><strong>di-</strong></span> 
     </span>
    </p>
   </div>
   <div class='ocr_carea' id='block_1_25' title="bbox 199 1369 1786 1461">
    <p class='ocr_par' dir='ltr' id='par_1_25' title="bbox 199 1369 1786 1450">
     <span class='ocr_line' id='line_1_25' title="bbox 199 1369 1786 1450; baseline 0.003 -25"><span class='ocrx_word' id='word_1_173' title='bbox 199 1371 519 1441; x_wconf 79' lang='grc' dir='ltr'>ἀντιλογίαν</span> <span class='ocrx_word' id='word_1_174' title='bbox 540 1376 619 1436; x_wconf 80' lang='grc' dir='ltr'>εἰς</span> <span class='ocrx_word' id='word_1_175' title='bbox 647 1375 914 1429; x_wconf 75' lang='grc' dir='ltr'>ἄσπονδον</span> <span class='ocrx_word' id='word_1_176' title='bbox 941 1376 1277 1441; x_wconf 76' lang='grc' dir='ltr'>ἐκϐιάζεται,</span> <span class='ocrx_word' id='word_1_177' title='bbox 1312 1369 1471 1440; x_wconf 77' lang='grc' dir='ltr'>οὗτος</span> <span class='ocrx_word' id='word_1_178' title='bbox 1500 1380 1596 1432; x_wconf 83' lang='grc' dir='ltr'>καὶ</span> <span class='ocrx_word' id='word_1_179' title='bbox 1617 1379 1786 1450; x_wconf 89' lang='grc' dir='ltr'>χωρίς</span> 
     </span>
    </p>
   </div>
   <div class='ocr_carea' id='block_1_26' title="bbox 1887 1369 3474 1461">
    <p class='ocr_par' dir='ltr' id='par_1_26' title="bbox 1891 1379 3474 1461">
     <span class='ocr_line' id='line_1_26' title="bbox 1891 1379 3474 1461; baseline 0.007 -27"><span class='ocrx_word' id='word_1_180' title='bbox 1891 1379 2176 1434; x_wconf 86' lang='lat' dir='ltr'><strong>scordibus</strong></span> <span class='ocrx_word' id='word_1_181' title='bbox 2198 1380 2251 1434; x_wconf 90' lang='lat' dir='ltr'><strong>in</strong></span> <span class='ocrx_word' id='word_1_182' title='bbox 2294 1384 2533 1449; x_wconf 86' lang='lat' dir='ltr'><strong>speciem</strong></span> <span class='ocrx_word' id='word_1_183' title='bbox 2565 1388 2862 1456; x_wconf 75' lang='lat' dir='ltr'><strong>pugnantia</strong></span> <span class='ocrx_word' id='word_1_184' title='bbox 2903 1404 3029 1444; x_wconf 87' lang='lat' dir='ltr'><strong>vere</strong></span> <span class='ocrx_word' id='word_1_185' title='bbox 3068 1390 3385 1461; x_wconf 83' lang='lat' dir='ltr'><strong>distinguit;</strong></span> <span class='ocrx_word' id='word_1_186' title='bbox 3421 1393 3474 1445; x_wconf 93' lang='lat' dir='ltr'><strong>in</strong></span> 
     </span>
    </p>
   </div>
   <div class='ocr_carea' id='block_1_27' title="bbox 197 1467 1786 1553">
    <p class='ocr_par' dir='ltr' id='par_1_27' title="bbox 197 1467 1786 1542">
     <span class='ocr_line' id='line_1_27' title="bbox 197 1467 1786 1542; baseline 0.004 -24"><span class='ocrx_word' id='word_1_187' title='bbox 197 1482 346 1528; x_wconf 84' lang='grc' dir='ltr'>τινος</span> <span class='ocrx_word' id='word_1_188' title='bbox 370 1467 701 1535; x_wconf 83' lang='grc' dir='ltr'>αίτιωμὲνου</span> <span class='ocrx_word' id='word_1_189' title='bbox 737 1470 1081 1540; x_wconf 76' lang='grc' dir='ltr'>συκοφάντην</span> <span class='ocrx_word' id='word_1_190' title='bbox 1103 1471 1298 1525; x_wconf 78' lang='grc' dir='ltr'>ἑαυτὸν</span> <span class='ocrx_word' id='word_1_191' title='bbox 1322 1470 1417 1524; x_wconf 72' lang='grc' dir='ltr'>καὶ</span> <span class='ocrx_word' id='word_1_192' title='bbox 1440 1470 1644 1541; x_wconf 81' lang='grc' dir='ltr'>φαῦλον</span> <span class='ocrx_word' id='word_1_193' title='bbox 1671 1489 1786 1542; x_wconf 85' lang='grc' dir='ltr'>κρι-</span> 
     </span>
    </p>
   </div>
   <div class='ocr_carea' id='block_1_28' title="bbox 1887 1467 3550 1553">
    <p class='ocr_par' dir='ltr' id='par_1_28' title="bbox 1890 1474 3550 1553">
     <span class='ocr_line' id='line_1_28' title="bbox 1890 1474 3550 1553; baseline 0.005 -26"><span class='ocrx_word' id='word_1_194' title='bbox 1890 1486 2045 1527; x_wconf 85' lang='lat' dir='ltr'><strong>sacra</strong></span> <span class='ocrx_word' id='word_1_195' title='bbox 2064 1488 2195 1528; x_wconf 87' lang='lat' dir='ltr'><strong>vero</strong></span> <span class='ocrx_word' id='word_1_196' title='bbox 2219 1484 2407 1528; x_wconf 82' lang='lat' dir='ltr'><strong>nostra</strong></span> <span class='ocrx_word' id='word_1_197' title='bbox 2434 1475 2681 1532; x_wconf 85' lang='lat' dir='ltr'><strong>doctrina</strong></span> <span class='ocrx_word' id='word_1_198' title='bbox 2709 1481 2897 1535; x_wconf 90' lang='lat' dir='ltr'><strong>eodem</strong></span> <span class='ocrx_word' id='word_1_199' title='bbox 2923 1482 3047 1550; x_wconf 91' lang='lat' dir='ltr'><strong>jure</strong></span> <span class='ocrx_word' id='word_1_200' title='bbox 3067 1497 3175 1536; x_wconf 88' lang='lat' dir='ltr'><strong>non</strong></span> <span class='ocrx_word' id='word_1_201' title='bbox 3206 1483 3351 1553; x_wconf 82' lang='lat' dir='ltr'><strong>agit;</strong></span> <span class='ocrx_word' id='word_1_202' title='bbox 3377 1483 3476 1537; x_wconf 81' lang='lat' dir='ltr'><strong>sed</strong></span> <span class='ocrx_word' id='word_1_203' title='bbox 3547 1474 3550 1476; x_wconf 68' lang='grc'><em>’</em></span> 
     </span>
    </p>
   </div>
   <div class='ocr_carea' id='block_1_29' title="bbox 196 1557 1786 1644">
    <p class='ocr_par' dir='ltr' id='par_1_29' title="bbox 196 1557 646 1626">
     <span class='ocr_line' id='line_1_29' title="bbox 196 1557 646 1626; baseline 0.009 -17"><span class='ocrx_word' id='word_1_204' title='bbox 196 1559 298 1626; x_wconf 81' lang='grc' dir='ltr'>τὴν</span> <span class='ocrx_word' id='word_1_205' title='bbox 329 1557 646 1625; x_wconf 81' lang='grc' dir='ltr'>ἀποφαίνει.</span> 
     </span>
    </p>
   </div>
   <div class='ocr_carea' id='block_1_30' title="bbox 1887 1557 3475 1644">
    <p class='ocr_par' dir='ltr' id='par_1_30' title="bbox 1888 1565 3475 1644">
     <span class='ocr_line' id='line_1_30' title="bbox 1888 1565 3475 1644; baseline 0.008 -28"><span class='ocrx_word' id='word_1_206' title='bbox 1888 1565 1974 1619; x_wconf 85' lang='lat' dir='ltr'><strong>vel</strong></span> <span class='ocrx_word' id='word_1_207' title='bbox 2009 1567 2445 1635; x_wconf 86' lang='lat' dir='ltr'><strong>superliciariam</strong></span> <span class='ocrx_word' id='word_1_208' title='bbox 2469 1572 2768 1640; x_wconf 87' lang='lat' dir='ltr'><strong>quamlibet</strong></span> <span class='ocrx_word' id='word_1_209' title='bbox 2804 1574 3097 1628; x_wconf 86' lang='lat' dir='ltr'><strong>verborum</strong></span> <span class='ocrx_word' id='word_1_210' title='bbox 3143 1590 3379 1644; x_wconf 81' lang='lat' dir='ltr'><strong>pugnam</strong></span> <span class='ocrx_word' id='word_1_211' title='bbox 3407 1574 3475 1628; x_wconf 92' lang='lat' dir='ltr'><strong>ad</strong></span> 
     </span>
    </p>
   </div>
   <div class='ocr_carea' id='block_1_31' title="bbox 197 1649 3476 1739">
    <p class='ocr_par' dir='ltr' id='par_1_31' title="bbox 197 1649 3476 1739">
     <span class='ocr_line' id='line_1_31' title="bbox 197 1649 3476 1739; baseline 0.006 -36"><span class='ocrx_word' id='word_1_212' title='bbox 197 1649 550 1708; x_wconf 84' lang='lat' dir='ltr'><strong>insolubilem</strong></span> <span class='ocrx_word' id='word_1_213' title='bbox 600 1663 816 1709; x_wconf 87' lang='lat' dir='ltr'><strong>vertere</strong></span> <span class='ocrx_word' id='word_1_214' title='bbox 868 1653 1064 1708; x_wconf 90' lang='lat' dir='ltr'><strong>nititur</strong></span> <span class='ocrx_word' id='word_1_215' title='bbox 1113 1656 1639 1722; x_wconf 86' lang='lat' dir='ltr'><strong>contradictionem;</strong></span> <span class='ocrx_word' id='word_1_216' title='bbox 1673 1656 1784 1722; x_wconf 89' lang='lat' dir='ltr'><strong>hic,</strong></span> <span class='ocrx_word' id='word_1_217' title='bbox 1827 1655 2087 1728; x_wconf 88' lang='lat' dir='ltr'><strong>inquam,</strong></span> <span class='ocrx_word' id='word_1_218' title='bbox 2119 1661 2252 1730; x_wconf 87' lang='lat' dir='ltr'><strong>quin</strong></span> <span class='ocrx_word' id='word_1_219' title='bbox 2279 1676 2419 1732; x_wconf 86' lang='lat' dir='ltr'><strong>opus</strong></span> <span class='ocrx_word' id='word_1_220' title='bbox 2464 1674 2788 1720; x_wconf 88' lang='lat' dir='ltr'><strong>accusatore</strong></span> <span class='ocrx_word' id='word_1_221' title='bbox 2814 1667 2922 1732; x_wconf 85' lang='lat' dir='ltr'><strong>sit,</strong></span> <span class='ocrx_word' id='word_1_222' title='bbox 2996 1668 3386 1739; x_wconf 85' lang='lat' dir='ltr'><strong>sycophantam</strong></span> <span class='ocrx_word' id='word_1_223' title='bbox 3415 1682 3476 1722; x_wconf 89' lang='lat' dir='ltr'><strong>se</strong></span> 
     </span>
    </p>
   </div>
   <div class='ocr_carea' id='block_1_32' title="bbox 196 1743 1150 1815">
    <p class='ocr_par' dir='ltr' id='par_1_32' title="bbox 196 1743 1150 1815">
     <span class='ocr_line' id='line_1_32' title="bbox 196 1743 1150 1815; baseline 0.005 -20"><span class='ocrx_word' id='word_1_224' title='bbox 196 1743 769 1814; x_wconf 87' lang='lat' dir='ltr'><strong>malumquejudicem</strong></span> <span class='ocrx_word' id='word_1_225' title='bbox 795 1759 918 1800; x_wconf 91' lang='lat' dir='ltr'><strong>esse</strong></span> <span class='ocrx_word' id='word_1_226' title='bbox 947 1746 1150 1815; x_wconf 89' lang='lat' dir='ltr'><strong>prodit.</strong></span> 
     </span>
    </p>
   </div>
   <div class='ocr_carea' id='block_1_33' title="bbox 272 1837 1786 1913">
    <p class='ocr_par' dir='ltr' id='par_1_33' title="bbox 272 1837 1786 1913">
     <span class='ocr_line' id='line_1_33' title="bbox 272 1837 1786 1913; baseline 0.004 -23"><span class='ocrx_word' id='word_1_227' title='bbox 272 1837 341 1908; x_wconf 86' lang='grc' dir='ltr'><strong>β’.</strong></span> <span class='ocrx_word' id='word_1_228' title='bbox 368 1839 578 1892; x_wconf 81' lang='grc' dir='ltr'>Αὐτίκα</span> <span class='ocrx_word' id='word_1_229' title='bbox 598 1839 730 1908; x_wconf 82' lang='grc' dir='ltr'>γοῦν</span> <span class='ocrx_word' id='word_1_230' title='bbox 751 1840 838 1895; x_wconf 80' lang='grc' dir='ltr'>ἵνα</span> <span class='ocrx_word' id='word_1_231' title='bbox 869 1841 980 1895; x_wconf 73' lang='grc' dir='ltr'><strong>ἀπὸ</strong></span> <span class='ocrx_word' id='word_1_232' title='bbox 1001 1842 1103 1912; x_wconf 81' lang='grc' dir='ltr'>τῆς</span> <span class='ocrx_word' id='word_1_233' title='bbox 1131 1842 1239 1896; x_wconf 83' lang='grc' dir='ltr'><strong>τῶν</strong></span> <span class='ocrx_word' id='word_1_234' title='bbox 1259 1843 1472 1898; x_wconf 84' lang='grc' dir='ltr'>πολλῶν</span> <span class='ocrx_word' id='word_1_235' title='bbox 1498 1843 1786 1913; x_wconf 80' lang='grc' dir='ltr'>συνηθείας</span> 
     </span>
    </p>
   </div>
   <div class='ocr_carea' id='block_1_34' title="bbox 1887 1837 3480 1913">
    <p class='ocr_par' dir='ltr' id='par_1_34' title="bbox 1965 1839 3480 1911">
     <span class='ocr_line' id='line_1_34' title="bbox 1965 1839 3480 1911; baseline 0.004 -16"><span class='ocrx_word' id='word_1_236' title='bbox 1965 1840 2024 1896; x_wconf 75' lang='grc'><strong>2.</strong></span> <span class='ocrx_word' id='word_1_237' title='bbox 2063 1839 2318 1898; x_wconf 81' lang='lat' dir='ltr'><strong>Profecto</strong></span> <span class='ocrx_word' id='word_1_238' title='bbox 2350 1853 2411 1897; x_wconf 85' lang='lat' dir='ltr'><strong>ut</strong></span> <span class='ocrx_word' id='word_1_239' title='bbox 2445 1859 2476 1897; x_wconf 91' lang='lat' dir='ltr'><strong>a</strong></span> <span class='ocrx_word' id='word_1_240' title='bbox 2507 1858 2567 1898; x_wconf 90' lang='lat' dir='ltr'><strong>re</strong></span> <span class='ocrx_word' id='word_1_241' title='bbox 2593 1844 2731 1899; x_wconf 87' lang='lat' dir='ltr'><strong>satis</strong></span> <span class='ocrx_word' id='word_1_242' title='bbox 2759 1847 3039 1900; x_wconf 91' lang='lat' dir='ltr'><strong>communi</strong></span> <span class='ocrx_word' id='word_1_243' title='bbox 3075 1848 3352 1911; x_wconf 66' lang='lat' dir='ltr'><strong>exordiar,</strong></span> <span class='ocrx_word' id='word_1_244' title='bbox 3377 1847 3480 1901; x_wconf 88' lang='lat' dir='ltr'><strong>bo-</strong></span> 
     </span>
    </p>
   </div>
   <div class='ocr_carea' id='block_1_35' title="bbox 194 1931 1781 2006">
    <p class='ocr_par' dir='ltr' id='par_1_35' title="bbox 194 1931 1781 2006">
     <span class='ocr_line' id='line_1_35' title="bbox 194 1931 1781 2006; baseline 0.003 -20"><span class='ocrx_word' id='word_1_245' title='bbox 194 1931 474 2002; x_wconf 74' lang='grc' dir='ltr'>ἄρξωμαι,</span> <span class='ocrx_word' id='word_1_246' title='bbox 509 1933 539 1985; x_wconf 87' lang='grc' dir='ltr'><strong>ὁ</strong></span> <span class='ocrx_word' id='word_1_247' title='bbox 575 1934 734 2001; x_wconf 87' lang='grc' dir='ltr'>φόνος</span> <span class='ocrx_word' id='word_1_248' title='bbox 767 1934 953 1998; x_wconf 86' lang='grc' dir='ltr'>αὐτοῖς</span> <span class='ocrx_word' id='word_1_249' title='bbox 987 1934 1082 1988; x_wconf 76' lang='grc' dir='ltr'>καὶ</span> <span class='ocrx_word' id='word_1_250' title='bbox 1113 1935 1392 2001; x_wconf 78' lang='grc' dir='ltr'>πολιτείας</span> <span class='ocrx_word' id='word_1_251' title='bbox 1422 1937 1538 1992; x_wconf 71' lang='grc' dir='ltr'>ἐστὶ</span> <span class='ocrx_word' id='word_1_252' title='bbox 1585 1937 1781 2006; x_wconf 81' lang='grc' dir='ltr'>φύλαξ,</span> 
     </span>
    </p>
   </div>
   <div class='ocr_carea' id='block_1_36' title="bbox 196 2024 1787 2100">
    <p class='ocr_par' dir='ltr' id='par_1_36' title="bbox 196 2024 1787 2100">
     <span class='ocr_line' id='line_1_36' title="bbox 196 2024 1787 2100; baseline 0.003 -24"><span class='ocrx_word' id='word_1_253' title='bbox 196 2024 294 2076; x_wconf 76' lang='grc' dir='ltr'>καὶ</span> <span class='ocrx_word' id='word_1_254' title='bbox 325 2024 531 2093; x_wconf 80' lang='grc' dir='ltr'>μύσους</span> <span class='ocrx_word' id='word_1_255' title='bbox 555 2025 815 2087; x_wconf 77' lang='grc' dir='ltr'>ὑπόθεσις</span> <span class='ocrx_word' id='word_1_256' title='bbox 841 2041 856 2056; x_wconf 88' lang='grc'><strong>·</strong></span> <span class='ocrx_word' id='word_1_257' title='bbox 891 2027 983 2079; x_wconf 73' lang='grc' dir='ltr'><strong>καὶ</strong></span> <span class='ocrx_word' id='word_1_258' title='bbox 1013 2025 1079 2097; x_wconf 79' lang='grc' dir='ltr'>δὴ</span> <span class='ocrx_word' id='word_1_259' title='bbox 1105 2029 1200 2081; x_wconf 74' lang='grc' dir='ltr'>καὶ</span> <span class='ocrx_word' id='word_1_260' title='bbox 1232 2031 1265 2098; x_wconf 80' lang='grc' dir='ltr'>ἠ</span> <span class='ocrx_word' id='word_1_261' title='bbox 1304 2029 1546 2100; x_wconf 81' lang='grc' dir='ltr'>ἐμπορία</span> <span class='ocrx_word' id='word_1_262' title='bbox 1581 2031 1787 2100; x_wconf 89' lang='grc' dir='ltr'>κόσμος</span> 
     </span>
    </p>
   </div>
   <div class='ocr_carea' id='block_1_37' title="bbox 195 2117 1786 2189">
    <p class='ocr_par' dir='ltr' id='par_1_37' title="bbox 195 2117 1786 2189">
     <span class='ocr_line' id='line_1_37' title="bbox 195 2117 1786 2189; baseline 0.004 -20"><span class='ocrx_word' id='word_1_263' title='bbox 195 2120 263 2186; x_wconf 76' lang='grc' dir='ltr'>τῇ</span> <span class='ocrx_word' id='word_1_264' title='bbox 290 2117 468 2178; x_wconf 89' lang='grc' dir='ltr'>πόλει,</span> <span class='ocrx_word' id='word_1_265' title='bbox 501 2117 598 2170; x_wconf 75' lang='grc' dir='ltr'>καὶ</span> <span class='ocrx_word' id='word_1_266' title='bbox 629 2117 788 2189; x_wconf 78' lang='grc' dir='ltr'>ὕϐρις</span> <span class='ocrx_word' id='word_1_267' title='bbox 817 2117 918 2172; x_wconf 83' lang='grc' dir='ltr'>οὐκ</span> <span class='ocrx_word' id='word_1_268' title='bbox 948 2118 1204 2174; x_wconf 80' lang='grc' dir='ltr'>ἔλαττον..</span> <span class='ocrx_word' id='word_1_269' title='bbox 1226 2123 1336 2175; x_wconf 74' lang='grc' dir='ltr'><strong>Καὶ</strong></span> <span class='ocrx_word' id='word_1_270' title='bbox 1361 2122 1479 2186; x_wconf 83' lang='grc' dir='ltr'>πῶς</span> <span class='ocrx_word' id='word_1_271' title='bbox 1508 2124 1608 2176; x_wconf 86' lang='grc' dir='ltr'><strong>ούκ</strong></span> <span class='ocrx_word' id='word_1_272' title='bbox 1638 2125 1786 2176; x_wconf 79' lang='grc' dir='ltr'>ἐνανο</span> 
     </span>
    </p>
   </div>
   <div class='ocr_carea' id='block_1_38' title="bbox 195 2209 1783 2286">
    <p class='ocr_par' dir='ltr' id='par_1_38' title="bbox 195 2209 1783 2286">
     <span class='ocr_line' id='line_1_38' title="bbox 195 2209 1783 2286; baseline 0.004 -24"><span class='ocrx_word' id='word_1_273' title='bbox 195 2209 288 2262; x_wconf 85' lang='grc' dir='ltr'><strong>τία</strong></span> <span class='ocrx_word' id='word_1_274' title='bbox 311 2209 486 2264; x_wconf 82' lang='grc' dir='ltr'>ταῦτα</span> <span class='ocrx_word' id='word_1_275' title='bbox 509 2226 524 2275; x_wconf 89' lang='lat'><strong>;</strong></span> <span class='ocrx_word' id='word_1_276' title='bbox 552 2211 671 2264; x_wconf 86' lang='grc' dir='ltr'>Ὅτι</span> <span class='ocrx_word' id='word_1_277' title='bbox 696 2211 945 2279; x_wconf 81' lang='grc' dir='ltr'>φονεύειν</span> <span class='ocrx_word' id='word_1_278' title='bbox 975 2212 1074 2282; x_wconf 83' lang='grc' dir='ltr'>μὲν</span> <span class='ocrx_word' id='word_1_279' title='bbox 1103 2214 1204 2268; x_wconf 85' lang='grc' dir='ltr'><strong>ούκ</strong></span> <span class='ocrx_word' id='word_1_280' title='bbox 1231 2213 1442 2280; x_wconf 79' lang='grc' dir='ltr'>ἔξεστιν</span> <span class='ocrx_word' id='word_1_281' title='bbox 1465 2216 1783 2286; x_wconf 81' lang='grc' dir='ltr'>εὐεργέτην,</span> 
     </span>
    </p>
   </div>
   <div class='ocr_carea' id='block_1_39' title="bbox 194 2301 1783 2375">
    <p class='ocr_par' dir='ltr' id='par_1_39' title="bbox 194 2301 1783 2375">
     <span class='ocr_line' id='line_1_39' title="bbox 194 2301 1783 2375; baseline 0.004 -21"><span class='ocrx_word' id='word_1_282' title='bbox 194 2301 320 2354; x_wconf 67' lang='grc' dir='ltr'>οὐδὲ</span> <span class='ocrx_word' id='word_1_283' title='bbox 356 2302 581 2371; x_wconf 87' lang='grc' dir='ltr'>πολίτην</span> <span class='ocrx_word' id='word_1_284' title='bbox 611 2302 798 2356; x_wconf 81' lang='grc' dir='ltr'>εθνουν</span> <span class='ocrx_word' id='word_1_285' title='bbox 839 2307 906 2375; x_wconf 83' lang='grc' dir='ltr'>τῇ</span> <span class='ocrx_word' id='word_1_286' title='bbox 940 2305 1132 2357; x_wconf 86' lang='grc' dir='ltr'>πόλει·</span> <span class='ocrx_word' id='word_1_287' title='bbox 1171 2305 1284 2359; x_wconf 78' lang='grc' dir='ltr'>οὐδ’</span> <span class='ocrx_word' id='word_1_288' title='bbox 1309 2308 1360 2359; x_wconf 86' lang='grc' dir='ltr'>εῐ</span> <span class='ocrx_word' id='word_1_289' title='bbox 1391 2323 1474 2370; x_wconf 88' lang='grc' dir='ltr'><strong>τις</strong></span> <span class='ocrx_word' id='word_1_290' title='bbox 1508 2307 1783 2371; x_wconf 65' lang='grc' dir='ltr'>ἀναίτιος*</span> 
     </span>
    </p>
   </div>
   <div class='ocr_carea' id='block_1_40' title="bbox 196 2395 1784 2470">
    <p class='ocr_par' dir='ltr' id='par_1_40' title="bbox 196 2395 1784 2470">
     <span class='ocr_line' id='line_1_40' title="bbox 196 2395 1784 2470; baseline 0.004 -23"><span class='ocrx_word' id='word_1_291' title='bbox 196 2395 459 2465; x_wconf 81' lang='grc' dir='ltr'>πολέμιον</span> <span class='ocrx_word' id='word_1_292' title='bbox 482 2395 538 2448; x_wconf 83' lang='grc' dir='ltr'>δὲ</span> <span class='ocrx_word' id='word_1_293' title='bbox 563 2398 659 2449; x_wconf 72' lang='grc' dir='ltr'>καὶ</span> <span class='ocrx_word' id='word_1_294' title='bbox 679 2397 993 2468; x_wconf 82' lang='grc' dir='ltr'>κακοῦργον</span> <span class='ocrx_word' id='word_1_295' title='bbox 1016 2400 1110 2451; x_wconf 69' lang='grc' dir='ltr'>καὶ</span> <span class='ocrx_word' id='word_1_296' title='bbox 1142 2400 1410 2470; x_wconf 83' lang='grc' dir='ltr'>προδότην</span> <span class='ocrx_word' id='word_1_297' title='bbox 1440 2400 1615 2464; x_wconf 82' lang='grc' dir='ltr'>άλλως</span> <span class='ocrx_word' id='word_1_298' title='bbox 1643 2401 1784 2454; x_wconf 75' lang='grc' dir='ltr'>ἐνδι-</span> 
     </span>
    </p>
   </div>
   <div class='ocr_carea' id='block_1_41' title="bbox 197 2487 1788 2564">
    <p class='ocr_par' dir='ltr' id='par_1_41' title="bbox 197 2487 1788 2564">
     <span class='ocr_line' id='line_1_41' title="bbox 197 2487 1788 2564; baseline 0.003 -23"><span class='ocrx_word' id='word_1_299' title='bbox 197 2505 297 2542; x_wconf 83' lang='grc' dir='ltr'><strong>κον</strong></span> <span class='ocrx_word' id='word_1_300' title='bbox 335 2487 610 2544; x_wconf 87' lang='grc' dir='ltr'>τεθνάναι.</span> <span class='ocrx_word' id='word_1_301' title='bbox 638 2489 750 2544; x_wconf 79' lang='grc' dir='ltr'><strong>Καὶ</strong></span> <span class='ocrx_word' id='word_1_302' title='bbox 784 2489 849 2562; x_wconf 80' lang='grc' dir='ltr'>δὴ</span> <span class='ocrx_word' id='word_1_303' title='bbox 879 2491 974 2545; x_wconf 81' lang='grc' dir='ltr'>καὶ</span> <span class='ocrx_word' id='word_1_304' title='bbox 999 2493 1091 2544; x_wconf 85' lang='grc' dir='ltr'>τὸν</span> <span class='ocrx_word' id='word_1_305' title='bbox 1129 2492 1446 2564; x_wconf 84' lang='grc' dir='ltr'>ἀλλοτρίους</span> <span class='ocrx_word' id='word_1_306' title='bbox 1470 2494 1685 2563; x_wconf 82' lang='grc' dir='ltr'>γάμους</span> <span class='ocrx_word' id='word_1_307' title='bbox 1706 2492 1788 2546; x_wconf 87' lang='grc' dir='ltr'>δι-</span> 
     </span>
    </p>
   </div>
   <div class='ocr_carea' id='block_1_42' title="bbox 196 2583 1786 2658">
    <p class='ocr_par' dir='ltr' id='par_1_42' title="bbox 196 2583 1786 2658">
     <span class='ocr_line' id='line_1_42' title="bbox 196 2583 1786 2658; baseline 0.004 -24"><span class='ocrx_word' id='word_1_308' title='bbox 196 2583 517 2651; x_wconf 86' lang='grc' dir='ltr'>ορύττοντα,</span> <span class='ocrx_word' id='word_1_309' title='bbox 547 2585 635 2640; x_wconf 73' lang='grc' dir='ltr'><strong>ἐπ’</strong></span> <span class='ocrx_word' id='word_1_310' title='bbox 663 2583 952 2657; x_wconf 85' lang='grc' dir='ltr'>αύτοφόρῳ</span> <span class='ocrx_word' id='word_1_311' title='bbox 979 2584 1198 2650; x_wconf 80' lang='grc' dir='ltr'>ἁλόντα,</span> <span class='ocrx_word' id='word_1_312' title='bbox 1228 2586 1419 2658; x_wconf 86' lang='grc' dir='ltr'>κύριός</span> <span class='ocrx_word' id='word_1_313' title='bbox 1443 2589 1590 2641; x_wconf 76' lang='grc' dir='ltr'>ἐστιν</span> <span class='ocrx_word' id='word_1_314' title='bbox 1616 2590 1644 2641; x_wconf 89' lang='grc' dir='ltr'><strong>ό</strong></span> <span class='ocrx_word' id='word_1_315' title='bbox 1670 2588 1786 2658; x_wconf 70' lang='grc' dir='ltr'>ἠδι-</span> 
     </span>
    </p>
   </div>
   <div class='ocr_carea' id='block_1_43' title="bbox 197 2675 1784 2751">
    <p class='ocr_par' dir='ltr' id='par_1_43' title="bbox 197 2675 1784 2751">
     <span class='ocr_line' id='line_1_43' title="bbox 197 2675 1784 2751; baseline 0.002 -22"><span class='ocrx_word' id='word_1_316' title='bbox 197 2676 443 2745; x_wconf 82' lang='grc' dir='ltr'>κημένος</span> <span class='ocrx_word' id='word_1_317' title='bbox 485 2675 581 2730; x_wconf 75' lang='grc' dir='ltr'><strong>καὶ</strong></span> <span class='ocrx_word' id='word_1_318' title='bbox 625 2677 719 2730; x_wconf 83' lang='grc' dir='ltr'>τοῦ</span> <span class='ocrx_word' id='word_1_319' title='bbox 762 2679 1185 2750; x_wconf 77' lang='grc' dir='ltr'>εἰσπράττεσθαι</span> <span class='ocrx_word' id='word_1_320' title='bbox 1213 2678 1312 2751; x_wconf 79' lang='grc' dir='ltr'>τὴν</span> <span class='ocrx_word' id='word_1_321' title='bbox 1345 2680 1502 2750; x_wconf 84' lang='grc' dir='ltr'>δίκην</span> <span class='ocrx_word' id='word_1_322' title='bbox 1529 2696 1543 2710; x_wconf 88' lang='grc'><strong>·</strong></span> <span class='ocrx_word' id='word_1_323' title='bbox 1584 2679 1691 2746; x_wconf 78' lang='grc' dir='ltr'><strong>ἔξω</strong></span> <span class='ocrx_word' id='word_1_324' title='bbox 1727 2679 1784 2733; x_wconf 84' lang='grc' dir='ltr'>δὲ</span> 
     </span>
    </p>
   </div>
   <div class='ocr_carea' id='block_1_44' title="bbox 195 2767 1786 2842">
    <p class='ocr_par' dir='ltr' id='par_1_44' title="bbox 195 2767 1786 2842">
     <span class='ocr_line' id='line_1_44' title="bbox 195 2767 1786 2842; baseline 0.001 -20"><span class='ocrx_word' id='word_1_325' title='bbox 195 2770 294 2823; x_wconf 79' lang='grc' dir='ltr'>τοῦ</span> <span class='ocrx_word' id='word_1_326' title='bbox 329 2769 537 2840; x_wconf 83' lang='grc' dir='ltr'>μύσους</span> <span class='ocrx_word' id='word_1_327' title='bbox 564 2767 770 2832; x_wconf 86' lang='grc' dir='ltr'>λαϐὼν,</span> <span class='ocrx_word' id='word_1_328' title='bbox 797 2771 1059 2840; x_wconf 78' lang='grc' dir='ltr'>δικαστὴν</span> <span class='ocrx_word' id='word_1_329' title='bbox 1094 2771 1256 2826; x_wconf 83' lang='grc' dir='ltr'>ἄλλον</span> <span class='ocrx_word' id='word_1_330' title='bbox 1285 2771 1538 2842; x_wconf 76' lang='grc' dir='ltr'>ἐπιζητεί</span> <span class='ocrx_word' id='word_1_331' title='bbox 1567 2770 1662 2825; x_wconf 80' lang='grc' dir='ltr'>τοῦ</span> <span class='ocrx_word' id='word_1_332' title='bbox 1691 2773 1786 2840; x_wconf 79' lang='grc' dir='ltr'><strong>ὲγ-</strong></span> 
     </span>
    </p>
   </div>
   <div class='ocr_carea' id='block_1_45' title="bbox 195 2862 1787 2934">
    <p class='ocr_par' dir='ltr' id='par_1_45' title="bbox 195 2862 1787 2934">
     <span class='ocr_line' id='line_1_45' title="bbox 195 2862 1787 2934; baseline 0.001 -19"><span class='ocrx_word' id='word_1_333' title='bbox 195 2863 498 2932; x_wconf 84' lang='grc' dir='ltr'>κλήματος.</span> <span class='ocrx_word' id='word_1_334' title='bbox 547 2863 716 2916; x_wconf 87' lang='grc' dir='ltr'>Πάλιν</span> <span class='ocrx_word' id='word_1_335' title='bbox 748 2863 864 2916; x_wconf 82' lang='grc' dir='ltr'>ὅσοι</span> <span class='ocrx_word' id='word_1_336' title='bbox 904 2862 966 2915; x_wconf 78' lang='grc' dir='ltr'>τὸ</span> <span class='ocrx_word' id='word_1_337' title='bbox 989 2863 1246 2916; x_wconf 76' lang='grc' dir='ltr'>ταπεινὸν</span> <span class='ocrx_word' id='word_1_338' title='bbox 1271 2864 1460 2934; x_wconf 81' lang='grc' dir='ltr'>σχῆμα</span> <span class='ocrx_word' id='word_1_339' title='bbox 1490 2863 1592 2934; x_wconf 82' lang='grc' dir='ltr'>τῆς</span> <span class='ocrx_word' id='word_1_340' title='bbox 1629 2863 1787 2916; x_wconf 78' lang='grc' dir='ltr'>πολιο</span> 
     </span>
    </p>
   </div>
   <div class='ocr_carea' id='block_1_46' title="bbox 194 2953 1782 3026">
    <p class='ocr_par' dir='ltr' id='par_1_46' title="bbox 194 2953 1782 3026">
     <span class='ocr_line' id='line_1_46' title="bbox 194 2953 1782 3026; baseline -0.001 -18"><span class='ocrx_word' id='word_1_341' title='bbox 194 2955 352 3018; x_wconf 81' lang='grc' dir='ltr'>τείας</span> <span class='ocrx_word' id='word_1_342' title='bbox 381 2953 728 3018; x_wconf 85' lang='grc' dir='ltr'>ὑποδύονται,</span> <span class='ocrx_word' id='word_1_343' title='bbox 756 2954 1054 3025; x_wconf 74' lang='grc' dir='ltr'>ἐμπορίαις</span> <span class='ocrx_word' id='word_1_344' title='bbox 1085 2953 1185 3026; x_wconf 84' lang='grc' dir='ltr'>τὴν</span> <span class='ocrx_word' id='word_1_345' title='bbox 1219 2955 1374 3008; x_wconf 78' lang='grc' dir='ltr'>πόλιν</span> <span class='ocrx_word' id='word_1_346' title='bbox 1405 2953 1782 3019; x_wconf 83' lang='grc' dir='ltr'>συναύξουσιν·</span> 
     </span>
    </p>
   </div>
   <div class='ocr_carea' id='block_1_47' title="bbox 194 3045 1783 3116">
    <p class='ocr_par' dir='ltr' id='par_1_47' title="bbox 194 3045 1783 3116">
     <span class='ocr_line' id='line_1_47' title="bbox 194 3045 1783 3116; baseline -0.001 -17"><span class='ocrx_word' id='word_1_347' title='bbox 194 3047 249 3104; x_wconf 75' lang='grc' dir='ltr'>οἱ</span> <span class='ocrx_word' id='word_1_348' title='bbox 296 3045 354 3099; x_wconf 77' lang='grc' dir='ltr'>δὲ</span> <span class='ocrx_word' id='word_1_349' title='bbox 401 3045 798 3116; x_wconf 83' lang='grc' dir='ltr'>στρατηγεῖνῆ</span> <span class='ocrx_word' id='word_1_350' title='bbox 841 3045 1192 3115; x_wconf 86' lang='grc' dir='ltr'>δημαγωγεῖν</span> <span class='ocrx_word' id='word_1_351' title='bbox 1237 3045 1269 3116; x_wconf 79' lang='grc' dir='ltr'>ἢ</span> <span class='ocrx_word' id='word_1_352' title='bbox 1313 3045 1383 3098; x_wconf 86' lang='grc' dir='ltr'>τὰ</span> <span class='ocrx_word' id='word_1_353' title='bbox 1413 3047 1640 3099; x_wconf 82' lang='grc' dir='ltr'>τοιαῦτα</span> <span class='ocrx_word' id='word_1_354' title='bbox 1685 3062 1783 3100; x_wconf 86' lang='grc' dir='ltr'>τα-</span> 
     </span>
    </p>
   </div>
   <div class='ocr_carea' id='block_1_48' title="bbox 194 3137 1777 3210">
    <p class='ocr_par' dir='ltr' id='par_1_48' title="bbox 194 3137 1777 3210">
     <span class='ocr_line' id='line_1_48' title="bbox 194 3137 1777 3210; baseline -0.001 -18"><span class='ocrx_word' id='word_1_355' title='bbox 194 3139 440 3210; x_wconf 87' lang='grc' dir='ltr'>χθέντες,</span> <span class='ocrx_word' id='word_1_356' title='bbox 503 3140 582 3203; x_wconf 83' lang='grc' dir='ltr'><strong>είς</strong></span> <span class='ocrx_word' id='word_1_357' title='bbox 635 3137 854 3208; x_wconf 79' lang='grc' dir='ltr'>εκείνην</span> <span class='ocrx_word' id='word_1_358' title='bbox 914 3138 1338 3202; x_wconf 80' lang='grc' dir='ltr'>καταϐαίνοντες</span> <span class='ocrx_word' id='word_1_359' title='bbox 1393 3137 1494 3209; x_wconf 82' lang='grc' dir='ltr'>τὴν</span> <span class='ocrx_word' id='word_1_360' title='bbox 1554 3138 1777 3208; x_wconf 79' lang='grc' dir='ltr'>πρᾶξιν,</span> 
     </span>
    </p>
   </div>
   <div class='ocr_carea' id='block_1_49' title="bbox 1886 1932 3474 2010">
    <p class='ocr_par' dir='ltr' id='par_1_49' title="bbox 1886 1932 3474 2010">
     <span class='ocr_line' id='line_1_49' title="bbox 1886 1932 3474 2010; baseline 0.005 -23"><span class='ocrx_word' id='word_1_361' title='bbox 1886 1932 2170 1988; x_wconf 89' lang='lat' dir='ltr'><strong>micidium</strong></span> <span class='ocrx_word' id='word_1_362' title='bbox 2199 1946 2254 1988; x_wconf 90' lang='lat' dir='ltr'><strong>et</strong></span> <span class='ocrx_word' id='word_1_363' title='bbox 2277 1934 2590 2003; x_wconf 76' lang='lat' dir='ltr'><strong>reipublica:</strong></span> <span class='ocrx_word' id='word_1_364' title='bbox 2615 1937 2783 1991; x_wconf 88' lang='lat' dir='ltr'><strong>tutela</strong></span> <span class='ocrx_word' id='word_1_365' title='bbox 2814 1937 3057 1993; x_wconf 87' lang='lat' dir='ltr'><strong>creditur</strong></span> <span class='ocrx_word' id='word_1_366' title='bbox 3088 1940 3229 2008; x_wconf 88' lang='lat' dir='ltr'><strong>apud</strong></span> <span class='ocrx_word' id='word_1_367' title='bbox 3258 1939 3474 2010; x_wconf 84' lang='lat' dir='ltr'><strong>vulgus,</strong></span> 
     </span>
    </p>
   </div>
   <div class='ocr_carea' id='block_1_50' title="bbox 1887 2027 3473 2096">
    <p class='ocr_par' dir='ltr' id='par_1_50' title="bbox 1887 2027 3473 2096">
     <span class='ocr_line' id='line_1_50' title="bbox 1887 2027 3473 2096; baseline 0.004 -14"><span class='ocrx_word' id='word_1_368' title='bbox 1887 2027 2145 2096; x_wconf 88' lang='lat' dir='ltr'><strong>idemque</strong></span> <span class='ocrx_word' id='word_1_369' title='bbox 2190 2029 2421 2082; x_wconf 87' lang='lat' dir='ltr'><strong>materia</strong></span> <span class='ocrx_word' id='word_1_370' title='bbox 2469 2028 2714 2084; x_wconf 84' lang='lat' dir='ltr'><strong>sceleris.</strong></span> <span class='ocrx_word' id='word_1_371' title='bbox 2753 2029 2892 2084; x_wconf 84' lang='lat' dir='ltr'><strong>Tum</strong></span> <span class='ocrx_word' id='word_1_372' title='bbox 2926 2042 3235 2086; x_wconf 84' lang='lat' dir='ltr'><strong>mercatura</strong></span> <span class='ocrx_word' id='word_1_373' title='bbox 3289 2034 3473 2088; x_wconf 88' lang='lat' dir='ltr'><strong>decori</strong></span> 
     </span>
    </p>
   </div>
   <div class='ocr_carea' id='block_1_51' title="bbox 1885 2119 3474 2196">
    <p class='ocr_par' dir='ltr' id='par_1_51' title="bbox 1885 2119 3474 2196">
     <span class='ocr_line' id='line_1_51' title="bbox 1885 2119 3474 2196; baseline 0.003 -21"><span class='ocrx_word' id='word_1_374' title='bbox 1885 2119 2052 2175; x_wconf 89' lang='lat' dir='ltr'><strong>simul</strong></span> <span class='ocrx_word' id='word_1_375' title='bbox 2095 2120 2328 2186; x_wconf 84' lang='lat' dir='ltr'><strong>civibus,</strong></span> <span class='ocrx_word' id='word_1_376' title='bbox 2361 2121 2638 2189; x_wconf 89' lang='lat' dir='ltr'><strong>simulque</strong></span> <span class='ocrx_word' id='word_1_377' title='bbox 2659 2123 2915 2178; x_wconf 83' lang='lat' dir='ltr'><strong>dedecori</strong></span> <span class='ocrx_word' id='word_1_378' title='bbox 2939 2133 3041 2179; x_wconf 88' lang='lat' dir='ltr'><strong>est.</strong></span> <span class='ocrx_word' id='word_1_379' title='bbox 3078 2123 3277 2192; x_wconf 84' lang='lat' dir='ltr'><strong>Quidni</strong></span> <span class='ocrx_word' id='word_1_380' title='bbox 3308 2125 3474 2196; x_wconf 84' lang='lat' dir='ltr'><strong>igitur</strong></span> 
     </span>
    </p>
   </div>
   <div class='ocr_carea' id='block_1_52' title="bbox 1886 2212 3477 2288">
    <p class='ocr_par' dir='ltr' id='par_1_52' title="bbox 1886 2212 3477 2288">
     <span class='ocr_line' id='line_1_52' title="bbox 1886 2212 3477 2288; baseline 0.004 -22"><span class='ocrx_word' id='word_1_381' title='bbox 1886 2212 2003 2267; x_wconf 68' lang='lat' dir='ltr'><strong>haec</strong></span> <span class='ocrx_word' id='word_1_382' title='bbox 2030 2214 2310 2268; x_wconf 88' lang='lat' dir='ltr'><strong>contraria</strong></span> <span class='ocrx_word' id='word_1_383' title='bbox 2352 2214 2522 2270; x_wconf 78' lang='lat' dir='ltr'><strong>sunt?</strong></span> <span class='ocrx_word' id='word_1_384' title='bbox 2553 2215 2682 2284; x_wconf 87' lang='lat' dir='ltr'><strong>quia</strong></span> <span class='ocrx_word' id='word_1_385' title='bbox 2726 2217 2977 2272; x_wconf 80' lang='lat' dir='ltr'><strong>videlicet</strong></span> <span class='ocrx_word' id='word_1_386' title='bbox 3016 2234 3194 2288; x_wconf 83' lang='lat' dir='ltr'><strong>neque</strong></span> <span class='ocrx_word' id='word_1_387' title='bbox 3222 2219 3477 2272; x_wconf 82' lang='lat' dir='ltr'><strong>bencme-</strong></span> 
     </span>
    </p>
   </div>
   <div class='ocr_carea' id='block_1_53' title="bbox 1886 2305 3464 2379">
    <p class='ocr_par' dir='ltr' id='par_1_53' title="bbox 1886 2305 3464 2379">
     <span class='ocr_line' id='line_1_53' title="bbox 1886 2305 3464 2379; baseline 0.004 -21"><span class='ocrx_word' id='word_1_388' title='bbox 1886 2305 2052 2359; x_wconf 90' lang='lat' dir='ltr'><strong>ritum</strong></span> <span class='ocrx_word' id='word_1_389' title='bbox 2089 2307 2338 2362; x_wconf 87' lang='lat' dir='ltr'><strong>occidere</strong></span> <span class='ocrx_word' id='word_1_390' title='bbox 2364 2308 2489 2362; x_wconf 90' lang='lat' dir='ltr'><strong>licet</strong></span> <span class='ocrx_word' id='word_1_391' title='bbox 2513 2308 2712 2372; x_wconf 88' lang='lat' dir='ltr'><strong>civem,</strong></span> <span class='ocrx_word' id='word_1_392' title='bbox 2747 2324 2927 2379; x_wconf 88' lang='lat' dir='ltr'><strong>neque</strong></span> <span class='ocrx_word' id='word_1_393' title='bbox 2957 2312 3110 2367; x_wconf 91' lang='lat' dir='ltr'><strong>urbis</strong></span> <span class='ocrx_word' id='word_1_394' title='bbox 3131 2311 3464 2373; x_wconf 86' lang='lat' dir='ltr'><strong>studiosum,</strong></span> 
     </span>
    </p>
   </div>
   <div class='ocr_carea' id='block_1_54' title="bbox 1885 2398 3473 2467">
    <p class='ocr_par' dir='ltr' id='par_1_54' title="bbox 1885 2398 3473 2467">
     <span class='ocr_line' id='line_1_54' title="bbox 1885 2398 3473 2467; baseline 0.004 -16"><span class='ocrx_word' id='word_1_395' title='bbox 1885 2412 1986 2452; x_wconf 70' lang='lat' dir='ltr'><strong>nec</strong></span> <span class='ocrx_word' id='word_1_396' title='bbox 2014 2398 2268 2467; x_wconf 86' lang='lat' dir='ltr'><strong>quemvis</strong></span> <span class='ocrx_word' id='word_1_397' title='bbox 2302 2398 2634 2454; x_wconf 85' lang='lat' dir='ltr'><strong>innocuum:</strong></span> <span class='ocrx_word' id='word_1_398' title='bbox 2670 2401 2882 2456; x_wconf 84' lang='lat' dir='ltr'><strong>hostem</strong></span> <span class='ocrx_word' id='word_1_399' title='bbox 2917 2417 3048 2456; x_wconf 83' lang='lat' dir='ltr'><strong>vero</strong></span> <span class='ocrx_word' id='word_1_400' title='bbox 3077 2413 3129 2456; x_wconf 89' lang='lat' dir='ltr'><strong>et</strong></span> <span class='ocrx_word' id='word_1_401' title='bbox 3163 2405 3473 2458; x_wconf 79' lang='lat' dir='ltr'><strong>maleficum</strong></span> 
     </span>
    </p>
   </div>
   <div class='ocr_carea' id='block_1_55' title="bbox 1885 2491 3478 2562">
    <p class='ocr_par' dir='ltr' id='par_1_55' title="bbox 1885 2491 3478 2562">
     <span class='ocr_line' id='line_1_55' title="bbox 1885 2491 3478 2562; baseline 0.003 -17"><span class='ocrx_word' id='word_1_402' title='bbox 1885 2500 1940 2545; x_wconf 88' lang='lat' dir='ltr'><strong>et</strong></span> <span class='ocrx_word' id='word_1_403' title='bbox 1961 2493 2232 2560; x_wconf 61' lang='lat' dir='ltr'><strong>praecipue</strong></span> <span class='ocrx_word' id='word_1_404' title='bbox 2269 2491 2626 2562; x_wconf 85' lang='lat' dir='ltr'><strong>proditorem,</strong></span> <span class='ocrx_word' id='word_1_405' title='bbox 2671 2509 2890 2562; x_wconf 67' lang='lat' dir='ltr'><strong>aequum</strong></span> <span class='ocrx_word' id='word_1_406' title='bbox 2924 2503 3008 2548; x_wconf 86' lang='lat' dir='ltr'><strong>est</strong></span> <span class='ocrx_word' id='word_1_407' title='bbox 3040 2494 3295 2549; x_wconf 86' lang='lat' dir='ltr'><strong>interﬁci.</strong></span> <span class='ocrx_word' id='word_1_408' title='bbox 3330 2496 3478 2551; x_wconf 75' lang='lat' dir='ltr'><strong>Prae-</strong></span> 
     </span>
    </p>
   </div>
   <div class='ocr_carea' id='block_1_56' title="bbox 1888 2583 3476 2652">
    <p class='ocr_par' dir='ltr' id='par_1_56' title="bbox 1888 2583 3476 2652">
     <span class='ocr_line' id='line_1_56' title="bbox 1888 2583 3476 2652; baseline 0.003 -16"><span class='ocrx_word' id='word_1_409' title='bbox 1888 2590 2034 2636; x_wconf 83' lang='lat' dir='ltr'><strong>terea</strong></span> <span class='ocrx_word' id='word_1_410' title='bbox 2059 2584 2152 2652; x_wconf 88' lang='lat' dir='ltr'><strong>qui</strong></span> <span class='ocrx_word' id='word_1_411' title='bbox 2187 2583 2395 2638; x_wconf 88' lang='lat' dir='ltr'><strong>alienos</strong></span> <span class='ocrx_word' id='word_1_412' title='bbox 2420 2586 2690 2641; x_wconf 86' lang='lat' dir='ltr'><strong>thalamos</strong></span> <span class='ocrx_word' id='word_1_413' title='bbox 2713 2585 2901 2649; x_wconf 84' lang='lat' dir='ltr'><strong>violat,</strong></span> <span class='ocrx_word' id='word_1_414' title='bbox 2935 2587 2982 2641; x_wconf 92' lang='lat' dir='ltr'><strong>si</strong></span> <span class='ocrx_word' id='word_1_415' title='bbox 3009 2589 3063 2641; x_wconf 91' lang='lat' dir='ltr'><strong>in</strong></span> <span class='ocrx_word' id='word_1_416' title='bbox 3096 2586 3344 2642; x_wconf 89' lang='lat' dir='ltr'><strong>facinore</strong></span> <span class='ocrx_word' id='word_1_417' title='bbox 3386 2589 3476 2642; x_wconf 89' lang='lat' dir='ltr'><strong>de-</strong></span> 
     </span>
    </p>
   </div>
   <div class='ocr_carea' id='block_1_57' title="bbox 1886 2677 3476 2750">
    <p class='ocr_par' dir='ltr' id='par_1_57' title="bbox 1886 2677 3476 2750">
     <span class='ocr_line' id='line_1_57' title="bbox 1886 2677 3476 2750; baseline 0.002 -20"><span class='ocrx_word' id='word_1_418' title='bbox 1886 2677 2278 2746; x_wconf 86' lang='lat' dir='ltr'><strong>prehendatur.</strong></span> <span class='ocrx_word' id='word_1_419' title='bbox 2310 2678 2436 2731; x_wconf 89' lang='lat' dir='ltr'><strong>licet</strong></span> <span class='ocrx_word' id='word_1_420' title='bbox 2465 2679 2686 2748; x_wconf 85' lang='lat' dir='ltr'><strong>conjugi</strong></span> <span class='ocrx_word' id='word_1_421' title='bbox 2725 2681 2856 2734; x_wconf 64' lang='lat' dir='ltr'><strong>laeso</strong></span> <span class='ocrx_word' id='word_1_422' title='bbox 2894 2695 3087 2750; x_wconf 60' lang='lat' dir='ltr'><strong>poenas</strong></span> <span class='ocrx_word' id='word_1_423' title='bbox 3134 2682 3202 2735; x_wconf 87' lang='lat' dir='ltr'><strong>de</strong></span> <span class='ocrx_word' id='word_1_424' title='bbox 3251 2681 3342 2734; x_wconf 92' lang='lat' dir='ltr'><strong>illo</strong></span> <span class='ocrx_word' id='word_1_425' title='bbox 3383 2695 3476 2734; x_wconf 84' lang='lat' dir='ltr'><strong>su-</strong></span> 
     </span>
    </p>
   </div>
   <div class='ocr_carea' id='block_1_58' title="bbox 1885 2770 3473 2842">
    <p class='ocr_par' dir='ltr' id='par_1_58' title="bbox 1885 2770 3473 2842">
     <span class='ocr_line' id='line_1_58' title="bbox 1885 2770 3473 2842; baseline 0.003 -21"><span class='ocrx_word' id='word_1_426' title='bbox 1885 2783 2069 2822; x_wconf 87' lang='lat' dir='ltr'><strong>mere:</strong></span> <span class='ocrx_word' id='word_1_427' title='bbox 2099 2771 2146 2822; x_wconf 89' lang='lat' dir='ltr'><strong>si</strong></span> <span class='ocrx_word' id='word_1_428' title='bbox 2180 2778 2358 2823; x_wconf 87' lang='lat' dir='ltr'><strong>tamen</strong></span> <span class='ocrx_word' id='word_1_429' title='bbox 2395 2770 2615 2826; x_wconf 88' lang='lat' dir='ltr'><strong>aliunde</strong></span> <span class='ocrx_word' id='word_1_430' title='bbox 2649 2771 2866 2827; x_wconf 81' lang='lat' dir='ltr'><strong>facinus</strong></span> <span class='ocrx_word' id='word_1_431' title='bbox 2891 2782 3274 2842; x_wconf 79' lang='lat' dir='ltr'><strong>cognoscatur,</strong></span> <span class='ocrx_word' id='word_1_432' title='bbox 3304 2772 3473 2825; x_wconf 87' lang='lat' dir='ltr'><strong>alium</strong></span> 
     </span>
    </p>
   </div>
   <div class='ocr_carea' id='block_1_59' title="bbox 1882 2859 3476 2931">
    <p class='ocr_par' dir='ltr' id='par_1_59' title="bbox 1882 2859 3476 2931">
     <span class='ocr_line' id='line_1_59' title="bbox 1882 2859 3476 2931; baseline 0.004 -19"><span class='ocrx_word' id='word_1_433' title='bbox 1882 2859 2122 2930; x_wconf 90' lang='lat' dir='ltr'><strong>judicem</strong></span> <span class='ocrx_word' id='word_1_434' title='bbox 2162 2875 2332 2916; x_wconf 88' lang='lat' dir='ltr'><strong>causa</strong></span> <span class='ocrx_word' id='word_1_435' title='bbox 2369 2862 2631 2931; x_wconf 87' lang='lat' dir='ltr'><strong>postulat.</strong></span> <span class='ocrx_word' id='word_1_436' title='bbox 2682 2863 2897 2918; x_wconf 77' lang='lat' dir='ltr'><strong>Rursus</strong></span> <span class='ocrx_word' id='word_1_437' title='bbox 2940 2864 3194 2918; x_wconf 90' lang='lat' dir='ltr'><strong>homines</strong></span> <span class='ocrx_word' id='word_1_438' title='bbox 3235 2865 3476 2918; x_wconf 87' lang='lat' dir='ltr'><strong>obscuro</strong></span> 
     </span>
    </p>
   </div>
   <div class='ocr_carea' id='block_1_60' title="bbox 1885 2951 3476 3021">
    <p class='ocr_par' dir='ltr' id='par_1_60' title="bbox 1885 2951 3476 3021">
     <span class='ocr_line' id='line_1_60' title="bbox 1885 2951 3476 3021; baseline 0.002 -17"><span class='ocrx_word' id='word_1_439' title='bbox 1885 2951 2010 3005; x_wconf 69' lang='lat' dir='ltr'><strong>vita:</strong></span> <span class='ocrx_word' id='word_1_440' title='bbox 2037 2951 2222 3021; x_wconf 79' lang='lat' dir='ltr'><strong>generi</strong></span> <span class='ocrx_word' id='word_1_441' title='bbox 2261 2953 2449 3017; x_wconf 88' lang='lat' dir='ltr'><strong>dediti,</strong></span> <span class='ocrx_word' id='word_1_442' title='bbox 2489 2953 2859 3009; x_wconf 89' lang='lat' dir='ltr'><strong>mercimoniis</strong></span> <span class='ocrx_word' id='word_1_443' title='bbox 2899 2955 3018 3010; x_wconf 87' lang='lat' dir='ltr'><strong>suis</strong></span> <span class='ocrx_word' id='word_1_444' title='bbox 3062 2956 3298 3011; x_wconf 85' lang='lat' dir='ltr'><strong>civitatis</strong></span> <span class='ocrx_word' id='word_1_445' title='bbox 3322 2971 3476 3010; x_wconf 84' lang='lat' dir='ltr'><strong>com-</strong></span> 
     </span>
    </p>
   </div>
   <div class='ocr_carea' id='block_1_61' title="bbox 1887 3043 3477 3116">
    <p class='ocr_par' dir='ltr' id='par_1_61' title="bbox 1887 3043 3477 3116">
     <span class='ocr_line' id='line_1_61' title="bbox 1887 3043 3477 3116; baseline 0.003 -18"><span class='ocrx_word' id='word_1_446' title='bbox 1887 3043 2050 3098; x_wconf 86' lang='lat' dir='ltr'><strong>moda</strong></span> <span class='ocrx_word' id='word_1_447' title='bbox 2081 3054 2282 3115; x_wconf 89' lang='lat' dir='ltr'><strong>augent</strong></span> <span class='ocrx_word' id='word_1_448' title='bbox 2311 3063 2325 3099; x_wconf 90' lang='lat'><strong>:</strong></span> <span class='ocrx_word' id='word_1_449' title='bbox 2355 3046 2450 3116; x_wconf 91' lang='lat' dir='ltr'><strong>qui</strong></span> <span class='ocrx_word' id='word_1_450' title='bbox 2495 3061 2626 3101; x_wconf 87' lang='lat' dir='ltr'><strong>vero</strong></span> <span class='ocrx_word' id='word_1_451' title='bbox 2659 3055 2755 3101; x_wconf 87' lang='lat' dir='ltr'><strong>aut</strong></span> <span class='ocrx_word' id='word_1_452' title='bbox 2779 3048 3002 3104; x_wconf 87' lang='lat' dir='ltr'><strong>ordines</strong></span> <span class='ocrx_word' id='word_1_453' title='bbox 3041 3048 3336 3111; x_wconf 81' lang='lat' dir='ltr'><strong>militares,</strong></span> <span class='ocrx_word' id='word_1_454' title='bbox 3380 3058 3477 3103; x_wconf 86' lang='lat' dir='ltr'><strong>aut</strong></span> 
     </span>
    </p>
   </div>
   <div class='ocr_carea' id='block_1_62' title="bbox 1885 3134 3474 3213">
    <p class='ocr_par' dir='ltr' id='par_1_62' title="bbox 1885 3134 3474 3213">
     <span class='ocr_line' id='line_1_62' title="bbox 1885 3134 3474 3213; baseline 0.004 -24"><span class='ocrx_word' id='word_1_455' title='bbox 1885 3134 2075 3190; x_wconf 73' lang='lat' dir='ltr'><strong>civiles</strong></span> <span class='ocrx_word' id='word_1_456' title='bbox 2106 3137 2497 3206; x_wconf 82' lang='lat' dir='ltr'><strong>magistratus,</strong></span> <span class='ocrx_word' id='word_1_457' title='bbox 2523 3147 2617 3193; x_wconf 89' lang='lat' dir='ltr'><strong>aut</strong></span> <span class='ocrx_word' id='word_1_458' title='bbox 2657 3138 2857 3195; x_wconf 89' lang='lat' dir='ltr'><strong>similia</strong></span> <span class='ocrx_word' id='word_1_459' title='bbox 2895 3156 3120 3196; x_wconf 82' lang='lat' dir='ltr'><strong>munera</strong></span> <span class='ocrx_word' id='word_1_460' title='bbox 3152 3150 3350 3213; x_wconf 86' lang='lat' dir='ltr'><strong>gerunt</strong></span> <span class='ocrx_word' id='word_1_461' title='bbox 3371 3181 3386 3204; x_wconf 84' lang='lat'><strong>.</strong></span> <span class='ocrx_word' id='word_1_462' title='bbox 3419 3143 3474 3198; x_wconf 89' lang='lat' dir='ltr'><strong>hi</strong></span> 
     </span>
    </p>
   </div>
   <div class='ocr_carea' id='block_1_63' title="bbox 195 3199 1786 3305">
    <p class='ocr_par' dir='ltr' id='par_1_63' title="bbox 195 3199 1780 3301">
     <span class='ocr_line' id='line_1_63' title="bbox 195 3199 1780 3301; baseline -0.001 -17"><span class='ocrx_word' id='word_1_463' title='bbox 195 3199 300 3301; x_wconf 58' lang='grc' dir='ltr'>τῆς</span> <span class='ocrx_word' id='word_1_464' title='bbox 348 3199 624 3294; x_wconf 75' lang='grc' dir='ltr'>πολιτείας</span> <span class='ocrx_word' id='word_1_465' title='bbox 683 3199 1029 3301; x_wconf 70' lang='grc' dir='ltr'>ἐξυϐρίζουσι</span> <span class='ocrx_word' id='word_1_466' title='bbox 1085 3235 1152 3284; x_wconf 83' lang='grc' dir='ltr'>τὸ</span> <span class='ocrx_word' id='word_1_467' title='bbox 1200 3199 1460 3300; x_wconf 53' lang='grc' dir='ltr'>ἀξίωμαί</span> <span class='ocrx_word' id='word_1_468' title='bbox 1515 3199 1615 3284; x_wconf 63' lang='grc' dir='ltr'><strong>καί</strong></span> 
     </span>
    </p>
   </div>
   <div class='ocr_carea' id='block_1_64' title="bbox 1887 3199 3475 3305">
    <p class='ocr_par' dir='ltr' id='par_1_64' title="bbox 1887 3227 3475 3305">
     <span class='ocr_line' id='line_1_64' title="bbox 1887 3227 3475 3305; baseline 0.004 -23"><span class='ocrx_word' id='word_1_469' title='bbox 1887 3227 1932 3282; x_wconf 88' lang='lat' dir='ltr'><strong>si</strong></span> <span class='ocrx_word' id='word_1_470' title='bbox 1957 3228 2024 3283; x_wconf 86' lang='lat' dir='ltr'><strong>ad</strong></span> <span class='ocrx_word' id='word_1_471' title='bbox 2044 3229 2134 3283; x_wconf 91' lang='lat' dir='ltr'><strong>illa</strong></span> <span class='ocrx_word' id='word_1_472' title='bbox 2171 3233 2387 3300; x_wconf 86' lang='lat' dir='ltr'><strong>negotia</strong></span> <span class='ocrx_word' id='word_1_473' title='bbox 2417 3245 2478 3286; x_wconf 90' lang='lat' dir='ltr'><strong>se</strong></span> <span class='ocrx_word' id='word_1_474' title='bbox 2508 3230 2646 3286; x_wconf 89' lang='lat' dir='ltr'><strong>forte</strong></span> <span class='ocrx_word' id='word_1_475' title='bbox 2677 3233 2990 3299; x_wconf 87' lang='lat' dir='ltr'><strong>demittant,</strong></span> <span class='ocrx_word' id='word_1_476' title='bbox 3010 3235 3134 3288; x_wconf 63' lang='lat' dir='ltr'><strong>vita:</strong></span> <span class='ocrx_word' id='word_1_477' title='bbox 3154 3250 3269 3289; x_wconf 65' lang='lat' dir='ltr'><strong>suae</strong></span> <span class='ocrx_word' id='word_1_478' title='bbox 3290 3235 3475 3305; x_wconf 84' lang='lat' dir='ltr'><strong>digni-</strong></span> 
     </span>
    </p>
   </div>
   <div class='ocr_carea' id='block_1_65' title="bbox 197 3321 1785 3395">
    <p class='ocr_par' dir='ltr' id='par_1_65' title="bbox 197 3321 1785 3395">
     <span class='ocr_line' id='line_1_65' title="bbox 197 3321 1785 3395; baseline -0.001 -18"><span class='ocrx_word' id='word_1_479' title='bbox 197 3324 662 3395; x_wconf 77' lang='grc' dir='ltr'>παραδειγμάτων</span> <span class='ocrx_word' id='word_1_480' title='bbox 703 3324 805 3378; x_wconf 81' lang='grc' dir='ltr'>οὐκ</span> <span class='ocrx_word' id='word_1_481' title='bbox 835 3322 952 3377; x_wconf 76' lang='grc' dir='ltr'>ἐστι</span> <span class='ocrx_word' id='word_1_482' title='bbox 989 3323 1168 3395; x_wconf 79' lang='grc' dir='ltr'>πέρας</span> <span class='ocrx_word' id='word_1_483' title='bbox 1209 3323 1289 3392; x_wconf 84' lang='grc' dir='ltr'>τῷ</span> <span class='ocrx_word' id='word_1_484' title='bbox 1325 3321 1634 3393; x_wconf 81' lang='grc' dir='ltr'>βουλομένῳ</span> <span class='ocrx_word' id='word_1_485' title='bbox 1668 3321 1785 3375; x_wconf 87' lang='grc' dir='ltr'>δια-</span> 
     </span>
    </p>
   </div>
   <div class='ocr_carea' id='block_1_66' title="bbox 196 3415 1784 3488">
    <p class='ocr_par' dir='ltr' id='par_1_66' title="bbox 196 3415 1784 3488">
     <span class='ocr_line' id='line_1_66' title="bbox 196 3415 1784 3488; baseline -0.001 -18"><span class='ocrx_word' id='word_1_486' title='bbox 196 3418 564 3488; x_wconf 85' lang='grc' dir='ltr'>περάνασθαι.</span> <span class='ocrx_word' id='word_1_487' title='bbox 601 3417 764 3488; x_wconf 82' lang='grc' dir='ltr'>Ὁρᾷς</span> <span class='ocrx_word' id='word_1_488' title='bbox 811 3417 888 3480; x_wconf 87' lang='grc' dir='ltr'>ὼς</span> <span class='ocrx_word' id='word_1_489' title='bbox 946 3415 1118 3470; x_wconf 77' lang='grc' dir='ltr'>πολλὰ</span> <span class='ocrx_word' id='word_1_490' title='bbox 1164 3417 1261 3488; x_wconf 80' lang='grc' dir='ltr'>μὲν</span> <span class='ocrx_word' id='word_1_491' title='bbox 1303 3415 1606 3486; x_wconf 85' lang='grc' dir='ltr'>φαντασίαν</span> <span class='ocrx_word' id='word_1_492' title='bbox 1638 3432 1784 3487; x_wconf 81' lang='grc' dir='ltr'>παρ-</span> 
     </span>
    </p>
   </div>
   <div class='ocr_carea' id='block_1_67' title="bbox 197 3507 1783 3580">
    <p class='ocr_par' dir='ltr' id='par_1_67' title="bbox 197 3507 1783 3580">
     <span class='ocr_line' id='line_1_67' title="bbox 197 3507 1783 3580; baseline -0.001 -18"><span class='ocrx_word' id='word_1_493' title='bbox 197 3511 383 3580; x_wconf 79' lang='grc' dir='ltr'>ἑχεται</span> <span class='ocrx_word' id='word_1_494' title='bbox 423 3509 770 3574; x_wconf 80' lang='grc' dir='ltr'>ἀντιθέσεως,</span> <span class='ocrx_word' id='word_1_495' title='bbox 808 3507 1177 3579; x_wconf 74' lang='grc' dir='ltr'>ἐξεταζόμενα</span> <span class='ocrx_word' id='word_1_496' title='bbox 1217 3508 1276 3562; x_wconf 81' lang='grc' dir='ltr'>δὲ</span> <span class='ocrx_word' id='word_1_497' title='bbox 1317 3508 1416 3579; x_wconf 83' lang='grc' dir='ltr'>τὴν</span> <span class='ocrx_word' id='word_1_498' title='bbox 1463 3507 1783 3578; x_wconf 85' lang='grc' dir='ltr'>συμφωνίαν</span> 
     </span>
    </p>
   </div>
   <div class='ocr_carea' id='block_1_68' title="bbox 195 3599 1783 3671">
    <p class='ocr_par' dir='ltr' id='par_1_68' title="bbox 195 3599 1783 3671">
     <span class='ocr_line' id='line_1_68' title="bbox 195 3599 1783 3671; baseline -0.001 -16"><span class='ocrx_word' id='word_1_499' title='bbox 195 3601 540 3667; x_wconf 81' lang='grc' dir='ltr'>ἀσπάζεται;</span> <span class='ocrx_word' id='word_1_500' title='bbox 597 3600 785 3666; x_wconf 81' lang='grc' dir='ltr'>Οὕτως</span> <span class='ocrx_word' id='word_1_501' title='bbox 842 3599 935 3654; x_wconf 84' lang='grc' dir='ltr'><strong>οὗν</strong></span> <span class='ocrx_word' id='word_1_502' title='bbox 981 3603 1076 3654; x_wconf 73' lang='grc' dir='ltr'>καὶ</span> <span class='ocrx_word' id='word_1_503' title='bbox 1119 3600 1213 3653; x_wconf 72' lang='grc' dir='ltr'><strong>ἐπὶ</strong></span> <span class='ocrx_word' id='word_1_504' title='bbox 1262 3599 1365 3671; x_wconf 78' lang='grc' dir='ltr'>τῆς</span> <span class='ocrx_word' id='word_1_505' title='bbox 1423 3601 1574 3669; x_wconf 74' lang='grc' dir='ltr'>ἱερᾶς</span> <span class='ocrx_word' id='word_1_506' title='bbox 1627 3599 1783 3670; x_wconf 83' lang='grc' dir='ltr'>ήμῶν</span> 
     </span>
    </p>
   </div>
   <div class='ocr_carea' id='block_1_69' title="bbox 193 3686 1783 3764">
    <p class='ocr_par' dir='ltr' id='par_1_69' title="bbox 193 3686 1783 3764">
     <span class='ocr_line' id='line_1_69' title="bbox 193 3686 1783 3764; baseline -0.003 -18"><span class='ocrx_word' id='word_1_507' title='bbox 193 3694 421 3764; x_wconf 82' lang='grc' dir='ltr'>Γραφῆς</span> <span class='ocrx_word' id='word_1_508' title='bbox 451 3693 569 3746; x_wconf 86' lang='grc' dir='ltr'>δέον</span> <span class='ocrx_word' id='word_1_509' title='bbox 595 3693 845 3764; x_wconf 78' lang='grc' dir='ltr'>θεωρεῖν,</span> <span class='ocrx_word' id='word_1_510' title='bbox 867 3686 934 3763; x_wconf 81' lang='grc' dir='ltr'>ἧς</span> <span class='ocrx_word' id='word_1_511' title='bbox 964 3692 1126 3762; x_wconf 78' lang='grc' dir='ltr'>ῥητὸν</span> <span class='ocrx_word' id='word_1_512' title='bbox 1150 3693 1244 3746; x_wconf 74' lang='grc' dir='ltr'>καὶ</span> <span class='ocrx_word' id='word_1_513' title='bbox 1269 3691 1330 3744; x_wconf 81' lang='grc' dir='ltr'>τὸ</span> <span class='ocrx_word' id='word_1_514' title='bbox 1353 3691 1445 3744; x_wconf 86' lang='grc' dir='ltr'><strong>σὺν</strong></span> <span class='ocrx_word' id='word_1_515' title='bbox 1467 3690 1783 3762; x_wconf 88' lang='grc' dir='ltr'>πρόϐλημα,</span> 
     </span>
    </p>
   </div>
   <div class='ocr_carea' id='block_1_70' title="bbox 193 3782 1782 3856">
    <p class='ocr_par' dir='ltr' id='par_1_70' title="bbox 193 3782 1782 3856">
     <span class='ocr_line' id='line_1_70' title="bbox 193 3782 1782 3856; baseline -0.002 -18"><span class='ocrx_word' id='word_1_516' title='bbox 193 3785 335 3854; x_wconf 76' lang='grc' dir='ltr'>πρὸς</span> <span class='ocrx_word' id='word_1_517' title='bbox 383 3785 413 3838; x_wconf 79' lang='grc' dir='ltr'>ὅ</span> <span class='ocrx_word' id='word_1_518' title='bbox 461 3785 704 3855; x_wconf 87' lang='grc' dir='ltr'>δηλονότι</span> <span class='ocrx_word' id='word_1_519' title='bbox 758 3783 1070 3856; x_wconf 84' lang='grc' dir='ltr'>διετυπώθη</span> <span class='ocrx_word' id='word_1_520' title='bbox 1104 3785 1202 3838; x_wconf 73' lang='grc' dir='ltr'>καὶ</span> <span class='ocrx_word' id='word_1_521' title='bbox 1234 3784 1294 3838; x_wconf 81' lang='grc' dir='ltr'>τὸ</span> <span class='ocrx_word' id='word_1_522' title='bbox 1323 3783 1445 3838; x_wconf 81' lang='grc' dir='ltr'>ὅλον</span> <span class='ocrx_word' id='word_1_523' title='bbox 1487 3782 1584 3837; x_wconf 83' lang='grc' dir='ltr'>τοῦ</span> <span class='ocrx_word' id='word_1_524' title='bbox 1620 3783 1782 3852; x_wconf 85' lang='grc' dir='ltr'>λόγου</span> 
     </span>
    </p>
   </div>
   <div class='ocr_carea' id='block_1_71' title="bbox 193 3879 506 3950">
    <p class='ocr_par' dir='ltr' id='par_1_71' title="bbox 193 3879 506 3950">
     <span class='ocr_line' id='line_1_71' title="bbox 193 3879 506 3950; baseline 0.006 -18"><span class='ocrx_word' id='word_1_525' title='bbox 193 3879 506 3950; x_wconf 70' lang='grc' dir='ltr'>προοίμιον.</span> 
     </span>
    </p>
   </div>
   <div class='ocr_carea' id='block_1_72' title="bbox 264 3966 1784 4045">
    <p class='ocr_par' dir='ltr' id='par_1_72' title="bbox 264 3966 1784 4045">
     <span class='ocr_line' id='line_1_72' title="bbox 264 3966 1784 4045; baseline -0.006 -19"><span class='ocrx_word' id='word_1_526' title='bbox 264 3975 337 4042; x_wconf 88' lang='grc' dir='ltr'><strong>γ’.</strong></span> <span class='ocrx_word' id='word_1_527' title='bbox 381 3973 585 4045; x_wconf 83' lang='grc' dir='ltr'>Μωσῆς</span> <span class='ocrx_word' id='word_1_528' title='bbox 625 3973 655 4025; x_wconf 86' lang='grc' dir='ltr'><strong>ό</strong></span> <span class='ocrx_word' id='word_1_529' title='bbox 682 3973 979 4044; x_wconf 83' lang='grc' dir='ltr'>νομοθέτης</span> <span class='ocrx_word' id='word_1_530' title='bbox 1013 3967 1154 4033; x_wconf 83' lang='grc' dir='ltr'>εἷπε,</span> <span class='ocrx_word' id='word_1_531' title='bbox 1209 3968 1412 4040; x_wconf 84' lang='grc' dir='ltr'>μᾶλλον</span> <span class='ocrx_word' id='word_1_532' title='bbox 1453 3967 1500 4022; x_wconf 86' lang='grc' dir='ltr'>δ’</span> <span class='ocrx_word' id='word_1_533' title='bbox 1528 3969 1557 4021; x_wconf 91' lang='grc' dir='ltr'><strong>ό</strong></span> <span class='ocrx_word' id='word_1_534' title='bbox 1604 3966 1784 4030; x_wconf 79' lang='grc' dir='ltr'>κοινὸς</span> 
     </span>
    </p>
   </div>
   <div class='ocr_carea' id='block_1_73' title="bbox 190 4059 1784 4138">
    <p class='ocr_par' dir='ltr' id='par_1_73' title="bbox 190 4059 1784 4138">
     <span class='ocr_line' id='line_1_73' title="bbox 190 4059 1784 4138; baseline -0.005 -18"><span class='ocrx_word' id='word_1_535' title='bbox 190 4067 289 4120; x_wconf 72' lang='grc' dir='ltr'><strong>καί⁹</strong></span> <span class='ocrx_word' id='word_1_536' title='bbox 331 4066 577 4136; x_wconf 81' lang='grc' dir='ltr'>πλάστης</span> <span class='ocrx_word' id='word_1_537' title='bbox 612 4067 706 4119; x_wconf 81' lang='grc' dir='ltr'><strong>καί</strong></span> <span class='ocrx_word' id='word_1_538' title='bbox 739 4065 1034 4138; x_wconf 83' lang='grc' dir='ltr'>νομοθέτης</span> <span class='ocrx_word' id='word_1_539' title='bbox 1078 4064 1146 4117; x_wconf 81' lang='grc' dir='ltr'><strong>δι’</strong></span> <span class='ocrx_word' id='word_1_540' title='bbox 1176 4062 1363 4124; x_wconf 82' lang='grc' dir='ltr'>αὐτοῦ,</span> <span class='ocrx_word' id='word_1_541' title='bbox 1405 4080 1424 4114; x_wconf 83' lang='grc' dir='ltr'><strong>ι</strong></span> <span class='ocrx_word' id='word_1_542' title='bbox 1469 4061 1545 4114; x_wconf 81' lang='grc' dir='ltr'><strong>Οὐ</strong></span> <span class='ocrx_word' id='word_1_543' title='bbox 1585 4059 1784 4130; x_wconf 86' lang='grc' dir='ltr'>φονεύ-</span> 
     </span>
    </p>
   </div>
   <div class='ocr_carea' id='block_1_74' title="bbox 194 4151 1783 4223">
    <p class='ocr_par' dir='ltr' id='par_1_74' title="bbox 194 4151 1783 4223">
     <span class='ocr_line' id='line_1_74' title="bbox 194 4151 1783 4223; baseline -0.004 -12"><span class='ocrx_word' id='word_1_544' title='bbox 194 4175 350 4221; x_wconf 83' lang='grc' dir='ltr'>σεις·</span> <span class='ocrx_word' id='word_1_545' title='bbox 392 4176 409 4209; x_wconf 75' lang='grc' dir='ltr'><strong>ι</strong></span> <span class='ocrx_word' id='word_1_546' title='bbox 464 4158 561 4211; x_wconf 76' lang='grc' dir='ltr'>καὶ</span> <span class='ocrx_word' id='word_1_547' title='bbox 617 4157 817 4210; x_wconf 86' lang='grc' dir='ltr'>πάλιν·</span> <span class='ocrx_word' id='word_1_548' title='bbox 869 4173 888 4208; x_wconf 85' lang='grc' dir='ltr'><strong>ι</strong></span> <span class='ocrx_word' id='word_1_549' title='bbox 926 4156 1098 4209; x_wconf 59' lang='lat' dir='ltr'><strong>esses</strong></span> <span class='ocrx_word' id='word_1_550' title='bbox 1151 4155 1381 4216; x_wconf 79' lang='grc' dir='ltr'>ἕκαστος</span> <span class='ocrx_word' id='word_1_551' title='bbox 1429 4153 1532 4223; x_wconf 74' lang='grc' dir='ltr'>τὴν</span> <span class='ocrx_word' id='word_1_552' title='bbox 1586 4151 1783 4205; x_wconf 78' lang='grc' dir='ltr'>ἑαυτοῦ</span> 
     </span>
    </p>
   </div>
   <div class='ocr_carea' id='block_1_75' title="bbox 193 4246 1784 4322">
    <p class='ocr_par' dir='ltr' id='par_1_75' title="bbox 193 4246 1784 4322">
     <span class='ocr_line' id='line_1_75' title="bbox 193 4246 1784 4322; baseline -0.003 -17"><span class='ocrx_word' id='word_1_553' title='bbox 193 4250 474 4322; x_wconf 74' lang='grc' dir='ltr'>ῥομφαίαν</span> <span class='ocrx_word' id='word_1_554' title='bbox 517 4251 608 4303; x_wconf 75' lang='grc' dir='ltr'><strong>ὲπὶ</strong></span> <span class='ocrx_word' id='word_1_555' title='bbox 648 4251 742 4305; x_wconf 77' lang='grc' dir='ltr'>τὸν</span> <span class='ocrx_word' id='word_1_556' title='bbox 781 4250 976 4322; x_wconf 79' lang='grc' dir='ltr'>μηρὸν,</span> <span class='ocrx_word' id='word_1_557' title='bbox 1006 4250 1102 4302; x_wconf 77' lang='grc' dir='ltr'>καὶ</span> <span class='ocrx_word' id='word_1_558' title='bbox 1135 4247 1375 4301; x_wconf 85' lang='grc' dir='ltr'>διέλθετε</span> <span class='ocrx_word' id='word_1_559' title='bbox 1406 4247 1501 4300; x_wconf 75' lang='grc' dir='ltr'>καὶ</span> <span class='ocrx_word' id='word_1_560' title='bbox 1529 4246 1784 4317; x_wconf 85' lang='grc' dir='ltr'>ἀνακάμ-</span> 
     </span>
    </p>
   </div>
   <div class='ocr_carea' id='block_1_76' title="bbox 189 4339 1782 4414">
    <p class='ocr_par' dir='ltr' id='par_1_76' title="bbox 189 4339 1782 4414">
     <span class='ocr_line' id='line_1_76' title="bbox 189 4339 1782 4414; baseline -0.004 -16"><span class='ocrx_word' id='word_1_561' title='bbox 189 4347 330 4413; x_wconf 67' lang='grc' dir='ltr'>ψατε</span> <span class='ocrx_word' id='word_1_562' title='bbox 360 4346 468 4399; x_wconf 82' lang='grc' dir='ltr'><strong>ἀπὸ</strong></span> <span class='ocrx_word' id='word_1_563' title='bbox 496 4345 672 4414; x_wconf 86' lang='grc' dir='ltr'>πύλης</span> <span class='ocrx_word' id='word_1_564' title='bbox 702 4345 785 4408; x_wconf 82' lang='grc' dir='ltr'><strong>εἰς</strong></span> <span class='ocrx_word' id='word_1_565' title='bbox 812 4343 991 4413; x_wconf 89' lang='grc' dir='ltr'>πύλην</span> <span class='ocrx_word' id='word_1_566' title='bbox 1021 4342 1110 4396; x_wconf 77' lang='grc' dir='ltr'><strong>διὰ</strong></span> <span class='ocrx_word' id='word_1_567' title='bbox 1135 4343 1235 4409; x_wconf 85' lang='grc' dir='ltr'>τῆς</span> <span class='ocrx_word' id='word_1_568' title='bbox 1262 4340 1643 4411; x_wconf 74' lang='grc' dir='ltr'>παρεμϐολῆς,</span> <span class='ocrx_word' id='word_1_569' title='bbox 1686 4339 1782 4393; x_wconf 76' lang='grc' dir='ltr'>καὶ</span> 
     </span>
    </p>
   </div>
   <div class='ocr_carea' id='block_1_77' title="bbox 189 4432 1781 4502">
    <p class='ocr_par' dir='ltr' id='par_1_77' title="bbox 189 4432 1781 4502">
     <span class='ocr_line' id='line_1_77' title="bbox 189 4432 1781 4502; baseline -0.003 -11"><span class='ocrx_word' id='word_1_570' title='bbox 189 4437 551 4491; x_wconf 78' lang='grc' dir='ltr'>ἀποκτείνατε</span> <span class='ocrx_word' id='word_1_571' title='bbox 578 4437 808 4500; x_wconf 73' lang='grc' dir='ltr'>ἕκαστος</span> <span class='ocrx_word' id='word_1_572' title='bbox 831 4437 922 4489; x_wconf 77' lang='grc' dir='ltr'>τὸν</span> <span class='ocrx_word' id='word_1_573' title='bbox 954 4435 1180 4502; x_wconf 80' lang='grc' dir='ltr'>ἀδελφὸν</span> <span class='ocrx_word' id='word_1_574' title='bbox 1210 4432 1401 4500; x_wconf 81' lang='grc' dir='ltr'>αὐτοῦ,</span> <span class='ocrx_word' id='word_1_575' title='bbox 1431 4433 1524 4486; x_wconf 71' lang='grc' dir='ltr'>καὶ</span> <span class='ocrx_word' id='word_1_576' title='bbox 1549 4433 1781 4494; x_wconf 73' lang='grc' dir='ltr'>ἕκαστος</span> 
     </span>
    </p>
   </div>
   <div class='ocr_carea' id='block_1_78' title="bbox 187 4521 1852 4614">
    <p class='ocr_par' dir='ltr' id='par_1_78' title="bbox 187 4521 1852 4614">
     <span class='ocr_line' id='line_1_78' title="bbox 187 4521 1852 4614; baseline -0.005 -30"><span class='ocrx_word' id='word_1_577' title='bbox 187 4530 283 4584; x_wconf 71' lang='grc' dir='ltr'><strong>τὸν</strong></span> <span class='ocrx_word' id='word_1_578' title='bbox 317 4529 548 4600; x_wconf 81' lang='grc' dir='ltr'>πλησίον</span> <span class='ocrx_word' id='word_1_579' title='bbox 569 4527 758 4594; x_wconf 79' lang='grc' dir='ltr'>αὑτοῦ,</span> <span class='ocrx_word' id='word_1_580' title='bbox 789 4528 882 4582; x_wconf 77' lang='grc' dir='ltr'><strong>καὶ</strong></span> <span class='ocrx_word' id='word_1_581' title='bbox 905 4527 1134 4590; x_wconf 72' lang='grc' dir='ltr'>ἕκαστος</span> <span class='ocrx_word' id='word_1_582' title='bbox 1162 4525 1254 4578; x_wconf 75' lang='grc' dir='ltr'><strong>τὸν</strong></span> <span class='ocrx_word' id='word_1_583' title='bbox 1285 4526 1513 4594; x_wconf 73' lang='grc' dir='ltr'>ἔγγιστα</span> <span class='ocrx_word' id='word_1_584' title='bbox 1537 4521 1724 4577; x_wconf 79' lang='grc' dir='ltr'>αὐτοῦ.</span> <span class='ocrx_word' id='word_1_585' title='bbox 1750 4543 1770 4574; x_wconf 73' lang='grc' dir='ltr'><strong>ι</strong></span> <span class='ocrx_word' id='word_1_586' title='bbox 1807 4559 1852 4614; x_wconf 77' lang='lat' dir='ltr'><strong>D</strong></span> 
     </span>
    </p>
   </div>
   <div class='ocr_carea' id='block_1_79' title="bbox 186 4615 1777 4692">
    <p class='ocr_par' dir='ltr' id='par_1_79' title="bbox 186 4615 1777 4692">
     <span class='ocr_line' id='line_1_79' title="bbox 186 4615 1777 4692; baseline -0.004 -16"><span class='ocrx_word' id='word_1_587' title='bbox 186 4623 317 4687; x_wconf 86' lang='grc' dir='ltr'><strong>Πῶς</strong></span> <span class='ocrx_word' id='word_1_588' title='bbox 347 4618 442 4676; x_wconf 80' lang='grc' dir='ltr'>οὖν</span> <span class='ocrx_word' id='word_1_589' title='bbox 467 4615 630 4676; x_wconf 72' lang='grc' dir='ltr'>αὗται</span> <span class='ocrx_word' id='word_1_590' title='bbox 659 4623 715 4675; x_wconf 90' lang='grc' dir='ltr'>αἱ</span> <span class='ocrx_word' id='word_1_591' title='bbox 740 4621 915 4690; x_wconf 76' lang='grc' dir='ltr'>φωναὶ</span> <span class='ocrx_word' id='word_1_592' title='bbox 953 4621 1055 4692; x_wconf 79' lang='grc' dir='ltr'>τὴν</span> <span class='ocrx_word' id='word_1_593' title='bbox 1090 4618 1336 4690; x_wconf 83' lang='grc' dir='ltr'>ἀλλήλων</span> <span class='ocrx_word' id='word_1_594' title='bbox 1363 4619 1424 4672; x_wconf 90' lang='grc' dir='ltr'><strong>ού</strong></span> <span class='ocrx_word' id='word_1_595' title='bbox 1451 4615 1777 4688; x_wconf 80' lang='grc' dir='ltr'>νομοθετοῦ-</span> 
     </span>
    </p>
   </div>
   <div class='ocr_carea' id='block_1_80' title="bbox 189 4709 1780 4786">
    <p class='ocr_par' dir='ltr' id='par_1_80' title="bbox 189 4709 1780 4786">
     <span class='ocr_line' id='line_1_80' title="bbox 189 4709 1780 4786; baseline -0.006 -16"><span class='ocrx_word' id='word_1_596' title='bbox 189 4733 277 4770; x_wconf 92' lang='grc' dir='ltr'><strong>σιν</strong></span> <span class='ocrx_word' id='word_1_597' title='bbox 297 4716 583 4786; x_wconf 84' lang='grc' dir='ltr'>άναίρεσιν</span> <span class='ocrx_word' id='word_1_598' title='bbox 609 4732 624 4780; x_wconf 89' lang='grc'>;</span> <span class='ocrx_word' id='word_1_599' title='bbox 657 4715 728 4767; x_wconf 82' lang='grc' dir='ltr'>Ἢ</span> <span class='ocrx_word' id='word_1_600' title='bbox 754 4713 999 4785; x_wconf 87' lang='grc' dir='ltr'>δηλονότι</span> <span class='ocrx_word' id='word_1_601' title='bbox 1033 4715 1093 4766; x_wconf 80' lang='grc' dir='ltr'><strong>οὐ</strong></span> <span class='ocrx_word' id='word_1_602' title='bbox 1125 4713 1408 4782; x_wconf 85' lang='grc' dir='ltr'>φονεύσεις</span> <span class='ocrx_word' id='word_1_603' title='bbox 1436 4711 1533 4781; x_wconf 84' lang='grc' dir='ltr'>μὲν</span> <span class='ocrx_word' id='word_1_604' title='bbox 1562 4709 1654 4763; x_wconf 73' lang='grc' dir='ltr'><strong>τὸν</strong></span> <span class='ocrx_word' id='word_1_605' title='bbox 1687 4712 1780 4764; x_wconf 86' lang='grc' dir='ltr'><strong>ἀν-</strong></span> 
     </span>
    </p>
   </div>
   <div class='ocr_carea' id='block_1_81' title="bbox 189 4800 1782 4876">
    <p class='ocr_par' dir='ltr' id='par_1_81' title="bbox 189 4800 1782 4876">
     <span class='ocr_line' id='line_1_81' title="bbox 189 4800 1782 4876; baseline -0.007 -12"><span class='ocrx_word' id='word_1_606' title='bbox 189 4811 367 4864; x_wconf 82' lang='grc' dir='ltr'>αίτιον</span> <span class='ocrx_word' id='word_1_607' title='bbox 391 4825 405 4839; x_wconf 76' lang='grc' dir='ltr'><strong>ο</strong></span> <span class='ocrx_word' id='word_1_608' title='bbox 429 4809 520 4862; x_wconf 84' lang='grc' dir='ltr'>τὸν</span> <span class='ocrx_word' id='word_1_609' title='bbox 550 4809 606 4861; x_wconf 88' lang='grc' dir='ltr'><strong>δέ</strong></span> <span class='ocrx_word' id='word_1_610' title='bbox 632 4825 696 4876; x_wconf 91' lang='grc' dir='ltr'><strong>γε</strong></span> <span class='ocrx_word' id='word_1_611' title='bbox 729 4807 962 4861; x_wconf 86' lang='grc' dir='ltr'>θανάτου</span> <span class='ocrx_word' id='word_1_612' title='bbox 996 4805 1201 4874; x_wconf 78' lang='grc' dir='ltr'>ἔνοχον,</span> <span class='ocrx_word' id='word_1_613' title='bbox 1235 4805 1330 4857; x_wconf 75' lang='grc' dir='ltr'>καὶ</span> <span class='ocrx_word' id='word_1_614' title='bbox 1359 4802 1450 4855; x_wconf 77' lang='grc' dir='ltr'>τὸν</span> <span class='ocrx_word' id='word_1_615' title='bbox 1488 4800 1782 4871; x_wconf 82' lang='grc' dir='ltr'>πατρῴους</span> 
     </span>
    </p>
   </div>
   <div class='ocr_carea' id='block_1_82' title="bbox 189 4893 1780 4973">
    <p class='ocr_par' dir='ltr' id='par_1_82' title="bbox 189 4893 1780 4973">
     <span class='ocr_line' id='line_1_82' title="bbox 189 4893 1780 4973; baseline -0.007 -17"><span class='ocrx_word' id='word_1_616' title='bbox 189 4903 404 4973; x_wconf 87' lang='grc' dir='ltr'>νόμους</span> <span class='ocrx_word' id='word_1_617' title='bbox 430 4901 813 4973; x_wconf 71' lang='grc' dir='ltr'>ἐνυϐρίσαντα,</span> <span class='ocrx_word' id='word_1_618' title='bbox 831 4898 1072 4961; x_wconf 80' lang='grc' dir='ltr'>εἰδώλοις</span> <span class='ocrx_word' id='word_1_619' title='bbox 1100 4913 1160 4950; x_wconf 88' lang='grc' dir='ltr'><strong>τε</strong></span> <span class='ocrx_word' id='word_1_620' title='bbox 1193 4897 1253 4950; x_wconf 83' lang='grc' dir='ltr'>τὸ</span> <span class='ocrx_word' id='word_1_621' title='bbox 1282 4895 1376 4948; x_wconf 84' lang='grc' dir='ltr'><strong>τοῦ</strong></span> <span class='ocrx_word' id='word_1_622' title='bbox 1401 4895 1648 4949; x_wconf 86' lang='grc' dir='ltr'>Πλάστου</span> <span class='ocrx_word' id='word_1_623' title='bbox 1685 4893 1780 4946; x_wconf 83' lang='grc' dir='ltr'><strong>σέ-</strong></span> 
     </span>
    </p>
   </div>
   <div class='ocr_carea' id='block_1_83' title="bbox 189 4983 1779 5065">
    <p class='ocr_par' dir='ltr' id='par_1_83' title="bbox 189 4983 1779 5065">
     <span class='ocr_line' id='line_1_83' title="bbox 189 4983 1779 5065; baseline -0.006 -19"><span class='ocrx_word' id='word_1_624' title='bbox 189 4995 292 5057; x_wconf 87' lang='grc' dir='ltr'><strong>ϐας</strong></span> <span class='ocrx_word' id='word_1_625' title='bbox 323 4993 695 5065; x_wconf 80' lang='grc' dir='ltr'>ἁναψάμενον,</span> <span class='ocrx_word' id='word_1_626' title='bbox 737 4992 882 5061; x_wconf 86' lang='grc' dir='ltr'>φόνῳ</span> <span class='ocrx_word' id='word_1_627' title='bbox 927 4989 1199 5052; x_wconf 85' lang='grc' dir='ltr'>κολάσεις.</span> <span class='ocrx_word' id='word_1_628' title='bbox 1254 4987 1468 5040; x_wconf 87' lang='grc' dir='ltr'>Ἐάσειν</span> <span class='ocrx_word' id='word_1_629' title='bbox 1516 5002 1606 5056; x_wconf 90' lang='grc' dir='ltr'><strong>μοι</strong></span> <span class='ocrx_word' id='word_1_630' title='bbox 1636 4983 1779 5038; x_wconf 79' lang='grc' dir='ltr'>δοκῶ</span> 
     </span>
    </p>
   </div>
   <div class='ocr_carea' id='block_1_84' title="bbox 185 5077 1780 5156">
    <p class='ocr_par' dir='ltr' id='par_1_84' title="bbox 185 5077 1780 5156">
     <span class='ocr_line' id='line_1_84' title="bbox 185 5077 1780 5156; baseline -0.006 -19"><span class='ocrx_word' id='word_1_631' title='bbox 185 5087 270 5139; x_wconf 85' lang='grc' dir='ltr'>τό·</span> <span class='ocrx_word' id='word_1_632' title='bbox 303 5105 322 5136; x_wconf 80' lang='grc' dir='ltr'><strong>ι</strong></span> <span class='ocrx_word' id='word_1_633' title='bbox 362 5086 439 5138; x_wconf 81' lang='grc' dir='ltr'><strong>Οὐ</strong></span> <span class='ocrx_word' id='word_1_634' title='bbox 470 5084 797 5156; x_wconf 84' lang='grc' dir='ltr'>μοιχεύσεις,</span> <span class='ocrx_word' id='word_1_635' title='bbox 830 5101 850 5136; x_wconf 72' lang='grc' dir='ltr'><strong>ι</strong></span> <span class='ocrx_word' id='word_1_636' title='bbox 878 5082 972 5137; x_wconf 75' lang='grc' dir='ltr'>καὶ</span> <span class='ocrx_word' id='word_1_637' title='bbox 995 5082 1076 5135; x_wconf 89' lang='grc' dir='ltr'>τό·</span> <span class='ocrx_word' id='word_1_638' title='bbox 1115 5099 1133 5132; x_wconf 87' lang='grc' dir='ltr'><strong>ι</strong></span> <span class='ocrx_word' id='word_1_639' title='bbox 1162 5079 1308 5134; x_wconf 83' lang='grc' dir='ltr'>Λάϐε</span> <span class='ocrx_word' id='word_1_640' title='bbox 1340 5077 1554 5147; x_wconf 83' lang='grc' dir='ltr'>σεαυτῷ</span> <span class='ocrx_word' id='word_1_641' title='bbox 1592 5079 1780 5145; x_wconf 89' lang='grc' dir='ltr'>γυναῖ-</span> 
     </span>
    </p>
   </div>
   <div class='ocr_carea' id='block_1_85' title="bbox 1889 3319 3474 3391">
    <p class='ocr_par' dir='ltr' id='par_1_85' title="bbox 1889 3319 3474 3391">
     <span class='ocr_line' id='line_1_85' title="bbox 1889 3319 3474 3391; baseline 0.006 -21"><span class='ocrx_word' id='word_1_642' title='bbox 1889 3326 2052 3373; x_wconf 80' lang='lat' dir='ltr'><strong>tatem</strong></span> <span class='ocrx_word' id='word_1_643' title='bbox 2085 3319 2438 3373; x_wconf 83' lang='lat' dir='ltr'><strong>dedecorant.</strong></span> <span class='ocrx_word' id='word_1_644' title='bbox 2469 3319 2662 3376; x_wconf 87' lang='lat' dir='ltr'><strong>Nullus</strong></span> <span class='ocrx_word' id='word_1_645' title='bbox 2691 3323 3067 3391; x_wconf 81' lang='lat' dir='ltr'><strong>exemplorum</strong></span> <span class='ocrx_word' id='word_1_646' title='bbox 3113 3324 3238 3377; x_wconf 87' lang='lat' dir='ltr'><strong>tinis</strong></span> <span class='ocrx_word' id='word_1_647' title='bbox 3268 3326 3391 3389; x_wconf 87' lang='lat' dir='ltr'><strong>erit,</strong></span> <span class='ocrx_word' id='word_1_648' title='bbox 3427 3326 3474 3379; x_wconf 90' lang='lat' dir='ltr'><strong>si</strong></span> 
     </span>
    </p>
   </div>
   <div class='ocr_carea' id='block_1_86' title="bbox 1890 3410 3474 3484">
    <p class='ocr_par' dir='ltr' id='par_1_86' title="bbox 1890 3410 3474 3484">
     <span class='ocr_line' id='line_1_86' title="bbox 1890 3410 3474 3484; baseline 0.003 -21"><span class='ocrx_word' id='word_1_649' title='bbox 1890 3410 2017 3478; x_wconf 88' lang='lat' dir='ltr'><strong>quis</strong></span> <span class='ocrx_word' id='word_1_650' title='bbox 2047 3411 2233 3464; x_wconf 89' lang='lat' dir='ltr'><strong>omnia</strong></span> <span class='ocrx_word' id='word_1_651' title='bbox 2266 3414 2519 3482; x_wconf 87' lang='lat' dir='ltr'><strong>persequi</strong></span> <span class='ocrx_word' id='word_1_652' title='bbox 2551 3414 2703 3469; x_wconf 81' lang='lat' dir='ltr'><strong>velit.</strong></span> <span class='ocrx_word' id='word_1_653' title='bbox 2728 3412 2922 3469; x_wconf 81' lang='lat' dir='ltr'><strong>Viden’</strong></span> <span class='ocrx_word' id='word_1_654' title='bbox 2950 3424 3007 3468; x_wconf 88' lang='grc' dir='ltr'><strong>ιιι</strong></span> <span class='ocrx_word' id='word_1_655' title='bbox 3036 3415 3204 3469; x_wconf 89' lang='lat' dir='ltr'><strong>multa</strong></span> <span class='ocrx_word' id='word_1_656' title='bbox 3235 3417 3474 3484; x_wconf 78' lang='lat' dir='ltr'><strong>Speciem</strong></span> 
     </span>
    </p>
   </div>
   <div class='ocr_carea' id='block_1_87' title="bbox 1885 3502 3474 3579">
    <p class='ocr_par' dir='ltr' id='par_1_87' title="bbox 1885 3502 3474 3579">
     <span class='ocr_line' id='line_1_87' title="bbox 1885 3502 3474 3579; baseline 0.005 -24"><span class='ocrx_word' id='word_1_657' title='bbox 1885 3517 1998 3571; x_wconf 71' lang='lat' dir='ltr'><strong>pra:</strong></span> <span class='ocrx_word' id='word_1_658' title='bbox 2038 3517 2098 3557; x_wconf 92' lang='lat' dir='ltr'><strong>se</strong></span> <span class='ocrx_word' id='word_1_659' title='bbox 2147 3502 2329 3558; x_wconf 89' lang='lat' dir='ltr'><strong>ferunt</strong></span> <span class='ocrx_word' id='word_1_660' title='bbox 2368 3505 2815 3572; x_wconf 79' lang='lat' dir='ltr'><strong>contrarietatis,</strong></span> <span class='ocrx_word' id='word_1_661' title='bbox 2866 3522 2990 3578; x_wconf 75' lang='lat' dir='ltr'><strong>quae</strong></span> <span class='ocrx_word' id='word_1_662' title='bbox 3035 3523 3161 3562; x_wconf 81' lang='lat' dir='ltr'><strong>mox</strong></span> <span class='ocrx_word' id='word_1_663' title='bbox 3207 3524 3474 3579; x_wconf 90' lang='lat' dir='ltr'><strong>perpensa</strong></span> 
     </span>
    </p>
   </div>
   <div class='ocr_carea' id='block_1_88' title="bbox 1885 3596 3477 3668">
    <p class='ocr_par' dir='ltr' id='par_1_88' title="bbox 1885 3596 3477 3668">
     <span class='ocr_line' id='line_1_88' title="bbox 1885 3596 3477 3668; baseline 0.004 -19"><span class='ocrx_word' id='word_1_664' title='bbox 1885 3596 2234 3650; x_wconf 90' lang='lat' dir='ltr'><strong>concordiam</strong></span> <span class='ocrx_word' id='word_1_665' title='bbox 2278 3599 2544 3652; x_wconf 79' lang='lat' dir='ltr'><strong>tuentur?</strong></span> <span class='ocrx_word' id='word_1_666' title='bbox 2583 3597 2676 3654; x_wconf 88' lang='lat' dir='ltr'><strong>llis</strong></span> <span class='ocrx_word' id='word_1_667' title='bbox 2732 3601 2896 3668; x_wconf 78' lang='lat' dir='ltr'><strong>igitur</strong></span> <span class='ocrx_word' id='word_1_668' title='bbox 2947 3602 3477 3656; x_wconf 86' lang='lat' dir='ltr'><strong>considerationibns</strong></span> 
     </span>
    </p>
   </div>
   <div class='ocr_carea' id='block_1_89' title="bbox 1886 3687 3475 3764">
    <p class='ocr_par' dir='ltr' id='par_1_89' title="bbox 1886 3687 3475 3764">
     <span class='ocr_line' id='line_1_89' title="bbox 1886 3687 3475 3764; baseline 0.006 -24"><span class='ocrx_word' id='word_1_669' title='bbox 1886 3687 1940 3740; x_wconf 92' lang='lat' dir='ltr'><strong>in</strong></span> <span class='ocrx_word' id='word_1_670' title='bbox 1968 3702 2126 3742; x_wconf 89' lang='lat' dir='ltr'><strong>sacra</strong></span> <span class='ocrx_word' id='word_1_671' title='bbox 2155 3705 2375 3760; x_wconf 90' lang='lat' dir='ltr'><strong>quoque</strong></span> <span class='ocrx_word' id='word_1_672' title='bbox 2415 3691 2696 3762; x_wconf 88' lang='lat' dir='ltr'><strong>Scriptura</strong></span> <span class='ocrx_word' id='word_1_673' title='bbox 2728 3703 2914 3748; x_wconf 88' lang='lat' dir='ltr'><strong>nostra</strong></span> <span class='ocrx_word' id='word_1_674' title='bbox 2945 3693 3025 3748; x_wconf 91' lang='lat' dir='ltr'><strong>uti</strong></span> <span class='ocrx_word' id='word_1_675' title='bbox 3052 3705 3290 3763; x_wconf 80' lang='lat' dir='ltr'><strong>Oportet,</strong></span> <span class='ocrx_word' id='word_1_676' title='bbox 3315 3696 3475 3764; x_wconf 82' lang='lat' dir='ltr'><strong>cujus</strong></span> 
     </span>
    </p>
   </div>
   <div class='ocr_carea' id='block_1_90' title="bbox 1884 3781 3475 3858">
    <p class='ocr_par' dir='ltr' id='par_1_90' title="bbox 1884 3781 3475 3858">
     <span class='ocr_line' id='line_1_90' title="bbox 1884 3781 3475 3858; baseline 0.006 -23"><span class='ocrx_word' id='word_1_677' title='bbox 1884 3781 2203 3836; x_wconf 80' lang='lat' dir='ltr'><strong>esteifatum</strong></span> <span class='ocrx_word' id='word_1_678' title='bbox 2227 3781 2358 3838; x_wconf 90' lang='lat' dir='ltr'><strong>illud</strong></span> <span class='ocrx_word' id='word_1_679' title='bbox 2383 3785 2528 3854; x_wconf 88' lang='lat' dir='ltr'><strong>quod</strong></span> <span class='ocrx_word' id='word_1_680' title='bbox 2566 3794 2622 3839; x_wconf 92' lang='lat' dir='ltr'><strong>tu</strong></span> <span class='ocrx_word' id='word_1_681' title='bbox 2652 3785 2784 3839; x_wconf 87' lang='lat' dir='ltr'><strong>mihi</strong></span> <span class='ocrx_word' id='word_1_682' title='bbox 2805 3787 3020 3856; x_wconf 89' lang='lat' dir='ltr'><strong>ohjicis,</strong></span> <span class='ocrx_word' id='word_1_683' title='bbox 3049 3797 3102 3842; x_wconf 92' lang='lat' dir='ltr'><strong>et</strong></span> <span class='ocrx_word' id='word_1_684' title='bbox 3121 3788 3281 3858; x_wconf 85' lang='lat' dir='ltr'><strong>cujus</strong></span> <span class='ocrx_word' id='word_1_685' title='bbox 3299 3790 3475 3857; x_wconf 82' lang='lat' dir='ltr'><strong>gratia</strong></span> 
     </span>
    </p>
   </div>
   <div class='ocr_carea' id='block_1_91' title="bbox 1897 3876 3360 3948">
    <p class='ocr_par' dir='ltr' id='par_1_91' title="bbox 1897 3876 3360 3948">
     <span class='ocr_line' id='line_1_91' title="bbox 1897 3876 3360 3948; baseline 0.008 -21"><span class='ocrx_word' id='word_1_686' title='bbox 1897 3881 2072 3928; x_wconf 90' lang='lat' dir='ltr'><strong>totum</strong></span> <span class='ocrx_word' id='word_1_687' title='bbox 2103 3876 2374 3932; x_wconf 90' lang='lat' dir='ltr'><strong>sermonis</strong></span> <span class='ocrx_word' id='word_1_688' title='bbox 2393 3877 2553 3944; x_wconf 89' lang='lat' dir='ltr'><strong>hujus</strong></span> <span class='ocrx_word' id='word_1_689' title='bbox 2581 3880 2863 3948; x_wconf 66' lang='lat' dir='ltr'><strong>praemium</strong></span> <span class='ocrx_word' id='word_1_690' title='bbox 2892 3880 3217 3936; x_wconf 86' lang='lat' dir='ltr'><strong>adornatum</strong></span> <span class='ocrx_word' id='word_1_691' title='bbox 3241 3882 3360 3938; x_wconf 87' lang='lat' dir='ltr'><strong>fuit.</strong></span> 
     </span>
    </p>
   </div>
   <div class='ocr_carea' id='block_1_92' title="bbox 1957 3965 3469 4041">
    <p class='ocr_par' dir='ltr' id='par_1_92' title="bbox 1957 3965 3469 4041">
     <span class='ocr_line' id='line_1_92' title="bbox 1957 3965 3469 4041; baseline 0.007 -21"><span class='ocrx_word' id='word_1_692' title='bbox 1957 3968 2010 4020; x_wconf 76' lang='grc' dir='ltr'><strong>ὅ.</strong></span> <span class='ocrx_word' id='word_1_693' title='bbox 2048 3965 2357 4037; x_wconf 88' lang='lat' dir='ltr'><strong>Legislator</strong></span> <span class='ocrx_word' id='word_1_694' title='bbox 2377 3967 2556 4025; x_wconf 81' lang='lat' dir='ltr'><strong>Moses</strong></span> <span class='ocrx_word' id='word_1_695' title='bbox 2581 3973 2713 4041; x_wconf 89' lang='lat' dir='ltr'><strong>(imo</strong></span> <span class='ocrx_word' id='word_1_696' title='bbox 2735 3987 2865 4026; x_wconf 81' lang='lat' dir='ltr'><strong>vero</strong></span> <span class='ocrx_word' id='word_1_697' title='bbox 2892 3976 3203 4031; x_wconf 87' lang='lat' dir='ltr'><strong>communis</strong></span> <span class='ocrx_word' id='word_1_698' title='bbox 3225 3977 3469 4031; x_wconf 86' lang='lat' dir='ltr'><strong>omnium</strong></span> 
     </span>
    </p>
   </div>
   <div class='ocr_carea' id='block_1_93' title="bbox 1885 4057 3468 4132">
    <p class='ocr_par' dir='ltr' id='par_1_93' title="bbox 1885 4057 3468 4132">
     <span class='ocr_line' id='line_1_93' title="bbox 1885 4057 3468 4132; baseline 0.004 -23"><span class='ocrx_word' id='word_1_699' title='bbox 1885 4066 2104 4110; x_wconf 89' lang='lat' dir='ltr'><strong>creator</strong></span> <span class='ocrx_word' id='word_1_700' title='bbox 2133 4065 2188 4110; x_wconf 89' lang='lat' dir='ltr'><strong>et</strong></span> <span class='ocrx_word' id='word_1_701' title='bbox 2215 4057 2495 4125; x_wconf 78' lang='lat' dir='ltr'><strong>legislator</strong></span> <span class='ocrx_word' id='word_1_702' title='bbox 2527 4073 2622 4113; x_wconf 91' lang='lat' dir='ltr'><strong>ore</strong></span> <span class='ocrx_word' id='word_1_703' title='bbox 2665 4059 2785 4130; x_wconf 92' lang='lat' dir='ltr'><strong>ejus</strong></span> <span class='ocrx_word' id='word_1_704' title='bbox 2833 4061 3084 4132; x_wconf 88' lang='lat' dir='ltr'><strong>loquens)</strong></span> <span class='ocrx_word' id='word_1_705' title='bbox 3117 4064 3234 4116; x_wconf 84' lang='lat' dir='ltr'><strong>ait:</strong></span> <span class='ocrx_word' id='word_1_706' title='bbox 3273 4081 3291 4114; x_wconf 81' lang='grc' dir='ltr'><strong>ι</strong></span> <span class='ocrx_word' id='word_1_707' title='bbox 3350 4063 3468 4116; x_wconf 75' lang='lat' dir='ltr'><strong>Non</strong></span> 
     </span>
    </p>
   </div>
   <div class='ocr_carea' id='block_1_94' title="bbox 1885 4146 3466 4224">
    <p class='ocr_par' dir='ltr' id='par_1_94' title="bbox 1885 4146 3466 4224">
     <span class='ocr_line' id='line_1_94' title="bbox 1885 4146 3466 4224; baseline 0.004 -22"><span class='ocrx_word' id='word_1_708' title='bbox 1885 4148 2106 4202; x_wconf 83' lang='lat' dir='ltr'><strong>occides</strong></span> <span class='ocrx_word' id='word_1_709' title='bbox 2141 4146 2214 4200; x_wconf 55' lang='grc' dir='ltr'><strong>αι.</strong></span> <span class='ocrx_word' id='word_1_710' title='bbox 2257 4167 2277 4202; x_wconf 73' lang='grc' dir='ltr'><strong>ι</strong></span> <span class='ocrx_word' id='word_1_711' title='bbox 2303 4149 2622 4220; x_wconf 79' lang='lat' dir='ltr'><strong>Rursusque</strong></span> <span class='ocrx_word' id='word_1_712' title='bbox 2654 4167 2668 4206; x_wconf 85' lang='lat'><strong>:</strong></span> <span class='ocrx_word' id='word_1_713' title='bbox 2701 4170 2719 4203; x_wconf 81' lang='grc' dir='ltr'><strong>ι</strong></span> <span class='ocrx_word' id='word_1_714' title='bbox 2760 4153 3040 4224; x_wconf 78' lang='lat' dir='ltr'><strong>Accingite</strong></span> <span class='ocrx_word' id='word_1_715' title='bbox 3089 4155 3466 4224; x_wconf 83' lang='lat' dir='ltr'><strong>unusquisque</strong></span> 
     </span>
    </p>
   </div>
   <div class='ocr_carea' id='block_1_95' title="bbox 1887 4240 3468 4319">
    <p class='ocr_par' dir='ltr' id='par_1_95' title="bbox 1887 4240 3468 4319">
     <span class='ocr_line' id='line_1_95' title="bbox 1887 4240 3468 4319; baseline 0.005 -25"><span class='ocrx_word' id='word_1_716' title='bbox 1887 4240 2032 4295; x_wconf 91' lang='lat' dir='ltr'><strong>latus</strong></span> <span class='ocrx_word' id='word_1_717' title='bbox 2070 4257 2230 4309; x_wconf 88' lang='lat' dir='ltr'><strong>ense;</strong></span> <span class='ocrx_word' id='word_1_718' title='bbox 2261 4245 2393 4298; x_wconf 90' lang='lat' dir='ltr'><strong>itote</strong></span> <span class='ocrx_word' id='word_1_719' title='bbox 2421 4259 2486 4297; x_wconf 91' lang='lat' dir='ltr'><strong>ac</strong></span> <span class='ocrx_word' id='word_1_720' title='bbox 2532 4246 2820 4302; x_wconf 90' lang='lat' dir='ltr'><strong>circmnite</strong></span> <span class='ocrx_word' id='word_1_721' title='bbox 2875 4257 3185 4302; x_wconf 87' lang='lat' dir='ltr'><strong>castrorum</strong></span> <span class='ocrx_word' id='word_1_722' title='bbox 3246 4259 3468 4319; x_wconf 89' lang='lat' dir='ltr'><strong>portas;</strong></span> 
     </span>
    </p>
   </div>
   <div class='ocr_carea' id='block_1_96' title="bbox 1883 4334 3474 4404">
    <p class='ocr_par' dir='ltr' id='par_1_96' title="bbox 1883 4334 3474 4404">
     <span class='ocr_line' id='line_1_96' title="bbox 1883 4334 3474 4404; baseline 0.006 -18"><span class='ocrx_word' id='word_1_723' title='bbox 1883 4334 2138 4388; x_wconf 85' lang='lat' dir='ltr'><strong>occidant</strong></span> <span class='ocrx_word' id='word_1_724' title='bbox 2175 4336 2372 4404; x_wconf 80' lang='lat' dir='ltr'><strong>singuli</strong></span> <span class='ocrx_word' id='word_1_725' title='bbox 2402 4335 2623 4391; x_wconf 86' lang='lat' dir='ltr'><strong>fratrem</strong></span> <span class='ocrx_word' id='word_1_726' title='bbox 2666 4353 2830 4393; x_wconf 86' lang='lat' dir='ltr'><strong>suum</strong></span> <span class='ocrx_word' id='word_1_727' title='bbox 2878 4349 2933 4395; x_wconf 88' lang='lat' dir='ltr'><strong>et</strong></span> <span class='ocrx_word' id='word_1_728' title='bbox 2979 4346 3352 4396; x_wconf 87' lang='lat' dir='ltr'><strong>necessarium</strong></span> <span class='ocrx_word' id='word_1_729' title='bbox 3385 4357 3474 4397; x_wconf 86' lang='lat' dir='ltr'><strong>&#39;ac</strong></span> 
     </span>
    </p>
   </div>
   <div class='ocr_carea' id='block_1_97' title="bbox 1883 4429 3477 4501">
    <p class='ocr_par' dir='ltr' id='par_1_97' title="bbox 1883 4429 3477 4501">
     <span class='ocr_line' id='line_1_97' title="bbox 1883 4429 3477 4501; baseline 0.006 -21"><span class='ocrx_word' id='word_1_730' title='bbox 1883 4429 2192 4497; x_wconf 79' lang='lat' dir='ltr'><strong>proximum</strong></span> <span class='ocrx_word' id='word_1_731' title='bbox 2224 4429 2266 4480; x_wconf 76' lang='grc'><strong>⁸.</strong></span> <span class='ocrx_word' id='word_1_732' title='bbox 2314 4447 2334 4480; x_wconf 75' lang='grc' dir='ltr'><strong>ι</strong></span> <span class='ocrx_word' id='word_1_733' title='bbox 2391 4429 2590 4496; x_wconf 87' lang='lat' dir='ltr'><strong>Quidni</strong></span> <span class='ocrx_word' id='word_1_734' title='bbox 2643 4432 2814 4501; x_wconf 83' lang='lat' dir='ltr'><strong>igitur</strong></span> <span class='ocrx_word' id='word_1_735' title='bbox 2869 4433 3013 4488; x_wconf 90' lang='lat' dir='ltr'><strong>dicta</strong></span> <span class='ocrx_word' id='word_1_736' title='bbox 3072 4434 3190 4489; x_wconf 74' lang='lat' dir='ltr'><strong>haec</strong></span> <span class='ocrx_word' id='word_1_737' title='bbox 3251 4444 3477 4490; x_wconf 84' lang='lat' dir='ltr'><strong>mutuas</strong></span> 
     </span>
    </p>
   </div>
   <div class='ocr_carea' id='block_1_98' title="bbox 1883 4521 3471 4597">
    <p class='ocr_par' dir='ltr' id='par_1_98' title="bbox 1883 4521 3471 4597">
     <span class='ocr_line' id='line_1_98' title="bbox 1883 4521 3471 4597; baseline 0.004 -23"><span class='ocrx_word' id='word_1_738' title='bbox 1883 4521 2059 4575; x_wconf 71' lang='lat' dir='ltr'><strong>caedes</strong></span> <span class='ocrx_word' id='word_1_739' title='bbox 2090 4521 2206 4591; x_wconf 85' lang='lat' dir='ltr'><strong>lege</strong></span> <span class='ocrx_word' id='word_1_740' title='bbox 2233 4523 2525 4577; x_wconf 88' lang='lat' dir='ltr'><strong>sanciunt?</strong></span> <span class='ocrx_word' id='word_1_741' title='bbox 2576 4524 2682 4579; x_wconf 91' lang='lat' dir='ltr'><strong>nisi</strong></span> <span class='ocrx_word' id='word_1_742' title='bbox 2734 4526 2863 4595; x_wconf 91' lang='lat' dir='ltr'><strong>quia</strong></span> <span class='ocrx_word' id='word_1_743' title='bbox 2927 4527 3283 4597; x_wconf 84' lang='lat' dir='ltr'><strong>intelligimus</strong></span> <span class='ocrx_word' id='word_1_744' title='bbox 3345 4544 3471 4596; x_wconf 82' lang='lat' dir='ltr'><strong>par-</strong></span> 
     </span>
    </p>
   </div>
   <div class='ocr_carea' id='block_1_99' title="bbox 1878 4615 3467 4691">
    <p class='ocr_par' dir='ltr' id='par_1_99' title="bbox 1878 4615 3467 4691">
     <span class='ocr_line' id='line_1_99' title="bbox 1878 4615 3467 4691; baseline 0.005 -24"><span class='ocrx_word' id='word_1_745' title='bbox 1878 4615 2110 4669; x_wconf 86' lang='lat' dir='ltr'><strong>cendum</strong></span> <span class='ocrx_word' id='word_1_746' title='bbox 2143 4630 2264 4670; x_wconf 88' lang='lat' dir='ltr'><strong>esse</strong></span> <span class='ocrx_word' id='word_1_747' title='bbox 2299 4615 2564 4684; x_wconf 82' lang='lat' dir='ltr'><strong>innoxio;</strong></span> <span class='ocrx_word' id='word_1_748' title='bbox 2598 4620 2794 4674; x_wconf 92' lang='lat' dir='ltr'><strong>mortis</strong></span> <span class='ocrx_word' id='word_1_749' title='bbox 2830 4629 3013 4674; x_wconf 87' lang='lat' dir='ltr'><strong>autem</strong></span> <span class='ocrx_word' id='word_1_750' title='bbox 3048 4637 3225 4684; x_wconf 90' lang='lat' dir='ltr'><strong>reum,</strong></span> <span class='ocrx_word' id='word_1_751' title='bbox 3267 4631 3322 4675; x_wconf 78' lang='lat' dir='ltr'><strong>et</strong></span> <span class='ocrx_word' id='word_1_752' title='bbox 3371 4622 3467 4691; x_wconf 82' lang='lat' dir='ltr'><strong>qui</strong></span> 
     </span>
    </p>
   </div>
   <div class='ocr_carea' id='block_1_100' title="bbox 1877 4700 3465 4782">
    <p class='ocr_par' dir='ltr' id='par_1_100' title="bbox 1877 4700 3465 4782">
     <span class='ocr_line' id='line_1_100' title="bbox 1877 4700 3465 4782; baseline 0.006 -21"><span class='ocrx_word' id='word_1_753' title='bbox 1877 4708 2084 4777; x_wconf 90' lang='lat' dir='ltr'><strong>patrias</strong></span> <span class='ocrx_word' id='word_1_754' title='bbox 2114 4708 2260 4779; x_wconf 81' lang='lat' dir='ltr'><strong>leges</strong></span> <span class='ocrx_word' id='word_1_755' title='bbox 2299 4709 2543 4775; x_wconf 86' lang='lat' dir='ltr'><strong>violavit,</strong></span> <span class='ocrx_word' id='word_1_756' title='bbox 2601 4700 2956 4782; x_wconf 77' lang='lat' dir='ltr'><strong>debitumque</strong></span> <span class='ocrx_word' id='word_1_757' title='bbox 3011 4712 3257 4768; x_wconf 87' lang='lat' dir='ltr'><strong>Creatori</strong></span> <span class='ocrx_word' id='word_1_758' title='bbox 3301 4716 3465 4771; x_wconf 90' lang='lat' dir='ltr'><strong>obse-</strong></span> 
     </span>
    </p>
   </div>
   <div class='ocr_carea' id='block_1_101' title="bbox 1876 4797 3468 4873">
    <p class='ocr_par' dir='ltr' id='par_1_101' title="bbox 1876 4797 3468 4873">
     <span class='ocr_line' id='line_1_101' title="bbox 1876 4797 3468 4873; baseline 0.007 -23"><span class='ocrx_word' id='word_1_759' title='bbox 1876 4797 2066 4868; x_wconf 90' lang='lat' dir='ltr'><strong>quiutn</strong></span> <span class='ocrx_word' id='word_1_760' title='bbox 2108 4799 2175 4853; x_wconf 90' lang='lat' dir='ltr'><strong>ad</strong></span> <span class='ocrx_word' id='word_1_761' title='bbox 2205 4799 2349 4854; x_wconf 85' lang='lat' dir='ltr'><strong>idola</strong></span> <span class='ocrx_word' id='word_1_762' title='bbox 2387 4803 2685 4869; x_wconf 89' lang='lat' dir='ltr'><strong>transtulit,</strong></span> <span class='ocrx_word' id='word_1_763' title='bbox 2713 4803 2883 4864; x_wconf 86' lang='lat' dir='ltr'><strong>hunc.</strong></span> <span class='ocrx_word' id='word_1_764' title='bbox 2914 4804 3162 4873; x_wconf 84' lang='lat' dir='ltr'><strong>inquam,</strong></span> <span class='ocrx_word' id='word_1_765' title='bbox 3190 4806 3304 4859; x_wconf 86' lang='lat' dir='ltr'><strong>neci</strong></span> <span class='ocrx_word' id='word_1_766' title='bbox 3342 4822 3468 4861; x_wconf 88' lang='lat' dir='ltr'><strong>esse</strong></span> 
     </span>
    </p>
   </div>
   <div class='ocr_carea' id='block_1_102' title="bbox 1877 4889 3466 4952">
    <p class='ocr_par' dir='ltr' id='par_1_102' title="bbox 1877 4889 3466 4952">
     <span class='ocr_line' id='line_1_102' title="bbox 1877 4889 3466 4952; baseline 0.005 -9"><span class='ocrx_word' id='word_1_767' title='bbox 1877 4889 2230 4948; x_wconf 87' lang='lat' dir='ltr'><strong>tradendum.</strong></span> <span class='ocrx_word' id='word_1_768' title='bbox 2262 4889 2522 4946; x_wconf 88' lang='lat' dir='ltr'><strong>Libenter</strong></span> <span class='ocrx_word' id='word_1_769' title='bbox 2552 4895 2748 4948; x_wconf 85' lang='lat' dir='ltr'><strong>omitto</strong></span> <span class='ocrx_word' id='word_1_770' title='bbox 2771 4895 2936 4949; x_wconf 85' lang='lat' dir='ltr'><strong>verba</strong></span> <span class='ocrx_word' id='word_1_771' title='bbox 2970 4914 2988 4947; x_wconf 88' lang='grc' dir='ltr'><strong>ι</strong></span> <span class='ocrx_word' id='word_1_772' title='bbox 3021 4897 3367 4951; x_wconf 85' lang='lat' dir='ltr'><strong>Adulterium</strong></span> <span class='ocrx_word' id='word_1_773' title='bbox 3396 4913 3466 4952; x_wconf 86' lang='lat' dir='ltr'><strong>ne</strong></span> 
     </span>
    </p>
   </div>
   <div class='ocr_carea' id='block_1_103' title="bbox 1876 4980 3462 5058">
    <p class='ocr_par' dir='ltr' id='par_1_103' title="bbox 1876 4980 3462 5058">
     <span class='ocr_line' id='line_1_103' title="bbox 1876 4980 3462 5058; baseline 0.008 -22"><span class='ocrx_word' id='word_1_774' title='bbox 1876 4980 2088 5050; x_wconf 89' lang='lat' dir='ltr'><strong>facito;</strong></span> <span class='ocrx_word' id='word_1_775' title='bbox 2133 5003 2150 5036; x_wconf 81' lang='grc' dir='ltr'><strong>ι</strong></span> <span class='ocrx_word' id='word_1_776' title='bbox 2190 4993 2287 5040; x_wconf 85' lang='lat' dir='ltr'><strong>et:</strong></span> <span class='ocrx_word' id='word_1_777' title='bbox 2333 5005 2352 5038; x_wconf 81' lang='grc' dir='ltr'><strong>ι</strong></span> <span class='ocrx_word' id='word_1_778' title='bbox 2381 4985 2526 5056; x_wconf 84' lang='lat' dir='ltr'><strong>Cape</strong></span> <span class='ocrx_word' id='word_1_779' title='bbox 2554 4987 2652 5042; x_wconf 88' lang='lat' dir='ltr'><strong>tibi</strong></span> <span class='ocrx_word' id='word_1_780' title='bbox 2685 4989 2944 5044; x_wconf 86' lang='lat' dir='ltr'><strong>feminam</strong></span> <span class='ocrx_word' id='word_1_781' title='bbox 2988 4992 3354 5058; x_wconf 84' lang='lat' dir='ltr'><strong>meretricem,</strong></span> <span class='ocrx_word' id='word_1_782' title='bbox 3398 5009 3462 5048; x_wconf 85' lang='lat' dir='ltr'><strong>ac</strong></span> 
     </span>
    </p>
   </div>
   <div class='ocr_carea' id='block_1_104' title="bbox 1876 5075 3459 5147">
    <p class='ocr_par' dir='ltr' id='par_1_104' title="bbox 1876 5075 3459 5147">
     <span class='ocr_line' id='line_1_104' title="bbox 1876 5075 3459 5147; baseline 0.006 -17"><span class='ocrx_word' id='word_1_783' title='bbox 1876 5075 2078 5131; x_wconf 86' lang='lat' dir='ltr'><strong>liberos</strong></span> <span class='ocrx_word' id='word_1_784' title='bbox 2127 5079 2326 5134; x_wconf 86' lang='lat' dir='ltr'><strong>nothos</strong></span> <span class='ocrx_word' id='word_1_785' title='bbox 2383 5095 2507 5134; x_wconf 85' lang='lat' dir='ltr'><strong>crea</strong></span> <span class='ocrx_word' id='word_1_786' title='bbox 2535 5081 2584 5144; x_wconf 87' lang='grc'><strong>²;</strong></span> <span class='ocrx_word' id='word_1_787' title='bbox 2644 5100 2671 5133; x_wconf 73' lang='grc' dir='ltr'>ι·</span> <span class='ocrx_word' id='word_1_788' title='bbox 2735 5082 2938 5137; x_wconf 88' lang='lat' dir='ltr'><strong>habent</strong></span> <span class='ocrx_word' id='word_1_789' title='bbox 3002 5085 3148 5138; x_wconf 83' lang='lat' dir='ltr'><strong>enim</strong></span> <span class='ocrx_word' id='word_1_790' title='bbox 3208 5087 3459 5147; x_wconf 77' lang='lat' dir='ltr'><strong>altiorem</strong></span> 
     </span>
    </p>
   </div>
   <div class='ocr_carea' id='block_1_105' title="bbox 188 5167 1786 5248">
    <p class='ocr_par' dir='ltr' id='par_1_105' title="bbox 188 5167 1778 5246">
     <span class='ocr_line' id='line_1_105' title="bbox 188 5167 1778 5246; baseline -0.006 -17"><span class='ocrx_word' id='word_1_791' title='bbox 188 5193 262 5230; x_wconf 90' lang='grc' dir='ltr'><strong>κα</strong></span> <span class='ocrx_word' id='word_1_792' title='bbox 295 5175 556 5246; x_wconf 81' lang='grc' dir='ltr'>πορνείας</span> <span class='ocrx_word' id='word_1_793' title='bbox 583 5176 677 5228; x_wconf 76' lang='grc' dir='ltr'>καὶ</span> <span class='ocrx_word' id='word_1_794' title='bbox 701 5176 867 5229; x_wconf 87' lang='grc' dir='ltr'>τέκνα</span> <span class='ocrx_word' id='word_1_795' title='bbox 903 5171 1178 5244; x_wconf 83' lang='grc' dir='ltr'>πορνείας.</span> <span class='ocrx_word' id='word_1_796' title='bbox 1214 5189 1233 5222; x_wconf 82' lang='grc'><strong>›</strong></span> <span class='ocrx_word' id='word_1_797' title='bbox 1273 5170 1428 5239; x_wconf 86' lang='grc' dir='ltr'>Ἔχει</span> <span class='ocrx_word' id='word_1_798' title='bbox 1455 5168 1565 5238; x_wconf 88' lang='grc' dir='ltr'><strong>γάρ</strong></span> <span class='ocrx_word' id='word_1_799' title='bbox 1593 5184 1649 5220; x_wconf 90' lang='grc' dir='ltr'><strong>τι</strong></span> <span class='ocrx_word' id='word_1_800' title='bbox 1683 5167 1778 5220; x_wconf 80' lang='grc' dir='ltr'><strong>καὶ</strong></span> 
     </span>
    </p>
   </div>
   <div class='ocr_carea' id='block_1_106' title="bbox 1887 5167 3460 5248">
    <p class='ocr_par' dir='ltr' id='par_1_106' title="bbox 1887 5169 3460 5248">
     <span class='ocr_line' id='line_1_106' title="bbox 1887 5169 3460 5248; baseline 0.008 -27"><span class='ocrx_word' id='word_1_801' title='bbox 1887 5169 2135 5237; x_wconf 69' lang='grc' dir='ltr'>ρτωεεηιί</span> <span class='ocrx_word' id='word_1_802' title='bbox 2165 5173 2468 5240; x_wconf 64' lang='lat' dir='ltr'><strong>quaestione</strong></span> <span class='ocrx_word' id='word_1_803' title='bbox 2495 5188 2718 5228; x_wconf 81' lang='lat' dir='ltr'><strong>sensum</strong></span> <span class='ocrx_word' id='word_1_804' title='bbox 2747 5193 2760 5230; x_wconf 94' lang='lat'><strong>:</strong></span> <span class='ocrx_word' id='word_1_805' title='bbox 2797 5175 2891 5230; x_wconf 91' lang='lat' dir='ltr'><strong>sed</strong></span> <span class='ocrx_word' id='word_1_806' title='bbox 2916 5185 3097 5231; x_wconf 89' lang='lat' dir='ltr'><strong>tamen</strong></span> <span class='ocrx_word' id='word_1_807' title='bbox 3126 5177 3212 5232; x_wconf 92' lang='lat' dir='ltr'><strong>hic</strong></span> <span class='ocrx_word' id='word_1_808' title='bbox 3242 5194 3460 5248; x_wconf 87' lang='lat' dir='ltr'><strong>quoque</strong></span> 
     </span>
    </p>
   </div>
   <div class='ocr_carea' id='block_1_107' title="bbox 187 5258 1786 5339">
    <p class='ocr_par' dir='ltr' id='par_1_107' title="bbox 187 5262 1778 5339">
     <span class='ocr_line' id='line_1_107' title="bbox 187 5262 1778 5339; baseline -0.006 -16"><span class='ocrx_word' id='word_1_809' title='bbox 187 5265 284 5323; x_wconf 75' lang='grc' dir='ltr'>τοῦ</span> <span class='ocrx_word' id='word_1_810' title='bbox 314 5268 651 5339; x_wconf 80' lang='grc' dir='ltr'>ζητουμένου</span> <span class='ocrx_word' id='word_1_811' title='bbox 691 5267 989 5338; x_wconf 83' lang='grc' dir='ltr'>βαθύτερον</span> <span class='ocrx_word' id='word_1_812' title='bbox 1017 5265 1095 5332; x_wconf 89' lang='grc'><strong>(8)</strong></span> <span class='ocrx_word' id='word_1_813' title='bbox 1122 5281 1136 5296; x_wconf 84' lang='lat'><strong><em>°</em></strong></span> <span class='ocrx_word' id='word_1_814' title='bbox 1166 5263 1305 5335; x_wconf 82' lang='grc' dir='ltr'>πλὴν</span> <span class='ocrx_word' id='word_1_815' title='bbox 1339 5265 1422 5316; x_wconf 84' lang='grc' dir='ltr'>ὅτι</span> <span class='ocrx_word' id='word_1_816' title='bbox 1450 5262 1778 5332; x_wconf 81' lang='grc' dir='ltr'>περίστασις</span> 
     </span>
    </p>
   </div>
   <div class='ocr_carea' id='block_1_108' title="bbox 1887 5258 3458 5339">
    <p class='ocr_par' dir='ltr' id='par_1_108' title="bbox 1887 5258 3458 5338">
     <span class='ocr_line' id='line_1_108' title="bbox 1887 5258 3458 5338; baseline 0.006 -25"><span class='ocrx_word' id='word_1_817' title='bbox 1887 5258 2287 5314; x_wconf 75' lang='lat' dir='ltr'><strong>circumstantia</strong></span> <span class='ocrx_word' id='word_1_818' title='bbox 2319 5261 2468 5324; x_wconf 88' lang='lat' dir='ltr'><strong>facit,</strong></span> <span class='ocrx_word' id='word_1_819' title='bbox 2503 5273 2564 5318; x_wconf 88' lang='lat' dir='ltr'><strong>ut</strong></span> <span class='ocrx_word' id='word_1_820' title='bbox 2595 5280 2866 5335; x_wconf 85' lang='lat' dir='ltr'><strong>apparens</strong></span> <span class='ocrx_word' id='word_1_821' title='bbox 2917 5282 3095 5338; x_wconf 84' lang='lat' dir='ltr'><strong>pugna</strong></span> <span class='ocrx_word' id='word_1_822' title='bbox 3124 5284 3318 5337; x_wconf 88' lang='lat' dir='ltr'><strong>reapse</strong></span> <span class='ocrx_word' id='word_1_823' title='bbox 3349 5285 3458 5323; x_wconf 90' lang='lat' dir='ltr'><strong>non</strong></span> 
     </span>
    </p>
   </div>
   <div class='ocr_carea' id='block_1_109' title="bbox 187 5351 1786 5438">
    <p class='ocr_par' dir='ltr' id='par_1_109' title="bbox 187 5353 1771 5433">
     <span class='ocr_line' id='line_1_109' title="bbox 187 5353 1771 5433; baseline -0.008 -16"><span class='ocrx_word' id='word_1_824' title='bbox 187 5362 471 5417; x_wconf 71' lang='grc' dir='ltr'>κάνταῦθα</span> <span class='ocrx_word' id='word_1_825' title='bbox 503 5361 766 5433; x_wconf 82' lang='grc' dir='ltr'>ποιεῖτὴν</span> <span class='ocrx_word' id='word_1_826' title='bbox 797 5358 1134 5430; x_wconf 85' lang='grc' dir='ltr'>φαινομένην</span> <span class='ocrx_word' id='word_1_827' title='bbox 1166 5358 1347 5428; x_wconf 79' lang='grc' dir='ltr'>μάχην</span> <span class='ocrx_word' id='word_1_828' title='bbox 1380 5355 1453 5426; x_wconf 81' lang='grc' dir='ltr'>μὴ</span> <span class='ocrx_word' id='word_1_829' title='bbox 1481 5353 1771 5425; x_wconf 88' lang='grc' dir='ltr'>μάχεσθαι·</span> 
     </span>
    </p>
   </div>
   <div class='ocr_carea' id='block_1_110' title="bbox 1887 5351 3460 5438">
    <p class='ocr_par' dir='ltr' id='par_1_110' title="bbox 1887 5351 3460 5438">
     <span class='ocr_line' id='line_1_110' title="bbox 1887 5351 3460 5438; baseline 0.008 -33"><span class='ocrx_word' id='word_1_830' title='bbox 1887 5363 2100 5421; x_wconf 52' lang='lat' dir='ltr'><strong>pugnet.</strong></span> <span class='ocrx_word' id='word_1_831' title='bbox 2137 5351 2292 5409; x_wconf 72' lang='lat' dir='ltr'><strong>[laud</strong></span> <span class='ocrx_word' id='word_1_832' title='bbox 2317 5356 2445 5411; x_wconf 88' lang='lat' dir='ltr'><strong>licet</strong></span> <span class='ocrx_word' id='word_1_833' title='bbox 2497 5355 2594 5412; x_wconf 88' lang='lat' dir='ltr'><strong>Dei</strong></span> <span class='ocrx_word' id='word_1_834' title='bbox 2639 5359 2964 5438; x_wconf 83' lang='lat' dir='ltr'><strong>prophetam</strong></span> <span class='ocrx_word' id='word_1_835' title='bbox 3011 5376 3200 5426; x_wconf 88' lang='lat' dir='ltr'><strong>manu,</strong></span> <span class='ocrx_word' id='word_1_836' title='bbox 3252 5361 3460 5433; x_wconf 83' lang='lat' dir='ltr'><strong>lingua,</strong></span> 
     </span>
    </p>
   </div>
   <div class='ocr_carea' id='block_1_111' title="bbox 259 5485 1873 5561">
    <p class='ocr_par' dir='ltr' id='par_1_111' title="bbox 259 5485 1873 5561">
     <span class='ocr_line' id='line_1_111' title="bbox 259 5485 1873 5561; baseline -0.008 -8"><span class='ocrx_word' id='word_1_837' title='bbox 259 5499 314 5534; x_wconf 73' lang='lat'><strong>&quot;‘</strong></span> <span class='ocrx_word' id='word_1_838' title='bbox 347 5497 521 5552; x_wconf 75' lang='lat' dir='ltr'><strong>Exod.</strong></span> <span class='ocrx_word' id='word_1_839' title='bbox 565 5493 775 5561; x_wconf 75' lang='lat' dir='ltr'><strong>xx,15.</strong></span> <span class='ocrx_word' id='word_1_840' title='bbox 852 5497 874 5526; x_wconf 83' lang='grc'><em>³</em></span> <span class='ocrx_word' id='word_1_841' title='bbox 917 5491 1089 5548; x_wconf 75' lang='lat' dir='ltr'><strong>Exod.</strong></span> <span class='ocrx_word' id='word_1_842' title='bbox 1133 5506 1304 5555; x_wconf 76' lang='lat' dir='ltr'><strong>xxxii,</strong></span> <span class='ocrx_word' id='word_1_843' title='bbox 1352 5488 1446 5542; x_wconf 72' lang='lat'><strong>27.</strong></span> <span class='ocrx_word' id='word_1_844' title='bbox 1519 5489 1540 5520; x_wconf 82' lang='grc'>³</span> <span class='ocrx_word' id='word_1_845' title='bbox 1575 5488 1714 5542; x_wconf 83' lang='lat' dir='ltr'><strong>Osee</strong></span> <span class='ocrx_word' id='word_1_846' title='bbox 1744 5502 1782 5549; x_wconf 84' lang='grc' dir='ltr'><strong>ι,</strong></span> <span class='ocrx_word' id='word_1_847' title='bbox 1815 5485 1873 5540; x_wconf 76' lang='lat'><strong>2.</strong></span> 
     </span>
    </p>
   </div>
   <div class='ocr_carea' id='block_1_112' title="bbox 1696 5602 1928 5660">
    <p class='ocr_par' dir='ltr' id='par_1_112' title="bbox 1696 5602 1928 5660">
     <span class='ocr_line' id='line_1_112' title="bbox 1696 5602 1928 5660; baseline -0.013 0"><span class='ocrx_word' id='word_1_848' title='bbox 1696 5602 1928 5660; x_wconf 77' lang='grc' dir='ltr'><strong>ΝΟΤᾹΞ.</strong></span> 
     </span>
    </p>
   </div>
   <div class='ocr_carea' id='block_1_113' title="bbox 256 5719 2380 5796">
    <p class='ocr_par' dir='ltr' id='par_1_113' title="bbox 256 5719 2380 5796">
     <span class='ocr_line' id='line_1_113' title="bbox 256 5719 2380 5796; baseline -0.001 -16"><span class='ocrx_word' id='word_1_849' title='bbox 256 5722 338 5796; x_wconf 80' lang='lat'><strong>(8)</strong></span> <span class='ocrx_word' id='word_1_850' title='bbox 375 5721 583 5784; x_wconf 82' lang='lat' dir='ltr'><strong>Videsis</strong></span> <span class='ocrx_word' id='word_1_851' title='bbox 628 5720 902 5780; x_wconf 84' lang='lat' dir='ltr'><strong>Theodori</strong></span> <span class='ocrx_word' id='word_1_852' title='bbox 944 5720 1313 5793; x_wconf 79' lang='lat' dir='ltr'><strong>Mopsucsteni</strong></span> <span class='ocrx_word' id='word_1_853' title='bbox 1358 5722 1866 5792; x_wconf 85' lang='lat' dir='ltr'><strong>interpretationem</strong></span> <span class='ocrx_word' id='word_1_854' title='bbox 1899 5719 2054 5779; x_wconf 73' lang='lat' dir='ltr'><strong>Oscae</strong></span> <span class='ocrx_word' id='word_1_855' title='bbox 2087 5720 2380 5795; x_wconf 73' lang='lat' dir='ltr'><strong>prophetae.</strong></span> 
     </span>
    </p>
   </div>
  </div>
