3810 6300
413 264 474 332 δι
1574 240 1842 304 PHO’I‘II
1866 242 2378 306 PATRIARCHAE
2418 246 2529 308 cr.
3558 338 3561 339 ί
3626 246 3696 311 se

414 361 577 419 modo
605 360 869 433 quolibet,
902 361 1116 417 violari.
1169 360 1268 418 Rei
1302 369 1472 418 testes
1524 361 1777 417 illusores
1819 362 2000 432 pueri,
2030 413 2034 421 ,

2159 361 2227 415 ύκ
2262 361 2472 427 ἔξεστιν
2512 361 2593 427 είς
2634 357 2771 415 Θεοῦ
2805 361 3097 435 προφήτην
3130 359 3399 433 ὑϐρίζειν,
3433 360 3492 414 οὒ
3518 363 3694 432 χειρὶ,

414 459 508 529 qui
544 474 669 512 cum
696 456 1016 527 prophetam
1051 456 1187 511 risui
1233 455 1579 518 habuissent,
1625 455 1873 509 convicia
1903 470 2003 509 sua

414 565 712 621 corporum
749 548 1037 619 suppliciis
1074 548 1295 603 luerunt
1323 547 1365 602 ⁸.
1417 547 1725 616 Czeteroqui
1757 555 1811 600 et
1832 547 2002 601 alium

417 646 687 707 invenies,
722 644 815 713 qui
850 641 1287 712 quiapropheta:
1310 640 1504 695 faciem
1536 656 1642 694 non
1672 641 2003 705 verberavit,

418 740 475 794 in
527 748 833 791 extremum
888 735 1115 787 exiliunt
1182 732 1370 786 incidit
1403 732 1440 785 '.
1504 732 1773 802 Quodque
1830 735 2005 804 magis

418 831 792 887 diliicultatem
825 827 1070 892 roborat,
1101 833 1157 879 et
1214 824 1339 879 ilios
1380 824 1476 893 qui
1528 824 1716 893 injurii
1784 815 2007 880 fuerant

320 948 323 957 π
420 926 533 981 fera
566 923 815 986 laniavit,
845 931 1051 976 etcum
1085 917 1340 975 similiter
1365 919 1457 987 qui
1492 918 1561 972 ab
1590 932 1655 972 eo
1687 916 1833 972 facto
1877 919 2007 972 imi-

421 1018 590 1073 tando
621 1025 858 1076 caverat,
891 1014 995 1067 alia
1034 1012 1149 1067 fera
1193 1012 1415 1067 invasit.
1447 1012 1589 1077 Quid
1623 1012 1786 1081 ergo?
1825 1027 2009 1067 nonne

424 1112 539 1165 haec
596 1109 868 1164 contraria
934 1106 1117 1163 sunt?
1177 1105 1400 1159 Minime
1462 1105 1729 1176 gentium.
1790 1105 2007 1161 Etenim

422 1198 671 1267 quaedam
732 1196 953 1266 proprio
1004 1194 1211 1265 judicio
1269 1195 1644 1264 instinctuque
1711 1205 2007 1265 suscepta,

422 1300 652 1354 prorsus
685 1301 791 1338 non
822 1285 987 1338 licent
1025 1302 1037 1338 :
1076 1300 1263 1338 verum
1315 1285 1407 1338 uhi
1470 1282 1612 1339 Deus
1655 1284 1908 1354 jusserit,
1944 1296 2010 1354 ,et

424 1378 695 1433 sententia
727 1379 943 1433 cmlitus
979 1378 1085 1433 lata
1123 1378 1309 1440 fuerit,
1348 1395 1457 1432 non
1490 1379 1667 1434 solum
1694 1379 1861 1434 verbo
1902 1397 2007 1435 non

427 1470 547 1524 licet
592 1471 745 1524 locus
772 1470 915 1523 haud
951 1478 1056 1534 est,
1102 1484 1291 1523 verum
1334 1469 1499 1523 etiam
1556 1468 2008 1538 inobsequentem

424 1575 589 1630 paena
612 1561 805 1615 acerba
834 1561 1211 1630 consequitur.
1257 1558 1563 1630 Utrumque
1615 1561 1782 1631 igitur
1825 1576 2010 1616 sacra-

427 1669 549 1707 rum
579 1652 910 1707 Litterarum
946 1654 1258 1722 exemplum
1304 1662 1658 1723 apparentem
1704 1652 2011 1708 contrarie-

427 1756 593 1799 tatem
625 1746 896 1815 dispellit;
933 1746 1166 1801 alterum
1216 1746 1438 1816 quidem
1489 1747 1638 1800 noxii
1688 1757 1743 1801 et
1799 1746 2012 1800 innoxii

431 1839 880 1905 circumstantia;
917 1838 1150 1893 alterum
1191 1854 1223 1894 a
1252 1838 1439 1895 divino
1464 1840 1684 1895 decreto
1725 1850 1782 1895 et
1834 1840 2015 1896 homi-

428 1931 517 1986 nis
553 1932 854 1986 voluntate.

503 2107 556 2161 4.
592 2104 755 2160 Multa
794 2122 1013 2177 quoque
1043 2107 1149 2164 alia
1178 2124 1302 2179 qua:
1337 2109 1496 2165 aliter
1542 2125 1792 2181 pugnare
1822 2112 2016 2168 viden-

434 2205 543 2259 tur,
570 2199 860 2268 perpensis
895 2209 1039 2254 recte
1063 2200 1519 2266 circumstantiis,
1569 2202 1637 2257 ad
1685 2217 2018 2259 consensqu

433 2301 782 2346 revocantur.
814 2291 867 2347 ω
898 2309 1028 2348 vero
1077 2295 1275 2351 accidit
1309 2312 1458 2352 nunc
1500 2296 1643 2362 loco,
1687 2312 1836 2352 nunc
1877 2306 2018 2351 tem-

433 2399 586 2453 pore,
618 2385 887 2441 interdum
919 2403 1137 2457 quoque
1191 2404 1449 2458 persona.
1500 2389 1567 2444 Et
1622 2400 1748 2446 sunt
1796 2391 2018 2459 quidem

434 2475 491 2529 in
525 2486 767 2546 tempore
795 2476 1115 2533 dili‘erentiae
1140 2495 1247 2534 non
1277 2496 1484 2559 paucae,
1527 2482 1701 2535 multo
1730 2490 1913 2536 autem
1964 2482 2018 2536 in

435 2583 672 2638 persona
708 2570 925 2638 plures;
960 2570 1221 2627 dominus
1247 2581 1300 2626 et
1354 2572 1645 2636 subditus;
1676 2573 1785 2627 dux
1826 2582 1883 2628 ct
1917 2573 2022 2628 du-

435 2668 588 2727 ctus;
618 2661 837 2717 initians
868 2671 922 2716 et
966 2662 1253 2732 initiatus;
1290 2664 1592 2733 discipulus
1642 2676 1695 2719 et
1726 2665 2018 2736 magister;

436 2751 638 2805 noxius
667 2761 720 2806 et
752 2752 1030 2808 innoxius.
1066 2751 1281 2810 Rursus
1310 2756 1627 2811 communis
1658 2765 1743 2811 est
1774 2771 2023 2826 persona

436 2843 656 2906 divisio,
684 2844 996 2900 immutatio
1018 2847 1265 2917 ejusdem
1298 2848 1379 2902 vel
1409 2849 1738 2918 suppositio.
1771 2848 2024 2919 Namque

437 2937 541 2991 alia
572 2941 779 3007 species
810 2941 1087 3009 consurgit
1122 2948 1333 2995 mutato
1364 2956 1538 3002 more,
1585 2953 1843 2996 manente
1901 2958 2025 3011 per-

2104 453 2165 507 ού
2199 453 2454 525 γλώσσῃ,
2497 455 2597 526 οὐχ
2639 453 2815 525 ἑτέρῳ
2853 453 3041 525 τρόπῳ
3074 452 3202 507 τινί·
3242 453 3339 507 καὶ
3368 452 3692 525 μαρτύριον,

2106 548 2299 612 παῖδες
2335 548 2634 620 ἀθύροντες
2665 549 2761 603 καὶ
2792 549 3081 620 προφήτην
3116 546 3435 618 ποιούμενοι
3457 547 3694 615 γέλωτα,

2105 640 2229 693 ἀντὶ
2256 642 2608 711 σκωμμάτων
2653 640 2925 712 σωμάτων
2954 639 3401 711 είσεπράχθησαν
3431 638 3658 708 ὄλεθρον
3683 655 3696 668 ο

2105 732 2221 788 ἀλλ’
2262 735 2520 806 εὑρήσεις
2556 733 2697 797 τινὰ,
2730 734 2854 787 ἐπεὶ
2882 732 2957 805 μὴ
2994 732 3088 786 τοῦ
3122 734 3403 803 προφήτου
3446 732 3543 802 τὴν
3576 733 3697 800 war:

2107 826 2399 893 ἐπάταξεν,
2449 828 2533 881 ὅτι
2580 827 2681 897 τὴν
2718 826 2955 899 ἐσχάτην
2994 827 3152 897 δίκην
3195 826 3453 880 ἀπέτισε·
3502 826 3602 878 καὶ
3639 824 3698 877 τὸ

2108 919 2375 992 κρατύνον
2415 920 2617 991 μᾶλλον
2645 920 2707 974 τὸ
2737 920 2966 991 ἄπορον,
2996 921 3124 984 τούς
3148 936 3208 973 τε
3246 919 3385 990 πρὸς
3416 918 3574 989 ῦϐριν
3609 918 3697 983 ἑξ-

2110 1011 2430 1082 ενεχθέντας
2476 1012 2665 1083 θηρίον
2713 1012 3012 1084 ὲσπάραξε,
3060 1012 3283 1065 καὶτὸν
3326 1009 3701 1077 εὐλαϐηθέντα

2108 1103 2207 1175 τὴν
2245 1104 2501 1176 μίμησιν,
2534 1102 2725 1174 θηρίον
2753 1103 2880 1158 ἄλλο
2912 1104 3197 1158 διέσπασε.
3234 1102 3299 1155 Τί
3332 1100 3428 1154 οῦν
3458 1102 3569 1172 ἄρα
3603 1100 3701 1153 οῦκ

2108 1197 2329 1249 ἐναντία
2359 1196 2575 1262 mica;
2610 1197 2686 1249 Οὐ
2722 1196 2819 1266 μὲν
2848 1193 2943 1250 οῦν
2971 1196 3091 1250 οὐδὲ
3118 1194 3316 1249 πολλοῦ
3347 1196 3461 1248 δεῖο
3493 1194 3598 1246 οὐκ
3624 1192 3703 1256 ἑξ-

2110 1306 2228 1342 εστι
2260 1289 2357 1359 μὲν
2383 1289 2492 1361 γὰρ
2515 1289 2625 1343 οὐδ’
2642 1290 2780 1353 ὅλως
2810 1289 2987 1358 οἰκείᾳ
3009 1290 3190 1360 κρίσει
3213 1290 3309 1341 καὶ
3338 1290 3479 1358 ὁρμῇ
3509 1289 3701 1356 ἀνερε-

2112 1379 2436 1449 θισόμενονο
2497 1378 2719 1432 ἐπειδὰν
2774 1378 2833 1431 δὲ
2880 1378 3011 1442 Θεὸς
3060 1378 3261 1449 κελεύῃ
3309 1380 3404 1431 καί⁵
3454 1376 3703 1447 ήψῆφος

2111 1473 2319 1527 ἄνωθεν
2342 1471 2580 1542 φέροιτο,
2613 1471 2675 1524 ού
2716 1470 2875 1541 μόνον
2902 1470 3003 1523 οὐκ
3033 1469 3146 1540 ἔχει
3174 1467 3359 1541 χώραν
3389 1469 3448 1522 τὸ
3476 1469 3597 1522 Οὐκ
3624 1466 3705 1529 ἐξ·

2112 1582 2281 1629 εστιν,
2318 1563 2455 1617 ἀλλὰ
2504 1564 2599 1617 καὶ
2642 1562 2743 1633 τὴν
2772 1560 3207 1632 παρημεληκότα
3238 1560 3453 1631 πικρῶς
3499 1561 3533 1629 ἡ
3579 1558 3703 1625 δίκη

2119 1656 2468 1725 μετέρχεται.
2512 1653 2805 1725 Ἑκάτερον
2852 1648 2945 1706 οῦν
2981 1651 3092 1704 τῶν
3147 1649 3310 1722 ίερῶν
3356 1649 3705 1720 γραμμάτων

2119 1745 2475 1816 παράδειγμα
2516 1743 2615 1815 τὴν
2660 1742 2928 1797 δοκοῦσαν
2961 1742 3279 1797 ἐναντίωσιν
3325 1739 3707 1803 ἀποσκευάζεο

2116 1851 2240 1889 ται·
2267 1834 2329 1887 τὸ
2363 1833 2463 1905 μὲν
2493 1834 2558 1887 ὲκ
2582 1833 2681 1903 τῆς
2710 1831 2802 1886 τοῦ
2829 1831 3125 1886 άνευθύνου
3156 1834 3252 1885 καὶ
3283 1828 3587 1884 ύπευθύνου
3617 1828 3707 1897 δη-

2117 1927 2289 1982 λονότι
2318 1926 2718 1998 περιστάσεως.
2746 1924 2808 1980 τὸ
2832 1925 2891 1979 δὲ
2922 1924 3074 1995 παρὰ
3094 1924 3195 1997 τὴν
3224 1923 3377 1978 θείαν
3403 1923 3585 1993 ψῆφον
3615 1922 3709 1976 καὶ

2116 2020 2178 2075 τὸ
2208 2020 2552 2090 ἀνθρώπινον
2575 2021 2829 2091 ὅρμημα.

2187 2108 2251 2165 δ’.
2287 2110 2468 2164 Πολλὰ
2512 2110 2570 2163 δὲ
2608 2110 2704 2164 καὶ
2744 2109 2882 2165 ἄλλα
2915 2108 3014 2180 τὴν
3050 2109 3108 2162 ὲν
3135 2107 3318 2171 ἄλλοις
3356 2106 3539 2178 μάχην
3575 2124 3709 2177 προ-

2120 2202 2400 2272 φαίνοντα,
2453 2200 2565 2255 τῶν
2609 2200 3017 2272 περιστατικῶν
3065 2200 3241 2270 ὀρθῶς
3292 2198 3705 2272 διακριθέντων,

2120 2294 2199 2356 είς
2223 2291 2546 2361 συμφωνίαν
2578 2290 2898 2361 μεθίσταται
2920 2306 2935 2320 ο
2965 2289 3095 2343 ἄλλο
3120 2289 3177 2342 δὲ
3204 2290 3415 2358 γίνεται
3447 2288 3581 2342 ποτὲ
3612 2289 3709 2359 μὲν

2121 2384 2273 2455 παρὰ
2313 2382 2406 2438 τὸν
2447 2383 2634 2448 τόπον,
2665 2382 2793 2436 ἀλλο
2825 2399 2886 2436 τε
2913 2381 3064 2452 παρά
3094 2381 3183 2433 τὸν
3216 2381 3425 2450 χρόνον,
3457 2380 3632 2434 ἐνίοτε
3658 2380 3711 2431 δὲ

2121 2477 2215 2530 καὶ
2258 2477 2411 2545 παρὰ
2445 2476 2507 2529 τὸ
2544 2475 2863 2546 πρόσωπον.
2892 2475 3046 2545 Ἔχει
3078 2474 3178 2544 μὲν
3208 2469 3302 2527 οῦν
3346 2474 3437 2527 καὶ
3463 2476 3491 2527 ό
3520 2474 3711 2543 χρόνος

2121 2567 2384 2639 διαφορὰς
2419 2570 2520 2622 οὐκ
2550 2568 2761 2637 ὀλίγας,
2794 2568 2927 2622 πολὺ
2959 2568 3016 2621 δὲ
3040 2568 3100 2620 τὸ
3127 2567 3421 2640 πρόσωπον
3449 2567 3672 2631 πλείους
3695 2583 3708 2598 ο

2121 2661 2361 2734 ἄρχοντα
2384 2663 2475 2716 καὶ
2497 2662 2802 2733 ἀρχόμενον
2820 2677 2835 2692 ο
2863 2661 3175 2730 εἰσάγοντα,
3205 2662 3563 2731 εἰσαγόμενον
3582 2677 3598 2692 ·
3625 2677 3711 2714 τε·

2122 2758 2392 2824 λειοῦντα,
2438 2756 2845 2826 τελειούμενονο
2892 2756 3164 2828 μαθητὴν,
3213 2753 3578 2810 διδάσκαλονο
3622 2755 3713 2808 καὶ

2123 2852 2186 2906 τὸ
2211 2851 2385 2907 αἴτιον
2416 2851 2514 2906 καὶ
2534 2851 2595 2904 τὸ
2613 2851 2854 2905 ἀναίτιον
2872 2868 2886 2881 ·
2920 2850 3015 2903 καὶ
3046 2848 3202 2919 κοινὴ
3232 2848 3394 2902 πάλιν
3416 2846 3509 2901 τοῦ
3546 2862 3714 2917 προσ·

2125 2943 2276 2997 ώπου
2332 2945 2496 3015 τομὴ,
2546 2943 2824 3014 μεταϐολὴ
2867 2943 3061 2998 τούτου
3098 2943 3192 2997 καὶ
3225 2941 3550 3010 ύπαλλαγή·
3591 2940 3714 2994 ἄλλο

438 3045 607 3095 seua;
644 3032 750 3085 alia
807 3049 1000 3087 rursus
1063 3049 1187 3086 cum
1240 3034 1332 3086 uni
1384 3034 1465 3087 rei
1507 3034 1614 3087 alia
1671 3036 2021 3104 supponitur.

439 3117 617 3135 ν...
902 3122 1089 3135 .._..
1224 3122 1353 3135 η.
1880 3124 1928 3135 ..

2157 3036 2237 3105 ’ἀρ
2266 3030 2405 3098 εἶδος
2429 3036 2796 3100 ἀποτελεῖται,
2822 3034 2914 3088 τοῦ
2938 3036 3104 3106 ἦθους
3130 3036 3231 3106 μὲν
3259 3033 3716 3105 μεταπίπτοντος,

439 3117 643 3183 Veluti,
673 3138 878 3191 regem,
900 3122 1028 3177 fecit
1053 3122 1193 3178 Deus
1224 3122 1467 3187 Saulem,
1500 3132 1556 3179 et
1576 3124 1818 3178 vicissim
1845 3124 2021 3180 eidem

440 3228 667 3284 regnum
715 3214 935 3270 ademit.
973 3235 990 3267 ι
1030 3215 1224 3271 Adhuc
1250 3226 1360 3270 tres
1397 3216 1514 3270 dies
1561 3226 1615 3270 et
1654 3215 1847 3271 Niniv’e
1891 3217 2025 3272 sub-

440 3303 755 3367 vertetur‘;
814 3322 832 3353 ι
896 3311 1177 3372 exspectat
1230 3312 1412 3357 autem
1460 3304 1591 3359 urbs
1658 3305 2025 3374 praestitutum

443 3401 658 3461 tempus
693 3393 861 3447 libera
890 3394 1032 3448 malo
1056 3404 1111 3448 et
1151 3395 1377 3449 illibata.
1422 3394 1689 3450 Sexcenta
1732 3398 1840 3451 alia
1872 3407 2022 3462 sunt,

443 3502 567 3554 qua:
603 3502 698 3555 per
736 3501 950 3540 morum
1019 3488 1376 3542 mutationem
1434 3504 1727 3566 personam
1781 3490 2027 3545 Subdivi—

444 3578 651 3645 deutia,
688 3579 887 3633 mentis
920 3581 1212 3634 tumultum
1261 3580 1328 3635 ad
1370 3582 1608 3650 quietem
1660 3591 1878 3638 vocant.
1906 3581 2025 3637 Jam

445 3671 591 3741 quod
623 3670 801 3725 Aaron
843 3687 1030 3741 pmnas
1060 3688 1167 3727 non
1200 3672 1409 3727 dederit
1437 3672 1654 3728 conﬂati
1695 3673 1872 3741 vituli,
1920 3690 2030 3744 quo

447 3771 688 3831 tempore
716 3761 903 3817 afﬁnes
938 3763 1115 3817 eidem
1143 3763 1361 3819 crimini
1393 3765 1609 3834 gladius
1635 3765 2027 3831 ulciscebatur,

448 3855 500 3909 id
532 3856 731 3924 ipsum,
753 3856 998 3926 inquam,
1032 3857 1157 3912 aliis
1186 3858 1662 3928 causisimpulare
1693 3860 1838 3924 licet,
1866 3868 2031 3929 atque

448 3948 568 4016 ejus
624 3950 698 4002 rei
743 3951 1157 4018 repugnantiam
1205 3952 1271 4005 ad
1326 3952 1635 4021 azquitatem
1697 3953 2029 4022 pertrahere.

450 4038 637 4109 Itaque
666 4056 1024 4107 personarum
1072 4044 1361 4099 diversitas
1410 4061 1516 4098 non
1574 4044 1925 4100 mediocriter
1967 4045 2033 4100 ad

453 4133 828 4187 conciliandas
858 4134 1229 4189 dissonantias
1282 4136 1458 4199 valet;
1498 4134 1946 4205 quandoquidem
1983 4144 2037 4191 et

452 4226 575 4278 alia:
606 4241 692 4279 res
717 4226 858 4279 circa
895 4241 1185 4295 personam
1217 4228 1489 4296 praecipue
1516 4236 1679 4298 atque
1721 4229 1790 4282 ab
1829 4244 1891 4283 ea
1916 4244 2035 4284 mo-

455 4327 699 4371 mentum
748 4320 1049 4388 accipiunt.
1105 4320 1168 4372 Et
1221 4321 1439 4389 quidem
1498 4324 1548 4374 in
1606 4323 1779 4377 sacris
1841 4322 2035 4376 litteris

2126 3126 2219 3181 τοῦ
2246 3127 2541 3197 προσώπου
2568 3128 2624 3181 δὲ
2647 3127 2995 3198 διαμένοντος
3014 3143 3028 3157 ⁸
3057 3126 3154 3181 καί
3183 3127 3370 3197 ἕτερον
3394 3125 3559 3180 πάλιν
3591 3126 3714 3179 ὅταν

2126 3216 2246 3270 ἀνθ’
2277 3218 2467 3288 ἐτέρου
2493 3219 2680 3290 ἕτερον
2716 3218 3087 3291 ὑποϐάλληται
3109 3235 3124 3251 ο
3157 3211 3271 3272 οἷον
3301 3217 3655 3271 ἐϐασίλευσεν
3691 3217 3715 3268 ὁ

2129 3307 2262 3372 Θεὸς
2302 3308 2393 3362 τὸν
2432 3310 2630 3375 Σαοὺλ,
2662 3312 2759 3363 καὶ
2792 3311 2957 3380 πάλιν
2988 3310 3208 3379 ἀφεῖλεν
3238 3309 3399 3363 αὑτὸν
3428 3310 3530 3379 τῆς
3564 3309 3716 3380 βασι-

2129 3400 2277 3465 λείας
2303 3418 2317 3433 ·
2358 3420 2377 3453 ι
2406 3404 2528 3455 Ἔτι
2568 3406 2720 3475 τρεῖς
2761 3404 2837 3474 (9)
2880 3379 3110 3474 ἡμέραι,
3155 3405 3253 3458 καὶ
3301 3401 3509 3473 Νινευὴ
3558 3379 3717 3455 κατα-

2132 3492 2528 3563 στραφήσεται,
2551 3513 2570 3545 ι
2608 3495 2705 3548 καὶ
2735 3496 2887 3565 μένει
2918 3495 3108 3566 χρόνον
3137 3498 3171 3565 ἡ
3199 3495 3353 3559 πόλις
3384 3495 3483 3565 τῆς
3518 3495 3717 3565 προθε-

2132 3584 2298 3653 σμίας
2324 3584 2611 3655 ἐλεύθερος
2640 3586 2735 3639 τοῦ
2772 3586 2981 3650 πάθους
3008 3587 3302 3659 ἀπείρατος
3326 3605 3339 3619 ο
3378 3587 3470 3640 καὶ
3506 3587 3644 3642 ἄλλα
3666 3585 3717 3637 δὲ

2134 3677 2304 3749 μυρία
2339 3680 2405 3749 τῇ
2438 3679 2712 3750 μεταϐολῇ
2746 3680 2855 3733 τῶν
2894 3680 3043 3750 ἠθῶν
3072 3681 3135 3733 τὸ
3168 3682 3459 3753 πρόσωπον
3496 3680 3717 3752 “apt-:6-

2135 3786 2294 3838 μενα,
2318 3770 2427 3822 τῶν
2459 3771 2737 3837 λογισμῶν
2762 3771 2861 3843 τὴν
2889 3773 3077 3826 στάσιν
3105 3771 3263 3827 καλεῖ
3286 3773 3421 3845 πρὸς
3453 3772 3715 3826 διάλυσιν.

2134 3859 2208 3914 Τὸ
2232 3862 2288 3913 δὲ
2315 3861 2409 3914 τὸν
2448 3862 2664 3934 Ἀαρὼν
2699 3865 2772 3935 μὴ
2803 3863 2988 3917 δοῦναι
3021 3864 3179 3932 δίκην
3213 3863 3315 3934 τῆς
3345 3864 3717 3934 μοσχοποιίας,

2131 3957 2219 4008 ὃτε
2265 3955 2325 4007 τὸ
2372 3954 2524 4024 ξίφος
2567 3955 2693 4019 τοὺς
2745 3956 3151 4025 μετεσχηκότας
3184 3956 3283 4025 τῆς
3328 3955 3501 4023 αὐτῆς
3548 3956 3720 4016 αἰτίας

2133 4046 2371 4112 ἐδίκαζε,
2421 4048 2518 4099 καὶ
2560 4048 2640 4109 είς
2671 4046 2839 4110 ἄλλοις
2871 4048 2970 4117 μὲν
3005 4047 3154 4100 ἔστιν
3190 4046 3487 4116 ἀναφέρειν
3518 4046 3719 4108 αἰτίας,

2134 4136 2230 4190 καὶ
2250 4137 2310 4189 τὸ
2333 4136 2657 4189 άντιπίπτον
2685 4136 2894 4189 ἐκεῖθεν
2926 4137 3180 4204 συνάγειν
3213 4138 3289 4199 είς
3320 4136 3380 4190 τὸ
3406 4135 3715 4196 ἀκόλουθον,

2134 4228 2250 4282 ἀλλ’
2277 4224 2369 4282 οὖν
2396 4244 2460 4297 γε
2492 4229 2587 4281 καὶ
2616 4228 2779 4298 ήτῶν
2810 4228 3120 4298 προσώπων
3150 4228 3401 4299 ἑτερότης
3432 4228 3494 4281 οὐ
3530 4227 3718 4300 μικρὸν

2134 4321 2495 4376 διαλύσασθαι
2555 4322 2654 4392 τὴν
2688 4321 3030 4387 ἐναντίωσιν,
3065 4323 3117 4374 εί
3140 4338 3204 4389 γε
3236 4320 3471 4388 μάλιστα
3518 4321 3617 4373 καὶ
3659 4320 3719 4371 τΞι

454 4410 622 4464 multa
661 4421 715 4465 et
747 4411 1005 4480 frequens
1032 4424 1111 4466 est
1153 4412 1225 4467 ob
1271 4428 1517 4481 personae
1566 4417 2034 4470 circumstantiam

2157 4412 2277 4467 ὶλλα
2314 4414 2444 4486 περὶ
2466 4414 2618 4468 αὐτό
2662 4431 2722 4467 τε
2755 4414 2850 4466 καὶ
2881 4414 2941 4477 ἐξ
2969 4414 3131 4465 αὑτοῦ
3159 4410 3423 4483 λαμϐάνει
3456 4410 3558 4481 τὴν
3596 4409 3718 4480 πρόο

454 4506 709 4560 varietas.
746 4505 1041 4575 Complura
1074 4508 1364 4575 item,qua:
1404 4507 1621 4577 dempta
1666 4507 1883 4563 inscitia
1923 4524 2038 4563 ma-

454 4598 639 4653 litiave
693 4599 945 4670 legentis,
978 4600 1110 4653 nihil
1160 4600 1447 4655 dissonum
1488 4600 1710 4665 habent,
1752 4602 2037 4656 nihilomi-

455 4706 559 4745 nus
637 4707 737 4745 ceu
820 4690 969 4745 nullo
1026 4690 1227 4763 cﬂtigio
1304 4692 1725 4747 consonantiam
1794 4693 2039 4750 nancisci

455 4794 678 4851 queant,
714 4784 1073 4854 objiciuntur.

528 4963 582 5018 5.
620 4962 693 5016 Ex
732 4963 1048 5033 hujnsmodi
1083 4979 1214 5033 ergo
1244 4964 1460 5019 inscitia
1488 4963 1572 5017 vel
1609 4962 1817 5017 malitia
1857 4972 2044 5018 manat

460 5058 588 5112 item
621 5057 855 5126 qumstio
889 5058 1000 5122 illa,
1038 5077 1055 5109 ι
1094 5056 1171 5112 Ne
1203 5057 1451 5112 habeatis
1495 5072 1687 5109 zonam
1724 5072 1900 5126 neque
1930 5058 2043 5111 cal-

460 5160 742 5206 Ccamcnta
761 5166 934 5220 neque
951 5166 1166 5221 peram:
1195 5171 1213 5202 ι
1235 5160 1345 5205 tttm
1366 5151 1552 5214 etiam,
1578 5168 1595 5200 ι
1619 5148 1774 5204 Nunc
1795 5166 1923 5203 vero
1945 5150 2039 5219 qui

461 5242 626 5297 habet
652 5257 989 5305 crumenam,
1036 5252 1216 5298 sumat
1266 5242 1468 5310 pariter
1516 5250 1570 5295 et
1630 5257 1815 5309 peram
1855 5260 1867 5296 :
1904 5258 2041 5312 quas

2138 4508 2256 4562 οδον
2281 4525 2294 4539 ·
2329 4508 2467 4562 ἀλλὰ
2502 4507 2638 4561 πολὺ
2683 4506 2783 4579 μὲν
2813 4506 2909 4561 καὶ
2944 4503 3213 4575 πολλαχοῦ
3261 4504 3361 4573 τῆς
3394 4502 3545 4565 θείας
3596 4504 3633 4555 Γ
3641 4518 3723 4573 ρα-

2142 4604 2249 4672 φῆς
2283 4602 2342 4655 τὸ
2378 4600 2623 4654 ποικίλον
2664 4599 2765 4669 τῆς
2807 4600 2865 4653 ἐν
2895 4597 2974 4669 τῷ
3012 4595 3290 4668 προσώπῳ
3319 4595 3719 4665 περιστάσεως·

2141 4693 2237 4746 καὶ
2263 4691 2433 4745 πολλὰ
2459 4691 2609 4761 παρά
2630 4690 2727 4761 τὴν
2753 4689 2977 4759 ἄγνοιαν
3021 4688 3054 4759 ἢ
3101 4686 3438 4756 κακουργίαν
3467 4684 3565 4737 τοῦ
3602 4686 3724 4737 θεω-

2145 4787 2392 4858 ρήματος
2424 4784 2524 4838 οὐκ
2552 4785 2744 4855 ἔχοντα
2781 4783 2983 4854 μάχην,
3016 4781 3091 4844 ὡς
3123 4780 3246 4851 μηδ’
3270 4779 3623 4849 ἀποστροφὴν
3644 4776 3722 4830 εὐ·

2147 4882 2260 4949 ρεῖν
2288 4876 2625 4948 δεδυνημένα
2656 4874 2999 4946 συμφωνίας,
3034 4875 3399 4944 προτείνεται.

2218 4977 2278 5024 ε’.
2340 4971 2435 5023 Ἐκ
2481 4968 2588 5022 τῶν
2638 4967 2898 5021 τοιούτων
2949 4964 3240 5036 τοιγαροῦν
3289 4958 3719 5034 ἀγνοημάτωνῆ

2146 5062 2626 5133 κακουργημάτων
2647 5062 2741 5113 καὶ
2759 5060 2818 5112 τὸ
2841 5078 2858 5110 ι
2880 5059 2973 5131 Μὴ
3000 5058 3151 5128 ἔχετε
3176 5057 3353 5127 ζώνην
3370 5057 3507 5127 μήτε
3535 5053 3723 5120 ὑποδή-

2149 5172 2295 5225 ματα
2311 5155 2448 5226 μήτε
2466 5155 2669 5225 πήραν,
2694 5172 2711 5203 ι
2738 5154 2829 5206 καὶ
2847 5152 2907 5204 τὸ
2926 5171 2943 5202 ι
2964 5150 3122 5203 Ἀ).λά
3134 5149 3228 5202 νῦν
3243 5150 3270 5201 ό
3295 5151 3433 5219 ἔχων
3452 5147 3722 5218 βαλάντιον

2144 5247 2331 5318 ἀράτω
2346 5246 2547 5316 ὁμοίως
2570 5246 2662 5299 καὶ
2688 5246 2870 5314 πήραν
2890 5260 2903 5274 ο
2932 5261 2953 5297 ι
2975 5243 3069 5297 καὶ
3092 5261 3111 5294 ι
3136 5243 3192 5295 '0
3224 5239 3300 5313 μὴ
3325 5240 3464 5311 ἔχων
3492 5240 3723 5311 πωλήσει

529 5358 551 5390 ⁵
582 5356 650 5413 1V
686 5358 819 5429 Reg.
859 5374 920 5421 ιι,
952 5356 1042 5411 24.
1120 5358 1140 5389 ⁸
1171 5355 1235 5410 ill
1295 5355 1427 5427 Reg.
1475 5372 1565 5419 xx,
1608 5356 1700 5410 35.
1778 5359 1799 5389 ⁸
1836 5355 1993 5413 Jonas
2034 5375 2115 5423 ιιι,
2152 5360 2207 5415 4.

1970 5474 2203 5529 NOTAE.

532 5569 609 5640 (9)
651 5569 812 5639 Τρεῖς
851 5584 948 5640 pro
976 5569 1387 5639 τεσσαράκοντα
1446 5566 1618 5640 ιωοθε
1669 5567 1832 5640 etiam
1898 5570 2042 5638 apud

463 5636 808 5695 Theodorum
855 5636 1297 5709 Mopsuestenum
1350 5654 1552 5694 comm.
1610 5639 1662 5693 in
1711 5636 1949 5709 Jonam,'
1987 5650 2043 5694 et

467 5712 610 5781 apud
669 5708 1170 5785 pseudo-(Syrillum
1216 5728 1427 5768 comm.
1490 5726 1643 5782 anque
1672 5710 1752 5767 .iu
1792 5708 1985 5767 Jonam
2022 5728 2036 5778 ;

2151 5569 2590 5627 conciliationem
2619 5566 2913 5636 quamdam
2940 5564 3137 5637 legcsis
3157 5562 3301 5634 apud
3343 5559 3720 5630 Augustinum,

2152 5642 2227 5696 De
2252 5642 2351 5697 civ.
2380 5639 2446 5694 Β.
2486 5654 2640 5703 xvm,
2664 5637 2755 5692 ιιι.
