3916 6192
246 268 318 329 5'3
516 256 517 259 “
1303 256 1402 315 ΑΙ)
1438 249 1823 314 AMPHILOC

1935 246 2031 307 ΠΜ
2070 242 2413 316 ΟΙΗΕΒΤΙΟ
2443 242 2495 303 Ῐ.
3433 230 3500 295 54

245 382 318 433 τὰ
339 377 525 446 ἱμάτια
544 370 708 428 αὐτοῦ
738 371 829 426 καὶ
846 368 1105 439 ἀγοράσει
1130 367 1463 437 μάχαιραν,›
1495 366 1569 428 ὡς
1600 364 1819 417 ὲναντία

1935 347 1967 414 si
1992 374 2117 428 quis
2140 372 2250 411 non
2285 355 2469 418 habet,
2506 353 2830 409 vestimenta
2855 368 2953 407 sua
2995 349 3192 406 vendet
3233 348 3499 419 gladium.

246 465 647 536 προϐάλλονται
672 463 766 515 καὶ
797 460 1099 531 μαχόμενα.
1136 457 1277 526 Ἐγὼ
1295 457 1351 511 δὲ
1370 457 1521 509 οῦπω
1552 458 1648 525 μὲν
1677 453 1819 518 λέγω

247 560 321 612 τὰ
355 556 510 622 ἄλλα,
546 555 660 607 ἀλλ’
684 555 878 613 ἐκεῖνο,
913 552 1031 614 πῶς
1062 553 1095 621 ή
1135 550 1244 603 τῶν
1281 549 1459 620 ῥητῶν
1496 546 1693 615 ἐφεξῆς
1727 545 1821 596 καὶ

249 645 396 697 κατά
439 641 718 711 συνέχειαν
758 639 1006 700 σύνθεσις
1053 639 1153 690 οὐκ
1198 636 1464 689 ἐδυσώπει
1497 636 1685 705 φυγεῖν
1722 633 1820 700 τὴν

249 734 355 802 τῆς
393 732 567 799 μάχης
599 727 886 797 ὑπόληψιν,
924 726 1287 795 παραπέμπει
1323 723 1381 776 δὲ
1416 722 1615 792 μᾶλλον
1648 718 1821 771 ἐλθεῖν

252 822 347 872 ἐπὶ
371 820 598 887 ζήτησιν
634 817 727 869 καλ⁹
746 816 805 867 τὸ
830 814 990 883 βάθος
1017 812 1317 883 ἀνιχνεύειν
1343 810 1437 863 τοῦ
1470 807 1823 878 προστάγμαε

247 927 382 975 cog;
422 910 573 978 Ἀμα
607 907 717 978 γάρ
756 907 847 959 καὶ
876 909 933 958 ὲν
961 904 1037 974 τῷ
1068 904 1265 971 ἀκαρεῖ
1291 903 1426 971 μήτε
1451 899 1620 969 λήθης
1653 899 1821 966 ὲμπι-

249 1001 517 1071 πτούσης,
573 1001 707 1068 μήτε
760 995 983 1066 γνώμης
1036 994 1397 1063 ἀστατούσης,
1448 993 1508 1044 ού
1553 990 1660 1061 μὴν
1699 988 1823 1041 οὐδὲ

253 1094 387 1161 βίας
414 1090 721 1161 ίσχυούσης,
758 1088 870 1142 ἀλλ’
891 1088 998 1140 οὐδ’
1026 1089 1194 1157 ἀκοῆς
1221 1085 1281 1137 τὸ
1309 1084 1563 1153 διάφορον
1587 1080 1824 1135 ὑποϐαλ-

250 1187 506 1256 λομένης,
545 1183 661 1245 πῶς
706 1181 829 1248 ὲνῆν
859 1179 951 1232 τὸν
980 1177 1141 1231 αὑτὸν
1166 1175 1426 1229 τάναντία
1468 1169 1825 1242 ἐπισημαινόο

255 1296 420 1350 μενον
450 1276 759 1346 νομοθετεῖν
794 1271 1064 1342 αἱρεῖσθαι
1087 1269 1123 1323 ἀ
1150 1269 1242 1322 καὶ
1272 1266 1493 1336 φεύγειν
1519 1264 1822 1335 προσέτατ-

250 1389 381 1435 τεν;
436 1367 576 1422 Ἀλλ’
607 1364 946 1433 εὐγνώμονος
996 1362 1094 1429 μὲν
1129 1360 1256 1420 ῐσως
1297 1358 1361 1410 ἂν
1391 1356 1475 1425 εἴη
1519 1354 1703 1408 λαϐεῖν
1736 1354 1825 1405 ὲν-

251 1460 445 1514 τεῦθεν
486 1458 585 1525 τῆς
624 1453 855 1526 Θεωρίας
895 1450 1151 1504 ὑπόθεσιν
1173 1464 1187 1479 ο
1212 1448 1272 1499 τὸ
1305 1442 1363 1499 δὲ
1395 1447 1489 1499 καὶ
1528 1443 1710 1515 ῥητῶς
1734 1444 1826 1496 τὸν

253 1551 447 1622 χρόνον
469 1547 711 1617 ἀμείϐειν
738 1545 963 1605 καὶτοῖς
991 1537 1398 1613 ῥᾳδιουργοῦσιν
1420 1537 1823 1605 ἀντιστήσεται·

252 1646 337 1696 ὅτι
368 1642 476 1711 γάρ
511 1656 697 1709 φησιν,
738 1656 755 1687 ι
778 1632 1101 1688 Ἀπέστειλα
1144 1631 1288 1700 ὑμᾶς
1313 1644 1327 1659 ⁸
1367 1656 1439 1668 --
1464 1628 1578 1681 Νῦν
1602 1626 1659 1679 δὲ
1683 1624 1826 1693 λέγω

1921 466 2026 519 que
2055 461 2218 505 emet.
2270 468 2289 500 ι
2324 447 2436 517 Ego
2464 461 2613 511 vero,
2650 446 2774 501 aliis
2804 445 3020 499 interim
3087 443 3331 506 omissis,
3374 440 3506 494 illud

1920 556 2076 611 rogo,
2114 557 2212 593 cur
2241 555 2346 593 non
2379 553 2443 592 ea
2479 553 2601 607 quas
2652 536 2727 591 ibi
2781 542 3182 604 consequenter
3228 531 3504 591 dicuntur,

1922 640 2325 699 contextusque
2366 637 2664 689 structura,
2713 625 3025 681 suffecerint
3092 623 3159 677 ad
3215 622 3507 676 excluden-

1920 723 2045 777 dam
2075 736 2295 775 omnem
2320 719 2693 790 repugnantia?
2720 719 3067 788 opinionem;
3100 718 3211 770 imo
3244 729 3371 767 vero
3393 728 3501 765 non

1924 813 2245 883 impulerint
2269 810 2337 865 ad
2372 811 2765 879 exquirendum
2802 810 3078 878 altiusque
3127 804 3502 876 vestigandum

1921 911 2176 982 praecepti
2208 923 2432 965 sensum
2464 907 2768 961 arcanum?
2820 904 2978 958 Nullo
3019 904 3163 959 enim
3216 900 3500 968 interiecto

1922 1000 2184 1070 temporis
2216 999 2412 1068 spatio,
2442 1013 2617 1067 neque
2651 997 2981 1065 subrepente
3007 995 3301 1055 oblivione,
3331 1004 3503 1060 neque

1924 1092 2121 1147 mentis
2152 1090 2542 1153 inconstantia,
2575 1104 2751 1156 neque
2784 1089 2833 1141 vi
2862 1088 3043 1156 aliqua
3072 1087 3381 1153 ingruente,
3411 1099 3505 1135 ne-

1923 1199 2030 1254 que
2056 1197 2279 1237 rumore
2297 1180 2546 1249 quolibet
2570 1193 2683 1231 rem
2722 1176 2994 1232 diversam
3029 1175 3375 1244 subjiciente,
3408 1172 3502 1241 qui

1926 1272 2041 1326 ﬁeri
2072 1280 2282 1341 poterat
2331 1279 2391 1326 ut
2429 1270 2570 1325 idem
2612 1269 2888 1324 contraria
2941 1266 3270 1337 approbans,
3313 1265 3501 1319 eadem

1925 1361 2359 1429 facerejuberet,
2394 1376 2516 1431 quae
2572 1375 2762 1414 cavere
2810 1359 3202 1428 imperaverat?
3245 1357 3358 1411 lmo
3400 1356 3501 1421 ho-

1926 1452 2093 1506 minis
2122 1452 2407 1521 prudentis
2441 1451 2547 1505 erit
2599 1450 2729 1505 hinc
2773 1465 2991 1504 sumere
3032 1449 3365 1518 explicandae
3428 1446 3502 1500 rei

1927 1553 2331 1613 argumentum.
2378 1541 2515 1597 Illud
2550 1542 2715 1596 etiam
2760 1540 3248 1595 contradiceulium
3297 1538 3501 1591 levitati

1928 1636 2267 1700 adversatur,
2298 1635 2443 1705 quod
2476 1635 2695 1689 diversa
2729 1642 2969 1702 tempora
3002 1633 3205 1686 diserte
3246 1630 3504 1685 Servator

254 1735 388 1803 ὑμῖν
407 1749 422 1763 ο
457 1752 475 1783 ι
506 1731 649 1800 ἄλλῳ
676 1730 734 1783 δὲ
769 1728 861 1781 καὶ
888 1726 1032 1796 ἄλλῳ
1070 1722 1246 1792 καιρῷ
1276 1720 1466 1791 ἑτέραν
1510 1720 1605 1771 καὶ
1635 1717 1828 1787 ἑτέραν

1935 1727 2145 1793 innuit;
2196 1742 2321 1781 cum
2376 1726 2544 1791 enim,
2605 1725 2815 1796 inquit,
2853 1743 2872 1777 ι
2911 1724 3029 1779 Misi
3080 1740 3209 1788 vos;
3243 1754 3312 1773 --
3348 1720 3505 1776 Nunc

254 1822 579 1894 ἐναρμόζειν
600 1818 842 1889 ἐντολὴν,
873 1818 933 1871 οὐ
970 1815 1128 1886 μόνον
1161 1812 1313 1866 οὐδὲν
1334 1809 1693 1875 ἀτοπον,.ἀλλ’
1713 1810 1826 1861 ἐσθ’

254 1919 344 1971 ὅτε
372 1916 569 1986 μᾶλλον
598 1913 939 1981 οίκειότερον,
976 1908 1010 1978 ἢ
1037 1906 1089 1960 εί
1114 1922 1198 1968 τις
1222 1906 1295 1957 τὰ
1320 1903 1457 1956 αὐτά
1480 1902 1827 1973 προστάττει,

253 2009 353 2062 τοῦ
376 2008 517 2061 κατά
542 2006 633 2060 τὸν
662 2003 853 2076 καιρὸν
880 2000 1135 2071 διαφόρου
1163 1996 1222 2063 ἐξ
1260 1996 1504 2066 ἀνάγχης
1539 1993 1828 2066 ζητοῦντος

254 2100 507 2170 διάφορα.

329 2276 404 2341 ς’.
450 2274 609 2327 Ἀλλὰ
640 2273 750 2343 γάρ
784 2271 927 2326 οὕτω
955 2271 1067 2325 τῶν
1100 2270 1404 2343 εἰρημένων
1432 2267 1829 2339 διεσκευασμέ-

255 2386 385 2433 νων,
424 2368 565 2430 τινὲς
596 2366 957 2461 προκελίμενον
980 2363 1327 2433 ἐπιλυόμενοί
1366 2381 1499 2432 φασι
1534 2361 1625 2414 τὸν
1650 2360 1827 2413 κοινὸν

256 2461 533 2530 Δεσπότην
566 2460 693 2521 τοὺς
728 2453 969 2528 μαθητάς
1010 2456 1178 2509 πάλαι
1225 2454 1324 2526 μὲν
1360 2453 1825 2524 παιδοτριϐοῦντα,

258 2555 356 2606 καὶ
402 2551 539 2621 πρὸς
590 2552 651 2603 τὸ
692 2550 793 2619 τῆς
834 2548 1221 2617 ἀκτημοσύνης
1270 2547 1558 2614 εἰσάγοντα
1593 2546 1827 2608 στάδιον,

260 2644 430 2715 μηδὲν
457 2644 637 2705 αὐτοῖς
666 2642 773 2695 τῶν
802 2641 1083 2712 προσύλων
1106 2642 1199 2693 καὶ
1224 2641 1402 2710 χαμαὶ
1425 2638 1710 2693 καθέλκειν
1737 2638 1828 2691 δυ-

256 2736 507 2804 ναμένων
538 2734 826 2804 ἐπιτρέψαι
856 2731 1300 2801 συνεφέλκεσθαι,
1332 2731 1453 2801 μηδ’
1485 2732 1550 2783 ἀν
1574 2730 1661 2799 εἴη
1689 2724 1769 2792 οἷς
1801 2730 1829 2782 ὁ

261 2828 402 2897 ῥέων
429 2825 541 2896 βίος
576 2820 730 2882 οὗτος
771 2826 864 2878 καὶ
901 2822 1033 2895 πρὸς
1061 2822 1159 2894 τὴν
1190 2821 1393 2892 φθοράν
1424 2820 1662 2875 ἐλαύνων
1701 2836 1828 2872 συν-

259 2919 445 2989 έχεται
468 2935 482 2951 ο
518 2917 678 2971 εἴωθε
707 2918 815 2987 γὰρ
838 2916 1094 2979 πολλάκις
1124 2916 1218 2969 καὶ
1246 2914 1480 2985 μάλιστα
1506 2915 1617 2975 τοῖς
1646 2911 1830 2965 ἀτελε-

260 3009 475 3079 στέροις
500 3008 532 3079 ἢ
556 3009 665 3061 τῶν
694 3008 1005 3076 ἀναγκαίων
1028 3007 1289 3077 μέριμνα,
1312 3004 1536 3060 καὶτῶν
1561 3002 1828 3074 περιττῶν

258 3102 357 3154 καὶ
390 3101 531 3171 ὑπὲρ
562 3099 661 3172 τὴν
697 3098 884 3170 χρείαν
917 3098 1017 3169 τὴν
1056 3098 1293 3168 σπουδὴν
1326 3096 1445 3149 κατ’
1474 3096 1652 3164 ὀλίγον
1702 3112 1829 3148 συν-

258 3192 637 3262 επισύρεσθαι,
666 3192 759 3244 καὶ
787 3190 987 3261 πολλὴν
1019 3193 1082 3261 τῇ
1107 3190 1251 3260 ψυχῇ
1275 3188 1373 3259 τὴν
1392 3188 1570 3259 λύμην
1597 3203 1833 3259 συγκατ-

258 3284 610 3357 εργάζεσθαι.
644 3283 743 3336 Διά
783 3283 960 3347 τοῦτο,
988 3282 1173 3351 φασὶν,
1200 3284 1228 3333 ὁ
1270 3281 1459 3351 Σωτὴρ
1492 3280 1614 3349 ἄρτι
1658 3295 1827 3349 μυστ-

259 3375 668 3443 αγωγουμένοις
700 3374 899 3426 ἀπεῖπε
936 3372 1057 3425 τότε
1097 3371 1262 3441 μηδὲν
1282 3372 1395 3433 τοῖς
1426 3370 1693 3440 μαθηταῖς
1721 3369 1831 3422 τῶν

257 3468 465 3537 γηΐνων
486 3464 581 3519 κα)⁸
600 3463 925 3533 σωματικῶν
948 3462 1388 3530 συνεφέλκεσθαι’
1417 3462 1638 3531 ὓστερον
1657 3460 1715 3514 δὲ
1739 3459 1831 3513 τὸν

258 3560 448 3626 ἀγῶνα
478 3558 794 3628 διηνυκότας
824 3555 1167 3624 ἀνύϐριστον,
1206 3555 1299 3607 καὶ
1338 3556 1531 3624 πεῖραν
1570 3555 1693 3607 ὅσον
1724 3553 1830 3606 ἔδει

258 3649 451 3710 δόντας
474 3649 531 3699 ἐν
552 3641 633 3709 οἷς
666 3645 758 3699 τοῦ
786 3643 1047 3713 σαρκικοῦ
1080 3643 1510 3713 κατεφρόνησαν,
1552 3641 1631 3695 ἔτι
1655 3642 1710 3695 δὲ
1738 3643 1831 3695 καὶ

256 3739 355 3792 τοῦ
380 3738 643 3809 σωτηρίου
664 3735 868 3800 πάθους
885 3734 1072 3788 λοιπὸν
1094 3733 1406 3804 ἑστηκότος,
1435 3733 1551 3803 μεθ’
1574 3733 1602 3787 ὃ
1620 3732 1830 3787 πολλῶν

259 3830 588 3900 πειρασμῶν
631 3829 851 3898 νιφάδες
897 3828 1022 3890 τοὺς
1064 3826 1368 3895 ἀγωνιστάς
1405 3826 1829 3896 περιστοιχίζειν

258 3925 505 3991 ἠφίεντο,
534 3924 626 3976 καὶ
656 3920 860 3992 χειμὼν
900 3920 1268 3982 ἀνυπόστατος
1304 3918 1558 3988 διωγμῶν
1595 3920 1689 3972 καὶ
1721 3917 1832 3971 θλί-

258 4015 409 4083 ψεων
441 4015 751 4083 ὑπεδέχετο,
785 4012 874 4065 διὰ
899 4011 1070 4065 ταῦτα
1094 4011 1193 4081 τὴν
1223 4010 1329 4063 τῶν
1362 4009 1599 4081 μετρίων
1637 4010 1831 4081 κτῆσιν

259 4108 360 4161 καὶ
388 4106 425 4160 ἀ
459 4107 747 4177 συγκροτεῖ
772 4107 868 4174 τὴν
896 4103 1038 4174 ζωὴν
1066 4103 1139 4172 μὴ
1172 4103 1512 4174 διαρρυῆναι,
1536 4103 1828 4171 συγχωρεῖ.

260 4197 370 4251 Τοῦ
400 4198 507 4270 γάρ
526 4198 621 4266 τῆς
638 4195 1071 4267 φιλοχρηματίας
1092 4193 1296 4255 πάθους
1323 4193 1431 4245 τῶν
1460 4192 1831 4246 ἀποστολικῶν

258 4288 411 4359 ἠθῶν
449 4305 507 4340 τε
543 4288 635 4339 καὶ
668 4287 884 4356 τρόπων
909 4284 968 4349 ἐξ
1000 4285 1170 4353 αὐτῆς
1206 4282 1463 4354 κρηπῖδος
1494 4283 1833 4354 ἀνατραπέν-

1929 1829 2111 1873 autem
2150 1818 2274 1875 dico
2309 1817 2485 1872 vobis.
2528 1834 2546 1867 ι
2577 1816 2695 1871 1am
2720 1818 2866 1887 quod
2896 1816 3128 1871 diversis
3157 1814 3496 1884 temporibus

1934 1909 2151 1963 diversa
2184 1917 2452 1978 praecepta
2500 1916 2825 1977 congruant,
2875 1923 2985 1961 non
3039 1906 3216 1961 solum
3269 1921 3379 1959 non
3421 1912 3506 1958 est

1930 2000 2250 2063 absurdum,
2288 2015 2479 2053 verum
2504 1999 2669 2053 etiam
2716 2000 3048 2069 quandoque
3094 1998 3295 2067 aptius,
3339 2011 3500 2064 quam

1930 2092 1977 2147 si
2006 2093 2129 2161 quis
2159 2092 2345 2146 eadem
2386 2092 2634 2162 imperet,
2662 2093 2876 2147 etiamsi
2922 2090 3210 2146 diversitas
3247 2089 3505 2159 temporis

1931 2184 2243 2239 necessario
2266 2183 2535 2237 diversam
2566 2199 2677 2238 rem
2719 2184 2975 2254 postulet.

2005 2279 2056 2329 ϐ.
2099 2274 2230 2340 Quae
2256 2290 2380 2328 cum
2434 2274 2508 2329 ita
2559 2292 2617 2329 se
2645 2276 2901 2337 habeant,
2931 2272 3177 2328 nonnulli
3212 2281 3272 2329 ut
3305 2286 3505 2342 propo-

1931 2368 2090 2423 sitam
2120 2370 2475 2436 quaestionem
2506 2367 2741 2432 solvant,
2794 2368 2949 2421 aiunt
3000 2380 3347 2419 communem
3397 2363 3503 2415 Do-

1932 2460 2139 2513 minum
2172 2457 2467 2526 discipulos
2501 2458 2632 2512 olim
2664 2458 2998 2512 erudientem
3047 2469 3207 2525 atque
3264 2459 3315 2509 in
3371 2470 3505 2523 pau-

1932 2548 2154 2618 pertatis
2189 2548 2466 2602 curriculo
2505 2557 2875 2608 exercentem,
2918 2547 3061 2601 titillat
3112 2561 3207 2601 eos
3248 2561 3305 2600 re
3335 2555 3505 2599 mate-

1932 2640 2050 2693 riali
2075 2648 2238 2708 atque
2269 2638 2419 2692 humi
2448 2638 2754 2707 deprimere
2787 2640 2947 2693 solita
2978 2639 3171 2693 sivisse
3209 2637 3405 2706 abripi,
3440 2652 3506 2689 ne

1933 2731 2041 2784 illis
2069 2731 2207 2784 forte
2230 2728 2410 2783 ﬂuxus
2440 2730 2529 2783 hic
2565 2730 2825 2795 mundus,
2867 2731 2960 2799 qui
2992 2730 3059 2783 ad
3094 2729 3372 2783 interitum
3405 2730 3507 2782 du.-

1933 2822 2027 2885 cit,
2054 2822 2375 2875 adhaererct.
2420 2820 2568 2875 Solet
2613 2822 2756 2876 enim
2795 2836 3193 2890 saepenumero,
3236 2822 3506 2891 praecipue

1934 2913 2422 2983 imperfectioribns
2450 2954 2465 2979 ,
2526 2913 2702 2968 victus
2754 2915 3048 2969 necessarii
3092 2928 3265 2977 cura,
3322 2926 3503 2965 rerum

1932 3020 2151 3075 quoque
2174 3004 2570 3074 superﬂuarum
2625 3020 2871 3075 quasque
2917 3020 3051 3059 usus
3109 3021 3214 3057 non
3270 3004 3508 3072 postulat

1934 3098 2191 3167 paulatim
2222 3098 2461 3153 studium
2494 3098 2762 3167 ingerere,
2798 3098 3139 3165 multumque
3191 3096 3387 3150 animae
3417 3096 3509 3147 de-

1931 3193 2241 3247 trimentum
2313 3191 2534 3244 aﬂ‘erre.
2591 3189 2909 3259 Propterea,
2975 3190 3183 3252 dicunt,
3248 3187 3507 3241 Servatur

1930 3300 2103 3354 nuper
2154 3284 2386 3338 initiatis
2442 3282 2728 3352 discipulis
2775 3282 3160 3341 interdicebat,
3204 3280 3502 3350 quominus

1932 3378 2167 3432 terrenis
2193 3377 2358 3432 rebus
2387 3375 2778 3445 corporeisque
2816 3374 3272 3428 distraherentur.
3299 3370 3505 3426 Deinde

1931 3476 2110 3521 autem
2146 3482 2316 3536 agone
2342 3467 2453 3535 jam
2496 3466 2798 3520 honorilice
2852 3476 3095 3535 peracto,
3154 3465 3507 3519 documento-

1930 3573 2037 3627 que
2093 3559 2229 3613 satis
2272 3559 2418 3611 edito
2478 3566 2814 3627 quantopere
2865 3556 3103 3609 carnalia
3166 3563 3504 3623 spernerent,

1930 3648 2212 3703 Dominica
2240 3649 2459 3717 insuper
2497 3649 2746 3714 passione
2788 3646 3047 3709 instante,
3077 3654 3363 3713 postquam
3391 3657 3507 3697 tcn-

1932 3739 2228 3793 tationibus
2251 3737 2557 3791 innumeris
2582 3738 2799 3791 athletae
2826 3736 3217 3805 propemodum
3235 3732 3501 3787 obruendi

1930 3840 2107 3891 erant.
2144 3839 2308 3898 atque
2379 3827 2704 3883 intolerabili
2750 3826 3188 3895 persecutionum
3234 3822 3508 3893 angustia-

1930 3934 2160 3988 rumque
2203 3918 2451 3988 procellae
2507 3916 2834 3986 objiciendi;
2894 3915 3099 3969 idcirco
3147 3913 3376 3967 modicae
3428 3912 3504 3964 rei

1931 4008 2219 4065 familiaris
2277 4024 2589 4079 possessum
2636 4008 2926 4072 concedit,
2984 4022 3093 4075 quo
3144 4005 3350 4059 scilicet
3403 4003 3509 4057 vita

1932 4111 2350 4157 sustentaretur.
2383 4101 2629 4172 Namque
2658 4100 2903 4155 avaritiae
2928 4100 3060 4152 vitio
3100 4114 3161 4152 ex
3186 4096 3503 4167 apostolicis

1932 4195 2179 4250 moribus
2254 4195 2470 4263 vitaque
2548 4194 2794 4248 funditus
2866 4205 3078 4254 everso,
3134 4188 3509 4261 persecutione

1933 4297 2111 4342 autem
2144 4287 2488 4340 vehementer
2515 4295 2677 4355 atque
2726 4285 3126 4338 intolerandum
3174 4281 3228 4334 in
3281 4281 3504 4334 modum

257 4396 375 4441 τος,
398 4379 494 4431 καὶ
520 4377 614 4430 τοῦ
640 4375 879 4445 διωγμοῦ
903 4375 1131 4445 σφοδρὸν
1152 4375 1246 4427 καὶ
1265 4374 1632 4429 ἀνυπόστατον
1656 4377 1828 4426 πνέον-

1935 4379 2120 4443 ﬂante,
2155 4394 2370 4447 aequum
2396 4388 2514 4431 erat
2555 4378 2798 4432 solamen
2850 4375 3071 4445 aliquod
3144 4390 3208 4428 ac
3254 4382 3508 4441 tanquam

258 4488 375 4534 τος,
415 4470 580 4539 ἐχρῆν
625 4485 677 4520 τι
724 4466 1067 4537 παραμύθιον
1106 4466 1184 4528 εἰς
1232 4465 1442 4535 ἐφόδιον
1500 4466 1685 4533 φέρειν
1733 4465 1833 4533 τῆς

258 4559 602 4628 πανταχόθεν
648 4558 1093 4628 ὲπηρεαζομένης
1141 4556 1287 4628 ζωῆς
1311 4575 1323 4590 ·
1360 4560 1455 4611 καὶ
1496 4559 1604 4611 οὐδ’
1632 4560 1688 4612 ἐν
1723 4558 1833 4611 οὐδ’

258 4653 398 4715 ὅλως
426 4651 632 4721 θατέρᾳ,
663 4650 755 4719 τῆς
779 4650 997 4719 ἐντολῆς
1026 4651 1059 4720 ἡ
1083 4650 1243 4718 ἑτέρα
1274 4650 1591 4721 λυμαίνεται
1610 4667 1623 4681 °
1647 4650 1835 4721 ὥσπερ

258 4744 372 4797 οὐδ’
405 4745 459 4797 εί
481 4761 563 4805 τις
594 4741 932 4814 στρατιώτην
966 4744 1105 4811 μετά
1142 4744 1298 4806 νίκας
1342 4745 1433 4796 καὶ
1458 4744 1693 4815 τρόπαια
1726 4744 1835 4796 τῶν

260 4834 577 4905 πολεμικῶν
624 4834 851 4902 ἀγώνων
892 4833 1029 4896 τέως
1076 4835 1306 4902 ἀπάγων
1344 4836 1525 4888 δίδωσι
1559 4838 1701 4888 πιεῖν
1742 4836 1836 4887 καὶ

259 4927 365 4978 ὅσα
408 4925 598 4995 εἰρήνη
640 4924 923 4994 χαρίζεται
947 4941 961 4955 ο
994 4924 1026 4994 ἢ
1062 4926 1115 4977 εί
1148 4942 1230 4987 τις
1263 4927 1343 4989 είς
1384 4925 1701 4978 διδασκάλου
1737 4925 1836 4995 μὲν

263 5014 541 5081 φοιτῶντα
582 5013 767 5075 ἄλλαις
803 5017 1059 5067 συνασκεί
1104 5014 1375 5084 μελέταις,
1419 5017 1507 5067 τὸν
1548 5015 1748 5086 ἔφηϐον
1778 5015 1836 5069 δὲ

262 5106 530 5171 διεξιόντα
575 5104 893 5175 βαθυτέροις
926 5107 1104 5174 νόμοις
1150 5105 1245 5158 καὶ
1274 5106 1631 5176 ὑψηλοτέραις
1671 5108 1837 5174 ἐγγυ-

268 5195 466 5269 μνάζει
502 5198 755 5268 θεωρίαις
780 5212 795 5228 ο
832 5198 923 5251 καὶ
957 5198 1205 5266 ποίμνιον
1230 5199 1328 5268 μὲν
1358 5198 1535 5263 ἄλλοις
1559 5198 1706 5259 ἔθεσι
1743 5199 1838 5251 καὶ

263 5290 491 5359 θεσμοῖς
521 5289 850 5359 εὐθηνεῖται,
876 5290 966 5343 τὸν
997 5290 1233 5361 ποιμένα
1269 5289 1325 5344 δὲ
1361 5290 1460 5360 οὐχ
1510 5291 1543 5361 η
1572 5289 1710 5362 αὑτὴ
1742 5289 1836 5342 τοῦ

262 5381 387 5455 βίου
414 5380 599 5453 τρίϐος
623 5382 958 5437 κατευθύνει.

339 5645 406 5710 ζ’.
456 5646 592 5700 Ἀλλ’
618 5646 760 5703 οὓτω
792 5648 890 5718 μέν
919 5665 1062 5713 τινες
1084 5649 1162 5713 εἰς
1185 5648 1499 5720 συμφωνίαν
1532 5648 1628 5713 τὰς
1654 5650 1708 5703 ἐν
1731 5651 1840 5712 τοῖς

1941 4470 2199 4523 viaticum
2227 4470 2581 4523 circumferre
2619 4468 2746 4521 vitae
2788 4480 3205 4536 quaquaversus
3229 4463 3509 4517 calamita-

1941 4564 2089 4617 tibus
2127 4562 2397 4632 appetitae.
2456 4559 2642 4629 Neque
2691 4561 3013 4613 alterutrum
3066 4567 3389 4626 praeceptum
3441 4554 3511 4606 ab

1941 4654 2109 4708 altero
2142 4669 2367 4724 prorsus
2394 4653 2628 4706 laeditur.
2664 4651 2839 4705 Veluti
2889 4651 2934 4704 si
2967 4649 3090 4718 quis
3122 4646 3341 4699 militem
3390 4657 3511 4713 post

1943 4746 2197 4801 victorias
2226 4754 2391 4815 atque
2444 4754 2643 4814 tropaea
2706 4743 2918 4797 bellicis
2970 4738 3360 4795 certaminibus
3406 4737 3507 4789 ali-

1942 4838 2183 4906 quandiu
2233 4836 2587 4898 subducens,
2649 4844 2777 4904 potu
2834 4840 3104 4887 recrearet
3160 4831 3245 4884 vel
3302 4829 3511 4885 caeteris

1942 4942 2063 4995 quae
2093 4941 2220 4994 pace
2252 4923 2685 4993 suppeditantur.
2729 4921 2826 4977 Vel
2857 4923 2901 4977 si
2930 4922 3055 4992 quis
3098 4935 3322 4988 puerum
3381 4921 3507 4971 dum

1944 5016 1999 5069 in
2033 5014 2158 5068 ludo
2189 5014 2433 5082 magistri
2467 5024 2713 5067 versatur
2754 5013 2920 5066 certis
2947 5010 3271 5080 quihusdam
3304 5007 3511 5060 imbue-

1944 5117 2026 5162 ret
2054 5106 2398 5169 rudimentis,
2440 5115 2551 5159 tum
2601 5120 2729 5161 vero
2782 5106 2835 5159 in
2889 5104 3130 5174 ephebos
3188 5101 3510 5171 productum

1944 5197 2285 5269 gravioribus
2314 5197 2575 5251 institutis
2604 5197 3042 5264 celsioribusque
3069 5193 3333 5247 doctrinis
3356 5206 3514 5245 exer-

1946 5296 2110 5341 ceret.
2145 5285 2389 5355 Denique
2437 5286 2530 5354 qui
2580 5302 2709 5356 grex
2760 5295 2864 5349 est,
2921 5283 3045 5337 aliis
3105 5282 3301 5335 ritibus
3353 5291 3515 5348 atque

1944 5378 2272 5449 praescriptis
2299 5378 2432 5431 bene
2456 5393 2513 5429 se
2547 5377 2735 5443 habet;
2770 5376 2859 5444 qui
2884 5383 3064 5428 autem
3109 5370 3342 5441 pastoris
3396 5385 3515 5423 mu-

1948 5485 2077 5525 nere
2124 5469 2386 5539 luugitur,
2424 5484 2531 5521 non
2579 5468 2769 5522 eadem
2821 5468 2942 5519 vitae
2988 5463 3182 5520 semita
3230 5460 3515 5516 commode

1948 5561 2137 5616 utitur.

2022 5651 2073 5704 7.
2107 5650 2199 5706 Sic
2224 5665 2352 5720 ergo
2376 5648 2622 5704 nonnulli
2656 5646 3063 5716 Scripturarum
3090 5640 3268 5696 varias
3292 5648 3518 5695 sentcn~
