3916 6192
429 285 504 352 55
1593 275 1854 339 PHOTII
1899 277 2404 339 PATRIARCIDE
2448 281 2554 342 CP.
3426 285 3437 294 ’
3628 287 3700 351 ὃὸ

429 395 536 450 tias
605 391 671 446 ad
726 389 1076 447 concordiam
1129 387 1375 443 trahunt.
1435 386 1572 443 Aliis
1605 402 1735 442 vero
1759 387 2011 458 quaedam

2126 390 2302 458 ῥητοῖς
2347 391 2644 460 συνάγουσι
2689 390 2962 457 διανοίαςο
3013 395 3062 447 oi
3087 393 3144 448 δὲ
3194 394 3265 448 τὰ
3296 395 3395 466 μέν
3423 396 3559 450 ἄλλα
3589 398 3702 452 τῶν

427 488 570 548 aliae,
598 492 792 554 prazter
823 482 1133 551 przedictas,
1178 480 1479 535 solutiones
1511 479 1655 534 haud
1687 481 1866 535 minus
1895 481 2015 549 pla-

428 583 575 630 cent.
607 575 773 628 Aiunt
806 573 994 644 igitur,
1048 585 1157 640 quo
1203 579 1448 640 tempore
1495 571 1745 640 discipuli
1777 571 2014 640 primum

426 668 820 722 erudiebantur
863 681 927 720 ac
981 676 1231 734 tyronum
1276 664 1524 717 ordinem
1572 664 1848 721 tenebant.
1875 677 2015 731 Opus

428 762 600 815 fuisse
629 768 686 813 ut
713 757 845 812 nulli
873 757 963 811 alii
991 756 1066 811 rei
1098 766 1306 827 partem
1337 755 1580 809 tribuere
1613 754 2012 823 cegitatiouum

426 856 906 925 permitterentur;
933 861 993 904 ut
1027 850 1286 902 nimirum
1361 847 1428 901 ad
1469 847 1818 902 ediscendam
1853 862 2012 901 exer-

426 946 761 1013 cendamqne
790 942 1099 996 Servatoris
1137 941 1446 996 doctrinam
1487 949 1599 993 tota
1630 947 1813 993 mente
1847 953 2012 993 vaca-

427 1047 590 1091 rent:
629 1035 931 1106 praesertim
973 1035 1102 1103 quia
1120 1034 1382 1102 magister
1413 1032 1529 1100 ipse
1571 1033 1778 1095 aderat,
1813 1046 2011 1099 suppe-

427 1129 742 1198 ditabatque
776 1142 842 1182 ex
906 1134 1150 1195 tempore
1186 1139 1295 1178 non
1329 1123 1507 1178 solent
1555 1138 1618 1177 ea
1655 1122 1776 1176 sine
1802 1123 2004 1191 quibus

425 1224 539 1277 vita
583 1223 712 1286 ruit,
741 1235 931 1276 verum
961 1220 1126 1275 etiam
1161 1233 1357 1272 manus
1405 1231 1595 1272 eorum
1627 1216 1700 1270 ita
1731 1215 2008 1283 implebat,

427 1323 490 1368 ut
518 1313 834 1368 illaboratas
883 1313 1072 1381 epulas
1127 1309 1314 1364 multis
1355 1308 1530 1363 turbis
1582 1307 1846 1376 impertiri
1881 1321 2012 1376 pos-

429 1413 571 1460 sent.
603 1402 706 1458 Sed
731 1403 874 1456 enim
904 1417 1026 1455 cum
1065 1400 1179 1470 jam
1224 1399 1329 1469 ipsi
1385 1397 1827 1467 imperfectorum
1861 1399 2011 1452 rudi-

429 1506 612 1553 menta
652 1495 1045 1560 excessissent,
1095 1502 1259 1562 atque
1295 1508 1326 1546 a
1375 1499 1520 1546 statu
1560 1489 1801 1561 perfecto
1844 1506 2012 1561 prope

431 1592 709 1655 abessent,
757 1591 1016 1659 magister
1047 1599 1228 1642 autem
1258 1587 1605 1657 praesentiam
1629 1601 1782 1641 suam
1815 1588 2009 1642 volun-

431 1670 569 1736 taria
624 1681 960 1750 salutat-ique
1009 1695 1142 1734 nece
1203 1678 1367 1748 paulo
1398 1687 1520 1748 post
1560 1678 1693 1747 ipsis
1721 1687 2010 1748 erepturus

2126 479 2568 549 προτεθειμένων
2592 481 2693 534 οὐκ
2721 480 2941 535 ἔλαττον
2995 484 3287 552 ἀγαπῶσι·
3333 487 3464 554 φασὶ
3504 486 3562 540 δέ
3592 486 3702 541 τῶν

2126 569 2388 640 μαθητῶν
2423 573 2688 642 πρότερον
2720 573 2822 642 μέν
2858 567 3230 646 εἰσαγομένων
3263 577 3355 629 καὶ
3383 578 3699 648 τελειουμέ-

2122 679 2230 714 νων
2273 662 2427 726 τάξιν
2457 663 2785 733 ἐπεχόντων,
2823 665 3119 733 ἀναγκαῖον
3177 663 3316 720 εἶναι
3351 671 3481 738 περὶ
3531 670 3700 739 μηδὲν

2122 753 2250 807 ἄλλο
2278 758 2405 819 τοὺς
2432 755 2728 825 λογισμοὺς
2757 752 3076 828 μερίζεσθαι
3105 760 3446 829 ἐπιτρέπειν,
3489 762 3610 813 ὃλον
3641 761 3700 813 δέ

2119 845 2214 898 τὸν
2251 848 2375 899 νοῦν
2403 847 2540 917 πρὸς
2565 848 2664 918 τὴν
2698 849 2935 918 μάθησιν
2959 850 3066 902 τῶν
3093 851 3378 921 σωτηρίων
3405 852 3498 904 καὶ
3533 869 3700 921 μετα-

2121 937 2356 1009 χείρισιν
2388 939 2797 1010 ἐπεστράφθαι·
2830 940 3005 1005 ἄλλως
3040 959 3099 994 τε
3130 943 3225 995 κα)⁸
3251 941 3346 995 τοῦ
3373 942 3698 996 διδασκάλου

2121 1035 2391 1103 παρόντος
2421 1034 2516 1087 καὶ
2539 1035 2872 1104 παρέχοντος
2899 1036 3262 1104 αὐτοσχεδίως
3285 1037 3385 1106 οὑχ
3405 1037 3500 1088 ὅσα
3533 1036 3699 1105 μόνον

2121 1126 2154 1195 ἡ
2181 1123 2341 1192 φύσις
2369 1123 2469 1177 ούκ
2495 1124 2696 1195 ἔχουσα
2719 1124 2873 1178 λύσιν
2901 1125 3036 1195 ἔχει,
3071 1123 3206 1179 ἀλλά
3231 1125 3326 1178 καὶ
3349 1126 3538 1194 χεῖρας
3558 1123 3701 1176 πολ-

2118 1216 2231 1280 λοῖς
2277 1215 2507 1285 πλήθεσι
2564 1217 2772 1286 τροφὴν
2825 1215 3175 1286 ἀγεώργητον
3223 1213 3697 1284 ὑπηρετουμένας.

2134 1306 2352 1376 Ἐπειδὴ
2385 1306 2442 1358 δέ
2472 1306 2626 1358 αὐτοὶ
2669 1305 2792 1378 μὲν,
2825 1305 2923 1376 τὴν
2956 1305 3065 1358 τῶν
3096 1303 3299 1358 ἀτελῶν
3325 1303 3705 1375 ὑπερανέδρα-

2124 1415 2222 1470 μον
2247 1398 2644 1466 παιδαγωγίαν,
2673 1398 2954 1467 ἐγγυτέρω
2995 1396 3038 1449 δ’
3063 1397 3310 1465 ἐγένοντο
3335 1395 3429 1448 τοῦ
3459 1394 3698 1457 τελείου,

2120 1491 2282 1554 αὐτὸς
2309 1491 2366 1544 δέ
2403 1491 2506 1561 ἤδη
2535 1490 2614 1562 τῷ
2647 1490 2881 1560 ἑκουσίῳ
2918 1489 3013 1543 καὶ
3040 1488 3297 1560 σωτηρίῳ
3343 1488 3560 1557 θανάτῳ
3594 1486 3702 1556 τῆς

2121 1575 2442 1656 σωματικῆς
2492 1584 2692 1646 αὐτοὺς
2741 1583 3070 1651 ἀποστερεῖν
3119 1579 3416 1650 ἐπλησίαζε
3479 1595 3700 1649 παρου-

2120 1678 2260 1742 σίας,
2293 1677 2391 1730 καὶ
2421 1676 2557 1748 πρός
2602 1692 2665 1743 γε
2706 1673 2768 1727 τὸ
2820 1675 3083 1744 κήρυγμα
3126 1673 3308 1736 αὐτοῖς
3341 1670 3698 1743 ἐγχειρίζειν,

430 1783 615 1840 esset;
653 1784 765 1828 tum
815 1773 980 1827 etiam
1040 1771 1483 1841 praedicationem
1519 1771 1713 1825 iisdem
1752 1772 2014 1826 commis-

2126 1773 2212 1822 καὶ
2247 1770 2327 1832 εἰς
2357 1765 2694 1821 διδασκάλων
2736 1764 2830 1817 καὶ
2861 1765 3141 1834 ποιμένων
3173 1765 3466 1834 προνόμιον
3496 1765 3700 1817 ἀναδι-

432 1880 616 1929 snt-us,
673 1875 836 1934 atque
880 1865 947 1928 ad
1014 1865 1404 1935 magistrorum
1455 1871 1850 1934 pastorumque
1875 1879 2014 1933 pra:-

430 1959 734 2029 rogativam
774 1967 1128 2028 promoturus
1152 1975 1167 2025 ;
1201 1967 1329 2011 tunc
1355 1973 1451 2011 eos
1473 1958 2016 2021 admouuit,miuime

432 2065 558 2105 esse
585 2051 809 2104 vetitum
841 2051 1140 2119 quominus
1173 2049 1546 2102 necessarium
1587 2047 1712 2102 vitae
1746 2048 2010 2102 viaticum

432 2157 618 2197 secum
653 2141 889 2196 ferrent:
920 2141 1013 2210 qui
1043 2156 1157 2194 tutos
1187 2155 1252 2193 eo
1295 2151 1536 2209 tempore
1568 2140 1839 2209 inceptus,
1866 2155 2013 2195 cura:

432 2248 652 2303 quoque
675 2233 902 2286 asseelis
928 2230 1308 2301 impendenda:
1336 2241 1516 2284 ortum
1546 2231 1694 2285 dedit
1719 2248 1734 2298 ;
1781 2232 1832 2286 id
1866 2231 2012 2300 quod

433 2340 500 2378 ex
528 2323 661 2394 ipsis
699 2323 865 2376 rebus
895 2320 1283 2391 deinde—gestis
1315 2321 1807 2389 cognoscerelicet.
1843 2319 2013 2375 Naut-

434 2430 542 2484 que
568 2423 694 2468 ante
723 2414 885 2484 pedes
912 2414 1283 2482 apostolorum
1312 2413 1489 2482 pretia
1523 2413 1812 2466 domorum
1848 2427 2014 2483 agro-

435 2522 670 2576 rumque
717 2505 877 2560 allata
925 2504 1236 2576 ponebant:
1308 2504 1660 2575 vicissimque
1697 2506 1929 2577 singulis
1960 2506 2015 2560 id

435 2600 579 2670 quod
612 2599 733 2653 usui
762 2608 904 2653 esset
938 2597 1412 2666 suppeditabatur.
1949 2588 1955 2594 ’

508 2693 564 2748 8.
601 2690 834 2760 Insuper
863 2689 1010 2744 aliud
1033 2704 1253 2759 quoque
1275 2688 1533 2758 praeclare
1555 2689 2014 2744 considerandum

435 2786 713 2841 exhibent.
747 2784 972 2839 Crealor
1024 2781 1140 2851 ipse
1201 2782 1448 2835 omnium
1504 2796 1686 2834 rerum
1717 2791 2018 2837 etcouser—

435 2890 613 2944 vator,
654 2877 782 2931 dum
815 2875 964 2929 omni
997 2890 1132 2928 cura
1182 2876 1428 2929 terrestri
1465 2873 1764 2942 discipulos
1793 2888 2014 2944 posses-

439 2986 614 3040 suque
648 2969 889 3035 arcebat,
931 2967 1269 3036 marsupium
1306 2976 1488 3020 tamen
1552 2966 1804 3032 habebat,
1839 2978 1893 3023 et
1919 2969 2013 3038 qui

2117 1860 2322 1926 ϐάζειν,
2355 1858 2631 1913 ἀκώλυτον
2655 1857 2838 1919 αὐτοῖς
2875 1855 3000 1908 τότε
3029 1857 3096 1909 τὰ
3119 1858 3391 1926 ἀναγκαῖα
3421 1856 3519 1925 τῆς
3546 1853 3701 1923 ζωῆς

2115 1952 2302 2021 ἐφόδια
2329 1952 2514 2022 φέρειν
2536 1953 2825 2021 ἀποφαίνει
2846 1954 3037 2018 σῶτερ,
3067 1949 3276 2002 ἐκεῖθεν
3301 1949 3434 2017 φυὲν
3461 1947 3560 2017 τὴν
3588 1946 3697 2015 ἀρ-

2115 2046 2240 2116 χὴν,
2266 2046 2362 2098 καὶ
2389 2047 2488 2118 τὴν
2513 2047 2620 2100 τῶν
2647 2047 3055 2116 διδασκομένων
3088 2043 3344 2115 πρόνοιαν
3376 2037 3698 2107 ἐκαρποφόο

2118 2155 2225 2209 ρει,
2251 2137 2328 2200 ὡς
2357 2139 2445 2190 ἐπ’
2480 2139 2664 2201 αὐτοῖς
2689 2137 2804 2190 ἐστι
2833 2139 2944 2200 τοῖς
2976 2137 3158 2206 ἐργοις
3189 2131 3380 2203 προϊὸν
3409 2131 3569 2183 ίδείν·
3598 2129 3702 2181 καὶ

2116 2229 2225 2300 γὰρ
2253 2229 2405 2299 παρά
2438 2231 2564 2292 τοὺς
2587 2228 2756 2292 πόδας
2782 2227 2890 2280 τῶν
2916 2223 3228 2280 ἀποστόλων
3258 2221 3358 2286 τὰς
3387 2219 3554 2291 τιμὰς
3583 2218 3700 2271 τῶν

2115 2321 2300 2374 οίκιῶν
2327 2321 2420 2375 καὶ
2451 2321 2560 2373 τῶν
2593 2320 2780 2391 ἀγρῶν
2811 2319 3073 2390 φέροντες
3104 2316 3335 2381 ἐτίθουν,
3361 2314 3457 2367 καὶ
3487 2311 3698 2366 ἐδίδοτο

2117 2415 2336 2484 ἐκάστῳ
2359 2413 2482 2468 καθ’
2508 2412 2536 2467 ὃ
2563 2413 2628 2469 ἄν
2660 2429 2745 2476 τις
2776 2412 2969 2484 χρείαν
3002 2405 3166 2480 εἶχεν.

2186 2689 2258 2756 η’.
2297 2683 2459 2737 Ἀλλά
2500 2681 2598 2737 καὶ
2642 2681 2801 2737 τοῦτο
2826 2680 3009 2744 καλῶς
3055 2678 3373 2749 ἐπιθεωρεϊν
3408 2673 3699 2730 ὑποτίθεν-

2116 2795 2231 2832 ται.
2277 2775 2451 2839 Αὐτὸς
2479 2777 2508 2829 ό
2532 2776 2877 2847 Δημιουργδς
2909 2774 3006 2826 καὶ
3043 2770 3304 2841 συνοχεὺς
3342 2767 3440 2821 τοῦ
3469 2767 3697 2830 παντὸς,

2116 2870 2206 2924 ὅτε
2254 2867 2548 2938 συμπάσης
2595 2865 2776 2935 ἀπῆγε
2827 2865 2953 2925 τοὺς
3024 2860 3276 2933 μαθητάς
3327 2856 3701 2930 περιπαθείας

2118 2958 2386 3030 προσύλου
2431 2959 2525 3013 καὶ
2571 2958 2842 3028 κτήσεως,
2886 2954 3275 3023 γλωσσόκομον
3299 2946 3412 3021 εἶχε
3443 2949 3539 3002 καὶ
3569 2949 3702 3010 τοὺς

439 3064 645 3133 aliquid
678 3061 964 3131 injicerent
985 3078 1089 3114 non
1127 3060 1436 3130 respuebat.
1469 3060 1650 3127 Quare
1677 3062 1777 3116 hoc
1799 3071 2017 3131 quoque

2126 3052 2417 3123 βάλλοντας
2464 3049 2790 3119 ἀπεδέχετο·
2836 3047 2978 3100 ὥστε
3035 3049 3095 3099 ού
3148 3045 3213 3097 τὸ
3271 3044 3346 3114 μὴ
3393 3040 3699 3111 κεκτῆσθαι

439 3171 709 3234 praecepto
745 3159 894 3226 haud
943 3173 1166 3228 prorsus
1221 3157 1418 3226 opibus
1479 3156 1773 3222 interdicit,
1828 3157 2017 3211 sedne

441 3257 530 3312 his
565 3255 738 3311 simus
765 3251 989 3308 obnoxii
1017 3267 1080 3306 ac
1107 3249 1275 3305 dediti
1318 3269 1330 3304 :
1397 3263 1523 3302 nam
1556 3257 1610 3303 et
1656 3249 1791 3318 ipse,
1829 3258 1891 3303 ut
1929 3248 2015 3302 di-

440 3348 643 3411 ximus,
703 3359 813 3398 non
885 3343 1130 3397 habendo
1196 3339 1694 3408 habebatznempe
1729 3339 2012 3408 egentium

442 3436 821 3493 tantummodo
847 3450 1031 3499 causa,
1061 3443 1114 3488 et
1133 3433 1201 3487 ob
1217 3447 1405 3488 eorum
1437 3431 1688 3485 solandas
1717 3432 2019 3499 angustias,

444 3542 606 3602 atque
643 3531 708 3584 ad
744 3527 1083 3583 necessitatis
1114 3527 1487 3595 depulsionem
1524 3523 1814 3594 quamdam
1856 3533 2021 3594 atque

443 3621 731 3675 medelam.
768 3617 937 3671 Sicuti
991 3631 1121 3686 ergo
1169 3615 1394 3670 minime
1451 3617 1812 3683 repugnabat,
1840 3613 2017 3683 ipsum

449 3712 591 3766 ferre
667 3709 896 3772 loculos,
965 3707 1072 3762 illis
1138 3707 1301 3764 simul
1350 3706 1672 3760 interdicere
1721 3705 2021 3774 quominus

446 3803 741 3874 quidquam
779 3802 1107 3864 retinerent;
1149 3799 1220 3852 ita
1257 3813 1363 3852 non
1395 3806 1478 3852 est
1509 3799 1864 3860 contrarium,
1891 3798 2020 3851 olim

445 3898 666 3968 quidem
705 3911 802 3949 eos
849 3893 914 3947 ad
979 3907 1234 3962 asperum
1291 3889 1626 3960 paupertatis
1681 3890 2024 3959 arduumque

446 3991 664 4045 culmen
703 3985 1086 4050 contendisse;
1135 3991 1322 4054 postea
1373 3997 1502 4036 vero
1541 3981 1752 4034 modica
1803 3982 1879 4035 rei
1924 3997 2024 4035 ne-

449 4082 698 4134 cessariae
770 4077 1119 4146 possessione
1182 4073 1368 4128 multis
1431 4089 1489 4127 se
1564 4071 2025 4128 sollicitudinibus

447 4171 810 4242 expedivisse,
864 4184 928 4222 ac
983 4181 1322 4222 summarum
1374 4165 1745 4233 angustiarum
1779 4166 2025 4219 solamen

449 4264 770 4319 obtinuisse.
813 4261 917 4315 Sed
956 4267 1153 4329 praeter
1211 4259 1344 4318 haec,
1379 4255 1491 4311 imo
1517 4270 1646 4310 vero
1697 4257 1750 4309 in
1807 4256 2024 4326 primis,

451 4373 575 4412 cum
605 4355 825 4416 videris,
859 4353 1031 4417 aiunt,
1074 4349 1407 4421 paupertatis
1446 4347 1731 4418 praemium
1781 4349 2021 4413 divitias,

2123 3146 2338 3211 ἁπλῶς,
2389 3143 2524 3196 ἀλλά
2553 3143 2612 3194 τὸ
2646 3141 2721 3212 μὴ
2768 3139 2979 3201 τούτοις
3009 3137 3233 3208 ἔχεσθαι
3271 3135 3370 3188 καὶ
3411 3130 3704 3205 προσηλῶ-

2122 3238 2266 3300 σθαι,
2315 3235 2412 3289 καὶ
2440 3233 2530 3287 διὰ
2560 3233 2657 3302 τῆς
2689 3230 2909 3299 ἐντολῆς
2937 3228 3144 3298 ταύτης
3183 3225 3384 3280 κωλύει
3406 3241 3422 3256 ο
3451 3222 3574 3277 ἐπεὶ
3604 3223 3704 3275 καὶ

2121 3331 2305 3394 αὐτὸς,
2347 3329 2537 3398 ῶσπερ
2592 3325 2825 3394 ἔφημεν,
2862 3319 3007 3393 εἶχεν
3039 3323 3139 3375 οὐκ
3163 3320 3336 3390 ἐχων⁶
3374 3319 3563 3372 ἐνεκεν
3588 3316 3700 3385 γὰρ

2119 3423 2229 3479 τῶν
2256 3421 2550 3492 δεομένων,
2584 3420 2679 3472 καὶ
2729 3415 3076 3488 παραμύθιον
3123 3413 3232 3467 τῶν
3277 3408 3698 3483 ἀπορουμένων,

2121 3519 2215 3571 καὶ
2246 3517 2347 3585 τῆς
2371 3512 2621 3583 ἀνάγκης
2649 3510 3002 3581 ἀποστροφήν
3033 3524 3156 3560 τινα
3178 3507 3273 3558 καὶ
3301 3503 3702 3572 λύσιν.”Ωσπερ

2121 3607 2216 3665 οὖν
2261 3609 2363 3664 ούκ
2407 3607 2649 3661 ἐναντίον
2701 3604 2865 3658 αὐτὸν
2902 3601 3001 3673 μέν
3049 3598 3438 3668 γλωσσόκομον
3486 3595 3701 3664 φέρειν,

2122 3702 2366 3764 ἐκείνους
2395 3698 2452 3752 δέ
2503 3697 2668 3769 μηδὲν
2702 3693 3085 3763 συνεπιφέρειν
3114 3691 3251 3753 ὅλως
3302 3685 3699 3757 ἀπαγορεύειν,

2123 3795 2295 3857 οὕτως
2343 3792 2444 3844 οὐκ
2483 3789 2628 3842 ἐστιν
2681 3786 2923 3840 ἐναντίον
2971 3783 3092 3836 ούδέ
3141 3781 3308 3835 πάλαι
3357 3780 3454 3850 μὲν
3500 3778 3703 3841 αὐτοὺς

2124 3887 2262 3958 πρὸς
2299 3885 2360 3938 τὸ
2382 3883 2483 3953 τῆς
2510 3879 2898 3950 άκττδμοσύνης
2925 3875 3099 3947 τραχύ
3125 3893 3184 3928 τε
3214 3875 3307 3929 καὶ⁵
3337 3871 3704 3944 δυσπρόσοδον

2126 3975 2470 4046 ἀνατρέχειν,
2505 3972 2729 4040 ὕστερον
2753 3970 2809 4022 δὲ
2841 3971 2936 4022 καὶ
2967 3971 3032 4038 τῇ
3067 3965 3369 4036 συμμέτρῳ
3396 3963 3508 4016 τῶν
3535 3963 3705 4028 ἀναγ-

2125 4068 2295 4122 καίων
2340 4066 2530 4132 κτήσει
2560 4061 2672 4114 τῶν
2703 4058 2914 4111 πολλῶν
2943 4055 3190 4109 ἀνίεσθαι
3227 4053 3427 4116 πόνων,
3469 4051 3563 4104 καὶ
3600 4049 3706 4118 τῆς

2127 4157 2366 4226 ἐσχάτης
2393 4153 2538 4223 ἐχειν
2569 4147 2916 4221 παραμύθιον
2962 4143 3347 4215 στενοχωρίας.
3402 4141 3561 4194 ’Λλλά
3592 4140 3706 4210 γάρ

2126 4251 2221 4302 καὶ
2265 4247 2403 4317 πρὸς
2445 4243 2677 4307 τούτοις,
2729 4241 2930 4312 μᾶλλον
2975 4239 3032 4291 δέ
3067 4238 3173 4308 πρὸ
3207 4237 3316 4288 τῶν
3369 4232 3702 4305 εἰρημένων,

2127 4341 2254 4395 ὅταν
2297 4339 2432 4411 ἴδῃς,
2463 4319 2747 4406 φασὶ,’τῆς
2781 4329 3170 4400 ἀκτημοσύνης
3217 4322 3380 4380 ἆθλον
3413 4325 3504 4378 τὸν
3530 4323 3705 4376 πλοῦ-

451 4460 566 4504 ιιιιη
595 4450 814 4504 demum
863 4445 1150 4516 cOgitando
1187 4443 1390 4497 clarius
1439 4441 1706 4510 intelliges
1748 4457 1860 4494 non
1898 4457 2018 4495 esse

2127 4451 2237 4497 τον,
2265 4433 2600 4501 σαφέστερον
2640 4426 2706 4479 ἂν
2735 4425 3038 4492 ἐπιστήσας
3069 4420 3279 4490 συνήσῃ
3304 4417 3380 4480 ὡς
3425 4417 3526 4470 οὐκ
3556 4415 3707 4468 ἐστιν

450 4546 566 4600 haec
598 4543 830 4598 iniicem
880 4538 1268 4609 peremptoria,
1321 4551 1496 4606 neque
1535 4551 1776 4605 pugnare
1804 4535 2028 4588 manda-

453 4651 564 4692 tum
590 4652 698 4691 non
725 4633 1036 4704 possidendi
1074 4648 1195 4686 cum
1250 4631 1343 4685 illo
1373 4629 1515 4698 quod
1550 4628 1670 4698 ejus
1704 4628 1780 4682 rei
1813 4626 2024 4696 copiam

451 4730 626 4783 facit:
692 4725 987 4782 dummodo
1043 4723 1194 4793 prius
1249 4720 1382 4775 illud
1425 4720 1491 4774 de
1526 4718 1747 4772 homine
1803 4715 2028 4785 pecunia

453 4819 760 4891 perturbari
815 4818 975 4873 solito
1028 4816 1234 4869 dictum
1282 4822 1476 4884 putes;
1527 4813 1805 4882 possessio
1843 4821 2028 4866 autem

454 4912 532 4964 rei
566 4909 852 4964 familiaris
890 4921 1122 4961 vacuum
1172 4913 1223 4958 te
1275 4901 1688 4972 perturbatione
1737 4900 2028 4968 relinquat.

460 5001 746 5068 Quomodo
804 4999 951 5052 cnim
1001 4993 1198 5049 mentis
1241 4992 1540 5047 liberalitas
1594 4998 1648 5044 et
1696 4988 2032 5058 paupertatis

458 5095 691 5150 sublime
720 5091 958 5147 studium
1004 5088 1354 5157 multiplicem
1401 5100 1565 5155 opum
1618 5082 2034 5150 mirabilemque

459 5187 671 5256 copiam
696 5191 908 5254 pareret
944 5198 1010 5236 ac
1038 5181 1392 5251 germinarct,
1428 5178 1474 5233 si
1513 5178 1650 5232 forte
1680 5174 2034 5244 conﬂigerent

457 5278 602 5331 inter
641 5291 699 5330 se
743 5275 888 5344 justa
931 5271 1209 5344 possessio
1262 5278 1317 5323 et
1376 5265 1714 5338 paupertatis
1754 5263 2036 5318 doctrina?

459 5371 695 5438 Quinatn
729 5383 858 5423 vero
897 5376 984 5421 est
1011 5364 1174 5434 hujus
1200 5361 1278 5416 rei
1319 5359 1511 5415 testis?
1547 5356 1672 5426 quis
1728 5355 1864 5409 adeo
1923 5369 2037 5408 ser-

458 5463 639 5517 monis
679 5459 906 5514 auctor?
945 5456 1203 5511 nimirum
1235 5453 1352 5523 ipse
1402 5448 1711 5505 communis
1752 5446 2035 5501 hominum

460 5553 716 5608 Servator
747 5565 810 5605 ac
869 5547 1150 5605 Dominus.
1186 5545 1281 5614 qui
1338 5542 1555 5613 prepria
1593 5539 1775 5593 omnia
1820 5549 2040 5608 propter

459 5660 587 5698 eum
655 5642 989 5710 deserentes,
1044 5635 1406 5706 centuplicem
1479 5632 1717 5687 fructum
1770 5629 2041 5684 relaturos

461 5737 846 5796 denuntiavit:
911 5751 1086 5807 neque
1143 5733 1407 5790 hactenus
1459 5727 1742 5803 praemium
1803 5729 2039 5782 circum-

2127 4524 2372 4596 ἀλλήλων
2399 4515 2722 4589 ἀναιρετικά
2749 4555 2764 4578 ,
2801 4515 2922 4568 οὐδὲ
2956 4512 3283 4583 διαμάχεται
3311 4512 3344 4580 ἡ
3379 4507 3570 4578 ἐντολὴ
3608 4507 3706 4560 τοῦ

2132 4618 2207 4689 μὴ
2231 4613 2536 4684 κεκτῆσθαι
2563 4609 2698 4680 πρὸς
2724 4608 2824 4676 τὴν
2856 4605 3259 4675 ἐπιτρέπουσαν
3295 4599 3618 4669 κεκτῆσθαι,
3637 4599 3709 4651 ἂν

2128 4711 2189 4763 τὸ
2218 4709 2315 4779 μὲν
2347 4704 2625 4775 συνάπτῃς
2674 4699 2915 4770 δηλονότι
2958 4696 3034 4766 τῷ
3065 4694 3324 4767 ἐμπαθεῖ,
3354 4696 3386 4763 ἠ
3417 4695 3610 4763 κτῆσις
3647 4691 3708 4744 δέ

2135 4818 2213 4854 σοι
2243 4797 2338 4853 τοῦ
2364 4797 2568 4858 πάθους
2599 4792 2901 4864 ἐλεύθερον.
2927 4789 3052 4851 Πῶς
3073 4789 3184 4859 γὰρ
3212 4787 3277 4840 ἂν
3310 4787 3371 4839 τὸ
3396 4785 3709 4854 ἀφιλάργυ-

2136 4907 2228 4962 ρον
2256 4889 2355 4960 τῆς
2384 4885 2609 4956 γνώμης
2639 4884 2735 4937 καὶ
2767 4883 2830 4934 τὸ
2873 4881 2974 4950 τῆς
3019 4883 3158 4950 ἀκτη
3170 4877 3408 4949 μοσύνης
3465 4877 3713 4944 ἀνυπέρ-

2135 4983 2328 5053 ϐλητον
2388 4981 2470 5050 εοίς
2522 4978 2584 5030 τδ
2653 4973 3057 5029 πολλαπλάσιον
3105 4972 3200 5024 καὶ
3261 4967 3714 5039 θαυμασιώτερον

2136 5075 2459 5128 ἐϐλάστανεν
2488 5069 2576 5134 ἂν,
2615 5069 2711 5122 κα)⁸
2742 5064 3114 5136 ἐκαρποφόρει
3162 5065 3260 5134 τῆς
3295 5063 3614 5132 περιουσίας
3650 5061 3718 5113 τὸ

2137 5167 2386 5235 ἄφθονον,
2441 5163 2488 5215 εἰ
2537 5163 2629 5215 διὰ
2687 5162 2865 5230 μάχης
2920 5157 3170 5222 ἀλλήλοις
3220 5157 3254 5224 ἡ
3289 5155 3474 5208 δικαία
3518 5153 3718 5222 κτῆσις

2137 5259 2232 5313 καὶ
2275 5259 2302 5310 ὁ
2353 5259 2451 5321 τῆς
2501 5252 2890 5324 ἀκτημοσύνης
2939 5249 3097 5318 λόγος
3155 5248 3452 5319 προΐεσανς
3485 5246 3718 5307 Καὶοτίς

2143 5353 2386 5425 μάρτυς;
2423 5350 2507 5413 τίς
2534 5348 2591 5400 δέ
2622 5345 2976 5414 παραστάτης
3004 5341 3098 5395 τοῦ
3129 5341 3326 5426 λόγου;
3358 5337 3528 5399 Αύτδς
3549 5339 3577 5390 ὁ
3606 5352 3724 5388 κοι-

2140 5447 2228 5508 νὸς
2257 5445 2350 5496 τοῦ
2378 5442 2568 5511 γένους
2595 5437 2785 5506 Σωτὴρ
2819 5437 2913 5489 καὶ
2945 5433 3242 5499 Δεσπότης,
3271 5430 3330 5492 ὃς
3361 5431 3473 5491 τοῖς
3505 5427 3572 5479 δι’
3613 5425 3719 5478 αὐ-

2138 5538 2228 5591 τὸν
2257 5534 2475 5589 λιποῦσι
2502 5531 2683 5585 πάντα
2718 5532 2787 5582 τὰ
2816 5526 2996 5582 αὐτῶν
3025 5521 3560 5578 ἑκατονταπλασίονα
3615 5519 3722 5588 λή-

2140 5628 2336 5699 ψεσθαι
2390 5620 2795 5696 ἐπηγγείλατο·
2852 5617 2948 5671 καὶ⁹
2994 5615 3116 5668 ούδέ
3179 5612 3343 5682 μέχρι
3389 5608 3597 5662 τούτων
3655 5609 3723 5660 τὸ

2143 5719 2376 5776 ἔπαθλον
2426 5712 2814 5788 περιέγραψεν,
2867 5708 2981 5763 ἀλλ’
3015 5707 3095 5760 ἔτι
3131 5705 3265 5778 πρὸς
3290 5703 3351 5756 τὸ
3386 5700 3590 5773 μεῖζον,
3623 5700 3725 5753 καὶ
