3916 6192
192 214 259 277 57
1198 209 1300 269 AD
1337 204 1541 266 AMPH
1550 200 1738 264 ILOC]

1909 197 1930 257 Ι
1959 197 2306 269 ΟΗίΕΞΤΙΟ
2342 199 2370 257 Ι
3386 190 3455 257 58

191 332 298 386 οὐδ’
331 333 455 385 ὅσον
485 327 632 383 ἔστιν
676 327 852 381 εἰπεῖν
888 323 1096 395 μεῖζον,
1144 320 1351 391 ἐξαίρει
1397 319 1492 370 καὶ
1543 312 1736 384 ὑπερτί

1911 310 2112 379 :ripsit,
2166 311 2260 365 sed
2327 309 2504 381 magis
2555 309 2756 366 extulit
2801 319 2857 365 et
2918 308 3245 374 cumulavit,
3291 309 3364 363 ita
3397 323 3457 368 ut

194 421 319 492 θησι
341 423 466 491 ’τὴν
487 421 598 492 γὰρ
628 419 736 472 τῶν
766 417 1014 488 οὐρανῶν
1045 414 1322 487 βασιλείαν
1353 412 1555 482 κλῆρον
1580 409 1740 461 αὐτοῖς

1915 402 2006 458 ihil
2031 403 2212 473 majus
2237 403 2342 458 dici
2373 410 2572 472 queat:
2611 401 2762 473 regni
2787 401 3040 458 videlicet
3066 402 3306 458 caelestis
3346 403 3461 457 ha:-

193 516 464 582 ἐπιφέρει.
573 548 585 556 -

1870 497 2158 553 reditatem
2194 496 2300 552 illis
2325 495 2541 566 adjecit.

264 607 330 660 θ’.
373 605 610 660 Τοιαῦτα
655 606 755 675 μὲν
785 605 880 660 οὖν
916 605 1013 659 καί⁵
1057 605 1106 658 οἱ
1157 602 1298 674 μετά
1345 602 1472 664 τοὺς
1515 600 1767 671 πρώτους

1938 591 1994 646 9.
2037 588 2162 644 llaec
2191 589 2453 659 aiuntqui
2483 595 2607 656 post
2633 588 2758 644 illos
2786 588 2996 658 priores
3029 586 3162 641 dant
3211 601 3459 657 operam,

193 699 505 764 συμφωνεῖν
523 692 882 766 ,ἀλλήλοιςτά
912 695 1032 763 ἱερά
1058 692 1562 756 κατασκευάζοντες
1585 691 1739 757 λόγια

1917 691 1930 736 t
1959 697 2117 736 sacra
2156 681 2378 736 oracula
2419 681 2561 734 inter
2589 695 2648 734 se
2679 689 3007 733 consonent.
3037 678 3098 731 Et
3120 693 3253 732 sane
3278 678 3463 746 explo-

192 786 290 839 καὶ
323 786 482 856 δῆλον
509 786 585 850 ῶς
622 786 860 858 ἑκατέρα
888 789 1050 858 μοῖρα
1077 786 1164 840 διὰ
1193 786 1293 856 τῆς
1330 785 1474 839 κατὰ
1502 785 1563 838 τὸ
1594 783 1736 853 πρόσ

1915 782 2050 826 itum
2095 781 2178 826 est
2219 780 2429 840 partem
2498 781 2791 841 utramque
2849 785 2879 824 a
2929 784 3174 838 personae
3224 769 3461 823 circurn-

192 895 344 931 ωπον
369 878 743 950 περιστάσεως
774 877 998 933 ἑλκύσαι
1040 877 1140 948 τὴν
1179 876 1330 930 λύσιν
1362 871 1738 942 -ὲνεδυναμὼθ

1915 868 2070 918 ,ίιηιὶιι
2135 865 2201 917 ad
2261 865 2659 918 conciliandam
2723 863 2874 917 dubii
2935 861 3266 916 solutionem
3316 861 3461 914 vires

189 967 288 1021 τοῦ
338 969 729 1039 ἀπορήματος’
770 967 956 1039 ἕτεραι
1003 967 1059 1020 δὲ
1107 967 1238 1037 παρ’
1289 967 1414 1020 ὅσον
1454 963 1732 1034 ὲπήλθομε

1917 956 2144 1026 )lligere.
2181 958 2403 1011 Caetera:
2434 971 2584 1018 vero,
2623 966 2890 1025 quantum
2933 955 3207 1015 novimus,
3238 963 3463 1009 senten-

189 1060 345 1126 δόξαι
391 1061 454 1112 ἐκ
500 1060 609 1114 τῶν
655 1060 837 1113 αὐτῶν
891 1060 989 1128 μὲν
1028 1060 1194 1128 ἐγγὺς
1243 1057 1483 1119 ἐκείναις
1513 1057 1735 1127 ἀφορμᾷ

1915 1066 1960 1103 aa
1987 1063 2055 1104 ex
2087 1049 2279 1104 iisdem
2304 1049 2416 1104 fere
2441 1049 2726 1120 principiis
2759 1056 3018 1112 manant;
3063 1061 3243 1116 neque
3275 1057 3458 1100 tamen

190 1153 352 1223 ἔσχον
403 1153 502 1222 τὴν
537 1153 782 1224 κίνησινο
819 1151 943 1206 οὗτε
971 1152 1027 1204 δὲ
1054 1155 1175 1214 ταῖς
1207 1149 1609 1223 προλαϐούσαις
1644 1147 1736 1201 οὔτ

1925 1154 1988 1194 ve
2014 1155 2142 1194 cum
2173 1140 2452 1210 prioribus
2483 1140 2599 1194 sive
2635 1139 2768 1208 ipsa:
2797 1154 2980 1193 secum
3008 1139 3074 1193 ad
3104 1137 3266 1192 linem
3293 1152 3465 1206 usque

191 1245 334 1311 πρὸς
376 1245 623 1314 ἀλλήλοις
668 1243 738 1296 τὰ
767 1243 908 1296 αύτά
939 1240 1266 1304 διασώζουσι
1310 1240 1475 1312 τέληο
1523 1239 1632 1293 ἀπὸ
1673 1240 1737 1310 μὲ

1918 1235 2251 1290 ansentiunt.
2305 1235 2442 1288 Nam
2493 1239 2549 1287 et
2594 1235 2725 1303 ipsa:
2789 1234 3008 1302 quidem
3041 1247 3072 1286 a
3105 1245 3464 1301 personarum

190 1334 304 1402 γᾲρ
335 1335 436 1402 τῆς
481 1333 588 1386 τῶν
621 1331 931 1403 προσώπων
969 1333 1311 1403 ἑτερότητος,
1345 1332 1439 1385 καὶ
1478 1331 1671 1394 αὑταίς
1711 1349 1736 1382 τ

1913 1328 2190 1382 iversitate
2249 1332 2611 1398 quaestionem
2664 1326 2935 1382 solvunt:
2975 1325 3272 1394 casteroqui
3305 1323 3458 1393 prius

191 1424 403 1494 ἄπορον
430 1423 638 1481 λύεται.
681 1425 916 1494 Λέγουσι
949 1424 1006 1478 δὲ
1041 1424 1138 1496 τήν
1171 1426 1270 1494 μὲν
1301 1425 1579 1496 προτέραν
1619 1426 1737 1478 ἑντο

1917 1431 2248 1489 raeceptum,
2315 1421 2462 1491 quod
2543 1421 2884 1490 paupertatis
2935 1419 3108 1490 legem
3161 1417 3463 1482 sanciebat,

191 1513 450 1583 λὴν,ἦτις
476 1515 566 1566 τὸν
601 1514 699 1584 τῆς
729 1515 1120 1586 ἀκτημοσύνης
1156 1516 1406 1584 εἰσέφερε
1431 1514 1618 1584 νόμον,
1637 1514 1737 1583 πρὸ

1915 1513 2160 1581 iscipulis
2191 1528 2378 1568 revera
2411 1512 2566 1566 aiunt
2597 1513 2881 1574 traditum,
2926 1511 3118 1580 hisque
3143 1511 3278 1565 solis
3321 1523 3459 1563 con-

192 1607 321 1666 τοὺς
355 1605 601 1675 μαθητὰς
634 1606 710 1668 ὡς
739 1606 956 1675 ἀληθῶς
988 1607 1240 1676 εἰρῆσθαι
1261 1648 1274 1668 ,
1306 1605 1578 1669 κάκείνοις
1607 1608 1738 1676 ἐφαρ

1921 1620 2094 1671 ruere,
2131 1622 2232 1660 nec
2273 1622 2381 1660 non
2408 1607 2474 1660 iis
2499 1607 2814 1660 hominibus
2837 1605 2931 1674 qui
2968 1602 3467 1674 religiosiinstituti

196 1696 389 1766 μύζειν
435 1698 640 1767 μόνοις,
680 1700 777 1750 καὶ
818 1699 963 1762 ὅσοις
997 1698 1058 1751 τὸ
1080 1700 1179 1768 τῆς
1213 1698 1533 1768 φιλοσοφίας
1562 1698 1742 1751 ἔντονο

1919 1713 2065 1752 arem
2102 1697 2446 1753 severitatem
2502 1698 2870 1753 insolubiliter
2918 1712 3014 1765 per
3045 1711 3264 1750 onmem
3297 1697 3465 1750 vitam

193 1789 293 1840 καὶ
320 1789 701 1858 παραπλήσιον
733 1791 928 1844 ἄλυτον
950 1789 1038 1845 διὰ
1074 1791 1192 1860 βίου
1227 1790 1406 1860 μένει·
1436 1790 1536 1863 τὴν
1575 1791 1631 1844 δὲ
1651 1790 1739 1842 δευ

1921 1791 2114 1862 mplexi
2146 1799 2292 1847 sunt.
2311 1792 2500 1846 Altero
2528 1805 2710 1845 autem
2737 1790 2992 1845 mandato
3017 1789 3161 1843 haud
3194 1787 3467 1843 inlirmari

192 1883 365 1958 τέραν
398 1882 549 1935 οὐδὲν
598 1884 698 1951 μὲν
727 1888 1054 1953 παρακινεῖν
1086 1884 1178 1937 τοῦ
1214 1886 1344 1955 περὶ
1376 1885 1477 1955 τῆς
1526 1885 1738 1956 ἀκτημο

1923 1885 2034 1938 lunt
2060 1885 2223 1938 latam
2262 1883 2686 1953 perfectioribus
2737 1883 2844 1937 illis
2896 1882 3233 1950 paupertatis
3261 1881 3469 1950 legem;

197 1972 370 2039 σύνης
394 1974 507 2035 τοῖς
535 1971 801 2042 ἀθληταῖς
845 1973 1133 2042 δεδομένου
1167 1975 1356 2045 νόμου,
1390 1976 1683 2046 πρόσωπον
1719 1976 1743 2028 δ

1925 1977 2044 2046 lque
2083 1990 2369 2045 personam
2416 1973 2636 2044 quidem
2673 1972 3006 2043 praetendere
3051 1970 3471 2040 discipulorum,

195 2061 525 2114 ὑποϐάλλειν
579 2061 676 2132 μὲν
724 2061 835 2114 τῶν
881 2062 1163 2133 μαθητῶν,
1215 2065 1295 2127 εἰς
1326 2065 1547 2133 ἑτέρους
1584 2064 1640 2117 δὲ
1677 2065 1741 2133 τὴ

1927 2075 2252 2121 erumtamen
2293 2066 2431 2120 alios
2483 2065 2734 2119 homines
2783 2079 2975 2132 reapse
3024 2072 3294 2132 spectare.
3330 2059 3473 2114 Hac-

195 2153 484 2223 ἀναιροράν
516 2153 683 2223 ἔχειν.
729 2154 868 2207 ’Δὶ-λ’
906 2155 1145 2227 ἑκατέρᾳ.
1199 2156 1306 2228 μήν
1348 2157 1475 2229 δόξῃ
1517 2158 1585 2212 τὰ
1625 2176 1741 2212 κοιν

1927 2174 2044 2213 enus
2085 2158 2366 2213 sententiae
2399 2158 2616 2226 utrique
2659 2171 2953 2212 commune
3023 2153 3230 2224 aliquid
3309 2154 3473 2208 inest.

200 2245 374 2316 μέχρι
401 2244 590 2298 τούτου
610 2262 623 2276 ·
650 2247 897 2316 σχίζεται
923 2247 979 2300 δὲ
1001 2248 1062 2301 τὸ
1079 2248 1264 2302 λοιπὸν
1282 2249 1519 2319 θατέρας
1542 2253 1571 2321 ή
1595 2251 1746 2321 ἑτέρα

1929 2251 2086 2306 eimle
2121 2253 2175 2305 in
2205 2252 2420 2306 diversa
2446 2251 2646 2305 abeunt
2676 2268 2689 2306 :
2731 2249 2933 2304 etenim
2967 2248 3139 2303 altera
3180 2262 3473 2318 personam

198 2339 297 2390 καὶ
329 2340 364 2408 ή
397 2338 496 2408 μὲν
528 2340 819 2409 πρόσωπον
855 2339 1220 2412 ὑποτιθεμένη
1253 2342 1377 2396 ὅσον
1407 2341 1685 2396 πολιτικόν
1721 2361 1744 2396 τ.

1927 2345 2141 2415 roponit
2176 2344 2244 2398 ab
2272 2344 2422 2398 omni
2477 2342 2698 2412 quidem
2735 2357 2793 2396 re
2829 2341 3054 2408 politica
3104 2355 3170 2396 ac
3221 2339 3473 2410 populari

199 2437 302 2487 καὶ
332 2433 426 2486 τοῦ
465 2436 688 2504 μιγάδος
713 2436 866 2489 οὐδὲν
895 2436 1102 2507 ἀνέχει,
1134 2437 1229 2491 ἆτε
1258 2438 1322 2505 δὴ
1369 2439 1503 2511 πρὸς
1557 2438 1744 2511 μεῖζον

1922 2439 2292 2503 bhorrentem,
2328 2437 2626 2506 canteroqui
2674 2433 3016 2491 sublimioris
3044 2431 3169 2488 vita:
3192 2433 3338 2487 haud
3370 2447 3468 2486 ca-

201 2527 531 2594 φιλοσοφίαν
555 2527 940 2596 δυσανὰγωγόν
969 2547 1028 2582 τε
1059 2533 1152 2582 καὶ
1180 2531 1431 2600 δυσήνιον
1450 2547 1462 2560 ·
1490 2533 1698 2596 τούτοις
1729 2533 1747 2586 ε

1933 2546 2075 2586 acem
2118 2545 2297 2600 neque
2330 2531 2670 2598 patientem:
2730 2527 2836 2591 his,
2871 2528 3121 2596 inquam,
3161 2523 3479 2578 hominibus

200 2617 319 2688 ἄρα
363 2618 694 2689 ὑπαγορεύει
739 2619 1196 2690 διοικονομεῖσθαι
1241 2624 1334 2676 καὶ
1382 2623 1483 2695 τὴν
1536 2624 1644 2678 τῶν
1693 2642 1746 2696 με

1932 2621 2166 2677 ιούίοιιηι
2208 2621 2287 2676 rei
2338 2621 2627 2676 familiaris
2662 2634 2976 2689 possessum
3037 2617 3307 2678 attribuit,
3352 2629 3478 2670 eos-

199 2707 378 2778 τρίων
406 2707 604 2776 κτῆσιν
629 2750 644 2776 ,
672 2710 767 2762 καὶ
801 2709 900 2779 τῆς
937 2712 1065 2774 τοὺς
1111 2711 1362 2782 μαθητὰς
1389 2713 1745 2768 ἀθλοθετούστ

1929 2730 2124 2784 emque
2168 2713 2302 2783 legis
2325 2714 2468 2782 ejus,
2505 2727 2626 2781 qua:
2673 2710 2961 2780 discipulis
2993 2716 3257 2764 coronata
3292 2716 3475 2762 certa-

201 2797 532 2867 νομοθεσίας
557 2799 880 2871 ἐλευθέρους
919 2802 1145 2864 τούτους
1179 2803 1435 2872 ἀφίησιν·
1479 2807 1512 2874 ἡ
1557 2805 1614 2859 δὲ
1661 2806 1747 2858 τοὶ

1930 2808 2038 2860 :ina
2065 2807 2272 2870 indicit,
2295 2806 2567 2860 immunes
2599 2819 2720 2859 esse
2752 2804 2904 2858 sinit.
2946 2801 3132 2856 Altera
3180 2815 3310 2856 vero
3346 2815 3475 2855 scn-

215 2889 514 2953 ’ῐουδαίους
552 2890 662 2942 τῶν
708 2891 971 2961 μαθητῶν
1015 2893 1416 2960 ἀντεισὰγουσα
1449 2895 1758 2965 προφητεία

1934 2899 2065 2952 :ntia
2087 2896 2311 2952 Judaros
2349 2896 2747 2966 discipulorum
2777 2895 2898 2948 loco
2942 2908 3172 2962 ponens,
3204 2891 3257 2947 in
3291 2900 3480 2962 postes

205 2979 359 3036 εἶναι
410 2984 510 3052 τῆς
555 2983 816 3056 δευτέρας
870 2984 940 3037 τά
1001 2987 1222 3056 ῥήματα
1277 2986 1578 3040 διατίθεται
1647 3005 1751 3040 κατ

1930 2992 2058 3047 ioris
2082 2989 2322 3046 mandati
2352 2990 2532 3044 verbis
2559 2987 2877 3044 vaticinium
2927 2995 3118 3041 contra
3160 2985 3476 3040 universam

204 3075 421 3140 παντὸς
462 3075 554 3129 τοῦ
586 3078 796 3144 γένους,
825 3078 948 3148 ἥτις
978 3080 1073 3130 καὶ
1105 3079 1240 3149 πρὸς
1276 3080 1437 3151 ἔργον
1466 3078 1750 3149 ἐκϐέϐηκει

1933 3093 2108 3138 entem
2140 3081 2406 3138 Contineri
2471 3082 2592 3135 ait:
2652 3081 2796 3150 quod
2858 3094 2991 3134 sane
3022 3079 3230 3132 exitum
3259 3086 3479 3131 nactum

209 3169 634 3222 Οὐεσπασιανοῦ
666 3171 757 3223 καὶ
788 3171 947 3224 Τίτου
983 3171 1062 3233 εἰς
1091 3170 1410 3242 πολιορκίαν
1435 3173 1534 3242 τῆς
1574 3170 1755 3242 Ἱεροσι

1931 3187 2002 3241 st,
2024 3192 2149 3231 cum
2181 3173 2554 3245 Vespasianus
2579 3189 2644 3228 ac
2691 3173 2850 3227 Titus
2879 3172 3251 3242 Hierosolyma
3285 3169 3474 3224 urbem

207 3258 408 3330 λύμων
439 3259 643 3322 πόλεως
666 3261 1074 3323 καταστάντων,
1106 3261 1177 3325 οἳ,
1207 3256 1300 3315 καὶ
1323 3261 1529 3334 ταύτην
1557 3263 1753 3333 πολέμι

1937 3269 2184 3324 bsidione
2212 3268 2537 3332 cinxerunt;
2563 3266 2656 3334 qui
2697 3277 2818 3334 post
2869 3265 3009 3319 hanc
3035 3263 3157 3318 belli
3191 3262 3313 3331 jure
3352 3262 3481 3316 sub-

209 3353 373 3423 νόμῳ
405 3354 912 3422 παραστησάμενοι,
947 3353 1222 3424 μαχαίρας
1245 3355 1405 3425 ἔργον
1435 3355 1496 3407 τὸ
1531 3355 1755 3408 Ἰουδαία

1935 3369 2113 3424 ctam,
2153 3359 2372 3414 Judanos
2416 3359 2611 3428 gladiis
2654 3357 3064 3412 consumendos
3115 3354 3478 3410 tradiderunt.

212 3444 376 3506 ἔθνος
408 3443 708 3509 ἐπέδειξαν.
746 3443 880 3496 Τότε
907 3443 1016 3514 γὰρ
1042 3445 1106 3514 δὴ
1139 3444 1262 3496 τότε
1291 3439 1379 3507 οἷς
1417 3443 1573 3515 μὲνή
1606 3445 1758 3516 κτῆσι

1934 3456 2057 3508 ἰιιιο
2085 3453 2229 3506 enim
2261 3468 2496 3521 quorum
2528 3451 2805 3522 possessio
2831 3450 3076 3518 supellex
3094 3457 3211 3503 erat
3234 3458 3287 3504 et
3315 3447 3478 3517 quid-

213 3537 432 3590 ἔπιπλά
471 3553 528 3588 τε
567 3535 660 3589 καὶ
709 3536 808 3588 ὅσα
839 3537 971 3590 ἄλλα
1016 3536 1244 3607 κομίσαι
1279 3537 1456 3608 ῥᾴδια,
1496 3536 1670 3591 ταῦτα
1705 3539 1759 3605 cpt

1941 3547 2032 3601 uid
2056 3546 2220 3600 facile
2245 3545 2516 3615 asportari
2559 3553 2794 3614 poterat,
2837 3543 2890 3597 id
2929 3543 2980 3596 in
3033 3541 3167 3596 alias
3196 3549 3350 3594 extra
3378 3538 3481 3592 Ju-

216 3644 413 3700 ροντες
436 3628 516 3689 είς
546 3627 640 3689 τὰς
672 3627 932 3680 ἐπέκεινα
958 3628 1058 3697 τῆς
1101 3627 1363 3690 Ἰουδαίας
1390 3628 1576 3691 πόλεις
1604 3631 1704 3696 τῆς
1725 3631 1762 3682 οὶ

1939 3655 2074 3693 aiam
2113 3639 2277 3693 urbes
2305 3636 2561 3703 ferentes,
2594 3653 2625 3692 a
2649 3652 2747 3692 sua
2787 3634 3073 3705 metmpoli
3103 3631 3481 3702 diﬂ‘ugiebant:

213 3720 382 3782 κείας
414 3719 715 3790 ἀπέτρεχον
750 3719 1138 3790 μητροπόλεως
1158 3732 1174 3749 ⁸
1225 3719 1275 3771 oi
1303 3718 1348 3771 δ’
1381 3718 1555 3783 ἄλλως
1588 3719 1759 3772 πλούτη

1945 3748 2033 3785 um
2081 3731 2170 3786 alii
2208 3730 2422 3784 interim
2457 3730 2664 3785 divitiis
2693 3729 2924 3801 gravati,
2965 3737 3060 3782 aut
3086 3727 3332 3798 quolibet
3363 3739 3487 3780 mo-

215 3809 609 3882 βαρυνόμενοι,
639 3811 672 3879 ἢ
700 3810 795 3862 καί
824 3827 966 3863 τισιν
1011 3811 1220 3881 ἑτέροις
1249 3811 1474 3880 τρόποις
1503 3813 1761 3883 ὲνεσχημὲ

1942 3840 1974 3877 0
2009 3823 2233 3885 detenti,
2292 3822 2422 3876 dum
2484 3822 2706 3876 urbana:
2753 3819 3000 3894 stationis
3064 3825 3486 3880 tenaccssunt,

214 3924 328 3970 νοι,
362 3898 508 3958 οὗτοι
552 3905 616 3976 δὴ
663 3907 730 3976 τῇ
759 3905 914 3958 πόλει
950 3905 1136 3974 μένειν
1164 3905 1637 3978 ὲξαπαιτούμενοι,
1677 3907 1760 3977 ξίιρ

1943 3931 2202 3970 iuerones
2231 3923 2285 3970 et
2315 3929 2477 3970 enses
2508 3923 2674 3984 atque
2704 3914 2809 3968 alia
2841 3928 2993 3968 arma
3017 3912 3212 3967 bellica
3234 3924 3489 3966 coemere

217 4002 322 4053 καὶ
359 3997 633 4069 μαχαίρας
677 3998 899 4060 καὶτὰς
946 3997 1112 4060 ἄλλας
1160 3998 1464 4067 πολεμικὰς
1505 3999 1763 4053 πανοπλία

1942 4009 2257 4073 :stinabant,
2290 4009 2430 4063 bello
2450 4008 2516 4062 ad
2550 4008 2601 4062 id
2639 4007 2837 4061 invitos
2876 4014 3120 4074 urgente.
3145 4005 3322 4072 Atque
3347 4003 3488 4056 hanc

216 4091 550 4157 ἐξωνεῖσθαι
603 4089 1019 4160 συνηλαύνοντο,
1076 4089 1169 4143 τοῦ
1220 4091 1458 4162 πολέμου
1524 4091 1660 4162 πρὸς
1708 4090 1762 4144 τὶ

1941 4116 2026 4154 em
2061 4100 2318 4154 nimirum
2347 4099 2631 4154 Dominicu
2654 4114 2748 4154 ore
2769 4097 2986 4168 praedici
3010 4114 3024 4163 ;
3051 4112 3195 4151 nune
3223 4111 3352 4150 vero
3390 4094 3487 4164 qui

219 4182 436 4254 πρᾶξιν
479 4181 572 4234 καὶ
621 4182 698 4253 μὴ
746 4181 1107 4251 βουλομένους
1156 4183 1663 4253 ὲπαναγκάζοντοςο
1715 4201 1765 4237 κι

1944 4195 2074 4246 ιιιιει
2102 4208 2442 4256 crumenam,
2475 4201 2657 4248 sumat
2687 4192 2892 4260 pariter
2928 4200 2980 4246 et
3014 4206 3198 4260 peram
3232 4206 3245 4242 :
3283 4201 3418 4258 quas
3440 4188 3490 4240 si

216 4275 392 4328 τοῦτο
419 4273 493 4352 δὴ⁴
513 4271 670 4327 τοῦτο
696 4268 837 4326 εἶναι
859 4273 888 4326 δ
909 4274 972 4326 τὸ
997 4273 1313 4328 δεσποτικὸν
1365 4273 1762 4345 προαπεθέσπιε

1952 4286 2035 4340 uis
2083 4302 2190 4340 non
2249 4285 2429 4350 habet,
2489 4285 2780 4339 divenditis
2843 4283 3182 4338 vestimentis
3247 4280 3492 4351 gladium

221 4368 413 4438 στόμα
433 4381 446 4394 ·
472 4334 510 4418 ’ἰ
541 4365 656 4418 Νῦν
699 4366 766 4418 δὲι
797 4369 825 4419 ὁ
872 4365 1009 4435 ἔχων
1041 4365 1326 4436 βαλάντιον
1370 4334 1558 4438 ἀράτω
1608 4367 1767 4437 ὁμοία

1953 4377 2186 4446 cquiret.
2231 4373 2288 4431 Id
2323 4376 2501 4445 ipsum
2533 4374 2940 4444 antiquioribus
2979 4387 3201 4443 quoque
3248 4334 3493 4426 oraculis

219 4464 327 4516 καὶ
357 4461 543 4531 πήραν
563 4475 578 4491 ·
613 4461 643 4512 ὁ
667 4459 725 4513 δὲ
757 4459 832 4529 μὴ
857 4459 997 4530 ἔχων
1026 4459 1270 4528 πωλήσει
1299 4458 1367 4512 τά
1395 4459 1588 4530 ίμάτια
1617 4459 1765 4513 αύτοὶ

1949 4469 2281 4539 ignilicatum
2337 4467 2534 4529 fuerat,
2603 4467 2865 4536 prapheta
2914 4465 3168 4521 dicente:
3213 4481 3233 4515 ι
3298 4464 3494 4516 Aratra

218 4557 328 4612 καὶ
363 4556 624 4626 ἀγοράσει
657 4554 958 4626 μάχαιρανο
995 4571 1015 4604 ι
1060 4551 1220 4606 τοῦτο
1270 4553 1327 4608 δὲ
1377 4555 1487 4624 ἄρα
1529 4553 1622 4606 καὶ
1673 4571 1764 4624 χρτ

1951 4570 2096 4617 estra
2134 4562 2189 4616 in
2213 4561 2444 4638 gladios,
2477 4569 2531 4616 et
2580 4560 2750 4616 falces
2772 4560 2827 4615 in
2858 4561 3076 4614 lanceas
3105 4554 3437 4611 concidite'.
3471 4571 3492 4602 ι

223 4652 398 4720 σμοῖς
422 4647 630 4702 ἀνωθεν
660 4645 1058 4719 προδηλοῦσθαι
1076 4663 1090 4678 ο
1129 4665 1146 4698 ι
1167 4644 1484 4716 Συγκόψατε
1509 4645 1576 4700 τά
1603 4644 1769 4716 ἀροτρ

1955 4655 2006 4710 ie
2036 4654 2203 4725 igitur
2233 4655 2396 4709 verba
2427 4671 2442 4708 :
2479 4671 2498 4705 ι
2530 4650 2608 4706 Ne
2641 4651 2890 4706 habeatis
2931 4663 3126 4704 zonam
3178 4661 3357 4714 neque
3392 4643 3501 4697 cal.

223 4742 392 4813 ὑμῶν
425 4742 503 4805 εἰς
540 4740 835 4811 ῥομφαίας,
885 4741 979 4792 καὶ
1012 4738 1080 4791 τὰ
1121 4739 1368 4809 δρέπανα
1420 4739 1500 4801 είς
1542 4740 1769 4811 σειρομά

1950 4755 2199 4802 eamcnta
2223 4761 2400 4817 neque
2431 4761 2640 4816 peram.
2679 4765 2700 4798 ι
2731 4751 2928 4813 negant
2948 4757 3192 4813 pugnare
3209 4757 3333 4796 eum
3367 4739 3456 4795 his
3480 4774 3496 4790 .

222 4850 392 4897 στας,
435 4851 455 4884 ι
510 4830 602 4885 τοῦ
648 4830 796 4884 θείου
847 4830 1440 4899 προκαταγγέλλοντος.
1489 4831 1675 4896 Οὕτως
1726 4827 1768 4886 oi

1984 4836 2140 4892 Nunc
2163 4837 2256 4905 qui
2289 4837 2447 4892 habet
2477 4851 2821 4899 crumenam,
2861 4843 3042 4890 sumat
3078 4833 3283 4904 pariter
3319 4839 3374 4886 et
3420 4844 3505 4901 pce

223 4927 427 4998 φασιν,
480 4924 733 4996 οὐδαμῶς
769 4923 1040 4994 μάχεσθαι
1072 4922 1133 4975 τὸ
1165 4921 1240 4993 μὴ
1279 4921 1424 4993 ἔχειν
1470 4922 1649 4995 ζώνην
1679 4926 1769 4997 μή,

1958 4945 2044 4984 am
2075 4949 2088 4984 :
2129 4930 2222 4999 qui
2263 4943 2391 4982 vero
2432 4944 2540 4983 non
2574 4929 2757 4994 habet,
2806 4927 3132 4982 vestimenta
3162 4939 3260 4980 sua
3285 4923 3503 4989 vendet,

224 5019 568 5088 ὑποδήματα
604 5018 740 5088 μήτε
798 5017 1010 5086 πήραν,
1067 5014 1205 5086 πρὸς
1234 5014 1294 5068 τὸ
1328 5032 1348 5065 ι
1385 5013 1500 5068 Νῦν
1528 5015 1584 5068 δὲ
1619 5019 1646 5070 ὁ
1676 5016 1767 5089 Exn

1067 5014 1205 5086 πρὸς
1234 5014 1294 5068 τὸ
1328 5032 1348 5065 ι
1385 5013 1500 5068 Νῦν
1528 5015 1584 5068 δὲ
1619 5019 1646 5070 ὁ
1676 5016 1814 5089 ἔχων
1922 5022 2271 5092 gladiumque
2295 5030 2524 5078 coemet.
2561 5039 2582 5072 ι

227 5109 534 5176 βαλάντιον
577 5109 769 5179 ἀράτω
805 5107 1006 5177 ὁμοίως
1031 5107 1125 5160 καὶ
1161 5106 1376 5176 πήραν·
1423 5104 1452 5157 ὁ
1514 5106 1571 5159 δὲ
1607 5108 1684 5179 μὴ
1746 5109 1887 5182 ἔχων
1928 5111 2172 5182 πωλήσει
2233 5112 2297 5165 τὸ
2359 5111 2576 5182 ἱμάτιον
2642 5109 2850 5174 αὑτοῦ,
2915 5108 3013 5164 καὶ
3074 5108 3340 5179 ἀγοράσει
3402 5104 3510 5178 μά-

227 5223 461 5284 χαιραν.
505 5225 523 5258 ι
2196 5218 2198 5220 ⁷

317 5307 372 5356 ι’.
415 5297 585 5354 Ἀλλά
611 5314 675 5366 γε
705 5299 819 5361 τοῖς
854 5295 999 5350 οὕτω
1027 5295 1128 5368 τὴν
1173 5296 1412 5367 ἀπορίαν
1445 5295 1824 5366 ὲπιλυομέυοις

2004 5299 2090 5354 lO.
2135 5297 2238 5354 Sed
2280 5300 2427 5356 enim
2463 5301 2548 5357 his
2577 5302 2670 5371 qui
2705 5301 2805 5356 hac
2833 5299 3048 5355 ratione
3075 5292 3508 5353 controversiam

229 5393 619 5447 ἁντιπεσεῖται
655 5391 753 5460 μὲν
786 5391 915 5452 ἴσως
947 5388 1091 5443 αὐτὰ
1137 5386 1208 5441 τὰ
1231 5388 1528 5442 δεσποτικά
1568 5391 1775 5460 ῥήματα

1971 5391 2216 5458 irimunt,
2255 5393 2371 5464 ipsa
2420 5394 2656 5450 fortasse
2693 5391 2974 5448 Dominicu
3022 5391 3188 5446 verba
3235 5385 3513 5443 contradi-

237 5486 454 5542 ε”Οταν
485 5486 592 5556 γὰρ
622 5482 917 5538 ἀπέστειλα
951 5482 1116 5554 ὑμᾶς,
1159 5500 1178 5534 ι
1215 5480 1370 5555 φησί.
1405 5481 1536 5548 Καὶ,
1575 5499 1594 5534 ι
1623 5480 1783 5536 Νὗνε

1966 5493 2099 5540 ιιιιι;
2139 5503 2159 5538 ι
2195 5485 2332 5542 Cum
2365 5487 2488 5545 misi
2513 5502 2632 5553 vos,
2669 5505 2688 5541 ι
2725 5475 2926 5559 inquit.
2955 5504 2974 5538 ι
3001 5483 3158 5539 Nunc
3179 5491 3359 5538 autem
3391 5477 3512 5534 dico

316 5629 341 5664 τ
371 5624 509 5683 Jocl.
549 5642 628 5692 ιιι,
668 5625 743 5680 l0.
