3916 6192
403 261 473 327 59
1561 248 1827 310 ΡΗΟΤΙΙ
1866 246 2042 309 PATI

2147 239 2378 304 .RCHE
2409 238 2518 298 (ΣΡ.
3610 215 3689 278 60

412 371 609 439 vobis;
646 389 666 424 ι
694 384 805 426 non
843 368 965 425 aliis
999 365 1092 424 sed
1118 367 1276 422 vobis
1311 364 1472 436 ipsis,
1503 379 1643 434 quos
1674 372 1833 418 antea
1860 377 2000 432 praa-
2029 386 2042 422 λ

2147 360 2246 427 ἔγω
2268 356 2398 418 ὑμῖν
2419 370 2432 384 ο
2476 371 2494 403 ι
2530 349 2631 404 οὐκ
2661 347 2842 410 ἄλλοις
2887 341 3006 398 ἀλλ’
3042 340 3172 411 ύμῖν
3220 334 3423 399 αὐτοῖς,
3455 330 3550 436 οὓς
3585 327 3692 383 καὶ

426 419 609 439 πων,
647 419 660 424 -
696 419 805 426 --ν--
843 419 957 425 -τ---
1001 419 1091 424 ην
1133 419 1270 422 .-με
1462 419 1470 426 .
1523 419 1537 434 ,
1863 419 1877 432 ,
2029 419 2042 422 _

405 464 647 519 dicatum
683 462 830 516 misi.
874 462 1054 527 Quare
1089 459 1244 513 locus
1289 455 1617 524 recipienda:
1642 466 1995 524 personarum

2147 446 2400 520 ηρύσσειν
2428 436 2791 496 ἀπέστεῐλα·
2824 435 2967 489 ὥστε
3000 431 3095 486 νῦν
3135 430 3169 500 ἡ
3217 426 3327 480 τῶν
3373 419 3696 494 προσώπων

408 555 695 612 mutationi
727 553 910 608 nullus
941 561 1048 613 est.
1075 551 1188 606 lmo
1209 565 1338 606 vero
1368 549 1499 619 quid
1537 555 1997 609 consentaneum,

2147 511 2393 606 παλλαγὴ
2443 532 2704 603 οὐδεμίαν
2753 528 3000 600 εὑρίσκει
3046 523 3233 595 χώραν
3273 515 3568 586 ἀποδοχῆς.
3613 511 3694 564 Ού

407 648 494 702 vel
528 662 688 716 quem
730 661 930 701 nexum
976 645 1178 698 habent
1205 644 1368 698 verba
1387 604 1415 696 ἰ
1458 661 1477 692 ι
1514 639 1673 696 Nunc
1701 639 1794 709 qui
1842 604 2005 692 habet

2149 633 2216 703 ὴν
2249 604 2392 684 ἀλλά-
2417 626 2515 681 κο.)⁸
2543 625 2666 678 τίνα
2692 621 2873 690 λόγον,
2909 619 3077 694 ποῖον.
3096 614 3156 668 δέ
3186 609 3550 666 συνδιασώσει
3575 604 3702 716 sip:

420 691 494 702 η.
529 691 688 716 νην...
731 691 930 701 πη.-.
977 691 1176 698 --_-----
1217 691 1368 698 ---η
1401 691 1414 696 -
1467 691 1475 692 ,
1708 691 1792 709 τη

413 754 762 802 crumenam,
801 744 982 791 sumat
1017 735 1222 805 pariter
1274 742 1328 788 et
1365 748 1574 802 peram,
1623 749 1641 782 ι
1693 745 1814 786 cum
1867 743 2004 798 pau-

2147 691 2210 776 b'v
2247 721 2329 785 τὸ,
2364 738 2382 771 ι
2431 716 2592 771 Ἀλλά
2640 712 2735 767 νῦν
2780 713 2809 764 ὁ
2858 710 2998 779 ἔχων
3051 691 3336 773 βαλάντιον
3368 698 3560 770 ἀράτω
3597 691 3702 746 καὶ

412 833 640 901 perlatis
682 821 984 884 mandato?
1005 830 1118 884 Cur
1143 827 1287 882 enim
1326 842 1532 897 pauper
1561 838 1880 880 crumenam
1912 821 2010 875 lia-

2147 819 2320 888 πήραν,
2358 832 2376 866 ι
2414 813 2551 882 προς
2577 808 2678 880 τὴν
2719 807 2819 874 τῆς
2855 798 3245 872 ἀκτημοσύνης
3275 792 3533 862 ἐντολήν;
3569 786 3706 848 Πῶς

415 924 596 991 heret]!
613 923 734 977 Jam
759 923 875 992 ipsa
895 936 1034 989 perte
1053 935 1175 974 cum
1198 933 1456 974 crumena
1477 915 1806 984 assumptio,
1830 911 2009 981 quod-

2149 885 2219 979 ἀρ
2258 907 2324 960 ἂν
2374 905 2402 957 ὁ
2436 903 2700 971 ἀκτήμων
2738 895 3022 969 βαλάντιον
3047 892 3200 962 exet;
3236 887 3370 941 Τίνα
3401 885 3458 936 δέ
3485 897 3708 954 προφη-

419 1031 566 1076 nam,
603 1029 812 1084 quaso,
845 1012 1058 1066 Judaici
1086 1011 1236 1066 exitii
1279 1009 1598 1063 vaticinium
1624 989 1838 1060 innuit?
1869 1004 2012 1058 Sane

2148 975 2265 1054 είαν
2311 997 2371 1051 τὸ
2419 991 2748 1068 προσλαϐεῖν
2781 989 2859 1058 τῷ
2900 984 3172 1058 βαλαντίῳ
3223 980 3319 1033 καὶ⁹
3370 977 3557 1048 πήραν
3598 975 3706 1043 τῆς

420 1107 536 1160 haec
590 1105 908 1174 opinionum
947 1101 1257 1172 ‘indagatio
1308 1101 1353 1155 si
1414 1101 1586 1154 libero
1635 1097 1847 1166 judicio
1897 1096 2010 1157 liat,

421 1198 802 1268 praedictarum
860 1212 1080 1265 quoque
1143 1193 1547 1249 sententiarum
1589 1189 1868 1244 nonnullis
1911 1186 2014 1241 ob-

426 1291 613 1357 stabit,
650 1305 827 1358 neque
874 1289 1022 1343 siuet
1066 1288 1345 1341 indubiam
1387 1284 1718 1339 solutionem
1763 1281 2013 1335 evadere.

426 1382 680 1450 Namque
727 1382 854 1434 olim
909 1379 1260 1434 interdixisse
1308 1376 1622 1446 discipulis,
1657 1373 1852 1428 deinde
1883 1386 2020 1425 con-

433 1474 689 1535 cessisse,
741 1488 904 1543 opes;
958 1472 1064 1535 his,
1123 1472 1380 1540 inquam,
1429 1466 1703 1522 mandatis
1757 1465 1850 1534 qui
1900 1463 2020 1518 ﬁeri

435 1580 615 1644 potest
642 1579 700 1623 ut
741 1565 1184 1622 accommodetur
1223 1563 1428 1617 dictum
1470 1560 1600 1613 illud
1635 1574 1648 1610 :
1687 1577 1704 1610 ι
1743 1556 1899 1610 Nunc
1929 1553 2022 1625 qui

430 1665 593 1720 habet
638 1674 984 1722 crumenam,
1037 1663 1221 1712 sumat
1264 1665 1319 1708 et
1369 1651 1596 1724 peram?
1653 1669 1671 1701 ι
1719 1663 2022 1717 rursusque

432 1757 560 1812 illud
609 1774 622 1810 :
667 1773 685 1806 ι
727 1752 820 1823 qui
853 1760 1034 1805 autem
1080 1764 1188 1802 non
1223 1747 1405 1807 habet,
1442 1741 1735 1799 divenditis
1775 1740 2020 1793 vestibus

433 1849 672 1920 gladium
711 1843 888 1900 emet?
917 1862 933 1893 ι
966 1841 1152 1910 Neque
1175 1854 1326 1903 vero,
1355 1837 1401 1892 si
1438 1835 1521 1889 vel
1565 1835 1682 1888 haec
1709 1831 2022 1886 concedan-

437 1953 549 2005 tur,
593 1940 800 1994 idcirco
842 1943 1066 2007 apparet
1104 1933 1301 2003 prioris
1343 1929 1585 1984 mandati
1620 1925 1760 1996 apud
1800 1939 1897 1979 eos
1927 1921 2022 1993 qui

437 2040 769 2105 acceperant
819 2027 1203 2085 observantia:
1255 2024 1462 2093 alioqui
1519 2021 1699 2076 nullus
1751 2031 2027 2074 crumenze

437 2129 592 2182 lOt'llS
635 2132 801 2178 1⁸8581..
857 2121 1142 2175 Posterius
1174 2130 1353 2172 autem
1403 2115 1718 2170 mandatum
1763 2127 1871 2166 non
1915 2118 2024 2164 tam

441 2213 758 2288 possidendi
787 2212 1002 2282 copiam
1043 2209 1192 2272 facit,
1229 2221 1396 2277 quam
1430 2202 1738 2274 superioris
1777 2199 2028 2254 violatio-

442 2325 562 2364 nem
607 2307 877 2375 coarguit.
926 2302 1057 2368 Quae
1109 2315 1233 2353 cum
1283 2299 1355 2352 ita
1395 2310 1457 2352 se
1507 2295 1780 2358 habeant,
1831 2290 2030 2344 nihilo-

445 2406 630 2458 minus
679 2414 866 2455 saeros
911 2397 1032 2450 illos
1075 2395 1400 2462 interpretes
1445 2398 1666 2459 propter
1714 2401 1814 2441 sua
1847 2386 2029 2456 priora

445 2495 754 2552 tentamina
801 2493 1062 2562 piumque
1111 2487 1357 2542 animum
1397 2482 1597 2539 divinis
1637 2479 1923 2550 pramoniis
1951 2475 2032 2532 ef-

448 2591 590 2643 i'erre
617 2589 791 2642 de’cet.
821 2584 994 2654 Opum
1026 2581 1225 2652 quippe
1243 2575 1778 2634 hermeneuticarum
1814 2571 2031 2626 initium

447 2680 576 2735 inde
627 2688 910 2734 traxerunt
945 2677 1002 2741 ii,
1048 2676 1140 2745 qui
1187 2675 1308 2729 illos
1354 2671 1634 2726 consecuti
1669 2678 1819 2730 sunt,
1860 2667 2035 2721 inter-

448 2784 652 2845 pretes,
685 2771 994 2826 seminibus
1027 2769 1285 2823 nimirum
1319 2765 1560 2835 acceptis
1592 2777 1656 2818 ac
1693 2761 2033 2818 solutionum

465 2866 868 2922 act-uratiorum
914 2863 1192 2933 primitiis.
1235 2859 1403 2930 quue
1453 2857 1628 2927 magis
1675 2854 1782 2909 illis
1820 2863 2035 2921 patrum

456 2974 547 3026 ius
572 2972 700 3027 erga
733 2972 830 3010 nos
863 2953 1080 3021 asserit,
1107 2967 1314 3023 nosque
1343 2948 1526 3006 ornuis
1554 2945 1912 3001 observantiae
1945 2942 2038 2995 de-

2113 1095 2224 1151 τῶν
2283 1066 2555 1146 Ἰουδαίων
2615 1084 2926 1153 ὑπογράφει
2988 1074 3409 1146 καταστροφῆς;
3473 1067 3614 1120 Ἀλλ’
3669 1066 3707 1133 ἠ

2115 1183 2339 1254 τοιαύτη
2389 1182 2488 1252 μέν
2542 1179 2738 1250 ἔρευνα
2767 1173 2876 1227 τῶν
2905 1167 3185 1240 λογισμῶν
3211 1164 3493 1232 ἀδεκάστῳ
3519 1158 3711 1230 κρίσει

2119 1280 2212 1335 καὶ
2239 1251 2348 1331 τῶν
2393 1251 2708 1346 ἔμπροσθεν
2739 1263 3149 1334 ἀποδεδομένων
3182 1260 3358 1327 λόγων
3393 1255 3554 1316 ἐνίοις
3591 1251 3714 1303 τισὶ

2120 1368 2384 1432 διανοίαις
2413 1363 2667 1437 ἐμποδὼν
2692 1361 2759 1416 ἀν
2781 1360 2964 1430 σταίη,
2997 1355 3093 1409 καὶ
3114 1355 3215 1407 οὐκ
3233 1351 3299 1406 ἂν
3326 1346 3715 1419 συγχωρήσειε

2120 1463 2222 1534 τὴν
2253 1460 2408 1514 λύσιν
2432 1435 2916 1526 ἀναμφισϐήτητον
2938 1445 3255 1518 προελθεῖν·
3293 1441 3354 1494 τὸ
3382 1441 3491 1509 γάρ
3533 1435 3714 1489 πάλαι

2129 1525 2229 1628 μέν
2277 1557 2393 1616 τοῖς
2427 1550 2697 1622 μαθηταῖς
2731 1541 3109 1605 ἀποκωλῦσαι,
3149 1537 3377 1606 ὓστερον
3403 1532 3448 1586 δ’
3483 1525 3714 1599 ἐπιτρέ-

2125 1648 2226 1714 ψαι
2273 1645 2374 1716 τήν
2407 1642 2637 1712 κτῆσιν·
2677 1636 2904 1696 ταύταις
2945 1632 3001 1686 δέ
3054 1632 3175 1692 ταῖς
3217 1626 3458 1686 ἐντολαῖς
3488 1620 3603 1684 πῶς
3647 1619 3722 1671 ἂν

2053 1717 2096 1774 Β
2126 1711 2866 1810 ἐφελκυνσθείησυναρμόσαι
2892 1727 2974 1792 τὸ,
3010 1744 3028 1776 ι
3059 1721 3222 1778 Ἀλλά
3259 1719 3355 1772 νῦν
3380 1719 3408 1770 ὁ
3443 1716 3580 1786 ἔχων
3613 1711 3719 1784 βα-

2124 1804 2338 1887 λάντιον
2367 1804 2556 1898 ἀράτω
2590 1825 2689 1879 καὶ
2715 1823 2938 1893 πήραντ,
2967 1839 2984 1871 ι
3011 1817 3108 1870 καὶ
3137 1813 3220 1876 τὸ,
3259 1831 3277 1864 ι
3298 1812 3357 1865 '0
3387 1809 3443 1863 δέ
3478 1809 3552 1878 μὴ
3576 1804 3724 1874 ἔχων

2127 1923 2372 1994 πωλήσει
2393 1919 2455 1973 τὸ
2479 1919 2695 1990 ἱμάτιον
2723 1912 2911 1978 αὑτοῦ,
2935 1910 3030 1964 καὶ
3061 1907 3322 1976 ἀγοράσει
3348 1901 3627 1973 μάχαιραν
3657 1913 3674 1960 ;
3698 1915 3717 1945 ι

2128 1988 2409 2086 Οῠτε-γάρ
2443 1988 2702 2065 είγταῦτα
2743 2005 2924 2076 δοθείη
2952 2043 2968 2067 ,
3019 2002 3116 2072 τῆς
3164 1997 3438 2069 προτέρας
3493 1988 3724 2058 ἐντολῆς

2128 2109 2380 2180 οὐδαμῶς
2416 2101 2853 2172 ἐπιγινώσκεται
2883 2098 2998 2161 τοῖς
3049 2091 3313 2148 λαϐοῦσιν
3365 2089 3398 2158 ἡ
3457 2084 3718 2154 φυλακή·

2130 2204 2192 2257 οὐ
2226 2177 2334 2271 γάρ
2381 2200 2447 2253 ἂν
2509 2196 2694 2268 χώραν
2725 2187 2839 2263 εἶχε
2902 2189 2966 2243 τὸ
3029 2186 3333 2258 βαλάντιον.
3384 2179 3558 2248 Καὶή
3598 2177 3725 2230 δευ-

2130 2269 2266 2366 τέρα
2308 2269 2379 2346 δὲ
2437 2289 2537 2344 ούκ
2577 2282 2882 2357 ἐπιτροπὴν
2914 2281 3128 2347 εἰσάγει
3179 2275 3382 2348 μᾶλλον
3450 2269 3545 2324 τοῦ
3580 2270 3723 2338 κτή-

2135 2363 2356 2450 σασθαι,
2401 2381 2516 2436 ἀλλ’
2565 2379 2786 2447 ἔλεγχον
2829 2373 2925 2428 τοῦ
2962 2373 3038 2443 μὴ
3071 2368 3305 2439 φυλάξαι
3336 2365 3408 2418 τά
3441 2363 3722 2434 πρότερα·

2135 2478 2273 2534 ἀλλά
2299 2478 2408 2547 γάρ
2436 2474 2563 2534 τοὺς
2592 2471 2691 2542 μὲν
2735 2465 2916 2538 ἱεροὺς
2958 2462 3200 2524 ἐκείνους
3238 2457 3436 2528 ἄνδρας
3467 2455 3622 2523 ἄγειν
3663 2468 3725 2504 τε

2135 2544 2322 2644 χρεὼν.
2346 2544 2440 2622 καὶ
2461 2563 2702 2627 θειάζειν
2731 2561 2832 2631 τῆς
2859 2574 2918 2610 τε
2951 2555 3178 2626 πρώτης
3208 2549 3468 2620 ἐπιϐολῆς
3494 2547 3590 2600 καὶ
3619 2544 3725 2614 τῆς

2136 2659 2469 2730 εύσεϐούσης
2510 2654 2770 2726 γνώμης·
2807 2650 2902 2702 καὶ
2950 2649 3032 2702 ὅτι
3071 2646 3170 2712 τὴν
3213 2641 3388 2713 ἀρχὴν
3417 2639 3518 2708 τῆς
3558 2637 3725 2690 εύποο

2139 2757 2262 2830 ρίας
2295 2751 2508 2808 ἐκεῖθεν
2553 2749 2603 2802 οἱ
2638 2744 2757 2817 μετ’
2790 2742 2988 2804 αὐτοὺς
3029 2735 3374 2802 ἀνεδέξαντο,
3430 2732 3729 2800 σπέρματα

2138 2820 2398 2910 λαϐόντες
2428 2845 2524 2898 καὶ¹
2555 2838 2812 2909 ἀπαρχὰς
2839 2830 3250 2906 ἀκριϐεστέρων
3283 2826 3588 2880 ἐπιλύσεων
3636 2820 3732 2873 καὶ

2138 2944 2198 2997 τό
2237 2957 2302 3008 γε
2333 2937 2580 3008 πατέρας
2624 2930 2821 2991 αὐτοὺς
2852 2925 3052 2997 μᾶλλον
3080 2922 3214 2993 ἡμῖν
3241 2915 3589 2987 ἐπιγράφων,
3627 2911 3731 2966 καὶ

456 3006 544 3026 ..ττ-
577 3006 700 3027 --ο-
735 3006 826 3010 --η
1160 3006 1240 3023 η,

453 3051 663 3106 bitores
695 3050 1061 3109 demonstrat,
1101 3044 1250 3115 quod
1283 3042 1542 3096 nimirum
1588 3037 1811 3092 acribus
1843 3048 2034 3089 eorum

2147 3033 2407 3108 τροφείων
2433 3030 2578 3100 ἡμᾶς
2604 3025 2903 3093 ἀποφαῖνον
2941 3017 3244 3090 χρεώστας,
3280 3013 3363 3066 ὅτι
3387 3011 3509 3072 ταῖς
3537 3006 3729 3060 συντό-

2647 3118 2667 3123 ⁴
2701 3117 2716 3123 ³
2773 3119 2792 3123 ’³
2941 3111 2954 3123 ⁸
3074 3110 3090 3123 ⁸
3248 3107 3259 3123 '
3426 3105 3464 3123 -9
3482 3120 3497 3123 _
3562 3101 3729 3123 2----"

453 3141 744 3200 conatibus
788 3155 852 3194 ac
900 3139 1205 3198 laboribus,
1257 3149 1402 3190 nunc
1452 3133 1672 3188 demum
1721 3129 1786 3183 ad
1829 3129 2040 3196 apicem

451 3235 639 3289 videre
682 3231 806 3286 licet
836 3245 1118 3285 sacrarum
1163 3227 1493 3281 Litterarum
1531 3220 2040 3290 interpretationem

454 3333 791 3397 provectam,
849 3337 949 3378 nec
1004 3322 1252 3390 cuipiam
1283 3317 1515 3372 inscitia:
1544 3323 1639 3369 aut
1685 3311 2044 3368 dubitationis

459 3435 649 3475 ansam
688 3417 801 3486 jam
833 3431 958 3471 esse
987 3417 1258 3469 relictam.

538 3508 623 3562 ll.
664 3507 818 3574 Quod
852 3508 896 3561 si
929 3505 1068 3560 forte
1097 3503 1297 3572 aliquis
1322 3501 1496 3557 sancti
1522 3497 1760 3568 Spiritus
1782 3498 2042 3552 instinctu

458 3598 629 3668 dicat,
662 3600 956 3670 praadictas
979 3593 1657 3652 oﬂ‘ensioncs-deelinandi
1707 3606 1895 3655 causa,
1935 3589 2047 3658 ple-

461 3706 665 3760 rasque
711 3704 901 3744 earum
945 3702 1068 3758 qua:
1116 3687 1171 3741 in
1223 3685 1407 3740 divina
1460 3682 1740 3752 Scriptura
1789 3680 2048 3735 videntur

461 3783 949 3845 contradictiones,
985 3780 1203 3835 inscitia
1239 3778 1516 3833 malitiave
1563 3790 1750 3830 eorum
1797 3774 1916 3828 ﬁeri
1949 3771 2044 3842 qui

464 3883 644 3928 textus
674 3873 796 3927 illos
822 3881 1172 3942 oppugnant;
1198 3870 1274 3934 id,
1298 3870 1547 3938 inquam,
1577 3878 1724 3922 recte
1751 3864 2046 3920 admodum

463 3965 726 4035 justeque
749 3963 987 4020 dicetur.
1028 3961 1242 4017 Etenim
1274 3961 1473 4031 partim
1510 3958 1658 4013 haud
1694 3957 2050 4012 considerant

464 4057 911 4113 circumstantias
971 4056 1175 4126 quibus
1234 4052 1608 4124 repugnantia:
1671 4050 2046 4116 auferuntur,

467 4151 666 4220 partim
699 4165 830 4204 vero
864 4148 1217 4220 improbitate
1257 4161 1358 4200 sua
1401 4145 1778 4198 diﬁicultatem
1815 4157 2052 4213 exagge-

467 4250 612 4296 rant.
668 4243 922 4296 Attamen
995 4253 1356 4310 personarum
1423 4236 1837 4291 circumstantia
1907 4232 2052 4288 haud

467 4349 796 4404 magnopere
843 4335 1093 4404 praesenti
1128 4340 1452 4404 argumento
1487 4329 1730 4399 prodest,
1775 4327 1870 4382 sed
1903 4327 2052 4397 ipsa-

2144 3101 2263 3192 νοις⁷
2296 3123 2476 3180 αὐτῶν
2537 3117 2823 3179 ἐπιϐολαῖς
2869 3111 2966 3166 καὶ
3013 3107 3371 3181 φιλοπονίαις,
3419 3105 3498 3167 είς
3556 3101 3732 3169 ἀκρον

2146 3223 2295 3276 ἐστιν
2349 3219 2479 3272 ἰδεῖν
2528 3213 2598 3267 τά
2642 3211 2869 3264 πλεῖστα
2897 3205 3006 3260 τῶν
3041 3203 3201 3277 ἱερῶν
3245 3197 3593 3271 γραμμάτων
3631 3193 3734 3261 τὴν

2146 3310 2410 3386 ἐργασὶαν
2472 3302 2854 3374 ἀπειληφότα,
2931 3297 3027 3351 καὶ
3090 3293 3362 3366 μηδεμίαν
3413 3287 3635 3357 ἀγνοίας
3697 3283 3733 3352 ἦ

2146 3400 2614 3480 ἀμφισϐητήσεώς
2635 3414 2748 3451 τισι
2774 3390 3204 3449 καταλελοιπότα
3232 3384 3533 3456 πρόφασιν.

2226 3497 2316 3552 ια’.
2354 3469 2495 3564 (Ιίαῖη
2516 3493 2560 3545 δ’
2587 3491 2654 3545 ἀν
2687 3505 2770 3550 τις
2808 3487 2937 3548 ἴσως
2961 3479 3141 3552 ὁδηγῴ
3171 3477 3248 3548 τῷ
3282 3474 3566 3544 Πνεύματι
3590 3469 3736 3542 χρώ-

2153 3608 2332 3666 μενος,
2380 3587 2524 3642 ὥστε
2551 3585 2645 3639 καὶ
2678 3581 2776 3644 τὰς
2809 3576 3109 3650 εἰρημένας
3138 3571 3310 3635 λαϐὰς
3338 3568 3624 3636 ἐκφυγεῖν,
3659 3563 3736 3627 ὠς

2149 3658 2208 3740 τὸ
2244 3683 2342 3754 μὲν
2392 3677 2564 3732 πολλὰ
2620 3675 2728 3728 τῶν
2764 3671 3106 3742 φαινομένων
3159 3668 3215 3720 ἐν
3257 3665 3322 3734 τῇ
3364 3659 3485 3731 θείᾳ
3541 3658 3736 3728 Γραφῇ

2153 3751 2422 3848 μάχεσθαι
2467 3772 2620 3839 παρά
2662 3767 2762 3836 τὴν
2793 3765 3017 3833 ἄγνοιαν
3053 3761 3087 3832 ἦ
3118 3760 3218 3830 τὴν
3247 3753 3588 3826 κακουργίαν
3625 3751 3738 3804 τῶν

2149 3845 2263 3932 τοῖς
2298 3868 2482 3938 ρητοῖς
2524 3859 2948 3920 ἐπιϐαλλόντων,
2986 3852 3161 3924 ὀρθῶς
3191 3869 3252 3904 τε
3286 3851 3378 3904 καὶ
3411 3845 3639 3909 δικαίως
3669 3845 3740 3897 εῖ-

2157 3973 2346 4032 ρηται·
2382 3959 2431 4010 οῖ
2468 3956 2566 4027 μὲν
2600 3954 2710 4022 γάρ
2762 3952 2824 4004 οὐ
2875 3946 3212 4018 συνορῶντες
3254 3943 3323 3996 τά
3374 3938 3742 4011 περιστατικά

2151 4053 2218 4107 δι’
2247 4045 2322 4105 ὧν
2350 4049 2419 4104 τά
2451 4047 2738 4119 μαχόμενα
2769 4043 2995 4096 λύεται·
3028 4040 3076 4092 oi
3120 4037 3178 4090 δὲ
3221 4030 3741 4103 κακομηχανοῦντες

2153 4145 2250 4216 τὴν
2296 4142 2530 4214 ἀπορίαν
2560 4137 2922 4212 κρατύνουσι·
2974 4132 3114 4202 πλὴν
3157 4129 3294 4184 ἀλλά
3323 4143 3387 4196 γε
3431 4127 3527 4179 νῦν
3559 4127 3595 4196 ή
3634 4121 3740 4177 ἀπὸ

2152 4236 2248 4292 τοῦ
2299 4233 2598 4304 προσώπου
2631 4231 2959 4302 περίστασις
2991 4226 3146 4280 οὐδὲν
3197 4223 3340 4296 μέγα
3385 4221 3452 4290 τῇ
3487 4219 3740 4286 παρούσῃ

2157 4331 2363 4404 θεωρίᾳ
2414 4328 2806 4400 συμϐάλλεται,
2857 4323 3037 4377 αὐτῶν
3081 4321 3140 4375 δὲ
3185 4318 3385 4394 μᾶλλον
3418 4317 3526 4370 τῶν
3578 4315 3741 4385 ἱερῶν

470 4441 592 4481 rum
637 4427 819 4497 potius
851 4442 1135 4482 sacrarum
1190 4427 1496 4481 litterarum
1543 4421 1774 4492 diligens
1801 4419 2042 4475 conside-

2155 4423 2504 4498 γραμμάτων
2535 4423 2568 4493 ή
2598 4417 2834 4490 ἀκριϐὴς
2882 4412 3229 4480 συνεξέτασις
3265 4410 3322 4477 ἐξ
3379 4411 3587 4462 ἑαυτῶν
3624 4408 3742 4461 δια-

471 4518 636 4581 ratio,
689 4518 918 4572 inscitia:
976 4518 1167 4573 sordes
1232 4517 1470 4586 puritate
1527 4512 1611 4567 sui
1667 4528 1862 4567 sensus
1922 4511 2054 4566 hinc

471 4611 682 4680 ejiciet.
725 4609 967 4680 Sequere
1016 4625 1106 4665 me
1139 4609 1303 4679 igitur
1337 4606 1663 4677 cogitatione
1695 4615 1810 4671 tua,
1844 4619 2055 4658 meam-

471 4719 580 4772 que
603 4718 824 4771 operam
854 4701 1136 4757 comitare.
1165 4700 1349 4755 Primo
1370 4700 1592 4769 quidem
1621 4696 1886 4751 Dominus
1913 4694 2055 4749 haud
2084 4720 2086 4722 τ

469 4795 624 4863 jubet
649 4793 948 4862 discipulos
978 4805 1298 4846 crumenam
1332 4804 1542 4861 gerere,
1586 4804 1774 4842 vermn
1819 4803 1915 4842 eos
1963 4787 2058 4855 qui

469 4883 616 4938 hanc
669 4885 955 4946 haberent,
1007 4896 1194 4952 peram
1239 4895 1458 4952 quoque
1502 4879 1668 4935 simul
1709 4877 1854 4932 ferre
1901 4877 2056 4930 sinit.

473 4977 601 5042 Qui,
627 4991 836 5045 quaeso,
879 4974 994 5028 haec
1052 4973 1194 5028 inter
1226 4987 1286 5028 se
1321 4974 1625 5036 dissonant,
1661 4969 1745 5024 vel
1785 4968 2062 5038 quomodo

474 5068 578 5124 sibi
608 5065 1016 5121 adversantur?
1047 5064 1099 5118 in
1129 5065 1528 5136 discipulorum
1579 5077 1814 5117 numero
1862 5059 2064 5114 habere

474 5176 539 5216 ac
562 5160 858 5230 praedicare
879 5173 974 5214 eos
996 5160 1091 5230 qui
1116 5161 1452 5228 paupertatis
1486 5158 1802 5212 mandatum
1829 5162 2061 5218 curant;

476 5253 839 5308 violatoribus
871 5261 1053 5307 autem
1087 5252 1394 5323 indulgere,
1431 5263 1595 5320 atque
1629 5249 1750 5318 ejus
1808 5247 1884 5302 rei
1926 5260 2065 5316 pra:-

479 5355 700 5413 ceptum
737 5345 1051 5412 antiquare.
1090 5344 1302 5397 Etenim
1348 5343 1579 5396 inﬁrma:
1609 5341 1776 5394 menti
1803 5338 2067 5392 severitas

477 5436 930 5522 regulaeinutilis
972 5445 1088 5502 est;
1139 5447 1194 5491 et
1243 5436 1341 5506 qui
1393 5436 1676 5505 superiore
1727 5435 1832 5486 vita
1883 5431 2070 5502 negle-

477 5537 594 5583 tum
643 5521 778 5598 legis
815 5543 924 5598 pra:
963 5542 1022 5584 se
1051 5521 1196 5592 tulit,
1230 5529 1276 5584 is
1310 5525 1519 5582 inhibet
1547 5527 1864 5581 ulteriorem
1899 5523 2070 5592 legis-

477 5621 670 5682 latoris
702 5621 1136 5691 providentiam.
1169 5621 1502 5677 Conceditur
1533 5634 1687 5691 ergo,
1719 5627 1780 5674 ut
1809 5617 2069 5682 diximus,

481 5713 809 5773 habentibus
843 5730 1164 5772 crumenam
1193 5717 1355 5772 etiam
1385 5729 1554 5785 pera;
1589 5713 1672 5769 vel
1708 5711 1893 5783 potius
1925 5708 2073 5764 futu-

2158 4515 2481 4579 σκεδάζεται
2519 4509 2876 4566 ἐπιθολοῦσαν
2908 4507 3133 4575 ἄγνοιαν
3162 4506 3228 4575 τῇ
3281 4501 3619 4573 καθαρότητι
3650 4497 3741 4551 τοῦ

2156 4610 2452 4680 νοήματος.
2485 4603 2593 4658 Καί
2634 4620 2723 4671 μοι
2758 4599 3147 4654 συνδιασκόπει
3175 4597 3287 4658 τοῖς
3333 4593 3616 4661 λογισμοῖς
3652 4589 3744 4642 καί⁵

2160 4697 2546 4755 συνακολούθει
2575 4695 2652 4767 τῷ
2683 4695 3066 4766 ἐγχειρήματι.
3108 4689 3333 4762 Πρῶτον
3363 4687 3460 4758 μὲν
3487 4686 3515 4738 ὁ
3541 4683 3743 4737 Δεσπό-

2159 4811 2258 4862 της
2294 4793 2395 4844 οὐκ
2429 4790 2709 4844 ἐπιτάττει
2757 4789 2883 4850 τοὺς
2931 4783 3181 4856 μαθητὰς
3234 4781 3516 4852 βαλάντιον
3546 4778 3740 4846 αἴρειν,

2161 4883 2298 4938 ἀλλά
2337 4882 2462 4945 τοὺς
2491 4880 2740 4952 ἔχοντας,
2777 4878 2873 4932 καὶ
2901 4878 3085 4948 πήραν
3117 4873 3502 4944 συνεπιφὲρειν
3527 4870 3742 4940 ἀφίησι.

2165 4973 2274 5028 Ποῦ
2322 4973 2502 5026 τοίνυν
2547 4971 2719 5025 ταῦτα
2750 4969 3077 5039 ἀσύμφωνα,
3120 4964 3359 5027 καὶπῶς
3395 4963 3461 5016 ἀν
3494 4960 3747 5030 ἀλλήλοις

2169 5068 2429 5138 μάχοιτο;
2495 5066 2744 5136 μαθητάς
2803 5064 2902 5134 μέν
2955 5063 3130 5116 ποιεῖν
3180 5059 3274 5112 καὶ
3324 5054 3603 5111 δεικνύναι
3650 5054 3746 5122 τῆς

2166 5159 2555 5231 άκτημοσύνης
2613 5155 3033 5226 νομοφύλακας,
3103 5152 3232 5214 τοὺς
3292 5148 3634 5219 ήθετηκότας
3693 5145 3747 5198 δὲ

2170 5252 2494 5322 συγχωρεῖν,
2540 5250 2678 5303 κάπὶ
2706 5249 2815 5302 τῶν
2848 5247 3048 5317 ὁμοίων
3081 5245 3229 5298 λύειν
3270 5242 3332 5296 τὸ
3375 5241 3743 5310 πρόσταγμα·

2169 5339 2568 5412 ἀρῤωστήματι
2606 5338 2716 5410 γάρ
2751 5336 2976 5408 γνώμης
3027 5335 3205 5390 κανὼν
3238 5332 3526 5405 ἀκριϐείας
3575 5330 3748 5400 ἀσύμ-

2171 5447 2340 5501 φορον
2363 5449 2376 5462 ·
2411 5431 2508 5483 καὶ
2532 5432 2560 5482 ό
2593 5431 2717 5495 δοὺς
2769 5434 2883 5493 τοῖς
2931 5425 3266 5500 προλαϐοῦσι
3309 5427 3408 5495 τῆς
3454 5422 3749 5493 ὀλιγωρίας

2170 5524 2263 5576 τὸν
2306 5523 2544 5594 ἔλεγχον,
2597 5523 2760 5587 αὐτὸς
2799 5521 3136 5592 ἀναχαιτίζει
3189 5517 3284 5572 τοῦ
3321 5515 3616 5588 νομοθέτου
3657 5513 3750 5583 τὴν

2173 5613 2272 5667 ἐπὶ
2308 5617 2418 5677 τοῖς
2466 5613 2725 5685 μέλλουσι
2756 5613 3036 5684 πρόνοιαν.
3084 5611 3460 5681 Συγχωρεῖται
3500 5605 3601 5676 μὲν
3639 5600 3749 5665 οὖν,

2175 5707 2249 5771 ὡς
2303 5706 2535 5779 ἔφημεν,
2585 5709 2698 5772 τοῖς
2741 5705 3104 5777 κτησαμένοις
3147 5704 3209 5757 τὸ
3254 5702 3537 5772 βαλάντιον
3587 5696 3684 5751 καὶ
3721 5696 3752 5765 ή
