3916 6192
244 259 311 329 61
1297 262 1399 323 AD
1428 254 2025 323 AMPHILOCHIUM
2060 262 2407 334 QUIESTIO
2438 262 2490 322 Ι.

3449 269 3523 333 62

248 378 404 449 πήρα
428 392 442 408 ⁸
469 376 503 449 ἢ
528 415 544 444 ,
571 377 621 431 εἰ
652 375 872 448 βούλει,
906 377 1388 447 προαναφωνεϊται
1422 375 1525 443 τῆς
1562 376 1822 445 ἐσομένης

1935 388 2054 426 rum
2091 374 2213 426 vitae
2241 389 2411 443 genus
2435 388 2649 439 eorum,
2678 372 2771 443 qui
2799 372 2979 444 priora
3005 376 3259 431 mandata
3290 379 3519 437 minime

246 468 529 533 πολιτείας
578 472 692 532 τοῖς
746 469 819 539 μὴ
868 469 940 522 τά
987 468 1270 535 φθάσαντα
1339 469 1748 538 συντηρήσασιν
1804 469 1832 520 6

244 561 474 632 τρόποςο
505 562 749 616 ἐναντίον
774 562 829 615 δὲ
862 564 927 632 τῇ
952 562 1162 632 ἐντολῇ,
1192 562 1261 614 δι’
1284 556 1350 633 ἧς
1377 562 1425 614 οἱ
1451 560 1831 624 τελειωθέντες

247 652 344 723 τὴν
387 654 774 724 ἁκτημοσύνην
821 654 1213 724 κατώρθωσαν,
1260 656 1511 726 οὐδαμῶς
1571 655 1637 709 ἂν
1671 655 1830 708 τοῦτο

246 747 599 819 συνοραθείη.
645 748 811 818 Ὁρᾷς
843 749 961 810 πῶς
986 746 1045 811 ἐξ
1076 748 1252 816 αὐτῆς
1297 749 1398 816 τῆς
1427 748 1625 814 λέξεως
1658 746 1830 800 καθα-

246 835 359 904 ρῶς
381 837 415 906 ή
444 834 600 899 λύσις
635 836 999 906 προέρχεται,
1035 837 1203 906 μηδὲν
1227 837 1466 906 ἐργῶδες
1500 837 1636 907 μηδέ
1678 853 1831 905 περι-

242 930 570 999 νενοημὲνον
600 929 936 1000 παρέχουσα·
980 948 999 982 ι
1035 928 1196 983 Ἀλλὰ
1227 930 1340 996 νῦν,
1386 931 1573 1001 φησιν,
1617 930 1645 981 6
1691 928 1828 999 ἔχων

244 1020 559 1090 βαλάντιον,
591 1022 781 1091 ἀράτω
814 1022 1019 1091 ὁμοίως
1048 1022 1141 1075 καὶ
1163 1023 1366 1093 πήραν.
1394 1041 1413 1073 ›

317 1114 409 1183 ιβ’.
435 1115 540 1167 Δύο
565 1113 747 1179 τάξεις
774 1115 890 1179 νῦν,
930 1115 957 1168 ὃ
982 1114 1076 1168 καὶ
1107 1115 1203 1168 ἐπὶ
1243 1115 1423 1185 πάσης
1461 1115 1629 1187 ἄλλης
1680 1115 1828 1178 ἔστιν

238 1206 424 1276 εὑρεῖν
472 1208 711 1278 ἐντολῆς,
770 1208 1145 1276 συνορῶν-ξαν
1187 1211 1235 1263 οἱ
1296 1211 1394 1280 μὲν
1443 1209 1824 1280 κατορθοῦσιν,

237 1300 289 1351 οί
316 1299 372 1352 δὲ
407 1300 466 1352 τὸ
496 1300 827 1370 πρόσταγμα
861 1300 1264 1371 παραϐαίνουσι
1289 1318 1303 1331 ·
1336 1303 1448 1364 τοῖς
1489 1302 1588 1371 μὲν
1618 1318 1829 1373 κατωρ-

238 1390 446 1444 θωκόσι
477 1393 572 1445 καὶ
632 1391 739 1445 τῶν
797 1394 1059 1462 μειζόνων
1087 1394 1114 1445 ὁ
1152 1394 1314 1457 πόνος
1347 1394 1683 1462 πιστεύεται,
1713 1398 1827 1458 τοῖς

232 1480 281 1533 δ’
310 1481 747 1553 ὲῤῥᾳθυμηκόσι,
809 1482 961 1536 οὐδὲν
990 1484 1115 1538 ἄλλο
1147 1483 1311 1553 βάρος
1348 1485 1691 1538 ἐπιτίθεται·
1728 1486 1824 1539 ἀλ-

232 1574 307 1626 λὰ
340 1576 436 1626 καὶ
462 1578 827 1645 συγχωρεῖται
872 1576 936 1629 τὺ
982 1576 1217 1643 φθάσαν,
1270 1577 1356 1630 ἵνα
1392 1578 1464 1649 μὴ
1494 1578 1555 1631 τὸ
1593 1580 1701 1632 πᾶν
1765 1578 1824 1647 ἐξ

233 1664 609 1734 ἀπογνώσεως
642 1667 974 1724 ἀπολέσωσι.
1009 1668 1216 1722 Ἔδωκε
1249 1672 1363 1733 τοῖς
1400 1668 1671 1739 μαθηταῖς
1713 1688 1819 1741 μη-

232 1758 330 1811 δὲν
362 1759 663 1830 κεκτῆσθαι
683 1776 699 1791 ο
731 1760 885 1812 οὐδὲν
916 1760 1101 1826 αὐτοῖς
1132 1761 1243 1815 τῶν
1276 1763 1595 1830 ἀναγκαίων
1642 1765 1822 1819 ἐπιλέ-
1855 1738 1894 1792 Β

230 1850 536 1914 λοιπεν,ού
604 1852 821 1923 μικρὸν,
858 1853 916 1905 οὐ
959 1852 1130 1922 μέγαο
1191 1854 1289 1924 οὐχ
1343 1850 1503 1925 εὗρον
1567 1857 1824 1927 ἀφορμὴν

231 1946 495 2015 οὐδεμίαν
524 1946 633 1999 οὐδ’
665 1946 847 1999 αἰτίαν
878 1946 1081 2001 πλάσαι
1113 1949 1481 2018 παραϐάσεως
1501 1968 1514 1981 ο
1551 1951 1646 2003 καὶ
1679 1950 1823 2021 μάρ-

230 2056 401 2108 τυρες
431 2038 584 2092 αὐτοὶ
613 2037 708 2090 τοῦ
742 2038 971 2108 μηδενὸς
997 2040 1055 2090 ἐν
1094 2039 1271 2111 ἐνδείᾳ
1312 2040 1823 2110 νομοφυλακοῦντες

232 2134 594 2202 καταστῆναι.
616 2150 634 2182 ι
661 2132 750 2202 Μή
766 2148 909 2194 τινος
947 2131 1074 2201 γὰρ,
1102 2151 1119 2183 ι
1154 2133 1340 2203 φησὶν,
1371 2152 1388 2183 ι
1411 2133 1766 2204 ύστερήσατες
1800 2155 1817 2187 ι

231 2226 284 2277 οἱ
302 2224 362 2277 δέ
386 2242 402 2273 ι
430 2222 675 2285 Οὐδενός.
700 2242 717 2274 ι
737 2224 890 2275 Ἐπεὶ
913 2222 1005 2276 οῦν
1026 2224 1307 2294 ὁμοτίμως
1329 2225 1476 2295 μένή
1506 2225 1693 2296 ἐντολὴ
1712 2227 1823 2280 ἐδό-

232 2319 329 2389 θη,
371 2318 648 2388 ὁμοτίμως
679 2316 735 2369 δὲ
781 2316 840 2369 τὸ
869 2316 967 2385 τῆς
1011 2316 1201 2386 χρείας
1243 2316 1475 2385 ἄφθονον
1534 2318 1780 2388 ὑπῆρχεν
1805 2337 1819 2350 ·

230 2410 356 2464 ἀλλ’
384 2413 432 2464 οἱ
468 2411 585 2479 μὲν,
622 2410 682 2461 ού
716 2410 834 2463 δέον
868 2408 1271 2479 συνεπιφέρειν,
1323 2409 1608 2480 βαλάντιον
1637 2408 1817 2481 είχδνο

228 2504 281 2555 οἱ
317 2502 377 2555 δὲ
413 2503 511 2571 τῆς
538 2502 758 2571 ἐντολῆς
783 2497 923 2571 ἦσαν
949 2518 963 2531 ·
1017 2502 1144 2563 τοὺς
1200 2502 1298 2571 μὲν
1351 2504 1707 2573 ὑπεριδόντας
1760 2505 1823 2559 τδ

230 2594 567 2663 πρόσταγμα
601 2633 615 2655 ,
667 2591 783 2661 άμα
847 2592 948 2657 μὲν
1008 2590 1268 2662 ἐλέγχων.
1332 2592 1449 2664 ἅμα
1532 2594 1590 2647 δέ
1641 2597 1821 2663 ἀφιεὶς

230 2683 502 2755 φέρεσθαι
527 2686 593 2754 τῇ
622 2681 837 2752 γνώμῃ,
855 2682 950 2733 κα)⁸
976 2680 1037 2735 οὐ
1068 2682 1377 2750 συγκλείων
1407 2685 1488 2747 εἰς
1513 2684 1634 2754 βίαν
1658 2703 1672 2717 ·
1702 2684 1820 2753 ἅμα

229 2778 291 2832 δὲ
320 2779 368 2830 εί
406 2775 583 2845 βούλει
614 2774 709 2827 καὶ
735 2774 1139 2843 προαναφωνῶν
1173 2774 1357 2837 αὐτοῖς
1396 2776 1497 2845 τῆς
1544 2775 1822 2841 πολιτείας

228 2870 294 2924 τὸ
325 2869 536 2938 μέλλον,
571 2884 589 2918 ι
636 2867 696 2919 '0
719 2865 876 2935 ἔχων,
913 2865 1068 2934 φησὶ,
1089 2864 1392 2934 βαλάντιον,
1412 2866 1600 2935 ἀράτω
1622 2868 1822 2935 ὁμοίως

233 2961 335 3015 καὶ
367 2961 567 3029 πήραν.
608 2976 627 3008 ι
661 2954 1078 3026 Προανεκήρυξε
1116 2954 1225 3025 γὰρ
1255 2956 1282 3008 6
1320 2956 1577 3026 παραϐὰς
1606 2952 1689 3021 οἷς
1725 2958 1821 3025 ἐφ-

231 3052 370 3105 θασε
401 3050 631 3121 πράξας,
661 3050 755 3102 καὶ
808 3048 907 3116 τῆς
955 3046 1178 3112 ἐντολῆς
1224 3046 1520 3117 ἀλογήσας,
1576 3049 1695 3102 οἵαν
1728 3050 1819 3103 ναὶ

230 3161 303 3197 πε
316 3145 372 3213 pl.
394 3141 487 3194 τοῦ
520 3138 819 3207 συστοίχων
846 3137 946 3205 τὴν
986 3137 1041 3188 ἐν
1062 3136 1139 3206 τῷ
1174 3137 1424 3205 μέλλοντι
1453 3137 1693 3191 διάθεσιν
1714 3138 1820 3190 δεί-

234 3240 324 3307 ξει
349 3254 363 3268 ο
399 3238 512 3297 τοῖς
541 3234 598 3287 δὲ
624 3231 878 3303 καθαρῶς
906 3230 1320 3298 ἀσπασαμένοις
1377 3231 1437 3284 τὸ
1468 3232 1819 3301 πρόσταγμα,

234 3332 343 3400 τῆς
371 3329 596 3397 γνώμης
622 3323 800 3378 αὐτῶν
831 3321 1231 3389 ἀποδεξάμενος
1265 3320 1326 3373 τὸ
1353 3321 1601 3393 στερρὸν,
1633 3323 1731 3375 καὶ
1760 3322 1822 3375 τὸ

235 3423 541 3491 κεφάλαιον
577 3418 687 3471 τῶν
709 3415 1154 3486 κατορθωμάτων
1180 3416 1238 3466 ἐν
1274 3414 1487 3481 ἀγῶνος
1520 3416 1688 3488 μοίρᾳ
1723 3434 1822 3486 χα.

242 3516 459 3585 ρίζεται
491 3514 585 3566 καὶ
616 3509 754 3581 πρὸς
784 3508 845 3562 τὸ
875 3508 976 3577 τῆς
1010 3506 1330 3575 φιλοσοφίας
1366 3507 1537 3578 ἀκρον
1577 3502 1658 3571 οἷς
1705 3510 1821 3562 τίσ-

236 3609 367 3675 άγει
401 3604 686 3673 ἀναφέρει.

315 3704 402 3766 ιγ’.
436 3697 525 3749 Διό
556 3712 689 3766 φησι
714 3694 848 3765 πρὸς
870 3692 1162 3764 ἑκατέρους
1187 3690 1277 3744 τοῦ
1294 3689 1454 3758 λόγου
1473 3688 1819 3760 σχιζομένου·

233 3790 359 3844 Νῦν
393 3789 451 3842 δὲ
480 3790 567 3842 ὅτε
597 3786 831 3855 μάλιστα
857 3786 917 3839 τὸ
941 3785 1112 3848 πάθος
1139 3784 1507 3853 ήκειτὸέμδν,
1533 3785 1625 3836 καὶ
1652 3786 1681 3836 ὁ
1701 3785 1821 3838 καθ’

234 3880 399 3949 ὐμῶν
443 3879 539 3932 ἐπὶ
583 3878 726 3947 μέγα
774 3874 1105 3944 κρατύνεται
1156 3873 1414 3943 πόλεμος,
1461 3873 1559 3927 καὶ
1608 3873 1822 3926 πολλῶν

233 3972 464 4040 ἔλεγχον
493 3967 722 4022 δώσουσι
750 3965 1030 4035 λογισμοί·
1058 3958 1139 4027 οἷς
1169 3963 1266 4033 μὲν
1296 3966 1324 4017 6
1363 3965 1463 4033 τῆς
1489 3964 1708 4034 ἐντολῆς
1735 3964 1823 4017 λό-

233 4081 336 4133 γος
370 4062 479 4115 οὐδ’
512 4062 655 4113 οὕτω
702 4059 942 4129 χαλεπὸς
988 4056 1062 4109 ὢν
1102 4058 1203 4109 οὐκ
1259 4055 1560 4126 ἐφυλάχθη,
1612 4056 1822 4119 τούτοις

241 4155 611 4223 ἀκολουθήσει
645 4151 785 4222 μετά
815 4149 910 4202 τοῦ
976 4148 1261 4218 βαλαντίου
1289 4148 1382 4201 καὶ
1408 4149 1440 4217 ή
1474 4148 1821 4218 περιποίησις

230 4247 341 4317 τῆς
376 4246 557 4316 πήρας
585 4259 600 4273 ·
632 4239 712 4306 οἷς
736 4243 781 4295 δ’
808 4241 1065 4312 ἀνωτέρω
1095 4238 1352 4309 γενέσθαι
1381 4239 1482 4307 τῆς
1510 4239 1821 4309 ἀθετήσεως

231 4330 734 4407 διεπονήθη,“οἶιτοι
764 4334 859 4387 καὶ
890 4332 950 4385 τὸ
989 4332 1142 4395 τέλος
1194 4331 1395 4383 οἰκεῖον
1422 4329 1531 4381 τῶν
1566 4345 1822 4399 προηγω-

230 4431 514 4501 νισμένων
544 4427 865 4497 ἐπιθήσουσι
891 4441 907 4456 ο
942 4424 1037 4476 καὶ
1065 4424 1189 4486 τοὺς
1224 4424 1322 4492 μὲν
1352 4422 1451 4492 τῆς
1505 4421 1680 4491 ἄκρας
1734 4437 1823 4488 φι-

230 4522 520 4593 λοσοφίας,
560 4521 659 4575 καὶ
688 4520 775 4572 διὰ
804 4518 960 4571 τοῦτο
996 4516 1093 4570 καὶ
1124 4516 1222 4586 τῆς
1266 4514 1533 4585 άκτησίας
1587 4532 1820 4581 κατενη-

230 4618 560 4689 νεγμένους,
594 4620 628 4688 ή
676 4615 785 4669 τῶν
818 4613 1030 4668 πολλῶν
1067 4612 1307 4683 μέριμνα
1367 4612 1460 4664 καὶ
1512 4611 1544 4681 ή
1602 4612 1824 4679 φροντὶς

230 4712 555 4776 ὑποδέξεται
584 4727 598 4742 ο
625 4704 708 4771 οἷς
746 4707 885 4779 μετὰ
917 4705 1011 4760 τοῦ
1045 4704 1330 4775 βαλαντίου
1364 4702 1454 4756 καὶ
1480 4704 1512 4772 ή
1536 4704 1709 4772 πήρα,
1729 4701 1823 4755 καὶ

228 4806 339 4859 ὅσα
365 4804 430 4856 ἂν
455 4802 515 4855 τὸ
546 4800 935 4869 εὐπερίστατον
996 4798 1261 4868 ἐπιτάττῃ
1292 4795 1387 4849 τοῦ
1421 4795 1560 4865 βίου,
1603 4797 1664 4848 οὐ
1708 4795 1823 4848 διαε-

229 4895 413 4965 λείψει
442 4893 508 4946 δι’
534 4893 692 4964 ὄχλου
720 4890 983 4961 γινόμενα
1008 4906 1022 4920 ο
1055 4890 1168 4951 τοῖς
1210 4888 1267 4940 δέ
1299 4905 1362 4956 γε
1404 4888 1714 4958 τηρήσασιν
1765 4888 1822 4940 ἐν

230 4984 443 5055 σπουδῇ
464 4982 569 5039 καὶ
595 4982 777 5043 πόνοις
805 4980 865 5032 τὺ
897 4977 1209 5049 ἀγώνισμα.
1247 4976 1399 5029 Ἐπεὶ
1428 4976 1605 5040 τοῦτο,
1635 4976 1819 5047 φησὶν,

231 5080 368 5147 ύμῖν
390 5074 566 5146 ὀρθῶς
592 5091 651 5127 τε
697 5071 793 5126 καὶ
829 5070 1104 5141 ἐπιμελῶς
1158 5069 1595 5139 διαπέπρακται,
1630 5070 1723 5122 καὶ
1762 5069 1822 5122 τὸ

227 5170 335 5238 τῆς
364 5163 751 5236 ἀκτημοσύνης
780 5159 939 5217 ἆλθον
970 5161 1159 5231 ὥσπερ
1192 5159 1412 5231 ἀρραγῆ
1448 5159 1689 5228 κρηπῖδα
1713 5158 1821 5212 τῶν

233 5260 545 5333 μελλόντων
568 5256 795 5324 ἀγώνων
823 5254 1081 5323 ἐπήξατε,
1117 5253 1367 5305 λείπεται
1410 5250 1467 5303 δὲ
1508 5267 1820 5321 παρεσκευ-

230 5356 510 5426 ασμένους
540 5352 620 5406 ἔτι
653 5352 853 5422 μᾶλλον
876 5351 970 5404 καὶ
1014 5348 1263 5418 ἐτοίμους
1296 5348 1439 5416 ὑμᾶς
1473 5340 1613 5399 εἶναι
1647 5346 1743 5400 νῦν
1783 5345 1817 5417 ἦ

230 5450 505 5522 πρότερον
535 5445 672 5514 πρὸς
722 5444 813 5496 τὸν
851 5443 992 5513 ὑπὲρ
1052 5440 1190 5511 ἐμοῦ
1246 5441 1512 5493 θάνατον·
1563 5439 1665 5509 ήδη
1711 5440 1818 5509 γὰρ

228 5541 395 5611 κάγὼ
414 5542 505 5595 τὸν
534 5540 677 5608 ὑπὲρ
693 5536 787 5591 τοῦ
811 5536 1016 5605 κόσμου
1045 5535 1377 5604 ύπέρχομαι.
1412 5532 1484 5586 Εὖ
1522 5533 1579 5586 δὲ
1607 5531 1820 5586 ποιοῦν-

230 5652 328 5700 τες
346 5631 725 5706 προαπέθεσθε
746 5629 847 5701 μὲν
874 5628 1050 5681 πάντα
1064 5626 1135 5678 τὰ
1154 5624 1250 5679 τοῦ
1271 5625 1386 5696 βίου
1415 5641 1430 5656 ·
1458 5624 1609 5679 οὐδὲν
1628 5623 1673 5676 δ’
1690 5623 1819 5692 ύμῖν

229 5709 559 5797 ἐπισύρεται
590 5725 700 5781 τῶν
753 5719 1039 5792 μεθέλκειν
1070 5717 1386 5787 δυναμένων
1437 5715 1545 5773 ἀπὸ
1595 5715 1690 5770 τοῦ
1742 5716 1817 5787 μὴ

1936 464 2386 528 observaverunt,
2415 463 2750 534 praedicitur.
2778 464 2981 520 Verum
3018 467 3068 521 id
3094 469 3336 537 profecto
3374 472 3517 527 haud

1935 555 2276 608 contrarium
2315 565 2542 625 apparet
2578 557 2837 612 mandato
2873 558 2967 622 illi,
3005 560 3093 613 cui
3143 561 3363 628 perfecti
3433 564 3519 618 di-

1935 645 2131 715 scipuli
2164 645 2570 717 obsequentes,
2612 657 2983 719 paupertatem
3026 652 3217 705 scdqu
3270 656 3486 710 retinue

1937 750 2082 795 runt.
2112 739 2303 796 Viden‘
2334 752 2395 796 ut
2428 757 2491 797 ex
2530 745 2647 813 ipsa
2692 745 2970 799 locutione
2993 748 3278 817 perspicue
3313 752 3516 805 solutio

1932 834 2083 892 fluat.
2117 835 2236 890 sine
2267 837 2378 890 ullo
2412 837 2494 891 vel
2530 837 2715 891 labore
2743 839 2827 892 vel
2852 840 3036 893 subtili
3071 843 3511 913 excogitatione:

1938 943 1956 976 ι
1990 923 2146 980 Nunc
2182 942 2310 980 vero
2355 928 2450 998 qui
2498 928 2662 983 habet
2709 945 3045 997 crumenam,
3078 941 3258 987 sumat
3306 934 3513 1003 pariter

1930 1028 1982 1074 et
2011 1036 2197 1088 peram
2224 1020 2237 1073 ι
2275 1039 2294 1072 ι

2002 1112 2087 1166 12.
2134 1112 2280 1168 Duos
2312 1114 2398 1168 hic
2429 1115 2717 1169 hominum
2754 1115 2975 1170 ordines
3014 1116 3096 1186 (ut
3128 1116 3180 1169 in
3219 1116 3327 1171 alio
3374 1134 3513 1186 quo-

1929 1205 2013 1260 vis
2037 1206 2195 1275 jusso
2228 1207 2638 1277 deprehendere
2669 1208 2815 1274 licet)
2846 1210 3098 1264 videmus
3136 1226 3149 1262 :
3182 1211 3273 1263 alii
3304 1212 3510 1265 scilicet

1929 1302 2245 1355 mandatum
2298 1309 2513 1366 curant,
2564 1301 2656 1355 alii
2710 1301 2916 1355 violant
2972 1320 2984 1354 :
3036 1312 3183 1356 recte
3221 1304 3512 1373 agentibus

1928 1393 2154 1462 majoris
2181 1409 2400 1463 quoque
2444 1392 2605 1449 molis
2651 1393 2804 1447 labor
2833 1394 3217 1459 c0ncreditur;
3262 1396 3510 1449 socordi-

1928 1485 2033 1540 bus
2080 1486 2287 1539 nullum
2323 1484 2549 1554 insuper
2591 1485 2803 1555 pondus
2834 1485 3112 1553 adjicitur,
3152 1486 3262 1538 imo
3293 1496 3346 1540 et
3378 1484 3509 1538 illud

1926 1576 2078 1646 prius
2129 1576 2443 1642 remittitur,
2500 1591 2567 1630 ne
2600 1575 2782 1629 omnia
2829 1577 3209 1643 desperatione
3255 1592 3510 1646 pessum-

1929 1670 2080 1724 dent.
2144 1668 2417 1723 Mandavit
2454 1668 2736 1737 discipulis
2794 1668 2928 1723 nihil
2989 1676 3047 1721 ut
3096 1668 3437 1738 possiderent
3489 1685 3503 1723 :

1928 1760 2062 1813 nihil
2109 1759 2178 1813 iis
2224 1761 2623 1823 necessarium,
2679 1760 2795 1814 sive
2830 1760 2880 1813 id
2936 1775 3165 1828 parvum
3203 1770 3346 1814 esset
3393 1762 3508 1813 sive

1927 1866 2221 1919 magnum,
2285 1849 2495 1915 defuit;
2553 1850 2755 1904 nullatu
2809 1852 3159 1904 occasionem
3215 1863 3510 1904 eausamve

1926 1941 2236 2009 contingere
2280 1950 2597 2009 potuerunt,
2638 1956 2737 1995 cur
2776 1940 3148 1994 obedientiam
3183 1940 3505 2006 abjicerent.

1925 2031 2067 2098 Quin
2120 2032 2222 2102 ipsi
2255 2032 2436 2086 testati
2466 2043 2592 2086 sunt
2622 2032 2766 2085 nulla
2817 2048 2875 2086 se
2903 2041 3143 2102 egestate
3176 2032 3508 2088 lahoraxisse

1925 2124 2055 2178 dum
2085 2124 2133 2177 ei
2169 2136 2438 2193 praecepto
2470 2124 2920 2192 obsequerentur.
2971 2140 2989 2174 ι
3036 2121 3312 2192 Nunquid,
3350 2144 3368 2176 ι
3409 2125 3505 2189 ait,

1932 2233 1950 2267 ι
1990 2216 2145 2270 vobis
2172 2215 2381 2270 defuit?
2417 2234 2435 2266 ι
2471 2215 2894 2284 responderunt,
2925 2230 2945 2264 ι
2988 2212 3151 2269 Nihil.
3196 2234 3214 2267 ι
3252 2216 3510 2281 Quando-

1924 2308 2143 2378 quidem
2177 2308 2343 2377 igitur
2363 2322 2655 2361 commune
2682 2308 2997 2360 mandatum
3027 2315 3167 2369 erat,
3195 2307 3507 2361 communis

1923 2415 2144 2472 quoque
2194 2400 2293 2454 fuit
2324 2401 2500 2455 victus
2535 2400 2715 2469 copia.
2756 2398 3145 2454 Verumtamen
3179 2400 3268 2452 alii
3314 2410 3504 2452 contra

1922 2490 2157 2544 officium
2188 2478 2520 2544 crumenam
2582 2490 2915 2554 habuerunt,
2967 2490 3059 2544 alii
3111 2491 3368 2545 mandato
3411 2491 3506 2545 ad-

1924 2584 2221 2638 haeserunt.
2266 2583 2447 2649 Quare
2497 2585 2741 2638 mandati
2794 2585 3083 2641 violatores
3120 2586 3279 2640 simul
3319 2603 3504 2656 repre-

1922 2676 2129 2739 hendit,
2161 2686 2218 2730 et
2269 2676 2435 2731 simul
2491 2690 2593 2731 suo
2649 2692 2922 2745 quemque
2968 2680 3234 2747 permittit
3274 2680 3504 2735 arbitrio

1923 2771 2076 2837 ferri,
2104 2772 2359 2841 nullaque
2386 2773 2436 2825 vi
2465 2773 2633 2841 cogit.
2674 2772 2849 2826 Simul
2877 2780 3083 2837 autem,
3116 2773 3159 2826 si
3198 2774 3271 2828 ita
3304 2775 3503 2843 placet,

1923 2865 2226 2934 prmdicens
2255 2865 2360 2919 illis
2389 2863 2627 2918 futuram
2657 2865 2899 2933 ipsorum
2936 2865 3170 2919 vitamn
3191 2867 3294 2932 Qui
3320 2870 3501 2930 habet.

1923 2958 2018 3023 ait,
2055 2973 2394 3020 crumenam.
2429 2969 2609 3013 sumat
2642 2959 2846 3028 pariter
2878 2968 2932 3013 et
2954 2974 3158 3029 peram.
3196 2980 3214 3011 ι
3253 2960 3384 3014 Nam
3411 2961 3503 3031 qui

1926 3056 2085 3104 antea
2109 3048 2365 3120 deliquit,
2393 3051 2650 3104 mandato
2672 3059 3006 3120 contempto,
3042 3052 3088 3106 is
3118 3053 3254 3107 satis
3282 3063 3505 3121 porten-

1923 3139 2005 3194 dit
2048 3140 2267 3210 qualem
2316 3150 2534 3210 postero
2578 3156 2798 3211 quoque
2850 3150 3091 3213 tempore
3135 3146 3186 3198 in
3235 3161 3294 3201 re
3339 3146 3504 3201 simili

1924 3234 2165 3288 animum
2199 3242 2454 3303 gesturus
2500 3235 2591 3289 sit.
2627 3236 2830 3290 Contra
2877 3251 3091 3302 eorum,
3125 3239 3217 3307 qui
3251 3250 3505 3295 accurate

1923 3340 2037 3379 rem
2090 3324 2411 3403 imperatam
2452 3324 2735 3407 fecerunt,‘
2770 3334 3030 3382 constans
3063 3328 3338 3398 ingenium
3381 3347 3504 3400 pro-

1924 3416 2081 3479 hans,
2110 3432 2381 3471 summam
2411 3431 2630 3486 quoque
2654 3418 3046 3487 perfectionem
3078 3420 3129 3473 in
3159 3424 3350 3490 agonis
3382 3439 3506 3493 par-

1925 3515 2029 3562 tem
2067 3507 2317 3577 largitur,
2341 3522 2546 3577 eosque
2578 3506 2643 3562 ad
2672 3508 2941 3578 religiosae
2981 3510 3105 3564 vitae
3136 3511 3348 3566 culmen
3383 3530 3504 3567 mo-

1924 3599 2055 3654 nitis
2093 3600 2210 3655 suis
2248 3599 2520 3654 subvehit.

1996 3690 2083 3744 15.
2125 3690 2490 3756 Quamobrem
2529 3689 2606 3743 ait
2628 3687 2845 3758 utrique
2866 3689 3063 3753 ordini,
3094 3688 3350 3761 bipartito
3384 3709 3502 3747 ser—

1924 3798 2084 3837 mone
2124 3780 2323 3836 :Nunc
2371 3797 2493 3835 cum
2529 3782 2766 3835 maxime
2818 3783 2999 3850 passio
3054 3798 3169 3837 mea
3205 3786 3501 3854 appropin-

1923 3883 2074 3943 quat.
2134 3873 2445 3941 bellumque
2497 3886 2755 3940 magnum
2790 3883 2980 3925 contra
3018 3887 3114 3927 vos
3151 3872 3499 3943 ingravescit,

1926 3966 2219 4020 multorum
2258 3964 2494 4033 denique
2564 3963 2948 4017 revelabuntur
2989 3964 3367 4033 cogitationes.
3407 3966 3503 4020 Et-

1922 4055 2069 4110 enim
2102 4055 2254 4119 illos,
2287 4070 2315 4107 a
2348 4053 2549 4123 quibus
2581 4054 2837 4122 superius
2869 4053 3208 4120 mandatum,
3236 4056 3359 4110 licet
3390 4072 3498 4111 non

1924 4149 1995 4203 ita
2014 4149 2268 4211 arduum,
2289 4148 2550 4202 violatum
2577 4147 2697 4211 fuit,
2723 4162 2838 4210 eos,
2868 4148 3112 4216 inquam,
3139 4158 3260 4219 post
3290 4166 3502 4205 crume-

1922 4255 2049 4294 nam
2093 4247 2456 4307 consequetur
2499 4253 2642 4307 pera:
2691 4252 2907 4308 quoque
2954 4237 3189 4307 adjectio
3240 4256 3256 4294 :
3308 4250 3500 4295 contra

1922 4333 2021 4395 illi,
2052 4332 2255 4403 quibus
2288 4347 2433 4387 cura:
2464 4330 2568 4385 fuit
2595 4339 2653 4385 ut
2696 4331 2764 4385 ab
2816 4331 3183 4387 inobedientia
3220 4345 3496 4400 caverent,

1854 4427 1900 4485 υ
1926 4425 2238 4480 coronidem
2266 4439 2482 4493 quoque
2506 4423 2755 4476 idoneam
2790 4423 3062 4491 prioribus
3087 4425 3300 4480 actibus
3325 4426 3499 4494 impo-

1922 4526 2071 4572 nent.
2105 4516 2242 4571 Hinc
2290 4530 2383 4569 eos
2417 4514 2508 4585 qui
2541 4530 2571 4568 a
2613 4514 3215 4584 sublimiphilosophia
3264 4516 3499 4585 ideoque

1920 4611 2083 4666 etiam
2133 4624 2163 4663 a
2215 4607 2552 4678 paupertatis
2589 4607 2750 4661 laude
2797 4605 3138 4671 exciderunt,
3198 4606 3495 4661 multarum

1921 4717 2101 4757 rerum
2130 4699 2435 4755 sollicitudo
2457 4708 2512 4753 et
2540 4714 2672 4753 cura
2699 4698 2935 4766 excipiet
2964 4714 2976 4749 :
3002 4698 3331 4766 eosdemque
3360 4715 3497 4768 pra:-

1924 4805 2005 4848 ter
2051 4808 2371 4848 crumenam
2411 4801 2465 4847 et
2497 4806 2707 4861 peram,
2741 4798 2934 4843 caetera
2973 4789 3161 4857 etiam,
3207 4807 3328 4861 qua:
3372 4792 3498 4848 vita:

1921 4886 2133 4940 lautitia
2186 4885 2376 4954 exigit,
2429 4882 2707 4936 turmatim
2769 4882 3201 4939 circumsistent.
3250 4885 3317 4939 At
3368 4900 3498 4941 vero

1920 4978 2028 5030 illis
2047 4977 2140 5046 qui
2171 4975 2361 5029 sedqu
2389 4983 2444 5029 et
2471 4973 2686 5029 fortiter
2713 4975 2765 5028 in
2810 4976 3092 5045 proposito
3125 4993 3287 5047 opere
3316 4994 3499 5047 perse-

1918 5075 2265 5128 veraverant,
2292 5067 2553 5136 quoniam
2579 5068 2705 5131 hoc,
2730 5068 2927 5138 inquit,
2960 5077 3107 5124 recte
3130 5078 3183 5124 et
3212 5069 3500 5140 diligenter

1919 5178 1949 5215 a
1978 5160 2135 5214 vobis
2179 5171 2455 5228 peractum
2485 5169 2760 5213 certamen
2802 5170 2906 5225 est,
2955 5176 3017 5215 ac
3056 5162 3390 5231 paupertatis
3420 5162 3500 5216 la-

1920 5252 2107 5306 borem
2164 5266 2260 5305 ceu
2309 5249 2640 5305 immobilem
2690 5250 2999 5305 futurorum
3029 5266 3261 5321 agonum
3290 5252 3502 5306 colum-

1921 5360 2044 5397 nam
2067 5343 2455 5407 constituistis,
2484 5353 2735 5413 superest
2766 5351 2824 5396 ut
2875 5360 3021 5398 nunc
3056 5343 3300 5413 apprime
3332 5344 3495 5399 morti

1918 5450 2017 5505 pro
2052 5450 2137 5487 me
2164 5434 2425 5489 obeundae
2468 5434 2638 5504 parati
2676 5433 2794 5488 sitis
2838 5452 2852 5487 :
2893 5450 3015 5487 nam
3056 5446 3109 5488 et
3156 5449 3256 5505 ego
3310 5451 3500 5490 necem

1919 5540 2017 5596 pro
2051 5525 2254 5580 mundo
2305 5541 2432 5579 mox
2467 5525 2749 5580 subiturus
2778 5540 2922 5581 sum.
2979 5524 3121 5578 Bene
3164 5536 3344 5580 autem
3391 5534 3497 5591 est,

1918 5620 2062 5692 quod
2111 5629 2270 5674 antea
2333 5618 2609 5673 mundana
2648 5618 2831 5673 omnia
2884 5616 3161 5686 abjecistis
3201 5633 3217 5671 :
3260 5617 3395 5671 nihil
3441 5626 3501 5672 ut

1920 5730 2016 5771 vos
2045 5713 2276 5785 pelliciat
2324 5726 2538 5777 eorum,
2567 5725 2687 5781 quae
2733 5709 2994 5779 impedire
3021 5716 3262 5779 possent,
3287 5708 3502 5779 quomi-
