  <div class='ocr_page' id='page_1' title='image "/cluster/home/n/w/nwhite01/storage/ocr_20150623/101/hvd.32044018872879/055.png"; bbox 0 0 3810 6300; ppageno 0'>
   <div class='ocr_carea' id='block_1_1' title="bbox 446 269 1950 354">
    <p class='ocr_par' dir='ltr' id='par_1_1' title="bbox 446 269 1950 337">
     <span class='ocr_line' id='line_1_1' title="bbox 446 269 1950 337; baseline 0.002 -7"><span class='ocrx_word' id='word_1_1' title='bbox 446 269 516 330; x_wconf 68' lang='lat' dir='ltr'><strong>(il</strong></span> <span class='ocrx_word' id='word_1_2' title='bbox 1609 274 1873 337; x_wconf 79' lang='lat' dir='ltr'><strong>PHOTII</strong></span> <span class='ocrx_word' id='word_1_3' title='bbox 1902 276 1950 337; x_wconf 88' lang='lat' dir='ltr'>P</span> 
     </span>
    </p>
   </div>
   <div class='ocr_carea' id='block_1_2' title="bbox 2242 269 3746 354">
    <p class='ocr_par' dir='ltr' id='par_1_2' title="bbox 2243 276 3746 354">
     <span class='ocr_line' id='line_1_2' title="bbox 2243 276 3746 354; baseline 0.011 -17"><span class='ocrx_word' id='word_1_4' title='bbox 2243 276 2410 337; x_wconf 56' lang='lat' dir='ltr'><strong>CHKE</strong></span> <span class='ocrx_word' id='word_1_5' title='bbox 2449 278 2556 339; x_wconf 75' lang='lat' dir='ltr'><strong>CP.</strong></span> <span class='ocrx_word' id='word_1_6' title='bbox 3676 292 3746 354; x_wconf 65' lang='lat'><strong>65</strong></span> 
     </span>
    </p>
   </div>
   <div class='ocr_carea' id='block_1_3' title="bbox 447 381 1951 476">
    <p class='ocr_par' dir='ltr' id='par_1_3' title="bbox 447 381 1939 454">
     <span class='ocr_line' id='line_1_3' title="bbox 447 381 1939 454; baseline 0.005 -18"><span class='ocrx_word' id='word_1_7' title='bbox 447 397 551 437; x_wconf 90' lang='lat' dir='ltr'><strong>nus</strong></span> <span class='ocrx_word' id='word_1_8' title='bbox 583 381 877 439; x_wconf 68' lang='lat' dir='ltr'><strong>lretabuudi</strong></span> <span class='ocrx_word' id='word_1_9' title='bbox 913 383 979 440; x_wconf 78' lang='lat' dir='ltr'><strong>ad</strong></span> <span class='ocrx_word' id='word_1_10' title='bbox 1010 401 1280 441; x_wconf 80' lang='lat' dir='ltr'><strong>summam</strong></span> <span class='ocrx_word' id='word_1_11' title='bbox 1323 386 1401 443; x_wconf 86' lang='lat' dir='ltr'><strong>rei</strong></span> <span class='ocrx_word' id='word_1_12' title='bbox 1440 387 1693 449; x_wconf 89' lang='lat' dir='ltr'><strong>veniatis.</strong></span> <span class='ocrx_word' id='word_1_13' title='bbox 1740 404 1939 454; x_wconf 81' lang='lat' dir='ltr'><strong>nempe</strong></span> 
     </span>
    </p>
   </div>
   <div class='ocr_carea' id='block_1_4' title="bbox 2246 381 3750 476">
    <p class='ocr_par' dir='ltr' id='par_1_4' title="bbox 2246 388 3750 476">
     <span class='ocr_line' id='line_1_4' title="bbox 2246 388 3750 476; baseline 0.014 -37"><span class='ocrx_word' id='word_1_14' title='bbox 2246 404 2431 456; x_wconf 74' lang='grc' dir='ltr'>ροντας</span> <span class='ocrx_word' id='word_1_15' title='bbox 2462 388 2639 442; x_wconf 79' lang='grc' dir='ltr'>ἐλθεῖν</span> <span class='ocrx_word' id='word_1_16' title='bbox 2688 390 2782 445; x_wconf 79' lang='grc' dir='ltr'><strong>ἐπὶ</strong></span> <span class='ocrx_word' id='word_1_17' title='bbox 2807 392 2867 447; x_wconf 77' lang='grc' dir='ltr'>τὸ</span> <span class='ocrx_word' id='word_1_18' title='bbox 2890 394 3111 451; x_wconf 77' lang='grc' dir='ltr'>πάντων</span> <span class='ocrx_word' id='word_1_19' title='bbox 3136 401 3433 470; x_wconf 77' lang='grc' dir='ltr'>κεφάλαιον</span> <span class='ocrx_word' id='word_1_20' title='bbox 3458 405 3570 476; x_wconf 80' lang='grc' dir='ltr'><strong>τὴν</strong></span> <span class='ocrx_word' id='word_1_21' title='bbox 3603 406 3750 475; x_wconf 81' lang='grc' dir='ltr'>ὑπὲρ</span> 
     </span>
    </p>
   </div>
   <div class='ocr_carea' id='block_1_5' title="bbox 443 475 1947 566">
    <p class='ocr_par' dir='ltr' id='par_1_5' title="bbox 443 475 1945 551">
     <span class='ocr_line' id='line_1_5' title="bbox 443 475 1945 551; baseline 0.005 -24"><span class='ocrx_word' id='word_1_22' title='bbox 443 475 647 529; x_wconf 65' lang='lat' dir='ltr'><strong>caedem</strong></span> <span class='ocrx_word' id='word_1_23' title='bbox 672 476 778 530; x_wconf 90' lang='lat' dir='ltr'><strong>mei</strong></span> <span class='ocrx_word' id='word_1_24' title='bbox 811 492 978 532; x_wconf 81' lang='lat' dir='ltr'><strong>causa</strong></span> <span class='ocrx_word' id='word_1_25' title='bbox 1002 479 1337 549; x_wconf 85' lang='lat' dir='ltr'><strong>patiendam.</strong></span> <span class='ocrx_word' id='word_1_26' title='bbox 1375 480 1613 535; x_wconf 82' lang='lat' dir='ltr'><strong>Pronum</strong></span> <span class='ocrx_word' id='word_1_27' title='bbox 1650 481 1845 551; x_wconf 88' lang='lat' dir='ltr'><strong>oppido</strong></span> <span class='ocrx_word' id='word_1_28' title='bbox 1877 496 1945 535; x_wconf 85' lang='lat' dir='ltr'><strong>vo</strong></span> 
     </span>
    </p>
   </div>
   <div class='ocr_carea' id='block_1_6' title="bbox 2244 475 3748 566">
    <p class='ocr_par' dir='ltr' id='par_1_6' title="bbox 2244 479 3748 566">
     <span class='ocr_line' id='line_1_6' title="bbox 2244 479 3748 566; baseline 0.013 -34"><span class='ocrx_word' id='word_1_29' title='bbox 2244 479 2271 532; x_wconf 79' lang='grc' dir='ltr'>ὖ</span> <span class='ocrx_word' id='word_1_30' title='bbox 2308 481 2527 552; x_wconf 84' lang='grc' dir='ltr'>σφαγήν</span> <span class='ocrx_word' id='word_1_31' title='bbox 2550 497 2563 509; x_wconf 86' lang='grc'><em>’</em></span> <span class='ocrx_word' id='word_1_32' title='bbox 2597 482 2785 552; x_wconf 68' lang='grc' dir='ltr'>ἕψεται</span> <span class='ocrx_word' id='word_1_33' title='bbox 2807 486 3024 552; x_wconf 80' lang='grc' dir='ltr'>πάντως</span> <span class='ocrx_word' id='word_1_34' title='bbox 3046 490 3174 560; x_wconf 79' lang='grc' dir='ltr'>ὑμῖν</span> <span class='ocrx_word' id='word_1_35' title='bbox 3205 494 3524 566; x_wconf 82' lang='grc' dir='ltr'><strong>προθύμους</strong></span> <span class='ocrx_word' id='word_1_36' title='bbox 3566 494 3748 561; x_wconf 78' lang='grc' dir='ltr'>εἶναι.</span> 
     </span>
    </p>
   </div>
   <div class='ocr_carea' id='block_1_7' title="bbox 442 566 1946 655">
    <p class='ocr_par' dir='ltr' id='par_1_7' title="bbox 442 566 1946 641">
     <span class='ocr_line' id='line_1_7' title="bbox 442 566 1946 641; baseline 0.004 -21"><span class='ocrx_word' id='word_1_37' title='bbox 442 566 545 621; x_wconf 89' lang='lat' dir='ltr'><strong>erit</strong></span> <span class='ocrx_word' id='word_1_38' title='bbox 570 567 842 623; x_wconf 76' lang='lat' dir='ltr'><strong>alacribus</strong></span> <span class='ocrx_word' id='word_1_39' title='bbox 870 570 1008 635; x_wconf 86' lang='lat' dir='ltr'><strong>fieri,</strong></span> <span class='ocrx_word' id='word_1_40' title='bbox 1040 580 1203 641; x_wconf 89' lang='lat' dir='ltr'><strong>atque</strong></span> <span class='ocrx_word' id='word_1_41' title='bbox 1231 582 1537 626; x_wconf 82' lang='lat' dir='ltr'><strong>extremum</strong></span> <span class='ocrx_word' id='word_1_42' title='bbox 1574 574 1879 628; x_wconf 89' lang='lat' dir='ltr'><strong>amiculum</strong></span> <span class='ocrx_word' id='word_1_43' title='bbox 1919 581 1946 626; x_wconf 86' lang='grc' dir='ltr'><strong>ιι</strong></span> 
     </span>
    </p>
   </div>
   <div class='ocr_carea' id='block_1_8' title="bbox 2243 566 3747 655">
    <p class='ocr_par' dir='ltr' id='par_1_8' title="bbox 2272 571 3747 655">
     <span class='ocr_line' id='line_1_8' title="bbox 2272 571 3747 655; baseline 0.015 -31"><span class='ocrx_word' id='word_1_44' title='bbox 2272 571 2337 624; x_wconf 84' lang='grc' dir='ltr'>τὸ</span> <span class='ocrx_word' id='word_1_45' title='bbox 2363 572 2587 644; x_wconf 77' lang='grc' dir='ltr'>ἔσχατον</span> <span class='ocrx_word' id='word_1_46' title='bbox 2614 575 2910 633; x_wconf 80' lang='grc' dir='ltr'>ἀποδοῦναι</span> <span class='ocrx_word' id='word_1_47' title='bbox 2939 584 3309 653; x_wconf 73' lang='grc' dir='ltr'>περιϐόλαιον,</span> <span class='ocrx_word' id='word_1_48' title='bbox 3355 589 3451 641; x_wconf 74' lang='grc' dir='ltr'><strong>καὶ</strong></span> <span class='ocrx_word' id='word_1_49' title='bbox 3486 590 3747 655; x_wconf 67' lang='grc' dir='ltr'>ἀλλάξα-</span> 
     </span>
    </p>
   </div>
   <div class='ocr_carea' id='block_1_9' title="bbox 443 657 1947 753">
    <p class='ocr_par' dir='ltr' id='par_1_9' title="bbox 443 657 1943 731">
     <span class='ocr_line' id='line_1_9' title="bbox 443 657 1943 731; baseline 0.005 -20"><span class='ocrx_word' id='word_1_50' title='bbox 443 657 595 722; x_wconf 83' lang='lat' dir='ltr'><strong>dere,</strong></span> <span class='ocrx_word' id='word_1_51' title='bbox 639 667 694 713; x_wconf 90' lang='lat' dir='ltr'><strong>et</strong></span> <span class='ocrx_word' id='word_1_52' title='bbox 724 661 827 715; x_wconf 90' lang='lat' dir='ltr'><strong>mei</strong></span> <span class='ocrx_word' id='word_1_53' title='bbox 864 662 1035 731; x_wconf 87' lang='lat' dir='ltr'><strong>gratia</strong></span> <span class='ocrx_word' id='word_1_54' title='bbox 1073 672 1303 718; x_wconf 89' lang='lat' dir='ltr'><strong>mortem</strong></span> <span class='ocrx_word' id='word_1_55' title='bbox 1353 680 1477 719; x_wconf 93' lang='lat' dir='ltr'><strong>cum</strong></span> <span class='ocrx_word' id='word_1_56' title='bbox 1522 664 1633 719; x_wconf 85' lang='lat' dir='ltr'><strong>vita</strong></span> <span class='ocrx_word' id='word_1_57' title='bbox 1667 675 1943 720; x_wconf 90' lang='lat' dir='ltr'><strong>commuta</strong></span> 
     </span>
    </p>
   </div>
   <div class='ocr_carea' id='block_1_10' title="bbox 2244 657 3748 753">
    <p class='ocr_par' dir='ltr' id='par_1_10' title="bbox 2244 664 3748 753">
     <span class='ocr_line' id='line_1_10' title="bbox 2244 664 3748 753; baseline 0.013 -37"><span class='ocrx_word' id='word_1_58' title='bbox 2244 682 2258 715; x_wconf 90' lang='grc' dir='ltr'><strong>ι</strong></span> <span class='ocrx_word' id='word_1_59' title='bbox 2290 664 2389 735; x_wconf 82' lang='grc' dir='ltr'>τῆς</span> <span class='ocrx_word' id='word_1_60' title='bbox 2417 664 2562 735; x_wconf 76' lang='grc' dir='ltr'>ζωῆς</span> <span class='ocrx_word' id='word_1_61' title='bbox 2589 666 2682 722; x_wconf 79' lang='grc' dir='ltr'><strong>τὸν</strong></span> <span class='ocrx_word' id='word_1_62' title='bbox 2712 668 2853 740; x_wconf 81' lang='grc' dir='ltr'>ὑπὲρ</span> <span class='ocrx_word' id='word_1_63' title='bbox 2883 672 3019 741; x_wconf 78' lang='grc' dir='ltr'>ἐμοῦ</span> <span class='ocrx_word' id='word_1_64' title='bbox 3079 674 3335 732; x_wconf 85' lang='grc' dir='ltr'>θάνατον.</span> <span class='ocrx_word' id='word_1_65' title='bbox 3393 680 3574 735; x_wconf 83' lang='grc' dir='ltr'>Τοῦτο</span> <span class='ocrx_word' id='word_1_66' title='bbox 3635 685 3748 753; x_wconf 74' lang='grc' dir='ltr'>γὰρ</span> 
     </span>
    </p>
   </div>
   <div class='ocr_carea' id='block_1_11' title="bbox 445 750 1949 844">
    <p class='ocr_par' dir='ltr' id='par_1_11' title="bbox 445 750 1949 828">
     <span class='ocr_line' id='line_1_11' title="bbox 445 750 1949 828; baseline 0.005 -24"><span class='ocrx_word' id='word_1_67' title='bbox 445 750 501 805; x_wconf 87' lang='lat' dir='ltr'><strong>ld</strong></span> <span class='ocrx_word' id='word_1_68' title='bbox 559 750 703 806; x_wconf 92' lang='lat' dir='ltr'><strong>enim</strong></span> <span class='ocrx_word' id='word_1_69' title='bbox 756 755 1206 810; x_wconf 88' lang='lat' dir='ltr'><strong>commodissime</strong></span> <span class='ocrx_word' id='word_1_70' title='bbox 1253 758 1501 812; x_wconf 90' lang='lat' dir='ltr'><strong>omnium</strong></span> <span class='ocrx_word' id='word_1_71' title='bbox 1560 759 1821 828; x_wconf 64' lang='lat' dir='ltr'><strong>praediola</strong></span> <span class='ocrx_word' id='word_1_72' title='bbox 1867 774 1949 812; x_wconf 79' lang='lat' dir='ltr'><strong>vel</strong></span> 
     </span>
    </p>
   </div>
   <div class='ocr_carea' id='block_1_12' title="bbox 2245 750 3749 844">
    <p class='ocr_par' dir='ltr' id='par_1_12' title="bbox 2245 756 3749 844">
     <span class='ocr_line' id='line_1_12' title="bbox 2245 756 3749 844; baseline 0.014 -38"><span class='ocrx_word' id='word_1_73' title='bbox 2245 756 2391 809; x_wconf 88' lang='grc' dir='ltr'>,αίνοι</span> <span class='ocrx_word' id='word_1_74' title='bbox 2430 756 2496 810; x_wconf 85' lang='grc' dir='ltr'><strong>ἂν</strong></span> <span class='ocrx_word' id='word_1_75' title='bbox 2528 758 2640 812; x_wconf 77' lang='grc' dir='ltr'><strong>τῶν</strong></span> <span class='ocrx_word' id='word_1_76' title='bbox 2681 763 2990 833; x_wconf 77' lang='grc' dir='ltr'><strong>εἰρημένων</strong></span> <span class='ocrx_word' id='word_1_77' title='bbox 3046 768 3264 823; x_wconf 79' lang='grc' dir='ltr'>πάντων</span> <span class='ocrx_word' id='word_1_78' title='bbox 3321 771 3749 844; x_wconf 79' lang='grc' dir='ltr'>εὐποχώτερον</span> 
     </span>
    </p>
   </div>
   <div class='ocr_carea' id='block_1_13' title="bbox 443 841 1947 938">
    <p class='ocr_par' dir='ltr' id='par_1_13' title="bbox 443 841 1947 910">
     <span class='ocr_line' id='line_1_13' title="bbox 443 841 1947 910; baseline 0.004 -15"><span class='ocrx_word' id='word_1_79' title='bbox 443 841 777 910; x_wconf 80' lang='lat' dir='ltr'><strong>significant,</strong></span> <span class='ocrx_word' id='word_1_80' title='bbox 810 859 1132 899; x_wconf 81' lang='lat' dir='ltr'><strong>crumenam</strong></span> <span class='ocrx_word' id='word_1_81' title='bbox 1167 861 1274 901; x_wconf 91' lang='lat' dir='ltr'><strong>non</strong></span> <span class='ocrx_word' id='word_1_82' title='bbox 1309 846 1525 910; x_wconf 87' lang='lat' dir='ltr'><strong>habere,</strong></span> <span class='ocrx_word' id='word_1_83' title='bbox 1559 847 1867 903; x_wconf 85' lang='lat' dir='ltr'><strong>vestimenti</strong></span> <span class='ocrx_word' id='word_1_84' title='bbox 1900 862 1947 901; x_wconf 80' lang='lat' dir='ltr'><strong>vt</strong></span> 
     </span>
    </p>
   </div>
   <div class='ocr_carea' id='block_1_14' title="bbox 2296 841 3800 938">
    <p class='ocr_par' dir='ltr' id='par_1_14' title="bbox 2296 846 3800 938">
     <span class='ocr_line' id='line_1_14' title="bbox 2296 846 3800 938; baseline 0.016 -41"><span class='ocrx_word' id='word_1_85' title='bbox 2296 846 2523 901; x_wconf 81' lang='grc' dir='ltr'>ιλάντιον</span> <span class='ocrx_word' id='word_1_86' title='bbox 2561 849 2637 920; x_wconf 82' lang='grc' dir='ltr'>μὴ</span> <span class='ocrx_word' id='word_1_87' title='bbox 2669 850 2835 921; x_wconf 79' lang='grc' dir='ltr'>ἔχειν,</span> <span class='ocrx_word' id='word_1_88' title='bbox 2869 855 2963 909; x_wconf 79' lang='grc' dir='ltr'><strong>καὶ</strong></span> <span class='ocrx_word' id='word_1_89' title='bbox 3016 858 3047 928; x_wconf 85' lang='grc' dir='ltr'>ὴ</span> <span class='ocrx_word' id='word_1_90' title='bbox 3084 858 3180 912; x_wconf 82' lang='grc' dir='ltr'>τοῦ</span> <span class='ocrx_word' id='word_1_91' title='bbox 3224 861 3447 930; x_wconf 81' lang='grc' dir='ltr'><strong>ἱματίου</strong></span> <span class='ocrx_word' id='word_1_92' title='bbox 3497 866 3744 938; x_wconf 74' lang='grc' dir='ltr'>πρᾶσις,</span> <span class='ocrx_word' id='word_1_93' title='bbox 3798 865 3800 875; x_wconf 59' lang='grc'><em>“</em></span> 
     </span>
    </p>
   </div>
   <div class='ocr_carea' id='block_1_15' title="bbox 442 937 1946 1023">
    <p class='ocr_par' dir='ltr' id='par_1_15' title="bbox 442 937 1946 1011">
     <span class='ocr_line' id='line_1_15' title="bbox 442 937 1946 1011; baseline 0.002 -20"><span class='ocrx_word' id='word_1_94' title='bbox 442 937 597 1003; x_wconf 89' lang='lat' dir='ltr'><strong>ditio,</strong></span> <span class='ocrx_word' id='word_1_95' title='bbox 649 938 862 1007; x_wconf 79' lang='lat' dir='ltr'><strong>gladius</strong></span> <span class='ocrx_word' id='word_1_96' title='bbox 895 956 907 993; x_wconf 94' lang='lat'><strong>:</strong></span> <span class='ocrx_word' id='word_1_97' title='bbox 940 940 1105 994; x_wconf 88' lang='lat' dir='ltr'><strong>veluti</strong></span> <span class='ocrx_word' id='word_1_98' title='bbox 1142 956 1208 995; x_wconf 90' lang='lat' dir='ltr'><strong>ne</strong></span> <span class='ocrx_word' id='word_1_99' title='bbox 1259 942 1565 997; x_wconf 81' lang='lat' dir='ltr'><strong>novissimo</strong></span> <span class='ocrx_word' id='word_1_100' title='bbox 1618 942 1838 1011; x_wconf 90' lang='lat' dir='ltr'><strong>quidem</strong></span> <span class='ocrx_word' id='word_1_101' title='bbox 1890 957 1946 995; x_wconf 88' lang='lat' dir='ltr'><strong>ar</strong></span> 
     </span>
    </p>
   </div>
   <div class='ocr_carea' id='block_1_16' title="bbox 2238 937 3742 1023">
    <p class='ocr_par' dir='ltr' id='par_1_16' title="bbox 2258 937 3742 1023">
     <span class='ocr_line' id='line_1_16' title="bbox 2258 937 3742 1023; baseline 0.011 -33"><span class='ocrx_word' id='word_1_102' title='bbox 2258 937 2292 1007; x_wconf 82' lang='grc' dir='ltr'>ἡ</span> <span class='ocrx_word' id='word_1_103' title='bbox 2326 937 2568 1008; x_wconf 82' lang='grc' dir='ltr'>μάχαιρα</span> <span class='ocrx_word' id='word_1_104' title='bbox 2597 956 2610 969; x_wconf 86' lang='grc'><strong>·</strong></span> <span class='ocrx_word' id='word_1_105' title='bbox 2642 940 2845 995; x_wconf 78' lang='grc' dir='ltr'>ὡσανεὶ</span> <span class='ocrx_word' id='word_1_106' title='bbox 2879 944 3011 998; x_wconf 78' lang='grc' dir='ltr'>ὅταν</span> <span class='ocrx_word' id='word_1_107' title='bbox 3043 965 3151 1019; x_wconf 89' lang='grc' dir='ltr'><strong>περ</strong></span> <span class='ocrx_word' id='word_1_108' title='bbox 3177 950 3300 1003; x_wconf 82' lang='grc' dir='ltr'>οὐδὲ</span> <span class='ocrx_word' id='word_1_109' title='bbox 3342 952 3438 1005; x_wconf 76' lang='grc' dir='ltr'>τοῦ</span> <span class='ocrx_word' id='word_1_110' title='bbox 3488 937 3742 1023; x_wconf 72' lang='grc' dir='ltr'>ἐσχάτου</span> 
     </span>
    </p>
   </div>
   <div class='ocr_carea' id='block_1_17' title="bbox 443 1030 1947 1117">
    <p class='ocr_par' dir='ltr' id='par_1_17' title="bbox 443 1030 1947 1102">
     <span class='ocr_line' id='line_1_17' title="bbox 443 1030 1947 1102; baseline 0.003 -20"><span class='ocrx_word' id='word_1_111' title='bbox 443 1030 566 1082; x_wconf 90' lang='lat' dir='ltr'><strong>culo</strong></span> <span class='ocrx_word' id='word_1_112' title='bbox 597 1030 869 1099; x_wconf 89' lang='lat' dir='ltr'><strong>perfectus</strong></span> <span class='ocrx_word' id='word_1_113' title='bbox 901 1035 1238 1102; x_wconf 83' lang='lat' dir='ltr'><strong>paupertatis</strong></span> <span class='ocrx_word' id='word_1_114' title='bbox 1271 1035 1481 1089; x_wconf 89' lang='lat' dir='ltr'><strong>assecla</strong></span> <span class='ocrx_word' id='word_1_115' title='bbox 1509 1050 1779 1102; x_wconf 86' lang='lat' dir='ltr'><strong>parsurus</strong></span> <span class='ocrx_word' id='word_1_116' title='bbox 1807 1035 1903 1097; x_wconf 88' lang='lat' dir='ltr'><strong>sit,</strong></span> <span class='ocrx_word' id='word_1_117' title='bbox 1932 1050 1947 1086; x_wconf 66' lang='grc' dir='ltr'><strong>ι</strong></span> 
     </span>
    </p>
   </div>
   <div class='ocr_carea' id='block_1_18' title="bbox 2236 1030 3740 1117">
    <p class='ocr_par' dir='ltr' id='par_1_18' title="bbox 2236 1030 3740 1117">
     <span class='ocr_line' id='line_1_18' title="bbox 2236 1030 3740 1117; baseline 0.013 -35"><span class='ocrx_word' id='word_1_118' title='bbox 2236 1030 2484 1085; x_wconf 82' lang='grc' dir='ltr'>ιιϐολαίου</span> <span class='ocrx_word' id='word_1_119' title='bbox 2545 1035 2574 1086; x_wconf 89' lang='grc' dir='ltr'>ὁ</span> <span class='ocrx_word' id='word_1_120' title='bbox 2612 1033 2712 1104; x_wconf 79' lang='grc' dir='ltr'>τὴν</span> <span class='ocrx_word' id='word_1_121' title='bbox 2755 1037 2857 1106; x_wconf 84' lang='grc' dir='ltr'><strong>τῆς</strong></span> <span class='ocrx_word' id='word_1_122' title='bbox 2915 1038 3303 1113; x_wconf 82' lang='grc' dir='ltr'>ἀκτημοσύνης</span> <span class='ocrx_word' id='word_1_123' title='bbox 3350 1045 3740 1117; x_wconf 74' lang='grc' dir='ltr'>τελεσὰμενος</span> 
     </span>
    </p>
   </div>
   <div class='ocr_carea' id='block_1_19' title="bbox 441 1122 1945 1213">
    <p class='ocr_par' dir='ltr' id='par_1_19' title="bbox 441 1122 1927 1195">
     <span class='ocr_line' id='line_1_19' title="bbox 441 1122 1927 1195; baseline 0.005 -23"><span class='ocrx_word' id='word_1_124' title='bbox 441 1135 561 1174; x_wconf 88' lang='lat' dir='ltr'><strong>rum</strong></span> <span class='ocrx_word' id='word_1_125' title='bbox 594 1122 722 1175; x_wconf 91' lang='lat' dir='ltr'><strong>illud</strong></span> <span class='ocrx_word' id='word_1_126' title='bbox 754 1139 971 1193; x_wconf 88' lang='lat' dir='ltr'><strong>quoque</strong></span> <span class='ocrx_word' id='word_1_127' title='bbox 1002 1139 1282 1189; x_wconf 85' lang='lat' dir='ltr'><strong>cessurus,</strong></span> <span class='ocrx_word' id='word_1_128' title='bbox 1312 1124 1440 1179; x_wconf 89' lang='lat' dir='ltr'><strong>dum</strong></span> <span class='ocrx_word' id='word_1_129' title='bbox 1474 1127 1724 1195; x_wconf 79' lang='lat' dir='ltr'><strong>expedite</strong></span> <span class='ocrx_word' id='word_1_130' title='bbox 1754 1127 1927 1181; x_wconf 87' lang='lat' dir='ltr'><strong>currit</strong></span> 
     </span>
    </p>
   </div>
   <div class='ocr_carea' id='block_1_20' title="bbox 2236 1122 3740 1213">
    <p class='ocr_par' dir='ltr' id='par_1_20' title="bbox 2236 1126 3740 1213">
     <span class='ocr_line' id='line_1_20' title="bbox 2236 1126 3740 1213; baseline 0.013 -36"><span class='ocrx_word' id='word_1_131' title='bbox 2236 1143 2401 1191; x_wconf 76' lang='grc' dir='ltr'>τεται,</span> <span class='ocrx_word' id='word_1_132' title='bbox 2433 1126 2570 1182; x_wconf 78' lang='grc' dir='ltr'>ἀλλὰ</span> <span class='ocrx_word' id='word_1_133' title='bbox 2596 1133 2822 1184; x_wconf 81' lang='grc' dir='ltr'>κακεῖνο</span> <span class='ocrx_word' id='word_1_134' title='bbox 2859 1132 3021 1188; x_wconf 85' lang='grc' dir='ltr'>δώσει</span> <span class='ocrx_word' id='word_1_135' title='bbox 3053 1138 3250 1206; x_wconf 85' lang='grc' dir='ltr'>χωρῶν</span> <span class='ocrx_word' id='word_1_136' title='bbox 3290 1140 3558 1212; x_wconf 76' lang='grc' dir='ltr'><strong>εὐθύμως</strong></span> <span class='ocrx_word' id='word_1_137' title='bbox 3593 1145 3740 1213; x_wconf 67' lang='grc' dir='ltr'>πρὶς</span> 
     </span>
    </p>
   </div>
   <div class='ocr_carea' id='block_1_21' title="bbox 440 1212 1944 1304">
    <p class='ocr_par' dir='ltr' id='par_1_21' title="bbox 440 1212 1944 1283">
     <span class='ocr_line' id='line_1_21' title="bbox 440 1212 1944 1283; baseline 0.004 -19"><span class='ocrx_word' id='word_1_138' title='bbox 440 1212 697 1280; x_wconf 76' lang='lat' dir='ltr'><strong>gladium.</strong></span> <span class='ocrx_word' id='word_1_139' title='bbox 724 1212 863 1269; x_wconf 80' lang='lat' dir='ltr'><strong>Hinc</strong></span> <span class='ocrx_word' id='word_1_140' title='bbox 890 1230 997 1269; x_wconf 91' lang='lat' dir='ltr'><strong>non</strong></span> <span class='ocrx_word' id='word_1_141' title='bbox 1034 1220 1109 1271; x_wconf 86' lang='lat' dir='ltr'><strong>ait</strong></span> <span class='ocrx_word' id='word_1_142' title='bbox 1141 1219 1325 1271; x_wconf 80' lang='lat' dir='ltr'><strong>vendat</strong></span> <span class='ocrx_word' id='word_1_143' title='bbox 1357 1229 1450 1272; x_wconf 86' lang='lat' dir='ltr'><strong>aut</strong></span> <span class='ocrx_word' id='word_1_144' title='bbox 1476 1228 1658 1283; x_wconf 85' lang='lat' dir='ltr'><strong>emat;</strong></span> <span class='ocrx_word' id='word_1_145' title='bbox 1704 1218 1797 1273; x_wconf 88' lang='lat' dir='ltr'><strong>scd</strong></span> <span class='ocrx_word' id='word_1_146' title='bbox 1841 1235 1944 1273; x_wconf 65' lang='lat' dir='ltr'><strong>vent</strong></span> 
     </span>
    </p>
   </div>
   <div class='ocr_carea' id='block_1_22' title="bbox 2238 1212 3742 1304">
    <p class='ocr_par' dir='ltr' id='par_1_22' title="bbox 2238 1221 3742 1304">
     <span class='ocr_line' id='line_1_22' title="bbox 2238 1221 3742 1304; baseline 0.014 -33"><span class='ocrx_word' id='word_1_147' title='bbox 2238 1237 2427 1291; x_wconf 72' lang='grc' dir='ltr'>ςαιραν.</span> <span class='ocrx_word' id='word_1_148' title='bbox 2454 1221 2545 1274; x_wconf 81' lang='grc' dir='ltr'><strong>Διὸ</strong></span> <span class='ocrx_word' id='word_1_149' title='bbox 2576 1224 2636 1276; x_wconf 72' lang='grc' dir='ltr'><strong>οὐ</strong></span> <span class='ocrx_word' id='word_1_150' title='bbox 2691 1228 3048 1293; x_wconf 74' lang='grc' dir='ltr'><strong>πωλησάτω,</strong></span> <span class='ocrx_word' id='word_1_151' title='bbox 3098 1231 3286 1298; x_wconf 72' lang='grc' dir='ltr'>φησὶν,</span> <span class='ocrx_word' id='word_1_152' title='bbox 3316 1233 3436 1287; x_wconf 79' lang='grc' dir='ltr'>οὐδὲ</span> <span class='ocrx_word' id='word_1_153' title='bbox 3501 1236 3742 1304; x_wconf 74' lang='lat' dir='ltr'><strong>dropa-</strong></span> 
     </span>
    </p>
   </div>
   <div class='ocr_carea' id='block_1_23' title="bbox 439 1308 1943 1397">
    <p class='ocr_par' dir='ltr' id='par_1_23' title="bbox 439 1308 1943 1382">
     <span class='ocr_line' id='line_1_23' title="bbox 439 1308 1943 1382; baseline 0.003 -23"><span class='ocrx_word' id='word_1_154' title='bbox 439 1314 491 1359; x_wconf 87' lang='lat' dir='ltr'><strong>et</strong></span> <span class='ocrx_word' id='word_1_155' title='bbox 518 1316 649 1360; x_wconf 83' lang='lat' dir='ltr'><strong>emet</strong></span> <span class='ocrx_word' id='word_1_156' title='bbox 681 1323 699 1361; x_wconf 94' lang='lat'><strong><em>:</em></strong></span> <span class='ocrx_word' id='word_1_157' title='bbox 730 1308 1146 1376; x_wconf 45' lang='lat' dir='ltr'><strong>qnibunverbis</strong></span> <span class='ocrx_word' id='word_1_158' title='bbox 1195 1327 1372 1382; x_wconf 89' lang='lat' dir='ltr'><strong>neque</strong></span> <span class='ocrx_word' id='word_1_159' title='bbox 1398 1312 1568 1382; x_wconf 81' lang='lat' dir='ltr'><strong>legem</strong></span> <span class='ocrx_word' id='word_1_160' title='bbox 1602 1327 1778 1382; x_wconf 87' lang='lat' dir='ltr'><strong>neque</strong></span> <span class='ocrx_word' id='word_1_161' title='bbox 1812 1313 1943 1381; x_wconf 78' lang='lat' dir='ltr'><strong>jllSS_l</strong></span> 
     </span>
    </p>
   </div>
   <div class='ocr_carea' id='block_1_24' title="bbox 2235 1308 3739 1397">
    <p class='ocr_par' dir='ltr' id='par_1_24' title="bbox 2235 1312 3739 1397">
     <span class='ocr_line' id='line_1_24' title="bbox 2235 1312 3739 1397; baseline 0.012 -34"><span class='ocrx_word' id='word_1_162' title='bbox 2235 1330 2314 1379; x_wconf 73' lang='grc' dir='ltr'><strong>’ω,</strong></span> <span class='ocrx_word' id='word_1_163' title='bbox 2345 1312 2481 1366; x_wconf 75' lang='grc' dir='ltr'>ἀλλὰ</span> <span class='ocrx_word' id='word_1_164' title='bbox 2515 1316 2787 1381; x_wconf 70' lang='grc' dir='ltr'>πωλήσει</span> <span class='ocrx_word' id='word_1_165' title='bbox 2817 1320 2911 1371; x_wconf 80' lang='grc' dir='ltr'><strong>καὶ</strong></span> <span class='ocrx_word' id='word_1_166' title='bbox 2961 1320 3248 1389; x_wconf 61' lang='grc' dir='ltr'>ἀχυρὰσει</span> <span class='ocrx_word' id='word_1_167' title='bbox 3279 1338 3294 1354; x_wconf 76' lang='grc'><strong>⁸</strong></span> <span class='ocrx_word' id='word_1_168' title='bbox 3347 1325 3466 1395; x_wconf 78' lang='grc' dir='ltr'><strong>ἅμα</strong></span> <span class='ocrx_word' id='word_1_169' title='bbox 3504 1328 3621 1397; x_wconf 85' lang='grc' dir='ltr'>μὲν</span> <span class='ocrx_word' id='word_1_170' title='bbox 3678 1331 3739 1381; x_wconf 63' lang='grc' dir='ltr'>οὗ</span> 
     </span>
    </p>
   </div>
   <div class='ocr_carea' id='block_1_25' title="bbox 437 1399 1941 1483">
    <p class='ocr_par' dir='ltr' id='par_1_25' title="bbox 437 1399 1941 1463">
     <span class='ocr_line' id='line_1_25' title="bbox 437 1399 1941 1463; baseline 0.004 -13"><span class='ocrx_word' id='word_1_171' title='bbox 437 1399 661 1463; x_wconf 83' lang='lat' dir='ltr'><strong>statuit;</strong></span> <span class='ocrx_word' id='word_1_172' title='bbox 694 1409 746 1453; x_wconf 90' lang='lat' dir='ltr'><strong>et</strong></span> <span class='ocrx_word' id='word_1_173' title='bbox 782 1409 964 1454; x_wconf 89' lang='lat' dir='ltr'><strong>tamen</strong></span> <span class='ocrx_word' id='word_1_174' title='bbox 998 1417 1111 1455; x_wconf 83' lang='lat' dir='ltr'><strong>rem</strong></span> <span class='ocrx_word' id='word_1_175' title='bbox 1143 1401 1384 1456; x_wconf 81' lang='lat' dir='ltr'><strong>futuram</strong></span> <span class='ocrx_word' id='word_1_176' title='bbox 1417 1413 1543 1457; x_wconf 86' lang='lat' dir='ltr'><strong>ante</strong></span> <span class='ocrx_word' id='word_1_177' title='bbox 1573 1404 1879 1458; x_wconf 84' lang='lat' dir='ltr'><strong>denuntiat.</strong></span> <span class='ocrx_word' id='word_1_178' title='bbox 1917 1403 1941 1456; x_wconf 82' lang='grc' dir='ltr'>Ε</span> 
     </span>
    </p>
   </div>
   <div class='ocr_carea' id='block_1_26' title="bbox 2238 1399 3742 1483">
    <p class='ocr_par' dir='ltr' id='par_1_26' title="bbox 2238 1404 3742 1483">
     <span class='ocr_line' id='line_1_26' title="bbox 2238 1404 3742 1483; baseline 0.009 -27"><span class='ocrx_word' id='word_1_179' title='bbox 2238 1420 2315 1467; x_wconf 90' lang='grc' dir='ltr'>ον,</span> <span class='ocrx_word' id='word_1_180' title='bbox 2346 1404 2456 1457; x_wconf 81' lang='grc' dir='ltr'>οὐδ’</span> <span class='ocrx_word' id='word_1_181' title='bbox 2488 1406 2770 1476; x_wconf 76' lang='grc' dir='ltr'><strong>ἐπίταγμα</strong></span> <span class='ocrx_word' id='word_1_182' title='bbox 2816 1410 2886 1461; x_wconf 73' lang='grc' dir='ltr'>τὰ</span> <span class='ocrx_word' id='word_1_183' title='bbox 2918 1409 3143 1479; x_wconf 76' lang='grc' dir='ltr'>ῥήματα</span> <span class='ocrx_word' id='word_1_184' title='bbox 3172 1412 3362 1477; x_wconf 83' lang='grc' dir='ltr'>ποιῶν,</span> <span class='ocrx_word' id='word_1_185' title='bbox 3390 1413 3511 1483; x_wconf 75' lang='grc' dir='ltr'><strong>ἅμα</strong></span> <span class='ocrx_word' id='word_1_186' title='bbox 3540 1414 3609 1469; x_wconf 81' lang='grc' dir='ltr'><strong>δὲ</strong></span> <span class='ocrx_word' id='word_1_187' title='bbox 3645 1418 3742 1470; x_wconf 70' lang='grc' dir='ltr'>καὶ</span> 
     </span>
    </p>
   </div>
   <div class='ocr_carea' id='block_1_27' title="bbox 439 1487 1943 1577">
    <p class='ocr_par' dir='ltr' id='par_1_27' title="bbox 439 1487 1943 1562">
     <span class='ocr_line' id='line_1_27' title="bbox 439 1487 1943 1562; baseline 0.004 -20"><span class='ocrx_word' id='word_1_188' title='bbox 439 1487 564 1543; x_wconf 85' lang='lat' dir='ltr'><strong>licet</strong></span> <span class='ocrx_word' id='word_1_189' title='bbox 589 1489 733 1543; x_wconf 93' lang='lat' dir='ltr'><strong>haud</strong></span> <span class='ocrx_word' id='word_1_190' title='bbox 774 1493 999 1557; x_wconf 89' lang='lat' dir='ltr'><strong>mando,</strong></span> <span class='ocrx_word' id='word_1_191' title='bbox 1033 1493 1229 1562; x_wconf 82' lang='lat' dir='ltr'><strong>inquit,</strong></span> <span class='ocrx_word' id='word_1_192' title='bbox 1276 1504 1337 1550; x_wconf 92' lang='lat' dir='ltr'><strong>ut</strong></span> <span class='ocrx_word' id='word_1_193' title='bbox 1388 1496 1503 1550; x_wconf 63' lang='lat' dir='ltr'><strong>haec</strong></span> <span class='ocrx_word' id='word_1_194' title='bbox 1539 1498 1690 1559; x_wconf 88' lang='lat' dir='ltr'><strong>tiant,</strong></span> <span class='ocrx_word' id='word_1_195' title='bbox 1727 1498 1819 1552; x_wconf 88' lang='lat' dir='ltr'><strong>sed</strong></span> <span class='ocrx_word' id='word_1_196' title='bbox 1858 1497 1943 1551; x_wconf 89' lang='lat' dir='ltr'><strong>fut</strong></span> 
     </span>
    </p>
   </div>
   <div class='ocr_carea' id='block_1_28' title="bbox 2230 1487 3734 1577">
    <p class='ocr_par' dir='ltr' id='par_1_28' title="bbox 2230 1494 3734 1577">
     <span class='ocr_line' id='line_1_28' title="bbox 2230 1494 3734 1577; baseline 0.009 -32"><span class='ocrx_word' id='word_1_197' title='bbox 2230 1494 2423 1564; x_wconf 78' lang='grc' dir='ltr'>μέλλον</span> <span class='ocrx_word' id='word_1_198' title='bbox 2454 1496 2847 1568; x_wconf 75' lang='grc' dir='ltr'>προαγορεύων</span> <span class='ocrx_word' id='word_1_199' title='bbox 2874 1516 2889 1529; x_wconf 92' lang='grc'><strong>·</strong></span> <span class='ocrx_word' id='word_1_200' title='bbox 2914 1495 3044 1565; x_wconf 75' lang='grc' dir='ltr'>οἷον,</span> <span class='ocrx_word' id='word_1_201' title='bbox 3073 1502 3188 1555; x_wconf 79' lang='grc' dir='ltr'>Οὐκ</span> <span class='ocrx_word' id='word_1_202' title='bbox 3221 1503 3526 1567; x_wconf 77' lang='grc' dir='ltr'>ἐπιτάσσω,</span> <span class='ocrx_word' id='word_1_203' title='bbox 3556 1509 3734 1577; x_wconf 63' lang='grc' dir='ltr'>φησι,</span> 
     </span>
    </p>
   </div>
   <div class='ocr_carea' id='block_1_29' title="bbox 437 1581 1941 1667">
    <p class='ocr_par' dir='ltr' id='par_1_29' title="bbox 437 1581 1915 1658">
     <span class='ocr_line' id='line_1_29' title="bbox 437 1581 1915 1658; baseline 0.009 -27"><span class='ocrx_word' id='word_1_204' title='bbox 437 1581 700 1650; x_wconf 63' lang='lat' dir='ltr'><strong>praescius</strong></span> <span class='ocrx_word' id='word_1_205' title='bbox 750 1594 876 1637; x_wconf 86' lang='lat' dir='ltr'><strong>ante</strong></span> <span class='ocrx_word' id='word_1_206' title='bbox 915 1584 1093 1649; x_wconf 87' lang='lat' dir='ltr'><strong>edico,</strong></span> <span class='ocrx_word' id='word_1_207' title='bbox 1133 1586 1251 1641; x_wconf 87' lang='lat' dir='ltr'><strong>fore</strong></span> <span class='ocrx_word' id='word_1_208' title='bbox 1280 1596 1340 1641; x_wconf 89' lang='lat' dir='ltr'><strong>ut</strong></span> <span class='ocrx_word' id='word_1_209' title='bbox 1372 1588 1625 1658; x_wconf 79' lang='lat' dir='ltr'><strong>praecepti</strong></span> <span class='ocrx_word' id='word_1_210' title='bbox 1666 1590 1915 1644; x_wconf 88' lang='lat' dir='ltr'><strong>custodia</strong></span> 
     </span>
    </p>
   </div>
   <div class='ocr_carea' id='block_1_30' title="bbox 2230 1581 3734 1667">
    <p class='ocr_par' dir='ltr' id='par_1_30' title="bbox 2232 1587 3734 1667">
     <span class='ocr_line' id='line_1_30' title="bbox 2232 1587 3734 1667; baseline 0.007 -27"><span class='ocrx_word' id='word_1_211' title='bbox 2232 1605 2289 1641; x_wconf 93' lang='grc' dir='ltr'><strong>το</strong></span> <span class='ocrx_word' id='word_1_212' title='bbox 2316 1587 2591 1655; x_wconf 77' lang='grc' dir='ltr'>γένεσθαι,</span> <span class='ocrx_word' id='word_1_213' title='bbox 2624 1589 2738 1642; x_wconf 85' lang='grc' dir='ltr'>ἀλλ’</span> <span class='ocrx_word' id='word_1_214' title='bbox 2764 1589 2918 1652; x_wconf 84' lang='grc' dir='ltr'>εἰδὼς</span> <span class='ocrx_word' id='word_1_215' title='bbox 2949 1591 3009 1644; x_wconf 79' lang='grc' dir='ltr'><strong>τὸ</strong></span> <span class='ocrx_word' id='word_1_216' title='bbox 3037 1594 3402 1664; x_wconf 79' lang='grc' dir='ltr'>γενησόμενον</span> <span class='ocrx_word' id='word_1_217' title='bbox 3435 1598 3734 1667; x_wconf 77' lang='grc' dir='ltr'>προλέγω,</span> 
     </span>
    </p>
   </div>
   <div class='ocr_carea' id='block_1_31' title="bbox 436 1679 1940 1756">
    <p class='ocr_par' dir='ltr' id='par_1_31' title="bbox 436 1680 1934 1753">
     <span class='ocr_line' id='line_1_31' title="bbox 436 1680 1934 1753; baseline 0.007 -25"><span class='ocrx_word' id='word_1_218' title='bbox 436 1686 740 1730; x_wconf 80' lang='lat' dir='ltr'><strong>extremum</strong></span> <span class='ocrx_word' id='word_1_219' title='bbox 795 1693 1014 1749; x_wconf 82' lang='lat' dir='ltr'><strong>quoque</strong></span> <span class='ocrx_word' id='word_1_220' title='bbox 1068 1689 1122 1735; x_wconf 91' lang='lat' dir='ltr'><strong>et</strong></span> <span class='ocrx_word' id='word_1_221' title='bbox 1179 1680 1393 1753; x_wconf 83' lang='lat' dir='ltr'><strong>insigne</strong></span> <span class='ocrx_word' id='word_1_222' title='bbox 1434 1682 1649 1738; x_wconf 78' lang='lat' dir='ltr'><strong>facinus</strong></span> <span class='ocrx_word' id='word_1_223' title='bbox 1681 1684 1822 1738; x_wconf 86' lang='lat' dir='ltr'><strong>viam</strong></span> <span class='ocrx_word' id='word_1_224' title='bbox 1864 1699 1934 1738; x_wconf 84' lang='lat' dir='ltr'><strong>vo</strong></span> 
     </span>
    </p>
   </div>
   <div class='ocr_carea' id='block_1_32' title="bbox 2236 1679 3740 1756">
    <p class='ocr_par' dir='ltr' id='par_1_32' title="bbox 2236 1679 3740 1756">
     <span class='ocr_line' id='line_1_32' title="bbox 2236 1679 3740 1756; baseline 0.005 -23"><span class='ocrx_word' id='word_1_225' title='bbox 2236 1681 2259 1751; x_wconf 75' lang='grc' dir='ltr'>ἡ</span> <span class='ocrx_word' id='word_1_226' title='bbox 2294 1679 2395 1750; x_wconf 81' lang='grc' dir='ltr'>τῆς</span> <span class='ocrx_word' id='word_1_227' title='bbox 2427 1681 2650 1749; x_wconf 77' lang='grc' dir='ltr'>ἐντολῆς</span> <span class='ocrx_word' id='word_1_228' title='bbox 2682 1681 2898 1754; x_wconf 82' lang='grc' dir='ltr'>φυλακὴ</span> <span class='ocrx_word' id='word_1_229' title='bbox 2940 1686 3036 1738; x_wconf 71' lang='grc' dir='ltr'><strong>καὶ</strong></span> <span class='ocrx_word' id='word_1_230' title='bbox 3089 1686 3150 1738; x_wconf 86' lang='grc' dir='ltr'>τὸ</span> <span class='ocrx_word' id='word_1_231' title='bbox 3184 1685 3409 1756; x_wconf 77' lang='grc' dir='ltr'>ἔσχατόν</span> <span class='ocrx_word' id='word_1_232' title='bbox 3469 1707 3578 1742; x_wconf 85' lang='grc' dir='ltr'><strong>που</strong></span> <span class='ocrx_word' id='word_1_233' title='bbox 3640 1693 3740 1743; x_wconf 69' lang='grc' dir='ltr'><strong>καὶ</strong></span> 
     </span>
    </p>
   </div>
   <div class='ocr_carea' id='block_1_33' title="bbox 438 1755 1942 1854">
    <p class='ocr_par' dir='ltr' id='par_1_33' title="bbox 438 1768 1942 1845">
     <span class='ocr_line' id='line_1_33' title="bbox 438 1768 1942 1845; baseline 0.004 -25"><span class='ocrx_word' id='word_1_234' title='bbox 438 1768 687 1822; x_wconf 86' lang='lat' dir='ltr'><strong>muniat:</strong></span> <span class='ocrx_word' id='word_1_235' title='bbox 720 1768 806 1823; x_wconf 91' lang='lat' dir='ltr'><strong>illa</strong></span> <span class='ocrx_word' id='word_1_236' title='bbox 836 1773 979 1825; x_wconf 86' lang='lat' dir='ltr'><strong>enim</strong></span> <span class='ocrx_word' id='word_1_237' title='bbox 1015 1773 1263 1828; x_wconf 86' lang='lat' dir='ltr'><strong>suadebit</strong></span> <span class='ocrx_word' id='word_1_238' title='bbox 1295 1775 1471 1839; x_wconf 80' lang='lat' dir='ltr'><strong>vobis,</strong></span> <span class='ocrx_word' id='word_1_239' title='bbox 1509 1784 1569 1829; x_wconf 90' lang='lat' dir='ltr'><strong>ut</strong></span> <span class='ocrx_word' id='word_1_240' title='bbox 1594 1791 1778 1831; x_wconf 89' lang='lat' dir='ltr'><strong>necem</strong></span> <span class='ocrx_word' id='word_1_241' title='bbox 1803 1792 1942 1845; x_wconf 82' lang='lat' dir='ltr'><strong>quoq</strong></span> 
     </span>
    </p>
   </div>
   <div class='ocr_carea' id='block_1_34' title="bbox 2234 1755 3738 1854">
    <p class='ocr_par' dir='ltr' id='par_1_34' title="bbox 2236 1755 3738 1854">
     <span class='ocr_line' id='line_1_34' title="bbox 2236 1755 3738 1854; baseline 0.007 -28"><span class='ocrx_word' id='word_1_242' title='bbox 2236 1790 2272 1826; x_wconf 88' lang='grc' dir='ltr'><strong>α</strong></span> <span class='ocrx_word' id='word_1_243' title='bbox 2303 1774 2431 1843; x_wconf 84' lang='grc' dir='ltr'>ὑμῖν</span> <span class='ocrx_word' id='word_1_244' title='bbox 2474 1775 2890 1846; x_wconf 82' lang='grc' dir='ltr'>προύπογράφει</span> <span class='ocrx_word' id='word_1_245' title='bbox 2924 1755 3308 1849; x_wconf 39' lang='grc' dir='ltr'>κατόρθωμα)</span> <span class='ocrx_word' id='word_1_246' title='bbox 3367 1782 3555 1854; x_wconf 82' lang='grc' dir='ltr'>ἐκείνη</span> <span class='ocrx_word' id='word_1_247' title='bbox 3621 1783 3738 1854; x_wconf 74' lang='grc' dir='ltr'>γὰρ</span> 
     </span>
    </p>
   </div>
   <div class='ocr_carea' id='block_1_35' title="bbox 434 1856 1938 1944">
    <p class='ocr_par' dir='ltr' id='par_1_35' title="bbox 434 1856 1933 1930">
     <span class='ocr_line' id='line_1_35' title="bbox 434 1856 1933 1930; baseline 0.006 -20"><span class='ocrx_word' id='word_1_248' title='bbox 434 1856 539 1911; x_wconf 92' lang='lat' dir='ltr'><strong>mei</strong></span> <span class='ocrx_word' id='word_1_249' title='bbox 577 1873 741 1913; x_wconf 85' lang='lat' dir='ltr'><strong>causa</strong></span> <span class='ocrx_word' id='word_1_250' title='bbox 768 1860 999 1916; x_wconf 82' lang='lat' dir='ltr'><strong>libenter</strong></span> <span class='ocrx_word' id='word_1_251' title='bbox 1022 1864 1174 1916; x_wconf 88' lang='lat' dir='ltr'><strong>adire</strong></span> <span class='ocrx_word' id='word_1_252' title='bbox 1198 1864 1401 1930; x_wconf 85' lang='lat' dir='ltr'><strong>velitis,</strong></span> <span class='ocrx_word' id='word_1_253' title='bbox 1441 1866 1588 1919; x_wconf 90' lang='lat' dir='ltr'><strong>omni</strong></span> <span class='ocrx_word' id='word_1_254' title='bbox 1616 1881 1748 1920; x_wconf 86' lang='lat' dir='ltr'><strong>cura</strong></span> <span class='ocrx_word' id='word_1_255' title='bbox 1771 1868 1933 1921; x_wconf 64' lang='lat' dir='ltr'><strong>saecul</strong></span> 
     </span>
    </p>
   </div>
   <div class='ocr_carea' id='block_1_36' title="bbox 2230 1856 3734 1944">
    <p class='ocr_par' dir='ltr' id='par_1_36' title="bbox 2230 1867 3734 1944">
     <span class='ocr_line' id='line_1_36' title="bbox 2230 1867 3734 1944; baseline 0.007 -25"><span class='ocrx_word' id='word_1_256' title='bbox 2230 1883 2303 1919; x_wconf 71' lang='grc' dir='ltr'>πει</span> <span class='ocrx_word' id='word_1_257' title='bbox 2353 1867 2559 1920; x_wconf 77' lang='grc' dir='ltr'>καὶτὸν</span> <span class='ocrx_word' id='word_1_258' title='bbox 2588 1868 2731 1939; x_wconf 79' lang='grc' dir='ltr'>ὑπὲρ</span> <span class='ocrx_word' id='word_1_259' title='bbox 2783 1867 2920 1939; x_wconf 74' lang='grc' dir='ltr'>ἐμοῦ</span> <span class='ocrx_word' id='word_1_260' title='bbox 2972 1869 3202 1924; x_wconf 81' lang='grc' dir='ltr'>θάνατον</span> <span class='ocrx_word' id='word_1_261' title='bbox 3253 1872 3430 1944; x_wconf 73' lang='grc' dir='ltr'>ἡδέως</span> <span class='ocrx_word' id='word_1_262' title='bbox 3479 1875 3734 1937; x_wconf 82' lang='grc' dir='ltr'>ἑλέσθαι,</span> 
     </span>
    </p>
   </div>
   <div class='ocr_carea' id='block_1_37' title="bbox 434 1950 1938 2038">
    <p class='ocr_par' dir='ltr' id='par_1_37' title="bbox 434 1950 1938 2024">
     <span class='ocr_line' id='line_1_37' title="bbox 434 1950 1938 2024; baseline 0.007 -22"><span class='ocrx_word' id='word_1_263' title='bbox 434 1950 660 2017; x_wconf 69' lang='lat' dir='ltr'><strong>vacetis,</strong></span> <span class='ocrx_word' id='word_1_264' title='bbox 698 1953 833 2006; x_wconf 91' lang='lat' dir='ltr'><strong>nihil</strong></span> <span class='ocrx_word' id='word_1_265' title='bbox 861 1956 1147 2024; x_wconf 83' lang='lat' dir='ltr'><strong>corporale</strong></span> <span class='ocrx_word' id='word_1_266' title='bbox 1171 1958 1484 2023; x_wconf 87' lang='lat' dir='ltr'><strong>sectentini,</strong></span> <span class='ocrx_word' id='word_1_267' title='bbox 1515 1968 1712 2015; x_wconf 88' lang='lat' dir='ltr'><strong>cuncta</strong></span> <span class='ocrx_word' id='word_1_268' title='bbox 1744 1960 1807 2013; x_wconf 82' lang='lat' dir='ltr'><strong>ad</strong></span> <span class='ocrx_word' id='word_1_269' title='bbox 1838 1976 1938 2013; x_wconf 89' lang='lat' dir='ltr'><strong>met</strong></span> 
     </span>
    </p>
   </div>
   <div class='ocr_carea' id='block_1_38' title="bbox 2232 1950 3736 2038">
    <p class='ocr_par' dir='ltr' id='par_1_38' title="bbox 2232 1960 3736 2038">
     <span class='ocr_line' id='line_1_38' title="bbox 2232 1960 3736 2038; baseline 0.005 -27"><span class='ocrx_word' id='word_1_270' title='bbox 2232 1960 2397 2029; x_wconf 80' lang='grc' dir='ltr'>τὰσης</span> <span class='ocrx_word' id='word_1_271' title='bbox 2436 1960 2579 2029; x_wconf 79' lang='grc' dir='ltr'>ὑμᾶς</span> <span class='ocrx_word' id='word_1_272' title='bbox 2614 1960 2874 2031; x_wconf 77' lang='grc' dir='ltr'><strong>βιωτικῆς</strong></span> <span class='ocrx_word' id='word_1_273' title='bbox 2902 1962 3218 2029; x_wconf 80' lang='grc' dir='ltr'>ἐλευθέρους</span> <span class='ocrx_word' id='word_1_274' title='bbox 3250 1961 3390 2017; x_wconf 79' lang='grc' dir='ltr'>εἶναι</span> <span class='ocrx_word' id='word_1_275' title='bbox 3419 1968 3736 2038; x_wconf 76' lang='grc' dir='ltr'>μερίμνης,</span> 
     </span>
    </p>
   </div>
   <div class='ocr_carea' id='block_1_39' title="bbox 435 2041 1939 2124">
    <p class='ocr_par' dir='ltr' id='par_1_39' title="bbox 435 2041 1886 2114">
     <span class='ocr_line' id='line_1_39' title="bbox 435 2041 1886 2114; baseline 0.008 -20"><span class='ocrx_word' id='word_1_276' title='bbox 435 2041 755 2097; x_wconf 79' lang='lat' dir='ltr'><strong>famulatum</strong></span> <span class='ocrx_word' id='word_1_277' title='bbox 791 2046 1064 2101; x_wconf 82' lang='lat' dir='ltr'><strong>referatis.</strong></span> <span class='ocrx_word' id='word_1_278' title='bbox 1115 2049 1268 2114; x_wconf 81' lang='lat' dir='ltr'><strong>Quod</strong></span> <span class='ocrx_word' id='word_1_279' title='bbox 1325 2060 1507 2105; x_wconf 87' lang='lat' dir='ltr'><strong>autem</strong></span> <span class='ocrx_word' id='word_1_280' title='bbox 1547 2051 1691 2106; x_wconf 87' lang='lat' dir='ltr'><strong>haud</strong></span> <span class='ocrx_word' id='word_1_281' title='bbox 1744 2052 1886 2106; x_wconf 90' lang='lat' dir='ltr'><strong>alius</strong></span> 
     </span>
    </p>
   </div>
   <div class='ocr_carea' id='block_1_40' title="bbox 2232 2041 3736 2124">
    <p class='ocr_par' dir='ltr' id='par_1_40' title="bbox 2232 2050 3736 2124">
     <span class='ocr_line' id='line_1_40' title="bbox 2232 2050 3736 2124; baseline 0.005 -23"><span class='ocrx_word' id='word_1_282' title='bbox 2232 2067 2261 2113; x_wconf 90' lang='grc' dir='ltr'><strong>ς</strong></span> <span class='ocrx_word' id='word_1_283' title='bbox 2291 2050 2352 2103; x_wconf 82' lang='grc' dir='ltr'>τὸ</span> <span class='ocrx_word' id='word_1_284' title='bbox 2402 2051 2567 2121; x_wconf 76' lang='grc' dir='ltr'>μηδὲν</span> <span class='ocrx_word' id='word_1_285' title='bbox 2603 2052 3030 2123; x_wconf 75' lang='grc' dir='ltr'>ἐπιστρέφεσθαι</span> <span class='ocrx_word' id='word_1_286' title='bbox 3091 2054 3200 2106; x_wconf 77' lang='grc' dir='ltr'><strong>τῶν</strong></span> <span class='ocrx_word' id='word_1_287' title='bbox 3255 2056 3619 2124; x_wconf 78' lang='grc' dir='ltr'>σωματικῶν,</span> <span class='ocrx_word' id='word_1_288' title='bbox 3678 2060 3736 2109; x_wconf 69' lang='grc' dir='ltr'><strong>τὸ</strong></span> 
     </span>
    </p>
   </div>
   <div class='ocr_carea' id='block_1_41' title="bbox 434 2136 1938 2217">
    <p class='ocr_par' dir='ltr' id='par_1_41' title="bbox 434 2136 1938 2205">
     <span class='ocr_line' id='line_1_41' title="bbox 434 2136 1938 2205; baseline 0.009 -20"><span class='ocrx_word' id='word_1_289' title='bbox 434 2136 605 2203; x_wconf 83' lang='lat' dir='ltr'><strong>gratia</strong></span> <span class='ocrx_word' id='word_1_290' title='bbox 638 2136 846 2205; x_wconf 77' lang='lat' dir='ltr'><strong>gladios</strong></span> <span class='ocrx_word' id='word_1_291' title='bbox 902 2151 1164 2195; x_wconf 89' lang='lat' dir='ltr'><strong>memoret</strong></span> <span class='ocrx_word' id='word_1_292' title='bbox 1210 2157 1412 2197; x_wconf 86' lang='lat' dir='ltr'><strong>arcano</strong></span> <span class='ocrx_word' id='word_1_293' title='bbox 1452 2143 1773 2199; x_wconf 88' lang='lat' dir='ltr'><strong>Dominicus</strong></span> <span class='ocrx_word' id='word_1_294' title='bbox 1811 2160 1938 2200; x_wconf 84' lang='lat' dir='ltr'><strong>seru</strong></span> 
     </span>
    </p>
   </div>
   <div class='ocr_carea' id='block_1_42' title="bbox 2230 2136 3734 2217">
    <p class='ocr_par' dir='ltr' id='par_1_42' title="bbox 2232 2142 3734 2217">
     <span class='ocr_line' id='line_1_42' title="bbox 2232 2142 3734 2217; baseline 0.006 -23"><span class='ocrx_word' id='word_1_295' title='bbox 2232 2159 2300 2195; x_wconf 90' lang='grc' dir='ltr'><strong>τα</strong></span> <span class='ocrx_word' id='word_1_296' title='bbox 2321 2142 2456 2214; x_wconf 84' lang='grc' dir='ltr'>πρὸς</span> <span class='ocrx_word' id='word_1_297' title='bbox 2484 2144 2583 2215; x_wconf 75' lang='grc' dir='ltr'><strong>τὴν</strong></span> <span class='ocrx_word' id='word_1_298' title='bbox 2612 2144 2750 2216; x_wconf 75' lang='grc' dir='ltr'>ἐμὴν</span> <span class='ocrx_word' id='word_1_299' title='bbox 2773 2145 3065 2217; x_wconf 77' lang='grc' dir='ltr'>ἀναφέρειν</span> <span class='ocrx_word' id='word_1_300' title='bbox 3095 2145 3410 2216; x_wconf 78' lang='grc' dir='ltr'>θεραπείαν.</span> <span class='ocrx_word' id='word_1_301' title='bbox 3436 2149 3566 2202; x_wconf 88' lang='grc' dir='ltr'>Ὅτι</span> <span class='ocrx_word' id='word_1_302' title='bbox 3587 2150 3653 2204; x_wconf 84' lang='grc' dir='ltr'>δὲ</span> <span class='ocrx_word' id='word_1_303' title='bbox 3671 2154 3734 2203; x_wconf 75' lang='grc' dir='ltr'><strong>οὐ</strong></span> 
     </span>
    </p>
   </div>
   <div class='ocr_carea' id='block_1_43' title="bbox 429 2226 1933 2311">
    <p class='ocr_par' dir='ltr' id='par_1_43' title="bbox 429 2226 1903 2300">
     <span class='ocr_line' id='line_1_43' title="bbox 429 2226 1903 2300; baseline 0.01 -24"><span class='ocrx_word' id='word_1_304' title='bbox 429 2226 639 2295; x_wconf 82' lang='lat' dir='ltr'><strong>jamdiu</strong></span> <span class='ocrx_word' id='word_1_305' title='bbox 693 2230 967 2298; x_wconf 80' lang='lat' dir='ltr'><strong>parabolis</strong></span> <span class='ocrx_word' id='word_1_306' title='bbox 1006 2233 1078 2285; x_wconf 85' lang='lat' dir='ltr'><strong>uti</strong></span> <span class='ocrx_word' id='word_1_307' title='bbox 1135 2234 1351 2300; x_wconf 88' lang='lat' dir='ltr'><strong>solitus,</strong></span> <span class='ocrx_word' id='word_1_308' title='bbox 1407 2235 1509 2290; x_wconf 91' lang='lat' dir='ltr'><strong>nisi</strong></span> <span class='ocrx_word' id='word_1_309' title='bbox 1563 2245 1623 2291; x_wconf 89' lang='lat' dir='ltr'><strong>ut</strong></span> <span class='ocrx_word' id='word_1_310' title='bbox 1662 2252 1758 2292; x_wconf 90' lang='lat' dir='ltr'><strong>eos</strong></span> <span class='ocrx_word' id='word_1_311' title='bbox 1790 2253 1903 2293; x_wconf 69' lang='lat' dir='ltr'><strong>sua:</strong></span> 
     </span>
    </p>
   </div>
   <div class='ocr_carea' id='block_1_44' title="bbox 2227 2226 3731 2311">
    <p class='ocr_par' dir='ltr' id='par_1_44' title="bbox 2227 2233 3731 2311">
     <span class='ocr_line' id='line_1_44' title="bbox 2227 2233 3731 2311; baseline 0.007 -28"><span class='ocrx_word' id='word_1_312' title='bbox 2227 2233 2524 2302; x_wconf 71' lang='grc' dir='ltr'>,λονὲτέρου</span> <span class='ocrx_word' id='word_1_313' title='bbox 2552 2234 2694 2299; x_wconf 84' lang='grc' dir='ltr'>τινὸς</span> <span class='ocrx_word' id='word_1_314' title='bbox 2733 2237 2892 2307; x_wconf 74' lang='grc' dir='ltr'>χάριν</span> <span class='ocrx_word' id='word_1_315' title='bbox 2922 2238 3018 2301; x_wconf 72' lang='grc' dir='ltr'><strong>τὰς</strong></span> <span class='ocrx_word' id='word_1_316' title='bbox 3049 2237 3324 2309; x_wconf 74' lang='grc' dir='ltr'>μαχαίρας</span> <span class='ocrx_word' id='word_1_317' title='bbox 3353 2238 3467 2292; x_wconf 54' lang='lat' dir='ltr'><strong>an</strong></span> <span class='ocrx_word' id='word_1_318' title='bbox 3497 2241 3602 2294; x_wconf 80' lang='grc' dir='ltr'>ἀπ’</span> <span class='ocrx_word' id='word_1_319' title='bbox 3626 2243 3731 2311; x_wconf 83' lang='grc' dir='ltr'>ἀρ-</span> 
     </span>
    </p>
   </div>
   <div class='ocr_carea' id='block_1_45' title="bbox 432 2317 1936 2403">
    <p class='ocr_par' dir='ltr' id='par_1_45' title="bbox 432 2317 1931 2397">
     <span class='ocr_line' id='line_1_45' title="bbox 432 2317 1931 2397; baseline 0.009 -26"><span class='ocrx_word' id='word_1_320' title='bbox 432 2317 824 2388; x_wconf 89' lang='lat' dir='ltr'><strong>discipulorum</strong></span> <span class='ocrx_word' id='word_1_321' title='bbox 860 2325 1136 2392; x_wconf 85' lang='lat' dir='ltr'><strong>passionis</strong></span> <span class='ocrx_word' id='word_1_322' title='bbox 1168 2327 1479 2397; x_wconf 84' lang='lat' dir='ltr'><strong>symbolum</strong></span> <span class='ocrx_word' id='word_1_323' title='bbox 1512 2328 1699 2395; x_wconf 80' lang='lat' dir='ltr'><strong>faciat,</strong></span> <span class='ocrx_word' id='word_1_324' title='bbox 1730 2329 1931 2385; x_wconf 85' lang='lat' dir='ltr'><strong>tnanifc</strong></span> 
     </span>
    </p>
   </div>
   <div class='ocr_carea' id='block_1_46' title="bbox 2226 2317 3730 2403">
    <p class='ocr_par' dir='ltr' id='par_1_46' title="bbox 2254 2328 3730 2403">
     <span class='ocr_line' id='line_1_46' title="bbox 2254 2328 3730 2403; baseline 0.005 -23"><span class='ocrx_word' id='word_1_325' title='bbox 2254 2328 2617 2399; x_wconf 80' lang='grc' dir='ltr'>προϐλήματα</span> <span class='ocrx_word' id='word_1_326' title='bbox 2634 2330 3006 2400; x_wconf 78' lang='grc' dir='ltr'>φθεγγόμενος</span> <span class='ocrx_word' id='word_1_327' title='bbox 3039 2334 3488 2400; x_wconf 78' lang='grc' dir='ltr'>αίνιγματίζεται</span> <span class='ocrx_word' id='word_1_328' title='bbox 3531 2334 3730 2403; x_wconf 77' lang='grc' dir='ltr'>λόγος,</span> 
     </span>
    </p>
   </div>
   <div class='ocr_carea' id='block_1_47' title="bbox 433 2412 1937 2493">
    <p class='ocr_par' dir='ltr' id='par_1_47' title="bbox 433 2412 1933 2493">
     <span class='ocr_line' id='line_1_47' title="bbox 433 2412 1933 2493; baseline 0.01 -30"><span class='ocrx_word' id='word_1_329' title='bbox 433 2412 687 2467; x_wconf 86' lang='lat' dir='ltr'><strong>enucleat</strong></span> <span class='ocrx_word' id='word_1_330' title='bbox 730 2414 784 2467; x_wconf 90' lang='lat' dir='ltr'><strong>in</strong></span> <span class='ocrx_word' id='word_1_331' title='bbox 831 2416 1321 2486; x_wconf 82' lang='lat' dir='ltr'><strong>subsequentibus.</strong></span> <span class='ocrx_word' id='word_1_332' title='bbox 1358 2421 1493 2475; x_wconf 88' lang='lat' dir='ltr'><strong>Cum</strong></span> <span class='ocrx_word' id='word_1_333' title='bbox 1520 2422 1665 2477; x_wconf 90' lang='lat' dir='ltr'><strong>enim</strong></span> <span class='ocrx_word' id='word_1_334' title='bbox 1698 2424 1933 2493; x_wconf 90' lang='lat' dir='ltr'><strong>respond</strong></span> 
     </span>
    </p>
   </div>
   <div class='ocr_carea' id='block_1_48' title="bbox 2228 2412 3732 2493">
    <p class='ocr_par' dir='ltr' id='par_1_48' title="bbox 2228 2420 3732 2493">
     <span class='ocr_line' id='line_1_48' title="bbox 2228 2420 3732 2493; baseline 0.005 -21"><span class='ocrx_word' id='word_1_335' title='bbox 2228 2420 2456 2490; x_wconf 78' lang='grc' dir='ltr'>ύμϐολον</span> <span class='ocrx_word' id='word_1_336' title='bbox 2489 2421 2659 2485; x_wconf 73' lang='grc' dir='ltr'>αὑτὰς</span> <span class='ocrx_word' id='word_1_337' title='bbox 2677 2424 3047 2493; x_wconf 80' lang='grc' dir='ltr'>πεποιημένος</span> <span class='ocrx_word' id='word_1_338' title='bbox 3080 2425 3172 2479; x_wconf 79' lang='grc' dir='ltr'>τοῦ</span> <span class='ocrx_word' id='word_1_339' title='bbox 3199 2443 3255 2478; x_wconf 85' lang='grc' dir='ltr'><strong>τε</strong></span> <span class='ocrx_word' id='word_1_340' title='bbox 3274 2426 3475 2481; x_wconf 78' lang='grc' dir='ltr'>οἰκείου</span> <span class='ocrx_word' id='word_1_341' title='bbox 3507 2428 3732 2491; x_wconf 78' lang='grc' dir='ltr'><strong>πάθους</strong></span> 
     </span>
    </p>
   </div>
   <div class='ocr_carea' id='block_1_49' title="bbox 433 2506 1937 2589">
    <p class='ocr_par' dir='ltr' id='par_1_49' title="bbox 433 2506 1937 2588">
     <span class='ocr_line' id='line_1_49' title="bbox 433 2506 1937 2588; baseline 0.01 -31"><span class='ocrx_word' id='word_1_342' title='bbox 433 2513 558 2557; x_wconf 89' lang='lat' dir='ltr'><strong>sent</strong></span> <span class='ocrx_word' id='word_1_343' title='bbox 592 2506 845 2575; x_wconf 80' lang='lat' dir='ltr'><strong>discipuli</strong></span> <span class='ocrx_word' id='word_1_344' title='bbox 882 2519 1083 2578; x_wconf 67' lang='lat' dir='ltr'><strong>praesto</strong></span> <span class='ocrx_word' id='word_1_345' title='bbox 1109 2526 1233 2568; x_wconf 84' lang='lat' dir='ltr'><strong>esse</strong></span> <span class='ocrx_word' id='word_1_346' title='bbox 1267 2512 1475 2583; x_wconf 86' lang='lat' dir='ltr'><strong>gladios</strong></span> <span class='ocrx_word' id='word_1_347' title='bbox 1510 2514 1671 2577; x_wconf 90' lang='lat' dir='ltr'><strong>duos,</strong></span> <span class='ocrx_word' id='word_1_348' title='bbox 1708 2517 1844 2571; x_wconf 90' lang='lat' dir='ltr'><strong>nihil</strong></span> <span class='ocrx_word' id='word_1_349' title='bbox 1876 2532 1937 2588; x_wconf 91' lang='lat' dir='ltr'><strong>pr</strong></span> 
     </span>
    </p>
   </div>
   <div class='ocr_carea' id='block_1_50' title="bbox 2224 2506 3728 2589">
    <p class='ocr_par' dir='ltr' id='par_1_50' title="bbox 2246 2511 3728 2589">
     <span class='ocr_line' id='line_1_50' title="bbox 2246 2511 3728 2589; baseline 0.006 -25"><span class='ocrx_word' id='word_1_350' title='bbox 2246 2511 2352 2565; x_wconf 80' lang='grc' dir='ltr'><strong>τῶν</strong></span> <span class='ocrx_word' id='word_1_351' title='bbox 2389 2512 2669 2584; x_wconf 77' lang='grc' dir='ltr'>μαθητῶν,</span> <span class='ocrx_word' id='word_1_352' title='bbox 2705 2512 2892 2583; x_wconf 85' lang='grc' dir='ltr'>σαφῶς</span> <span class='ocrx_word' id='word_1_353' title='bbox 2922 2517 3326 2570; x_wconf 77' lang='grc' dir='ltr'>ἁναπτύσσεται</span> <span class='ocrx_word' id='word_1_354' title='bbox 3349 2521 3464 2581; x_wconf 84' lang='grc' dir='ltr'>τοῖς</span> <span class='ocrx_word' id='word_1_355' title='bbox 3489 2520 3728 2589; x_wconf 75' lang='grc' dir='ltr'>ἐφεξῆς.</span> 
     </span>
    </p>
   </div>
   <div class='ocr_carea' id='block_1_51' title="bbox 432 2601 1936 2681">
    <p class='ocr_par' dir='ltr' id='par_1_51' title="bbox 432 2601 1936 2676">
     <span class='ocr_line' id='line_1_51' title="bbox 432 2601 1936 2676; baseline 0.009 -25"><span class='ocrx_word' id='word_1_356' title='bbox 432 2606 577 2651; x_wconf 84' lang='lat' dir='ltr'><strong>terea</strong></span> <span class='ocrx_word' id='word_1_357' title='bbox 607 2602 675 2653; x_wconf 90' lang='lat' dir='ltr'><strong>ab</strong></span> <span class='ocrx_word' id='word_1_358' title='bbox 701 2601 768 2654; x_wconf 85' lang='lat' dir='ltr'><strong>tis</strong></span> <span class='ocrx_word' id='word_1_359' title='bbox 803 2603 1120 2671; x_wconf 78' lang='lat' dir='ltr'><strong>exquisivit,</strong></span> <span class='ocrx_word' id='word_1_360' title='bbox 1156 2614 1283 2674; x_wconf 78' lang='lat' dir='ltr'><strong>puta</strong></span> <span class='ocrx_word' id='word_1_361' title='bbox 1314 2606 1399 2661; x_wconf 85' lang='lat' dir='ltr'><strong>vel</strong></span> <span class='ocrx_word' id='word_1_362' title='bbox 1424 2616 1500 2676; x_wconf 67' lang='grc' dir='ltr'>,ιιι</span> <span class='ocrx_word' id='word_1_363' title='bbox 1528 2618 1730 2663; x_wconf 87' lang='lat' dir='ltr'><strong>vestem</strong></span> <span class='ocrx_word' id='word_1_364' title='bbox 1758 2611 1936 2665; x_wconf 79' lang='lat' dir='ltr'><strong>diveut</strong></span> 
     </span>
    </p>
   </div>
   <div class='ocr_carea' id='block_1_52' title="bbox 2226 2601 3730 2681">
    <p class='ocr_par' dir='ltr' id='par_1_52' title="bbox 2226 2605 3730 2681">
     <span class='ocr_line' id='line_1_52' title="bbox 2226 2605 3730 2681; baseline 0.005 -23"><span class='ocrx_word' id='word_1_365' title='bbox 2226 2605 2612 2676; x_wconf 70' lang='grc' dir='ltr'>κδκριναμένων</span> <span class='ocrx_word' id='word_1_366' title='bbox 2650 2607 2758 2677; x_wconf 76' lang='grc' dir='ltr'>γὰρ</span> <span class='ocrx_word' id='word_1_367' title='bbox 2777 2608 2885 2659; x_wconf 78' lang='grc' dir='ltr'>τῶν</span> <span class='ocrx_word' id='word_1_368' title='bbox 2918 2607 3180 2677; x_wconf 77' lang='grc' dir='ltr'>μαθητῶν</span> <span class='ocrx_word' id='word_1_369' title='bbox 3210 2610 3286 2674; x_wconf 86' lang='grc' dir='ltr'>ὠς</span> <span class='ocrx_word' id='word_1_370' title='bbox 3317 2611 3597 2681; x_wconf 73' lang='grc' dir='ltr'>μάχαιραι</span> <span class='ocrx_word' id='word_1_371' title='bbox 3632 2614 3730 2665; x_wconf 76' lang='grc' dir='ltr'>δύο</span> 
     </span>
    </p>
   </div>
   <div class='ocr_carea' id='block_1_53' title="bbox 432 2693 1936 2776">
    <p class='ocr_par' dir='ltr' id='par_1_53' title="bbox 432 2693 1936 2775">
     <span class='ocr_line' id='line_1_53' title="bbox 432 2693 1936 2775; baseline 0.012 -33"><span class='ocrx_word' id='word_1_372' title='bbox 432 2693 675 2755; x_wconf 87' lang='lat' dir='ltr'><strong>rent,vel</strong></span> <span class='ocrx_word' id='word_1_373' title='bbox 708 2709 776 2747; x_wconf 91' lang='lat' dir='ltr'><strong>an</strong></span> <span class='ocrx_word' id='word_1_374' title='bbox 810 2695 866 2757; x_wconf 89' lang='lat' dir='ltr'><strong>ii,</strong></span> <span class='ocrx_word' id='word_1_375' title='bbox 894 2696 1095 2766; x_wconf 85' lang='lat' dir='ltr'><strong>quibus</strong></span> <span class='ocrx_word' id='word_1_376' title='bbox 1118 2708 1261 2754; x_wconf 87' lang='lat' dir='ltr'><strong>esset</strong></span> <span class='ocrx_word' id='word_1_377' title='bbox 1279 2716 1561 2766; x_wconf 86' lang='lat' dir='ltr'><strong>crumena,</strong></span> <span class='ocrx_word' id='word_1_378' title='bbox 1591 2718 1776 2771; x_wconf 91' lang='lat' dir='ltr'><strong>peram</strong></span> <span class='ocrx_word' id='word_1_379' title='bbox 1799 2721 1936 2775; x_wconf 87' lang='lat' dir='ltr'><strong>quoq</strong></span> 
     </span>
    </p>
   </div>
   <div class='ocr_carea' id='block_1_54' title="bbox 2227 2693 3731 2776">
    <p class='ocr_par' dir='ltr' id='par_1_54' title="bbox 2232 2696 3731 2773">
     <span class='ocr_line' id='line_1_54' title="bbox 2232 2696 3731 2773; baseline 0.002 -23"><span class='ocrx_word' id='word_1_380' title='bbox 2232 2716 2283 2763; x_wconf 88' lang='grc' dir='ltr'>ν,</span> <span class='ocrx_word' id='word_1_381' title='bbox 2317 2696 2430 2751; x_wconf 76' lang='grc' dir='ltr'>οὗθ’</span> <span class='ocrx_word' id='word_1_382' title='bbox 2468 2698 2658 2768; x_wconf 71' lang='grc' dir='ltr'>ἕτερόν</span> <span class='ocrx_word' id='word_1_383' title='bbox 2681 2716 2732 2752; x_wconf 89' lang='grc' dir='ltr'><strong>τι</strong></span> <span class='ocrx_word' id='word_1_384' title='bbox 2795 2698 3188 2771; x_wconf 75' lang='grc' dir='ltr'>προσαπῄτησε</span> <span class='ocrx_word' id='word_1_385' title='bbox 3214 2702 3345 2773; x_wconf 79' lang='grc' dir='ltr'>παρ’</span> <span class='ocrx_word' id='word_1_386' title='bbox 3372 2703 3575 2765; x_wconf 83' lang='grc' dir='ltr'>αὐτῶν,</span> <span class='ocrx_word' id='word_1_387' title='bbox 3614 2699 3731 2757; x_wconf 76' lang='grc' dir='ltr'>οἷον</span> 
     </span>
    </p>
   </div>
   <div class='ocr_carea' id='block_1_55' title="bbox 433 2785 1937 2870">
    <p class='ocr_par' dir='ltr' id='par_1_55' title="bbox 433 2785 1937 2870">
     <span class='ocr_line' id='line_1_55' title="bbox 433 2785 1937 2870; baseline 0.012 -36"><span class='ocrx_word' id='word_1_388' title='bbox 433 2785 819 2851; x_wconf 85' lang='lat' dir='ltr'><strong>sumpsissent,</strong></span> <span class='ocrx_word' id='word_1_389' title='bbox 849 2804 1026 2858; x_wconf 84' lang='lat' dir='ltr'><strong>neque</strong></span> <span class='ocrx_word' id='word_1_390' title='bbox 1076 2792 1144 2844; x_wconf 85' lang='lat' dir='ltr'><strong>ad</strong></span> <span class='ocrx_word' id='word_1_391' title='bbox 1192 2792 1326 2846; x_wconf 82' lang='lat' dir='ltr'><strong>alias</strong></span> <span class='ocrx_word' id='word_1_392' title='bbox 1368 2809 1463 2849; x_wconf 89' lang='lat' dir='ltr'><strong>eos</strong></span> <span class='ocrx_word' id='word_1_393' title='bbox 1507 2798 1786 2852; x_wconf 86' lang='lat' dir='ltr'><strong>transtulit</strong></span> <span class='ocrx_word' id='word_1_394' title='bbox 1821 2799 1937 2870; x_wconf 84' lang='lat' dir='ltr'><strong>cogi</strong></span> 
     </span>
    </p>
   </div>
   <div class='ocr_carea' id='block_1_56' title="bbox 2223 2785 3727 2870">
    <p class='ocr_par' dir='ltr' id='par_1_56' title="bbox 2227 2791 3727 2870">
     <span class='ocr_line' id='line_1_56' title="bbox 2227 2791 3727 2870; baseline 0.005 -26"><span class='ocrx_word' id='word_1_395' title='bbox 2227 2808 2342 2845; x_wconf 89' lang='grc' dir='ltr'>τιον</span> <span class='ocrx_word' id='word_1_396' title='bbox 2377 2791 2649 2860; x_wconf 78' lang='grc' dir='ltr'>πωλῆσαι,</span> <span class='ocrx_word' id='word_1_397' title='bbox 2680 2792 2711 2863; x_wconf 77' lang='grc' dir='ltr'>ἢ</span> <span class='ocrx_word' id='word_1_398' title='bbox 2739 2793 2850 2855; x_wconf 89' lang='grc' dir='ltr'>τοῖς</span> <span class='ocrx_word' id='word_1_399' title='bbox 2868 2792 3049 2862; x_wconf 81' lang='grc' dir='ltr'>ἔχουσι</span> <span class='ocrx_word' id='word_1_400' title='bbox 3070 2794 3130 2847; x_wconf 81' lang='grc' dir='ltr'><strong>τὸ</strong></span> <span class='ocrx_word' id='word_1_401' title='bbox 3152 2795 3456 2862; x_wconf 79' lang='grc' dir='ltr'>βαλάντιον,</span> <span class='ocrx_word' id='word_1_402' title='bbox 3483 2798 3531 2849; x_wconf 86' lang='grc' dir='ltr'><strong>εί</strong></span> <span class='ocrx_word' id='word_1_403' title='bbox 3562 2798 3670 2851; x_wconf 76' lang='grc' dir='ltr'>καὶ</span> <span class='ocrx_word' id='word_1_404' title='bbox 3695 2797 3727 2870; x_wconf 77' lang='grc' dir='ltr'><strong>ἠ</strong></span> 
     </span>
    </p>
   </div>
   <div class='ocr_carea' id='block_1_57' title="bbox 431 2876 1935 2966">
    <p class='ocr_par' dir='ltr' id='par_1_57' title="bbox 431 2876 1935 2966">
     <span class='ocr_line' id='line_1_57' title="bbox 431 2876 1935 2966; baseline 0.013 -34"><span class='ocrx_word' id='word_1_405' title='bbox 431 2876 641 2947; x_wconf 90' lang='lat' dir='ltr'><strong>tiones;</strong></span> <span class='ocrx_word' id='word_1_406' title='bbox 692 2883 785 2938; x_wconf 90' lang='lat' dir='ltr'><strong>sed</strong></span> <span class='ocrx_word' id='word_1_407' title='bbox 840 2903 858 2935; x_wconf 76' lang='grc' dir='ltr'><strong>ι</strong></span> <span class='ocrx_word' id='word_1_408' title='bbox 898 2885 1042 2941; x_wconf 89' lang='lat' dir='ltr'><strong>Satis</strong></span> <span class='ocrx_word' id='word_1_409' title='bbox 1090 2899 1192 2955; x_wconf 89' lang='lat' dir='ltr'><strong>est,</strong></span> <span class='ocrx_word' id='word_1_410' title='bbox 1253 2909 1272 2942; x_wconf 71' lang='grc' dir='ltr'><strong>ι</strong></span> <span class='ocrx_word' id='word_1_411' title='bbox 1324 2892 1399 2945; x_wconf 88' lang='lat' dir='ltr'><strong>ait</strong></span> <span class='ocrx_word' id='word_1_412' title='bbox 1436 2910 1449 2947; x_wconf 89' lang='lat'><strong>:</strong></span> <span class='ocrx_word' id='word_1_413' title='bbox 1486 2892 1695 2949; x_wconf 89' lang='lat' dir='ltr'><strong>scilicet</strong></span> <span class='ocrx_word' id='word_1_414' title='bbox 1728 2895 1935 2966; x_wconf 66' lang='lat' dir='ltr'><strong>signia!</strong></span> 
     </span>
    </p>
   </div>
   <div class='ocr_carea' id='block_1_58' title="bbox 2223 2876 3727 2966">
    <p class='ocr_par' dir='ltr' id='par_1_58' title="bbox 2223 2882 3727 2959">
     <span class='ocr_line' id='line_1_58' title="bbox 2223 2882 3727 2959; baseline 0.005 -25"><span class='ocrx_word' id='word_1_415' title='bbox 2223 2899 2272 2936; x_wconf 82' lang='grc' dir='ltr'>›α</span> <span class='ocrx_word' id='word_1_416' title='bbox 2304 2882 2726 2954; x_wconf 82' lang='grc' dir='ltr'>προσείληπται,</span> <span class='ocrx_word' id='word_1_417' title='bbox 2768 2882 2891 2937; x_wconf 78' lang='grc' dir='ltr'>οὔτε</span> <span class='ocrx_word' id='word_1_418' title='bbox 2927 2885 3066 2956; x_wconf 78' lang='grc' dir='ltr'>πρὸς</span> <span class='ocrx_word' id='word_1_419' title='bbox 3104 2886 3272 2956; x_wconf 77' lang='grc' dir='ltr'>ἄλλην</span> <span class='ocrx_word' id='word_1_420' title='bbox 3303 2886 3547 2940; x_wconf 81' lang='grc' dir='ltr'>διάνοιαν</span> <span class='ocrx_word' id='word_1_421' title='bbox 3588 2907 3727 2959; x_wconf 81' lang='grc' dir='ltr'>μετ-</span> 
     </span>
    </p>
   </div>
   <div class='ocr_carea' id='block_1_59' title="bbox 432 2974 1936 3055">
    <p class='ocr_par' dir='ltr' id='par_1_59' title="bbox 432 2976 1936 3055">
     <span class='ocr_line' id='line_1_59' title="bbox 432 2976 1936 3055; baseline 0.011 -30"><span class='ocrx_word' id='word_1_422' title='bbox 432 2984 554 3041; x_wconf 69' lang='grc' dir='ltr'>(Ῑιιίο</span> <span class='ocrx_word' id='word_1_423' title='bbox 583 2976 924 3042; x_wconf 87' lang='lat' dir='ltr'><strong>portenditur</strong></span> <span class='ocrx_word' id='word_1_424' title='bbox 946 2979 1362 3051; x_wconf 65' lang='lat' dir='ltr'><strong>circumscripta</strong></span> <span class='ocrx_word' id='word_1_425' title='bbox 1388 2994 1506 3045; x_wconf 87' lang='lat' dir='ltr'><strong>est;</strong></span> <span class='ocrx_word' id='word_1_426' title='bbox 1538 2998 1701 3055; x_wconf 87' lang='lat' dir='ltr'><strong>atque</strong></span> <span class='ocrx_word' id='word_1_427' title='bbox 1724 2988 1837 3045; x_wconf 63' lang='lat' dir='ltr'><strong>haec</strong></span> <span class='ocrx_word' id='word_1_428' title='bbox 1866 3005 1936 3043; x_wconf 81' lang='lat' dir='ltr'><strong>as:</strong></span> 
     </span>
    </p>
   </div>
   <div class='ocr_carea' id='block_1_60' title="bbox 2226 2974 3730 3055">
    <p class='ocr_par' dir='ltr' id='par_1_60' title="bbox 2226 2974 3730 3054">
     <span class='ocr_line' id='line_1_60' title="bbox 2226 2974 3730 3054; baseline 0.005 -28"><span class='ocrx_word' id='word_1_429' title='bbox 2226 2975 2393 3037; x_wconf 74' lang='grc' dir='ltr'>ἲασεν,</span> <span class='ocrx_word' id='word_1_430' title='bbox 2426 2974 2540 3029; x_wconf 79' lang='grc' dir='ltr'>ἀλλ’</span> <span class='ocrx_word' id='word_1_431' title='bbox 2588 2977 2795 3031; x_wconf 74' lang='grc' dir='ltr'>Ἱκανόν</span> <span class='ocrx_word' id='word_1_432' title='bbox 2826 2979 2962 3043; x_wconf 72' lang='grc' dir='ltr'>ἐστι,</span> <span class='ocrx_word' id='word_1_433' title='bbox 3023 2980 3195 3049; x_wconf 84' lang='grc' dir='ltr'>φησίν</span> <span class='ocrx_word' id='word_1_434' title='bbox 3221 2995 3235 3010; x_wconf 76' lang='grc' dir='ltr'><strong>ο</strong></span> <span class='ocrx_word' id='word_1_435' title='bbox 3264 2979 3385 3033; x_wconf 75' lang='grc' dir='ltr'>ἀντὶ</span> <span class='ocrx_word' id='word_1_436' title='bbox 3427 2980 3523 3033; x_wconf 81' lang='grc' dir='ltr'>τοῦ</span> <span class='ocrx_word' id='word_1_437' title='bbox 3555 2998 3730 3054; x_wconf 84' lang='grc' dir='ltr'>περι-</span> 
     </span>
    </p>
   </div>
   <div class='ocr_carea' id='block_1_61' title="bbox 430 3067 1934 3182">
    <p class='ocr_par' dir='ltr' id='par_1_61' title="bbox 430 3067 1934 3182">
     <span class='ocr_line' id='line_1_61' title="bbox 430 3067 1934 3149; baseline 0.011 -31"><span class='ocrx_word' id='word_1_438' title='bbox 430 3067 649 3135; x_wconf 74' lang='grc' dir='ltr'>ηιινηιιο</span> <span class='ocrx_word' id='word_1_439' title='bbox 682 3085 852 3139; x_wconf 87' lang='lat' dir='ltr'><strong>scopo</strong></span> <span class='ocrx_word' id='word_1_440' title='bbox 885 3074 1181 3129; x_wconf 76' lang='lat' dir='ltr'><strong>sufficiunt.</strong></span> <span class='ocrx_word' id='word_1_441' title='bbox 1234 3074 1433 3132; x_wconf 89' lang='lat' dir='ltr'><strong>Totum</strong></span> <span class='ocrx_word' id='word_1_442' title='bbox 1483 3080 1685 3149; x_wconf 83' lang='lat' dir='ltr'><strong>quippe</strong></span> <span class='ocrx_word' id='word_1_443' title='bbox 1738 3083 1934 3147; x_wconf 77' lang='lat' dir='ltr'><strong>negotii</strong></span> 
     </span>
     <span class='ocr_line' id='line_1_62' title="bbox 434 3158 1809 3182; baseline 0.012 -8"><span class='ocrx_word' id='word_1_444' title='bbox 434 3158 595 3182; x_wconf 46' lang='grc' dir='ltr'><strong>,μμ</strong></span> <span class='ocrx_word' id='word_1_445' title='bbox 648 3162 743 3182; x_wconf 45' lang='grc' dir='ltr'><strong>λη,</strong></span> <span class='ocrx_word' id='word_1_446' title='bbox 989 3180 999 3182; x_wconf 28' lang='grc' dir='ltr'><strong>Α</strong></span> <span class='ocrx_word' id='word_1_447' title='bbox 1263 3177 1275 3182; x_wconf 87' lang='grc'><strong>-</strong></span> <span class='ocrx_word' id='word_1_448' title='bbox 1373 3179 1382 3182; x_wconf 89' lang='grc'><strong>-</strong></span> <span class='ocrx_word' id='word_1_449' title='bbox 1498 3171 1546 3182; x_wconf 75' lang='grc'><strong>..</strong></span> <span class='ocrx_word' id='word_1_450' title='bbox 1780 3172 1809 3182; x_wconf 84' lang='grc'><strong>.-</strong></span> 
     </span>
    </p>
   </div>
   <div class='ocr_carea' id='block_1_62' title="bbox 2224 3067 3728 3182">
    <p class='ocr_par' dir='ltr' id='par_1_62' title="bbox 2230 3068 3728 3143">
     <span class='ocr_line' id='line_1_63' title="bbox 2230 3068 3728 3143; baseline 0.004 -23"><span class='ocrx_word' id='word_1_451' title='bbox 2230 3068 2342 3137; x_wconf 76' lang='grc' dir='ltr'>ἀφη</span> <span class='ocrx_word' id='word_1_452' title='bbox 2379 3071 2492 3131; x_wconf 85' lang='grc' dir='ltr'>τοῖς</span> <span class='ocrx_word' id='word_1_453' title='bbox 2520 3086 2581 3120; x_wconf 86' lang='grc' dir='ltr'><strong>συ</strong></span> <span class='ocrx_word' id='word_1_454' title='bbox 2591 3068 2811 3137; x_wconf 75' lang='grc' dir='ltr'>μϐόλοις</span> <span class='ocrx_word' id='word_1_455' title='bbox 2832 3070 2892 3123; x_wconf 85' lang='grc' dir='ltr'><strong>τὸ</strong></span> <span class='ocrx_word' id='word_1_456' title='bbox 2914 3071 3271 3141; x_wconf 82' lang='grc' dir='ltr'>μηνυόμενον,</span> <span class='ocrx_word' id='word_1_457' title='bbox 3286 3071 3381 3125; x_wconf 77' lang='grc' dir='ltr'><strong>καὶ</strong></span> <span class='ocrx_word' id='word_1_458' title='bbox 3400 3072 3728 3143; x_wconf 78' lang='grc' dir='ltr'>ἀρκούντως</span> 
     </span>
    </p>
   </div>
   <div class='ocr_carea' id='block_1_63' title="bbox 432 3158 1936 3245">
    <p class='ocr_par' dir='ltr' id='par_1_63' title="bbox 432 3158 1932 3245">
     <span class='ocr_line' id='line_1_64' title="bbox 432 3158 1932 3245; baseline 0.011 -34"><span class='ocrx_word' id='word_1_459' title='bbox 432 3158 597 3227; x_wconf 86' lang='lat' dir='ltr'><strong>gladii</strong></span> <span class='ocrx_word' id='word_1_460' title='bbox 641 3162 751 3217; x_wconf 92' lang='lat' dir='ltr'><strong>duo</strong></span> <span class='ocrx_word' id='word_1_461' title='bbox 779 3165 955 3219; x_wconf 91' lang='lat' dir='ltr'><strong>oculis</strong></span> <span class='ocrx_word' id='word_1_462' title='bbox 981 3167 1301 3235; x_wconf 88' lang='lat' dir='ltr'><strong>subjiciunt,</strong></span> <span class='ocrx_word' id='word_1_463' title='bbox 1337 3179 1391 3224; x_wconf 86' lang='lat' dir='ltr'><strong>et</strong></span> <span class='ocrx_word' id='word_1_464' title='bbox 1417 3171 1548 3241; x_wconf 89' lang='lat' dir='ltr'><strong>quid</strong></span> <span class='ocrx_word' id='word_1_465' title='bbox 1580 3172 1682 3228; x_wconf 87' lang='lat' dir='ltr'><strong>sibi</strong></span> <span class='ocrx_word' id='word_1_466' title='bbox 1709 3172 1834 3227; x_wconf 84' lang='lat' dir='ltr'><strong>velit</strong></span> <span class='ocrx_word' id='word_1_467' title='bbox 1871 3190 1932 3245; x_wconf 86' lang='lat' dir='ltr'><strong>sy</strong></span> 
     </span>
    </p>
   </div>
   <div class='ocr_carea' id='block_1_64' title="bbox 2218 3158 3722 3245">
    <p class='ocr_par' dir='ltr' id='par_1_64' title="bbox 2219 3160 3722 3238">
     <span class='ocr_line' id='line_1_65' title="bbox 2219 3160 3722 3238; baseline 0.006 -26"><span class='ocrx_word' id='word_1_468' title='bbox 2219 3178 2234 3212; x_wconf 90' lang='grc' dir='ltr'><strong>ι</strong></span> <span class='ocrx_word' id='word_1_469' title='bbox 2262 3160 2615 3230; x_wconf 77' lang='grc' dir='ltr'>παραστῆσαι</span> <span class='ocrx_word' id='word_1_470' title='bbox 2640 3162 2817 3216; x_wconf 78' lang='grc' dir='ltr'>ταῦτα</span> <span class='ocrx_word' id='word_1_471' title='bbox 2842 3163 2932 3216; x_wconf 75' lang='grc' dir='ltr'><strong>τὸν</strong></span> <span class='ocrx_word' id='word_1_472' title='bbox 2963 3163 3190 3218; x_wconf 84' lang='grc' dir='ltr'>σκοπόν.</span> <span class='ocrx_word' id='word_1_473' title='bbox 3226 3165 3292 3217; x_wconf 80' lang='lat' dir='ltr'><strong>Ai</strong></span> <span class='ocrx_word' id='word_1_474' title='bbox 3339 3165 3449 3237; x_wconf 75' lang='grc' dir='ltr'>γὰρ</span> <span class='ocrx_word' id='word_1_475' title='bbox 3479 3165 3579 3220; x_wconf 81' lang='grc' dir='ltr'>δύο</span> <span class='ocrx_word' id='word_1_476' title='bbox 3612 3169 3722 3238; x_wconf 85' lang='grc' dir='ltr'><strong>μά-</strong></span> 
     </span>
    </p>
   </div>
   <div class='ocr_carea' id='block_1_65' title="bbox 429 3250 1933 3331">
    <p class='ocr_par' dir='ltr' id='par_1_65' title="bbox 429 3250 1933 3331">
     <span class='ocr_line' id='line_1_66' title="bbox 429 3250 1933 3331; baseline 0.009 -26"><span class='ocrx_word' id='word_1_477' title='bbox 429 3250 614 3306; x_wconf 84' lang='lat' dir='ltr'><strong>bolum</strong></span> <span class='ocrx_word' id='word_1_478' title='bbox 650 3254 1008 3323; x_wconf 83' lang='lat' dir='ltr'><strong>patefaciunt.</strong></span> <span class='ocrx_word' id='word_1_479' title='bbox 1062 3260 1215 3314; x_wconf 82' lang='lat' dir='ltr'><strong>Alter</strong></span> <span class='ocrx_word' id='word_1_480' title='bbox 1266 3262 1412 3316; x_wconf 91' lang='lat' dir='ltr'><strong>enim</strong></span> <span class='ocrx_word' id='word_1_481' title='bbox 1464 3264 1674 3331; x_wconf 81' lang='lat' dir='ltr'><strong>gladius</strong></span> <span class='ocrx_word' id='word_1_482' title='bbox 1724 3263 1933 3319; x_wconf 87' lang='lat' dir='ltr'><strong>Domini</strong></span> 
     </span>
    </p>
   </div>
   <div class='ocr_carea' id='block_1_66' title="bbox 2219 3250 3723 3331">
    <p class='ocr_par' dir='ltr' id='par_1_66' title="bbox 2219 3252 3723 3331">
     <span class='ocr_line' id='line_1_67' title="bbox 2219 3252 3723 3331; baseline 0.007 -27"><span class='ocrx_word' id='word_1_483' title='bbox 2219 3268 2307 3324; x_wconf 86' lang='grc' dir='ltr'><strong>ραι</strong></span> <span class='ocrx_word' id='word_1_484' title='bbox 2335 3252 2431 3323; x_wconf 82' lang='grc' dir='ltr'><strong>τὴν</strong></span> <span class='ocrx_word' id='word_1_485' title='bbox 2471 3255 2663 3323; x_wconf 82' lang='grc' dir='ltr'>χρείαν</span> <span class='ocrx_word' id='word_1_486' title='bbox 2689 3255 2824 3326; x_wconf 84' lang='grc' dir='ltr'>ὃλην</span> <span class='ocrx_word' id='word_1_487' title='bbox 2856 3256 3257 3327; x_wconf 83' lang='grc' dir='ltr'>ὑπογράφουσι,</span> <span class='ocrx_word' id='word_1_488' title='bbox 3289 3260 3382 3311; x_wconf 73' lang='grc' dir='ltr'><strong>καὶ</strong></span> <span class='ocrx_word' id='word_1_489' title='bbox 3439 3259 3535 3312; x_wconf 79' lang='grc' dir='ltr'>τοῦ</span> <span class='ocrx_word' id='word_1_490' title='bbox 3570 3277 3723 3331; x_wconf 84' lang='grc' dir='ltr'>συμ-</span> 
     </span>
    </p>
   </div>
   <div class='ocr_carea' id='block_1_67' title="bbox 429 3341 1933 3427">
    <p class='ocr_par' dir='ltr' id='par_1_67' title="bbox 429 3341 1933 3423">
     <span class='ocr_line' id='line_1_68' title="bbox 429 3341 1933 3423; baseline 0.008 -28"><span class='ocrx_word' id='word_1_491' title='bbox 429 3341 702 3409; x_wconf 71' lang='grc' dir='ltr'>ροεδίοιιίε</span> <span class='ocrx_word' id='word_1_492' title='bbox 754 3345 933 3414; x_wconf 84' lang='lat' dir='ltr'><strong>imago</strong></span> <span class='ocrx_word' id='word_1_493' title='bbox 980 3360 1117 3411; x_wconf 89' lang='lat' dir='ltr'><strong>erat,</strong></span> <span class='ocrx_word' id='word_1_494' title='bbox 1170 3351 1307 3405; x_wconf 89' lang='lat' dir='ltr'><strong>alter</strong></span> <span class='ocrx_word' id='word_1_495' title='bbox 1339 3352 1619 3420; x_wconf 84' lang='lat' dir='ltr'><strong>Evangelii</strong></span> <span class='ocrx_word' id='word_1_496' title='bbox 1651 3354 1933 3423; x_wconf 74' lang='lat' dir='ltr'><strong>germinum</strong></span> 
     </span>
    </p>
   </div>
   <div class='ocr_carea' id='block_1_68' title="bbox 2222 3341 3726 3427">
    <p class='ocr_par' dir='ltr' id='par_1_68' title="bbox 2222 3344 3726 3427">
     <span class='ocr_line' id='line_1_69' title="bbox 2222 3344 3726 3427; baseline 0.007 -30"><span class='ocrx_word' id='word_1_497' title='bbox 2222 3362 2278 3398; x_wconf 85' lang='grc' dir='ltr'><strong>ου</strong></span> <span class='ocrx_word' id='word_1_498' title='bbox 2305 3344 2366 3399; x_wconf 71' lang='grc' dir='ltr'>τὸ</span> <span class='ocrx_word' id='word_1_499' title='bbox 2406 3346 2655 3417; x_wconf 83' lang='grc' dir='ltr'>βούλημα</span> <span class='ocrx_word' id='word_1_500' title='bbox 2683 3347 3060 3416; x_wconf 80' lang='grc' dir='ltr'>διαγγέλλουσι</span> <span class='ocrx_word' id='word_1_501' title='bbox 3088 3364 3103 3380; x_wconf 77' lang='grc' dir='ltr'><strong>ο</strong></span> <span class='ocrx_word' id='word_1_502' title='bbox 3147 3350 3243 3403; x_wconf 78' lang='grc' dir='ltr'><strong>καὶ</strong></span> <span class='ocrx_word' id='word_1_503' title='bbox 3273 3351 3383 3420; x_wconf 83' lang='grc' dir='ltr'>γὰρ</span> <span class='ocrx_word' id='word_1_504' title='bbox 3441 3352 3662 3408; x_wconf 86' lang='grc' dir='ltr'>τούτων</span> <span class='ocrx_word' id='word_1_505' title='bbox 3693 3356 3726 3427; x_wconf 75' lang='grc' dir='ltr'><strong>ἠ</strong></span> 
     </span>
    </p>
   </div>
   <div class='ocr_carea' id='block_1_69' title="bbox 428 3434 1932 3518">
    <p class='ocr_par' dir='ltr' id='par_1_69' title="bbox 428 3434 1931 3514">
     <span class='ocr_line' id='line_1_70' title="bbox 428 3434 1931 3514; baseline 0.01 -26"><span class='ocrx_word' id='word_1_506' title='bbox 428 3441 483 3488; x_wconf 90' lang='lat' dir='ltr'><strong>et</strong></span> <span class='ocrx_word' id='word_1_507' title='bbox 516 3434 633 3489; x_wconf 89' lang='lat' dir='ltr'><strong>sine</strong></span> <span class='ocrx_word' id='word_1_508' title='bbox 658 3434 781 3489; x_wconf 86' lang='lat' dir='ltr'><strong>fuco</strong></span> <span class='ocrx_word' id='word_1_509' title='bbox 814 3438 1234 3508; x_wconf 83' lang='lat' dir='ltr'><strong>discipulorum,</strong></span> <span class='ocrx_word' id='word_1_510' title='bbox 1264 3445 1357 3514; x_wconf 93' lang='lat' dir='ltr'><strong>qni</strong></span> <span class='ocrx_word' id='word_1_511' title='bbox 1384 3448 1601 3501; x_wconf 80' lang='lat' dir='ltr'><strong>eunetis</strong></span> <span class='ocrx_word' id='word_1_512' title='bbox 1632 3447 1771 3502; x_wconf 87' lang='lat' dir='ltr'><strong>infra</strong></span> <span class='ocrx_word' id='word_1_513' title='bbox 1801 3448 1931 3503; x_wconf 86' lang='lat' dir='ltr'><strong>Dom</strong></span> 
     </span>
    </p>
   </div>
   <div class='ocr_carea' id='block_1_70' title="bbox 2214 3434 3718 3518">
    <p class='ocr_par' dir='ltr' id='par_1_70' title="bbox 2214 3438 3718 3518">
     <span class='ocr_line' id='line_1_71' title="bbox 2214 3438 3718 3518; baseline 0.005 -27"><span class='ocrx_word' id='word_1_514' title='bbox 2214 3456 2220 3482; x_wconf 82' lang='grc' dir='ltr'><strong>ι</strong></span> <span class='ocrx_word' id='word_1_515' title='bbox 2250 3438 2571 3510; x_wconf 77' lang='grc' dir='ltr'>παραϐολὴν</span> <span class='ocrx_word' id='word_1_516' title='bbox 2604 3441 2791 3511; x_wconf 76' lang='grc' dir='ltr'>ἐπεῖχε</span> <span class='ocrx_word' id='word_1_517' title='bbox 2821 3440 2915 3494; x_wconf 83' lang='grc' dir='ltr'>τοῦ</span> <span class='ocrx_word' id='word_1_518' title='bbox 2946 3441 3272 3496; x_wconf 81' lang='grc' dir='ltr'>δεσποτικοῦ</span> <span class='ocrx_word' id='word_1_519' title='bbox 3324 3444 3557 3510; x_wconf 81' lang='grc' dir='ltr'>πάθους,</span> <span class='ocrx_word' id='word_1_520' title='bbox 3596 3450 3636 3518; x_wconf 81' lang='grc' dir='ltr'>ἡ</span> <span class='ocrx_word' id='word_1_521' title='bbox 3662 3449 3718 3501; x_wconf 79' lang='grc' dir='ltr'><strong>δὲ</strong></span> 
     </span>
    </p>
   </div>
   <div class='ocr_carea' id='block_1_71' title="bbox 431 3524 1935 3609">
    <p class='ocr_par' dir='ltr' id='par_1_71' title="bbox 431 3524 1935 3606">
     <span class='ocr_line' id='line_1_72' title="bbox 431 3524 1935 3606; baseline 0.01 -28"><span class='ocrx_word' id='word_1_522' title='bbox 431 3524 754 3580; x_wconf 87' lang='lat' dir='ltr'><strong>charitatem</strong></span> <span class='ocrx_word' id='word_1_523' title='bbox 791 3527 1006 3595; x_wconf 84' lang='lat' dir='ltr'><strong>locatis,</strong></span> <span class='ocrx_word' id='word_1_524' title='bbox 1043 3533 1404 3588; x_wconf 78' lang='lat' dir='ltr'><strong>novissimum</strong></span> <span class='ocrx_word' id='word_1_525' title='bbox 1449 3550 1681 3606; x_wconf 86' lang='lat' dir='ltr'><strong>quoque</strong></span> <span class='ocrx_word' id='word_1_526' title='bbox 1717 3539 1935 3593; x_wconf 83' lang='lat' dir='ltr'><strong>amicult</strong></span> 
     </span>
    </p>
   </div>
   <div class='ocr_carea' id='block_1_72' title="bbox 2218 3524 3722 3609">
    <p class='ocr_par' dir='ltr' id='par_1_72' title="bbox 2218 3531 3722 3609">
     <span class='ocr_line' id='line_1_73' title="bbox 2218 3531 3722 3609; baseline 0.007 -26"><span class='ocrx_word' id='word_1_527' title='bbox 2218 3548 2225 3577; x_wconf 76' lang='grc' dir='ltr'><strong>ι</strong></span> <span class='ocrx_word' id='word_1_528' title='bbox 2268 3531 2509 3602; x_wconf 86' lang='grc' dir='ltr'>γνησίων</span> <span class='ocrx_word' id='word_1_529' title='bbox 2547 3549 2607 3586; x_wconf 85' lang='grc' dir='ltr'><strong>τε</strong></span> <span class='ocrx_word' id='word_1_530' title='bbox 2634 3534 2729 3587; x_wconf 77' lang='grc' dir='ltr'>καὶ</span> <span class='ocrx_word' id='word_1_531' title='bbox 2758 3533 2834 3597; x_wconf 85' lang='grc' dir='ltr'>ὼς</span> <span class='ocrx_word' id='word_1_532' title='bbox 2866 3533 3085 3605; x_wconf 84' lang='grc' dir='ltr'>ἀληθῶς</span> <span class='ocrx_word' id='word_1_533' title='bbox 3111 3535 3206 3589; x_wconf 70' lang='grc' dir='ltr'>τοῦ</span> <span class='ocrx_word' id='word_1_534' title='bbox 3250 3536 3409 3604; x_wconf 85' lang='grc' dir='ltr'>λόγου</span> <span class='ocrx_word' id='word_1_535' title='bbox 3446 3538 3722 3609; x_wconf 83' lang='grc' dir='ltr'>μαθητῶν</span> 
     </span>
    </p>
   </div>
   <div class='ocr_carea' id='block_1_73' title="bbox 432 3618 1936 3701">
    <p class='ocr_par' dir='ltr' id='par_1_73' title="bbox 432 3622 1931 3699">
     <span class='ocr_line' id='line_1_74' title="bbox 432 3622 1931 3699; baseline 0.01 -29"><span class='ocrx_word' id='word_1_536' title='bbox 432 3627 664 3682; x_wconf 79' lang='lat' dir='ltr'><strong>exuunt,</strong></span> <span class='ocrx_word' id='word_1_537' title='bbox 723 3628 887 3689; x_wconf 91' lang='lat' dir='ltr'><strong>atque</strong></span> <span class='ocrx_word' id='word_1_538' title='bbox 920 3622 1069 3676; x_wconf 89' lang='lat' dir='ltr'><strong>omni</strong></span> <span class='ocrx_word' id='word_1_539' title='bbox 1114 3625 1359 3678; x_wconf 88' lang='lat' dir='ltr'><strong>terrestri</strong></span> <span class='ocrx_word' id='word_1_540' title='bbox 1406 3641 1485 3688; x_wconf 88' lang='lat' dir='ltr'><strong>re,</strong></span> <span class='ocrx_word' id='word_1_541' title='bbox 1528 3628 1640 3683; x_wconf 92' lang='lat' dir='ltr'><strong>imo</strong></span> <span class='ocrx_word' id='word_1_542' title='bbox 1668 3638 1724 3684; x_wconf 90' lang='lat' dir='ltr'><strong>et</strong></span> <span class='ocrx_word' id='word_1_543' title='bbox 1770 3630 1883 3699; x_wconf 86' lang='lat' dir='ltr'><strong>ipsa</strong></span> <span class='ocrx_word' id='word_1_544' title='bbox 1918 3648 1931 3685; x_wconf 84' lang='lat' dir='ltr'><strong>l</strong></span> 
     </span>
    </p>
   </div>
   <div class='ocr_carea' id='block_1_74' title="bbox 2218 3618 3722 3701">
    <p class='ocr_par' dir='ltr' id='par_1_74' title="bbox 2227 3623 3722 3701">
     <span class='ocr_line' id='line_1_75' title="bbox 2227 3623 3722 3701; baseline 0.004 -24"><span class='ocrx_word' id='word_1_545' title='bbox 2227 3623 2443 3677; x_wconf 81' lang='grc' dir='ltr'>ἅπαντα</span> <span class='ocrx_word' id='word_1_546' title='bbox 2465 3624 2563 3695; x_wconf 78' lang='grc' dir='ltr'>τῆς</span> <span class='ocrx_word' id='word_1_547' title='bbox 2579 3626 2657 3687; x_wconf 87' lang='grc' dir='ltr'><strong>είς</strong></span> <span class='ocrx_word' id='word_1_548' title='bbox 2680 3624 2742 3677; x_wconf 83' lang='grc' dir='ltr'><strong>τὸ</strong></span> <span class='ocrx_word' id='word_1_549' title='bbox 2763 3626 3040 3697; x_wconf 81' lang='grc' dir='ltr'>Δεσπότην</span> <span class='ocrx_word' id='word_1_550' title='bbox 3054 3627 3267 3692; x_wconf 80' lang='grc' dir='ltr'>εὐνοίας</span> <span class='ocrx_word' id='word_1_551' title='bbox 3285 3628 3523 3683; x_wconf 81' lang='grc' dir='ltr'>ἀλλασσο</span> <span class='ocrx_word' id='word_1_552' title='bbox 3531 3632 3722 3701; x_wconf 78' lang='grc' dir='ltr'>μένοις</span> 
     </span>
    </p>
   </div>
   <div class='ocr_carea' id='block_1_75' title="bbox 429 3713 1933 3795">
    <p class='ocr_par' dir='ltr' id='par_1_75' title="bbox 429 3713 1909 3789">
     <span class='ocr_line' id='line_1_76' title="bbox 429 3713 1909 3789; baseline 0.009 -24"><span class='ocrx_word' id='word_1_553' title='bbox 429 3720 571 3775; x_wconf 87' lang='lat' dir='ltr'><strong>tura,</strong></span> <span class='ocrx_word' id='word_1_554' title='bbox 598 3713 810 3777; x_wconf 84' lang='lat' dir='ltr'><strong>nudati,</strong></span> <span class='ocrx_word' id='word_1_555' title='bbox 861 3714 1024 3769; x_wconf 89' lang='lat' dir='ltr'><strong>simul</strong></span> <span class='ocrx_word' id='word_1_556' title='bbox 1056 3732 1119 3771; x_wconf 85' lang='lat' dir='ltr'><strong>ac</strong></span> <span class='ocrx_word' id='word_1_557' title='bbox 1161 3718 1382 3772; x_wconf 73' lang='lat' dir='ltr'><strong>occasio</strong></span> <span class='ocrx_word' id='word_1_558' title='bbox 1431 3720 1666 3778; x_wconf 86' lang='lat' dir='ltr'><strong>athletas</strong></span> <span class='ocrx_word' id='word_1_559' title='bbox 1696 3734 1909 3789; x_wconf 86' lang='lat' dir='ltr'><strong>evocat,</strong></span> 
     </span>
    </p>
   </div>
   <div class='ocr_carea' id='block_1_76' title="bbox 2219 3713 3723 3795">
    <p class='ocr_par' dir='ltr' id='par_1_76' title="bbox 2236 3714 3723 3795">
     <span class='ocr_line' id='line_1_77' title="bbox 2236 3714 3723 3795; baseline 0.005 -24"><span class='ocrx_word' id='word_1_560' title='bbox 2236 3714 2375 3786; x_wconf 80' lang='grc' dir='ltr'>αὐτὴ</span> <span class='ocrx_word' id='word_1_561' title='bbox 2389 3718 2902 3790; x_wconf 83' lang='grc' dir='ltr'>προσαποδεύεταιὴ</span> <span class='ocrx_word' id='word_1_562' title='bbox 2934 3721 3222 3776; x_wconf 79' lang='grc' dir='ltr'>τελευταία</span> <span class='ocrx_word' id='word_1_563' title='bbox 3262 3723 3524 3795; x_wconf 75' lang='grc' dir='ltr'>περιὸολή</span> <span class='ocrx_word' id='word_1_564' title='bbox 3554 3741 3570 3757; x_wconf 76' lang='grc' dir='ltr'><strong>ο</strong></span> <span class='ocrx_word' id='word_1_565' title='bbox 3616 3742 3723 3795; x_wconf 77' lang='grc' dir='ltr'><strong>γυ⁴</strong></span> 
     </span>
    </p>
   </div>
   <div class='ocr_carea' id='block_1_77' title="bbox 430 3806 1934 3887">
    <p class='ocr_par' dir='ltr' id='par_1_77' title="bbox 430 3806 1595 3876">
     <span class='ocr_line' id='line_1_78' title="bbox 430 3806 1595 3876; baseline 0.009 -18"><span class='ocrx_word' id='word_1_566' title='bbox 430 3819 620 3859; x_wconf 88' lang='lat' dir='ltr'><strong>necem</strong></span> <span class='ocrx_word' id='word_1_567' title='bbox 658 3821 756 3876; x_wconf 84' lang='lat' dir='ltr'><strong>pro</strong></span> <span class='ocrx_word' id='word_1_568' title='bbox 789 3806 991 3861; x_wconf 88' lang='lat' dir='ltr'><strong>dilecto</strong></span> <span class='ocrx_word' id='word_1_569' title='bbox 1020 3817 1249 3865; x_wconf 88' lang='lat' dir='ltr'><strong>ovantes</strong></span> <span class='ocrx_word' id='word_1_570' title='bbox 1281 3811 1595 3868; x_wconf 85' lang='lat' dir='ltr'><strong>convolant.</strong></span> 
     </span>
    </p>
   </div>
   <div class='ocr_carea' id='block_1_78' title="bbox 2212 3806 3716 3887">
    <p class='ocr_par' dir='ltr' id='par_1_78' title="bbox 2212 3809 3716 3887">
     <span class='ocr_line' id='line_1_79' title="bbox 2212 3809 3716 3887; baseline 0.007 -26"><span class='ocrx_word' id='word_1_571' title='bbox 2212 3811 2247 3861; x_wconf 66' lang='grc' dir='ltr'>ἡ</span> <span class='ocrx_word' id='word_1_572' title='bbox 2273 3809 2334 3863; x_wconf 79' lang='grc' dir='ltr'><strong>δὲ</strong></span> <span class='ocrx_word' id='word_1_573' title='bbox 2361 3812 2471 3863; x_wconf 83' lang='grc' dir='ltr'><strong>τῶν</strong></span> <span class='ocrx_word' id='word_1_574' title='bbox 2504 3828 2570 3864; x_wconf 83' lang='grc' dir='ltr'><strong>πε</strong></span> <span class='ocrx_word' id='word_1_575' title='bbox 2582 3812 2823 3881; x_wconf 86' lang='grc' dir='ltr'>ριγείων,</span> <span class='ocrx_word' id='word_1_576' title='bbox 2853 3813 2990 3866; x_wconf 81' lang='grc' dir='ltr'>ἀλλὰ</span> <span class='ocrx_word' id='word_1_577' title='bbox 3024 3814 3120 3867; x_wconf 71' lang='grc' dir='ltr'><strong>καὶ</strong></span> <span class='ocrx_word' id='word_1_578' title='bbox 3145 3816 3313 3885; x_wconf 78' lang='grc' dir='ltr'>αὐτῆς</span> <span class='ocrx_word' id='word_1_579' title='bbox 3340 3816 3436 3887; x_wconf 82' lang='grc' dir='ltr'><strong>τῆς</strong></span> <span class='ocrx_word' id='word_1_580' title='bbox 3469 3817 3716 3885; x_wconf 83' lang='grc' dir='ltr'>φύσεως,</span> 
     </span>
    </p>
   </div>
   <div class='ocr_carea' id='block_1_79' title="bbox 2114 3901 3720 3979">
    <p class='ocr_par' dir='ltr' id='par_1_79' title="bbox 2114 3901 3720 3979">
     <span class='ocr_line' id='line_1_80' title="bbox 2114 3901 3720 3979; baseline 0.005 -26"><span class='ocrx_word' id='word_1_581' title='bbox 2114 3901 2398 3972; x_wconf 86' lang='grc' dir='ltr'>χαίροντες</span> <span class='ocrx_word' id='word_1_582' title='bbox 2427 3901 2663 3974; x_wconf 74' lang='grc' dir='ltr'>ἔδραμον</span> <span class='ocrx_word' id='word_1_583' title='bbox 2697 3906 2830 3973; x_wconf 79' lang='grc' dir='ltr'>πρὸς</span> <span class='ocrx_word' id='word_1_584' title='bbox 2877 3902 2997 3974; x_wconf 84' lang='grc' dir='ltr'>τὴν,</span> <span class='ocrx_word' id='word_1_585' title='bbox 3020 3905 3149 3958; x_wconf 85' lang='grc' dir='ltr'>ὅταν</span> <span class='ocrx_word' id='word_1_586' title='bbox 3207 3907 3235 3960; x_wconf 86' lang='grc' dir='ltr'>ὁ</span> <span class='ocrx_word' id='word_1_587' title='bbox 3278 3907 3467 3979; x_wconf 83' lang='grc' dir='ltr'>καιρὸς</span> <span class='ocrx_word' id='word_1_588' title='bbox 3522 3908 3720 3963; x_wconf 67' lang='grc' dir='ltr'>ἐκάλει</span> 
     </span>
    </p>
   </div>
   <div class='ocr_carea' id='block_1_80' title="bbox 2111 3991 3503 4067">
    <p class='ocr_par' dir='ltr' id='par_1_80' title="bbox 2111 3991 3503 4067">
     <span class='ocr_line' id='line_1_81' title="bbox 2111 3991 3503 4067; baseline 0.004 -23"><span class='ocrx_word' id='word_1_589' title='bbox 2111 3992 2239 4054; x_wconf 77' lang='grc' dir='ltr'>τοὺς</span> <span class='ocrx_word' id='word_1_590' title='bbox 2280 3991 2537 4062; x_wconf 81' lang='grc' dir='ltr'>ἀθλητὰς,</span> <span class='ocrx_word' id='word_1_591' title='bbox 2572 3994 2712 4065; x_wconf 77' lang='grc' dir='ltr'>ὑπὲρ</span> <span class='ocrx_word' id='word_1_592' title='bbox 2743 3993 2837 4047; x_wconf 74' lang='grc' dir='ltr'>τοῦ</span> <span class='ocrx_word' id='word_1_593' title='bbox 2885 3993 3220 4064; x_wconf 85' lang='grc' dir='ltr'>ποθουμένου</span> <span class='ocrx_word' id='word_1_594' title='bbox 3258 4001 3503 4067; x_wconf 64' lang='grc' dir='ltr'>σφαγὴν.›</span> 
     </span>
    </p>
   </div>
   <div class='ocr_carea' id='block_1_81' title="bbox 498 4060 2002 4161">
    <p class='ocr_par' dir='ltr' id='par_1_81' title="bbox 498 4060 2002 4137">
     <span class='ocr_line' id='line_1_82' title="bbox 498 4060 2002 4137; baseline 0.011 -23"><span class='ocrx_word' id='word_1_595' title='bbox 498 4060 587 4115; x_wconf 70' lang='lat' dir='ltr'><strong>it.</strong></span> <span class='ocrx_word' id='word_1_596' title='bbox 620 4062 799 4133; x_wconf 79' lang='lat' dir='ltr'><strong>Atque</strong></span> <span class='ocrx_word' id='word_1_597' title='bbox 826 4062 901 4117; x_wconf 86' lang='lat' dir='ltr'><strong>ita</strong></span> <span class='ocrx_word' id='word_1_598' title='bbox 930 4064 1045 4119; x_wconf 65' lang='lat' dir='ltr'><strong>hree</strong></span> <span class='ocrx_word' id='word_1_599' title='bbox 1074 4065 1238 4121; x_wconf 90' lang='lat' dir='ltr'><strong>etiam</strong></span> <span class='ocrx_word' id='word_1_600' title='bbox 1272 4083 1392 4137; x_wconf 82' lang='lat' dir='ltr'><strong>quae</strong></span> <span class='ocrx_word' id='word_1_601' title='bbox 1414 4070 1469 4124; x_wconf 92' lang='lat' dir='ltr'><strong>in</strong></span> <span class='ocrx_word' id='word_1_602' title='bbox 1505 4071 1757 4127; x_wconf 87' lang='lat' dir='ltr'><strong>manibus</strong></span> <span class='ocrx_word' id='word_1_603' title='bbox 1786 4082 1872 4129; x_wconf 87' lang='lat' dir='ltr'><strong>est</strong></span> <span class='ocrx_word' id='word_1_604' title='bbox 1897 4073 2002 4130; x_wconf 88' lang='lat' dir='ltr'><strong>dis-</strong></span> 
     </span>
    </p>
   </div>
   <div class='ocr_carea' id='block_1_82' title="bbox 2211 4060 3715 4161">
    <p class='ocr_par' dir='ltr' id='par_1_82' title="bbox 2211 4082 3715 4161">
     <span class='ocr_line' id='line_1_83' title="bbox 2211 4082 3715 4161; baseline 0.005 -26"><span class='ocrx_word' id='word_1_605' title='bbox 2211 4082 2267 4135; x_wconf 80' lang='grc' dir='ltr'><strong>δ’.</strong></span> <span class='ocrx_word' id='word_1_606' title='bbox 2310 4084 2474 4138; x_wconf 78' lang='grc' dir='ltr'>Ἀλλὰ</span> <span class='ocrx_word' id='word_1_607' title='bbox 2505 4085 2768 4155; x_wconf 82' lang='grc' dir='ltr'>τοιαύτην</span> <span class='ocrx_word' id='word_1_608' title='bbox 2801 4085 2901 4157; x_wconf 79' lang='grc' dir='ltr'><strong>μὲν</strong></span> <span class='ocrx_word' id='word_1_609' title='bbox 2932 4088 3026 4140; x_wconf 79' lang='grc' dir='ltr'><strong>καὶ</strong></span> <span class='ocrx_word' id='word_1_610' title='bbox 3053 4088 3086 4158; x_wconf 80' lang='grc' dir='ltr'>ἡ</span> <span class='ocrx_word' id='word_1_611' title='bbox 3122 4087 3217 4141; x_wconf 81' lang='grc' dir='ltr'>νῦν</span> <span class='ocrx_word' id='word_1_612' title='bbox 3240 4089 3346 4140; x_wconf 84' lang='grc' dir='ltr'><strong>τῶν</strong></span> <span class='ocrx_word' id='word_1_613' title='bbox 3377 4089 3561 4159; x_wconf 75' lang='grc' dir='ltr'>ῥητῶν</span> <span class='ocrx_word' id='word_1_614' title='bbox 3611 4091 3715 4161; x_wconf 79' lang='grc' dir='ltr'>τὴν</span> 
     </span>
    </p>
   </div>
   <div class='ocr_carea' id='block_1_83' title="bbox 424 4155 1928 4252">
    <p class='ocr_par' dir='ltr' id='par_1_83' title="bbox 424 4155 1928 4227">
     <span class='ocr_line' id='line_1_84' title="bbox 424 4155 1928 4227; baseline 0.007 -19"><span class='ocrx_word' id='word_1_615' title='bbox 424 4155 636 4225; x_wconf 85' lang='lat' dir='ltr'><strong>putatio</strong></span> <span class='ocrx_word' id='word_1_616' title='bbox 682 4156 1095 4210; x_wconf 83' lang='lat' dir='ltr'><strong>consonantiam</strong></span> <span class='ocrx_word' id='word_1_617' title='bbox 1131 4159 1405 4214; x_wconf 91' lang='lat' dir='ltr'><strong>dictorum</strong></span> <span class='ocrx_word' id='word_1_618' title='bbox 1454 4161 1819 4227; x_wconf 78' lang='lat' dir='ltr'><strong>demonstrat,</strong></span> <span class='ocrx_word' id='word_1_619' title='bbox 1868 4166 1928 4219; x_wconf 81' lang='lat' dir='ltr'><strong>ha</strong></span> 
     </span>
    </p>
   </div>
   <div class='ocr_carea' id='block_1_84' title="bbox 2211 4155 3715 4252">
    <p class='ocr_par' dir='ltr' id='par_1_84' title="bbox 2211 4175 3715 4252">
     <span class='ocr_line' id='line_1_85' title="bbox 2211 4175 3715 4252; baseline 0.006 -26"><span class='ocrx_word' id='word_1_620' title='bbox 2211 4175 2435 4243; x_wconf 82' lang='grc' dir='ltr'>ιφωνίαν</span> <span class='ocrx_word' id='word_1_621' title='bbox 2462 4176 2723 4230; x_wconf 82' lang='grc' dir='ltr'>δεικνῦσα</span> <span class='ocrx_word' id='word_1_622' title='bbox 2750 4176 2973 4248; x_wconf 87' lang='grc' dir='ltr'>θεωρία,</span> <span class='ocrx_word' id='word_1_623' title='bbox 3006 4181 3070 4250; x_wconf 80' lang='grc' dir='ltr'>τῇ</span> <span class='ocrx_word' id='word_1_624' title='bbox 3094 4180 3194 4249; x_wconf 79' lang='grc' dir='ltr'><strong>μὲν</strong></span> <span class='ocrx_word' id='word_1_625' title='bbox 3229 4180 3340 4234; x_wconf 82' lang='grc' dir='ltr'><strong>τῶν</strong></span> <span class='ocrx_word' id='word_1_626' title='bbox 3395 4182 3715 4252; x_wconf 79' lang='grc' dir='ltr'>προσώπων</span> 
     </span>
    </p>
   </div>
   <div class='ocr_carea' id='block_1_85' title="bbox 422 4243 1926 4346">
    <p class='ocr_par' dir='ltr' id='par_1_85' title="bbox 422 4243 1922 4317">
     <span class='ocr_line' id='line_1_86' title="bbox 422 4243 1922 4317; baseline 0.007 -22"><span class='ocrx_word' id='word_1_627' title='bbox 422 4243 675 4315; x_wconf 77' lang='lat' dir='ltr'><strong>equidem</strong></span> <span class='ocrx_word' id='word_1_628' title='bbox 690 4258 1047 4312; x_wconf 81' lang='lat' dir='ltr'><strong>personarum</strong></span> <span class='ocrx_word' id='word_1_629' title='bbox 1067 4246 1391 4312; x_wconf 71' lang='lat' dir='ltr'><strong>differentia,</strong></span> <span class='ocrx_word' id='word_1_630' title='bbox 1414 4265 1578 4317; x_wconf 87' lang='lat' dir='ltr'><strong>quam</strong></span> <span class='ocrx_word' id='word_1_631' title='bbox 1606 4252 1807 4307; x_wconf 74' lang='lat' dir='ltr'><strong>divina:</strong></span> <span class='ocrx_word' id='word_1_632' title='bbox 1827 4253 1922 4308; x_wconf 86' lang='lat' dir='ltr'><strong>Ser</strong></span> 
     </span>
    </p>
   </div>
   <div class='ocr_carea' id='block_1_86' title="bbox 2209 4243 3713 4346">
    <p class='ocr_par' dir='ltr' id='par_1_86' title="bbox 2227 4243 3713 4346">
     <span class='ocr_line' id='line_1_87' title="bbox 2227 4243 3713 4346; baseline -0.008 -9"><span class='ocrx_word' id='word_1_633' title='bbox 2227 4269 2552 4338; x_wconf 75' lang='grc' dir='ltr'>χρησαμένη</span> <span class='ocrx_word' id='word_1_634' title='bbox 2575 4269 2833 4341; x_wconf 73' lang='grc' dir='ltr'>διαφορᾷ,</span> <span class='ocrx_word' id='word_1_635' title='bbox 2862 4243 2945 4323; x_wconf 56' lang='lat' dir='ltr'><strong>om</strong></span> <span class='ocrx_word' id='word_1_636' title='bbox 2977 4243 3394 4346; x_wconf 44' lang='grc' dir='ltr'>μηθξὲπέτρεπε</span> <span class='ocrx_word' id='word_1_637' title='bbox 3422 4243 3589 4327; x_wconf 76' lang='grc' dir='ltr'>τοῦτο</span> <span class='ocrx_word' id='word_1_638' title='bbox 3609 4280 3713 4346; x_wconf 81' lang='grc' dir='ltr'><strong>τῆς</strong></span> 
     </span>
    </p>
   </div>
   <div class='ocr_carea' id='block_1_87' title="bbox 424 4335 1928 4439">
    <p class='ocr_par' dir='ltr' id='par_1_87' title="bbox 424 4335 1928 4412">
     <span class='ocr_line' id='line_1_88' title="bbox 424 4335 1928 4412; baseline 0.008 -24"><span class='ocrx_word' id='word_1_639' title='bbox 424 4343 561 4389; x_wconf 75' lang='lat' dir='ltr'><strong>tune</strong></span> <span class='ocrx_word' id='word_1_640' title='bbox 598 4335 800 4390; x_wconf 87' lang='lat' dir='ltr'><strong>locutio</strong></span> <span class='ocrx_word' id='word_1_641' title='bbox 858 4337 947 4393; x_wconf 91' lang='lat' dir='ltr'><strong>hic</strong></span> <span class='ocrx_word' id='word_1_642' title='bbox 981 4353 1088 4392; x_wconf 89' lang='lat' dir='ltr'><strong>non</strong></span> <span class='ocrx_word' id='word_1_643' title='bbox 1122 4341 1350 4409; x_wconf 89' lang='lat' dir='ltr'><strong>patitur,</strong></span> <span class='ocrx_word' id='word_1_644' title='bbox 1403 4344 1497 4396; x_wconf 91' lang='lat' dir='ltr'><strong>sed</strong></span> <span class='ocrx_word' id='word_1_645' title='bbox 1536 4348 1928 4412; x_wconf 82' lang='lat' dir='ltr'><strong>consequentih</strong></span> 
     </span>
    </p>
   </div>
   <div class='ocr_carea' id='block_1_88' title="bbox 2208 4335 3712 4439">
    <p class='ocr_par' dir='ltr' id='par_1_88' title="bbox 2208 4335 3712 4439">
     <span class='ocr_line' id='line_1_89' title="bbox 2208 4335 3712 4439; baseline 0.016 -38"><span class='ocrx_word' id='word_1_646' title='bbox 2208 4335 2799 4434; x_wconf 47' lang='grc' dir='ltr'><strong>ίέιλραέρῆςῆφωῆξ</strong></span> <span class='ocrx_word' id='word_1_647' title='bbox 2831 4364 2923 4417; x_wconf 83' lang='grc' dir='ltr'>ὑπ’</span> <span class='ocrx_word' id='word_1_648' title='bbox 2950 4335 3129 4419; x_wconf 73' lang='grc' dir='ltr'>αὐτῶν</span> <span class='ocrx_word' id='word_1_649' title='bbox 3168 4335 3355 4418; x_wconf 56' lang='grc' dir='ltr'>διξῶν</span> <span class='ocrx_word' id='word_1_650' title='bbox 3404 4335 3712 4439; x_wconf 66' lang='grc' dir='ltr'>ἐκδεδηκᾶ</span> 
     </span>
    </p>
   </div>
   <div class='ocr_carea' id='block_1_89' title="bbox 425 4425 1929 4541">
    <p class='ocr_par' dir='ltr' id='par_1_89' title="bbox 425 4425 1929 4541">
     <span class='ocr_line' id='line_1_90' title="bbox 425 4425 1929 4506; baseline 0.009 -27"><span class='ocrx_word' id='word_1_651' title='bbox 425 4425 603 4491; x_wconf 80' lang='lat' dir='ltr'><strong>factis,</strong></span> <span class='ocrx_word' id='word_1_652' title='bbox 637 4434 691 4481; x_wconf 91' lang='lat' dir='ltr'><strong>et</strong></span> <span class='ocrx_word' id='word_1_653' title='bbox 715 4429 1093 4497; x_wconf 75' lang='lat' dir='ltr'><strong>progrediente</strong></span> <span class='ocrx_word' id='word_1_654' title='bbox 1124 4433 1396 4487; x_wconf 89' lang='lat' dir='ltr'><strong>sermonis</strong></span> <span class='ocrx_word' id='word_1_655' title='bbox 1424 4434 1615 4488; x_wconf 90' lang='lat' dir='ltr'><strong>ordine</strong></span> <span class='ocrx_word' id='word_1_656' title='bbox 1646 4437 1929 4506; x_wconf 79' lang='lat' dir='ltr'><strong>symbolie:</strong></span> 
     </span>
     <span class='ocr_line' id='line_1_91' title="bbox 425 4518 1914 4541; baseline 0 0"><span class='ocrx_word' id='word_1_657' title='bbox 425 4518 711 4541; x_wconf 36' lang='grc' dir='ltr'><strong>..Λ.ΑΙ.Α-.---..</strong></span> <span class='ocrx_word' id='word_1_658' title='bbox 769 4519 1215 4541; x_wconf 35' lang='grc' dir='ltr'><strong>,24-..2Ω..-.1η----.μ</strong></span> <span class='ocrx_word' id='word_1_659' title='bbox 1267 4537 1284 4541; x_wconf 54' lang='grc' dir='ltr'><strong>Α</strong></span> <span class='ocrx_word' id='word_1_660' title='bbox 1315 4539 1321 4541; x_wconf 71' lang='lat'><strong><em>_</em></strong></span> <span class='ocrx_word' id='word_1_661' title='bbox 1347 4524 1408 4541; x_wconf 53' lang='grc' dir='ltr'><strong>,μ’</strong></span> <span class='ocrx_word' id='word_1_662' title='bbox 1427 4539 1437 4541; x_wconf 88' lang='grc'><strong>-</strong></span> <span class='ocrx_word' id='word_1_663' title='bbox 1468 4540 1501 4541; x_wconf 63' lang='lat'><strong>,,</strong></span> <span class='ocrx_word' id='word_1_664' title='bbox 1590 4525 1627 4541; x_wconf 69' lang='grc' dir='ltr'><strong>τι</strong></span> <span class='ocrx_word' id='word_1_665' title='bbox 1701 4526 1720 4541; x_wconf 72' lang='grc' dir='ltr'><strong>ο</strong></span> <span class='ocrx_word' id='word_1_666' title='bbox 1789 4539 1797 4541; x_wconf 25' lang='grc' dir='ltr'>ξ</span> <span class='ocrx_word' id='word_1_667' title='bbox 1883 4530 1914 4541; x_wconf 74' lang='grc' dir='ltr'><strong>ι-</strong></span> 
     </span>
    </p>
   </div>
   <div class='ocr_carea' id='block_1_90' title="bbox 2206 4425 3710 4541">
    <p class='ocr_par' dir='ltr' id='par_1_90' title="bbox 2206 4425 3710 4529">
     <span class='ocr_line' id='line_1_92' title="bbox 2206 4425 3710 4529; baseline 0.009 -30"><span class='ocrx_word' id='word_1_668' title='bbox 2206 4468 2217 4499; x_wconf 74' lang='grc' dir='ltr'><em>ο</em></span> <span class='ocrx_word' id='word_1_669' title='bbox 2256 4425 2878 4525; x_wconf 25' lang='grc' dir='ltr'>πραγμάτωνῑκαὶντῆς</span> <span class='ocrx_word' id='word_1_670' title='bbox 2934 4456 3274 4528; x_wconf 77' lang='grc' dir='ltr'>καθέἱρμὸν</span> <span class='ocrx_word' id='word_1_671' title='bbox 3322 4459 3554 4529; x_wconf 85' lang='grc' dir='ltr'>προόδου</span> <span class='ocrx_word' id='word_1_672' title='bbox 3598 4425 3710 4514; x_wconf 53' lang='grc' dir='ltr'>’τοῦ</span> 
     </span>
    </p>
   </div>
   <div class='ocr_carea' id='block_1_91' title="bbox 424 4518 1928 4621">
    <p class='ocr_par' dir='ltr' id='par_1_91' title="bbox 424 4518 1928 4591">
     <span class='ocr_line' id='line_1_93' title="bbox 424 4518 1928 4591; baseline 0.005 -20"><span class='ocrx_word' id='word_1_673' title='bbox 424 4518 715 4572; x_wconf 87' lang='lat' dir='ltr'><strong>verborum</strong></span> <span class='ocrx_word' id='word_1_674' title='bbox 767 4519 1220 4589; x_wconf 79' lang='lat' dir='ltr'><strong>significationem</strong></span> <span class='ocrx_word' id='word_1_675' title='bbox 1263 4524 1537 4591; x_wconf 86' lang='lat' dir='ltr'><strong>aperiens.</strong></span> <span class='ocrx_word' id='word_1_676' title='bbox 1586 4525 1840 4582; x_wconf 83' lang='lat' dir='ltr'><strong>Profecto</strong></span> <span class='ocrx_word' id='word_1_677' title='bbox 1882 4530 1928 4584; x_wconf 76' lang='grc' dir='ltr'>Ιίι</span> 
     </span>
    </p>
   </div>
   <div class='ocr_carea' id='block_1_92' title="bbox 2206 4518 3710 4621">
    <p class='ocr_par' dir='ltr' id='par_1_92' title="bbox 2206 4518 3710 4621">
     <span class='ocr_line' id='line_1_94' title="bbox 2206 4518 3710 4621; baseline 0.008 -26"><span class='ocrx_word' id='word_1_678' title='bbox 2206 4561 2270 4596; x_wconf 87' lang='grc' dir='ltr'><strong>ου</strong></span> <span class='ocrx_word' id='word_1_679' title='bbox 2301 4518 2765 4619; x_wconf 15' lang='grc' dir='ltr'>-τὴνήσυμϐολικὴν</span> <span class='ocrx_word' id='word_1_680' title='bbox 2792 4518 2901 4601; x_wconf 70' lang='grc' dir='ltr'><strong>τιῦν</strong></span> <span class='ocrx_word' id='word_1_681' title='bbox 2943 4518 3207 4621; x_wconf 64' lang='grc' dir='ltr'>ῥημάτων</span> <span class='ocrx_word' id='word_1_682' title='bbox 3239 4518 3517 4621; x_wconf 76' lang='grc' dir='ltr'>σημασίαν</span> <span class='ocrx_word' id='word_1_683' title='bbox 3568 4556 3710 4609; x_wconf 81' lang='grc' dir='ltr'>ἀνα-</span> 
     </span>
    </p>
   </div>
   <div class='ocr_carea' id='block_1_93' title="bbox 425 4612 1929 4711">
    <p class='ocr_par' dir='ltr' id='par_1_93' title="bbox 425 4612 1921 4692">
     <span class='ocr_line' id='line_1_95' title="bbox 425 4612 1921 4692; baseline 0.008 -28"><span class='ocrx_word' id='word_1_684' title='bbox 425 4625 533 4664; x_wconf 91' lang='lat' dir='ltr'><strong>non</strong></span> <span class='ocrx_word' id='word_1_685' title='bbox 560 4612 738 4666; x_wconf 89' lang='lat' dir='ltr'><strong>solum</strong></span> <span class='ocrx_word' id='word_1_686' title='bbox 788 4613 1057 4682; x_wconf 84' lang='lat' dir='ltr'><strong>praedictis</strong></span> <span class='ocrx_word' id='word_1_687' title='bbox 1106 4614 1286 4669; x_wconf 85' lang='lat' dir='ltr'><strong>modis</strong></span> <span class='ocrx_word' id='word_1_688' title='bbox 1329 4618 1771 4674; x_wconf 87' lang='lat' dir='ltr'><strong>suuulamentum</strong></span> <span class='ocrx_word' id='word_1_689' title='bbox 1818 4638 1921 4692; x_wconf 88' lang='lat' dir='ltr'><strong>pug</strong></span> 
     </span>
    </p>
   </div>
   <div class='ocr_carea' id='block_1_94' title="bbox 2206 4612 3710 4711">
    <p class='ocr_par' dir='ltr' id='par_1_94' title="bbox 2206 4634 3710 4711">
     <span class='ocr_line' id='line_1_96' title="bbox 2206 4634 3710 4711; baseline 0.008 -24"><span class='ocrx_word' id='word_1_690' title='bbox 2206 4634 2462 4691; x_wconf 87' lang='grc' dir='ltr'>ύσσουσα.</span> <span class='ocrx_word' id='word_1_691' title='bbox 2498 4637 2654 4691; x_wconf 82' lang='grc' dir='ltr'>Ἔστι</span> <span class='ocrx_word' id='word_1_692' title='bbox 2703 4641 2801 4711; x_wconf 81' lang='grc' dir='ltr'>μὲν</span> <span class='ocrx_word' id='word_1_693' title='bbox 2840 4636 2956 4706; x_wconf 83' lang='grc' dir='ltr'>οὖν,</span> <span class='ocrx_word' id='word_1_694' title='bbox 3008 4642 3154 4695; x_wconf 78' lang='grc' dir='ltr'>ἐστιν</span> <span class='ocrx_word' id='word_1_695' title='bbox 3183 4642 3243 4695; x_wconf 79' lang='grc' dir='ltr'><strong>οὐ</strong></span> <span class='ocrx_word' id='word_1_696' title='bbox 3270 4644 3412 4696; x_wconf 78' lang='grc' dir='ltr'>κατὰ</span> <span class='ocrx_word' id='word_1_697' title='bbox 3444 4645 3573 4708; x_wconf 82' lang='grc' dir='ltr'>τοὺς</span> <span class='ocrx_word' id='word_1_698' title='bbox 3631 4649 3710 4699; x_wconf 85' lang='grc' dir='ltr'><strong>εἱ-</strong></span> 
     </span>
    </p>
   </div>
   <div class='ocr_carea' id='block_1_95' title="bbox 420 4704 1924 4809">
    <p class='ocr_par' dir='ltr' id='par_1_95' title="bbox 420 4704 1921 4779">
     <span class='ocr_line' id='line_1_97' title="bbox 420 4704 1921 4779; baseline 0.009 -22"><span class='ocrx_word' id='word_1_699' title='bbox 420 4718 769 4775; x_wconf 83' lang='lat' dir='ltr'><strong>coguoscere,</strong></span> <span class='ocrx_word' id='word_1_700' title='bbox 799 4704 894 4759; x_wconf 87' lang='lat' dir='ltr'><strong>sed</strong></span> <span class='ocrx_word' id='word_1_701' title='bbox 925 4705 1046 4760; x_wconf 84' lang='lat' dir='ltr'><strong>aliis</strong></span> <span class='ocrx_word' id='word_1_702' title='bbox 1072 4707 1236 4760; x_wconf 88' lang='lat' dir='ltr'><strong>etiam</strong></span> <span class='ocrx_word' id='word_1_703' title='bbox 1264 4708 1432 4761; x_wconf 90' lang='lat' dir='ltr'><strong>multo</strong></span> <span class='ocrx_word' id='word_1_704' title='bbox 1464 4709 1554 4774; x_wconf 90' lang='lat' dir='ltr'><strong>iis,</strong></span> <span class='ocrx_word' id='word_1_705' title='bbox 1581 4713 1676 4779; x_wconf 89' lang='lat' dir='ltr'><strong>qui</strong></span> <span class='ocrx_word' id='word_1_706' title='bbox 1705 4714 1831 4769; x_wconf 90' lang='lat' dir='ltr'><strong>dicti</strong></span> <span class='ocrx_word' id='word_1_707' title='bbox 1860 4730 1921 4769; x_wconf 93' lang='lat' dir='ltr'><strong>su</strong></span> 
     </span>
    </p>
   </div>
   <div class='ocr_carea' id='block_1_96' title="bbox 2202 4704 3706 4809">
    <p class='ocr_par' dir='ltr' id='par_1_96' title="bbox 2202 4704 3706 4809">
     <span class='ocr_line' id='line_1_98' title="bbox 2202 4704 3706 4809; baseline 0.009 -31"><span class='ocrx_word' id='word_1_708' title='bbox 2202 4727 2382 4790; x_wconf 81' lang='grc' dir='ltr'>ιένους</span> <span class='ocrx_word' id='word_1_709' title='bbox 2418 4727 2579 4798; x_wconf 81' lang='grc' dir='ltr'>μόνον</span> <span class='ocrx_word' id='word_1_710' title='bbox 2610 4704 2853 4801; x_wconf 85' lang='grc' dir='ltr'>τρόπους</span> <span class='ocrx_word' id='word_1_711' title='bbox 2894 4704 2995 4803; x_wconf 65' lang='grc' dir='ltr'><strong>την</strong></span> <span class='ocrx_word' id='word_1_712' title='bbox 3027 4735 3331 4802; x_wconf 82' lang='grc' dir='ltr'>φαντασίαν</span> <span class='ocrx_word' id='word_1_713' title='bbox 3357 4736 3460 4804; x_wconf 81' lang='grc' dir='ltr'>τῆς</span> <span class='ocrx_word' id='word_1_714' title='bbox 3514 4704 3706 4809; x_wconf 43' lang='grc' dir='ltr'>μ-ἀχης</span> 
     </span>
    </p>
   </div>
   <div class='ocr_carea' id='block_1_97' title="bbox 419 4796 1923 4900">
    <p class='ocr_par' dir='ltr' id='par_1_97' title="bbox 419 4796 1923 4878">
     <span class='ocr_line' id='line_1_99' title="bbox 419 4796 1923 4878; baseline 0.01 -30"><span class='ocrx_word' id='word_1_715' title='bbox 419 4796 691 4865; x_wconf 78' lang='lat' dir='ltr'><strong>pluribus,</strong></span> <span class='ocrx_word' id='word_1_716' title='bbox 717 4812 955 4867; x_wconf 74' lang='lat' dir='ltr'><strong>quorum</strong></span> <span class='ocrx_word' id='word_1_717' title='bbox 989 4798 1261 4868; x_wconf 79' lang='lat' dir='ltr'><strong>expositio</strong></span> <span class='ocrx_word' id='word_1_718' title='bbox 1296 4809 1462 4870; x_wconf 90' lang='lat' dir='ltr'><strong>atque</strong></span> <span class='ocrx_word' id='word_1_719' title='bbox 1506 4807 1813 4872; x_wconf 74' lang='lat' dir='ltr'><strong>pet-censio,</strong></span> <span class='ocrx_word' id='word_1_720' title='bbox 1845 4824 1923 4878; x_wconf 82' lang='lat' dir='ltr'><strong>pet</strong></span> 
     </span>
    </p>
   </div>
   <div class='ocr_carea' id='block_1_98' title="bbox 2203 4796 3707 4900">
    <p class='ocr_par' dir='ltr' id='par_1_98' title="bbox 2203 4796 3707 4900">
     <span class='ocr_line' id='line_1_100' title="bbox 2203 4796 3707 4900; baseline 0.01 -30"><span class='ocrx_word' id='word_1_721' title='bbox 2203 4796 2436 4873; x_wconf 80' lang='grc' dir='ltr'>ιντῶσαν</span> <span class='ocrx_word' id='word_1_722' title='bbox 2464 4796 2676 4887; x_wconf 74' lang='grc' dir='ltr'>λαϐεῖν,</span> <span class='ocrx_word' id='word_1_723' title='bbox 2715 4822 2852 4877; x_wconf 83' lang='grc' dir='ltr'>ἀλλὰ</span> <span class='ocrx_word' id='word_1_724' title='bbox 2885 4796 2981 4879; x_wconf 72' lang='grc' dir='ltr'><strong>καὶ</strong></span> <span class='ocrx_word' id='word_1_725' title='bbox 3008 4796 3130 4880; x_wconf 71' lang='grc' dir='ltr'>κάτ’</span> <span class='ocrx_word' id='word_1_726' title='bbox 3159 4826 3356 4891; x_wconf 82' lang='grc' dir='ltr'>ἄλλους</span> <span class='ocrx_word' id='word_1_727' title='bbox 3388 4796 3570 4900; x_wconf 42' lang='lat' dir='ltr'><strong>satis</strong></span> <span class='ocrx_word' id='word_1_728' title='bbox 3590 4796 3707 4885; x_wconf 62' lang='grc' dir='ltr'><strong>ἔσᾸᾷ</strong></span> 
     </span>
    </p>
   </div>
   <div class='ocr_carea' id='block_1_99' title="bbox 416 4890 1920 4992">
    <p class='ocr_par' dir='ltr' id='par_1_99' title="bbox 416 4890 1920 4962">
     <span class='ocr_line' id='line_1_101' title="bbox 416 4890 1920 4962; baseline 0.009 -19"><span class='ocrx_word' id='word_1_729' title='bbox 416 4890 571 4943; x_wconf 81' lang='lat' dir='ltr'><strong>liaris</strong></span> <span class='ocrx_word' id='word_1_730' title='bbox 615 4891 923 4959; x_wconf 79' lang='lat' dir='ltr'><strong>cujusdam,</strong></span> <span class='ocrx_word' id='word_1_731' title='bbox 973 4907 1081 4946; x_wconf 92' lang='lat' dir='ltr'><strong>non</strong></span> <span class='ocrx_word' id='word_1_732' title='bbox 1138 4894 1445 4962; x_wconf 71' lang='lat' dir='ltr'><strong>praesentis,</strong></span> <span class='ocrx_word' id='word_1_733' title='bbox 1500 4900 1844 4955; x_wconf 86' lang='lat' dir='ltr'><strong>tractationis</strong></span> <span class='ocrx_word' id='word_1_734' title='bbox 1898 4917 1920 4956; x_wconf 79' lang='grc' dir='ltr'>ε</span> 
     </span>
    </p>
   </div>
   <div class='ocr_carea' id='block_1_100' title="bbox 2202 4890 3706 4992">
    <p class='ocr_par' dir='ltr' id='par_1_100' title="bbox 2202 4910 3706 4992">
     <span class='ocr_line' id='line_1_102' title="bbox 2202 4910 3706 4992; baseline 0.009 -27"><span class='ocrx_word' id='word_1_735' title='bbox 2202 4912 2413 4983; x_wconf 80' lang='grc' dir='ltr'>ημὲνων</span> <span class='ocrx_word' id='word_1_736' title='bbox 2440 4914 2713 4981; x_wconf 76' lang='grc' dir='ltr'>πλείονας,</span> <span class='ocrx_word' id='word_1_737' title='bbox 2767 4910 2900 4989; x_wconf 83' lang='grc' dir='ltr'><strong>ὦνή</strong></span> <span class='ocrx_word' id='word_1_738' title='bbox 2938 4920 3277 4990; x_wconf 80' lang='grc' dir='ltr'>στοιχείωσις</span> <span class='ocrx_word' id='word_1_739' title='bbox 3334 4922 3427 4975; x_wconf 62' lang='grc' dir='ltr'><strong>κοιλ⁵</strong></span> <span class='ocrx_word' id='word_1_740' title='bbox 3494 4938 3706 4992; x_wconf 72' lang='grc' dir='ltr'>συγκεσ</span> 
     </span>
    </p>
   </div>
   <div class='ocr_carea' id='block_1_101' title="bbox 416 4978 1920 5084">
    <p class='ocr_par' dir='ltr' id='par_1_101' title="bbox 416 4978 1920 5062">
     <span class='ocr_line' id='line_1_103' title="bbox 416 4978 1920 5062; baseline 0.009 -30"><span class='ocrx_word' id='word_1_741' title='bbox 416 4978 558 5033; x_wconf 82' lang='lat' dir='ltr'><strong>Nihil</strong></span> <span class='ocrx_word' id='word_1_742' title='bbox 595 4988 775 5034; x_wconf 89' lang='lat' dir='ltr'><strong>tamen</strong></span> <span class='ocrx_word' id='word_1_743' title='bbox 824 4984 1287 5052; x_wconf 79' lang='lat' dir='ltr'><strong>vetatquominus</strong></span> <span class='ocrx_word' id='word_1_744' title='bbox 1315 4985 1526 5056; x_wconf 81' lang='lat' dir='ltr'><strong>aliquot</strong></span> <span class='ocrx_word' id='word_1_745' title='bbox 1549 4992 1920 5062; x_wconf 76' lang='lat' dir='ltr'><strong>perstringam</strong></span> 
     </span>
    </p>
   </div>
   <div class='ocr_carea' id='block_1_102' title="bbox 2200 4978 3704 5084">
    <p class='ocr_par' dir='ltr' id='par_1_102' title="bbox 2200 4978 3704 5084">
     <span class='ocr_line' id='line_1_104' title="bbox 2200 4978 3704 5084; baseline 0.009 -27"><span class='ocrx_word' id='word_1_746' title='bbox 2200 4978 2411 5071; x_wconf 69' lang='grc' dir='ltr'>ιαίωσις</span> <span class='ocrx_word' id='word_1_747' title='bbox 2441 4978 2775 5080; x_wconf 73' lang='grc' dir='ltr'>ἰδιαζούσης,</span> <span class='ocrx_word' id='word_1_748' title='bbox 2823 4978 2938 5065; x_wconf 73' lang='grc' dir='ltr'>ἀλλ’</span> <span class='ocrx_word' id='word_1_749' title='bbox 2969 4978 3092 5083; x_wconf 49' lang='lat' dir='ltr'><strong>obii.</strong></span> <span class='ocrx_word' id='word_1_750' title='bbox 3135 5013 3237 5084; x_wconf 84' lang='grc' dir='ltr'>τῆς</span> <span class='ocrx_word' id='word_1_751' title='bbox 3256 4978 3362 5067; x_wconf 68' lang='grc' dir='ltr'><strong>⁷νῦν</strong></span> <span class='ocrx_word' id='word_1_752' title='bbox 3385 5016 3534 5068; x_wconf 79' lang='grc' dir='ltr'>ἐστιν</span> <span class='ocrx_word' id='word_1_753' title='bbox 3561 4978 3704 5070; x_wconf 69' lang='grc' dir='ltr'>ύποο</span> 
     </span>
    </p>
   </div>
   <div class='ocr_carea' id='block_1_103' title="bbox 416 5070 1920 5173">
    <p class='ocr_par' dir='ltr' id='par_1_103' title="bbox 416 5070 1920 5155">
     <span class='ocr_line' id='line_1_105' title="bbox 416 5070 1920 5155; baseline 0.009 -29"><span class='ocrx_word' id='word_1_754' title='bbox 416 5074 511 5142; x_wconf 83' lang='lat' dir='ltr'><strong>qui</strong></span> <span class='ocrx_word' id='word_1_755' title='bbox 537 5070 700 5127; x_wconf 85' lang='lat' dir='ltr'><strong>etiam</strong></span> <span class='ocrx_word' id='word_1_756' title='bbox 736 5075 1014 5129; x_wconf 86' lang='lat' dir='ltr'><strong>nonnullis</strong></span> <span class='ocrx_word' id='word_1_757' title='bbox 1045 5076 1167 5129; x_wconf 82' lang='lat' dir='ltr'><strong>aliis</strong></span> <span class='ocrx_word' id='word_1_758' title='bbox 1189 5077 1628 5136; x_wconf 86' lang='lat' dir='ltr'><strong>duhitatiouibus</strong></span> <span class='ocrx_word' id='word_1_759' title='bbox 1659 5084 1788 5149; x_wconf 89' lang='lat' dir='ltr'><strong>tuis,</strong></span> <span class='ocrx_word' id='word_1_760' title='bbox 1811 5087 1855 5140; x_wconf 90' lang='lat' dir='ltr'><strong>si</strong></span> <span class='ocrx_word' id='word_1_761' title='bbox 1878 5103 1920 5155; x_wconf 82' lang='lat' dir='ltr'><strong>q</strong></span> 
     </span>
    </p>
   </div>
   <div class='ocr_carea' id='block_1_104' title="bbox 2197 5070 3701 5173">
    <p class='ocr_par' dir='ltr' id='par_1_104' title="bbox 2197 5101 3701 5173">
     <span class='ocr_line' id='line_1_106' title="bbox 2197 5101 3701 5173; baseline 0.008 -21"><span class='ocrx_word' id='word_1_762' title='bbox 2197 5116 2326 5163; x_wconf 66' lang='grc' dir='ltr'>τως.</span> <span class='ocrx_word' id='word_1_763' title='bbox 2360 5101 2507 5173; x_wconf 82' lang='grc' dir='ltr'>Πλὴν</span> <span class='ocrx_word' id='word_1_764' title='bbox 2531 5103 2688 5157; x_wconf 75' lang='grc' dir='ltr'>οὐδὲν</span> <span class='ocrx_word' id='word_1_765' title='bbox 2725 5104 2926 5158; x_wconf 87' lang='grc' dir='ltr'>κωλύει</span> <span class='ocrx_word' id='word_1_766' title='bbox 2978 5105 3072 5160; x_wconf 84' lang='grc' dir='ltr'><strong>καί</strong></span> <span class='ocrx_word' id='word_1_767' title='bbox 3126 5124 3281 5171; x_wconf 85' lang='grc' dir='ltr'>τινας</span> <span class='ocrx_word' id='word_1_768' title='bbox 3317 5108 3498 5161; x_wconf 81' lang='grc' dir='ltr'>αὐτῶν</span> <span class='ocrx_word' id='word_1_769' title='bbox 3554 5110 3701 5164; x_wconf 81' lang='grc' dir='ltr'>διελ-</span> 
     </span>
    </p>
   </div>
   <div class='ocr_carea' id='block_1_105' title="bbox 414 5171 1918 5273">
    <p class='ocr_par' dir='ltr' id='par_1_105' title="bbox 414 5171 1912 5251">
     <span class='ocr_line' id='line_1_107' title="bbox 414 5171 1912 5251; baseline 0.01 -28"><span class='ocrx_word' id='word_1_770' title='bbox 414 5184 528 5223; x_wconf 88' lang='lat' dir='ltr'><strong>rem</strong></span> <span class='ocrx_word' id='word_1_771' title='bbox 566 5178 745 5223; x_wconf 90' lang='lat' dir='ltr'><strong>tecum</strong></span> <span class='ocrx_word' id='word_1_772' title='bbox 784 5171 1176 5237; x_wconf 85' lang='lat' dir='ltr'><strong>considerabit,</strong></span> <span class='ocrx_word' id='word_1_773' title='bbox 1216 5177 1629 5243; x_wconf 89' lang='lat' dir='ltr'><strong>responsionem</strong></span> <span class='ocrx_word' id='word_1_774' title='bbox 1685 5183 1912 5251; x_wconf 89' lang='lat' dir='ltr'><strong>suppedi</strong></span> 
     </span>
    </p>
   </div>
   <div class='ocr_carea' id='block_1_106' title="bbox 2198 5171 3702 5273">
    <p class='ocr_par' dir='ltr' id='par_1_106' title="bbox 2198 5171 3702 5273">
     <span class='ocr_line' id='line_1_108' title="bbox 2198 5171 3702 5273; baseline 0.01 -32"><span class='ocrx_word' id='word_1_775' title='bbox 2198 5207 2241 5255; x_wconf 85' lang='grc' dir='ltr'>ν,</span> <span class='ocrx_word' id='word_1_776' title='bbox 2277 5191 2327 5243; x_wconf 83' lang='grc' dir='ltr'>οἳ</span> <span class='ocrx_word' id='word_1_777' title='bbox 2352 5171 2622 5266; x_wconf 70' lang='grc' dir='ltr'>καὶπρὸς</span> <span class='ocrx_word' id='word_1_778' title='bbox 2659 5196 2797 5250; x_wconf 82' lang='grc' dir='ltr'>ἄλλα</span> <span class='ocrx_word' id='word_1_779' title='bbox 2829 5198 2953 5251; x_wconf 80' lang='grc' dir='ltr'>τινὰ</span> <span class='ocrx_word' id='word_1_780' title='bbox 2983 5199 3093 5252; x_wconf 86' lang='grc' dir='ltr'>τῶν</span> <span class='ocrx_word' id='word_1_781' title='bbox 3147 5200 3257 5252; x_wconf 85' lang='grc' dir='ltr'>σῶν</span> <span class='ocrx_word' id='word_1_782' title='bbox 3319 5201 3702 5273; x_wconf 81' lang='grc' dir='ltr'>ἁπορημὰτων</span> 
     </span>
    </p>
   </div>
   <div class='ocr_carea' id='block_1_107' title="bbox 411 5260 1915 5366">
    <p class='ocr_par' dir='ltr' id='par_1_107' title="bbox 411 5260 1915 5345">
     <span class='ocr_line' id='line_1_109' title="bbox 411 5260 1915 5345; baseline 0.011 -31"><span class='ocrx_word' id='word_1_783' title='bbox 411 5260 572 5314; x_wconf 87' lang='lat' dir='ltr'><strong>bunt.</strong></span> <span class='ocrx_word' id='word_1_784' title='bbox 597 5261 736 5314; x_wconf 86' lang='lat' dir='ltr'><strong>Nam</strong></span> <span class='ocrx_word' id='word_1_785' title='bbox 770 5263 937 5317; x_wconf 84' lang='lat' dir='ltr'><strong>multa</strong></span> <span class='ocrx_word' id='word_1_786' title='bbox 972 5279 1183 5328; x_wconf 88' lang='lat' dir='ltr'><strong>eorum,</strong></span> <span class='ocrx_word' id='word_1_787' title='bbox 1227 5282 1349 5335; x_wconf 76' lang='lat' dir='ltr'><strong>qua:</strong></span> <span class='ocrx_word' id='word_1_788' title='bbox 1390 5269 1614 5325; x_wconf 89' lang='lat' dir='ltr'><strong>minime</strong></span> <span class='ocrx_word' id='word_1_789' title='bbox 1643 5273 1782 5327; x_wconf 90' lang='lat' dir='ltr'><strong>inter</strong></span> <span class='ocrx_word' id='word_1_790' title='bbox 1805 5290 1864 5330; x_wconf 86' lang='lat' dir='ltr'><strong>se</strong></span> <span class='ocrx_word' id='word_1_791' title='bbox 1894 5292 1915 5345; x_wconf 67' lang='grc' dir='ltr'><strong>ι</strong></span> 
     </span>
    </p>
   </div>
   <div class='ocr_carea' id='block_1_108' title="bbox 2198 5260 3702 5366">
    <p class='ocr_par' dir='ltr' id='par_1_108' title="bbox 2198 5287 3702 5366">
     <span class='ocr_line' id='line_1_110' title="bbox 2198 5287 3702 5366; baseline 0.007 -31"><span class='ocrx_word' id='word_1_792' title='bbox 2198 5300 2215 5345; x_wconf 86' lang='lat'><strong><em>;</em></strong></span> <span class='ocrx_word' id='word_1_793' title='bbox 2254 5287 2716 5341; x_wconf 82' lang='grc' dir='ltr'>συνεπισκοποῦσι</span> <span class='ocrx_word' id='word_1_794' title='bbox 2750 5290 2916 5361; x_wconf 81' lang='grc' dir='ltr'>πόρον</span> <span class='ocrx_word' id='word_1_795' title='bbox 2947 5292 3299 5362; x_wconf 80' lang='grc' dir='ltr'>παρέχονται.</span> <span class='ocrx_word' id='word_1_796' title='bbox 3358 5293 3538 5347; x_wconf 81' lang='grc' dir='ltr'>Πολλὰ</span> <span class='ocrx_word' id='word_1_797' title='bbox 3596 5296 3702 5366; x_wconf 73' lang='grc' dir='ltr'>μὲν</span> 
     </span>
    </p>
   </div>
   <div class='ocr_carea' id='block_1_109' title="bbox 412 5353 1916 5460">
    <p class='ocr_par' dir='ltr' id='par_1_109' title="bbox 412 5353 1916 5422">
     <span class='ocr_line' id='line_1_111' title="bbox 412 5353 1916 5422; baseline 0.011 -17"><span class='ocrx_word' id='word_1_798' title='bbox 412 5360 598 5422; x_wconf 89' lang='lat' dir='ltr'><strong>gnant,</strong></span> <span class='ocrx_word' id='word_1_799' title='bbox 628 5353 673 5407; x_wconf 87' lang='lat' dir='ltr'><strong>si</strong></span> <span class='ocrx_word' id='word_1_800' title='bbox 715 5356 914 5422; x_wconf 87' lang='lat' dir='ltr'><strong>partim</strong></span> <span class='ocrx_word' id='word_1_801' title='bbox 948 5357 1250 5410; x_wconf 87' lang='lat' dir='ltr'><strong>secundum</strong></span> <span class='ocrx_word' id='word_1_802' title='bbox 1304 5364 1669 5416; x_wconf 80' lang='lat' dir='ltr'><strong>(economiam</strong></span> <span class='ocrx_word' id='word_1_803' title='bbox 1719 5366 1916 5421; x_wconf 87' lang='lat' dir='ltr'><strong>dieantt</strong></span> 
     </span>
    </p>
   </div>
   <div class='ocr_carea' id='block_1_110' title="bbox 2194 5353 3698 5460">
    <p class='ocr_par' dir='ltr' id='par_1_110' title="bbox 2194 5353 3698 5460">
     <span class='ocr_line' id='line_1_112' title="bbox 2194 5353 3698 5460; baseline 0.011 -34"><span class='ocrx_word' id='word_1_804' title='bbox 2194 5390 2213 5441; x_wconf 66' lang='grc' dir='ltr'><strong>ο</strong></span> <span class='ocrx_word' id='word_1_805' title='bbox 2237 5374 2347 5427; x_wconf 83' lang='grc' dir='ltr'><strong>τῶν</strong></span> <span class='ocrx_word' id='word_1_806' title='bbox 2376 5376 2437 5430; x_wconf 84' lang='grc' dir='ltr'><strong>ού</strong></span> <span class='ocrx_word' id='word_1_807' title='bbox 2475 5353 2911 5450; x_wconf 45' lang='grc' dir='ltr'>μαχομένωνίᾶν</span> <span class='ocrx_word' id='word_1_808' title='bbox 2936 5384 2998 5436; x_wconf 84' lang='grc' dir='ltr'><strong>τὸ</strong></span> <span class='ocrx_word' id='word_1_809' title='bbox 3148 5386 3432 5457; x_wconf 86' lang='grc' dir='ltr'>οἰκονομία</span> <span class='ocrx_word' id='word_1_810' title='bbox 3454 5353 3613 5460; x_wconf 60' lang='grc' dir='ltr'>λέγῃ;</span> <span class='ocrx_word' id='word_1_811' title='bbox 3634 5391 3698 5443; x_wconf 83' lang='grc' dir='ltr'>τὸ</span> 
     </span>
    </p>
   </div>
   <div class='ocr_carea' id='block_1_111' title="bbox 410 5444 1914 5558">
    <p class='ocr_par' dir='ltr' id='par_1_111' title="bbox 410 5444 1914 5558">
     <span class='ocr_line' id='line_1_113' title="bbox 410 5444 1914 5523; baseline 0.011 -26"><span class='ocrx_word' id='word_1_812' title='bbox 410 5444 603 5513; x_wconf 86' lang='lat' dir='ltr'><strong>partim</strong></span> <span class='ocrx_word' id='word_1_813' title='bbox 640 5448 935 5500; x_wconf 89' lang='lat' dir='ltr'><strong>secundum</strong></span> <span class='ocrx_word' id='word_1_814' title='bbox 961 5454 1171 5501; x_wconf 72' lang='lat' dir='ltr'><strong>natura:</strong></span> <span class='ocrx_word' id='word_1_815' title='bbox 1195 5449 1468 5516; x_wconf 89' lang='lat' dir='ltr'><strong>ordinem,</strong></span> <span class='ocrx_word' id='word_1_816' title='bbox 1499 5462 1667 5523; x_wconf 90' lang='lat' dir='ltr'><strong>tuque</strong></span> <span class='ocrx_word' id='word_1_817' title='bbox 1691 5470 1755 5510; x_wconf 86' lang='lat' dir='ltr'><strong>ea</strong></span> <span class='ocrx_word' id='word_1_818' title='bbox 1775 5458 1914 5513; x_wconf 67' lang='lat' dir='ltr'><strong>mini:</strong></span> 
     </span>
     <span class='ocr_line' id='line_1_114' title="bbox 413 5535 1741 5558; baseline 0 0"><span class='ocrx_word' id='word_1_819' title='bbox 413 5535 689 5558; x_wconf 55' lang='grc' dir='ltr'><strong>,12η----..-.-</strong></span> <span class='ocrx_word' id='word_1_820' title='bbox 741 5546 919 5558; x_wconf 67' lang='grc' dir='ltr'><strong>---.ι..-</strong></span> <span class='ocrx_word' id='word_1_821' title='bbox 950 5538 1181 5558; x_wconf 32' lang='grc' dir='ltr'><strong>Ιξ-.ε-κ.ἓ,</strong></span> <span class='ocrx_word' id='word_1_822' title='bbox 1211 5538 1295 5558; x_wconf 59' lang='lat'><strong>0,-</strong></span> <span class='ocrx_word' id='word_1_823' title='bbox 1362 5557 1366 5558; x_wconf 64' lang='lat'><strong><em>,</em></strong></span> <span class='ocrx_word' id='word_1_824' title='bbox 1423 5542 1445 5558; x_wconf 73' lang='grc' dir='ltr'><strong>ρ</strong></span> <span class='ocrx_word' id='word_1_825' title='bbox 1511 5545 1520 5555; x_wconf 73' lang='grc' dir='ltr'><strong>ο</strong></span> <span class='ocrx_word' id='word_1_826' title='bbox 1604 5555 1612 5558; x_wconf 83' lang='lat'><em>_</em></span> <span class='ocrx_word' id='word_1_827' title='bbox 1668 5545 1741 5558; x_wconf 63' lang='lat' dir='ltr'>nn</span> 
     </span>
    </p>
   </div>
   <div class='ocr_carea' id='block_1_112' title="bbox 2190 5444 3694 5558">
    <p class='ocr_par' dir='ltr' id='par_1_112' title="bbox 2194 5444 3694 5558">
     <span class='ocr_line' id='line_1_115' title="bbox 2194 5444 3694 5558; baseline 0.017 -25"><span class='ocrx_word' id='word_1_828' title='bbox 2194 5467 2291 5537; x_wconf 75' lang='grc' dir='ltr'><strong>τῆς</strong></span> <span class='ocrx_word' id='word_1_829' title='bbox 2332 5444 2645 5537; x_wconf 36' lang='grc' dir='ltr'>φύσεωςητο</span> <span class='ocrx_word' id='word_1_830' title='bbox 2672 5474 2996 5539; x_wconf 74' lang='grc' dir='ltr'>ἀκόλουθον,</span> <span class='ocrx_word' id='word_1_831' title='bbox 3027 5444 3092 5531; x_wconf 71' lang='grc' dir='ltr'><strong>σὺ</strong></span> <span class='ocrx_word' id='word_1_832' title='bbox 3126 5478 3183 5531; x_wconf 80' lang='grc' dir='ltr'><strong>δὲ</strong></span> <span class='ocrx_word' id='word_1_833' title='bbox 3248 5444 3694 5558; x_wconf 23' lang='lat' dir='ltr'><strong>pilenta-regns)</strong></span> 
     </span>
    </p>
   </div>
   <div class='ocr_carea' id='block_1_113' title="bbox 409 5535 1913 5645">
    <p class='ocr_par' dir='ltr' id='par_1_113' title="bbox 409 5535 1913 5605">
     <span class='ocr_line' id='line_1_116' title="bbox 409 5535 1913 5605; baseline 0.011 -17"><span class='ocrx_word' id='word_1_834' title='bbox 409 5535 714 5602; x_wconf 71' lang='lat' dir='ltr'><strong>discernas,</strong></span> <span class='ocrx_word' id='word_1_835' title='bbox 736 5538 1189 5595; x_wconf 88' lang='lat' dir='ltr'><strong>contradictionis</strong></span> <span class='ocrx_word' id='word_1_836' title='bbox 1208 5538 1394 5596; x_wconf 89' lang='lat' dir='ltr'><strong>fucum</strong></span> <span class='ocrx_word' id='word_1_837' title='bbox 1420 5542 1638 5602; x_wconf 87' lang='lat' dir='ltr'><strong>facient.</strong></span> <span class='ocrx_word' id='word_1_838' title='bbox 1663 5545 1913 5605; x_wconf 77' lang='lat' dir='ltr'><strong>(Econon</strong></span> 
     </span>
    </p>
   </div>
   <div class='ocr_carea' id='block_1_114' title="bbox 2195 5535 3699 5645">
    <p class='ocr_par' dir='ltr' id='par_1_114' title="bbox 2195 5535 3699 5645">
     <span class='ocr_line' id='line_1_117' title="bbox 2195 5535 3699 5645; baseline 0.013 -33"><span class='ocrx_word' id='word_1_839' title='bbox 2195 5535 2316 5630; x_wconf 75' lang='grc' dir='ltr'>ίινην</span> <span class='ocrx_word' id='word_1_840' title='bbox 2343 5535 2493 5615; x_wconf 81' lang='grc' dir='ltr'>ποιεῖ</span> <span class='ocrx_word' id='word_1_841' title='bbox 2548 5564 2878 5631; x_wconf 76' lang='grc' dir='ltr'>ἀντιθέσεως</span> <span class='ocrx_word' id='word_1_842' title='bbox 2925 5535 3209 5641; x_wconf 79' lang='grc' dir='ltr'>οἰκονομία</span> <span class='ocrx_word' id='word_1_843' title='bbox 3239 5535 3350 5641; x_wconf 60' lang='grc' dir='ltr'><strong>(ιό)</strong></span> <span class='ocrx_word' id='word_1_844' title='bbox 3408 5570 3465 5625; x_wconf 82' lang='grc' dir='ltr'><strong>δὲ</strong></span> <span class='ocrx_word' id='word_1_845' title='bbox 3492 5535 3699 5645; x_wconf 57' lang='grc' dir='ltr'><strong>λέγόὶτζ</strong></span> 
     </span>
    </p>
   </div>
   <div class='ocr_carea' id='block_1_115' title="bbox 1936 5645 2172 5704">
    <p class='ocr_par' dir='ltr' id='par_1_115' title="bbox 1936 5645 2172 5704">
     <span class='ocr_line' id='line_1_118' title="bbox 1936 5645 2172 5704; baseline 0.021 -5"><span class='ocrx_word' id='word_1_846' title='bbox 1936 5645 2172 5704; x_wconf 60' lang='grc' dir='ltr'><strong>ΝΟΤᾸΕ.</strong></span> 
     </span>
    </p>
   </div>
   <div class='ocr_carea' id='block_1_116' title="bbox 479 5722 3210 5815">
    <p class='ocr_par' dir='ltr' id='par_1_116' title="bbox 479 5722 3210 5815">
     <span class='ocr_line' id='line_1_119' title="bbox 479 5722 3210 5815; baseline 0.012 -36"><span class='ocrx_word' id='word_1_847' title='bbox 479 5722 596 5796; x_wconf 81' lang='grc'><strong>(10)</strong></span> <span class='ocrx_word' id='word_1_848' title='bbox 627 5724 701 5782; x_wconf 89' lang='lat' dir='ltr'><strong>De</strong></span> <span class='ocrx_word' id='word_1_849' title='bbox 734 5726 836 5783; x_wconf 88' lang='lat' dir='ltr'><strong>hoc</strong></span> <span class='ocrx_word' id='word_1_850' title='bbox 860 5741 1018 5785; x_wconf 83' lang='lat' dir='ltr'><strong>sacro</strong></span> <span class='ocrx_word' id='word_1_851' title='bbox 1051 5727 1317 5786; x_wconf 82' lang='lat' dir='ltr'><strong>vocabulo</strong></span> <span class='ocrx_word' id='word_1_852' title='bbox 1356 5728 1564 5787; x_wconf 85' lang='lat' dir='ltr'><strong>multus</strong></span> <span class='ocrx_word' id='word_1_853' title='bbox 1606 5741 1689 5788; x_wconf 79' lang='lat' dir='ltr'><strong>est</strong></span> <span class='ocrx_word' id='word_1_854' title='bbox 1743 5732 2007 5793; x_wconf 90' lang='lat' dir='ltr'><strong>Suicerus</strong></span> <span class='ocrx_word' id='word_1_855' title='bbox 2049 5740 2103 5793; x_wconf 91' lang='lat' dir='ltr'><strong>in</strong></span> <span class='ocrx_word' id='word_1_856' title='bbox 2136 5739 2423 5807; x_wconf 81' lang='lat' dir='ltr'><strong>Thesauro,</strong></span> <span class='ocrx_word' id='word_1_857' title='bbox 2450 5760 2613 5815; x_wconf 89' lang='lat' dir='ltr'><strong>quem</strong></span> <span class='ocrx_word' id='word_1_858' title='bbox 2646 5763 2772 5804; x_wconf 91' lang='lat' dir='ltr'><strong>cum</strong></span> <span class='ocrx_word' id='word_1_859' title='bbox 2804 5750 2985 5807; x_wconf 81' lang='lat' dir='ltr'><strong>fructu</strong></span> <span class='ocrx_word' id='word_1_860' title='bbox 3012 5753 3210 5812; x_wconf 84' lang='lat' dir='ltr'><strong>adibis.</strong></span> 
     </span>
    </p>
   </div>
  </div>
