3916 6192
274 202 350 267 65

1397 208 1495 267 ΑΙ)
1520 204 2112 266 AMPHILOCHIUM
2141 207 2485 279 QUAESTIO
2517 212 2558 271 Ι.
3474 218 3546 281 66

266 320 339 375 ἂν
367 316 575 390 κυρίως
616 316 715 390 μὲν
747 319 780 388 ἠ
815 319 910 373 τοῦ
961 319 1135 388 Λόγου
1180 320 1443 392 φρικτικὴ
1486 318 1627 388 ὑπὲρ
1658 317 1826 375 ὲννοίο

1928 331 2101 375 ivero
2149 318 2525 387 principaliter
2570 321 2773 377 dicitur
2834 322 2995 381 Verbi
3031 326 3341 389 incarnatio
3380 351 3545 409 supra

267 410 704 482 ἑνανθρὼπησις.
734 411 844 465 Καὶ
866 410 992 465 καθ’
1014 412 1201 484 ἕτερον
1234 411 1289 465 δὲ
1320 411 1522 482 τρόπον
1565 409 1675 462 τῶν
1697 409 1858 479 ἀκρι-

263 501 540 572 ϐεστέρων
569 502 750 573 νόμων
778 503 810 573 ἡ
843 502 934 556 ὲπί
953 519 1075 558 τινα
1101 498 1295 575 χρόνον
1340 500 1662 572 ὑποστολὴῆ
1689 500 1852 571 σχολὴ

263 594 298 662 ἦ
338 593 453 647 τῶν
483 594 787 664 ἀνειμένων
818 594 1049 667 εἰσφορὰ
1079 595 1213 666 πρὸς
1237 595 1337 665 τὴν
1391 594 1502 648 τῶν
1546 594 1851 663 δεχομένων

261 685 575 750 ἀσθένειαν,
604 686 1067 758 διοικονομοῦντος
1098 687 1192 741 τοῦ
1246 686 1540 758 νομοθέτου
1571 685 1631 738 τὸ
1681 684 1854 754 πρόσ-

259 794 475 847 ταγμα.
508 776 895 849 Προκύπτουσι
919 778 975 831 δὲ
1006 779 1106 848 τῆς
1140 778 1362 848 πρώτης
1391 775 1726 845 οἰκονομίας,
1771 772 1853 825 ού-

258 867 317 921 δὲ
348 869 445 939 τῆς
490 866 748 941 δευτέρας
781 867 1015 939 ἐχούσης
1046 870 1106 921 τὸ
1158 868 1484 939 ἀδιαίρετον,
1545 866 1639 917 καὶ
1699 863 1849 917 ἄλλοι

259 958 454 1028 τρόποι
481 958 747 1032 διάφοροι.
798 959 1010 1014 Αὐτίκα
1065 962 1094 1013 ό
1127 960 1318 1031 Σωτὴρ
1369 958 1580 1030 ⁴ἠγωνία
1638 974 1698 1009 τε
1752 956 1849 1009 καὶ

260 1051 562 1122 παρῃτεῖτο
612 1050 705 1102 τὸν
730 1049 981 1115 θάνατον,
1032 1049 1169 1106 ἁλλά
1196 1049 1289 1104 καὶ
1321 1049 1567 1114 ἐξουσίαν
1590 1042 1703 1118 εἶχε
1736 1047 1846 1100 θεῖ-

254 1159 350 1199 ναι
375 1143 475 1215 τὴν
512 1143 691 1215 ψυχὴν
714 1143 879 1197 αὐτοῦ
915 1142 1013 1197 καὶ
1039 1143 1204 1196 πάλιν
1255 1143 1441 1196 λαϐεῖν
1482 1142 1675 1213 αὑτήν.
1732 1140 1844 1195 Καὶ

252 1240 360 1311 ὅρα
402 1240 499 1305 ὠς,
529 1242 581 1293 εἰ
607 1258 689 1304 τις
718 1240 792 1310 μὴ
825 1240 888 1294 τὸ
920 1240 1018 1309 μὲν
1063 1242 1131 1311 τῇ
1156 1238 1439 1309 οἰκονομίᾳ
1488 1238 1625 1309 δοίη,
1663 1238 1732 1291 τὰ
1784 1236 1842 1290 δὲ

252 1334 323 1402 τῇ
354 1331 576 1403 ἐξουσία
612 1334 677 1402 τῇ
702 1331 880 1402 θεῖκῇ,
907 1331 1102 1385 ἑαυτὸν
1134 1333 1251 1394 τοῖς
1280 1330 1549 1395 ἐναντίοις
1582 1327 1840 1401 περιτρέ-

248 1423 397 1493 ψειε.
436 1424 544 1478 Καὶ
576 1424 636 1477 τό
669 1440 733 1492 γε
789 1424 885 1476 νῦν
921 1423 1022 1494 τῆς
1064 1421 1376 1495 οἰκονομίας
1408 1423 1582 1493 ὄνομα
1639 1420 1838 1491 φύεται

250 1517 381 1583 μὲν,
410 1516 600 1587 ὥσπερ
631 1518 871 1587 εἴρηται,
901 1517 1010 1571 ἀπό
1034 1533 1099 1586 γε
1127 1518 1224 1587 τῆς
1255 1515 1523 1588 δηλούσης
1554 1516 1656 1586 τὴν
1676 1516 1834 1569 ἐναν-

1960 424 2177 463 omnem
2197 410 2607 482 intelligentiam
2630 416 2988 473 admirabilis.
3019 419 3232 479 Rursus
3248 426 3357 481 alio
3381 432 3546 491 modo

1960 502 2266 555 (economia
2292 503 2606 574 intelligitur
2633 509 2806 563 severi
2834 509 2978 579 juris
2999 511 3068 565 ad
3091 524 3312 569 certum
3330 527 3545 590 tempus

1958 593 2216 648 remissio
2249 597 2698 667 atquejustitium
2725 604 2843 668 ;vel
2874 604 3038 659 ctiam
3064 606 3391 665 immuniutn
3412 628 3545 682 pen-
3594 626 3595 629 ‘

1955 686 2141 743 sitatio
2164 699 2388 758 propter
2410 706 2587 761 aegros
2615 694 2991 764 recipientium
3021 699 3237 757 animos
3270 704 3534 771 praestita;

1953 776 2034 830 sic
2057 777 2309 833 videlicet
2336 778 2643 849 legislature
2667 786 2980 843 mandatum
3004 804 3167 845 suum
3189 793 3531 857 moderante,

1950 867 2235 926 Exsistunt
2267 880 2451 928 autem
2484 889 2515 929 e
2545 875 2728 945 priore
2759 880 3067 935 oeconomia
3118 882 3322 954 (neque
3358 895 3542 956 poste-

1949 959 2064 1014 rior
2099 961 2213 1032 ipsa
2244 961 2529 1034 abhorret)
2555 967 2647 1020 alii
2681 982 2903 1038 quoque
2925 972 3072 1027 modi
3102 973 3308 1043 plures.
3337 977 3539 1031 Exem-

1947 1051 2018 1122 pli
2046 1066 2236 1116 causa,
2256 1051 2519 1109 Servator
2546 1056 2601 1112 in
2631 1059 2823 1130 agonia
2845 1062 3055 1131 positus
3085 1075 3315 1121 mortem
3346 1067 3541 1138 depre-

1946 1141 2173 1196 cabatur
2192 1142 2234 1197 ⁸.
2260 1142 2425 1214 Atqui
2453 1145 2592 1201 idem
2617 1158 2936 1217 potestatem
2967 1151 3202 1208 habebat
3234 1155 3535 1225 deponendi

1944 1230 2204 1295 animam,
2254 1241 2420 1303 atque
2468 1234 2665 1292 iterum
2724 1241 2974 1295 sumendi
3042 1257 3162 1297 eam
3203 1246 3243 1298 ’.
3282 1244 3535 1311 Constat,

1942 1324 2048 1379 nisi
2134 1327 2259 1398 quis
2344 1329 2500 1401 prius
2605 1331 2740 1387 illud
2831 1335 3156 1390 mconomize
3250 1338 3531 1406 ascribat,

1938 1418 2171 1474 alterum
2244 1438 2375 1479 vero
2429 1423 2627 1480 divinae
2686 1427 2966 1496 potestati,
3019 1427 3194 1497 ipsum
3257 1445 3319 1485 se
3396 1448 3531 1487 con-

1937 1510 2351 1571 tradictionibus
2432 1516 2865 1587 implicaturum.
2940 1518 3005 1574 Et
3078 1520 3183 1576 hoc
3228 1521 3351 1577 loco
3406 1526 3531 1594 qui—

250 1608 561 1679 θρώπησιν,
582 1611 704 1681 ἥτις
724 1611 817 1664 καὶ
842 1609 1049 1681 κυρίως
1076 1608 1143 1663 ἂν
1174 1608 1267 1662 καί⁵
1292 1606 1524 1679 πρώτως
1550 1605 1826 1678 οἰκονομία

1935 1600 2054 1656 dem
2105 1607 2427 1662 mcenomiae
2478 1609 2700 1664 nomine
2743 1609 3087 1680 intelligitur,
3143 1621 3203 1667 ut
3260 1613 3522 1672 diximus.

246 1701 330 1770 τῷ
354 1699 623 1772 ἀξιώματί
662 1719 722 1755 τε
743 1702 838 1756 καὶ
872 1701 950 1773 τῷ
981 1701 1140 1772 αἰτίῳ
1163 1701 1264 1770 τῆς
1304 1701 1362 1770 ἐξ
1395 1699 1568 1770 αὐτῆς
1599 1698 1826 1768 λέγοιτο·

1936 1692 2261 1762 Encarnatio,
2311 1714 2434 1770 qua:
2502 1703 2772 1770 praecipue
2836 1703 3201 1775 primitusque
3264 1708 3334 1761 oh
3410 1708 3529 1778 dig-

246 1791 313 1843 οὐ
345 1790 453 1861 μὴν
478 1792 557 1854 εἰς
584 1790 705 1844 ὅλον
741 1790 926 1867 ἐκείνῃ
954 1788 1264 1860 συμφύεται
1283 1806 1297 1819 ·
1342 1788 1588 1859 σχίζεται
1615 1787 1724 1857 γὰρ
1759 1786 1826 1848 εἰς

1940 1784 2165 1841 nitatem
2200 1804 2356 1844 suam
2385 1799 2441 1845 et
2461 1790 2805 1847 etiicicntiam
2840 1796 3033 1849 merito
3060 1796 3261 1851 dicitur
3290 1812 3493 1855 tecono
3512 1830 3525 1840 -

244 1881 345 1935 δύο
378 1883 518 1947 τέως
548 1882 644 1937 καὶ
681 1882 854 1954 αὓτη·
898 1882 1085 1937 καὶτὸ
1120 1882 1218 1943 μὲν
1256 1881 1427 1953 αὐτῆς
1468 1876 1564 1933 ἐπὶ
1613 1877 1835 1950 μᾶλλον,

246 1973 312 2026 τὸ
350 1973 410 2027 δὲ
442 1973 533 2028 ἐπ’
557 1974 782 2031 ἔλαττον
813 1975 893 2046 τῷ
962 1973 1350 2046 σημαινομένῳ
1413 1971 1833 2042 συμϐιϐἀζεται.

246 2065 311 2117 Εἰ
346 2065 446 2135 μὲν
477 2066 586 2138 γάρ
614 2085 698 2131 τις
734 2068 835 2138 τὴν
873 2067 1115 2137 ἀγωνίαν
1164 2065 1260 2125 καὶ
1299 2065 1399 2136 τὴν
1436 2063 1531 2121 τοῦ
1603 2063 1835 2118 θανάτου

248 2159 583 2230 παραίτησιν
611 2159 734 2214 καθ’
767 2160 796 2213 ὃ
827 2162 1050 2230 γέγονεν
1080 2159 1367 2232 ἄνθρωπος
1404 2157 1588 2213 λαϐεῖν
1646 2156 1837 2226 ἐθελή-

244 2265 353 2313 σοι,
393 2250 706 2320 οἰκονομίαν
735 2250 972 2311 ἐνταῦθα
998 2252 1097 2322 τὴν
1143 2250 1345 2320 μᾶλλον
1410 2248 1834 2321 προσφυομένην

242 2339 357 2405 ἕξει
390 2340 468 2411 τῷ
497 2341 859 2413 προταχθέντι
890 2344 1095 2414 ῥήματι
1116 2359 1129 2375 ι
1162 2345 1212 2397 εἰ
1236 2342 1282 2396 δ’
1305 2342 1546 2413 ἀγωνιᾷν
1567 2343 1662 2395 καὶ
1692 2357 1833 2411 παρ-

242 2433 519 2488 αιτεῖσθαι
548 2434 641 2489 τὸν
673 2435 927 2499 θάνατον.
959 2436 1061 2490 οὐκ
1088 2434 1221 2491 αὐτὸ
1254 2435 1413 2491 τοῦτο
1440 2434 1577 2488 διότι
1609 2434 1831 2503 γέγονεν

242 2526 537 2598 ἄνθρωπός
568 2545 652 2592 τις
693 2527 957 2583 ὑπολάϐοι
985 2529 1224 2599 (πολλοῖς
1259 2528 1369 2600 γὰρ
1393 2530 1487 2582 καὶ
1516 2529 1626 2581 τῶν
1685 2545 1829 2599 μαρο

241 2624 425 2697 τύρων
454 2625 547 2679 καὶ
574 2624 830 2695 ἀσκητῶν
848 2625 1095 2688 ἑκούσιος
1111 2625 1255 2695 ὁρμὴ
1278 2624 1372 2679 καὶ
1403 2623 1547 2694 χαρᾶ
1566 2623 1704 2694 πρὸς
1732 2624 1827 2678 τὸν

241 2716 524 2783 θάνατον),
541 2716 658 2770 ἀλλ’
673 2717 1078 2788 οἰκονομεῖσθαι
1107 2717 1201 2771 νῦν
1231 2718 1330 2789 τὴν
1358 2718 1599 2786 ἀγωνίαν
1621 2717 1713 2769 καὶ
1730 2714 1829 2784 τὴν

238 2808 339 2861 τοῦ
370 2808 603 2862 Θανάτου
643 2808 975 2881 παραίτησιν
1007 2810 1086 2867 εἰς
1117 2808 1409 2879 βεϐαίωσιν
1429 2807 1529 2879 μὲν
1547 2807 1648 2877 τῆς
1674 2808 1829 2859 ὲναν-

241 2898 606 2971 θρωπήσεως,
638 2898 858 2971 ἔλεγχον
886 2899 944 2953 δὲ
998 2899 1273 2968 φθάνοντα
1302 2898 1411 2953 τῶν
1472 2897 1826 2967 ὑποθεμένων

240 2989 548 3060 φαντασίαν
572 2991 632 3046 τὸ
657 2991 883 3063 φρικτὸν
912 2993 1013 3063 τῆς
1038 2993 1512 3064 ὲνανθρωπήσεως
1531 2992 1624 3044 καὶ
1647 2990 1824 3061 παρά-

1940 1880 2072 1933 mia.
2101 1877 2291 1952 Neque
2324 1891 2506 1937 tamen
2550 1883 2870 1955 przedictum
2919 1901 3118 1947 nomen
3164 1887 3220 1942 in
3270 1888 3373 1945 hac
3419 1906 3524 1944 una

1940 1972 2162 2028 notione
2202 1975 2477 2031 consistit.
2520 1973 2657 2031 Nam
2690 1985 2745 2031 et
2792 1977 2908 2047 ipsa
2952 1979 3106 2034 notio
3146 1978 3421 2036 interdum
3468 1981 3524 2036 in

1937 2062 2077 2119 duas
2104 2064 2411 2132 scinditur;
2445 2082 2680 2137 quarum
2714 2067 2886 2123 altera
2910 2069 3104 2140 magis.
3138 2070 3308 2127 altera
3340 2073 3523 2129 minus

1937 2167 2063 2210 cum
2114 2170 2173 2210 re
2210 2157 2481 2213 intellecta
2505 2160 2779 2229 congruit.
2828 2158 2963 2215 Nam
3011 2162 3059 2219 si
3089 2162 3219 2233 quis
3260 2163 3517 2234 agoniam

1935 2247 2240 2318 mortisque
2271 2248 2710 2319 deprecationem
2745 2260 3018 2322 quatenus
3064 2255 3230 2324 homo
3280 2262 3401 2311 erat.
3432 2254 3519 2311 in-

1947 2338 2191 2409 telligere
2251 2339 2417 2408 volet,
2466 2341 2517 2396 is
2563 2344 2923 2399 oeconomiam
2962 2347 3252 2416 prazposito
3297 2348 3521 2411 nomine

1933 2430 2172 2485 maxime
2219 2431 2442 2502 dignam
2499 2433 2725 2489 habebit
2768 2452 2782 2490 :
2843 2437 2928 2491 sin
2983 2438 3259 2508 agoniam]
3302 2440 3415 2510 pati
3462 2451 3520 2497 et

1932 2530 2169 2577 mortem
2205 2522 2509 2590 deprecari,
2554 2522 2699 2578 haud
2736 2538 2766 2578 a
2798 2522 3003 2581 Christi
3045 2527 3387 2593 humanitate
3429 2545 3519 2587 re-

1930 2625 2078 2685 petet
2110 2621 2418 2688 (propterea
2454 2618 2600 2687 quod
2626 2619 2783 2674 multi
2817 2630 3086 2694 martyres
3104 2625 3519 2695 piiqueathleta:

1930 2717 2126 2776 sponte
2169 2710 2638 2779 atque‘alacriter
2671 2712 2740 2769 ad
2784 2729 2971 2768 necem
3011 2720 3514 2788 properaverant);

1914 2815 2119 2869 verum
2174 2800 2382 2857 idcirco
2424 2802 2663 2873 positum
2715 2821 2838 2861 csse
2882 2807 2933 2859 in
2981 2809 3175 2887 agonia
3216 2808 3403 2866 Jesum
3461 2824 3519 2869 et

1928 2892 2123 2947 mortis
2150 2891 2333 2962 fugam
2368 2895 2699 2964 appetivisse
2721 2896 3016 2967 judicabit,
3066 2910 3125 2955 ut
3151 2901 3516 2965 humanitatis

1928 2998 2041 3038 suae
2075 2983 2233 3038 tidem
2262 2985 2482 3051 laceret,
2514 2996 2679 3058 atque
2713 2997 2773 3042 ut
2812 2989 2868 3044 in
2912 3000 3260 3049 antecessum
3292 3010 3389 3052 eos
3425 3012 3515 3052 re-

250 3042 301 3060 .7
332 3042 337 3043 ν
585 3042 625 3046 μ
666 3042 874 3063 ..μ-ην
925 3042 1010 3063 υ..
1041 3042 1510 3064 νην--.Ὗη-ρ-εκ.
1698 3042 1709 3045 ν
1733 3042 1783 3061 ,κ

234 3082 412 3148 δοξον,
442 3083 542 3154 τὴν
566 3083 653 3136 ἐπ’
677 3084 898 3137 ἔλαττον
930 3076 1085 3147 οὗτος
1104 3082 1518 3153 συναπτομένην
1549 3081 1651 3150 τῆς
1678 3082 1824 3133 οἱκο-

1929 3071 2161 3139 falleret,
2186 3074 2281 3145 qui
2314 3042 2637 3133 admirabile
2666 3088 2830 3149 atque
2854 3080 3139 3151 inopinum
3184 3084 3518 3143 incarnatio-

242 3176 437 3243 νομίας
491 3176 677 3247 φωνὴν
726 3174 865 3249 πρὸς
934 3175 1038 3247 τὴν
1089 3175 1192 3245 τῆς
1246 3175 1426 3246 μάχης
1461 3173 1617 3227 λύσιν
1667 3167 1828 3243 εὗρεν

239 3266 542 3338 λπίκουρον
562 3283 581 3301 ο
617 3266 761 3339 πλὴν
788 3267 904 3321 ἀλλ’
932 3267 1088 3321 οὐδὲν
1116 3266 1340 3321 ἔλαττον
1398 3263 1740 3336 ἑκατέρωθεν
1789 3265 1823 3336 ἡ

241 3358 521 3434 φαντασία
552 3358 656 3429 τῆς
697 3359 880 3432 μάχης
913 3358 1222 3414 ἐλαύνεται.

305 3656 392 3706 ιε’.
431 3651 554 3706 Εἰσὶ
586 3650 643 3706 δὲ
671 3649 768 3704 καὶ
801 3649 955 3720 παρὰ
982 3648 1197 3711 τούτοις
1230 3645 1545 3716 οἰκονομίας
1590 3644 1823 3714 διάφορα

232 3742 340 3813 μὲν
369 3741 770 3814 σημαινόμενα,
798 3741 897 3811 τῆς
931 3740 1106 3809 αὐτῆς
1133 3738 1179 3791 δ’
1217 3738 1366 3807 ὅμως
1396 3736 1632 3809 λαχόντα
1669 3734 1823 3804 γενέ-

234 3853 398 3900 σεως,
434 3834 574 3905 πλὴν
606 3833 748 3889 ἀλλά
772 3850 838 3903 γε
870 3832 966 3888 νῦν
996 3833 1167 3904 μυρία
1214 3831 1315 3904 μὲν
1371 3829 1465 3883 καὶ
1517 3828 1655 3901 ἄλλα
1710 3828 1821 3883 τῶν

229 3931 314 3993 εἰς
342 3928 577 3999 ἀπορίαν
606 3925 1054 3999 ἀναφερομένων,
1086 3927 1156 3995 τῇ
1184 3924 1463 3995 ἐπικρίσει
1487 3938 1548 3975 τε
1579 3922 1674 3975 καὶ
1702 3922 1819 3975 δια-

228 4021 394 4090 λήψει
428 4018 524 4075 τοῦ
551 4019 650 4091 τὴν
682 4019 887 4090 κυρίως
916 4017 1233 4088 οἰκονομίαν
1246 4015 1532 4088 δηλοῦντος
1553 4014 1819 4086 ὀνόματος

228 4117 265 4184 η
300 4113 457 4178 λύσις
486 4113 699 4167 ἐκεῖθεν
728 4112 865 4185 πρὸς
896 4111 958 4165 τὸ
994 4109 1161 4179 σαφὲς
1204 4109 1328 4178 ἄγει
1351 4127 1366 4143 ο
1412 4107 1714 4173 ἐπιλύσεως
1757 4109 1816 4162 δὲ

223 4208 385 4263 οὐδὲν
413 4207 635 4260 ἔλαττον
663 4206 752 4260 διά
778 4205 983 4276 ταύτης
1016 4203 1172 4274 τύχοι
1203 4203 1270 4257 ἂν
1308 4202 1342 4272 ἢ
1398 4202 1466 4255 δι’
1497 4201 1663 4272 ἄλλης
1721 4203 1816 4272 ἑφ-

225 4302 352 4355 όδου
383 4300 477 4354 καὶ
503 4300 588 4363 τὸ,
617 4318 636 4351 ι
667 4297 735 4353 Τί
767 4315 834 4368 με
862 4298 1079 4369 ζητεῖτε
1105 4297 1425 4350 ἀποκτεῖναι
1450 4294 1738 4365 ἄνθρωπον
1755 4293 1815 4357 ὃς

1929 3164 2015 3219 nis
2042 3178 2182 3233 opus
2218 3164 2520 3234 phantasia:
2542 3168 2837 3239 ascripturi
2887 3181 3046 3230 erant
3069 3190 3085 3239 ;
3109 3175 3232 3245 qui,
3264 3174 3514 3246 inquam,

1927 3256 2008 3312 sic
2034 3257 2369 3326 opinabitur,
2400 3261 2448 3315 is
2471 3264 2795 3319 mcunomiaa
2823 3266 3512 3325 vocabulum-secundario

1924 3360 2090 3403 sensu
2125 3351 2193 3405 ad
2238 3356 2615 3422 repugnantia!
2668 3356 3111 3414 conciliationem
3158 3362 3508 3417 auxiliarium

1925 3440 2181 3511 habebit:
2203 3458 2359 3513 aeque
2383 3454 2563 3501 tamen
2588 3447 2844 3519 utrinque
2879 3450 3133 3506 simulata
3152 3457 3510 3525 repugnantia

1923 3533 2234 3602 expellitur.

1996 3625 2084 3680 15.
2122 3626 2264 3681 Sunt
2293 3639 2475 3684 autem
2502 3639 2697 3700 praeter
2730 3632 2830 3689 has
2859 3632 2982 3689 aliae
3012 3650 3236 3708 quoque
3260 3646 3314 3693 et
3339 3640 3508 3701 varia:

1922 3718 2174 3777 vocabuli
2213 3724 2537 3778 (economia:
2569 3724 3019 3795 signiﬁcationes,
3056 3744 3180 3799 qua:
3220 3738 3405 3787 tamen
3439 3734 3509 3793 ab

1921 3810 2112 3866 eadem
2149 3812 2361 3884 origine
2385 3824 2627 3870 manant.
2664 3815 2908 3889 Denique
2937 3820 3045 3875 alia
3078 3821 3367 3883 innumera
3388 3841 3509 3897 qua:

1921 3902 1989 3957 ad
2022 3902 2385 3961 dubitandum
2415 3907 2659 3975 trahunt,
2701 3908 2912 3980 judicio
2933 3921 2989 3968 et
3015 3912 3354 3971 discretione
3400 3933 3500 3971 no-

1920 3995 2089 4051 minis
2132 3998 2280 4067 quod
2316 3998 2692 4070 principaliter
2734 4001 3173 4066 incarnationem
3208 4008 3504 4078 signiﬁcat,

1917 4089 2343 4147 declarationem
2403 4094 2747 4164 perspicuam
2781 4108 3217 4169 consequuntur.
3271 4099 3340 4156 Et
3401 4103 3505 4159 bac

1916 4182 2146 4250 quidem
2176 4184 2416 4249 ratione,
2446 4185 2620 4240 nihilo
2647 4188 2827 4244 secius
2860 4205 3024 4258 quam
3048 4192 3175 4259 alia,
3212 4194 3503 4251 solutionis

1916 4281 2195 4343 compotes
2230 4274 2348 4331 ﬁeri
2384 4275 2535 4332 licet.
2580 4276 2757 4357 Veluti
2794 4280 2847 4335 in
2878 4280 2980 4336 hoc
3014 4281 3173 4338 loco:
3215 4301 3237 4341 ι
3268 4284 3380 4340 Cur
3413 4302 3502 4343 me

223 4395 330 4461 τὴν
360 4360 622 4461 ἀλήθειαν
658 4360 933 4456 λελάληκα
962 4388 1132 4458 ύμῖν;
1166 4405 1187 4439 ι
1247 4385 1365 4449 καὶ,
1397 4402 1417 4437 ι
1467 4360 1610 4454 Ἑγῶ
1638 4385 1734 4437 καὶ
1783 4383 1811 4437 ό

1928 4367 2159 4437 quaeritis
2182 4368 2493 4426 interficere
2522 4370 2798 4428 hominem
2842 4374 2931 4443 qui
2969 4375 3253 4433 veritatem
3280 4378 3498 4436 locutus

223 4481 422 4551 Πατὴρ
441 4481 501 4534 ἓν
527 4482 715 4550 ἐσμεν.
758 4498 778 4531 ι
815 4477 1151 4550 Συγκρούειν
1180 4477 1278 4547 μὲν
1305 4483 1417 4548 γὰρ
1445 4474 1696 4547 ἀλλήλοις
1720 4473 1807 4527 δοο

220 4575 312 4626 κεῖ
347 4590 464 4636 πως
492 4574 606 4635 τοῖς
665 4571 946 4633 ἀσυνέτοις
989 4569 1022 4641 ἥ
1087 4567 1467 4641 ῥᾳδιουργοῦσι
1492 4567 1561 4621 τὰ
1617 4568 1758 4638 ρητά
1785 4583 1801 4600 ο

216 4661 340 4715 ἀλλ’
363 4662 393 4716 ὃ
420 4677 486 4729 γε
515 4659 680 4729 σοφὸς
705 4659 805 4730 τῆς
831 4657 1091 4731 ἀληθείας
1118 4658 1276 4727 λόγος
1303 4656 1403 4730 τὴν
1442 4657 1540 4727 μὲν
1566 4657 1674 4710 τῶν
1698 4673 1806 4726 φω-

215 4753 331 4805 νῶν
359 4754 426 4823 τῇ
459 4751 725 4822 ἀκηράτῳ
754 4749 851 4805 καὶ
888 4749 1137 4821 μακαρίᾳ
1169 4751 1268 4821 τῆς
1329 4749 1603 4821 θειότητος
1670 4748 1800 4802 ὑπο-

215 4843 407 4913 φέρων
442 4840 624 4911 φύσει,
654 4840 755 4910 τὴν
798 4840 858 4893 δὲ
911 4839 1034 4894 καθ’
1080 4839 1149 4911 ἢν
1181 4839 1353 4911 αὐτὴν
1399 4842 1429 4895 ὁ
1473 4839 1647 4906 Λόγος
1703 4838 1801 4908 τὴν

211 4931 500 5002 ἡμετέραν
536 4929 728 4984 οὐσίαν
766 4929 1153 5000 προσείληφεν,
1190 4931 1371 4987 πᾶσαν
1391 4929 1662 4984 διωθεῖται
1689 4931 1801 5001 ἀμ-

212 5023 573 5095 φισϐήτησιν.
603 5020 721 5077 Οὐκ
749 5023 1147 5092 ἀποστατήσειε
1178 5021 1223 5074 δ’
1248 5020 1316 5074 ἂν
1353 5020 1448 5074 τοῦ
1477 5022 1685 5085 εἰκότος
1707 5022 1802 5075 καὶ

211 5114 273 5167 εῖ
305 5131 392 5177 τις
444 5117 509 5184 τῇ
543 5114 681 5184 αὐτῇ
719 5112 973 5167 διαλύοιτ’
1004 5113 1072 5166 ἂν
1101 5111 1387 5182 ἐπισκέψει
1419 5114 1514 5165 καὶ
1558 5112 1639 5176 τὸ,
1681 5132 1701 5166 ι
1742 5113 1800 5169 Ὀ

210 5206 410 5276 Πατήρ
441 5222 544 5275 μου
587 5204 789 5273 μείζων
822 5203 927 5274 μού
962 5205 1111 5257 ἐστι·
1143 5222 1162 5255 ι
1193 5204 1361 5259 δεῖται
1402 5204 1503 5274 μὲν
1529 5207 1637 5276 γὰρ
1671 5224 1797 5260 συν-

1900 4477 2025 4520 sum
2040 4461 2192 4516 vobis
2219 4461 2296 4514 i‘?
2320 4460 2487 4518 {Tum
2509 4481 2523 4518 :
2547 4480 2567 4515 ι
2596 4462 2708 4535 Ego
2728 4471 2782 4518 et
2803 4462 2963 4523 Pater
2989 4483 3156 4525 unum
3179 4485 3371 4527 sumus
3396 4472 3490 4525 ιι..

1900 4552 2311 4625 St'ultisoppido
2357 4554 2670 4612 hominibus
2727 4556 2942 4627 levique
2997 4570 3173 4619 mente
3244 4565 3488 4634 praeditis

1896 4645 2175 4702 contraria
2224 4645 2340 4701 haec
2380 4646 2524 4704 dicta
2568 4648 2867 4707 videntur:
2923 4649 3021 4707 sed
3076 4652 3220 4706 enim
3273 4655 3493 4724 sapiens

1900 4737 2146 4793 veritatis
2164 4751 2347 4793 sermo
2369 4737 2598 4797 alterum
2630 4739 2848 4809 quidem
2873 4741 3076 4796 dictum
3094 4743 3163 4798 ad
3214 4743 3495 4801 immorta'

1902 4831 2008 4885 lem
2026 4831 2350 4896 beatamque
2363 4829 2664 4889 divinitatis
2688 4841 2940 4889 naturam
2965 4835 3229 4902 referens,
3260 4839 3491 4897 alterum

1903 4921 1973 4979 ad
2050 4921 2353 4975 humanam
2428 4936 2555 4975 cum
2608 4920 2863 4979 Christus
2910 4940 3256 4985 communem
3331 4929 3491 4985 nobis

1905 5012 2267 5069 substantiam
2296 5012 2551 5081 sumpsit,
2585 5016 2893 5073 universam
2929 5017 3179 5091 proﬂigat
3215 5021 3487 5092 ambigui-

1908 5111 2100 5158 tatem.
2117 5102 2303 5175 Neque
2320 5119 2351 5157 a
2364 5103 2513 5174 justa
2534 5107 2805 5162 sententia
2833 5110 3066 5173 recedet.
3094 5112 3137 5167 si
3158 5111 3282 5182 quis
3297 5114 3487 5168 eodem

1906 5195 2136 5252 consilio
2176 5196 2411 5265 explicet
2447 5197 2610 5252 etiam
2635 5238 2650 5264 ,
2685 5217 2704 5252 ι
2743 5199 2904 5257 Pater
2934 5202 3111 5272 major
3136 5219 3223 5258 me
3246 5215 3328 5259 est
3355 5206 3419 5260 ¹⁸.
3464 5226 3484 5258 ι

208 5294 355 5346 ετῶν
387 5296 479 5346 καὶ
512 5292 635 5345 καθ’
669 5293 828 5345 ἑαυτὸ
857 5291 1018 5345 τοῦτο
1047 5293 1109 5344 τὸ
1163 5290 1308 5362 ἱερὸν
1347 5292 1544 5365 χωρίον
1594 5295 1797 5365 ἀκροα-

1928 5287 2026 5343 lam
2056 5304 2179 5343 cum
2214 5304 2372 5344 sacer
2406 5289 2494 5344 hic
2507 5290 2663 5347 iocus
2694 5307 2789 5362 per
2814 5308 2873 5348 se
2894 5295 3188 5363 prudentes
3208 5296 3486 5353 auditores

204 5383 343 5437 τῶν.
376 5382 590 5437 Μᾶλλον
612 5381 661 5434 δ’
688 5382 756 5435 ἂν
785 5381 1007 5452 δεηθείη
1041 5382 1135 5435 καὶ
1164 5380 1263 5451 τῆς
1277 5381 1578 5452 εἰρημένης
1609 5384 1794 5453 φωνῆς

1895 5379 2157 5450 postulat,
2187 5389 2302 5434 tum
2330 5380 2504 5435 multo
2531 5382 2694 5437 etiam
2721 5384 2896 5455 magis
2937 5384 3165 5457 indiget,
3196 5396 3258 5442 ut
3287 5403 3487 5458 supra-

201 5476 335 5547 ἥτις
368 5474 557 5544 ἐδήλου
596 5473 696 5544 τὴν
747 5474 967 5543 ἰσότητα
1021 5472 1254 5542 [ἰατρὸς.
1301 5472 1791 5547 συνεξεταζομένης

1928 5472 2045 5526 Iicta
2080 5485 2204 5537 vox,
2252 5487 2524 5542 quaecum
2571 5472 2731 5529 Patre
2778 5477 3143 5547 aequalitatem
3192 5480 3483 5551 signiﬁcat,

204 5569 307 5621 καὶ
347 5566 951 5638 συμπαραϐαλλομένης
983 5566 1163 5638 αὐτῷ’
1207 5568 1254 5620 εἰ
1286 5567 1396 5639 γὰρ
1446 5568 1540 5622 καὶ
1574 5568 1793 5639 ἑτέραις

1928 5567 2231 5638 ,djungatur
2275 5567 2403 5623 huic
2448 5569 2718 5642 juxtaque
2772 5583 3028 5641 ponatur.
3062 5572 3198 5629 Nam
3264 5574 3311 5631 si
3365 5576 3487 5637 aliis

278 5678 302 5713 ⁸
339 5676 476 5735 Luc.
512 5695 649 5744 xxn,
679 5679 772 5735 45.
839 5682 860 5712 ⁹
891 5679 1047 5735 Joan.
1096 5697 1150 5749 ι,
1197 5681 1282 5737 18.
1317 5683 1357 5714 ¹⁰
1391 5681 1551 5738 Joan.
1589 5699 1706 5751 vm,
1737 5685 1827 5742 40.
1899 5686 1939 5718 ⁶¹
1972 5682 2129 5739 Joan.
2164 5682 2334 5747 x,.‘50.
2403 5683 2446 5717 "
2475 5681 2637 5739 Joan.
2664 5700 2776 5750 xw,
2799 5688 2892 5743 28.

509 5767 784 5834 Pnaoc.
823 5775 948 5835 Gn.
970 5775 1073 5837 Cl.

3027 5784 3066 5841 3
