  <div class='ocr_page' id='page_1' title='image "/cluster/home/n/w/nwhite01/storage/ocr_20150623/101/hvd.32044018872879/057.png"; bbox 0 0 3916 6192; ppageno 0'>
   <div class='ocr_carea' id='block_1_1' title="bbox 411 229 1988 307">
    <p class='ocr_par' dir='ltr' id='par_1_1' title="bbox 411 230 1988 297">
     <span class='ocr_line' id='line_1_1' title="bbox 411 230 1988 297; baseline -0.002 -1"><span class='ocrx_word' id='word_1_1' title='bbox 411 231 483 296; x_wconf 83' lang='lat'><strong>67</strong></span> <span class='ocrx_word' id='word_1_2' title='bbox 1533 234 1633 297; x_wconf 83' lang='lat' dir='ltr'><strong>PH</strong></span> <span class='ocrx_word' id='word_1_3' title='bbox 1640 234 1800 295; x_wconf 71' lang='lat' dir='ltr'><strong>0TH</strong></span> <span class='ocrx_word' id='word_1_4' title='bbox 1840 230 1988 294; x_wconf 80' lang='grc' dir='ltr'><strong>ΡΑΤ</strong></span> 
     </span>
    </p>
   </div>
   <div class='ocr_carea' id='block_1_2' title="bbox 2092 229 3683 307">
    <p class='ocr_par' dir='ltr' id='par_1_2' title="bbox 2092 234 3683 307">
     <span class='ocr_line' id='line_1_2' title="bbox 2092 234 3683 307; baseline 0.008 -13"><span class='ocrx_word' id='word_1_5' title='bbox 2092 234 2348 298; x_wconf 68' lang='lat' dir='ltr'><strong>iRlIli/E</strong></span> <span class='ocrx_word' id='word_1_6' title='bbox 2386 236 2494 302; x_wconf 75' lang='grc' dir='ltr'><strong>(ΖΡ.</strong></span> <span class='ocrx_word' id='word_1_7' title='bbox 3604 235 3683 307; x_wconf 72' lang='grc'><strong>68</strong></span> 
     </span>
    </p>
   </div>
   <div class='ocr_carea' id='block_1_3' title="bbox 412 343 1988 425">
    <p class='ocr_par' dir='ltr' id='par_1_3' title="bbox 412 343 1988 418">
     <span class='ocr_line' id='line_1_3' title="bbox 412 343 1988 418; baseline -0.002 -17"><span class='ocrx_word' id='word_1_8' title='bbox 412 358 633 418; x_wconf 83' lang='lat' dir='ltr'><strong>quoque</strong></span> <span class='ocrx_word' id='word_1_9' title='bbox 660 343 857 415; x_wconf 84' lang='lat' dir='ltr'><strong>patriis</strong></span> <span class='ocrx_word' id='word_1_10' title='bbox 882 344 1202 401; x_wconf 91' lang='lat' dir='ltr'><strong>notionibus</strong></span> <span class='ocrx_word' id='word_1_11' title='bbox 1253 344 1513 401; x_wconf 84' lang='lat' dir='ltr'><strong>simulata</strong></span> <span class='ocrx_word' id='word_1_12' title='bbox 1542 346 1788 416; x_wconf 89' lang='lat' dir='ltr'><strong>ipsorum</strong></span> <span class='ocrx_word' id='word_1_13' title='bbox 1818 360 1988 416; x_wconf 81' lang='lat' dir='ltr'><strong>pugna</strong></span> 
     </span>
    </p>
   </div>
   <div class='ocr_carea' id='block_1_4' title="bbox 2092 343 3678 425">
    <p class='ocr_par' dir='ltr' id='par_1_4' title="bbox 2102 346 3678 425">
     <span class='ocr_line' id='line_1_4' title="bbox 2102 346 3678 425; baseline 0.006 -26"><span class='ocrx_word' id='word_1_14' title='bbox 2102 352 2397 421; x_wconf 77' lang='grc' dir='ltr'><strong>πατρικαῖς</strong></span> <span class='ocrx_word' id='word_1_15' title='bbox 2444 348 2788 413; x_wconf 75' lang='grc' dir='ltr'><strong>ἐπιστασίαις</strong></span> <span class='ocrx_word' id='word_1_16' title='bbox 2825 346 2859 421; x_wconf 78' lang='grc' dir='ltr'><strong>ῆ</strong></span> <span class='ocrx_word' id='word_1_17' title='bbox 2890 349 2949 403; x_wconf 86' lang='grc' dir='ltr'><strong>ἐν</strong></span> <span class='ocrx_word' id='word_1_18' title='bbox 2976 348 3168 413; x_wconf 77' lang='grc' dir='ltr'>αὑταῖς</span> <span class='ocrx_word' id='word_1_19' title='bbox 3194 350 3493 424; x_wconf 71' lang='grc' dir='ltr'><strong>φαινομένη</strong></span> <span class='ocrx_word' id='word_1_20' title='bbox 3524 354 3678 425; x_wconf 84' lang='grc' dir='ltr'>μάχη</span> 
     </span>
    </p>
   </div>
   <div class='ocr_carea' id='block_1_5' title="bbox 412 437 1988 514">
    <p class='ocr_par' dir='ltr' id='par_1_5' title="bbox 412 437 1988 509">
     <span class='ocr_line' id='line_1_5' title="bbox 412 437 1988 509; baseline -0.004 -14"><span class='ocrx_word' id='word_1_21' title='bbox 412 438 765 495; x_wconf 84' lang='lat' dir='ltr'><strong>concordiam</strong></span> <span class='ocrx_word' id='word_1_22' title='bbox 794 438 1051 504; x_wconf 75' lang='lat' dir='ltr'><strong>exhibet;</strong></span> <span class='ocrx_word' id='word_1_23' title='bbox 1087 438 1253 493; x_wconf 91' lang='lat' dir='ltr'><strong>veluti</strong></span> <span class='ocrx_word' id='word_1_24' title='bbox 1283 438 1415 509; x_wconf 86' lang='lat' dir='ltr'><strong>quia</strong></span> <span class='ocrx_word' id='word_1_25' title='bbox 1460 439 1787 495; x_wconf 79' lang='lat' dir='ltr'><strong>vocabulum</strong></span> <span class='ocrx_word' id='word_1_26' title='bbox 1819 437 1988 505; x_wconf 83' lang='lat' dir='ltr'><strong>major</strong></span> 
     </span>
    </p>
   </div>
   <div class='ocr_carea' id='block_1_6' title="bbox 2092 437 3682 514">
    <p class='ocr_par' dir='ltr' id='par_1_6' title="bbox 2092 437 3682 514">
     <span class='ocr_line' id='line_1_6' title="bbox 2092 437 3682 514; baseline 0.004 -23"><span class='ocrx_word' id='word_1_27' title='bbox 2092 438 2195 510; x_wconf 80' lang='grc' dir='ltr'>τὴν</span> <span class='ocrx_word' id='word_1_28' title='bbox 2252 441 2576 512; x_wconf 80' lang='grc' dir='ltr'><strong>συμφωνίαν</strong></span> <span class='ocrx_word' id='word_1_29' title='bbox 2617 442 2975 513; x_wconf 76' lang='grc' dir='ltr'><strong>προήνεγκεν,</strong></span> <span class='ocrx_word' id='word_1_30' title='bbox 3034 437 3146 495; x_wconf 84' lang='grc' dir='ltr'>οἷον</span> <span class='ocrx_word' id='word_1_31' title='bbox 3184 442 3267 496; x_wconf 83' lang='grc' dir='ltr'>ὅτι</span> <span class='ocrx_word' id='word_1_32' title='bbox 3312 442 3374 495; x_wconf 79' lang='grc' dir='ltr'><strong>τὺ</strong></span> <span class='ocrx_word' id='word_1_33' title='bbox 3425 441 3526 514; x_wconf 74' lang='grc' dir='ltr'>μὲν</span> <span class='ocrx_word' id='word_1_34' title='bbox 3552 446 3682 513; x_wconf 80' lang='grc' dir='ltr'>μεί-</span> 
     </span>
    </p>
   </div>
   <div class='ocr_carea' id='block_1_7' title="bbox 411 529 1993 602">
    <p class='ocr_par' dir='ltr' id='par_1_7' title="bbox 411 529 1993 602">
     <span class='ocr_line' id='line_1_7' title="bbox 411 529 1993 602; baseline -0.001 -16"><span class='ocrx_word' id='word_1_35' title='bbox 411 532 481 586; x_wconf 84' lang='lat' dir='ltr'><strong>ad</strong></span> <span class='ocrx_word' id='word_1_36' title='bbox 517 546 741 587; x_wconf 86' lang='lat' dir='ltr'><strong>causam</strong></span> <span class='ocrx_word' id='word_1_37' title='bbox 769 529 1035 597; x_wconf 83' lang='lat' dir='ltr'><strong>refertur;</strong></span> <span class='ocrx_word' id='word_1_38' title='bbox 1062 546 1226 585; x_wconf 80' lang='lat' dir='ltr'><strong>unum</strong></span> <span class='ocrx_word' id='word_1_39' title='bbox 1249 541 1431 587; x_wconf 89' lang='lat' dir='ltr'><strong>autem</strong></span> <span class='ocrx_word' id='word_1_40' title='bbox 1458 541 1673 587; x_wconf 76' lang='lat' dir='ltr'><strong>natura:</strong></span> <span class='ocrx_word' id='word_1_41' title='bbox 1705 530 1993 602; x_wconf 77' lang='lat' dir='ltr'><strong>:equalita-</strong></span> 
     </span>
    </p>
   </div>
   <div class='ocr_carea' id='block_1_8' title="bbox 409 622 1989 694">
    <p class='ocr_par' dir='ltr' id='par_1_8' title="bbox 409 622 1989 694">
     <span class='ocr_line' id='line_1_8' title="bbox 409 622 1989 694; baseline -0.001 -17"><span class='ocrx_word' id='word_1_42' title='bbox 409 631 521 679; x_wconf 82' lang='lat' dir='ltr'><strong>tem</strong></span> <span class='ocrx_word' id='word_1_43' title='bbox 546 622 816 694; x_wconf 76' lang='lat' dir='ltr'><strong>signiﬁcat</strong></span> <span class='ocrx_word' id='word_1_44' title='bbox 835 640 850 690; x_wconf 94' lang='lat'><strong>;</strong></span> <span class='ocrx_word' id='word_1_45' title='bbox 870 623 1123 691; x_wconf 88' lang='lat' dir='ltr'><strong>sequitur</strong></span> <span class='ocrx_word' id='word_1_46' title='bbox 1140 631 1201 677; x_wconf 89' lang='lat' dir='ltr'><strong>ut</strong></span> <span class='ocrx_word' id='word_1_47' title='bbox 1218 623 1537 679; x_wconf 66' lang='lat' dir='ltr'><strong>oeconomia</strong></span> <span class='ocrx_word' id='word_1_48' title='bbox 1553 637 1771 694; x_wconf 81' lang='lat' dir='ltr'><strong>quoque</strong></span> <span class='ocrx_word' id='word_1_49' title='bbox 1786 636 1989 685; x_wconf 89' lang='lat' dir='ltr'><strong>sermo,</strong></span> 
     </span>
    </p>
   </div>
   <div class='ocr_carea' id='block_1_9' title="bbox 408 715 1992 787">
    <p class='ocr_par' dir='ltr' id='par_1_9' title="bbox 408 715 1992 787">
     <span class='ocr_line' id='line_1_9' title="bbox 408 715 1992 787; baseline -0.001 -16"><span class='ocrx_word' id='word_1_50' title='bbox 408 717 506 787; x_wconf 90' lang='lat' dir='ltr'><strong>qui</strong></span> <span class='ocrx_word' id='word_1_51' title='bbox 537 716 591 771; x_wconf 90' lang='lat' dir='ltr'><strong>in</strong></span> <span class='ocrx_word' id='word_1_52' title='bbox 616 731 676 772; x_wconf 90' lang='lat' dir='ltr'><strong>se</strong></span> <span class='ocrx_word' id='word_1_53' title='bbox 701 715 888 787; x_wconf 84' lang='lat' dir='ltr'><strong>recipit</strong></span> <span class='ocrx_word' id='word_1_54' title='bbox 918 731 1109 772; x_wconf 89' lang='lat' dir='ltr'><strong>vocem</strong></span> <span class='ocrx_word' id='word_1_55' title='bbox 1143 718 1351 787; x_wconf 81' lang='lat' dir='ltr'><strong>major.</strong></span> <span class='ocrx_word' id='word_1_56' title='bbox 1371 717 1595 773; x_wconf 82' lang='lat' dir='ltr'><strong>liberam</strong></span> <span class='ocrx_word' id='word_1_57' title='bbox 1630 730 1818 772; x_wconf 89' lang='lat' dir='ltr'><strong>errore</strong></span> <span class='ocrx_word' id='word_1_58' title='bbox 1837 730 1992 771; x_wconf 82' lang='lat' dir='ltr'><strong>com-</strong></span> 
     </span>
    </p>
   </div>
   <div class='ocr_carea' id='block_1_10' title="bbox 412 806 1990 879">
    <p class='ocr_par' dir='ltr' id='par_1_10' title="bbox 412 806 1990 879">
     <span class='ocr_line' id='line_1_10' title="bbox 412 806 1990 879; baseline -0.001 -16"><span class='ocrx_word' id='word_1_59' title='bbox 412 808 607 877; x_wconf 85' lang='lat' dir='ltr'><strong>probet</strong></span> <span class='ocrx_word' id='word_1_60' title='bbox 627 824 724 879; x_wconf 89' lang='lat' dir='ltr'><strong>per</strong></span> <span class='ocrx_word' id='word_1_61' title='bbox 754 823 942 864; x_wconf 83' lang='lat' dir='ltr'><strong>vocem</strong></span> <span class='ocrx_word' id='word_1_62' title='bbox 970 824 1137 863; x_wconf 76' lang='lat' dir='ltr'><strong>unum</strong></span> <span class='ocrx_word' id='word_1_63' title='bbox 1162 809 1340 864; x_wconf 82' lang='lat' dir='ltr'><strong>Patris</strong></span> <span class='ocrx_word' id='word_1_64' title='bbox 1375 824 1502 865; x_wconf 80' lang='lat' dir='ltr'><strong>cum</strong></span> <span class='ocrx_word' id='word_1_65' title='bbox 1525 807 1667 863; x_wconf 75' lang='lat' dir='ltr'><strong>Filio</strong></span> <span class='ocrx_word' id='word_1_66' title='bbox 1703 806 1990 879; x_wconf 65' lang='lat' dir='ltr'><strong>aequalita-</strong></span> 
     </span>
    </p>
   </div>
   <div class='ocr_carea' id='block_1_11' title="bbox 412 898 1991 972">
    <p class='ocr_par' dir='ltr' id='par_1_11' title="bbox 412 898 1991 972">
     <span class='ocr_line' id='line_1_11' title="bbox 412 898 1991 972; baseline 0 -19"><span class='ocrx_word' id='word_1_67' title='bbox 412 909 542 955; x_wconf 89' lang='lat' dir='ltr'><strong>tem.</strong></span> <span class='ocrx_word' id='word_1_68' title='bbox 575 898 749 954; x_wconf 83' lang='lat' dir='ltr'><strong>Porro</strong></span> <span class='ocrx_word' id='word_1_69' title='bbox 800 900 936 954; x_wconf 84' lang='lat' dir='ltr'><strong>nihil</strong></span> <span class='ocrx_word' id='word_1_70' title='bbox 980 902 1233 971; x_wconf 85' lang='lat' dir='ltr'><strong>prohibet</strong></span> <span class='ocrx_word' id='word_1_71' title='bbox 1301 902 1600 972; x_wconf 84' lang='lat' dir='ltr'><strong>quominus</strong></span> <span class='ocrx_word' id='word_1_72' title='bbox 1638 900 1677 954; x_wconf 94' lang='lat' dir='ltr'><strong>ii</strong></span> <span class='ocrx_word' id='word_1_73' title='bbox 1709 912 1991 956; x_wconf 78' lang='lat' dir='ltr'><strong>sermones</strong></span> 
     </span>
    </p>
   </div>
   <div class='ocr_carea' id='block_1_12' title="bbox 412 991 1990 1061">
    <p class='ocr_par' dir='ltr' id='par_1_12' title="bbox 412 991 1990 1061">
     <span class='ocr_line' id='line_1_12' title="bbox 412 991 1990 1061; baseline 0.001 -16"><span class='ocrx_word' id='word_1_74' title='bbox 412 992 505 1061; x_wconf 89' lang='lat' dir='ltr'><strong>qui</strong></span> <span class='ocrx_word' id='word_1_75' title='bbox 544 991 855 1048; x_wconf 71' lang='lat' dir='ltr'><strong>adhaerente</strong></span> <span class='ocrx_word' id='word_1_76' title='bbox 894 994 997 1048; x_wconf 85' lang='lat' dir='ltr'><strong>sibi</strong></span> <span class='ocrx_word' id='word_1_77' title='bbox 1045 995 1399 1049; x_wconf 87' lang='lat' dir='ltr'><strong>contentione</strong></span> <span class='ocrx_word' id='word_1_78' title='bbox 1446 995 1715 1058; x_wconf 82' lang='lat' dir='ltr'><strong>laborant,</strong></span> <span class='ocrx_word' id='word_1_79' title='bbox 1755 992 1990 1047; x_wconf 79' lang='lat' dir='ltr'><strong>diversis</strong></span> 
     </span>
    </p>
   </div>
   <div class='ocr_carea' id='block_1_13' title="bbox 412 1077 1987 1153">
    <p class='ocr_par' dir='ltr' id='par_1_13' title="bbox 412 1077 1987 1153">
     <span class='ocr_line' id='line_1_13' title="bbox 412 1077 1987 1153; baseline 0.004 -23"><span class='ocrx_word' id='word_1_80' title='bbox 412 1077 554 1132; x_wconf 76' lang='lat' dir='ltr'><strong>hanc</strong></span> <span class='ocrx_word' id='word_1_81' title='bbox 576 1080 896 1151; x_wconf 90' lang='lat' dir='ltr'><strong>propulsent</strong></span> <span class='ocrx_word' id='word_1_82' title='bbox 928 1084 1287 1152; x_wconf 89' lang='lat' dir='ltr'><strong>argumentis.</strong></span> <span class='ocrx_word' id='word_1_83' title='bbox 1312 1084 1378 1138; x_wconf 86' lang='lat' dir='ltr'><strong>Et</strong></span> <span class='ocrx_word' id='word_1_84' title='bbox 1399 1083 1617 1153; x_wconf 81' lang='lat' dir='ltr'><strong>quidem</strong></span> <span class='ocrx_word' id='word_1_85' title='bbox 1653 1082 1755 1138; x_wconf 86' lang='lat' dir='ltr'><strong>hoc</strong></span> <span class='ocrx_word' id='word_1_86' title='bbox 1787 1082 1987 1152; x_wconf 87' lang='lat' dir='ltr'><strong>ipsum,</strong></span> 
     </span>
    </p>
   </div>
   <div class='ocr_carea' id='block_1_14' title="bbox 411 1170 1990 1245">
    <p class='ocr_par' dir='ltr' id='par_1_14' title="bbox 411 1170 1990 1245">
     <span class='ocr_line' id='line_1_14' title="bbox 411 1170 1990 1245; baseline 0.003 -21"><span class='ocrx_word' id='word_1_87' title='bbox 411 1170 479 1225; x_wconf 85' lang='lat' dir='ltr'><strong>de</strong></span> <span class='ocrx_word' id='word_1_88' title='bbox 499 1186 611 1242; x_wconf 92' lang='lat' dir='ltr'><strong>quo</strong></span> <span class='ocrx_word' id='word_1_89' title='bbox 628 1188 773 1229; x_wconf 92' lang='lat' dir='ltr'><strong>nunc</strong></span> <span class='ocrx_word' id='word_1_90' title='bbox 788 1175 1023 1244; x_wconf 80' lang='lat' dir='ltr'><strong>agimus,</strong></span> <span class='ocrx_word' id='word_1_91' title='bbox 1037 1194 1055 1227; x_wconf 78' lang='grc' dir='ltr'><strong>ι</strong></span> <span class='ocrx_word' id='word_1_92' title='bbox 1082 1174 1241 1232; x_wconf 89' lang='lat' dir='ltr'><strong>Pater</strong></span> <span class='ocrx_word' id='word_1_93' title='bbox 1260 1174 1437 1245; x_wconf 86' lang='lat' dir='ltr'><strong>major</strong></span> <span class='ocrx_word' id='word_1_94' title='bbox 1460 1191 1546 1230; x_wconf 91' lang='lat' dir='ltr'><strong>me</strong></span> <span class='ocrx_word' id='word_1_95' title='bbox 1566 1186 1669 1241; x_wconf 82' lang='lat' dir='ltr'><strong>est,</strong></span> <span class='ocrx_word' id='word_1_96' title='bbox 1683 1175 1832 1230; x_wconf 73' lang='lat' dir='ltr'><strong>ialiis</strong></span> <span class='ocrx_word' id='word_1_97' title='bbox 1850 1189 1881 1229; x_wconf 90' lang='lat' dir='ltr'><strong>a</strong></span> <span class='ocrx_word' id='word_1_98' title='bbox 1903 1190 1990 1229; x_wconf 91' lang='lat' dir='ltr'><strong>me</strong></span> 
     </span>
    </p>
   </div>
   <div class='ocr_carea' id='block_1_15' title="bbox 419 1265 1987 1340">
    <p class='ocr_par' dir='ltr' id='par_1_15' title="bbox 419 1265 1987 1340">
     <span class='ocr_line' id='line_1_15' title="bbox 419 1265 1987 1340; baseline 0.002 -22"><span class='ocrx_word' id='word_1_99' title='bbox 419 1265 750 1332; x_wconf 87' lang='lat' dir='ltr'><strong>rationibus,</strong></span> <span class='ocrx_word' id='word_1_100' title='bbox 790 1284 913 1339; x_wconf 68' lang='lat' dir='ltr'><strong>qua:</strong></span> <span class='ocrx_word' id='word_1_101' title='bbox 959 1280 1198 1325; x_wconf 87' lang='lat' dir='ltr'><strong>mentem</strong></span> <span class='ocrx_word' id='word_1_102' title='bbox 1250 1271 1563 1325; x_wconf 88' lang='lat' dir='ltr'><strong>auditorum</strong></span> <span class='ocrx_word' id='word_1_103' title='bbox 1614 1268 1987 1340; x_wconf 83' lang='lat' dir='ltr'><strong>pervicerunt,</strong></span> 
     </span>
    </p>
   </div>
   <div class='ocr_carea' id='block_1_16' title="bbox 410 1357 1987 1432">
    <p class='ocr_par' dir='ltr' id='par_1_16' title="bbox 410 1357 1987 1432">
     <span class='ocr_line' id='line_1_16' title="bbox 410 1357 1987 1432; baseline 0.002 -23"><span class='ocrx_word' id='word_1_104' title='bbox 410 1357 560 1411; x_wconf 88' lang='lat' dir='ltr'><strong>omni</strong></span> <span class='ocrx_word' id='word_1_105' title='bbox 588 1358 929 1417; x_wconf 85' lang='lat' dir='ltr'><strong>dubitatione</strong></span> <span class='ocrx_word' id='word_1_106' title='bbox 966 1360 1277 1432; x_wconf 77' lang='lat' dir='ltr'><strong>expeditum</strong></span> <span class='ocrx_word' id='word_1_107' title='bbox 1310 1360 1435 1428; x_wconf 84' lang='lat' dir='ltr'><strong>fuit,</strong></span> <span class='ocrx_word' id='word_1_108' title='bbox 1466 1374 1588 1417; x_wconf 81' lang='lat' dir='ltr'><strong>cum</strong></span> <span class='ocrx_word' id='word_1_109' title='bbox 1620 1358 1891 1430; x_wconf 87' lang='lat' dir='ltr'><strong>probabili</strong></span> <span class='ocrx_word' id='word_1_110' title='bbox 1926 1366 1987 1412; x_wconf 91' lang='lat' dir='ltr'><strong>ut</strong></span> 
     </span>
    </p>
   </div>
   <div class='ocr_carea' id='block_1_17' title="bbox 411 1448 971 1508">
    <p class='ocr_par' dir='ltr' id='par_1_17' title="bbox 411 1448 971 1508">
     <span class='ocr_line' id='line_1_17' title="bbox 411 1448 971 1508; baseline 0.011 -7"><span class='ocrx_word' id='word_1_111' title='bbox 411 1448 650 1505; x_wconf 81' lang='lat' dir='ltr'><strong>arbitror</strong></span> <span class='ocrx_word' id='word_1_112' title='bbox 676 1451 971 1508; x_wconf 85' lang='lat' dir='ltr'><strong>solutione.</strong></span> 
     </span>
    </p>
   </div>
   <div class='ocr_carea' id='block_1_18' title="bbox 2096 530 3683 605">
    <p class='ocr_par' dir='ltr' id='par_1_18' title="bbox 2096 530 3683 605">
     <span class='ocr_line' id='line_1_18' title="bbox 2096 530 3683 605; baseline 0.004 -20"><span class='ocrx_word' id='word_1_113' title='bbox 2096 530 2208 592; x_wconf 75' lang='grc' dir='ltr'><strong>ζων</strong></span> <span class='ocrx_word' id='word_1_114' title='bbox 2243 534 2325 598; x_wconf 88' lang='grc' dir='ltr'><strong>είς</strong></span> <span class='ocrx_word' id='word_1_115' title='bbox 2380 534 2443 587; x_wconf 83' lang='grc' dir='ltr'>τὸ</span> <span class='ocrx_word' id='word_1_116' title='bbox 2502 534 2675 588; x_wconf 75' lang='grc' dir='ltr'>αἴτιον</span> <span class='ocrx_word' id='word_1_117' title='bbox 2743 534 2886 604; x_wconf 75' lang='lat' dir='ltr'><strong>(li)</strong></span> <span class='ocrx_word' id='word_1_118' title='bbox 2949 534 3320 605; x_wconf 86' lang='grc' dir='ltr'>ἀναφέρεται,</span> <span class='ocrx_word' id='word_1_119' title='bbox 3382 535 3443 588; x_wconf 77' lang='grc' dir='ltr'>τὸ</span> <span class='ocrx_word' id='word_1_120' title='bbox 3497 535 3554 589; x_wconf 78' lang='grc' dir='ltr'><strong>δέ</strong></span> <span class='ocrx_word' id='word_1_121' title='bbox 3607 536 3683 591; x_wconf 70' lang='grc' dir='ltr'><strong>ἓν</strong></span> 
     </span>
    </p>
   </div>
   <div class='ocr_carea' id='block_1_19' title="bbox 2097 616 3678 698">
    <p class='ocr_par' dir='ltr' id='par_1_19' title="bbox 2097 616 3678 698">
     <span class='ocr_line' id='line_1_19' title="bbox 2097 616 3678 698; baseline 0.003 -21"><span class='ocrx_word' id='word_1_122' title='bbox 2097 625 2291 697; x_wconf 78' lang='grc' dir='ltr'><strong>μηνύει</strong></span> <span class='ocrx_word' id='word_1_123' title='bbox 2342 626 2440 697; x_wconf 84' lang='grc' dir='ltr'><strong>τῆς</strong></span> <span class='ocrx_word' id='word_1_124' title='bbox 2472 626 2687 696; x_wconf 84' lang='grc' dir='ltr'>φύσεως</span> <span class='ocrx_word' id='word_1_125' title='bbox 2747 626 2847 698; x_wconf 79' lang='grc' dir='ltr'>τὴν</span> <span class='ocrx_word' id='word_1_126' title='bbox 2898 626 3142 697; x_wconf 73' lang='grc' dir='ltr'>ἰσότητα,</span> <span class='ocrx_word' id='word_1_127' title='bbox 3198 626 3317 680; x_wconf 82' lang='grc' dir='ltr'>ἀλλ’</span> <span class='ocrx_word' id='word_1_128' title='bbox 3365 616 3460 680; x_wconf 82' lang='grc' dir='ltr'>οὖν</span> <span class='ocrx_word' id='word_1_129' title='bbox 3510 627 3605 682; x_wconf 75' lang='grc' dir='ltr'>καὶ</span> <span class='ocrx_word' id='word_1_130' title='bbox 3644 629 3678 681; x_wconf 82' lang='grc' dir='ltr'><strong>ό</strong></span> 
     </span>
    </p>
   </div>
   <div class='ocr_carea' id='block_1_20' title="bbox 2093 718 3677 790">
    <p class='ocr_par' dir='ltr' id='par_1_20' title="bbox 2093 718 3677 790">
     <span class='ocr_line' id='line_1_20' title="bbox 2093 718 3677 790; baseline 0.002 -20"><span class='ocrx_word' id='word_1_131' title='bbox 2093 718 2195 786; x_wconf 82' lang='grc' dir='ltr'><strong>τῆς</strong></span> <span class='ocrx_word' id='word_1_132' title='bbox 2222 718 2531 790; x_wconf 74' lang='grc' dir='ltr'><strong>οἰκονομίας</strong></span> <span class='ocrx_word' id='word_1_133' title='bbox 2559 719 2716 787; x_wconf 84' lang='grc' dir='ltr'>λόγος</span> <span class='ocrx_word' id='word_1_134' title='bbox 2746 719 2827 782; x_wconf 86' lang='grc' dir='ltr'><strong>είς</strong></span> <span class='ocrx_word' id='word_1_135' title='bbox 2854 719 3047 773; x_wconf 77' lang='grc' dir='ltr'>ἑαυτὸν</span> <span class='ocrx_word' id='word_1_136' title='bbox 3071 719 3133 773; x_wconf 76' lang='grc' dir='ltr'><strong>τὸ</strong></span> <span class='ocrx_word' id='word_1_137' title='bbox 3169 719 3386 789; x_wconf 74' lang='grc' dir='ltr'>μείζων</span> <span class='ocrx_word' id='word_1_138' title='bbox 3416 719 3677 790; x_wconf 79' lang='grc' dir='ltr'>ἀναδεχό-</span> 
     </span>
    </p>
   </div>
   <div class='ocr_carea' id='block_1_21' title="bbox 2095 808 3715 882">
    <p class='ocr_par' dir='ltr' id='par_1_21' title="bbox 2095 808 3715 882">
     <span class='ocr_line' id='line_1_21' title="bbox 2095 808 3715 882; baseline 0.002 -21"><span class='ocrx_word' id='word_1_139' title='bbox 2095 824 2278 878; x_wconf 82' lang='grc' dir='ltr'>μενος,</span> <span class='ocrx_word' id='word_1_140' title='bbox 2308 808 2598 879; x_wconf 84' lang='grc' dir='ltr'>ἐλευθέραν</span> <span class='ocrx_word' id='word_1_141' title='bbox 2626 810 2893 881; x_wconf 80' lang='grc' dir='ltr'>ἐπηρείας</span> <span class='ocrx_word' id='word_1_142' title='bbox 2915 810 3015 881; x_wconf 77' lang='grc' dir='ltr'>τὴν</span> <span class='ocrx_word' id='word_1_143' title='bbox 3040 809 3134 864; x_wconf 82' lang='grc' dir='ltr'><strong>τοῦ</strong></span> <span class='ocrx_word' id='word_1_144' title='bbox 3169 810 3385 881; x_wconf 81' lang='grc' dir='ltr'>Πατρὸς</span> <span class='ocrx_word' id='word_1_145' title='bbox 3419 811 3554 882; x_wconf 80' lang='grc' dir='ltr'>πρὸς</span> <span class='ocrx_word' id='word_1_146' title='bbox 3579 811 3679 864; x_wconf 75' lang='grc' dir='ltr'><strong>τόν</strong></span> <span class='ocrx_word' id='word_1_147' title='bbox 3706 812 3715 828; x_wconf 84' lang='grc'><strong>⁸</strong></span> 
     </span>
    </p>
   </div>
   <div class='ocr_carea' id='block_1_22' title="bbox 2092 900 3678 973">
    <p class='ocr_par' dir='ltr' id='par_1_22' title="bbox 2092 900 3678 973">
     <span class='ocr_line' id='line_1_22' title="bbox 2092 900 3678 973; baseline 0 -18"><span class='ocrx_word' id='word_1_148' title='bbox 2092 901 2222 955; x_wconf 85' lang='grc' dir='ltr'>Υίδν</span> <span class='ocrx_word' id='word_1_149' title='bbox 2248 901 2338 956; x_wconf 86' lang='grc' dir='ltr'><strong>διά</strong></span> <span class='ocrx_word' id='word_1_150' title='bbox 2358 900 2454 955; x_wconf 82' lang='grc' dir='ltr'><strong>τοῦ</strong></span> <span class='ocrx_word' id='word_1_151' title='bbox 2488 900 2626 969; x_wconf 76' lang='grc' dir='ltr'>ἐνὸς</span> <span class='ocrx_word' id='word_1_152' title='bbox 2652 901 3164 971; x_wconf 80' lang='grc' dir='ltr'>συγκατασκευάζει</span> <span class='ocrx_word' id='word_1_153' title='bbox 3197 902 3441 973; x_wconf 72' lang='grc' dir='ltr'>ἰσότητα.</span> <span class='ocrx_word' id='word_1_154' title='bbox 3502 902 3678 955; x_wconf 74' lang='grc' dir='ltr'>οὐδὲν</span> 
     </span>
    </p>
   </div>
   <div class='ocr_carea' id='block_1_23' title="bbox 2090 974 3713 1064">
    <p class='ocr_par' dir='ltr' id='par_1_23' title="bbox 2090 974 3713 1064">
     <span class='ocr_line' id='line_1_23' title="bbox 2090 974 3713 1064; baseline 0.001 -19"><span class='ocrx_word' id='word_1_155' title='bbox 2090 991 2146 1045; x_wconf 85' lang='grc' dir='ltr'><strong>δέ</strong></span> <span class='ocrx_word' id='word_1_156' title='bbox 2192 992 2394 1047; x_wconf 84' lang='grc' dir='ltr'>κωλύει</span> <span class='ocrx_word' id='word_1_157' title='bbox 2424 994 2552 1057; x_wconf 78' lang='grc' dir='ltr'>τοὺς</span> <span class='ocrx_word' id='word_1_158' title='bbox 2578 991 2676 1064; x_wconf 79' lang='grc' dir='ltr'>τὴν</span> <span class='ocrx_word' id='word_1_159' title='bbox 2697 992 2813 1064; x_wconf 76' lang='grc' dir='ltr'>ἔριν</span> <span class='ocrx_word' id='word_1_160' title='bbox 2837 992 3224 1063; x_wconf 73' lang='grc' dir='ltr'>ἐπιτιθεμένην</span> <span class='ocrx_word' id='word_1_161' title='bbox 3254 994 3438 1056; x_wconf 75' lang='grc' dir='ltr'>αὐτοῖς</span> <span class='ocrx_word' id='word_1_162' title='bbox 3464 994 3675 1063; x_wconf 80' lang='grc' dir='ltr'>ύποφέ-</span> <span class='ocrx_word' id='word_1_163' title='bbox 3704 974 3713 983; x_wconf 56' lang='grc'><em>’</em></span> 
     </span>
    </p>
   </div>
   <div class='ocr_carea' id='block_1_24' title="bbox 2093 1081 3671 1155">
    <p class='ocr_par' dir='ltr' id='par_1_24' title="bbox 2093 1081 3671 1155">
     <span class='ocr_line' id='line_1_24' title="bbox 2093 1081 3671 1155; baseline 0.001 -19"><span class='ocrx_word' id='word_1_164' title='bbox 2093 1099 2286 1155; x_wconf 86' lang='grc' dir='ltr'>ροντας</span> <span class='ocrx_word' id='word_1_165' title='bbox 2311 1082 2503 1152; x_wconf 79' lang='grc' dir='ltr'>λόγους</span> <span class='ocrx_word' id='word_1_166' title='bbox 2526 1083 2805 1155; x_wconf 80' lang='grc' dir='ltr'>διαφόροις</span> <span class='ocrx_word' id='word_1_167' title='bbox 2820 1081 3295 1147; x_wconf 73' lang='grc' dir='ltr'>ἀποσκευάζεσθαι</span> <span class='ocrx_word' id='word_1_168' title='bbox 3340 1083 3547 1151; x_wconf 85' lang='grc' dir='ltr'>ταύτην</span> <span class='ocrx_word' id='word_1_169' title='bbox 3570 1084 3671 1153; x_wconf 80' lang='grc' dir='ltr'>ἐφ-</span> 
     </span>
    </p>
   </div>
   <div class='ocr_carea' id='block_1_25' title="bbox 2090 1169 3674 1242">
    <p class='ocr_par' dir='ltr' id='par_1_25' title="bbox 2090 1169 3674 1242">
     <span class='ocr_line' id='line_1_25' title="bbox 2090 1169 3674 1242; baseline -0.002 -16"><span class='ocrx_word' id='word_1_170' title='bbox 2090 1172 2249 1235; x_wconf 82' lang='grc' dir='ltr'>όδοις·</span> <span class='ocrx_word' id='word_1_171' title='bbox 2273 1172 2396 1225; x_wconf 80' lang='grc' dir='ltr'>ἐπεὶ</span> <span class='ocrx_word' id='word_1_172' title='bbox 2415 1172 2511 1226; x_wconf 79' lang='grc' dir='ltr'>καὶ</span> <span class='ocrx_word' id='word_1_173' title='bbox 2534 1172 2672 1242; x_wconf 81' lang='grc' dir='ltr'>ὅπερ</span> <span class='ocrx_word' id='word_1_174' title='bbox 2692 1171 2789 1225; x_wconf 77' lang='grc' dir='ltr'>νῦν</span> <span class='ocrx_word' id='word_1_175' title='bbox 2810 1171 3045 1242; x_wconf 81' lang='grc' dir='ltr'>εερηται,</span> <span class='ocrx_word' id='word_1_176' title='bbox 3079 1190 3101 1222; x_wconf 71' lang='grc' dir='ltr'><strong><em>ο</em></strong></span> <span class='ocrx_word' id='word_1_177' title='bbox 3120 1169 3181 1223; x_wconf 86' lang='lat'><strong>&#39;0</strong></span> <span class='ocrx_word' id='word_1_178' title='bbox 3200 1170 3400 1241; x_wconf 81' lang='grc' dir='ltr'>Πατήρ</span> <span class='ocrx_word' id='word_1_179' title='bbox 3420 1187 3521 1240; x_wconf 91' lang='grc' dir='ltr'><strong>μου</strong></span> <span class='ocrx_word' id='word_1_180' title='bbox 3549 1170 3674 1241; x_wconf 82' lang='grc' dir='ltr'>μεί-</span> 
     </span>
    </p>
   </div>
   <div class='ocr_carea' id='block_1_26' title="bbox 2091 1260 3674 1336">
    <p class='ocr_par' dir='ltr' id='par_1_26' title="bbox 2091 1260 3674 1336">
     <span class='ocr_line' id='line_1_26' title="bbox 2091 1260 3674 1336; baseline -0.004 -18"><span class='ocrx_word' id='word_1_181' title='bbox 2091 1263 2202 1330; x_wconf 81' lang='grc' dir='ltr'>ζων</span> <span class='ocrx_word' id='word_1_182' title='bbox 2233 1264 2342 1336; x_wconf 81' lang='grc' dir='ltr'><strong>μού</strong></span> <span class='ocrx_word' id='word_1_183' title='bbox 2360 1265 2534 1331; x_wconf 78' lang='grc' dir='ltr'>ἐστιν,</span> <span class='ocrx_word' id='word_1_184' title='bbox 2565 1283 2588 1317; x_wconf 73' lang='grc' dir='ltr'><strong>ι</strong></span> <span class='ocrx_word' id='word_1_185' title='bbox 2610 1264 2826 1335; x_wconf 75' lang='grc' dir='ltr'>ἑτέραις</span> <span class='ocrx_word' id='word_1_186' title='bbox 2856 1263 2991 1334; x_wconf 82' lang='grc' dir='ltr'>παρ’</span> <span class='ocrx_word' id='word_1_187' title='bbox 3019 1263 3053 1333; x_wconf 80' lang='grc' dir='ltr'>ὴ</span> <span class='ocrx_word' id='word_1_188' title='bbox 3062 1262 3179 1333; x_wconf 84' lang='grc' dir='ltr'><strong>μῶν</strong></span> <span class='ocrx_word' id='word_1_189' title='bbox 3193 1260 3583 1330; x_wconf 71' lang='grc' dir='ltr'>ζέπισκέψεσιν,</span> <span class='ocrx_word' id='word_1_190' title='bbox 3609 1260 3674 1313; x_wconf 69' lang='grc' dir='ltr'>αἶ</span> 
     </span>
    </p>
   </div>
   <div class='ocr_carea' id='block_1_27' title="bbox 2088 1351 3672 1429">
    <p class='ocr_par' dir='ltr' id='par_1_27' title="bbox 2088 1351 3672 1429">
     <span class='ocr_line' id='line_1_27' title="bbox 2088 1351 3672 1429; baseline -0.006 -17"><span class='ocrx_word' id='word_1_191' title='bbox 2088 1358 2189 1429; x_wconf 81' lang='grc' dir='ltr'>τὴν</span> <span class='ocrx_word' id='word_1_192' title='bbox 2207 1357 2318 1412; x_wconf 84' lang='grc' dir='ltr'><strong>τῶν</strong></span> <span class='ocrx_word' id='word_1_193' title='bbox 2338 1356 2624 1429; x_wconf 80' lang='grc' dir='ltr'>ἀκροατῶν</span> <span class='ocrx_word' id='word_1_194' title='bbox 2641 1355 2909 1425; x_wconf 77' lang='grc' dir='ltr'>ὑπόληψιν</span> <span class='ocrx_word' id='word_1_195' title='bbox 2926 1351 3399 1426; x_wconf 79' lang='grc' dir='ltr'>ὁπε[ρε]ιϐάλοντο,</span> <span class='ocrx_word' id='word_1_196' title='bbox 3421 1352 3521 1422; x_wconf 86' lang='grc' dir='ltr'><strong>τῆς</strong></span> <span class='ocrx_word' id='word_1_197' title='bbox 3538 1352 3672 1403; x_wconf 90' lang='grc' dir='ltr'>ἀπο-</span> 
     </span>
    </p>
   </div>
   <div class='ocr_carea' id='block_1_28' title="bbox 2092 1441 3670 1521">
    <p class='ocr_par' dir='ltr' id='par_1_28' title="bbox 2092 1441 3670 1521">
     <span class='ocr_line' id='line_1_28' title="bbox 2092 1441 3670 1521; baseline -0.003 -20"><span class='ocrx_word' id='word_1_198' title='bbox 2092 1448 2213 1518; x_wconf 88' lang='grc' dir='ltr'>ρίας</span> <span class='ocrx_word' id='word_1_199' title='bbox 2228 1448 2603 1521; x_wconf 86' lang='grc' dir='ltr'>ἀνεκαθάρθη,</span> <span class='ocrx_word' id='word_1_200' title='bbox 2631 1448 2694 1502; x_wconf 78' lang='grc' dir='ltr'>οὐ</span> <span class='ocrx_word' id='word_1_201' title='bbox 2729 1446 3011 1519; x_wconf 76' lang='grc' dir='ltr'>μεμπτὴν,</span> <span class='ocrx_word' id='word_1_202' title='bbox 3040 1441 3221 1517; x_wconf 81' lang='grc' dir='ltr'>οἶμαι,</span> <span class='ocrx_word' id='word_1_203' title='bbox 3255 1446 3356 1513; x_wconf 74' lang='grc' dir='ltr'><strong>τὴν</strong></span> <span class='ocrx_word' id='word_1_204' title='bbox 3383 1444 3542 1499; x_wconf 79' lang='grc' dir='ltr'>λύσιν</span> <span class='ocrx_word' id='word_1_205' title='bbox 3561 1446 3670 1498; x_wconf 84' lang='grc' dir='ltr'>ἀπ-</span> 
     </span>
    </p>
   </div>
   <div class='ocr_carea' id='block_1_29' title="bbox 2089 1538 2565 1609">
    <p class='ocr_par' dir='ltr' id='par_1_29' title="bbox 2089 1538 2565 1609">
     <span class='ocr_line' id='line_1_29' title="bbox 2089 1538 2565 1609; baseline 0 -16"><span class='ocrx_word' id='word_1_206' title='bbox 2089 1538 2474 1609; x_wconf 86' lang='grc' dir='ltr'>ενεγκάμενον.</span> <span class='ocrx_word' id='word_1_207' title='bbox 2564 1600 2565 1603; x_wconf 26' lang='grc' dir='ltr'><strong>η</strong></span> 
     </span>
    </p>
   </div>
   <div class='ocr_carea' id='block_1_30' title="bbox 489 1625 1988 1716">
    <p class='ocr_par' dir='ltr' id='par_1_30' title="bbox 489 1625 1981 1698">
     <span class='ocr_line' id='line_1_30' title="bbox 489 1625 1981 1698; baseline 0.001 -18"><span class='ocrx_word' id='word_1_208' title='bbox 489 1626 576 1681; x_wconf 72' lang='lat' dir='ltr'><strong>lli.</strong></span> <span class='ocrx_word' id='word_1_209' title='bbox 598 1625 804 1683; x_wconf 67' lang='lat' dir='ltr'><strong>Praeter</strong></span> <span class='ocrx_word' id='word_1_210' title='bbox 826 1628 1093 1685; x_wconf 84' lang='lat' dir='ltr'><strong>hactenus</strong></span> <span class='ocrx_word' id='word_1_211' title='bbox 1113 1629 1282 1693; x_wconf 84' lang='lat' dir='ltr'><strong>dicta,</strong></span> <span class='ocrx_word' id='word_1_212' title='bbox 1310 1637 1365 1686; x_wconf 92' lang='lat' dir='ltr'><strong>et</strong></span> <span class='ocrx_word' id='word_1_213' title='bbox 1385 1637 1579 1698; x_wconf 83' lang='lat' dir='ltr'><strong>praeter</strong></span> <span class='ocrx_word' id='word_1_214' title='bbox 1601 1626 1981 1685; x_wconf 80' lang='lat' dir='ltr'><strong>necessitatem</strong></span> 
     </span>
    </p>
   </div>
   <div class='ocr_carea' id='block_1_31' title="bbox 2092 1625 3671 1716">
    <p class='ocr_par' dir='ltr' id='par_1_31' title="bbox 2163 1627 3671 1703">
     <span class='ocr_line' id='line_1_31' title="bbox 2163 1627 3671 1703; baseline -0.002 -18"><span class='ocrx_word' id='word_1_215' title='bbox 2163 1637 2258 1696; x_wconf 83' lang='grc' dir='ltr'>ις’.</span> <span class='ocrx_word' id='word_1_216' title='bbox 2292 1633 2476 1703; x_wconf 73' lang='grc' dir='ltr'>Χωρὶς</span> <span class='ocrx_word' id='word_1_217' title='bbox 2503 1631 2564 1685; x_wconf 85' lang='grc' dir='ltr'><strong>δέ</strong></span> <span class='ocrx_word' id='word_1_218' title='bbox 2588 1629 2701 1684; x_wconf 82' lang='grc' dir='ltr'>τῶν</span> <span class='ocrx_word' id='word_1_219' title='bbox 2731 1628 3038 1701; x_wconf 81' lang='grc' dir='ltr'>είρημένων</span> <span class='ocrx_word' id='word_1_220' title='bbox 3065 1629 3160 1683; x_wconf 75' lang='grc' dir='ltr'>καὶ</span> <span class='ocrx_word' id='word_1_221' title='bbox 3186 1628 3344 1700; x_wconf 89' lang='grc' dir='ltr'><strong>παρά</strong></span> <span class='ocrx_word' id='word_1_222' title='bbox 3367 1627 3471 1699; x_wconf 77' lang='grc' dir='ltr'>τὴν</span> <span class='ocrx_word' id='word_1_223' title='bbox 3498 1629 3671 1697; x_wconf 88' lang='grc' dir='ltr'>ἀνάγ-</span> 
     </span>
    </p>
   </div>
   <div class='ocr_carea' id='block_1_32' title="bbox 408 1720 1989 1791">
    <p class='ocr_par' dir='ltr' id='par_1_32' title="bbox 408 1720 1989 1791">
     <span class='ocr_line' id='line_1_32' title="bbox 408 1720 1989 1791; baseline -0.001 -14"><span class='ocrx_word' id='word_1_224' title='bbox 408 1730 463 1777; x_wconf 92' lang='lat' dir='ltr'><strong>et</strong></span> <span class='ocrx_word' id='word_1_225' title='bbox 512 1720 934 1784; x_wconf 90' lang='lat' dir='ltr'><strong>immunitatem,</strong></span> <span class='ocrx_word' id='word_1_226' title='bbox 987 1720 1023 1774; x_wconf 89' lang='lat' dir='ltr'><strong>ii</strong></span> <span class='ocrx_word' id='word_1_227' title='bbox 1073 1722 1165 1791; x_wconf 78' lang='lat' dir='ltr'><strong>qui</strong></span> <span class='ocrx_word' id='word_1_228' title='bbox 1233 1720 1601 1776; x_wconf 70' lang='lat' dir='ltr'><strong>difﬁcultatem</strong></span> <span class='ocrx_word' id='word_1_229' title='bbox 1653 1720 1989 1776; x_wconf 89' lang='lat' dir='ltr'><strong>calumniose</strong></span> 
     </span>
    </p>
   </div>
   <div class='ocr_carea' id='block_1_33' title="bbox 409 1813 1990 1884">
    <p class='ocr_par' dir='ltr' id='par_1_33' title="bbox 409 1813 1990 1884">
     <span class='ocr_line' id='line_1_33' title="bbox 409 1813 1990 1884; baseline -0.002 -14"><span class='ocrx_word' id='word_1_230' title='bbox 409 1828 692 1870; x_wconf 82' lang='lat' dir='ltr'><strong>sermones</strong></span> <span class='ocrx_word' id='word_1_231' title='bbox 722 1813 1025 1878; x_wconf 90' lang='lat' dir='ltr'><strong>clamitant,</strong></span> <span class='ocrx_word' id='word_1_232' title='bbox 1071 1825 1365 1867; x_wconf 86' lang='lat' dir='ltr'><strong>auctorum</strong></span> <span class='ocrx_word' id='word_1_233' title='bbox 1404 1827 1630 1867; x_wconf 89' lang='lat' dir='ltr'><strong>suorum</strong></span> <span class='ocrx_word' id='word_1_234' title='bbox 1676 1814 1990 1884; x_wconf 82' lang='lat' dir='ltr'><strong>sycophan-</strong></span> 
     </span>
    </p>
   </div>
   <div class='ocr_carea' id='block_1_34' title="bbox 409 1900 1990 1976">
    <p class='ocr_par' dir='ltr' id='par_1_34' title="bbox 409 1900 1990 1976">
     <span class='ocr_line' id='line_1_34' title="bbox 409 1900 1990 1976; baseline -0.001 -15"><span class='ocrx_word' id='word_1_235' title='bbox 409 1907 541 1961; x_wconf 89' lang='lat' dir='ltr'><strong>tiam</strong></span> <span class='ocrx_word' id='word_1_236' title='bbox 582 1912 909 1976; x_wconf 88' lang='lat' dir='ltr'><strong>coarguunt.</strong></span> <span class='ocrx_word' id='word_1_237' title='bbox 940 1904 1120 1970; x_wconf 85' lang='lat' dir='ltr'><strong>Quare</strong></span> <span class='ocrx_word' id='word_1_238' title='bbox 1174 1913 1229 1959; x_wconf 91' lang='lat' dir='ltr'><strong>et</strong></span> <span class='ocrx_word' id='word_1_239' title='bbox 1272 1903 1582 1959; x_wconf 83' lang='lat' dir='ltr'><strong>communis</strong></span> <span class='ocrx_word' id='word_1_240' title='bbox 1631 1900 1899 1958; x_wconf 84' lang='lat' dir='ltr'><strong>Dominus</strong></span> <span class='ocrx_word' id='word_1_241' title='bbox 1935 1913 1990 1959; x_wconf 92' lang='lat' dir='ltr'><strong>et</strong></span> 
     </span>
    </p>
   </div>
   <div class='ocr_carea' id='block_1_35' title="bbox 408 1990 1989 2066">
    <p class='ocr_par' dir='ltr' id='par_1_35' title="bbox 408 1990 1989 2066">
     <span class='ocr_line' id='line_1_35' title="bbox 408 1990 1989 2066; baseline -0.004 -14"><span class='ocrx_word' id='word_1_242' title='bbox 408 1996 638 2053; x_wconf 78' lang='lat' dir='ltr'><strong>Greater</strong></span> <span class='ocrx_word' id='word_1_243' title='bbox 672 1994 887 2066; x_wconf 88' lang='lat' dir='ltr'><strong>generis</strong></span> <span class='ocrx_word' id='word_1_244' title='bbox 909 2002 1075 2055; x_wconf 82' lang='lat' dir='ltr'><strong>atque</strong></span> <span class='ocrx_word' id='word_1_245' title='bbox 1106 1990 1360 2046; x_wconf 89' lang='lat' dir='ltr'><strong>Servator</strong></span> <span class='ocrx_word' id='word_1_246' title='bbox 1390 1990 1667 2055; x_wconf 85' lang='lat' dir='ltr'><strong>Davidem,</strong></span> <span class='ocrx_word' id='word_1_247' title='bbox 1698 1991 1792 2061; x_wconf 88' lang='lat' dir='ltr'><strong>qui</strong></span> <span class='ocrx_word' id='word_1_248' title='bbox 1822 2006 1989 2061; x_wconf 86' lang='lat' dir='ltr'><strong>panes</strong></span> 
     </span>
    </p>
   </div>
   <div class='ocr_carea' id='block_1_36' title="bbox 410 2079 1985 2150">
    <p class='ocr_par' dir='ltr' id='par_1_36' title="bbox 410 2079 1985 2150">
     <span class='ocr_line' id='line_1_36' title="bbox 410 2079 1985 2150; baseline -0.003 -11"><span class='ocrx_word' id='word_1_249' title='bbox 410 2084 704 2140; x_wconf 77' lang='lat' dir='ltr'><strong>oblationis</strong></span> <span class='ocrx_word' id='word_1_250' title='bbox 772 2083 1028 2148; x_wconf 88' lang='lat' dir='ltr'><strong>comedit,</strong></span> <span class='ocrx_word' id='word_1_251' title='bbox 1063 2081 1131 2136; x_wconf 92' lang='lat' dir='ltr'><strong>de</strong></span> <span class='ocrx_word' id='word_1_252' title='bbox 1197 2080 1327 2136; x_wconf 68' lang='lat' dir='ltr'><strong>laeso</strong></span> <span class='ocrx_word' id='word_1_253' title='bbox 1358 2080 1498 2150; x_wconf 46' lang='lat' dir='ltr'><strong>‘jure</strong></span> <span class='ocrx_word' id='word_1_254' title='bbox 1557 2080 1808 2137; x_wconf 81' lang='lat' dir='ltr'><strong>absoivit.</strong></span> <span class='ocrx_word' id='word_1_255' title='bbox 1850 2079 1985 2137; x_wconf 81' lang='lat' dir='ltr'><strong>Nam</strong></span> 
     </span>
    </p>
   </div>
   <div class='ocr_carea' id='block_1_37' title="bbox 410 2170 1988 2245">
    <p class='ocr_par' dir='ltr' id='par_1_37' title="bbox 410 2170 1988 2245">
     <span class='ocr_line' id='line_1_37' title="bbox 410 2170 1988 2245; baseline -0.001 -17"><span class='ocrx_word' id='word_1_256' title='bbox 410 2182 595 2245; x_wconf 86' lang='lat' dir='ltr'><strong>utpote</strong></span> <span class='ocrx_word' id='word_1_257' title='bbox 642 2172 938 2245; x_wconf 80' lang='lat' dir='ltr'><strong>iegislator,</strong></span> <span class='ocrx_word' id='word_1_258' title='bbox 1017 2180 1268 2225; x_wconf 87' lang='lat' dir='ltr'><strong>naturam</strong></span> <span class='ocrx_word' id='word_1_259' title='bbox 1312 2170 1447 2240; x_wconf 88' lang='lat' dir='ltr'><strong>legis</strong></span> <span class='ocrx_word' id='word_1_260' title='bbox 1517 2170 1739 2241; x_wconf 80' lang='lat' dir='ltr'><strong>vimque</strong></span> <span class='ocrx_word' id='word_1_261' title='bbox 1787 2185 1988 2239; x_wconf 78' lang='lat' dir='ltr'><strong>cogno-</strong></span> 
     </span>
    </p>
   </div>
   <div class='ocr_carea' id='block_1_38' title="bbox 409 2261 1985 2334">
    <p class='ocr_par' dir='ltr' id='par_1_38' title="bbox 409 2261 1985 2334">
     <span class='ocr_line' id='line_1_38' title="bbox 409 2261 1985 2334; baseline -0.003 -13"><span class='ocrx_word' id='word_1_262' title='bbox 409 2280 588 2332; x_wconf 91' lang='lat' dir='ltr'><strong>scens,</strong></span> <span class='ocrx_word' id='word_1_263' title='bbox 609 2274 665 2319; x_wconf 90' lang='lat' dir='ltr'><strong>et</strong></span> <span class='ocrx_word' id='word_1_264' title='bbox 704 2264 905 2334; x_wconf 86' lang='lat' dir='ltr'><strong>quibus</strong></span> <span class='ocrx_word' id='word_1_265' title='bbox 969 2263 1181 2318; x_wconf 88' lang='lat' dir='ltr'><strong>actibus</strong></span> <span class='ocrx_word' id='word_1_266' title='bbox 1233 2261 1583 2317; x_wconf 89' lang='lat' dir='ltr'><strong>moderandis</strong></span> <span class='ocrx_word' id='word_1_267' title='bbox 1626 2262 1710 2316; x_wconf 79' lang='lat' dir='ltr'><strong>lex</strong></span> <span class='ocrx_word' id='word_1_268' title='bbox 1763 2262 1835 2318; x_wconf 90' lang='lat' dir='ltr'><strong>sit</strong></span> <span class='ocrx_word' id='word_1_269' title='bbox 1880 2276 1985 2333; x_wconf 91' lang='lat' dir='ltr'><strong>po-</strong></span> 
     </span>
    </p>
   </div>
   <div class='ocr_carea' id='block_1_39' title="bbox 408 2354 1988 2428">
    <p class='ocr_par' dir='ltr' id='par_1_39' title="bbox 408 2354 1988 2428">
     <span class='ocr_line' id='line_1_39' title="bbox 408 2354 1988 2428; baseline -0.002 -15"><span class='ocrx_word' id='word_1_270' title='bbox 408 2358 511 2413; x_wconf 86' lang='lat' dir='ltr'><strong>sita</strong></span> <span class='ocrx_word' id='word_1_271' title='bbox 576 2356 744 2428; x_wconf 90' lang='lat' dir='ltr'><strong>probe</strong></span> <span class='ocrx_word' id='word_1_272' title='bbox 786 2356 985 2420; x_wconf 85' lang='lat' dir='ltr'><strong>sciens,</strong></span> <span class='ocrx_word' id='word_1_273' title='bbox 1033 2354 1266 2424; x_wconf 85' lang='lat' dir='ltr'><strong>injurios</strong></span> <span class='ocrx_word' id='word_1_274' title='bbox 1309 2355 1564 2424; x_wconf 81' lang='lat' dir='ltr'><strong>equidem</strong></span> <span class='ocrx_word' id='word_1_275' title='bbox 1626 2364 1681 2410; x_wconf 91' lang='lat' dir='ltr'><strong>et</strong></span> <span class='ocrx_word' id='word_1_276' title='bbox 1731 2355 1826 2425; x_wconf 90' lang='lat' dir='ltr'><strong>qui</strong></span> <span class='ocrx_word' id='word_1_277' title='bbox 1889 2371 1988 2425; x_wconf 86' lang='lat' dir='ltr'><strong>per</strong></span> 
     </span>
    </p>
   </div>
   <div class='ocr_carea' id='block_1_40' title="bbox 408 2446 1985 2519">
    <p class='ocr_par' dir='ltr' id='par_1_40' title="bbox 408 2446 1985 2519">
     <span class='ocr_line' id='line_1_40' title="bbox 408 2446 1985 2519; baseline -0.001 -15"><span class='ocrx_word' id='word_1_278' title='bbox 408 2456 778 2519; x_wconf 84' lang='lat' dir='ltr'><strong>contemptum</strong></span> <span class='ocrx_word' id='word_1_279' title='bbox 808 2458 1055 2518; x_wconf 86' lang='lat' dir='ltr'><strong>peccant,</strong></span> <span class='ocrx_word' id='word_1_280' title='bbox 1088 2461 1246 2519; x_wconf 65' lang='lat' dir='ltr'><strong>pana</strong></span> <span class='ocrx_word' id='word_1_281' title='bbox 1262 2446 1456 2518; x_wconf 87' lang='lat' dir='ltr'><strong>dignos</strong></span> <span class='ocrx_word' id='word_1_282' title='bbox 1482 2462 1625 2517; x_wconf 62' lang='lat' dir='ltr'><strong>saepe</strong></span> <span class='ocrx_word' id='word_1_283' title='bbox 1650 2447 1945 2503; x_wconf 82' lang='lat' dir='ltr'><strong>declaravit</strong></span> <span class='ocrx_word' id='word_1_284' title='bbox 1969 2466 1985 2503; x_wconf 91' lang='lat'><strong>:</strong></span> 
     </span>
    </p>
   </div>
   <div class='ocr_carea' id='block_1_41' title="bbox 404 2538 1983 2615">
    <p class='ocr_par' dir='ltr' id='par_1_41' title="bbox 404 2538 1983 2615">
     <span class='ocr_line' id='line_1_41' title="bbox 404 2538 1983 2615; baseline -0.001 -21"><span class='ocrx_word' id='word_1_285' title='bbox 404 2548 781 2615; x_wconf 72' lang='lat' dir='ltr'><strong>verumtamen</strong></span> <span class='ocrx_word' id='word_1_286' title='bbox 814 2538 883 2594; x_wconf 90' lang='lat' dir='ltr'><strong>iis</strong></span> <span class='ocrx_word' id='word_1_287' title='bbox 924 2538 1129 2609; x_wconf 89' lang='lat' dir='ltr'><strong>quibus</strong></span> <span class='ocrx_word' id='word_1_288' title='bbox 1168 2554 1325 2593; x_wconf 87' lang='lat' dir='ltr'><strong>amor</strong></span> <span class='ocrx_word' id='word_1_289' title='bbox 1361 2548 1416 2593; x_wconf 90' lang='lat' dir='ltr'><strong>et</strong></span> <span class='ocrx_word' id='word_1_290' title='bbox 1450 2538 1757 2594; x_wconf 88' lang='lat' dir='ltr'><strong>reverentia</strong></span> <span class='ocrx_word' id='word_1_291' title='bbox 1804 2539 1983 2610; x_wconf 88' lang='lat' dir='ltr'><strong>legum</strong></span> 
     </span>
    </p>
   </div>
   <div class='ocr_carea' id='block_1_42' title="bbox 408 2616 1983 2701">
    <p class='ocr_par' dir='ltr' id='par_1_42' title="bbox 408 2616 1983 2701">
     <span class='ocr_line' id='line_1_42' title="bbox 408 2616 1983 2701; baseline -0.001 -15"><span class='ocrx_word' id='word_1_292' title='bbox 408 2616 572 2696; x_wconf 84' lang='lat' dir='ltr'><strong>inest,</strong></span> <span class='ocrx_word' id='word_1_293' title='bbox 622 2631 714 2685; x_wconf 85' lang='lat' dir='ltr'><strong>sed</strong></span> <span class='ocrx_word' id='word_1_294' title='bbox 778 2629 1081 2685; x_wconf 83' lang='lat' dir='ltr'><strong>necessitas</strong></span> <span class='ocrx_word' id='word_1_295' title='bbox 1132 2644 1257 2685; x_wconf 92' lang='lat' dir='ltr'><strong>cum</strong></span> <span class='ocrx_word' id='word_1_296' title='bbox 1319 2630 1638 2685; x_wconf 76' lang='lat' dir='ltr'><strong>infirmitate</strong></span> <span class='ocrx_word' id='word_1_297' title='bbox 1688 2630 1983 2701; x_wconf 88' lang='lat' dir='ltr'><strong>conjuncta</strong></span> 
     </span>
    </p>
   </div>
   <div class='ocr_carea' id='block_1_43' title="bbox 407 2722 1983 2793">
    <p class='ocr_par' dir='ltr' id='par_1_43' title="bbox 407 2722 1983 2793">
     <span class='ocr_line' id='line_1_43' title="bbox 407 2722 1983 2793; baseline 0.003 -17"><span class='ocrx_word' id='word_1_298' title='bbox 407 2737 652 2777; x_wconf 91' lang='lat' dir='ltr'><strong>amorem</strong></span> <span class='ocrx_word' id='word_1_299' title='bbox 683 2723 1157 2793; x_wconf 88' lang='lat' dir='ltr'><strong>reverentiamque</strong></span> <span class='ocrx_word' id='word_1_300' title='bbox 1197 2722 1513 2788; x_wconf 84' lang='lat' dir='ltr'><strong>labefactat,</strong></span> <span class='ocrx_word' id='word_1_301' title='bbox 1538 2724 1753 2779; x_wconf 83' lang='lat' dir='ltr'><strong>veniam</strong></span> <span class='ocrx_word' id='word_1_302' title='bbox 1802 2724 1983 2780; x_wconf 89' lang='lat' dir='ltr'><strong>molli-</strong></span> 
     </span>
    </p>
   </div>
   <div class='ocr_carea' id='block_1_44' title="bbox 412 2816 1986 2885">
    <p class='ocr_par' dir='ltr' id='par_1_44' title="bbox 412 2816 1986 2885">
     <span class='ocr_line' id='line_1_44' title="bbox 412 2816 1986 2885; baseline 0.002 -16"><span class='ocrx_word' id='word_1_303' title='bbox 412 2816 619 2870; x_wconf 89' lang='lat' dir='ltr'><strong>tudinis</strong></span> <span class='ocrx_word' id='word_1_304' title='bbox 641 2816 971 2884; x_wconf 86' lang='lat' dir='ltr'><strong>impertitur,</strong></span> <span class='ocrx_word' id='word_1_305' title='bbox 1012 2830 1189 2885; x_wconf 88' lang='lat' dir='ltr'><strong>neque</strong></span> <span class='ocrx_word' id='word_1_306' title='bbox 1219 2816 1273 2869; x_wconf 90' lang='lat' dir='ltr'><strong>in</strong></span> <span class='ocrx_word' id='word_1_307' title='bbox 1309 2816 1409 2871; x_wconf 87' lang='lat' dir='ltr'><strong>bos</strong></span> <span class='ocrx_word' id='word_1_308' title='bbox 1434 2816 1555 2872; x_wconf 88' lang='lat' dir='ltr'><strong>sine</strong></span> <span class='ocrx_word' id='word_1_309' title='bbox 1590 2817 1986 2873; x_wconf 67' lang='lat' dir='ltr'><strong>misericordia:</strong></span> 
     </span>
    </p>
   </div>
   <div class='ocr_carea' id='block_1_45' title="bbox 410 2908 1989 2981">
    <p class='ocr_par' dir='ltr' id='par_1_45' title="bbox 410 2908 1989 2981">
     <span class='ocr_line' id='line_1_45' title="bbox 410 2908 1989 2981; baseline 0.001 -18"><span class='ocrx_word' id='word_1_310' title='bbox 410 2908 692 2964; x_wconf 80' lang='lat' dir='ltr'><strong>affectibus</strong></span> <span class='ocrx_word' id='word_1_311' title='bbox 732 2909 1056 2964; x_wconf 88' lang='lat' dir='ltr'><strong>sententiam</strong></span> <span class='ocrx_word' id='word_1_312' title='bbox 1117 2908 1243 2963; x_wconf 88' lang='lat' dir='ltr'><strong>fert.</strong></span> <span class='ocrx_word' id='word_1_313' title='bbox 1294 2908 1467 2965; x_wconf 88' lang='lat' dir='ltr'><strong>Sicuti</strong></span> <span class='ocrx_word' id='word_1_314' title='bbox 1512 2910 1732 2965; x_wconf 89' lang='lat' dir='ltr'><strong>beatum</strong></span> <span class='ocrx_word' id='word_1_315' title='bbox 1766 2925 1989 2981; x_wconf 85' lang='lat' dir='ltr'><strong>quoque</strong></span> 
     </span>
    </p>
   </div>
   <div class='ocr_carea' id='block_1_46' title="bbox 410 3000 1985 3071">
    <p class='ocr_par' dir='ltr' id='par_1_46' title="bbox 410 3000 1985 3071">
     <span class='ocr_line' id='line_1_46' title="bbox 410 3000 1985 3071; baseline 0.002 -17"><span class='ocrx_word' id='word_1_316' title='bbox 410 3000 665 3056; x_wconf 81' lang='lat' dir='ltr'><strong>Davidem</strong></span> <span class='ocrx_word' id='word_1_317' title='bbox 706 3000 773 3055; x_wconf 92' lang='lat' dir='ltr'><strong>de</strong></span> <span class='ocrx_word' id='word_1_318' title='bbox 829 3000 977 3055; x_wconf 71' lang='lat' dir='ltr'><strong>laesis</strong></span> <span class='ocrx_word' id='word_1_319' title='bbox 1028 3000 1239 3069; x_wconf 90' lang='lat' dir='ltr'><strong>legibus</strong></span> <span class='ocrx_word' id='word_1_320' title='bbox 1277 3000 1543 3069; x_wconf 84' lang='lat' dir='ltr'><strong>absolvit;</strong></span> <span class='ocrx_word' id='word_1_321' title='bbox 1578 3002 1646 3057; x_wconf 90' lang='lat' dir='ltr'><strong>iis</strong></span> <span class='ocrx_word' id='word_1_322' title='bbox 1684 3002 1778 3071; x_wconf 92' lang='lat' dir='ltr'><strong>qui</strong></span> <span class='ocrx_word' id='word_1_323' title='bbox 1817 3017 1985 3071; x_wconf 90' lang='lat' dir='ltr'><strong>panes</strong></span> 
     </span>
    </p>
   </div>
   <div class='ocr_carea' id='block_1_47' title="bbox 410 3090 1983 3162">
    <p class='ocr_par' dir='ltr' id='par_1_47' title="bbox 410 3090 1983 3162">
     <span class='ocr_line' id='line_1_47' title="bbox 410 3090 1983 3162; baseline -0.002 -14"><span class='ocrx_word' id='word_1_324' title='bbox 410 3092 749 3148; x_wconf 88' lang='lat' dir='ltr'><strong>abstulerant</strong></span> <span class='ocrx_word' id='word_1_325' title='bbox 780 3091 924 3145; x_wconf 87' lang='lat' dir='ltr'><strong>haud</strong></span> <span class='ocrx_word' id='word_1_326' title='bbox 959 3091 1223 3145; x_wconf 86' lang='lat' dir='ltr'><strong>audacem</strong></span> <span class='ocrx_word' id='word_1_327' title='bbox 1267 3090 1449 3162; x_wconf 88' lang='lat' dir='ltr'><strong>legum</strong></span> <span class='ocrx_word' id='word_1_328' title='bbox 1481 3100 1855 3161; x_wconf 84' lang='lat' dir='ltr'><strong>contemptum</strong></span> <span class='ocrx_word' id='word_1_329' title='bbox 1884 3107 1983 3146; x_wconf 81' lang='lat' dir='ltr'><strong>ex-</strong></span> 
     </span>
    </p>
   </div>
   <div class='ocr_carea' id='block_1_48' title="bbox 411 3183 1984 3254">
    <p class='ocr_par' dir='ltr' id='par_1_48' title="bbox 411 3183 1984 3254">
     <span class='ocr_line' id='line_1_48' title="bbox 411 3183 1984 3254; baseline -0.001 -15"><span class='ocrx_word' id='word_1_330' title='bbox 411 3185 715 3254; x_wconf 79' lang='lat' dir='ltr'><strong>probrans;</strong></span> <span class='ocrx_word' id='word_1_331' title='bbox 745 3183 838 3238; x_wconf 90' lang='lat' dir='ltr'><strong>sed</strong></span> <span class='ocrx_word' id='word_1_332' title='bbox 880 3183 1007 3253; x_wconf 86' lang='lat' dir='ltr'><strong>quia</strong></span> <span class='ocrx_word' id='word_1_333' title='bbox 1043 3192 1251 3237; x_wconf 71' lang='lat' dir='ltr'><strong>naturae</strong></span> <span class='ocrx_word' id='word_1_334' title='bbox 1282 3184 1451 3237; x_wconf 89' lang='lat' dir='ltr'><strong>robur</strong></span> <span class='ocrx_word' id='word_1_335' title='bbox 1480 3198 1589 3237; x_wconf 91' lang='lat' dir='ltr'><strong>non</strong></span> <span class='ocrx_word' id='word_1_336' title='bbox 1620 3184 1754 3238; x_wconf 89' lang='lat' dir='ltr'><strong>satis</strong></span> <span class='ocrx_word' id='word_1_337' title='bbox 1785 3183 1984 3239; x_wconf 89' lang='lat' dir='ltr'><strong>mentis</strong></span> 
     </span>
    </p>
   </div>
   <div class='ocr_carea' id='block_1_49' title="bbox 411 3273 1983 3346">
    <p class='ocr_par' dir='ltr' id='par_1_49' title="bbox 411 3273 1983 3346">
     <span class='ocr_line' id='line_1_49' title="bbox 411 3273 1983 3346; baseline 0.001 -17"><span class='ocrx_word' id='word_1_338' title='bbox 411 3275 698 3346; x_wconf 84' lang='lat' dir='ltr'><strong>proposito</strong></span> <span class='ocrx_word' id='word_1_339' title='bbox 745 3273 1132 3344; x_wconf 85' lang='lat' dir='ltr'><strong>respondebat,</strong></span> <span class='ocrx_word' id='word_1_340' title='bbox 1180 3274 1234 3327; x_wconf 88' lang='lat' dir='ltr'><strong>id</strong></span> <span class='ocrx_word' id='word_1_341' title='bbox 1276 3273 1358 3328; x_wconf 91' lang='lat' dir='ltr'><strong>eis</strong></span> <span class='ocrx_word' id='word_1_342' title='bbox 1394 3274 1448 3328; x_wconf 92' lang='lat' dir='ltr'><strong>in</strong></span> <span class='ocrx_word' id='word_1_343' title='bbox 1484 3273 1818 3331; x_wconf 90' lang='lat' dir='ltr'><strong>defensionis</strong></span> <span class='ocrx_word' id='word_1_344' title='bbox 1863 3275 1983 3331; x_wconf 90' lang='lat' dir='ltr'><strong>loco</strong></span> 
     </span>
    </p>
   </div>
   <div class='ocr_carea' id='block_1_50' title="bbox 409 3364 1984 3438">
    <p class='ocr_par' dir='ltr' id='par_1_50' title="bbox 409 3364 1984 3438">
     <span class='ocr_line' id='line_1_50' title="bbox 409 3364 1984 3438; baseline 0.001 -17"><span class='ocrx_word' id='word_1_345' title='bbox 409 3382 639 3438; x_wconf 85' lang='lat' dir='ltr'><strong>ponens,</strong></span> <span class='ocrx_word' id='word_1_346' title='bbox 678 3366 1079 3421; x_wconf 89' lang='lat' dir='ltr'><strong>absolutionem</strong></span> <span class='ocrx_word' id='word_1_347' title='bbox 1127 3365 1376 3420; x_wconf 87' lang='lat' dir='ltr'><strong>decernit</strong></span> <span class='ocrx_word' id='word_1_348' title='bbox 1417 3366 1660 3422; x_wconf 87' lang='lat' dir='ltr'><strong>clemens</strong></span> <span class='ocrx_word' id='word_1_349' title='bbox 1699 3364 1881 3423; x_wconf 79' lang='lat' dir='ltr'><strong>Jesus.</strong></span> <span class='ocrx_word' id='word_1_350' title='bbox 1917 3365 1984 3423; x_wconf 83' lang='lat' dir='ltr'><strong>Et</strong></span> 
     </span>
    </p>
   </div>
   <div class='ocr_carea' id='block_1_51' title="bbox 412 3457 1984 3529">
    <p class='ocr_par' dir='ltr' id='par_1_51' title="bbox 412 3457 1984 3529">
     <span class='ocr_line' id='line_1_51' title="bbox 412 3457 1984 3529; baseline 0.002 -17"><span class='ocrx_word' id='word_1_351' title='bbox 412 3458 533 3513; x_wconf 63' lang='lat' dir='ltr'><strong>alia:</strong></span> <span class='ocrx_word' id='word_1_352' title='bbox 554 3457 780 3529; x_wconf 80' lang='lat' dir='ltr'><strong>quidem</strong></span> <span class='ocrx_word' id='word_1_353' title='bbox 810 3457 1202 3514; x_wconf 65' lang='lat' dir='ltr'><strong>controversia</strong></span> <span class='ocrx_word' id='word_1_354' title='bbox 1250 3458 1435 3513; x_wconf 70' lang='lat' dir='ltr'><strong>multae</strong></span> <span class='ocrx_word' id='word_1_355' title='bbox 1467 3457 1537 3513; x_wconf 87' lang='lat' dir='ltr'><strong>ad</strong></span> <span class='ocrx_word' id='word_1_356' title='bbox 1563 3457 1829 3529; x_wconf 89' lang='lat' dir='ltr'><strong>liquidum</strong></span> <span class='ocrx_word' id='word_1_357' title='bbox 1881 3459 1984 3516; x_wconf 85' lang='lat' dir='ltr'><strong>bac</strong></span> 
     </span>
    </p>
   </div>
   <div class='ocr_carea' id='block_1_52' title="bbox 411 3550 1019 3607">
    <p class='ocr_par' dir='ltr' id='par_1_52' title="bbox 411 3550 1019 3607">
     <span class='ocr_line' id='line_1_52' title="bbox 411 3550 1019 3607; baseline 0.002 -1"><span class='ocrx_word' id='word_1_358' title='bbox 411 3550 623 3606; x_wconf 87' lang='lat' dir='ltr'><strong>ratione</strong></span> <span class='ocrx_word' id='word_1_359' title='bbox 648 3550 1019 3607; x_wconf 91' lang='lat' dir='ltr'><strong>deducuntur.</strong></span> 
     </span>
    </p>
   </div>
   <div class='ocr_carea' id='block_1_53' title="bbox 519 3641 1981 3718">
    <p class='ocr_par' dir='ltr' id='par_1_53' title="bbox 519 3641 1981 3718">
     <span class='ocr_line' id='line_1_53' title="bbox 519 3641 1981 3718; baseline 0.002 -20"><span class='ocrx_word' id='word_1_360' title='bbox 519 3641 862 3702; x_wconf 69' lang='lat' dir='ltr'><strong>l7.Cmteras</strong></span> <span class='ocrx_word' id='word_1_361' title='bbox 882 3653 1066 3701; x_wconf 88' lang='lat' dir='ltr'><strong>autem</strong></span> <span class='ocrx_word' id='word_1_362' title='bbox 1094 3646 1534 3705; x_wconf 88' lang='lat' dir='ltr'><strong>circumstantias</strong></span> <span class='ocrx_word' id='word_1_363' title='bbox 1550 3659 1836 3703; x_wconf 87' lang='lat' dir='ltr'><strong>recensere</strong></span> <span class='ocrx_word' id='word_1_364' title='bbox 1853 3647 1981 3718; x_wconf 87' lang='lat' dir='ltr'><strong>quid</strong></span> 
     </span>
    </p>
   </div>
   <div class='ocr_carea' id='block_1_54' title="bbox 409 3734 1983 3810">
    <p class='ocr_par' dir='ltr' id='par_1_54' title="bbox 409 3734 1983 3810">
     <span class='ocr_line' id='line_1_54' title="bbox 409 3734 1983 3810; baseline 0.002 -21"><span class='ocrx_word' id='word_1_365' title='bbox 409 3734 667 3790; x_wconf 76' lang='lat' dir='ltr'><strong>interest°</strong></span> <span class='ocrx_word' id='word_1_366' title='bbox 705 3734 841 3791; x_wconf 86' lang='lat' dir='ltr'><strong>Nam</strong></span> <span class='ocrx_word' id='word_1_367' title='bbox 885 3745 940 3792; x_wconf 87' lang='lat' dir='ltr'><strong>et</strong></span> <span class='ocrx_word' id='word_1_368' title='bbox 991 3738 1107 3809; x_wconf 88' lang='lat' dir='ltr'><strong>ipse</strong></span> <span class='ocrx_word' id='word_1_369' title='bbox 1153 3755 1249 3810; x_wconf 89' lang='lat' dir='ltr'><strong>per</strong></span> <span class='ocrx_word' id='word_1_370' title='bbox 1294 3753 1355 3795; x_wconf 90' lang='lat' dir='ltr'><strong>se</strong></span> <span class='ocrx_word' id='word_1_371' title='bbox 1398 3737 1649 3793; x_wconf 87' lang='lat' dir='ltr'><strong>lectionis</strong></span> <span class='ocrx_word' id='word_1_372' title='bbox 1686 3736 1903 3804; x_wconf 89' lang='lat' dir='ltr'><strong>modus,</strong></span> <span class='ocrx_word' id='word_1_373' title='bbox 1935 3737 1983 3794; x_wconf 91' lang='lat' dir='ltr'><strong>si</strong></span> 
     </span>
    </p>
   </div>
   <div class='ocr_carea' id='block_1_55' title="bbox 408 3827 1981 3900">
    <p class='ocr_par' dir='ltr' id='par_1_55' title="bbox 408 3827 1981 3900">
     <span class='ocr_line' id='line_1_55' title="bbox 408 3827 1981 3900; baseline 0.003 -19"><span class='ocrx_word' id='word_1_374' title='bbox 408 3828 603 3899; x_wconf 82' lang='lat' dir='ltr'><strong>cuique</strong></span> <span class='ocrx_word' id='word_1_375' title='bbox 614 3827 897 3883; x_wconf 71' lang='lat' dir='ltr'><strong>sententia:</strong></span> <span class='ocrx_word' id='word_1_376' title='bbox 914 3830 1190 3900; x_wconf 89' lang='lat' dir='ltr'><strong>proprium</strong></span> <span class='ocrx_word' id='word_1_377' title='bbox 1208 3830 1356 3885; x_wconf 90' lang='lat' dir='ltr'><strong>vocis</strong></span> <span class='ocrx_word' id='word_1_378' title='bbox 1367 3845 1562 3886; x_wconf 89' lang='lat' dir='ltr'><strong>sonum</strong></span> <span class='ocrx_word' id='word_1_379' title='bbox 1583 3829 1981 3895; x_wconf 84' lang='lat' dir='ltr'><strong>accommodet,</strong></span> 
     </span>
    </p>
   </div>
   <div class='ocr_carea' id='block_1_56' title="bbox 409 3921 1983 3992">
    <p class='ocr_par' dir='ltr' id='par_1_56' title="bbox 409 3921 1983 3992">
     <span class='ocr_line' id='line_1_56' title="bbox 409 3921 1983 3992; baseline 0.001 -17"><span class='ocrx_word' id='word_1_380' title='bbox 409 3922 615 3975; x_wconf 87' lang='lat' dir='ltr'><strong>aditum</strong></span> <span class='ocrx_word' id='word_1_381' title='bbox 652 3921 799 3975; x_wconf 85' lang='lat' dir='ltr'><strong>omni</strong></span> <span class='ocrx_word' id='word_1_382' title='bbox 841 3922 1167 3977; x_wconf 84' lang='lat' dir='ltr'><strong>dubitationi</strong></span> <span class='ocrx_word' id='word_1_383' title='bbox 1192 3923 1427 3979; x_wconf 88' lang='lat' dir='ltr'><strong>obstruit</strong></span> <span class='ocrx_word' id='word_1_384' title='bbox 1476 3942 1491 3978; x_wconf 89' lang='lat'>:</span> <span class='ocrx_word' id='word_1_385' title='bbox 1536 3924 1621 3978; x_wconf 90' lang='lat' dir='ltr'><strong>sin</strong></span> <span class='ocrx_word' id='word_1_386' title='bbox 1678 3932 1802 3992; x_wconf 85' lang='lat' dir='ltr'><strong>apta</strong></span> <span class='ocrx_word' id='word_1_387' title='bbox 1830 3922 1983 3977; x_wconf 88' lang='lat' dir='ltr'><strong>vocis</strong></span> 
     </span>
    </p>
   </div>
   <div class='ocr_carea' id='block_1_57' title="bbox 409 4012 1982 4084">
    <p class='ocr_par' dir='ltr' id='par_1_57' title="bbox 409 4012 1982 4084">
     <span class='ocr_line' id='line_1_57' title="bbox 409 4012 1982 4084; baseline -0.001 -16"><span class='ocrx_word' id='word_1_388' title='bbox 409 4012 551 4068; x_wconf 85' lang='lat' dir='ltr'><strong>ratio</strong></span> <span class='ocrx_word' id='word_1_389' title='bbox 580 4026 608 4065; x_wconf 89' lang='lat' dir='ltr'><strong>a</strong></span> <span class='ocrx_word' id='word_1_390' title='bbox 634 4012 939 4083; x_wconf 90' lang='lat' dir='ltr'><strong>siguilicatu</strong></span> <span class='ocrx_word' id='word_1_391' title='bbox 978 4028 1079 4068; x_wconf 86' lang='lat' dir='ltr'><strong>suo</strong></span> <span class='ocrx_word' id='word_1_392' title='bbox 1106 4012 1433 4079; x_wconf 81' lang='lat' dir='ltr'><strong>demutetur,</strong></span> <span class='ocrx_word' id='word_1_393' title='bbox 1485 4029 1573 4069; x_wconf 91' lang='lat' dir='ltr'><strong>res</strong></span> <span class='ocrx_word' id='word_1_394' title='bbox 1606 4014 1888 4084; x_wconf 88' lang='lat' dir='ltr'><strong>perspicua</strong></span> <span class='ocrx_word' id='word_1_395' title='bbox 1927 4012 1982 4067; x_wconf 91' lang='lat' dir='ltr'><strong>in</strong></span> 
     </span>
    </p>
   </div>
   <div class='ocr_carea' id='block_1_58' title="bbox 410 4102 1985 4174">
    <p class='ocr_par' dir='ltr' id='par_1_58' title="bbox 410 4102 1985 4174">
     <span class='ocr_line' id='line_1_58' title="bbox 410 4102 1985 4174; baseline -0.001 -16"><span class='ocrx_word' id='word_1_396' title='bbox 410 4102 699 4158; x_wconf 87' lang='lat' dir='ltr'><strong>obscuram</strong></span> <span class='ocrx_word' id='word_1_397' title='bbox 740 4102 984 4156; x_wconf 90' lang='lat' dir='ltr'><strong>vertitur.</strong></span> <span class='ocrx_word' id='word_1_398' title='bbox 1025 4121 1045 4155; x_wconf 72' lang='grc' dir='ltr'><strong>ι</strong></span> <span class='ocrx_word' id='word_1_399' title='bbox 1085 4102 1195 4174; x_wconf 86' lang='lat' dir='ltr'><strong>Ego</strong></span> <span class='ocrx_word' id='word_1_400' title='bbox 1231 4119 1327 4158; x_wconf 86' lang='lat' dir='ltr'><strong>vos</strong></span> <span class='ocrx_word' id='word_1_401' title='bbox 1364 4102 1523 4174; x_wconf 87' lang='lat' dir='ltr'><strong>elegi,</strong></span> <span class='ocrx_word' id='word_1_402' title='bbox 1567 4123 1588 4156; x_wconf 75' lang='grc' dir='ltr'><strong>ι</strong></span> <span class='ocrx_word' id='word_1_403' title='bbox 1623 4104 1701 4158; x_wconf 88' lang='lat' dir='ltr'><strong>ait</strong></span> <span class='ocrx_word' id='word_1_404' title='bbox 1730 4102 1985 4158; x_wconf 89' lang='lat' dir='ltr'><strong>Servator</strong></span> 
     </span>
    </p>
   </div>
   <div class='ocr_carea' id='block_1_59' title="bbox 410 4188 1985 4263">
    <p class='ocr_par' dir='ltr' id='par_1_59' title="bbox 410 4188 1985 4263">
     <span class='ocr_line' id='line_1_59' title="bbox 410 4188 1985 4263; baseline 0.001 -17"><span class='ocrx_word' id='word_1_405' title='bbox 410 4192 691 4262; x_wconf 83' lang='lat' dir='ltr'><strong>discipulis</strong></span> <span class='ocrx_word' id='word_1_406' title='bbox 713 4190 776 4244; x_wconf 74' lang='lat'><strong>“.</strong></span> <span class='ocrx_word' id='word_1_407' title='bbox 809 4188 1073 4262; x_wconf 90' lang='lat' dir='ltr'><strong>Itemque,</strong></span> <span class='ocrx_word' id='word_1_408' title='bbox 1118 4211 1137 4245; x_wconf 77' lang='grc' dir='ltr'><strong>ι</strong></span> <span class='ocrx_word' id='word_1_409' title='bbox 1172 4191 1289 4247; x_wconf 85' lang='lat' dir='ltr'><strong>Non</strong></span> <span class='ocrx_word' id='word_1_410' title='bbox 1324 4192 1434 4263; x_wconf 80' lang='grc'><strong>(15)</strong></span> <span class='ocrx_word' id='word_1_411' title='bbox 1474 4208 1574 4263; x_wconf 88' lang='lat' dir='ltr'><strong>ego</strong></span> <span class='ocrx_word' id='word_1_412' title='bbox 1608 4193 1747 4263; x_wconf 77' lang='lat' dir='ltr'><strong>elegi</strong></span> <span class='ocrx_word' id='word_1_413' title='bbox 1775 4209 1870 4248; x_wconf 89' lang='lat' dir='ltr'><strong>vos</strong></span> <span class='ocrx_word' id='word_1_414' title='bbox 1900 4194 1985 4248; x_wconf 68' lang='lat'><strong>&quot;‘2</strong></span> 
     </span>
    </p>
   </div>
   <div class='ocr_carea' id='block_1_60' title="bbox 412 4283 1983 4355">
    <p class='ocr_par' dir='ltr' id='par_1_60' title="bbox 412 4283 1983 4355">
     <span class='ocr_line' id='line_1_60' title="bbox 412 4283 1983 4355; baseline 0.002 -16"><span class='ocrx_word' id='word_1_415' title='bbox 412 4285 469 4339; x_wconf 82' lang='lat' dir='ltr'><strong>Si</strong></span> <span class='ocrx_word' id='word_1_416' title='bbox 495 4284 615 4355; x_wconf 87' lang='lat' dir='ltr'><strong>quis</strong></span> <span class='ocrx_word' id='word_1_417' title='bbox 638 4284 801 4355; x_wconf 83' lang='lat' dir='ltr'><strong>igitur</strong></span> <span class='ocrx_word' id='word_1_418' title='bbox 830 4293 1113 4355; x_wconf 89' lang='lat' dir='ltr'><strong>utramque</strong></span> <span class='ocrx_word' id='word_1_419' title='bbox 1140 4299 1205 4338; x_wconf 82' lang='lat' dir='ltr'><strong>ex</strong></span> <span class='ocrx_word' id='word_1_420' title='bbox 1229 4283 1315 4339; x_wconf 85' lang='lat' dir='ltr'><strong>bis</strong></span> <span class='ocrx_word' id='word_1_421' title='bbox 1344 4286 1583 4355; x_wconf 87' lang='lat' dir='ltr'><strong>periodis</strong></span> <span class='ocrx_word' id='word_1_422' title='bbox 1615 4286 1804 4341; x_wconf 85' lang='lat' dir='ltr'><strong>eodem</strong></span> <span class='ocrx_word' id='word_1_423' title='bbox 1836 4288 1983 4343; x_wconf 83' lang='lat' dir='ltr'><strong>vocis</strong></span> 
     </span>
    </p>
   </div>
   <div class='ocr_carea' id='block_1_61' title="bbox 2093 1718 3669 1794">
    <p class='ocr_par' dir='ltr' id='par_1_61' title="bbox 2093 1718 3669 1794">
     <span class='ocr_line' id='line_1_61' title="bbox 2093 1718 3669 1794; baseline -0.003 -18"><span class='ocrx_word' id='word_1_424' title='bbox 2093 1740 2196 1794; x_wconf 91' lang='grc' dir='ltr'><strong>κην</strong></span> <span class='ocrx_word' id='word_1_425' title='bbox 2223 1724 2317 1776; x_wconf 82' lang='grc' dir='ltr'>καὶ</span> <span class='ocrx_word' id='word_1_426' title='bbox 2344 1722 2441 1794; x_wconf 78' lang='grc' dir='ltr'>τὴν</span> <span class='ocrx_word' id='word_1_427' title='bbox 2470 1722 2676 1787; x_wconf 74' lang='grc' dir='ltr'>άδειαν,</span> <span class='ocrx_word' id='word_1_428' title='bbox 2705 1723 2755 1775; x_wconf 84' lang='lat' dir='ltr'><strong>oi</strong></span> <span class='ocrx_word' id='word_1_429' title='bbox 2797 1722 2876 1785; x_wconf 86' lang='grc' dir='ltr'><strong>είς</strong></span> <span class='ocrx_word' id='word_1_430' title='bbox 2904 1720 2966 1775; x_wconf 79' lang='grc' dir='ltr'>τὸ</span> <span class='ocrx_word' id='word_1_431' title='bbox 2989 1721 3193 1793; x_wconf 77' lang='grc' dir='ltr'>ἄπορον</span> <span class='ocrx_word' id='word_1_432' title='bbox 3236 1718 3669 1791; x_wconf 74' lang='grc' dir='ltr'>ἐπηρεαζόμενοι</span> 
     </span>
    </p>
   </div>
   <div class='ocr_carea' id='block_1_62' title="bbox 2090 1811 3667 1886">
    <p class='ocr_par' dir='ltr' id='par_1_62' title="bbox 2090 1811 3667 1886">
     <span class='ocr_line' id='line_1_62' title="bbox 2090 1811 3667 1886; baseline -0.003 -18"><span class='ocrx_word' id='word_1_433' title='bbox 2090 1815 2236 1884; x_wconf 87' lang='grc' dir='ltr'>λόγοι</span> <span class='ocrx_word' id='word_1_434' title='bbox 2274 1813 2618 1886; x_wconf 69' lang='grc' dir='ltr'>συκοφάντας</span> <span class='ocrx_word' id='word_1_435' title='bbox 2643 1813 2770 1877; x_wconf 83' lang='grc' dir='ltr'>τοὺς</span> <span class='ocrx_word' id='word_1_436' title='bbox 2799 1812 3208 1883; x_wconf 71' lang='grc' dir='ltr'>ἐπιτιθεμένους</span> <span class='ocrx_word' id='word_1_437' title='bbox 3219 1811 3403 1875; x_wconf 77' lang='grc' dir='ltr'>αὐτοῖς</span> <span class='ocrx_word' id='word_1_438' title='bbox 3426 1812 3667 1880; x_wconf 81' lang='grc' dir='ltr'>ἀπελέγ-</span> 
     </span>
    </p>
   </div>
   <div class='ocr_carea' id='block_1_63' title="bbox 2088 1898 3673 1978">
    <p class='ocr_par' dir='ltr' id='par_1_63' title="bbox 2088 1898 3673 1978">
     <span class='ocr_line' id='line_1_63' title="bbox 2088 1898 3673 1978; baseline -0.004 -18"><span class='ocrx_word' id='word_1_439' title='bbox 2088 1923 2296 1978; x_wconf 86' lang='grc' dir='ltr'>χουσιν.</span> <span class='ocrx_word' id='word_1_440' title='bbox 2315 1905 2409 1971; x_wconf 81' lang='grc' dir='ltr'><strong>Ἐξ</strong></span> <span class='ocrx_word' id='word_1_441' title='bbox 2423 1898 2485 1959; x_wconf 70' lang='grc' dir='ltr'><strong>οὗ</strong></span> <span class='ocrx_word' id='word_1_442' title='bbox 2509 1906 2648 1960; x_wconf 72' lang='grc' dir='ltr'>καὶὸ</span> <span class='ocrx_word' id='word_1_443' title='bbox 2672 1905 2853 1969; x_wconf 79' lang='grc' dir='ltr'>κοινὸς</span> <span class='ocrx_word' id='word_1_444' title='bbox 2876 1904 3156 1975; x_wconf 77' lang='grc' dir='ltr'>Δεσπότης</span> <span class='ocrx_word' id='word_1_445' title='bbox 3184 1906 3280 1958; x_wconf 79' lang='grc' dir='ltr'>καὶ</span> <span class='ocrx_word' id='word_1_446' title='bbox 3307 1903 3550 1973; x_wconf 81' lang='grc' dir='ltr'>πλάστης</span> <span class='ocrx_word' id='word_1_447' title='bbox 3571 1900 3673 1956; x_wconf 75' lang='grc' dir='ltr'>τοῦ</span> 
     </span>
    </p>
   </div>
   <div class='ocr_carea' id='block_1_64' title="bbox 2089 1993 3669 2068">
    <p class='ocr_par' dir='ltr' id='par_1_64' title="bbox 2089 1993 3669 2068">
     <span class='ocr_line' id='line_1_64' title="bbox 2089 1993 3669 2068; baseline -0.002 -18"><span class='ocrx_word' id='word_1_448' title='bbox 2089 1997 2280 2066; x_wconf 82' lang='grc' dir='ltr'>γένους</span> <span class='ocrx_word' id='word_1_449' title='bbox 2307 1995 2404 2051; x_wconf 82' lang='grc' dir='ltr'>καὶ</span> <span class='ocrx_word' id='word_1_450' title='bbox 2438 1996 2632 2068; x_wconf 82' lang='grc' dir='ltr'>Σωτὴρ</span> <span class='ocrx_word' id='word_1_451' title='bbox 2676 1996 2770 2049; x_wconf 80' lang='grc' dir='ltr'>τὸν</span> <span class='ocrx_word' id='word_1_452' title='bbox 2801 1995 2965 2050; x_wconf 77' lang='grc' dir='ltr'>Δαϐὶδ</span> <span class='ocrx_word' id='word_1_453' title='bbox 3002 1996 3131 2059; x_wconf 77' lang='grc' dir='ltr'>τοὺς</span> <span class='ocrx_word' id='word_1_454' title='bbox 3182 1995 3379 2064; x_wconf 76' lang='grc' dir='ltr'>ἄρτους</span> <span class='ocrx_word' id='word_1_455' title='bbox 3424 1993 3669 2063; x_wconf 76' lang='grc' dir='ltr'>φαγόντα</span> 
     </span>
    </p>
   </div>
   <div class='ocr_carea' id='block_1_65' title="bbox 2086 2083 3672 2159">
    <p class='ocr_par' dir='ltr' id='par_1_65' title="bbox 2086 2083 3672 2159">
     <span class='ocr_line' id='line_1_65' title="bbox 2086 2083 3672 2159; baseline -0.006 -15"><span class='ocrx_word' id='word_1_456' title='bbox 2086 2088 2191 2159; x_wconf 81' lang='grc' dir='ltr'><strong>τῆς</strong></span> <span class='ocrx_word' id='word_1_457' title='bbox 2218 2087 2552 2159; x_wconf 79' lang='grc' dir='ltr'>προθέσεως,</span> <span class='ocrx_word' id='word_1_458' title='bbox 2582 2086 2765 2159; x_wconf 81' lang='grc' dir='ltr'>νόμων</span> <span class='ocrx_word' id='word_1_459' title='bbox 2791 2086 3019 2157; x_wconf 78' lang='grc' dir='ltr'>ἀφίησιν</span> <span class='ocrx_word' id='word_1_460' title='bbox 3048 2084 3387 2155; x_wconf 79' lang='grc' dir='ltr'>ἀθετήσεως.</span> <span class='ocrx_word' id='word_1_461' title='bbox 3432 2083 3521 2147; x_wconf 84' lang='grc' dir='ltr'>Ὠς</span> <span class='ocrx_word' id='word_1_462' title='bbox 3553 2085 3672 2155; x_wconf 76' lang='grc' dir='ltr'>γὰρ</span> 
     </span>
    </p>
   </div>
   <div class='ocr_carea' id='block_1_66' title="bbox 2088 2174 3669 2249">
    <p class='ocr_par' dir='ltr' id='par_1_66' title="bbox 2088 2174 3669 2249">
     <span class='ocr_line' id='line_1_66' title="bbox 2088 2174 3669 2249; baseline -0.003 -18"><span class='ocrx_word' id='word_1_463' title='bbox 2088 2177 2333 2249; x_wconf 81' lang='grc' dir='ltr'>θέμενος,</span> <span class='ocrx_word' id='word_1_464' title='bbox 2353 2178 2449 2231; x_wconf 75' lang='grc' dir='ltr'>καὶ</span> <span class='ocrx_word' id='word_1_465' title='bbox 2474 2176 2633 2239; x_wconf 83' lang='grc' dir='ltr'>είδὼς</span> <span class='ocrx_word' id='word_1_466' title='bbox 2658 2178 2759 2248; x_wconf 80' lang='grc' dir='ltr'>τήν</span> <span class='ocrx_word' id='word_1_467' title='bbox 2780 2192 2841 2229; x_wconf 89' lang='grc' dir='ltr'><strong>τε</strong></span> <span class='ocrx_word' id='word_1_468' title='bbox 2859 2175 3019 2245; x_wconf 87' lang='grc' dir='ltr'>φύσιν</span> <span class='ocrx_word' id='word_1_469' title='bbox 3046 2176 3143 2229; x_wconf 79' lang='grc' dir='ltr'>καὶ</span> <span class='ocrx_word' id='word_1_470' title='bbox 3172 2175 3327 2245; x_wconf 77' lang='grc' dir='ltr'>ἰσχὺν</span> <span class='ocrx_word' id='word_1_471' title='bbox 3354 2174 3450 2228; x_wconf 73' lang='grc' dir='ltr'>τοῦ</span> <span class='ocrx_word' id='word_1_472' title='bbox 3475 2174 3669 2244; x_wconf 83' lang='grc' dir='ltr'>νόμου,</span> 
     </span>
    </p>
   </div>
   <div class='ocr_carea' id='block_1_67' title="bbox 2088 2261 3671 2339">
    <p class='ocr_par' dir='ltr' id='par_1_67' title="bbox 2088 2261 3671 2339">
     <span class='ocr_line' id='line_1_67' title="bbox 2088 2261 3671 2339; baseline -0.004 -17"><span class='ocrx_word' id='word_1_473' title='bbox 2088 2271 2184 2322; x_wconf 80' lang='grc' dir='ltr'>καὶ</span> <span class='ocrx_word' id='word_1_474' title='bbox 2211 2261 2288 2322; x_wconf 76' lang='grc' dir='ltr'>ὧν</span> <span class='ocrx_word' id='word_1_475' title='bbox 2322 2267 2536 2339; x_wconf 77' lang='grc' dir='ltr'>ὸνόμος</span> <span class='ocrx_word' id='word_1_476' title='bbox 2560 2267 2659 2339; x_wconf 70' lang='grc' dir='ltr'><strong>τὴν</strong></span> <span class='ocrx_word' id='word_1_477' title='bbox 2692 2266 2975 2321; x_wconf 85' lang='grc' dir='ltr'>πολιτείαν</span> <span class='ocrx_word' id='word_1_478' title='bbox 3007 2265 3169 2337; x_wconf 77' lang='grc' dir='ltr'>ἐτέθη</span> <span class='ocrx_word' id='word_1_479' title='bbox 3199 2264 3507 2336; x_wconf 79' lang='grc' dir='ltr'>ῥυθμίζειν,</span> <span class='ocrx_word' id='word_1_480' title='bbox 3537 2264 3671 2326; x_wconf 78' lang='grc' dir='ltr'>τοὺς</span> 
     </span>
    </p>
   </div>
   <div class='ocr_carea' id='block_1_68' title="bbox 2090 2352 3673 2431">
    <p class='ocr_par' dir='ltr' id='par_1_68' title="bbox 2090 2352 3673 2431">
     <span class='ocr_line' id='line_1_68' title="bbox 2090 2352 3673 2431; baseline -0.003 -19"><span class='ocrx_word' id='word_1_481' title='bbox 2090 2358 2192 2430; x_wconf 73' lang='grc' dir='ltr'>μὲν</span> <span class='ocrx_word' id='word_1_482' title='bbox 2220 2358 2503 2431; x_wconf 83' lang='grc' dir='ltr'>ὑϐριστάς,</span> <span class='ocrx_word' id='word_1_483' title='bbox 2537 2359 2632 2412; x_wconf 78' lang='grc' dir='ltr'>καὶ</span> <span class='ocrx_word' id='word_1_484' title='bbox 2659 2352 2743 2423; x_wconf 81' lang='grc' dir='ltr'><strong>οἷς</strong></span> <span class='ocrx_word' id='word_1_485' title='bbox 2764 2357 3036 2429; x_wconf 80' lang='grc' dir='ltr'>ὑπεροψία</span> <span class='ocrx_word' id='word_1_486' title='bbox 3056 2360 3202 2412; x_wconf 76' lang='grc' dir='ltr'>ποιεί</span> <span class='ocrx_word' id='word_1_487' title='bbox 3225 2357 3325 2429; x_wconf 76' lang='grc' dir='ltr'>τὴν</span> <span class='ocrx_word' id='word_1_488' title='bbox 3352 2356 3673 2427; x_wconf 81' lang='grc' dir='ltr'>παράϐασιν</span> 
     </span>
    </p>
   </div>
   <div class='ocr_carea' id='block_1_69' title="bbox 2085 2442 3674 2523">
    <p class='ocr_par' dir='ltr' id='par_1_69' title="bbox 2085 2442 3674 2523">
     <span class='ocr_line' id='line_1_69' title="bbox 2085 2442 3674 2523; baseline -0.002 -20"><span class='ocrx_word' id='word_1_489' title='bbox 2085 2450 2284 2504; x_wconf 89' lang='grc' dir='ltr'>δικαιοῖ</span> <span class='ocrx_word' id='word_1_490' title='bbox 2301 2451 2399 2523; x_wconf 79' lang='grc' dir='ltr'>τὴν</span> <span class='ocrx_word' id='word_1_491' title='bbox 2443 2451 2602 2521; x_wconf 80' lang='grc' dir='ltr'>δίκην</span> <span class='ocrx_word' id='word_1_492' title='bbox 2633 2452 2694 2503; x_wconf 79' lang='grc' dir='ltr'><strong>ἐν</strong></span> <span class='ocrx_word' id='word_1_493' title='bbox 2737 2451 2917 2514; x_wconf 74' lang='grc' dir='ltr'>ἄλλοις</span> <span class='ocrx_word' id='word_1_494' title='bbox 2977 2449 3235 2513; x_wconf 77' lang='grc' dir='ltr'>πολλάκις</span> <span class='ocrx_word' id='word_1_495' title='bbox 3280 2450 3503 2521; x_wconf 73' lang='grc' dir='ltr'>ὑπέχειν</span> <span class='ocrx_word' id='word_1_496' title='bbox 3526 2465 3540 2479; x_wconf 80' lang='grc'><em>’</em></span> <span class='ocrx_word' id='word_1_497' title='bbox 3582 2442 3674 2511; x_wconf 74' lang='grc' dir='ltr'>οἷς</span> 
     </span>
    </p>
   </div>
   <div class='ocr_carea' id='block_1_70' title="bbox 2085 2530 3676 2615">
    <p class='ocr_par' dir='ltr' id='par_1_70' title="bbox 2085 2530 3676 2615">
     <span class='ocr_line' id='line_1_70' title="bbox 2085 2530 3676 2615; baseline -0.001 -18"><span class='ocrx_word' id='word_1_498' title='bbox 2085 2542 2142 2597; x_wconf 86' lang='grc' dir='ltr'><strong>δέ</strong></span> <span class='ocrx_word' id='word_1_499' title='bbox 2175 2543 2379 2615; x_wconf 79' lang='grc' dir='ltr'>στοργὴ</span> <span class='ocrx_word' id='word_1_500' title='bbox 2424 2543 2526 2614; x_wconf 70' lang='grc' dir='ltr'>μὲν</span> <span class='ocrx_word' id='word_1_501' title='bbox 2578 2543 2675 2597; x_wconf 79' lang='grc' dir='ltr'>καὶ</span> <span class='ocrx_word' id='word_1_502' title='bbox 2721 2540 2885 2606; x_wconf 76' lang='grc' dir='ltr'>αἰδὼς</span> <span class='ocrx_word' id='word_1_503' title='bbox 2931 2542 3041 2596; x_wconf 76' lang='grc' dir='ltr'><strong>τῶν</strong></span> <span class='ocrx_word' id='word_1_504' title='bbox 3088 2542 3293 2613; x_wconf 76' lang='grc' dir='ltr'>νόμων,</span> <span class='ocrx_word' id='word_1_505' title='bbox 3336 2530 3553 2611; x_wconf 79' lang='grc' dir='ltr'>ἀνάγκη</span> <span class='ocrx_word' id='word_1_506' title='bbox 3608 2542 3676 2595; x_wconf 67' lang='grc' dir='ltr'>δὲ</span> 
     </span>
    </p>
   </div>
   <div class='ocr_carea' id='block_1_71' title="bbox 2086 2633 3674 2707">
    <p class='ocr_par' dir='ltr' id='par_1_71' title="bbox 2086 2633 3674 2707">
     <span class='ocr_line' id='line_1_71' title="bbox 2086 2633 3674 2707; baseline -0.001 -20"><span class='ocrx_word' id='word_1_507' title='bbox 2086 2636 2188 2703; x_wconf 80' lang='grc' dir='ltr'>τὴν</span> <span class='ocrx_word' id='word_1_508' title='bbox 2219 2634 2459 2707; x_wconf 66' lang='grc' dir='ltr'>στοργήν</span> <span class='ocrx_word' id='word_1_509' title='bbox 2488 2634 2665 2689; x_wconf 77' lang='grc' dir='ltr'>καὶτὸ</span> <span class='ocrx_word' id='word_1_510' title='bbox 2707 2634 3025 2705; x_wconf 88' lang='grc' dir='ltr'>αίδούμενον</span> <span class='ocrx_word' id='word_1_511' title='bbox 3069 2634 3159 2689; x_wconf 86' lang='grc' dir='ltr'><strong>διά</strong></span> <span class='ocrx_word' id='word_1_512' title='bbox 3215 2633 3318 2705; x_wconf 89' lang='grc' dir='ltr'><strong>τῆς</strong></span> <span class='ocrx_word' id='word_1_513' title='bbox 3378 2633 3674 2697; x_wconf 80' lang='grc' dir='ltr'>ἀσθενείας</span> 
     </span>
    </p>
   </div>
   <div class='ocr_carea' id='block_1_72' title="bbox 2086 2724 3670 2798">
    <p class='ocr_par' dir='ltr' id='par_1_72' title="bbox 2086 2724 3670 2798">
     <span class='ocr_line' id='line_1_72' title="bbox 2086 2724 3670 2798; baseline 0.001 -19"><span class='ocrx_word' id='word_1_514' title='bbox 2086 2724 2293 2789; x_wconf 85' lang='grc' dir='ltr'>ἐκλύει,</span> <span class='ocrx_word' id='word_1_515' title='bbox 2318 2724 2649 2796; x_wconf 86' lang='grc' dir='ltr'>συγγνώμην</span> <span class='ocrx_word' id='word_1_516' title='bbox 2678 2725 2854 2789; x_wconf 83' lang='grc' dir='ltr'>διδοὺς</span> <span class='ocrx_word' id='word_1_517' title='bbox 2883 2728 2949 2796; x_wconf 81' lang='grc' dir='ltr'>τῇ</span> <span class='ocrx_word' id='word_1_518' title='bbox 2986 2724 3169 2798; x_wconf 66' lang='grc' dir='ltr'>ἀτονία</span> <span class='ocrx_word' id='word_1_519' title='bbox 3206 2727 3303 2779; x_wconf 79' lang='grc' dir='ltr'>καὶ</span> <span class='ocrx_word' id='word_1_520' title='bbox 3337 2724 3670 2795; x_wconf 82' lang='grc' dir='ltr'>σπλάγχνοις</span> 
     </span>
    </p>
   </div>
   <div class='ocr_carea' id='block_1_73' title="bbox 2085 2817 3675 2888">
    <p class='ocr_par' dir='ltr' id='par_1_73' title="bbox 2085 2817 3675 2888">
     <span class='ocr_line' id='line_1_73' title="bbox 2085 2817 3675 2888; baseline 0 -18"><span class='ocrx_word' id='word_1_521' title='bbox 2085 2818 2269 2881; x_wconf 90' lang='grc' dir='ltr'>ἐλέους</span> <span class='ocrx_word' id='word_1_522' title='bbox 2308 2817 2532 2881; x_wconf 84' lang='grc' dir='ltr'>τούτους</span> <span class='ocrx_word' id='word_1_523' title='bbox 2563 2817 2891 2887; x_wconf 88' lang='grc' dir='ltr'>ἀνακρίνων.</span> <span class='ocrx_word' id='word_1_524' title='bbox 2925 2818 3197 2888; x_wconf 77' lang='grc' dir='ltr'>Καθάπερ</span> <span class='ocrx_word' id='word_1_525' title='bbox 3222 2817 3281 2870; x_wconf 75' lang='grc' dir='ltr'>δὲ</span> <span class='ocrx_word' id='word_1_526' title='bbox 3310 2818 3407 2871; x_wconf 80' lang='grc' dir='ltr'>καὶ</span> <span class='ocrx_word' id='word_1_527' title='bbox 3436 2817 3527 2871; x_wconf 75' lang='grc' dir='ltr'><strong>τὸν</strong></span> <span class='ocrx_word' id='word_1_528' title='bbox 3562 2819 3675 2870; x_wconf 83' lang='grc' dir='ltr'><strong>Δα-</strong></span> 
     </span>
    </p>
   </div>
   <div class='ocr_carea' id='block_1_74' title="bbox 2086 2907 3675 2981">
    <p class='ocr_par' dir='ltr' id='par_1_74' title="bbox 2086 2907 3675 2981">
     <span class='ocr_line' id='line_1_74' title="bbox 2086 2907 3675 2981; baseline 0.001 -20"><span class='ocrx_word' id='word_1_529' title='bbox 2086 2907 2173 2961; x_wconf 74' lang='grc' dir='ltr'>ϐὶδ</span> <span class='ocrx_word' id='word_1_530' title='bbox 2190 2909 2371 2979; x_wconf 85' lang='grc' dir='ltr'>νόμων</span> <span class='ocrx_word' id='word_1_531' title='bbox 2390 2908 2754 2980; x_wconf 86' lang='grc' dir='ltr'>παραϐάσεως</span> <span class='ocrx_word' id='word_1_532' title='bbox 2772 2908 3021 2973; x_wconf 87' lang='grc' dir='ltr'>ἀπολύει,</span> <span class='ocrx_word' id='word_1_533' title='bbox 3037 2911 3151 2973; x_wconf 84' lang='grc' dir='ltr'>τοῖς</span> <span class='ocrx_word' id='word_1_534' title='bbox 3164 2911 3362 2978; x_wconf 78' lang='grc' dir='ltr'>ἐνεγκα</span> <span class='ocrx_word' id='word_1_535' title='bbox 3369 2910 3553 2980; x_wconf 83' lang='grc' dir='ltr'>μένοις</span> <span class='ocrx_word' id='word_1_536' title='bbox 3568 2910 3631 2962; x_wconf 77' lang='grc' dir='ltr'>οὐ</span> <span class='ocrx_word' id='word_1_537' title='bbox 3637 2928 3675 2981; x_wconf 83' lang='grc' dir='ltr'><strong>χ</strong></span> 
     </span>
    </p>
   </div>
   <div class='ocr_carea' id='block_1_75' title="bbox 2010 2996 3681 3071">
    <p class='ocr_par' dir='ltr' id='par_1_75' title="bbox 2010 2996 3681 3071">
     <span class='ocr_line' id='line_1_75' title="bbox 2010 2996 3681 3071; baseline 0.002 -23"><span class='ocrx_word' id='word_1_538' title='bbox 2010 3012 2057 3071; x_wconf 66' lang='grc' dir='ltr'>α</span> <span class='ocrx_word' id='word_1_539' title='bbox 2091 2996 2392 3067; x_wconf 78' lang='grc' dir='ltr'>ὑπεροψίαν</span> <span class='ocrx_word' id='word_1_540' title='bbox 2426 2997 2676 3066; x_wconf 79' lang='grc' dir='ltr'>ἐγκαλῶν</span> <span class='ocrx_word' id='word_1_541' title='bbox 2704 2998 2977 3069; x_wconf 69' lang='grc' dir='ltr'>τολμῆσαι</span> <span class='ocrx_word' id='word_1_542' title='bbox 3004 2999 3113 3053; x_wconf 75' lang='grc' dir='ltr'><strong>τῶν</strong></span> <span class='ocrx_word' id='word_1_543' title='bbox 3139 3000 3341 3070; x_wconf 91' lang='grc' dir='ltr'>νόμων,</span> <span class='ocrx_word' id='word_1_544' title='bbox 3376 3002 3476 3070; x_wconf 71' lang='grc' dir='ltr'><strong>τῆς</strong></span> <span class='ocrx_word' id='word_1_545' title='bbox 3515 3000 3564 3052; x_wconf 81' lang='grc' dir='ltr'>δ’</span> <span class='ocrx_word' id='word_1_546' title='bbox 3607 3000 3681 3052; x_wconf 78' lang='grc' dir='ltr'><strong>ἐν</strong></span> 
     </span>
    </p>
   </div>
   <div class='ocr_carea' id='block_1_76' title="bbox 2090 3087 3670 3163">
    <p class='ocr_par' dir='ltr' id='par_1_76' title="bbox 2090 3087 3670 3163">
     <span class='ocr_line' id='line_1_76' title="bbox 2090 3087 3670 3163; baseline 0.009 -25"><span class='ocrx_word' id='word_1_547' title='bbox 2090 3090 2158 3159; x_wconf 74' lang='grc' dir='ltr'>τῇ</span> <span class='ocrx_word' id='word_1_548' title='bbox 2191 3087 2348 3157; x_wconf 87' lang='grc' dir='ltr'>φύσει</span> <span class='ocrx_word' id='word_1_549' title='bbox 2381 3087 2571 3159; x_wconf 81' lang='grc' dir='ltr'>ῥώμης</span> <span class='ocrx_word' id='word_1_550' title='bbox 2615 3089 2678 3142; x_wconf 84' lang='grc' dir='ltr'>οὐ</span> <span class='ocrx_word' id='word_1_551' title='bbox 2703 3091 3289 3163; x_wconf 81' lang='grc' dir='ltr'>συμπαρατεινομένης</span> <span class='ocrx_word' id='word_1_552' title='bbox 3325 3093 3392 3163; x_wconf 79' lang='grc' dir='ltr'>τῇ</span> <span class='ocrx_word' id='word_1_553' title='bbox 3440 3091 3670 3161; x_wconf 69' lang='grc' dir='ltr'>γνώμῃ.</span> 
     </span>
    </p>
   </div>
   <div class='ocr_carea' id='block_1_77' title="bbox 2090 3178 3678 3253">
    <p class='ocr_par' dir='ltr' id='par_1_77' title="bbox 2090 3178 3678 3253">
     <span class='ocr_line' id='line_1_77' title="bbox 2090 3178 3678 3253; baseline 0.003 -20"><span class='ocrx_word' id='word_1_554' title='bbox 2090 3178 2188 3233; x_wconf 78' lang='grc' dir='ltr'><strong>καὶ</strong></span> <span class='ocrx_word' id='word_1_555' title='bbox 2218 3178 2376 3233; x_wconf 80' lang='grc' dir='ltr'>τοῦτο</span> <span class='ocrx_word' id='word_1_556' title='bbox 2390 3179 2549 3248; x_wconf 82' lang='grc' dir='ltr'>λόγον</span> <span class='ocrx_word' id='word_1_557' title='bbox 2573 3180 2758 3245; x_wconf 72' lang='grc' dir='ltr'>αὐτοῖς</span> <span class='ocrx_word' id='word_1_558' title='bbox 2786 3181 3070 3253; x_wconf 77' lang='grc' dir='ltr'>τιθέμενος</span> <span class='ocrx_word' id='word_1_559' title='bbox 3084 3185 3113 3236; x_wconf 80' lang='grc' dir='ltr'>ὁ</span> <span class='ocrx_word' id='word_1_560' title='bbox 3129 3182 3513 3253; x_wconf 75' lang='grc' dir='ltr'>φιλάνθρωπος</span> <span class='ocrx_word' id='word_1_561' title='bbox 3530 3184 3678 3252; x_wconf 80' lang='grc' dir='ltr'>γρά-</span> 
     </span>
    </p>
   </div>
   <div class='ocr_carea' id='block_1_78' title="bbox 2091 3269 3673 3343">
    <p class='ocr_par' dir='ltr' id='par_1_78' title="bbox 2091 3269 3673 3343">
     <span class='ocr_line' id='line_1_78' title="bbox 2091 3269 3673 3343; baseline 0.001 -20"><span class='ocrx_word' id='word_1_562' title='bbox 2091 3286 2182 3341; x_wconf 82' lang='grc' dir='ltr'><strong>φει</strong></span> <span class='ocrx_word' id='word_1_563' title='bbox 2224 3270 2325 3343; x_wconf 80' lang='grc' dir='ltr'>τὴν</span> <span class='ocrx_word' id='word_1_564' title='bbox 2356 3269 2692 3342; x_wconf 83' lang='grc' dir='ltr'>ἐλευθερίαν.</span> <span class='ocrx_word' id='word_1_565' title='bbox 2742 3272 2855 3326; x_wconf 77' lang='grc' dir='ltr'><strong>Καὶ</strong></span> <span class='ocrx_word' id='word_1_566' title='bbox 2897 3271 3070 3325; x_wconf 85' lang='grc' dir='ltr'>πολλά</span> <span class='ocrx_word' id='word_1_567' title='bbox 3108 3272 3245 3326; x_wconf 80' lang='grc' dir='ltr'>ἀλλα</span> <span class='ocrx_word' id='word_1_568' title='bbox 3272 3272 3383 3327; x_wconf 85' lang='grc' dir='ltr'><strong>τῶν</strong></span> <span class='ocrx_word' id='word_1_569' title='bbox 3423 3273 3673 3343; x_wconf 82' lang='grc' dir='ltr'>ἀπορου-</span> 
     </span>
    </p>
   </div>
   <div class='ocr_carea' id='block_1_79' title="bbox 2093 3359 3676 3438">
    <p class='ocr_par' dir='ltr' id='par_1_79' title="bbox 2093 3359 3676 3438">
     <span class='ocr_line' id='line_1_79' title="bbox 2093 3359 3676 3438; baseline 0.001 -21"><span class='ocrx_word' id='word_1_570' title='bbox 2093 3362 2271 3435; x_wconf 89' lang='grc' dir='ltr'>μένων</span> <span class='ocrx_word' id='word_1_571' title='bbox 2294 3364 2374 3428; x_wconf 90' lang='grc' dir='ltr'><strong>είς</strong></span> <span class='ocrx_word' id='word_1_572' title='bbox 2399 3362 2460 3417; x_wconf 79' lang='grc' dir='ltr'>τὸ</span> <span class='ocrx_word' id='word_1_573' title='bbox 2485 3362 2717 3435; x_wconf 77' lang='grc' dir='ltr'>εθπορον</span> <span class='ocrx_word' id='word_1_574' title='bbox 2747 3361 2838 3417; x_wconf 82' lang='grc' dir='ltr'><strong>διά</strong></span> <span class='ocrx_word' id='word_1_575' title='bbox 2881 3359 2985 3432; x_wconf 83' lang='grc' dir='ltr'><strong>τῆς</strong></span> <span class='ocrx_word' id='word_1_576' title='bbox 3021 3364 3195 3433; x_wconf 81' lang='grc' dir='ltr'>αὐτῆς</span> <span class='ocrx_word' id='word_1_577' title='bbox 3221 3365 3480 3438; x_wconf 84' lang='grc' dir='ltr'>ἐπιϐολῆς</span> <span class='ocrx_word' id='word_1_578' title='bbox 3533 3366 3676 3438; x_wconf 74' lang='grc' dir='ltr'>μεθ-</span> 
     </span>
    </p>
   </div>
   <div class='ocr_carea' id='block_1_80' title="bbox 2090 3455 2363 3510">
    <p class='ocr_par' dir='ltr' id='par_1_80' title="bbox 2090 3455 2363 3510">
     <span class='ocr_line' id='line_1_80' title="bbox 2090 3455 2363 3510; baseline 0.004 -1"><span class='ocrx_word' id='word_1_579' title='bbox 2090 3456 2178 3509; x_wconf 88' lang='grc' dir='ltr'><strong>οδε</strong></span> <span class='ocrx_word' id='word_1_580' title='bbox 2188 3455 2363 3510; x_wconf 88' lang='grc' dir='ltr'>ύεται.</span> 
     </span>
    </p>
   </div>
   <div class='ocr_carea' id='block_1_81' title="bbox 2179 3656 3668 3733">
    <p class='ocr_par' dir='ltr' id='par_1_81' title="bbox 2179 3656 3668 3733">
     <span class='ocr_line' id='line_1_81' title="bbox 2179 3656 3668 3733; baseline 0 -19"><span class='ocrx_word' id='word_1_581' title='bbox 2179 3660 2265 3726; x_wconf 77' lang='grc' dir='ltr'><strong>ιζ’.</strong></span> <span class='ocrx_word' id='word_1_582' title='bbox 2295 3659 2360 3713; x_wconf 88' lang='grc' dir='ltr'>Τί</span> <span class='ocrx_word' id='word_1_583' title='bbox 2393 3659 2449 3713; x_wconf 88' lang='grc' dir='ltr'><strong>δέ</strong></span> <span class='ocrx_word' id='word_1_584' title='bbox 2494 3658 2580 3713; x_wconf 75' lang='grc' dir='ltr'><strong>δεῖ</strong></span> <span class='ocrx_word' id='word_1_585' title='bbox 2615 3656 2713 3723; x_wconf 87' lang='grc' dir='ltr'><strong>τάς</strong></span> <span class='ocrx_word' id='word_1_586' title='bbox 2752 3657 2921 3725; x_wconf 85' lang='grc' dir='ltr'>άλλας</span> <span class='ocrx_word' id='word_1_587' title='bbox 2973 3660 3248 3729; x_wconf 81' lang='grc' dir='ltr'>ἐπεξιέναι</span> <span class='ocrx_word' id='word_1_588' title='bbox 3280 3661 3668 3733; x_wconf 77' lang='grc' dir='ltr'>περιστάσειςς</span> 
     </span>
    </p>
   </div>
   <div class='ocr_carea' id='block_1_82' title="bbox 2089 3752 3670 3826">
    <p class='ocr_par' dir='ltr' id='par_1_82' title="bbox 2089 3752 3670 3826">
     <span class='ocr_line' id='line_1_82' title="bbox 2089 3752 3670 3826; baseline 0.001 -18"><span class='ocrx_word' id='word_1_589' title='bbox 2089 3753 2260 3817; x_wconf 74' lang='grc' dir='ltr'>Αὐτὸς</span> <span class='ocrx_word' id='word_1_590' title='bbox 2293 3752 2415 3807; x_wconf 85' lang='grc' dir='ltr'>καθ’</span> <span class='ocrx_word' id='word_1_591' title='bbox 2440 3752 2634 3807; x_wconf 74' lang='grc' dir='ltr'>ἐαυτὸν</span> <span class='ocrx_word' id='word_1_592' title='bbox 2661 3753 2690 3804; x_wconf 87' lang='grc' dir='ltr'><strong>ό</strong></span> <span class='ocrx_word' id='word_1_593' title='bbox 2716 3753 2816 3823; x_wconf 90' lang='grc' dir='ltr'><strong>τῆς</strong></span> <span class='ocrx_word' id='word_1_594' title='bbox 2840 3753 3199 3823; x_wconf 85' lang='grc' dir='ltr'>ἀναγνώσεως</span> <span class='ocrx_word' id='word_1_595' title='bbox 3224 3755 3427 3826; x_wconf 84' lang='grc' dir='ltr'>τρόπος</span> <span class='ocrx_word' id='word_1_596' title='bbox 3445 3754 3670 3819; x_wconf 71' lang='grc' dir='ltr'>οἰκείως</span> 
     </span>
    </p>
   </div>
   <div class='ocr_carea' id='block_1_83' title="bbox 2092 3843 3670 3919">
    <p class='ocr_par' dir='ltr' id='par_1_83' title="bbox 2092 3843 3670 3919">
     <span class='ocr_line' id='line_1_83' title="bbox 2092 3843 3670 3919; baseline 0 -20"><span class='ocrx_word' id='word_1_597' title='bbox 2092 3846 2193 3919; x_wconf 81' lang='grc' dir='ltr'>μὲν</span> <span class='ocrx_word' id='word_1_598' title='bbox 2219 3846 2454 3916; x_wconf 78' lang='grc' dir='ltr'>τοῖςνοή</span> <span class='ocrx_word' id='word_1_599' title='bbox 2464 3862 2597 3916; x_wconf 86' lang='grc' dir='ltr'>μασι</span> <span class='ocrx_word' id='word_1_600' title='bbox 2638 3843 2740 3915; x_wconf 84' lang='grc' dir='ltr'><strong>τῆς</strong></span> <span class='ocrx_word' id='word_1_601' title='bbox 2797 3845 2983 3917; x_wconf 86' lang='grc' dir='ltr'>φωνῆς</span> <span class='ocrx_word' id='word_1_602' title='bbox 3010 3846 3105 3899; x_wconf 80' lang='grc' dir='ltr'>τὸν</span> <span class='ocrx_word' id='word_1_603' title='bbox 3130 3843 3269 3918; x_wconf 78' lang='grc' dir='ltr'>ἦχον</span> <span class='ocrx_word' id='word_1_604' title='bbox 3288 3846 3670 3919; x_wconf 78' lang='grc' dir='ltr'>ἐναρμοζόμε-</span> 
     </span>
    </p>
   </div>
   <div class='ocr_carea' id='block_1_84' title="bbox 2088 3937 3671 4011">
    <p class='ocr_par' dir='ltr' id='par_1_84' title="bbox 2088 3937 3671 4011">
     <span class='ocr_line' id='line_1_84' title="bbox 2088 3937 3671 4011; baseline -0.001 -17"><span class='ocrx_word' id='word_1_605' title='bbox 2088 3956 2199 4005; x_wconf 90' lang='grc' dir='ltr'>νος,</span> <span class='ocrx_word' id='word_1_606' title='bbox 2236 3940 2419 4011; x_wconf 82' lang='grc' dir='ltr'>πάσης</span> <span class='ocrx_word' id='word_1_607' title='bbox 2445 3938 2681 4009; x_wconf 84' lang='grc' dir='ltr'>ἀπορίας</span> <span class='ocrx_word' id='word_1_608' title='bbox 2710 3937 3048 4008; x_wconf 78' lang='grc' dir='ltr'>ἀποτειχίζει</span> <span class='ocrx_word' id='word_1_609' title='bbox 3080 3939 3315 4010; x_wconf 85' lang='grc' dir='ltr'>πάροδον</span> <span class='ocrx_word' id='word_1_610' title='bbox 3337 3955 3355 3969; x_wconf 88' lang='grc'><strong>·</strong></span> <span class='ocrx_word' id='word_1_611' title='bbox 3383 3940 3671 3994; x_wconf 82' lang='grc' dir='ltr'>ἀπαλλατ-</span> 
     </span>
    </p>
   </div>
   <div class='ocr_carea' id='block_1_85' title="bbox 2087 4030 3668 4103">
    <p class='ocr_par' dir='ltr' id='par_1_85' title="bbox 2087 4030 3668 4103">
     <span class='ocr_line' id='line_1_85' title="bbox 2087 4030 3668 4103; baseline -0.001 -18"><span class='ocrx_word' id='word_1_612' title='bbox 2087 4032 2322 4103; x_wconf 77' lang='grc' dir='ltr'>τομένης</span> <span class='ocrx_word' id='word_1_613' title='bbox 2348 4031 2406 4085; x_wconf 80' lang='grc' dir='ltr'>δὲ</span> <span class='ocrx_word' id='word_1_614' title='bbox 2437 4031 2538 4100; x_wconf 83' lang='grc' dir='ltr'><strong>τῆς</strong></span> <span class='ocrx_word' id='word_1_615' title='bbox 2564 4030 2912 4101; x_wconf 84' lang='grc' dir='ltr'>καταλλήλου</span> <span class='ocrx_word' id='word_1_616' title='bbox 2936 4030 3123 4101; x_wconf 78' lang='grc' dir='ltr'>φωνῆς</span> <span class='ocrx_word' id='word_1_617' title='bbox 3166 4030 3244 4101; x_wconf 76' lang='grc' dir='ltr'>τῷ</span> <span class='ocrx_word' id='word_1_618' title='bbox 3292 4032 3547 4101; x_wconf 84' lang='grc' dir='ltr'>νοήματι,</span> <span class='ocrx_word' id='word_1_619' title='bbox 3583 4033 3668 4094; x_wconf 85' lang='grc' dir='ltr'><strong>είς</strong></span> 
     </span>
    </p>
   </div>
   <div class='ocr_carea' id='block_1_86' title="bbox 2087 4122 3664 4196">
    <p class='ocr_par' dir='ltr' id='par_1_86' title="bbox 2087 4122 3664 4196">
     <span class='ocr_line' id='line_1_86' title="bbox 2087 4122 3664 4196; baseline 0.001 -19"><span class='ocrx_word' id='word_1_620' title='bbox 2087 4124 2148 4177; x_wconf 86' lang='grc' dir='ltr'>τὸ</span> <span class='ocrx_word' id='word_1_621' title='bbox 2172 4123 2487 4193; x_wconf 83' lang='grc' dir='ltr'>ἀδιανόητον</span> <span class='ocrx_word' id='word_1_622' title='bbox 2513 4123 2575 4177; x_wconf 83' lang='grc' dir='ltr'><strong>τδ</strong></span> <span class='ocrx_word' id='word_1_623' title='bbox 2606 4122 2776 4192; x_wconf 81' lang='grc' dir='ltr'>σαφές</span> <span class='ocrx_word' id='word_1_624' title='bbox 2801 4122 3131 4177; x_wconf 79' lang='grc' dir='ltr'>καταδύεται</span> <span class='ocrx_word' id='word_1_625' title='bbox 3149 4137 3169 4152; x_wconf 84' lang='grc'><strong>·</strong></span> <span class='ocrx_word' id='word_1_626' title='bbox 3212 4142 3233 4176; x_wconf 72' lang='grc' dir='ltr'><strong>ι</strong></span> <span class='ocrx_word' id='word_1_627' title='bbox 3282 4122 3445 4193; x_wconf 81' lang='grc' dir='ltr'>Ἐγὼ,</span> <span class='ocrx_word' id='word_1_628' title='bbox 3468 4124 3664 4196; x_wconf 75' lang='grc' dir='ltr'>φησὶν,</span> 
     </span>
    </p>
   </div>
   <div class='ocr_carea' id='block_1_87' title="bbox 2087 4209 3664 4285">
    <p class='ocr_par' dir='ltr' id='par_1_87' title="bbox 2087 4209 3664 4285">
     <span class='ocr_line' id='line_1_87' title="bbox 2087 4209 3664 4285; baseline 0.001 -22"><span class='ocrx_word' id='word_1_629' title='bbox 2087 4209 2423 4281; x_wconf 79' lang='grc' dir='ltr'>ἐξελεξάμην</span> <span class='ocrx_word' id='word_1_630' title='bbox 2443 4210 2609 4281; x_wconf 78' lang='grc' dir='ltr'>ὑμᾶς,</span> <span class='ocrx_word' id='word_1_631' title='bbox 2640 4229 2660 4263; x_wconf 74' lang='grc' dir='ltr'><strong>ι</strong></span> <span class='ocrx_word' id='word_1_632' title='bbox 2686 4210 2824 4281; x_wconf 83' lang='grc' dir='ltr'>πρὸς</span> <span class='ocrx_word' id='word_1_633' title='bbox 2843 4213 2971 4276; x_wconf 82' lang='grc' dir='ltr'>τοὺς</span> <span class='ocrx_word' id='word_1_634' title='bbox 2996 4210 3246 4283; x_wconf 83' lang='grc' dir='ltr'>μαθητάς</span> <span class='ocrx_word' id='word_1_635' title='bbox 3268 4214 3521 4285; x_wconf 79' lang='grc' dir='ltr'>όΣωτήρ’</span> <span class='ocrx_word' id='word_1_636' title='bbox 3547 4216 3664 4281; x_wconf 67' lang='grc' dir='ltr'>καὶ,</span> 
     </span>
    </p>
   </div>
   <div class='ocr_carea' id='block_1_88' title="bbox 2095 4298 3672 4372">
    <p class='ocr_par' dir='ltr' id='par_1_88' title="bbox 2095 4298 3672 4372">
     <span class='ocr_line' id='line_1_88' title="bbox 2095 4298 3672 4372; baseline 0.004 -20"><span class='ocrx_word' id='word_1_637' title='bbox 2095 4318 2115 4352; x_wconf 75' lang='grc' dir='ltr'><strong>ι</strong></span> <span class='ocrx_word' id='word_1_638' title='bbox 2156 4300 2273 4354; x_wconf 79' lang='grc' dir='ltr'><strong>Οὐκ</strong></span> <span class='ocrx_word' id='word_1_639' title='bbox 2301 4298 2412 4368; x_wconf 87' lang='grc' dir='ltr'><strong>ἐγὼ</strong></span> <span class='ocrx_word' id='word_1_640' title='bbox 2440 4299 2774 4372; x_wconf 80' lang='grc' dir='ltr'>ἐξελεξάμην</span> <span class='ocrx_word' id='word_1_641' title='bbox 2796 4302 2943 4370; x_wconf 76' lang='grc' dir='ltr'>ὑμᾶς</span> <span class='ocrx_word' id='word_1_642' title='bbox 2974 4302 3088 4372; x_wconf 73' lang='grc'><strong>(12)</strong></span> <span class='ocrx_word' id='word_1_643' title='bbox 3113 4320 3131 4370; x_wconf 87' lang='grc'>;</span> <span class='ocrx_word' id='word_1_644' title='bbox 3162 4320 3182 4355; x_wconf 71' lang='grc' dir='ltr'><strong>ι</strong></span> <span class='ocrx_word' id='word_1_645' title='bbox 3206 4302 3275 4357; x_wconf 65' lang='lat' dir='ltr'><strong>Et</strong></span> <span class='ocrx_word' id='word_1_646' title='bbox 3297 4321 3381 4367; x_wconf 89' lang='grc' dir='ltr'><strong>τις</strong></span> <span class='ocrx_word' id='word_1_647' title='bbox 3406 4298 3501 4359; x_wconf 75' lang='grc' dir='ltr'>οὖν</span> <span class='ocrx_word' id='word_1_648' title='bbox 3538 4305 3672 4358; x_wconf 78' lang='grc' dir='ltr'>ἐκα-</span> 
     </span>
    </p>
   </div>
   <div class='ocr_carea' id='block_1_89' title="bbox 411 4367 1988 4468">
    <p class='ocr_par' dir='ltr' id='par_1_89' title="bbox 411 4375 1988 4447">
     <span class='ocr_line' id='line_1_89' title="bbox 411 4375 1988 4447; baseline 0.001 -16"><span class='ocrx_word' id='word_1_649' title='bbox 411 4386 543 4431; x_wconf 89' lang='lat' dir='ltr'><strong>tono</strong></span> <span class='ocrx_word' id='word_1_650' title='bbox 566 4375 784 4446; x_wconf 82' lang='lat' dir='ltr'><strong>figuret;</strong></span> <span class='ocrx_word' id='word_1_651' title='bbox 814 4376 898 4431; x_wconf 88' lang='lat' dir='ltr'><strong>vel</strong></span> <span class='ocrx_word' id='word_1_652' title='bbox 914 4376 1029 4431; x_wconf 89' lang='lat' dir='ltr'><strong>vice</strong></span> <span class='ocrx_word' id='word_1_653' title='bbox 1046 4391 1200 4431; x_wconf 89' lang='lat' dir='ltr'><strong>versa</strong></span> <span class='ocrx_word' id='word_1_654' title='bbox 1220 4376 1457 4446; x_wconf 85' lang='lat' dir='ltr'><strong>priorem</strong></span> <span class='ocrx_word' id='word_1_655' title='bbox 1480 4378 1881 4447; x_wconf 86' lang='lat' dir='ltr'><strong>interrogative,</strong></span> <span class='ocrx_word' id='word_1_656' title='bbox 1910 4379 1988 4433; x_wconf 86' lang='lat' dir='ltr'><strong>al-</strong></span> 
     </span>
    </p>
   </div>
   <div class='ocr_carea' id='block_1_90' title="bbox 2092 4367 3668 4468">
    <p class='ocr_par' dir='ltr' id='par_1_90' title="bbox 2092 4367 3668 4468">
     <span class='ocr_line' id='line_1_90' title="bbox 2092 4367 3668 4468; baseline 0.003 -23"><span class='ocrx_word' id='word_1_657' title='bbox 2092 4393 2255 4464; x_wconf 87' lang='grc' dir='ltr'>τέραν</span> <span class='ocrx_word' id='word_1_658' title='bbox 2296 4367 2405 4445; x_wconf 74' lang='grc' dir='ltr'><strong>τῶν</strong></span> <span class='ocrx_word' id='word_1_659' title='bbox 2431 4367 2808 4464; x_wconf 69' lang='grc' dir='ltr'>προκειμένων</span> <span class='ocrx_word' id='word_1_660' title='bbox 2835 4367 3204 4466; x_wconf 26' lang='lat' dir='ltr'><strong>menses—eq.</strong></span> <span class='ocrx_word' id='word_1_661' title='bbox 3236 4395 3387 4466; x_wconf 83' lang='grc' dir='ltr'><strong>αύτῷ</strong></span> <span class='ocrx_word' id='word_1_662' title='bbox 3410 4396 3511 4468; x_wconf 86' lang='grc' dir='ltr'><strong>τῆς</strong></span> <span class='ocrx_word' id='word_1_663' title='bbox 3551 4414 3668 4465; x_wconf 85' lang='grc' dir='ltr'>φω-</span> 
     </span>
    </p>
   </div>
   <div class='ocr_carea' id='block_1_91' title="bbox 410 4460 1986 4539">
    <p class='ocr_par' dir='ltr' id='par_1_91' title="bbox 410 4460 1986 4539">
     <span class='ocr_line' id='line_1_91' title="bbox 410 4460 1986 4539; baseline 0.003 -18"><span class='ocrx_word' id='word_1_664' title='bbox 410 4469 580 4523; x_wconf 84' lang='lat' dir='ltr'><strong>teram</strong></span> <span class='ocrx_word' id='word_1_665' title='bbox 601 4470 672 4523; x_wconf 88' lang='lat' dir='ltr'><strong>ita</strong></span> <span class='ocrx_word' id='word_1_666' title='bbox 701 4466 891 4523; x_wconf 66' lang='lat' dir='ltr'><strong>eﬂ‘erat</strong></span> <span class='ocrx_word' id='word_1_667' title='bbox 930 4479 987 4522; x_wconf 94' lang='lat' dir='ltr'><strong>ut</strong></span> <span class='ocrx_word' id='word_1_668' title='bbox 1022 4467 1260 4537; x_wconf 89' lang='lat' dir='ltr'><strong>priorem</strong></span> <span class='ocrx_word' id='word_1_669' title='bbox 1307 4460 1603 4539; x_wconf 78' lang='lat' dir='ltr'><strong>Oporteret,</strong></span> <span class='ocrx_word' id='word_1_670' title='bbox 1640 4484 1753 4524; x_wconf 87' lang='lat' dir='ltr'><strong>rem</strong></span> <span class='ocrx_word' id='word_1_671' title='bbox 1807 4472 1986 4526; x_wconf 89' lang='lat' dir='ltr'><strong>mani-</strong></span> 
     </span>
    </p>
   </div>
   <div class='ocr_carea' id='block_1_92' title="bbox 412 4554 1987 4632">
    <p class='ocr_par' dir='ltr' id='par_1_92' title="bbox 412 4554 1987 4632">
     <span class='ocr_line' id='line_1_92' title="bbox 412 4554 1987 4632; baseline 0.002 -16"><span class='ocrx_word' id='word_1_672' title='bbox 412 4560 608 4616; x_wconf 81' lang='lat' dir='ltr'><strong>festam</strong></span> <span class='ocrx_word' id='word_1_673' title='bbox 634 4560 702 4617; x_wconf 88' lang='lat' dir='ltr'><strong>ad</strong></span> <span class='ocrx_word' id='word_1_674' title='bbox 767 4560 1181 4632; x_wconf 80' lang='lat' dir='ltr'><strong>perplexitatem</strong></span> <span class='ocrx_word' id='word_1_675' title='bbox 1210 4560 1410 4625; x_wconf 87' lang='lat' dir='ltr'><strong>trahet,</strong></span> <span class='ocrx_word' id='word_1_676' title='bbox 1458 4570 1512 4616; x_wconf 92' lang='lat' dir='ltr'><strong>et</strong></span> <span class='ocrx_word' id='word_1_677' title='bbox 1563 4577 1628 4617; x_wconf 87' lang='lat' dir='ltr'><strong>ea</strong></span> <span class='ocrx_word' id='word_1_678' title='bbox 1679 4578 1801 4631; x_wconf 70' lang='lat' dir='ltr'><strong>quae</strong></span> <span class='ocrx_word' id='word_1_679' title='bbox 1850 4554 1987 4619; x_wconf 79' lang='lat' dir='ltr'><strong>nulli</strong></span> 
     </span>
    </p>
   </div>
   <div class='ocr_carea' id='block_1_93' title="bbox 408 4650 1985 4720">
    <p class='ocr_par' dir='ltr' id='par_1_93' title="bbox 408 4650 1985 4720">
     <span class='ocr_line' id='line_1_93' title="bbox 408 4650 1985 4720; baseline 0.003 -16"><span class='ocrx_word' id='word_1_680' title='bbox 408 4651 775 4706; x_wconf 88' lang='lat' dir='ltr'><strong>criminationi</strong></span> <span class='ocrx_word' id='word_1_681' title='bbox 815 4650 1053 4706; x_wconf 78' lang='lat' dir='ltr'><strong>obnoxia</strong></span> <span class='ocrx_word' id='word_1_682' title='bbox 1114 4660 1290 4716; x_wconf 89' lang='lat' dir='ltr'><strong>erant,</strong></span> <span class='ocrx_word' id='word_1_683' title='bbox 1318 4650 1372 4705; x_wconf 91' lang='lat' dir='ltr'><strong>iu</strong></span> <span class='ocrx_word' id='word_1_684' title='bbox 1417 4650 1576 4720; x_wconf 90' lang='lat' dir='ltr'><strong>culpa</strong></span> <span class='ocrx_word' id='word_1_685' title='bbox 1606 4659 1789 4720; x_wconf 91' lang='lat' dir='ltr'><strong>ponet.</strong></span> <span class='ocrx_word' id='word_1_686' title='bbox 1848 4651 1985 4708; x_wconf 82' lang='lat' dir='ltr'><strong>Nam</strong></span> 
     </span>
    </p>
   </div>
   <div class='ocr_carea' id='block_1_94' title="bbox 412 4741 1986 4813">
    <p class='ocr_par' dir='ltr' id='par_1_94' title="bbox 412 4741 1986 4813">
     <span class='ocr_line' id='line_1_94' title="bbox 412 4741 1986 4813; baseline 0.001 -17"><span class='ocrx_word' id='word_1_687' title='bbox 412 4742 509 4812; x_wconf 91' lang='lat' dir='ltr'><strong>qui</strong></span> <span class='ocrx_word' id='word_1_688' title='bbox 559 4742 813 4813; x_wconf 85' lang='lat' dir='ltr'><strong>elegerat,</strong></span> <span class='ocrx_word' id='word_1_689' title='bbox 866 4758 993 4798; x_wconf 90' lang='lat' dir='ltr'><strong>cum</strong></span> <span class='ocrx_word' id='word_1_690' title='bbox 1046 4741 1331 4798; x_wconf 89' lang='lat' dir='ltr'><strong>electionis</strong></span> <span class='ocrx_word' id='word_1_691' title='bbox 1372 4756 1485 4797; x_wconf 73' lang='lat' dir='ltr'><strong>suae</strong></span> <span class='ocrx_word' id='word_1_692' title='bbox 1532 4743 1793 4799; x_wconf 90' lang='lat' dir='ltr'><strong>conscius</strong></span> <span class='ocrx_word' id='word_1_693' title='bbox 1820 4756 1986 4810; x_wconf 86' lang='lat' dir='ltr'><strong>esset,</strong></span> 
     </span>
    </p>
   </div>
   <div class='ocr_carea' id='block_1_95' title="bbox 2088 4483 3672 4559">
    <p class='ocr_par' dir='ltr' id='par_1_95' title="bbox 2088 4483 3672 4559">
     <span class='ocr_line' id='line_1_95' title="bbox 2088 4483 3672 4559; baseline 0.003 -21"><span class='ocrx_word' id='word_1_694' title='bbox 2088 4485 2186 4555; x_wconf 88' lang='grc' dir='ltr'><strong>νῆς</strong></span> <span class='ocrx_word' id='word_1_695' title='bbox 2214 4483 2718 4554; x_wconf 84' lang='grc' dir='ltr'>κατασχηματίσειε</span> <span class='ocrx_word' id='word_1_696' title='bbox 2755 4483 2974 4556; x_wconf 77' lang='grc' dir='ltr'>τόνῳ,ἢ</span> <span class='ocrx_word' id='word_1_697' title='bbox 3011 4485 3073 4539; x_wconf 82' lang='grc' dir='ltr'>τὸ</span> <span class='ocrx_word' id='word_1_698' title='bbox 3095 4487 3389 4541; x_wconf 74' lang='grc' dir='ltr'>’ἀνάπαλιν</span> <span class='ocrx_word' id='word_1_699' title='bbox 3436 4488 3537 4559; x_wconf 79' lang='grc' dir='ltr'>τὴν</span> <span class='ocrx_word' id='word_1_700' title='bbox 3563 4488 3672 4558; x_wconf 72' lang='grc' dir='ltr'>μὲν</span> 
     </span>
    </p>
   </div>
   <div class='ocr_carea' id='block_1_96' title="bbox 2088 4573 3669 4649">
    <p class='ocr_par' dir='ltr' id='par_1_96' title="bbox 2088 4573 3669 4649">
     <span class='ocr_line' id='line_1_96' title="bbox 2088 4573 3669 4649; baseline 0.006 -21"><span class='ocrx_word' id='word_1_701' title='bbox 2088 4574 2362 4646; x_wconf 84' lang='grc' dir='ltr'>προτέραν</span> <span class='ocrx_word' id='word_1_702' title='bbox 2387 4576 2444 4627; x_wconf 82' lang='grc' dir='ltr'><strong>ἐν</strong></span> <span class='ocrx_word' id='word_1_703' title='bbox 2472 4575 2759 4645; x_wconf 75' lang='grc' dir='ltr'>ἐρωτήσει,</span> <span class='ocrx_word' id='word_1_704' title='bbox 2783 4574 2885 4645; x_wconf 79' lang='grc' dir='ltr'>τὴν</span> <span class='ocrx_word' id='word_1_705' title='bbox 2927 4574 2986 4628; x_wconf 86' lang='grc' dir='ltr'><strong>δέ</strong></span> <span class='ocrx_word' id='word_1_706' title='bbox 3018 4576 3280 4648; x_wconf 84' lang='grc' dir='ltr'>δευτέραν</span> <span class='ocrx_word' id='word_1_707' title='bbox 3300 4580 3437 4649; x_wconf 81' lang='grc' dir='ltr'>ὅπερ</span> <span class='ocrx_word' id='word_1_708' title='bbox 3465 4573 3535 4649; x_wconf 75' lang='grc' dir='ltr'>ἦν</span> <span class='ocrx_word' id='word_1_709' title='bbox 3564 4576 3669 4649; x_wconf 78' lang='grc' dir='ltr'><strong>τῆς</strong></span> 
     </span>
    </p>
   </div>
   <div class='ocr_carea' id='block_1_97' title="bbox 2088 4664 3666 4742">
    <p class='ocr_par' dir='ltr' id='par_1_97' title="bbox 2088 4664 3666 4742">
     <span class='ocr_line' id='line_1_97' title="bbox 2088 4664 3666 4742; baseline 0.005 -25"><span class='ocrx_word' id='word_1_710' title='bbox 2088 4666 2364 4737; x_wconf 80' lang='grc' dir='ltr'>προτέρας</span> <span class='ocrx_word' id='word_1_711' title='bbox 2393 4664 2819 4735; x_wconf 85' lang='grc' dir='ltr'>ἀποφηνάμενος</span> <span class='ocrx_word' id='word_1_712' title='bbox 2856 4669 3204 4738; x_wconf 81' lang='grc' dir='ltr'>προενέγκοι,</span> <span class='ocrx_word' id='word_1_713' title='bbox 3232 4671 3299 4725; x_wconf 89' lang='grc' dir='ltr'><strong>τά</strong></span> <span class='ocrx_word' id='word_1_714' title='bbox 3332 4670 3476 4742; x_wconf 82' lang='grc' dir='ltr'>σαφῆ</span> <span class='ocrx_word' id='word_1_715' title='bbox 3506 4670 3666 4742; x_wconf 73' lang='grc' dir='ltr'>ποιήε-</span> 
     </span>
    </p>
   </div>
   <div class='ocr_carea' id='block_1_98' title="bbox 2090 4757 3660 4835">
    <p class='ocr_par' dir='ltr' id='par_1_98' title="bbox 2090 4757 3660 4835">
     <span class='ocr_line' id='line_1_98' title="bbox 2090 4757 3660 4835; baseline 0.003 -24"><span class='ocrx_word' id='word_1_716' title='bbox 2090 4775 2174 4811; x_wconf 87' lang='grc' dir='ltr'><strong>σει</strong></span> <span class='ocrx_word' id='word_1_717' title='bbox 2206 4757 2606 4827; x_wconf 78' lang='grc' dir='ltr'>δυστέκμαρτα,</span> <span class='ocrx_word' id='word_1_718' title='bbox 2644 4758 2740 4812; x_wconf 79' lang='grc' dir='ltr'>καὶ</span> <span class='ocrx_word' id='word_1_719' title='bbox 2763 4758 2832 4813; x_wconf 88' lang='grc' dir='ltr'><strong>τά</strong></span> <span class='ocrx_word' id='word_1_720' title='bbox 2854 4758 3028 4830; x_wconf 89' lang='grc' dir='ltr'>λαϐῆς</span> <span class='ocrx_word' id='word_1_721' title='bbox 3049 4762 3268 4832; x_wconf 85' lang='grc' dir='ltr'>ἀπάσης</span> <span class='ocrx_word' id='word_1_722' title='bbox 3290 4762 3660 4835; x_wconf 75' lang='grc' dir='ltr'>ὑπερανεστηο</span> 
     </span>
    </p>
   </div>
   <div class='ocr_carea' id='block_1_99' title="bbox 416 4830 1988 4921">
    <p class='ocr_par' dir='ltr' id='par_1_99' title="bbox 416 4830 1988 4906">
     <span class='ocr_line' id='line_1_99' title="bbox 416 4830 1988 4906; baseline 0.004 -21"><span class='ocrx_word' id='word_1_723' title='bbox 416 4842 580 4902; x_wconf 84' lang='lat' dir='ltr'><strong>atque</strong></span> <span class='ocrx_word' id='word_1_724' title='bbox 614 4834 753 4888; x_wconf 81' lang='lat' dir='ltr'><strong>hanc</strong></span> <span class='ocrx_word' id='word_1_725' title='bbox 781 4833 1064 4906; x_wconf 88' lang='lat' dir='ltr'><strong>discipulis</strong></span> <span class='ocrx_word' id='word_1_726' title='bbox 1090 4834 1144 4888; x_wconf 92' lang='lat' dir='ltr'><strong>in</strong></span> <span class='ocrx_word' id='word_1_727' title='bbox 1166 4842 1402 4889; x_wconf 92' lang='lat' dir='ltr'><strong>mentem</strong></span> <span class='ocrx_word' id='word_1_728' title='bbox 1450 4830 1751 4900; x_wconf 89' lang='lat' dir='ltr'><strong>revocaret,</strong></span> <span class='ocrx_word' id='word_1_729' title='bbox 1790 4851 1861 4892; x_wconf 88' lang='lat' dir='ltr'><strong>ne</strong></span> <span class='ocrx_word' id='word_1_730' title='bbox 1892 4851 1988 4891; x_wconf 85' lang='lat' dir='ltr'><strong>an-</strong></span> 
     </span>
    </p>
   </div>
   <div class='ocr_carea' id='block_1_100' title="bbox 2092 4830 3667 4921">
    <p class='ocr_par' dir='ltr' id='par_1_100' title="bbox 2092 4830 3667 4921">
     <span class='ocr_line' id='line_1_100' title="bbox 2092 4830 3667 4921; baseline 0.003 -20"><span class='ocrx_word' id='word_1_731' title='bbox 2092 4847 2222 4901; x_wconf 85' lang='grc' dir='ltr'>κότα</span> <span class='ocrx_word' id='word_1_732' title='bbox 2279 4845 2569 4917; x_wconf 84' lang='grc' dir='ltr'>ἐπίμωμα.</span> <span class='ocrx_word' id='word_1_733' title='bbox 2628 4847 2688 4901; x_wconf 89' lang='lat'><strong>&#39;0</strong></span> <span class='ocrx_word' id='word_1_734' title='bbox 2738 4850 2847 4919; x_wconf 85' lang='grc' dir='ltr'><strong>γάρ</strong></span> <span class='ocrx_word' id='word_1_735' title='bbox 2883 4830 3263 4921; x_wconf 81' lang='grc' dir='ltr'>ἐκλεξάμενος,</span> <span class='ocrx_word' id='word_1_736' title='bbox 3315 4830 3471 4916; x_wconf 66' lang='grc' dir='ltr'>είδῶς</span> <span class='ocrx_word' id='word_1_737' title='bbox 3494 4868 3556 4905; x_wconf 84' lang='grc' dir='ltr'><strong>τε</strong></span> 
     </span>
    </p>
   </div>
   <div class='ocr_carea' id='block_1_101' title="bbox 410 4925 1997 4997">
    <p class='ocr_par' dir='ltr' id='par_1_101' title="bbox 410 4925 1997 4997">
     <span class='ocr_line' id='line_1_101' title="bbox 410 4925 1997 4997; baseline 0.003 -17"><span class='ocrx_word' id='word_1_738' title='bbox 410 4926 621 4995; x_wconf 88' lang='lat' dir='ltr'><strong>tiquum</strong></span> <span class='ocrx_word' id='word_1_739' title='bbox 652 4927 863 4982; x_wconf 86' lang='lat' dir='ltr'><strong>scilicet</strong></span> <span class='ocrx_word' id='word_1_740' title='bbox 886 4926 1270 4983; x_wconf 58' lang='lat' dir='ltr'><strong>benevolentior</strong></span> <span class='ocrx_word' id='word_1_741' title='bbox 1315 4942 1440 4997; x_wconf 89' lang='lat' dir='ltr'><strong>erga</strong></span> <span class='ocrx_word' id='word_1_742' title='bbox 1472 4942 1533 4983; x_wconf 88' lang='lat' dir='ltr'><strong>se</strong></span> <span class='ocrx_word' id='word_1_743' title='bbox 1580 4925 1821 4982; x_wconf 89' lang='lat' dir='ltr'><strong>debitum</strong></span> <span class='ocrx_word' id='word_1_744' title='bbox 1856 4930 1997 4984; x_wconf 84' lang='lat' dir='ltr'><strong>obli-</strong></span> 
     </span>
    </p>
   </div>
   <div class='ocr_carea' id='block_1_102' title="bbox 409 5017 1998 5092">
    <p class='ocr_par' dir='ltr' id='par_1_102' title="bbox 409 5017 1998 5092">
     <span class='ocr_line' id='line_1_102' title="bbox 409 5017 1998 5092; baseline 0.003 -20"><span class='ocrx_word' id='word_1_745' title='bbox 409 5019 588 5073; x_wconf 89' lang='lat' dir='ltr'><strong>vionis</strong></span> <span class='ocrx_word' id='word_1_746' title='bbox 625 5017 880 5074; x_wconf 83' lang='lat' dir='ltr'><strong>ﬂuctibus</strong></span> <span class='ocrx_word' id='word_1_747' title='bbox 912 5018 1270 5089; x_wconf 81' lang='lat' dir='ltr'><strong>abriperetur,</strong></span> <span class='ocrx_word' id='word_1_748' title='bbox 1301 5028 1467 5089; x_wconf 89' lang='lat' dir='ltr'><strong>atque</strong></span> <span class='ocrx_word' id='word_1_749' title='bbox 1485 5026 1547 5073; x_wconf 88' lang='lat' dir='ltr'><strong>ut</strong></span> <span class='ocrx_word' id='word_1_750' title='bbox 1573 5033 1669 5075; x_wconf 89' lang='lat' dir='ltr'><strong>eos</strong></span> <span class='ocrx_word' id='word_1_751' title='bbox 1696 5022 1998 5092; x_wconf 77' lang='lat' dir='ltr'><strong>proinptio-</strong></span> 
     </span>
    </p>
   </div>
   <div class='ocr_carea' id='block_1_103' title="bbox 2089 4936 3667 5018">
    <p class='ocr_par' dir='ltr' id='par_1_103' title="bbox 2089 4936 3667 5018">
     <span class='ocr_line' id='line_1_103' title="bbox 2089 4936 3667 5018; baseline 0.003 -27"><span class='ocrx_word' id='word_1_752' title='bbox 2089 4936 2390 5003; x_wconf 80' lang='grc' dir='ltr'>ἐξελέξατο,</span> <span class='ocrx_word' id='word_1_753' title='bbox 2421 4939 2516 4992; x_wconf 76' lang='grc' dir='ltr'>καὶ</span> <span class='ocrx_word' id='word_1_754' title='bbox 2548 4940 2664 5002; x_wconf 76' lang='grc' dir='ltr'>τοῖς</span> <span class='ocrx_word' id='word_1_755' title='bbox 2694 4939 2961 5010; x_wconf 81' lang='grc' dir='ltr'>μαθηταῖς</span> <span class='ocrx_word' id='word_1_756' title='bbox 3001 4940 3101 5013; x_wconf 81' lang='grc' dir='ltr'>τὴν</span> <span class='ocrx_word' id='word_1_757' title='bbox 3130 4941 3363 5018; x_wconf 78' lang='grc' dir='ltr'>ἐκλογὴν</span> <span class='ocrx_word' id='word_1_758' title='bbox 3400 4944 3493 4996; x_wconf 74' lang='grc' dir='ltr'>ἐπὶ</span> <span class='ocrx_word' id='word_1_759' title='bbox 3526 4943 3667 5013; x_wconf 77' lang='grc' dir='ltr'>μνή-</span> 
     </span>
    </p>
   </div>
   <div class='ocr_carea' id='block_1_104' title="bbox 2095 5028 3675 5105">
    <p class='ocr_par' dir='ltr' id='par_1_104' title="bbox 2095 5028 3675 5105">
     <span class='ocr_line' id='line_1_104' title="bbox 2095 5028 3675 5105; baseline -0.006 -11"><span class='ocrx_word' id='word_1_760' title='bbox 2095 5045 2205 5100; x_wconf 81' lang='grc' dir='ltr'>μης</span> <span class='ocrx_word' id='word_1_761' title='bbox 2251 5030 2457 5100; x_wconf 76' lang='grc' dir='ltr'>φέρων,</span> <span class='ocrx_word' id='word_1_762' title='bbox 2511 5028 2587 5094; x_wconf 80' lang='grc' dir='ltr'>ὼς</span> <span class='ocrx_word' id='word_1_763' title='bbox 2614 5030 2682 5084; x_wconf 80' lang='grc' dir='ltr'>ἂν</span> <span class='ocrx_word' id='word_1_764' title='bbox 2704 5029 2765 5083; x_wconf 88' lang='grc' dir='ltr'><strong>τό</strong></span> <span class='ocrx_word' id='word_1_765' title='bbox 2791 5045 2852 5083; x_wconf 80' lang='grc' dir='ltr'><strong>τε</strong></span> <span class='ocrx_word' id='word_1_766' title='bbox 2880 5031 3107 5102; x_wconf 81' lang='grc' dir='ltr'>ἀρχαῖον</span> <span class='ocrx_word' id='word_1_767' title='bbox 3134 5032 3294 5103; x_wconf 76' lang='grc' dir='ltr'>χρέος</span> <span class='ocrx_word' id='word_1_768' title='bbox 3326 5032 3425 5105; x_wconf 85' lang='grc' dir='ltr'><strong>τῆς</strong></span> <span class='ocrx_word' id='word_1_769' title='bbox 3452 5032 3534 5097; x_wconf 82' lang='grc' dir='ltr'><strong>είς</strong></span> <span class='ocrx_word' id='word_1_770' title='bbox 3567 5032 3675 5087; x_wconf 64' lang='grc' dir='ltr'>αὺ-</span> 
     </span>
    </p>
   </div>
   <div class='ocr_carea' id='block_1_105' title="bbox 484 5146 2091 5226">
    <p class='ocr_par' dir='ltr' id='par_1_105' title="bbox 484 5146 2091 5226">
     <span class='ocr_line' id='line_1_105' title="bbox 484 5146 2091 5226; baseline 0.009 -26"><span class='ocrx_word' id='word_1_771' title='bbox 484 5148 527 5179; x_wconf 77' lang='lat'><strong>&quot;</strong></span> <span class='ocrx_word' id='word_1_772' title='bbox 559 5146 725 5203; x_wconf 82' lang='lat' dir='ltr'><strong>Marc.</strong></span> <span class='ocrx_word' id='word_1_773' title='bbox 751 5163 813 5211; x_wconf 84' lang='grc' dir='ltr'><strong>ιι,</strong></span> <span class='ocrx_word' id='word_1_774' title='bbox 842 5146 934 5203; x_wconf 76' lang='grc'><strong>25.</strong></span> <span class='ocrx_word' id='word_1_775' title='bbox 989 5147 1033 5179; x_wconf 71' lang='grc'>⁸⁸</span> <span class='ocrx_word' id='word_1_776' title='bbox 1064 5146 1223 5203; x_wconf 86' lang='lat' dir='ltr'><strong>Joau.</strong></span> <span class='ocrx_word' id='word_1_777' title='bbox 1278 5163 1372 5215; x_wconf 78' lang='lat' dir='ltr'><strong>xv,</strong></span> <span class='ocrx_word' id='word_1_778' title='bbox 1421 5147 1509 5205; x_wconf 86' lang='grc'><strong>16.</strong></span> <span class='ocrx_word' id='word_1_779' title='bbox 1586 5149 1630 5181; x_wconf 79' lang='grc'><strong>⁸⁵</strong></span> <span class='ocrx_word' id='word_1_780' title='bbox 1672 5146 1831 5206; x_wconf 82' lang='lat' dir='ltr'><strong>Joan.</strong></span> <span class='ocrx_word' id='word_1_781' title='bbox 1892 5160 2091 5226; x_wconf 73' lang='lat' dir='ltr'><strong>v1,°7l.</strong></span> 
     </span>
    </p>
   </div>
   <div class='ocr_carea' id='block_1_106' title="bbox 1910 5274 2139 5332">
    <p class='ocr_par' dir='ltr' id='par_1_106' title="bbox 1910 5274 2139 5332">
     <span class='ocr_line' id='line_1_106' title="bbox 1910 5274 2139 5332; baseline 0.009 -2"><span class='ocrx_word' id='word_1_782' title='bbox 1910 5274 2139 5332; x_wconf 61' lang='lat' dir='ltr'><strong>NOTAE.</strong></span> 
     </span>
    </p>
   </div>
   <div class='ocr_carea' id='block_1_107' title="bbox 478 5379 1987 5454">
    <p class='ocr_par' dir='ltr' id='par_1_107' title="bbox 478 5379 1987 5454">
     <span class='ocr_line' id='line_1_107' title="bbox 478 5379 1987 5454; baseline 0.003 -18"><span class='ocrx_word' id='word_1_783' title='bbox 478 5381 593 5454; x_wconf 87' lang='grc'><strong>(11)</strong></span> <span class='ocrx_word' id='word_1_784' title='bbox 623 5381 698 5454; x_wconf 79' lang='lat' dir='ltr'><strong>De</strong></span> <span class='ocrx_word' id='word_1_785' title='bbox 725 5380 988 5454; x_wconf 84' lang='lat' dir='ltr'><strong>vocabulo</strong></span> <span class='ocrx_word' id='word_1_786' title='bbox 1014 5380 1215 5454; x_wconf 72' lang='grc' dir='ltr'>αἴτιον,</span> <span class='ocrx_word' id='word_1_787' title='bbox 1235 5379 1454 5454; x_wconf 81' lang='lat' dir='ltr'><strong>dealiis</strong></span> <span class='ocrx_word' id='word_1_788' title='bbox 1474 5381 1569 5454; x_wconf 82' lang='lat' dir='ltr'><strong>Dei</strong></span> <span class='ocrx_word' id='word_1_789' title='bbox 1600 5381 1782 5439; x_wconf 89' lang='lat' dir='ltr'><strong>Patris</strong></span> <span class='ocrx_word' id='word_1_790' title='bbox 1809 5388 1987 5441; x_wconf 83' lang='lat' dir='ltr'><strong>nomi-</strong></span> 
     </span>
    </p>
   </div>
   <div class='ocr_carea' id='block_1_108' title="bbox 411 5450 1983 5525">
    <p class='ocr_par' dir='ltr' id='par_1_108' title="bbox 411 5450 1983 5525">
     <span class='ocr_line' id='line_1_108' title="bbox 411 5450 1983 5525; baseline -0.004 -18"><span class='ocrx_word' id='word_1_791' title='bbox 411 5450 647 5525; x_wconf 61' lang='lat' dir='ltr'><strong>uibu§&#39;_et</strong></span> <span class='ocrx_word' id='word_1_792' title='bbox 669 5451 736 5525; x_wconf 85' lang='lat' dir='ltr'><strong>de</strong></span> <span class='ocrx_word' id='word_1_793' title='bbox 770 5458 881 5505; x_wconf 91' lang='lat' dir='ltr'><strong>toto</strong></span> <span class='ocrx_word' id='word_1_794' title='bbox 907 5453 1009 5506; x_wconf 90' lang='lat' dir='ltr'><strong>hoc</strong></span> <span class='ocrx_word' id='word_1_795' title='bbox 1040 5450 1161 5525; x_wconf 87' lang='lat' dir='ltr'><strong>loco</strong></span> <span class='ocrx_word' id='word_1_796' title='bbox 1182 5451 1491 5525; x_wconf 65' lang='lat' dir='ltr'><strong>theologica</strong></span> <span class='ocrx_word' id='word_1_797' title='bbox 1524 5452 1725 5523; x_wconf 85' lang='lat' dir='ltr'><strong>legesis</strong></span> <span class='ocrx_word' id='word_1_798' title='bbox 1754 5464 1983 5525; x_wconf 64' lang='lat' dir='ltr'><strong>puncta-</strong></span> 
     </span>
    </p>
   </div>
   <div class='ocr_carea' id='block_1_109' title="bbox 409 5520 1979 5593">
    <p class='ocr_par' dir='ltr' id='par_1_109' title="bbox 409 5520 1979 5593">
     <span class='ocr_line' id='line_1_109' title="bbox 409 5520 1979 5593; baseline 0.006 -17"><span class='ocrx_word' id='word_1_799' title='bbox 409 5537 502 5593; x_wconf 81' lang='lat' dir='ltr'><strong>ras</strong></span> <span class='ocrx_word' id='word_1_800' title='bbox 531 5520 631 5576; x_wconf 89' lang='lat' dir='ltr'><strong>SS.</strong></span> <span class='ocrx_word' id='word_1_801' title='bbox 650 5522 885 5593; x_wconf 21' lang='lat' dir='ltr'><strong>Al&#39;atrum</strong></span> <span class='ocrx_word' id='word_1_802' title='bbox 915 5523 1266 5578; x_wconf 86' lang='lat' dir='ltr'><strong>auctoritates</strong></span> <span class='ocrx_word' id='word_1_803' title='bbox 1289 5520 1431 5593; x_wconf 78' lang='lat' dir='ltr'><strong>apud</strong></span> <span class='ocrx_word' id='word_1_804' title='bbox 1467 5520 1774 5591; x_wconf 60' lang='lat' dir='ltr'><strong>Petavium&#39;,</strong></span> <span class='ocrx_word' id='word_1_805' title='bbox 1799 5524 1979 5585; x_wconf 84' lang='lat' dir='ltr'><strong>Theol.</strong></span> 
     </span>
    </p>
   </div>
   <div class='ocr_carea' id='block_1_110' title="bbox 406 5590 964 5662">
    <p class='ocr_par' dir='ltr' id='par_1_110' title="bbox 406 5590 964 5662">
     <span class='ocr_line' id='line_1_110' title="bbox 406 5590 964 5662; baseline -0.002 -16"><span class='ocrx_word' id='word_1_806' title='bbox 406 5592 527 5662; x_wconf 83' lang='lat' dir='ltr'><strong>dog.</strong></span> <span class='ocrx_word' id='word_1_807' title='bbox 558 5594 623 5646; x_wconf 86' lang='lat' dir='ltr'><strong>de</strong></span> <span class='ocrx_word' id='word_1_808' title='bbox 646 5590 794 5645; x_wconf 81' lang='lat' dir='ltr'><strong>&#39;l&#39;rin.</strong></span> <span class='ocrx_word' id='word_1_809' title='bbox 837 5608 889 5655; x_wconf 90' lang='lat' dir='ltr'><strong>v,</strong></span> <span class='ocrx_word' id='word_1_810' title='bbox 914 5593 964 5647; x_wconf 84' lang='lat'><strong>5.</strong></span> 
     </span>
    </p>
   </div>
   <div class='ocr_carea' id='block_1_111' title="bbox 479 5661 1981 5737">
    <p class='ocr_par' dir='ltr' id='par_1_111' title="bbox 479 5661 1981 5737">
     <span class='ocr_line' id='line_1_111' title="bbox 479 5661 1981 5737; baseline 0.007 -22"><span class='ocrx_word' id='word_1_811' title='bbox 479 5662 592 5733; x_wconf 73' lang='lat'><strong>(12)</strong></span> <span class='ocrx_word' id='word_1_812' title='bbox 622 5663 855 5732; x_wconf 82' lang='lat' dir='ltr'><strong>Antiqua</strong></span> <span class='ocrx_word' id='word_1_813' title='bbox 877 5663 1084 5721; x_wconf 89' lang='lat' dir='ltr'><strong>scilicet</strong></span> <span class='ocrx_word' id='word_1_814' title='bbox 1105 5661 1416 5720; x_wconf 69' lang='lat' dir='ltr'><strong>Graecorum</strong></span> <span class='ocrx_word' id='word_1_815' title='bbox 1463 5664 1731 5737; x_wconf 85' lang='lat' dir='ltr'><strong>scriptura</strong></span> <span class='ocrx_word' id='word_1_816' title='bbox 1760 5668 1981 5725; x_wconf 88' lang='lat' dir='ltr'><strong>carebat</strong></span> 
     </span>
    </p>
   </div>
   <div class='ocr_carea' id='block_1_112' title="bbox 2085 5390 3666 5469">
    <p class='ocr_par' dir='ltr' id='par_1_112' title="bbox 2085 5390 3666 5469">
     <span class='ocr_line' id='line_1_112' title="bbox 2085 5390 3666 5469; baseline 0.005 -23"><span class='ocrx_word' id='word_1_817' title='bbox 2085 5401 2213 5469; x_wconf 84' lang='lat' dir='ltr'><strong>nota</strong></span> <span class='ocrx_word' id='word_1_818' title='bbox 2240 5390 2330 5469; x_wconf 81' lang='lat' dir='ltr'><strong>illa</strong></span> <span class='ocrx_word' id='word_1_819' title='bbox 2361 5391 2759 5469; x_wconf 73' lang='lat' dir='ltr'><strong>interrogandi,</strong></span> <span class='ocrx_word' id='word_1_820' title='bbox 2800 5408 2902 5469; x_wconf 86' lang='lat' dir='ltr'><strong>qua</strong></span> <span class='ocrx_word' id='word_1_821' title='bbox 2936 5410 3083 5469; x_wconf 76' lang='lat' dir='ltr'><strong>nunc</strong></span> <span class='ocrx_word' id='word_1_822' title='bbox 3110 5396 3516 5468; x_wconf 78' lang='lat' dir='ltr'><strong>perSpicuitatis</strong></span> <span class='ocrx_word' id='word_1_823' title='bbox 3547 5416 3666 5469; x_wconf 80' lang='lat' dir='ltr'><strong>gra-</strong></span> 
     </span>
    </p>
   </div>
   <div class='ocr_carea' id='block_1_113' title="bbox 2086 5462 3666 5533">
    <p class='ocr_par' dir='ltr' id='par_1_113' title="bbox 2086 5462 3666 5533">
     <span class='ocr_line' id='line_1_113' title="bbox 2086 5462 3666 5533; baseline 0.005 -17"><span class='ocrx_word' id='word_1_824' title='bbox 2086 5463 2158 5516; x_wconf 91' lang='lat' dir='ltr'><strong>tia</strong></span> <span class='ocrx_word' id='word_1_825' title='bbox 2181 5463 2407 5533; x_wconf 88' lang='lat' dir='ltr'><strong>utimur.</strong></span> <span class='ocrx_word' id='word_1_826' title='bbox 2440 5462 2647 5533; x_wconf 73' lang='lat' dir='ltr'><strong>Iieapse</strong></span> <span class='ocrx_word' id='word_1_827' title='bbox 2701 5467 2789 5519; x_wconf 78' lang='lat' dir='ltr'><strong>vix</strong></span> <span class='ocrx_word' id='word_1_828' title='bbox 2818 5462 2901 5519; x_wconf 60' lang='lat' dir='ltr'><strong>&#39;iu</strong></span> <span class='ocrx_word' id='word_1_829' title='bbox 2956 5462 3253 5523; x_wconf 69' lang='lat' dir='ltr'><strong>codicibus</strong></span> <span class='ocrx_word' id='word_1_830' title='bbox 3268 5462 3666 5524; x_wconf 65' lang='lat' dir='ltr'><strong>recentissimos</strong></span> 
     </span>
    </p>
   </div>
   <div class='ocr_carea' id='block_1_114' title="bbox 2082 5532 2883 5603">
    <p class='ocr_par' dir='ltr' id='par_1_114' title="bbox 2082 5532 2883 5603">
     <span class='ocr_line' id='line_1_114' title="bbox 2082 5532 2883 5603; baseline 0.004 -18"><span class='ocrx_word' id='word_1_831' title='bbox 2082 5532 2341 5603; x_wconf 54' lang='lat' dir='ltr'><strong>praedicta</strong></span> <span class='ocrx_word' id='word_1_832' title='bbox 2367 5542 2491 5585; x_wconf 85' lang='lat' dir='ltr'><strong>nota</strong></span> <span class='ocrx_word' id='word_1_833' title='bbox 2526 5532 2883 5603; x_wconf 73' lang='lat' dir='ltr'><strong>conspicitur.</strong></span> 
     </span>
    </p>
   </div>
   <div class='ocr_carea' id='block_1_115' title="bbox 2155 5600 3657 5673">
    <p class='ocr_par' dir='ltr' id='par_1_115' title="bbox 2155 5600 3657 5673">
     <span class='ocr_line' id='line_1_115' title="bbox 2155 5600 3657 5673; baseline 0.003 -18"><span class='ocrx_word' id='word_1_834' title='bbox 2155 5600 2272 5673; x_wconf 15' lang='lat'><strong>(13);</strong></span> <span class='ocrx_word' id='word_1_835' title='bbox 2303 5602 2357 5673; x_wconf 75' lang='lat' dir='ltr'><strong>Si</strong></span> <span class='ocrx_word' id='word_1_836' title='bbox 2391 5617 2558 5655; x_wconf 85' lang='lat' dir='ltr'><strong>nonne</strong></span> <span class='ocrx_word' id='word_1_837' title='bbox 2578 5600 2764 5659; x_wconf 71' lang='lat' dir='ltr'><strong>Latine</strong></span> <span class='ocrx_word' id='word_1_838' title='bbox 2795 5605 2966 5673; x_wconf 85' lang='lat' dir='ltr'><strong>dicas,</strong></span> <span class='ocrx_word' id='word_1_839' title='bbox 2990 5607 3101 5662; x_wconf 88' lang='lat' dir='ltr'><strong>vim</strong></span> <span class='ocrx_word' id='word_1_840' title='bbox 3125 5608 3406 5665; x_wconf 66' lang='lat' dir='ltr'><strong>sententia:</strong></span> <span class='ocrx_word' id='word_1_841' title='bbox 3435 5605 3657 5664; x_wconf 81' lang='lat' dir='ltr'><strong>Photin-</strong></span> 
     </span>
    </p>
   </div>
   <div class='ocr_carea' id='block_1_116' title="bbox 2082 5671 2473 5743">
    <p class='ocr_par' dir='ltr' id='par_1_116' title="bbox 2082 5671 2473 5743">
     <span class='ocr_line' id='line_1_116' title="bbox 2082 5671 2473 5743; baseline -0.003 -16"><span class='ocrx_word' id='word_1_842' title='bbox 2082 5671 2172 5727; x_wconf 55' lang='grc' dir='ltr'><strong>ηαξ</strong></span> <span class='ocrx_word' id='word_1_843' title='bbox 2194 5671 2473 5743; x_wconf 83' lang='lat' dir='ltr'><strong>infringes.</strong></span> 
     </span>
    </p>
   </div>
  </div>
