3916 6192
257 252 331 315 ss
833 226 836 229 “
1284 247 1389 309 AD
1419 242 2010 307 AMPHILOCHIUM
2041 244 2388 316 QU/ESTIO
2422 244 2474 305 ι.
3463 240 3536 303 Ἶθ

260 371 355 422 τὸν
385 364 601 430 εὐνοίας
634 363 712 437 μὴ
746 362 983 436 ῥεύματι
1004 359 1177 435 λήθης
1222 359 1570 431 ὐποσύροιτο,
1612 358 1715 413 καὶ
1731 372 1854 411 πει-

1967 371 2046 412 res
2069 355 2342 412 mandatis
2369 354 2631 412 curandis
2674 353 2914 421 faceret;
2958 355 3106 411 hunc
3153 361 3303 426 patet
3358 367 3538 423 neque

264 459 487 531 θηνίους
518 458 724 531 μᾶλλον
749 460 863 522 τοῖς
901 454 1404 528 προσταττομένοις
1424 452 1563 524 ἔχοι,
1592 451 1758 522 δῆλον
1776 450 1857 513 ὡς

1967 457 2254 505 retractare
2276 447 2421 519 quod
2468 455 2657 519 egerat
2686 463 2864 519 neque
2886 462 3104 521 negare,
3145 449 3240 504 sed
3290 447 3405 518 ipsa
3438 463 3539 518 po-

263 556 366 610 οὐκ
412 552 776 624 ἀπαγορεύων
833 549 943 604 οὐδ’
981 545 1381 620 ἐξαρνούμενος
1435 545 1573 617 ὅπερ
1622 540 1850 615 ἔπραξε,

262 648 381 701 ἀλλ’
414 643 906 712 ἐπιδεδαιούμενος
956 640 1163 713 μᾶλλον
1205 639 1272 692 δι’
1307 638 1480 708 αὐτῆς
1501 636 1851 708 ἐρωτήσεωςο

273 757 293 788 ε
322 738 436 791 Οὐκ
456 736 589 803 ἐγὼ,
620 736 806 806 φησὶν,
835 731 1170 803 ἐξελεξάμην
1193 730 1337 801 ὑμᾶς
1365 746 1381 797 ;
1406 747 1424 780 3
1463 727 1637 781 Είωθε
1664 726 1772 797 γάρ
1795 729 1855 779 ἐν

265 830 483 892 πολλοῖς
517 828 549 881 ό
587 828 747 897 λόγος
777 827 965 879 ἐκεῖνα
1010 823 1121 877 τῶν
1156 819 1613 893 εὐεργετημάτων
1644 818 1853 889 ἐρωτήο

266 938 416 991 ματα
450 922 643 984 ποιεῖν,
666 918 702 973 ά
732 914 1214 989 περιφανεστάτην
1243 913 1359 984 ἔχει
1408 911 1509 983 τὴν
1541 910 1853 981 ἐνάργειαν,

263 1015 361 1067 καὶ
393 1013 495 1066 οὐκ
519 1010 669 1065 ἐστιν
699 1007 879 1063 οὐδενὶ
924 1006 1034 1060 τῶν
1070 1006 1344 1061 λαϐόντων
1386 1000 1732 1074 ἐξαρνεῖσθαι
1756 999 1857 1069 τὴν

264 1106 453 1177 χάριν.
498 1104 800 1172 ’Υπάγοιτο
850 1100 895 1156 δ’
925 1102 993 1155 ἂν
1048 1098 1128 1171 τῷ
1177 1096 1330 1168 αὐτῷ
1384 1097 1572 1152 κανόνι
1628 1094 1722 1148 καὶ
1773 1092 1856 1159 τὸ,

271 1217 291 1250 ι
343 1199 469 1252 Ἐἀν
495 1196 607 1267 ἐγὼ
636 1196 768 1268 περὶ
795 1190 1038 1266 ἐμαυτοῦ
1076 1190 1359 1263 μαρτυρῶ,
1384 1191 1418 1262 ή
1451 1188 1728 1261 μαρτυρία
1754 1202 1857 1256 μου

265 1290 478 1363 ἀληθής
507 1291 646 1345 ἐστι.
687 1306 706 1341 3
743 1287 877 1352 Kal,
907 1304 925 1338 ι
959 1284 1088 1339 Ἐάν
1117 1281 1228 1353 ἐγὼ
1259 1281 1394 1354 περὶ
1436 1278 1676 1353 ἐμαυτοῦ
1718 1295 1860 1350 μαρο

263 1382 440 1454 τυρῶ,
475 1383 509 1452 ή
535 1378 815 1452 μαρτυρία
846 1395 950 1449 μου
974 1377 1075 1432 οὐκ
1102 1375 1250 1430 ἐστιν
1300 1373 1550 1445 ἀληθήςς
1584 1391 1603 1425 3
1634 1371 1698 1425 Et
1750 1370 1861 1441 γὰρ

264 1477 366 1531 καὶ
404 1476 571 1546 ἐτέρᾳ
611 1471 974 1542 διασκέψειτδ
1002 1468 1194 1525 δοκοῦν
1221 1466 1457 1522 ἐνταῦθα
1495 1462 1860 1535 διαμάχεσθαι

266 1570 425 1624 λύσιν
452 1568 702 1640 εὑρίσκει
732 1565 873 1638 (14),
907 1562 1022 1618 ἀλλ’
1051 1563 1146 1617 οὖν
1177 1560 1355 1637 οὐδεὶς
1381 1559 1447 1614 ἂν
1477 1556 1862 1627 ἐπιτιμήσειεν

264 1662 415 1735 ὀρῶν
438 1660 579 1730 πρὸς
613 1657 714 1730 τήν
745 1657 924 1728 δίκην,
950 1653 1050 1720 καὶ
1077 1654 1131 1709 εί
1167 1669 1253 1717 τις
1298 1653 1378 1722 μὴ
1420 1647 1859 1720 ἀποφαινομένου

265 1722 419 1823 iam
447 1722 530 1818 τδ,
560 1722 629 1808 Ἦ
655 1722 934 1822 μαρτυρία
954 1736 1069 1819 μου
1098 1746 1201 1801 οὐκ
1246 1743 1474 1817 ἀληθὴς,
1496 1741 1633 1797 ἀλλὰ
1652 1740 1742 1795 διὰ
1761 1739 1861 1811 τῆς
1892 1722 1936 1780 Β

268 1846 598 1917 ἐρωτήσεως
651 1839 1099 1913 ἀπογυμνοῦντός
1147 1855 1209 1892 τε
1249 1838 1347 1891 καὶ
1386 1832 1863 1896 ἀνακαλύπτοντος

267 1934 373 2006 τήν
399 1935 515 1998 τοῖς
566 1932 844 1996 Ἰουδαίοις
871 1926 1326 2003 ἐμϐαθυνομὲνην
1377 1926 1475 1981 καὶ
1517 1924 1865 1996 άνελιττομέ-

268 2042 372 2097 νην
403 2026 502 2097 τῆς
523 2024 868 2088 ἀποστάσιας
898 2040 959 2076 τε
990 2022 1086 2076 καὶ
1114 2017 1457 2091 κακουργίας
1502 2015 1753 2088 γνώμην.
1801 2016 1865 2070 Ei

273 2117 531 2191 μέντοιγέ
566 2133 653 2181 τις
695 2115 798 2180 τὰς
838 2115 1148 2185 ἀποφάσεις
1200 2114 1258 2165 ἐν
1283 2109 1456 2182 ὁμοίῳ
1484 2108 1729 2180 σχήματι
1755 2106 1866 2161 τῶν

270 2212 643 2282 καταφάσεων
671 2212 740 2282 τῇ
768 2208 1076 2279 ἀναγνώσει
1104 2205 1313 2273 διεξίοι,
1341 2204 1523 2275 μάχης
1546 2202 1622 2267 ὡς
1646 2199 1866 2271 ἀληθῶς

270 2305 469 2361 ἑαυτὸν
498 2305 596 2360 καὶ
616 2304 857 2376 ταράχου
884 2301 1181 2373 ἐμπλήσει,
1199 2298 1304 2353 κᾶν
1332 2298 1433 2367 τῆς
1456 2291 1868 2365 θεορημοσύνης

271 2401 335 2452 τὸ
360 2396 669 2469 θαυμάσιον
685 2395 867 2465 πάσης
887 2391 1183 2461 ἐπιϐουλῆς
1201 2388 1297 2443 καὶ
1315 2383 1687 2449 ἐναντιώσεως
1704 2383 1869 2453 ὑπερ·

273 2489 656 2561 ανῳκισμένον
712 2488 931 2560 ὁρᾶται.
983 2485 1097 2556 Τῆς
1132 2481 1312 2552 αὐτῆς
1340 2479 1383 2534 δ’
1413 2477 1480 2533 ἂν
1508 2478 1597 2547 εἴη
1649 2473 1870 2529 διασκέ-

270 2583 424 2653 ψεως
455 2581 551 2636 καὶ
586 2583 644 2653 ή,
680 2598 700 2634 t
738 2579 965 2644 Μείζων
1008 2575 1266 2632 Ἰωάννου
1303 2570 1399 2627 τοῦ
1436 2566 1744 2624 Βαπτιστοῦ
1766 2565 1870 2620 οὐκ

274 2677 578 2747 ἐγήγερται
621 2675 681 2728 ἐν
718 2674 833 2737 τοῖς
880 2671 1163 2741 γεννητοῖς
1205 2666 1318 2721 τῶν
1373 2661 1673 2734 γυναικῶν,
1712 2677 1732 2712 3
1773 2662 1871 2712 Δε-

275 2765 515 2838 σποτικὴ
565 2763 871 2837 μαρτυρία’
905 2757 1047 2828 εἶτα,
1085 2778 1104 2813 ι
1150 2759 1212 2812 Ὀ
1256 2757 1315 2812 δὲ
1350 2754 1673 2828 μικρότερος
1715 2752 1775 2805 ἐν
1802 2751 1869 2820 τῇ

278 2854 534 2928 βασιλείᾳ
554 2853 665 2908 τῶν
695 2850 965 2923 οὐρανῶν,
1007 2848 1212 2921 μείζων
1242 2844 1411 2902 αὐτοῦ
1441 2847 1580 2898 ἐστι’
1609 2861 1627 2895 3
1661 2843 1872 2913 ἐρωτη-

281 2947 519 3016 μιτικῆς
539 2945 649 3017 γάρ
670 2945 1014 3014 άναγινωσκο
1022 2941 1191 3012 μένης
1211 2942 1332 3011 τῆς,
1347 2957 1365 2990 ‹
1387 2938 1446 2991 '0
1462 2936 1520 2991 δὲ
1542 2934 1869 3007 μικρότερος

277 3038 341 3092 ἐν
356 3040 424 3110 τῇ
447 3037 700 3109 βασιλείᾳ
717 3036 826 3089 τῶν
840 3034 1111 3106 οὐρανῶν,
1133 3032 1336 3106 μείζων
1352 3028 1518 3084 αὐτοῦ
1542 3029 1693 3096 ἐστι;
1720 3046 1738 3079 3
1760 3044 1875 3097 φω-

274 3136 404 3206 νῆς,
420 3132 647 3203 οὐδεμία
670 3130 736 3202 δὴ
761 3127 1121 3200 μικρολογίας
1141 3125 1456 3198 εὑρίσκεται
1479 3121 1654 3195 χώρα,
1677 3121 1737 3175 οὐ
1764 3121 1873 3191 μὴν

279 3225 403 3281 ἀλλ’
430 3223 554 3278 οὐδὲ
580 3222 864 3295 περινοίας
885 3220 1053 3292 ἄλλης
1094 3219 1359 3291 δεήσεται
1377 3218 1411 3289 ή
1432 3216 1543 3269 τῶν
1572 3211 1875 3287 προκειμέ-

282 3336 395 3371 νων
419 3316 683 3389 ῥημάτων
697 3316 990 3387 σαφήνεια.
1008 3312 1175 3366 Ἀλλὰ
1194 3311 1303 3383 γὰρ
1320 3310 1480 3364 τοῦτο
1497 3309 1594 3381 μὲν
1622 3310 1714 3363 καὶ
1738 3306 1875 3370 ἰδίας

282 3413 348 3465 ἐν
380 3411 561 3475 ἄλλοις
588 3409 780 3481 ἔτυχεν
805 3406 1070 3480 ἐργασίας
1103 3404 1239 3478 (15).
1270 3402 1526 3458 Τοιοῦτον
1560 3403 1628 3456 ἂν
1656 3401 1743 3473 είη
1779 3400 1877 3454 καὶ

282 3504 370 3571 τὸ,
410 3523 431 3557 ι
468 3502 778 3558 Καθεύδετε
813 3501 927 3572 (16)
964 3500 1026 3553 τὸ
1052 3498 1239 3552 λοιπὸν
1268 3497 1361 3551 καὶ
1390 3493 1739 3551 ἀναπαύεσθε
1766 3511 1781 3561 ;
1812 3491 1875 3546 οὐ

282 3598 400 3669 γάρ
426 3594 866 3667 ἀποφαινομένου
896 3593 957 3647 τὸ
1007 3593 1181 3665 ῥῆμα,
1213 3592 1270 3645 ἐν
1306 3590 1575 3663 ἐρωτήσει
1606 3588 1665 3642 δὲ
1690 3604 1876 3641 ποιου-

288 3690 458 3761 μένου
482 3689 581 3760 τήν
610 3687 712 3759 τῆς
735 3684 1030 3756 ὀλιγωρίας
1069 3676 1393 3754 ἐπιτίμησιν
1409 3696 1425 3714 ο
1450 3676 1534 3745 οἷς
1556 3680 1882 3751 ἐπιφέρεται

293 3778 594 3835 ἀκόλουθόν
622 3796 685 3832 τε
722 3777 820 3832 καὶ
864 3773 1345 3846 συναρμοζόμενον
1368 3772 1449 3838 τὸ,
1482 3791 1501 3824 ι
1539 3770 1885 3844 Ἐγείρεσθε,⁸

285 3875 516 3944 ἄγωμεν
555 3870 830 3926 ἐντεῦθεν.
877 3888 897 3923 3
932 3868 1009 3923 Ού
1057 3867 1167 3939 γάρ
1202 3867 1269 3922 ἂν
1306 3864 1484 3930 άλλως
1535 3863 1883 3936 ἑτοιμότερον

288 3967 326 4038 ἡ
343 3965 451 4019 τῶν
473 3965 737 4037 ῥημάτων
755 3962 1020 4017 συνέπεια
1036 3959 1219 4015 ἐλευθε
1230 3957 1431 4031 ροῦσαν
1448 3956 1675 4012 ὐπέλθοι
1698 3956 1883 4027 ψῆφον

286 4057 385 4112 τοῦ
417 4056 584 4128 μηδὲν
617 4054 910 4127 μάχεσθαι,
946 4055 995 4107 εί
1029 4053 1105 4124 μὴ
1135 4051 1213 4117 τὸ,
1272 4069 1291 4103 t
1329 4050 1636 4105 Καθεύδετε
1679 4050 1740 4102 τὸ
1775 4048 1886 4101 λοι-

1950 542 2067 598 tius
2117 542 2443 599 continuare
2494 541 2964 611 interrogatione:
2999 539 3118 597 Non
3152 556 3275 612 ego,
3321 541 3536 611 inquit.

1952 634 2089 705 elegi
2125 633 2271 689 vos?
2322 632 2573 689 Solemus
2620 634 2766 689 enim
2803 633 2856 688 in
2895 649 3154 691 sermone
3187 650 3251 690 ea
3278 634 3539 689 beneﬁcia

1956 726 2343 798 interrogando
2407 741 2860 792 commemorare,
2903 742 3025 796 qua:
3076 727 3382 782 indubitatn
3427 727 3542 782 evi—

1955 820 2196 875 dentiam
2247 819 2467 883 ltabent,
2525 828 2582 875 et
2612 834 2852 890 quorum
2890 819 3090 873 nemini
3113 820 3251 875 bene
3303 818 3390 874 his
3444 816 3544 871 ad-

1957 911 2101 967 ferto
2140 912 2265 968 licet
2303 912 2529 982 gratiam
2585 911 2839 967 inliciari.
2884 910 3000 968 Sub
3022 911 3269 967 eamdem
3301 908 3542 980 regulam

1956 1004 2102 1061 cadit
2150 1004 2314 1060 etiam
2348 1004 2481 1060 illud
2510 1023 2526 1061 :
2577 1023 2596 1059 ι
2622 1004 2679 1060 Si
2702 1020 2805 1077 ego
2851 1005 2987 1060 mihi
3020 1004 3126 1075 ipsi
3163 1003 3541 1059 testimonium

1957 1096 2050 1163 do,
2086 1097 2456 1157 testimonium
2488 1113 2671 1154 meum
2694 1115 2856 1155 verax
2888 1108 2974 1154 est
3003 1098 3069 1153 “.
3091 1117 3111 1150 3
3133 1098 3293 1165 Item,
3319 1114 3339 1147 ι
3362 1094 3420 1151 Si
3443 1109 3545 1166 ego

1959 1190 2095 1247 mihi
2152 1190 2257 1261 ipsi
2281 1192 2654 1248 testimonium
2689 1193 2782 1260 do,
2815 1193 3191 1250 testimonium
3228 1205 3412 1245 meum
3433 1203 3545 1245 non

1959 1291 2226 1339 estverax
2260 1282 2301 1315 ¹⁷
2332 1282 2356 1337 2
2385 1301 2406 1336 3
2435 1282 2756 1355 Quanquam
2797 1284 2943 1341 enim
2983 1283 3089 1339 alia
3128 1296 3350 1353 quoque
3410 1295 3546 1336 con-

1961 1377 2290 1434 sideratione
2344 1379 2491 1450 quod
2548 1379 2640 1436 hic
2688 1380 2904 1435 videtur
2951 1394 3200 1451 pugnare
3241 1376 3543 1441 dirimitur,

1961 1483 2125 1526 nemo
2155 1478 2338 1527 tamen
2377 1471 2691 1542 objurgabit
2749 1472 2997 1529 dicamve
3030 1472 3311 1542 impinget,
3343 1469 3393 1525 si
3426 1468 3549 1539 quia

1961 1558 2108 1614 dicat
2129 1574 2238 1615 non
2265 1574 2391 1618 esse
2416 1560 2524 1618 hoc
2567 1562 2903 1633 negativum,
2927 1561 3324 1618 Testimonium
3362 1573 3546 1615 meum

1964 1666 2074 1707 non
2107 1661 2192 1708 est
2223 1669 2390 1709 verax
2418 1671 2434 1723 ;
2467 1655 2562 1711 sed
2593 1652 2830 1726 ejus'qui
2861 1656 3058 1726 retegit
3088 1655 3443 1725 denudatqne
3462 1652 3547 1707 in-

1964 1741 2130 1797 situm
2165 1741 2370 1801 Judzeis
2409 1756 2573 1817 atque
2596 1746 2921 1818 implicitum
2952 1748 3243 1818 apostasia
3268 1747 3550 1817 etimpro-

1966 1834 2150 1890 bitatis
2187 1834 2485 1906 ingenium.
2519 1836 2579 1891 Si
2602 1839 2728 1908 quis
2759 1837 2920 1907 igitur
2943 1837 3334 1893 aﬂirmationes
3355 1837 3551 1892 eodem

1965 1934 2155 1981 tenore
2186 1941 2298 1997 quo
2336 1928 2658 1998 negationes
2714 1928 2857 1985 inter
2893 1929 3180 2001 legendum
3213 1929 3551 2001 pronuntiet,

1967 2016 2015 2073 is
2044 2018 2327 2074 enimvero
2375 2034 2555 2091 pugna
2590 2019 2833 2092 seipsum
2862 2036 2925 2077 ac
2954 2021 3365 2093 perturbatione
3400 2036 3554 2076 com-

1965 2108 2166 2178 plebit;
2217 2108 2435 2166 etiamsi
2483 2110 2654 2167 divini
2714 2112 2919 2168 oraculi
2954 2112 3192 2184 dignitas
3250 2112 3555 2169 incursioni

1966 2202 2115 2256 eunti
2148 2209 2203 2257 et
2247 2204 2625 2261 contrarietati
2664 2207 2921 2278 superior
2946 2223 3068 2264 esse
3110 2208 3381 2265 videatur.
3418 2206 3556 2265 Illud

1966 2295 2133 2349 etiam
2162 2297 2279 2365 pari
2310 2296 2522 2353 cautela
2556 2298 2904 2354 tractandum
2956 2308 3042 2355 est
3064 2298 3412 2356 Dominicum
3475 2310 3561 2356 te-

1968 2388 2287 2445 stimonium
2315 2409 2330 2448 :
2357 2389 2562 2463 «Major
2592 2389 2804 2447 Joanne
2822 2392 3063 2464 Baptista
3100 2394 3239 2449 inter
3269 2394 3413 2450 ﬁlios
3441 2410 3562 2449 mn.-

1972 2480 2167 2537 liernm
2193 2498 2354 2540 nemo
2380 2485 2679 2541 surrexit»
2732 2483 2936 2540 Deinde
2970 2502 2985 2539 :
3027 2484 3160 2553 «Qui
3180 2494 3364 2541 autem
3395 2486 3562 2541 mini-
3672 2496 3673 2499 ‘

1974 2591 2096 2630 mus
2124 2586 2207 2631 est
2237 2575 2291 2630 in
2338 2591 2508 2648 regno
2535 2576 2823 2643 caelorum,
2860 2578 2951 2632 hic
3006 2578 3181 2648 major
3211 2578 3307 2634 illo
3339 2587 3444 2635 .est
3493 2577 3558 2633 “.

1974 2667 2370 2738 Interrogative
2391 2670 2537 2725 enim
2569 2671 2780 2740 prolata
2821 2685 2979 2727 voce.
3013 2671 3272 2727 Minimus
3286 2681 3469 2727 autem
3502 2673 3561 2727 in

1972 2777 2142 2835 regno
2199 2762 2466 2819 ccelorum
2501 2762 2679 2834 major
2730 2763 2824 2820 illo
2853 2764 2983 2820 est?
3038 2780 3215 2841 neque
3242 2765 3560 2836 praedictum

1975 2854 2353 2912 testimonium
2378 2856 2689 2927 perimitur,
2724 2872 2903 2929 neque
2932 2858 3077 2914 ullus
3107 2857 3416 2913 cavillando
3476 2858 3565 2913 lo-

1973 2963 2074 3004 cus
2105 2955 2385 3018 superest.
2417 2947 2561 3015 Quin
2619 2949 2759 3005 adeo
2817 2950 2968 3006 nulla
3014 2959 3273 3021 praetcrea
3340 2949 3563 3006 solertia

1975 3054 2115 3109 opus
2144 3042 2250 3095 erit
2293 3051 2351 3096 ut
2372 3056 2536 3111 supra
2584 3041 2730 3097 dicta
2786 3043 2950 3098 verba
3012 3043 3398 3099 inclarescant.
3456 3042 3561 3099 Sed

1976 3133 2126 3188 enim
2172 3133 2262 3188 hic
2299 3132 2455 3189 locus
2480 3134 2609 3188 alibi
2642 3150 2872 3206 quoque
2902 3136 3235 3207 peculiarem
3263 3145 3457 3192 nactus
3475 3145 3565 3191 est

1973 3224 2443 3281 lucubrationem.
2487 3225 2821 3296 Hujusmodi
2844 3228 2953 3284 erit
2982 3229 3196 3284 etiam:
3244 3247 3267 3281 ι
3300 3229 3566 3284 Dor-mitis

1976 3318 2088 3390 jam
2124 3328 2180 3375 et
2211 3318 2556 3390 requiescitis
2580 3320 2624 3352 ¹⁹
2653 3320 2706 3375 ?3
2727 3336 2842 3376 non
2871 3323 3019 3377 enim
3056 3322 3461 3393 pronuntiativa
3486 3323 3568 3377 lo-

1979 3412 2131 3468 cutio
2156 3419 2260 3477 est,
2296 3412 2387 3467 sed
2424 3411 2545 3483 ejus
2566 3412 2660 3484 qui
2699 3412 3091 3485 interrogando
3123 3416 3431 3471 socordiam
3463 3418 3565 3472 ob-

1976 3501 2182 3574 jurgat.
2209 3502 2309 3557 Cui
2347 3503 2589 3558 sermoni
2634 3503 2951 3559 subtexitur
2997 3514 3398 3563 consectaneus
3423 3508 3566 3565 alius

1979 3605 2037 3652 et
2062 3610 2341 3665 congruus
2372 3612 2387 3649 :
2419 3613 2438 3647 ι
2469 3593 2708 3667 Surgite,
2725 3612 2918 3652 eamus
2946 3597 3401 3669 hinc’°.3Neque
3418 3601 3566 3655 enim

1982 3688 2291 3758 promptius
2342 3688 2501 3744 aliter
2537 3689 2809 3745 sermonis
2843 3690 3014 3746 series
3052 3690 3122 3745 ab
3178 3690 3326 3746 omni
3349 3699 3571 3746 contra-

1984 3778 2224 3833 dictione
2256 3777 2398 3833 felici
2436 3778 2650 3834 calculo
2672 3779 3010 3847 liberabitur,
3046 3796 3211 3851 quant
3251 3780 3572 3839 sitDormi-

1981 3871 2055 3927 tis
2104 3869 2219 3941 jam
2264 3878 2320 3930 et
2370 3870 2745 3940 requiesciti53
2782 3870 3229 3944 interrogativam
3256 3873 3310 3929 in
3339 3873 3570 3946 legendo

1981 3978 2095 4034 prae
2117 3978 2176 4018 se
2208 3960 2348 4019 ferat
2374 3961 2829 4033 increpationem.
2862 3962 2997 4035 Ejus
3027 3965 3246 4036 generis
3276 3965 3570 4024 innumera

1983 4059 2133 4106 sunt.

293 4150 400 4205 πδν
447 4148 546 4203 καὶ
590 4146 962 4214 ἀναπαύεσθε,
992 4164 1011 4199 3
1053 4144 1154 4216 τὴν
1222 4141 1648 4216 ἐρωτηματικην
1684 4140 1773 4197 διὰ
1823 4141 1924 4212 τῆς
1996 4142 2359 4214 ἀναγνώσεως
2418 4143 2781 4217 προδάλλοιτο
2856 4146 3211 4220 ἐπιτίμησιν·
3254 4149 3352 4204 καὶ
3403 4152 3577 4224 μυρία.

292 4240 457 4297 ἄλλα.

370 4338 465 4403 ιη’.
500 4329 919 4401 Κακουργήσειε
943 4327 988 4380 δ’
1028 4325 1094 4380 άν
1118 4342 1204 4390 τις
1240 4323 1349 4378 τῶν
1394 4323 1466 4377 τὰ
1509 4321 1737 4378 τοιαῦτα
1761 4322 1868 4376 τολ·

2060 4323 2147 4399 18.
2183 4321 2418 4394 Maligne
2445 4322 2646 4394 aliquis
2686 4337 2898 4391 eorum,
2946 4326 3147 4397 quibus
3193 4326 3309 4383 haec
3344 4331 3576 4387 artilicia

293 4427 407 4498 μᾷν
436 4422 707 4479 εἰωθότων
733 4421 886 4493 παρὰ
909 4419 1009 4490 τὴν
1041 4418 1306 4489 σύγχυσιν
1328 4415 1431 4487 τῆς
1453 4414 1635 4479 αἰτίας
1666 4415 1728 4468 τὸ
1750 4430 1868 4470 κακ⁴

1994 4414 2282 4471 familiaria
2305 4424 2456 4482 sunt,
2486 4416 2781 4472 versutiam
2805 4433 2960 4473 suam
2988 4434 3112 4473 cum
3144 4436 3326 4475 causa:
3358 4431 3576 4490 pertur-

288 4516 550 4587 ούργημα
603 4512 937 4577 διαπλέκων,
980 4511 1074 4566 καὶ
1121 4510 1257 4581 πρὸς
1323 4508 1404 4573 τὸ,
1445 4525 1464 4560 t
1522 4508 1649 4561 Ἐάν
1686 4507 1773 4571 τίς
1828 4524 1868 4560 σε

1990 4509 2209 4566 batione
2256 4508 2529 4575 miscebit,
2584 4509 2716 4563 dum
2776 4509 2825 4564 ei
2872 4510 3162 4574 locutioni,
3224 4530 3243 4563 ‹
3276 4511 3466 4582 Siquis
3526 4526 3578 4569 te

294 4608 508 4681 ραπίσῃ
534 4608 614 4672 είς
635 4606 734 4678 τὴν
759 4605 942 4671 δεξιάν
968 4603 1217 4673 σιαγόνα,
1248 4601 1481 4672 στρέψον
1502 4597 1651 4671 αὐτῷ
1672 4600 1766 4654 καὶ
1787 4598 1868 4671 τὴε

1988 4602 2316 4671 percusserit
2335 4601 2391 4656 in
2421 4601 2613 4657 dextra
2638 4618 2799 4672 gena,
2822 4602 3004 4672 prmbe
3029 4602 3105 4656 illi
3131 4612 3185 4657 et
3206 4603 3436 4659 alteram
3461 4605 3504 4637 ἰ
3521 4622 3569 4670 ;3

291 4703 487 4773 ἄλλην,
526 4720 545 4755 3
582 4700 683 4773 τήν
709 4697 1200 4770 ἀντεπενεχθεῖσαν
1225 4695 1303 4767 τῷ
1321 4695 1659 4767 τυπτήσαντι
1680 4694 1868 4746 Δεσπο-

1985 4705 2224 4766 opponet
2280 4696 2487 4752 Christi
2547 4712 2899 4764 responsum,
2930 4698 3047 4768 qui
3095 4701 3406 4769 percussori
3459 4703 3577 4768 ait,

291 4796 459 4866 τικὴν
488 4795 695 4865 φωνὴν,
736 4812 755 4846 t
792 4791 858 4847 Τί
890 4808 960 4863 με
1004 4792 1221 4862 δέρειςς
1256 4806 1275 4839 3
1310 4788 1386 4851 ώς
1407 4788 1868 4858 ἀντιπράττουσαπ

1990 4790 2129 4842 «Cur
2168 4802 2255 4843 me
2293 4787 2457 4844 caedis
2482 4788 2527 4820 ²¹
2555 4789 2607 4842 ?3
2643 4787 2842 4843 Verum
2882 4789 2971 4843 ubi
3030 4790 3317 4861 perspicue
3369 4794 3580 4863 patefa-

296 4885 743 4959 προὸαλλόμενος
811 4883 925 4954 (l7)
955 4898 970 4913 ο
1022 4881 1139 4936 ἀλλ’
1195 4881 1276 4944 είς
1346 4877 1409 4935 τδ
1476 4876 1868 4949 ἐμφανέστατο·

1993 4890 2142 4935 ctum
2171 4879 2334 4935 fuerit
2370 4895 2597 4936 causam
2634 4881 2709 4936 rei
2733 4896 2853 4937 esse
2883 4882 3068 4949 aliam,
3096 4884 3410 4940 criminatio
3432 4887 3578 4943 illico

391 5043 438 5075 “
478 5039 637 5097 Joan.
681 5058 801 5102 vm.
871 5042 961 5095 Μ.
1062 5041 1102 5071 ⁸⁷
1164 5038 1325 5094 Joan.
1402 5052 1456 5099 ν,
1523 5036 1614 5092 51.

295 5113 618 5178 ³⁸Μιιιιίι.ν,
673 5113 764 5167 30.
838 5113 886 5143 "
928 5110 1089 5168 Joan.
1137 5125 1297 5174 xvnt,
1351 5107 1445 5162 23.

1721 5035 1764 5067 18

1967 5035 2015 5089 lt.
2049 5049 2129 5099 χι,
2193 5034 2280 5089 li.
2404 5034 2445 5065 ¹⁹
2477 5032 2667 5091 Matth.
2727 5051 2880 5106 xxw,
2911 5038 3035 5125 45.“
3068 5040 3114 5071 ὀ
3147 5038 3310 5097 Joan.
3336 5057 3453 5107 xlv,
3483 5043 3576 5098 3|.

1845 5194 2085 5253 NOTAE.

373 5322 487 5395 ut)
514 5323 575 5395 [η
610 5317 1053 5395 ampbilocbiana
1080 5314 1382 5395 qutestiope
1408 5311 1501 5395 98.
1594 5380 1717 5395 nm
1869 5380 1882 5395 _
1989 5316 2043 5368 in
2080 5315 2303 5395 vulgato
2335 5312 2639 5370 Bibliorum
2667 5324 2987 5373 nostrorum
3048 5327 3198 5375 textu
3241 5320 3582 5395 interrogare

374 5380 489 5462 (15)
525 5391 667 5461 Lege
683 5380 1041 5462 quaestionem
1046 5380 1375 5462 arripuit}?
1400 5386 1572 5455 (nunc
1594 5380 1885 5462 Soaj‘apud
1989 5380 2317 5462 noulicet.»

300 5455 675 5534 Wblliumfet
692 5455 766 5534 fin
794 5460 1019 5534 epistola
1040 5455 1216 5534 {fluuii
1240 5456 1369 5534 _l80.
1404 5461 1661 5534 (nuncnq.
1687 5456 1800 5533 9.8).

2012 5504 2028 5534 A_
2064 5455 2775 5534 (l7).Qurestionemultanc
2823 5458 3175 5534 aliishverbis
3217 5471 3402 5518 versat
3439 5463 3582 5523 Plio-

377 5534 489 5617 (ἰᾷ)
525 5524 863 5617 Terntittatib
885 5546 945 5617 τε
964 5528 1442 5617 indicati-visaque
1453 5524 1886 5617 Διιιξζιίίᾏιὶξιηὶψὲιξ·
1994 5524 2861 5617 ti‘trts'gt‘iam‘ing‘Ampltilochiana
2896 5528 2997 5584 157
3021 5531 3189 5601 (nunc
3225 5534 3375 5605 155),
3416 5552 3578 5605 quam

301 5591 634 5673 ratiri'apud
655 5602 874 5673 Greecos
888 5600 1107 5673 prppria
1124 5610 1229 5673 est.
1247 5591 1633 5652 Verumtamen
1666 5597 1717 5647 in
1744 5591 1868 5647 Lati

1994 5597 2225 5654 Woltius
2247 5598 2434 5654 edidit.

303 5693 376 5733 na
424 5669 611 5746 lingua
661 5672 788 5728 huic
838 5669 1182 5743 ambiguitatt
1213 5669 1367 5723 locus
1403 5682 1511 5723 non
1542 5675 1630 5720 est.
1672 5683 1685 5718 :
1720 5678 1892 5734 quare
