3810 6304
324 286 392 352 ’ῖί
1497 281 1762 345 ΡΗΟΤΙΙ
1801 278 1927 340 ΡΛἸ

2022 276 2313 340 [ARCH/E
2342 283 2451 343 ΠΡ.

3539 286 3639 352 72

326 398 619 457 refelletur.
647 395 859 452 Etenim
950 394 1160 451 homini
1190 393 1285 466 qui
1344 393 1592 466 pecuniae
1636 401 1731 445 aut
1776 389 1913 444 alia-

2022 388 2443 461 καθισταμένου,
2469 390 2543 455 ὡς
2568 392 2602 462 ἡ
2634 391 2784 446 αἰτία
2813 391 3092 464 διάφορος,
3123 392 3319 449 θᾶττον
3359 393 3631 450 ἀπαιτεῖ-

325 507 449 549 rum
479 505 645 562 opum
674 497 767 543 aut
811 489 1061 560 corporis
1113 487 1505 543 detrimentum
1539 499 1738 557 passus
1791 483 1914 538 fue-

324 584 420 648 rit,
471 580 699 637 mandat
748 581 900 651 pacis
962 578 1108 635 Deus
1159 593 1229 634 ne
1299 583 1580 649 repugnet,
1646 584 1811 647 atque
1858 582 1920 629 ut

326 675 579 730 omnium
632 672 801 728 iudici
855 672 1304 744 persecutionem
1351 668 1569 740 injuriae
1612 668 1913 739 permittat.

330 766 527 820 Verum
574 765 855 820 enimvero
888 762 977 819 ubi
1005 763 1281 834 quispiam
1308 762 1568 819 scelestas
1596 774 1794 816 manus
1836 759 1919 813 in-

328 857 534 922 tulerit,
569 872 677 911 non
723 863 783 911 ιιι
801 855 963 912 alicui
1003 856 1389 926 praedictarum
1452 869 1638 909 rerum
1678 860 1913 916 noceat,

325 949 418 1002 sed
470 956 531 1002 ut
564 947 619 1003 in
652 948 1121 1004 oriscontumelia
1153 963 1268 1002 rem
1299 946 1632 1019 praecipuam
1674 960 1922 1017 pessum-

325 1044 436 1107 ἀει,
464 1057 661 1113 nempe
724 1042 1090 1112 religionem;
1129 1051 1262 1098 tunc
1298 1042 1518 1097 demum
1560 1041 1704 1096 haud
1759 1053 1925 1110 aequo

325 1135 513 1190 animo
538 1133 791 1206 injuriam
820 1142 930 1205 pati
954 1134 1212 1205 jubemur
1231 1177 1247 1202 ,
1280 1151 1349 1190 ue
1386 1134 1664 1206 patientiae
1691 1132 1917 1188 obtentu

325 1226 677 1281 audaciorem
710 1226 943 1297 impium
968 1227 1284 1293 reddamus,
1325 1243 1430 1284 neu
1463 1226 1688 1283 silentio
1715 1240 1919 1296 augea-

325 1334 450 1373 mus
504 1319 649 1374 hosti
672 1319 910 1385 animos,
940 1336 1053 1391 quo
1075 1321 1268 1390 pietati
1296 1320 1635 1391 petulantius
1666 1318 1917 1375 insultet.

329 1410 466 1468 lluic
491 1412 653 1468 divus
691 1414 856 1468 etiam
929 1413 1161 1481 Paulus,
1204 1430 1302 1470 ceu
1356 1416 1608 1470 sincerus
1636 1412 1918 1484 Evangelii

324 1506 649 1576 discipulus,
707 1509 983 1578 sapienter
1044 1519 1316 1580 praecepto
1350 1506 1547 1580 paruit
1578 1509 1626 1541 ”
1665 1550 1679 1564 .
1710 1508 1929 1564 Idcirco

323 1598 486 1653 etiam
522 1600 743 1655 tribuno
772 1601 1081 1657 Romanum
1113 1603 1346 1659 incussit
1366 1604 1643 1667 timorem,
1670 1618 1740 1658 ne
1768 1602 1920 1658 salu-

2018 499 2110 536 ται
2139 483 2232 538 τὸν
2256 483 2501 554 ἔλεγχον.
2535 485 2646 538 Καὶ
2690 485 2802 557 γὰρ
2854 486 2933 559 τῷ
2997 488 3096 557 μέν
3144 489 3224 552 είς
3286 486 3556 558 ἀργύριον
3586 488 3629 559 ἢ

2018 575 2215 641 κτῆσιν
2252 572 2422 645 ἄλλην
2444 577 2541 629 καί
2570 575 2705 630 αὐτὸ
2728 577 2790 630 τὸ
2816 575 2978 645 σῶμα
3019 578 3122 646 τὴν
3153 577 3360 649 ζημίαν
3403 579 3632 649 ὑπομέ-

2020 682 2164 721 νοντι
2193 666 2275 739 μὴ
2293 669 2700 736 ἀντεπεξιέναι,
2729 674 3086 742 παραχωρεῖν
3113 670 3170 724 δὲ
3204 670 3283 743 τῷ
3306 675 3468 744 κριτῇ
3504 671 3635 726 τῶν

2020 760 2179 825 ὅλων,
2212 763 2311 834 τῆς
2356 764 2586 836 εἰρήνης
2637 764 2771 825 Θεὸς
2818 765 3103 819 ἐπιτάττει
3152 764 3256 835 τὴν
3308 765 3629 837 ἐκδίκησιν.

2020 855 2272 911 Ἐπειδὰν
2300 856 2356 910 δέ
2384 874 2471 922 τις
2490 860 2590 921 τὰς
2616 858 2837 923 ἀδίκους
2862 858 3082 931 ἐκτείνῃ
3106 861 3299 931 χεῖρας
3338 859 3443 929 οὐχ
3466 860 3633 923 ὅπως

2019 950 2100 1013 εἰς
2128 966 2182 1003 τι
2213 951 2325 1003 τῶν
2363 952 2672 1024 εἰρημένων
2736 950 2835 1024 τὴν
2883 951 3088 1024 βλάϐην
3138 951 3473 1019 ἐνστίξειεν,
3498 951 3608 1005 ἀλλ

2023 1045 2084 1097 ἐν
2103 1048 2168 1115 τῇ
2199 1044 2295 1098 τοῦ
2322 1043 2618 1117 προσώπου
2653 1044 2810 1117 ὕϐρει
2850 1047 2913 1099 τὸ
2965 1047 3412 1118 πρεσϐευόμενον
3440 1045 3630 1117 λωϐή-

2022 1153 2183 1207 σηται
2206 1138 2306 1210 τὴν
2332 1138 2620 1192 εὐσέϐειαν
2646 1137 2783 1208 (l8),
2812 1138 2942 1192 τότε
2977 1139 3052 1210 μὴ
3102 1138 3293 1209 φέρειν
3352 1138 3631 1210 ῥᾳθύμως

2020 1231 2120 1304 τὴν
2149 1231 2311 1303 ὓϐριν
2340 1232 2819 1305 προσταττόμεθα,
2843 1232 2982 1304 μηδέ
3006 1233 3134 1303 σιγῇ
3161 1231 3626 1300 συγκατασκευὼι

2022 1326 2139 1391 ζειν
2163 1325 2242 1397 τῷ
2266 1324 2449 1398 ἐχθρῷ
2489 1324 2583 1380 τὸν
2626 1324 3088 1399 προπηλακισμὸν
3120 1324 3216 1378 τοῦ
3244 1323 3599 1394 σεϐάσματος

2021 1417 2244 1490 Ταύτην
2267 1418 2368 1471 καὶ
2384 1418 2413 1471 ὁ
2434 1418 2578 1481 θεῖος
2603 1415 2840 1480 Παῦλος,
2860 1416 2955 1469 ἀτε
2978 1415 3043 1486 δὴ
3071 1416 3297 1486 γνήσιος
3322 1413 3421 1468 τοῦ
3451 1413 3623 1482 λόγου

2025 1510 2297 1583 μαθητὴς,
2331 1512 2390 1565 ἐν
2420 1511 2587 1583 σοφίᾳ
2621 1509 2722 1580 τὴν
2742 1508 2964 1580 ἐντολὴν
2993 1507 3430 1579 κατωρθώσατω
3454 1505 3634 1560 τοῦτο

2026 1606 2126 1677 μὲν
2169 1606 2409 1676 Ἕλύμαν
2446 1605 2538 1660 τὸν
2572 1604 2748 1677 μάγον
2800 1604 2913 1675 (19)
2954 1601 3379 1656 ἐπιϐουλεύοντα
3404 1599 3484 1671 τῷ
3512 1615 3628 1671 κη-

326 1690 395 1744 tis
439 1691 695 1761 propriae,
734 1707 899 1762 quam
955 1692 1117 1750 facile
1156 1697 1416 1767 consequi
1465 1705 1700 1768 poterat,
1775 1695 1920 1751 ultro

326 1780 568 1804 ---ΑᾸΞΑΑ-
590 1782 868 1804 _!J-_-._-_.
921 1801 975 1804 _-
1002 1787 1188 1804 A-‘-,_o
1328 1788 1339 1804 ι
1444 1798 1457 1804 _
1495 1789 1507 1802 ο
1558 1790 1568 1803 ι
1637 1790 1649 1803 ο
1795 1786 1811 1804 ι
1834 1788 1872 1804 I,

2026 1700 2268 1774 ρύγματι
2292 1700 2546 1773 στερήσει
2566 1698 2676 1753 τῶν
2696 1698 2894 1768 ὄψεων,
2921 1694 3266 1773 ἀναστέλλων
3286 1710 3345 1747 τε
3368 1691 3465 1746 τοῦ
3492 1692 3631 1745 ατο).⁴⁵

325 1780 569 1848 proditor
590 1782 891 1849 videretur,
916 1801 981 1840 ac
1002 1787 1223 1856 pietatis
1243 1788 1465 1845 cederet
1495 1789 1742 1844 inimico.
1794 1786 1919 1862 Ideo

2026 1794 2101 1865 μή
2111 1811 2280 1863 ματος
2308 1795 2405 1847 καὶ
2426 1793 2583 1862 δίκην
2606 1790 2857 1845 ἀπαιτῶν
2875 1806 2888 1819 ⁸
2913 1787 3072 1842 τοῦτο
3117 1784 3176 1840 δέ
3217 1784 3296 1856 τῷ
3340 1783 3633 1856 χιλιάρχῳ·

324 1873 561 1944 denique
601 1874 920 1933 uberrimus
977 1892 1073 1934 eos
1121 1880 1389 1949 repressit
1459 1879 1917 1946 refutationibus,

325 1966 420 2036 qui
471 1968 721 2039 religioni
775 1970 1086 2028 calumnias
1135 1973 1545 2032 struebant“.
1580 1972 1647 2030 Et
1696 1973 1917 2045 quidem

327 2059 766 2116 l‘artissimomm
817 2077 1040 2133 quoque
1074 2072 1381 2136 martyrum
1434 2067 1687 2138 egregius
1715 2067 1926 2122 chorus

326 2152 591 2209 adversus
640 2163 905 2225 tyrannos
938 2156 1009 2211 ob
1066 2158 1316 2212 eamdem
1370 2172 1594 2213 causam
1646 2160 1920 2215 constanti

325 2246 509 2317 lingua
538 2247 822 2320 ﬁrmisque
866 2250 1042 2307 oculis
1094 2252 1430 2318 armabatur,
1468 2253 1725 2325 pietatem
1790 2269 1921 2309 ora-

327 2339 475 2393 tione
513 2349 696 2405 tuens,
729 2356 794 2397 ac
825 2343 1237 2414 superstitionis
1270 2342 1538 2417 ﬂagitium
1584 2359 1921 2417 coarguens.

326 2430 519 2497 Quoad
551 2435 698 2486 enim
738 2441 1006 2504 tyrannus
1056 2450 1238 2491 veram
1278 2436 1450 2507 ipsam
1511 2439 1917 2494 accusationem

326 2525 569 2596 maligno
598 2528 784 2581 animo
808 2526 1139 2594 dissimulat,
1158 2530 1282 2585 aliis
1297 2529 1514 2585 interim
1545 2532 1919 2603 sycophantiis

326 2634 427 2674 eeu
456 2619 786 2690 quibusdam
847 2620 1258 2679 velitationibus
1315 2624 1572 2679 athletam
1606 2640 1868 2682 exercens
1901 2667 1922 2692 ,

327 2712 490 2768 silere
528 2721 753 2784 praestat
808 2714 1217 2786 clementerque
1282 2717 1588 2773 molestiam
1622 2719 1756 2790 pati.
1812 2717 1941 2775 νει

326 2822 447 2861 rum
478 2808 569 2861 ubi
599 2808 774 2863 aulaeo
804 2808 1046 2875 sublato,
1080 2810 1223 2866 haud
1265 2809 1380 2881 jam
1430 2822 1760 2884 personatus
1784 2828 1920 2869 con-

327 2909 408 2954 tra
462 2899 788 2970 religionem
851 2899 1170 2970 aggreditur
1215 2901 1485 2971 fabulam,
1535 2913 1657 2958 tum
1685 2903 1920 2973 denique

325 2992 539 3048 strenui
566 2992 666 3047 viri
699 3002 812 3060 est,
843 3002 1039 3048 etcum
1088 2992 1199 3049 Deo
1229 3005 1443 3067 gratum
1489 3011 1627 3066 opus
1657 3006 1772 3052 tum
1807 2994 1920 3050 Do-

2020 1889 2111 1943 τὸν
2154 1888 2465 1958 Ῥωμαϊκὸν
2490 1888 2748 1941 ἐπισείων
2779 1886 2965 1956 φόϐον,
2995 1886 3080 1938 ῖνα
3101 1884 3205 1955 μὴ,
3231 1883 3361 1955 ῥᾷον
3385 1881 3447 1933 ὃν
3474 1880 3627 1934 ἀνα⁸

2022 1981 2328 2049 σώσασθαι,
2357 1982 2459 2054 τῆς
2487 1980 2762 2052 σωτηρίας
2794 1978 3063 2049 προδότης
3100 1975 3235 2048 ἁλῷ,
3265 1975 3360 2028 καὶ
3401 1972 3481 2043 τῷ
3512 1970 3621 2040 τῆς

2020 2073 2305 2138 εὐσεϐείας
2354 2072 2929 2142 ὑποκατακλινόμενος
2975 2066 3157 2139 ἐχθρῷ
3184 2082 3205 2096 ι
3233 2064 3395 2120 τοῦτο
3414 2063 3471 2117 δέ
3506 2080 3624 2133 μαι

2020 2168 2177 2236 κροῖς
2207 2164 2582 2238 ἐπιστομίζων
2613 2164 2859 2235 ἐλέγχοις
2912 2162 3041 2229 τοὺς
3088 2160 3190 2230 τὴν
3240 2155 3627 2225 συκοφαντίαν

2020 2258 2164 2312 κατὰ
2192 2257 2296 2329 τῆς
2325 2257 2566 2323 πίστεως
2601 2256 3057 2320 συσκευάζοντας.
3083 2252 3195 2308 Καὶ
3224 2250 3337 2304 τῶν
3368 2246 3625 2302 καλλινί-

2020 2367 2135 2404 κων
2165 2346 2222 2405 δέ
2257 2349 2555 2421 μαρτύρων
2583 2350 2612 2403 ὁ
2640 2347 2784 2413 θεῖος
2811 2346 2971 2419 χορός
2991 2346 3082 2400 διὰ
3107 2344 3208 2417 τὴν
3232 2341 3405 2413 αὐτὴν
3428 2339 3623 2393 αἰτίαν

2021 2444 2160 2517 πρὸς
2188 2446 2315 2510 τοὺς
2337 2444 2641 2516 τυράννους
2665 2440 3139 2515 ὲπαρρησιάζοντο
3154 2436 3414 2506 ἀπτοήτῳ
3431 2432 3629 2503 γλῶσ-

2022 2556 2091 2612 σῃ
2123 2537 2221 2592 καί⁸
2239 2537 2582 2609 δυσωπήτοις
2602 2530 2904 2607 ὀφθαλμοῖς
2926 2535 3019 2589 τὸν
3048 2535 3189 2605 ὑπὲρ
3206 2532 3306 2602 τῆς
3323 2527 3621 2589 εὐσεϐείας

2019 2630 2179 2699 λόγον
2210 2630 2571 2702 συνείροντες,
2599 2625 2811 2700 καί’τῆς
2843 2627 3101 2691 ἀσεϐείας
3137 2626 3198 2679 τὺ
3227 2623 3513 2694 δύσφημον
3534 2621 3621 2675 δι-

2021 2725 2358 2796 ελέγχοντες.
2388 2724 2479 2779 Ἐν
2513 2719 2595 2789 οἷς
2622 2724 2732 2794 μὲν
2755 2724 2865 2794 γὰρ
2885 2726 2914 2778 ό
2939 2722 3204 2794 τύραννος
3226 2718 3321 2772 τὸν
3346 2716 3443 2772 τοῦ
3465 2732 3623 2787 μαρ⁸

2019 2820 2211 2893 τυρίου
2246 2819 2406 2889 λόγον
2438 2818 2587 2875 ἔνδον
2627 2817 2954 2889 κακούργως
2997 2812 3488 2884 ἀποκρυπτόμενος
3513 2808 3624 2861 ἆλ-

2020 2913 2142 2978 λαις
2165 2913 2473 2984 ἐπηρείαις,
2491 2912 2679 2983 ὥσπερ
2696 2910 2807 2964 τισὶ
2827 2907 3312 2981 προαγωνίσμασι,
3329 2904 3424 2958 τὸν
3443 2901 3622 2972 ἀθλη-

2020 3005 2121 3077 τὴν
2150 3002 2469 3075 δοκιμάζει,
2502 3004 2661 3076 σιγᾷν
2684 3003 2908 3073 ἄμεινον
2939 2999 3035 3054 καὶ
3076 2998 3264 3070 πράως
3296 2997 3482 3069 φέρειν
3512 2993 3625 3064 τὴν

328 3086 524 3141 manci
536 3084 661 3140 lacti
675 3086 957 3153 aemulum,
976 3087 1167 3141 verbis
1182 3087 1605 3143 adversantibus
1621 3089 1722 3151 uti,
1738 3103 1917 3159 neque

2022 3097 2304 3170 ἐνόχλησιν
2331 3114 2346 3132 ·
2384 3096 2606 3151 ἐπειδὰν
2634 3096 2690 3150 δέ
2720 3095 2819 3167 τῆν
2849 3094 3056 3165 σκηνὴν
3081 3089 3363 3153 διαλύσας,
3396 3086 3622 3157 ἀπρόσ-

328 3193 422 3247 per
450 3177 727 3232 silentium
761 3177 922 3231 malis
988 3177 1350 3233 histrionibus
1394 3178 1489 3232 Dei
1535 3178 1740 3233 cultum
1788 3194 1920 3249 pro-

326 3272 499 3338 dere;
535 3270 647 3324 imo
670 3283 806 3324 vero
845 3271 993 3325 hunc
1041 3269 1110 3324 ab
1140 3270 1289 3325 omni
1339 3270 1719 3327 criminatione
1756 3280 1921 3342 atque

329 3364 531 3433 impetu
565 3362 863 3426 vindicare,
898 3371 1015 3417 tum
1038 3361 1279 3418 veridica
1306 3363 1517 3420 scilicet
1544 3365 1789 3420 oratione
1804 3375 1919 3421 tum

326 3456 493 3510 etiam
536 3454 708 3509 animi
761 3453 1114 3511 streuuitate.
1174 3454 1353 3510 Nocet
1399 3456 1602 3527 aliquis
1639 3457 1918 3527 pecunia,

328 3554 499 3624 agris,
533 3550 616 3606 vel
668 3550 1125 3606 contumeliosam
1172 3564 1395 3621 quoque
1436 3565 1675 3614 manum,
1704 3553 1918 3622 corpori

327 3648 519 3703 all‘ert?
570 3647 841 3718 patienter
883 3645 1029 3703 ferre
1089 3646 1268 3715 decet,
1303 3648 1612 3703 constantia
1670 3648 1923 3717 mitigare

328 3740 627 3796 iracundia:
674 3739 973 3805 ﬂammam,
1007 3740 1307 3810 damnique
1341 3750 1657 3812 contemptu
1693 3741 1923 3796 insatia-

328 3837 490 3891 bilem
531 3833 778 3890 avarilire
827 3833 975 3888 sitim
1029 3833 1299 3888 inhibere.
1349 3833 1456 3889 Ubi
1502 3843 1683 3889 tamen
1732 3834 1921 3905 piacu-

327 3931 525 3985 larium
565 3937 730 3998 atque
775 3927 1070 3997 impiorum
1104 3926 1297 3993 instar,
1331 3926 1547 3983 honesti
1571 3927 1742 3983 moris
1772 3943 1922 3983 asse-

326 4022 427 4077 clae
480 4020 873 4090 religionisque
922 4033 1225 4089 praecones,
1281 4018 1352 4073 ab
1401 4018 1597 4074 harum
1652 4019 1918 4073 virtutum

328 4114 581 4169 hostibus
634 4112 997 4168 traducentur
1061 4112 1335 4184 malisque
1389 4112 1751 4177 irretientur,
1791 4122 1922 4167 tunc

329 4206 471 4261 haud
501 4205 653 4260 taciti
701 4205 962 4275 iniuriam
999 4204 1381 4275 perferemus;
1406 4205 1500 4260 sed
1559 4206 1689 4276 quia
1732 4205 1920 4276 iniqua

328 4300 575 4370 patimur
631 4299 730 4369 pii,
761 4308 816 4353 et
844 4299 974 4369 quia
1014 4296 1298 4370 Evangelii
1338 4299 1585 4355 sacrario
1625 4299 1708 4353 vis
1751 4298 1919 4354 infer-

326 4402 434 4460 tur,
464 4398 646 4448 mente
672 4391 964 4463 linguaque
997 4390 1339 4447 audebimus.
1419 4389 1553 4446 Nam
1590 4407 1715 4447 cum
1772 4394 1921 4464 prio-

327 4501 386 4539 re
421 4499 603 4539 rermn
667 4482 985 4539 conditione
1033 4483 1312 4539 silentium
1363 4482 1520 4539 mira:
1576 4484 1796 4541 virtutis
1836 4485 1915 4541 si-

325 4577 603 4647 guilicatio
664 4585 769 4638 est,
822 4576 1129 4647 posteriore
1186 4584 1370 4632 tamen
1425 4576 1471 4633 si
1504 4576 1666 4647 gl'orte
1724 4593 1912 4633 vocem

325 4672 731 4737 contineamus,
765 4669 1063 4740 impietatis
1102 4669 1389 4725 audaciam
1418 4680 1617 4726 contra.
1641 4672 1916 4743 evangeli-

326 4776 460 4815 cum
483 4763 711 4817 verbum
742 4776 1101 4818 exacuemus.

364 5118 367 5122 ’
406 5146 453 5182 η
482 5128 600 5182 Act.
631 5140 760 5195 xm,
803 5126 860 5184 8.
918 5131 1116 5189 “Act.
1155 5137 1405 5199 $311.25.

2021 3209 2171 3247 ωπον
2220 3193 2320 3264 τὴν
2346 3190 2489 3246 κατὰ
2521 3190 2621 3262 τῆς
2644 3188 2929 3254 εὐσεϐείας
2954 3188 3264 3258 εἰσέρχεται
3285 3182 3625 3254 κωμῳδίαν,

2021 3287 2146 3341 τότε
2169 3286 2257 3356 δὴ,
2288 3286 2411 3340 τότε
2449 3284 2701 3355 γενναῖόν
2731 3299 2791 3336 τε
2820 3283 2917 3336 καὶ
2961 3280 3117 3351 φίλον
3155 3277 3297 3349 Θεῷ,
3357 3275 3452 3330 καί
3504 3274 3625 3343 τῆς

2023 3379 2364 3449 Δεσποτικῆς
2392 3375 2657 3449 ἐργασίας
2688 3373 2944 3446 μίμησις,
2984 3368 3365 3436 ἀντεπεξιέναι
3402 3366 3627 3435 λόγοις,

2023 3471 2118 3525 καὶ
2148 3471 2224 3541 μὴ
2253 3471 2321 3541 τῇ
2362 3470 2542 3540 σιωπῇ
2579 3466 2890 3540 προδιδόναι
2925 3466 3046 3528 ταῖς
3086 3462 3403 3534 κωμῳδίαις
3428 3458 3490 3511 τδ
3518 3458 3629 3511 λα-

2024 3566 2381 3639 τρευόμενοψ
2418 3564 2672 3635 κρεῖττον
2698 3562 2754 3616 δέ
2785 3559 3048 3632 παρέχειν
3068 3556 3243 3626 λαϐῆς
3271 3554 3493 3625 ἀπάσης
3520 3552 3627 3606 καὶ

2028 3660 2327 3731 συσκευῆς,
2352 3658 2511 3713 τοῦτο
2555 3658 2653 3730 μὲν
2675 3655 2903 3726 ἀληθέσι
2929 3654 3132 3723 λόγοις,
3153 3650 3310 3704 τοῦτο
3325 3648 3382 3703 δέ
3408 3646 3489 3717 τῷ
3512 3646 3627 3717 τῆς

2022 3751 2206 3823 ψυχῆς
2237 3750 2651 3821 παραστήματι.
2694 3747 2791 3809 EE;
2816 3742 3082 3817 ἀργύριόν
3113 3758 3196 3805 τις
3243 3736 3628 3799 ἐπιϐουλεύει.

2021 3846 2101 3909 εἰς
2133 3843 2358 3915 ἀγροὺς,
2391 3842 2427 3914 ἢ
2468 3843 2565 3895 καὶ
2600 3842 2760 3911 χεῖρα
2812 3837 3025 3907 ὕϐρεως
3068 3833 3484 3888 ἐπανατείνεται
3530 3829 3620 3901 τῷ

2024 3922 2278 4007 σώματι;
2311 3935 2652 4000 ἀνεξικάκως
2679 3932 2945 4003 προσήκει
2988 3929 3199 4000 φέρειν,
3254 3922 3624 3995 μακροθυμίᾳ

2022 4028 2381 4101 διαπραΰνειν
2406 4028 2468 4081 τὸ
2508 4025 2847 4096 φλεγμαῖνον.
2871 4022 2972 4093 τῆς
3008 4019 3200 4092 ὀργῆς,
3234 4018 3328 4071 καί
3367 4014 3466 4086 τῆς
3492 4014 3624 4084 φιλ-

2023 4122 2317 4193 αργυρίας,
2380 4119 2645 4191 ὀλιγωρίᾳ
2696 4118 2799 4189 τῆς
2854 4114 3079 4186 ζημίας,
3138 4108 3494 4166 ὑποστέλλειν
3548 4106 3633 4159 τὰ

2022 4216 2324 4288 ἄπληστον.
2369 4214 2509 4269 Ἀλλ’
2538 4213 2615 4278 ὡς
2669 4214 2905 4281 ἐναγεῖς,
2934 4211 3010 4274 ὥς
3058 4208 3276 4274 ἀσεϐεῖς
3325 4207 3453 4271 τοὺς
3509 4206 3625 4278 τῆς

2022 4311 2224 4382 ἀρετῆς
2250 4306 2491 4380 ἐργάτας
2520 4307 2623 4361 καὶ
2648 4307 2748 4377 τῆς
2770 4305 3055 4369 εὐσεϐείας
3081 4304 3383 4377 κήρυκαςό
3404 4300 3620 4371 ταύτης

2023 4401 2247 4456 ἐλαύνει
2275 4398 2471 4473 ἐχθρός
2495 4400 2591 4454 καὶ
2619 4400 2813 4461 κακοῖς
2855 4395 3249 4467 παραδίδωσιν,
3270 4394 3331 4447 οὐ
3356 4395 3484 4463 σιγῇ
3512 4392 3622 4463 τὴν

2023 4495 2181 4568 ὓϐριν
2205 4496 2447 4566 οἴσομεν,
2478 4494 2597 4571 ἀλλ’
2626 4492 2704 4556 ὡς
2729 4491 2893 4546 ἄδικα
2938 4491 3039 4562 μὲν
3092 4490 3397 4559 πάσχοιμεν
3449 4486 3623 4539 εὐσε-

2023 4590 2249 4654 ϐοῦντες
2282 4589 2467 4653 αὐτοὶ,
2495 4588 2657 4642 ἄδικα
2683 4586 2741 4641 δὲ
2769 4585 2971 4654 πάσχοι
2999 4583 3059 4636 τὸ
3101 4583 3299 4636 σεπτὸν
3324 4655 3334 4665 _
3358 4578 3457 4634 τοῦ
3509 4597 3621 4652 κη-

2029 4683 2129 4754 ρύγ
2140 4700 2333 4754 ματος,
2363 4682 2458 4735 καί⁵
2494 4679 2694 4754 γνώμῃ
2725 4679 2821 4732 καὶ
2843 4675 3064 4747 γλώσσῃ
3088 4672 3645 4761 παρῤησιασόμεθαη

2028 4778 2181 4831 Ἐκεῖ
2221 4775 2323 4847 μὲν
2353 4775 2464 4847 γὰρ
2494 4775 2526 4844 ή
2565 4773 2695 4842 σιγὴ
2717 4771 3029 4843 θαυμασίας
3064 4769 3213 4824 ἐστὶν
3247 4768 3449 4839 ἀρετῆς
3471 4768 3617 4820 ὐπο-

2023 4870 2272 4933 τύπωσις
2295 4885 2311 4901 ’
2345 4867 2587 4923 ἐνταῦθα
2612 4868 2670 4923 δέ
2694 4866 2753 4920 τὸ
2784 4866 2946 4937 σιγᾷν
2972 4861 3492 4935 καταθρασύνεσθαι
3516 4862 3625 4915 τοῦ

2022 4962 2182 5032 λόγου
2218 4960 2419 5033 μᾶλλον
2454 4958 2777 5035 παρακαλεῖ
2804 4957 2906 5029 τὴν
2940 4956 3218 5012 ἀσέϐειαν.

1892 5278 2132 5338 NOTAE}.

404 5418 515 5490 (l8)
549 5416 745 5472 Cicero
772 5417 835 5490 in
868 5416 965 5471 0r.
1000 5424 1116 5490 post
1145 5414 1257 5469 red.
1285 5415 1338 5468 in
1375 5429 1491 5469 seu.
1533 5432 1586 5482 v,
1616 5425 1674 5490 et
1696 5416 1932 5490 Lactan-

333 5486 463 5551 tius,
491 5489 629 5543 Inst.
669 5503 724 5547 ν,
761 5489 816 5553 9,
848 5497 1014 5557 caput
1065 5486 1255 5540 dicunt
1288 5488 1772 5557 partemhominis
1801 5504 1929 5544 san-

329 5561 655 5617 ctissimam.
688 5556 1123 5612 Photius’autem
1151 5570 1396 5626 anagoge
1424 5556 1637 5612 nititur.

402 5631 513 5701 (19)
559 5628 775 5701 Elymus
806 5627 1435 5701 vocabulunrsiguilicat
1478 5626 1703 5681 Persam
1746 5628 1922 5700 (Poly-

332 5696 527 5756 chron.
569 5696 641 5754 ad
672 5699 811 5753 Dan.
836 5714 956 5770 cap.
986 5714 1084 5761 vn,
1124 5696 1372 5770 2).Magi
1410 5710 1591 5753 autem
1624 5696 1797 5769 genus
1828 5696 1927 5754 ho-

334 5771 544 5827 minum
572 5772 889 5829 Persarum.
926 5769 1124 5825 L’hotio
1165 5769 1372 5824 nomen
1407 5770 1701 5841 proprium
1737 5771 1921 5829 visum

2028 5428 2111 5475 est
2138 5418 2376 5493 Elymus.
2414 5420 2493 5493 Ad
2532 5422 2679 5477 hunc
2700 5425 2936 5493 acutum
2964 5420 3411 5493 apostolicorum
3434 5419 3626 5477 locum

2029 5491 2337 5561 respexisse
2417 5492 2656 5547 arbitror
2740 5490 3099 5547 Menandrum
3166 5493 3491 5548 historicum
3562 5495 3625 5547 in-

2034 5561 2319 5635 Excerptis
2360 5578 2547 5635 aume
2574 5562 2737 5635 editis
2764 5563 3212 5635 Porphyrogeniti
3263 5564 3327 5634 (t.
3375 5562 3417 5635 ll
3475 5563 3625 5619 Coll.

2027 5630 2146 5686 Vat.
2217 5630 2295 5701 7p.
2358 5632 2486 5703 359)
2552 5634 2645 5705 ubi
2708 5630 2911 5705 exstat;
2946 5630 3284 5705 epigramma
3350 5634 3428 5705 de
3508 5636 3623 5689 alio

2024 5717 2186 5772 mago
2211 5705 2516 5760 recentiore
2549 5703 2715 5760 Persa
2745 5703 3086 5774 praedicti‘oni
3115 5704 3442 5778 evangelica:
3467 5705 3609 5762 obsi-

2026 5783 2230 5829 stentc.
