  <div class='ocr_page' id='page_1' title='image "/cluster/home/n/w/nwhite01/storage/ocr_20150623/101/hvd.32044018872879/060.png"; bbox 0 0 3916 6192; ppageno 0'>
   <div class='ocr_carea' id='block_1_1' title="bbox 295 277 367 339">
    <p class='ocr_par' dir='ltr' id='par_1_1' title="bbox 295 277 367 339">
     <span class='ocr_line' id='line_1_1' title="bbox 295 277 367 339; baseline 0 -5"><span class='ocrx_word' id='word_1_1' title='bbox 295 277 367 339; x_wconf 86' lang='lat'><strong>73</strong></span> 
     </span>
    </p>
   </div>
   <div class='ocr_carea' id='block_1_2' title="bbox 1359 285 2552 364">
    <p class='ocr_par' dir='ltr' id='par_1_2' title="bbox 1359 285 2552 364">
     <span class='ocr_line' id='line_1_2' title="bbox 1359 285 2552 364; baseline 0.01 -21"><span class='ocrx_word' id='word_1_2' title='bbox 1359 285 1459 345; x_wconf 74' lang='lat' dir='ltr'><strong>AD</strong></span> <span class='ocrx_word' id='word_1_3' title='bbox 1488 286 2080 351; x_wconf 78' lang='lat' dir='ltr'><strong>AMPIIILOCHIUM</strong></span> <span class='ocrx_word' id='word_1_4' title='bbox 2122 293 2466 364; x_wconf 71' lang='lat' dir='ltr'><strong>QUIESTIO</strong></span> <span class='ocrx_word' id='word_1_5' title='bbox 2506 297 2552 355; x_wconf 91' lang='grc' dir='ltr'><strong>Ι.</strong></span> 
     </span>
    </p>
   </div>
   <div class='ocr_carea' id='block_1_3' title="bbox 3496 304 3571 368">
    <p class='ocr_par' dir='ltr' id='par_1_3' title="bbox 3496 304 3571 368">
     <span class='ocr_line' id='line_1_3' title="bbox 3496 304 3571 368; baseline -0.013 0"><span class='ocrx_word' id='word_1_6' title='bbox 3496 304 3571 368; x_wconf 75' lang='grc' dir='ltr'><strong>Ἷῑ</strong></span> 
     </span>
    </p>
   </div>
   <div class='ocr_carea' id='block_1_4' title="bbox 372 391 1879 484">
    <p class='ocr_par' dir='ltr' id='par_1_4' title="bbox 372 391 1879 478">
     <span class='ocr_line' id='line_1_4' title="bbox 372 391 1879 478; baseline 0.009 -31"><span class='ocrx_word' id='word_1_7' title='bbox 372 392 459 447; x_wconf 77' lang='grc' dir='ltr'><strong>ιϐ’.</strong></span> <span class='ocrx_word' id='word_1_8' title='bbox 501 391 800 463; x_wconf 83' lang='grc' dir='ltr'><strong>’Υπάγοιτο</strong></span> <span class='ocrx_word' id='word_1_9' title='bbox 820 396 865 451; x_wconf 76' lang='grc' dir='ltr'><strong>δ’</strong></span> <span class='ocrx_word' id='word_1_10' title='bbox 891 395 958 451; x_wconf 73' lang='grc' dir='ltr'><strong>ἂν</strong></span> <span class='ocrx_word' id='word_1_11' title='bbox 988 396 1065 469; x_wconf 81' lang='grc' dir='ltr'><strong>τῷ</strong></span> <span class='ocrx_word' id='word_1_12' title='bbox 1092 398 1242 471; x_wconf 78' lang='grc' dir='ltr'><strong>αὐτῷ</strong></span> <span class='ocrx_word' id='word_1_13' title='bbox 1260 396 1361 472; x_wconf 77' lang='grc' dir='ltr'><strong>τῆς</strong></span> <span class='ocrx_word' id='word_1_14' title='bbox 1381 402 1711 476; x_wconf 85' lang='grc' dir='ltr'><strong>διακρίσεως</strong></span> <span class='ocrx_word' id='word_1_15' title='bbox 1730 404 1879 478; x_wconf 82' lang='grc' dir='ltr'><strong>τύπῳ</strong></span> 
     </span>
    </p>
   </div>
   <div class='ocr_carea' id='block_1_5' title="bbox 1983 391 3568 484">
    <p class='ocr_par' dir='ltr' id='par_1_5' title="bbox 2059 409 3568 484">
     <span class='ocr_line' id='line_1_5' title="bbox 2059 409 3568 484; baseline 0.011 -21"><span class='ocrx_word' id='word_1_16' title='bbox 2059 410 2147 466; x_wconf 83' lang='lat' dir='ltr'><strong>l9.</strong></span> <span class='ocrx_word' id='word_1_17' title='bbox 2186 409 2359 466; x_wconf 85' lang='lat' dir='ltr'><strong>Porro</strong></span> <span class='ocrx_word' id='word_1_18' title='bbox 2389 413 2455 466; x_wconf 89' lang='lat' dir='ltr'><strong>ad</strong></span> <span class='ocrx_word' id='word_1_19' title='bbox 2486 412 2799 484; x_wconf 83' lang='lat' dir='ltr'><strong>exemplum</strong></span> <span class='ocrx_word' id='word_1_20' title='bbox 2851 413 3191 473; x_wconf 81' lang='lat' dir='ltr'><strong>discriminis</strong></span> <span class='ocrx_word' id='word_1_21' title='bbox 3218 418 3418 476; x_wconf 80' lang='lat' dir='ltr'><strong>sistere</strong></span> <span class='ocrx_word' id='word_1_22' title='bbox 3445 422 3568 479; x_wconf 68' lang='lat' dir='ltr'><strong>licet</strong></span> 
     </span>
    </p>
   </div>
   <div class='ocr_carea' id='block_1_6' title="bbox 298 485 1881 569">
    <p class='ocr_par' dir='ltr' id='par_1_6' title="bbox 298 485 1881 569">
     <span class='ocr_line' id='line_1_6' title="bbox 298 485 1881 569; baseline 0.009 -30"><span class='ocrx_word' id='word_1_23' title='bbox 298 485 394 540; x_wconf 65' lang='grc' dir='ltr'><strong>καὶ</strong></span> <span class='ocrx_word' id='word_1_24' title='bbox 419 487 448 540; x_wconf 84' lang='grc' dir='ltr'><strong>ό</strong></span> <span class='ocrx_word' id='word_1_25' title='bbox 487 487 736 551; x_wconf 80' lang='grc' dir='ltr'><strong>Ἀνανίας</strong></span> <span class='ocrx_word' id='word_1_26' title='bbox 766 491 860 543; x_wconf 77' lang='grc' dir='ltr'><strong>καὶ</strong></span> <span class='ocrx_word' id='word_1_27' title='bbox 891 491 924 559; x_wconf 85' lang='grc' dir='ltr'><strong>ή</strong></span> <span class='ocrx_word' id='word_1_28' title='bbox 956 489 1244 564; x_wconf 74' lang='grc' dir='ltr'><strong>Σάπφειρα</strong></span> <span class='ocrx_word' id='word_1_29' title='bbox 1276 492 1355 564; x_wconf 79' lang='grc' dir='ltr'><strong>τῷ</strong></span> <span class='ocrx_word' id='word_1_30' title='bbox 1385 498 1669 569; x_wconf 84' lang='grc' dir='ltr'><strong>κορυφαίῳ</strong></span> <span class='ocrx_word' id='word_1_31' title='bbox 1691 499 1881 563; x_wconf 73' lang='grc' dir='ltr'><strong>ποινὰς</strong></span> 
     </span>
    </p>
   </div>
   <div class='ocr_carea' id='block_1_7' title="bbox 296 579 1883 657">
    <p class='ocr_par' dir='ltr' id='par_1_7' title="bbox 296 579 1883 657">
     <span class='ocr_line' id='line_1_7' title="bbox 296 579 1883 657; baseline 0.011 -28"><span class='ocrx_word' id='word_1_32' title='bbox 296 579 777 650; x_wconf 78' lang='grc' dir='ltr'><strong>εἰσπραττόμενοι,</strong></span> <span class='ocrx_word' id='word_1_33' title='bbox 805 583 902 635; x_wconf 76' lang='grc' dir='ltr'><strong>καὶ</strong></span> <span class='ocrx_word' id='word_1_34' title='bbox 935 584 968 653; x_wconf 81' lang='grc' dir='ltr'>ὴ</span> <span class='ocrx_word' id='word_1_35' title='bbox 1002 583 1107 647; x_wconf 73' lang='grc' dir='ltr'><strong>ἕως</strong></span> <span class='ocrx_word' id='word_1_36' title='bbox 1134 585 1601 657; x_wconf 69' lang='grc' dir='ltr'><strong>ἑϐδομηκοντάκις</strong></span> <span class='ocrx_word' id='word_1_37' title='bbox 1623 591 1763 644; x_wconf 84' lang='grc' dir='ltr'><strong>ἐπτά</strong></span> <span class='ocrx_word' id='word_1_38' title='bbox 1795 593 1883 645; x_wconf 86' lang='grc' dir='ltr'><strong>ἐν·</strong></span> 
     </span>
    </p>
   </div>
   <div class='ocr_carea' id='block_1_8' title="bbox 294 668 1878 754">
    <p class='ocr_par' dir='ltr' id='par_1_8' title="bbox 294 668 1878 754">
     <span class='ocr_line' id='line_1_8' title="bbox 294 668 1878 754; baseline 0.009 -33"><span class='ocrx_word' id='word_1_39' title='bbox 294 668 423 740; x_wconf 81' lang='grc' dir='ltr'><strong>τολὴ</strong></span> <span class='ocrx_word' id='word_1_40' title='bbox 453 670 728 741; x_wconf 86' lang='grc' dir='ltr'><strong>μετροῦσα</strong></span> <span class='ocrx_word' id='word_1_41' title='bbox 762 676 877 736; x_wconf 83' lang='grc' dir='ltr'><strong>τοῖς</strong></span> <span class='ocrx_word' id='word_1_42' title='bbox 934 675 1316 748; x_wconf 79' lang='grc' dir='ltr'><strong>ἁμαρτάνουσι</strong></span> <span class='ocrx_word' id='word_1_43' title='bbox 1359 680 1461 750; x_wconf 84' lang='grc' dir='ltr'><strong>τὴν</strong></span> <span class='ocrx_word' id='word_1_44' title='bbox 1512 681 1878 754; x_wconf 84' lang='grc' dir='ltr'><strong>συγχώρησιν.</strong></span> 
     </span>
    </p>
   </div>
   <div class='ocr_carea' id='block_1_9' title="bbox 295 761 1882 846">
    <p class='ocr_par' dir='ltr' id='par_1_9' title="bbox 295 761 1882 846">
     <span class='ocr_line' id='line_1_9' title="bbox 295 761 1882 846; baseline 0.009 -33"><span class='ocrx_word' id='word_1_45' title='bbox 295 762 409 815; x_wconf 77' lang='grc' dir='ltr'><strong>Καὶ</strong></span> <span class='ocrx_word' id='word_1_46' title='bbox 439 761 548 833; x_wconf 83' lang='grc' dir='ltr'><strong>γάρ</strong></span> <span class='ocrx_word' id='word_1_47' title='bbox 578 763 669 817; x_wconf 71' lang='grc' dir='ltr'><strong>διὰ</strong></span> <span class='ocrx_word' id='word_1_48' title='bbox 701 766 800 835; x_wconf 82' lang='grc' dir='ltr'><strong>μὲν</strong></span> <span class='ocrx_word' id='word_1_49' title='bbox 830 767 931 838; x_wconf 83' lang='grc' dir='ltr'><strong>τῆς</strong></span> <span class='ocrx_word' id='word_1_50' title='bbox 956 769 1178 838; x_wconf 79' lang='grc' dir='ltr'><strong>ἐντολῆς</strong></span> <span class='ocrx_word' id='word_1_51' title='bbox 1208 770 1369 836; x_wconf 80' lang='grc' dir='ltr'><strong>αὐτός</strong></span> <span class='ocrx_word' id='word_1_52' title='bbox 1413 790 1473 827; x_wconf 89' lang='grc' dir='ltr'><strong>τε</strong></span> <span class='ocrx_word' id='word_1_53' title='bbox 1517 774 1726 846; x_wconf 82' lang='grc' dir='ltr'><strong>Πέτρος</strong></span> <span class='ocrx_word' id='word_1_54' title='bbox 1786 775 1882 830; x_wconf 79' lang='grc' dir='ltr'><strong>καὶ</strong></span> 
     </span>
    </p>
   </div>
   <div class='ocr_carea' id='block_1_10' title="bbox 293 853 1880 938">
    <p class='ocr_par' dir='ltr' id='par_1_10' title="bbox 293 853 1880 938">
     <span class='ocr_line' id='line_1_10' title="bbox 293 853 1880 938; baseline 0.012 -34"><span class='ocrx_word' id='word_1_55' title='bbox 293 854 459 921; x_wconf 79' lang='grc' dir='ltr'><strong>ἡμεῖς</strong></span> <span class='ocrx_word' id='word_1_56' title='bbox 486 853 554 908; x_wconf 83' lang='grc' dir='ltr'><strong>τὰ</strong></span> <span class='ocrx_word' id='word_1_57' title='bbox 584 856 667 918; x_wconf 83' lang='grc' dir='ltr'><strong>είς</strong></span> <span class='ocrx_word' id='word_1_58' title='bbox 694 857 924 920; x_wconf 78' lang='grc' dir='ltr'><strong>ἑαυτοὺς</strong></span> <span class='ocrx_word' id='word_1_59' title='bbox 948 860 1329 933; x_wconf 83' lang='grc' dir='ltr'><strong>ἁμαρτήματα</strong></span> <span class='ocrx_word' id='word_1_60' title='bbox 1356 865 1620 931; x_wconf 83' lang='grc' dir='ltr'><strong>πολλάκις</strong></span> <span class='ocrx_word' id='word_1_61' title='bbox 1661 870 1880 938; x_wconf 81' lang='grc' dir='ltr'><strong>ἀφιέναι</strong></span> 
     </span>
    </p>
   </div>
   <div class='ocr_carea' id='block_1_11' title="bbox 290 941 1881 1031">
    <p class='ocr_par' dir='ltr' id='par_1_11' title="bbox 290 941 1881 1031">
     <span class='ocr_line' id='line_1_11' title="bbox 290 941 1881 1031; baseline 0.011 -37"><span class='ocrx_word' id='word_1_62' title='bbox 290 941 662 1014; x_wconf 78' lang='grc' dir='ltr'><strong>διδασκόμεθα</strong></span> <span class='ocrx_word' id='word_1_63' title='bbox 683 962 702 976; x_wconf 64' lang='grc'>⁸</span> <span class='ocrx_word' id='word_1_64' title='bbox 730 947 833 1018; x_wconf 83' lang='grc' dir='ltr'><strong>τὴν</strong></span> <span class='ocrx_word' id='word_1_65' title='bbox 861 947 905 1000; x_wconf 67' lang='grc' dir='ltr'><strong>δ’</strong></span> <span class='ocrx_word' id='word_1_66' title='bbox 934 950 1016 1012; x_wconf 83' lang='grc' dir='ltr'><strong>είς</strong></span> <span class='ocrx_word' id='word_1_67' title='bbox 1062 951 1123 1004; x_wconf 75' lang='grc' dir='ltr'><strong>τὸ</strong></span> <span class='ocrx_word' id='word_1_68' title='bbox 1169 954 1327 1006; x_wconf 83' lang='grc' dir='ltr'><strong>Θεῖον</strong></span> <span class='ocrx_word' id='word_1_69' title='bbox 1372 953 1532 1025; x_wconf 77' lang='grc' dir='ltr'><strong>ὓϐριν</strong></span> <span class='ocrx_word' id='word_1_70' title='bbox 1564 957 1688 1010; x_wconf 72' lang='grc' dir='ltr'><strong>οὔτε</strong></span> <span class='ocrx_word' id='word_1_71' title='bbox 1737 976 1881 1031; x_wconf 81' lang='grc' dir='ltr'><strong>παρ-</strong></span> 
     </span>
    </p>
   </div>
   <div class='ocr_carea' id='block_1_12' title="bbox 289 1031 1877 1116">
    <p class='ocr_par' dir='ltr' id='par_1_12' title="bbox 289 1031 1877 1116">
     <span class='ocr_line' id='line_1_12' title="bbox 289 1031 1877 1116; baseline 0.011 -32"><span class='ocrx_word' id='word_1_72' title='bbox 289 1034 425 1105; x_wconf 72' lang='grc' dir='ltr'><strong>ορᾷν</strong></span> <span class='ocrx_word' id='word_1_73' title='bbox 455 1031 673 1105; x_wconf 84' lang='grc' dir='ltr'><strong>ἐντολὴν</strong></span> <span class='ocrx_word' id='word_1_74' title='bbox 704 1035 921 1107; x_wconf 73' lang='grc' dir='ltr'><strong>ἔχομεν,</strong></span> <span class='ocrx_word' id='word_1_75' title='bbox 956 1038 1083 1092; x_wconf 73' lang='grc' dir='ltr'><strong>οὗτε</strong></span> <span class='ocrx_word' id='word_1_76' title='bbox 1122 1042 1377 1111; x_wconf 79' lang='grc' dir='ltr'><strong>παρεῖδεν</strong></span> <span class='ocrx_word' id='word_1_77' title='bbox 1407 1045 1638 1109; x_wconf 82' lang='grc' dir='ltr'><strong>ἐκεῖνος,</strong></span> <span class='ocrx_word' id='word_1_78' title='bbox 1695 1047 1756 1110; x_wconf 82' lang='grc' dir='ltr'><strong>ὃς</strong></span> <span class='ocrx_word' id='word_1_79' title='bbox 1813 1064 1877 1116; x_wconf 85' lang='grc' dir='ltr'><strong>γε</strong></span> 
     </span>
    </p>
   </div>
   <div class='ocr_carea' id='block_1_13' title="bbox 290 1124 1880 1206">
    <p class='ocr_par' dir='ltr' id='par_1_13' title="bbox 290 1124 1880 1206">
     <span class='ocr_line' id='line_1_13' title="bbox 290 1124 1880 1206; baseline 0.009 -31"><span class='ocrx_word' id='word_1_80' title='bbox 290 1124 423 1188; x_wconf 82' lang='grc' dir='ltr'><strong>τοὺς</strong></span> <span class='ocrx_word' id='word_1_81' title='bbox 447 1124 792 1197; x_wconf 74' lang='grc' dir='ltr'><strong>ἠσεϐηκότας</strong></span> <span class='ocrx_word' id='word_1_82' title='bbox 821 1130 917 1183; x_wconf 82' lang='grc' dir='ltr'><strong>καὶ</strong></span> <span class='ocrx_word' id='word_1_83' title='bbox 965 1132 1400 1202; x_wconf 78' lang='grc' dir='ltr'><strong>νοσφισαμένους</strong></span> <span class='ocrx_word' id='word_1_84' title='bbox 1446 1134 1547 1205; x_wconf 82' lang='grc' dir='ltr'><strong>μὲν</strong></span> <span class='ocrx_word' id='word_1_85' title='bbox 1579 1136 1648 1189; x_wconf 77' lang='grc' dir='ltr'><strong>τὰ</strong></span> <span class='ocrx_word' id='word_1_86' title='bbox 1675 1137 1880 1206; x_wconf 79' lang='grc' dir='ltr'><strong>ἀναθή-</strong></span> 
     </span>
    </p>
   </div>
   <div class='ocr_carea' id='block_1_14' title="bbox 285 1217 1880 1301">
    <p class='ocr_par' dir='ltr' id='par_1_14' title="bbox 285 1217 1880 1301">
     <span class='ocr_line' id='line_1_14' title="bbox 285 1217 1880 1301; baseline 0.011 -34"><span class='ocrx_word' id='word_1_87' title='bbox 285 1232 465 1285; x_wconf 74' lang='grc' dir='ltr'><strong>ματα.</strong></span> <span class='ocrx_word' id='word_1_88' title='bbox 495 1217 875 1289; x_wconf 77' lang='grc' dir='ltr'><strong>ψευσαμένους</strong></span> <span class='ocrx_word' id='word_1_89' title='bbox 938 1220 995 1275; x_wconf 84' lang='grc' dir='ltr'><strong>δὲ</strong></span> <span class='ocrx_word' id='word_1_90' title='bbox 1050 1222 1113 1275; x_wconf 80' lang='grc' dir='ltr'><strong>τὸ</strong></span> <span class='ocrx_word' id='word_1_91' title='bbox 1171 1224 1393 1295; x_wconf 81' lang='grc' dir='ltr'>Πνεῦμα</span> <span class='ocrx_word' id='word_1_92' title='bbox 1448 1227 1507 1280; x_wconf 78' lang='grc' dir='ltr'><strong>τὸ</strong></span> <span class='ocrx_word' id='word_1_93' title='bbox 1546 1227 1724 1296; x_wconf 75' lang='grc' dir='ltr'><strong>ἅγιον,</strong></span> <span class='ocrx_word' id='word_1_94' title='bbox 1780 1232 1880 1301; x_wconf 80' lang='grc' dir='ltr'><strong>τὴν</strong></span> 
     </span>
    </p>
   </div>
   <div class='ocr_carea' id='block_1_15' title="bbox 290 1308 1877 1391">
    <p class='ocr_par' dir='ltr' id='par_1_15' title="bbox 290 1308 1877 1391">
     <span class='ocr_line' id='line_1_15' title="bbox 290 1308 1877 1391; baseline 0.011 -32"><span class='ocrx_word' id='word_1_95' title='bbox 290 1308 531 1377; x_wconf 82' lang='grc' dir='ltr'><strong>ἐσχάτην</strong></span> <span class='ocrx_word' id='word_1_96' title='bbox 566 1309 723 1380; x_wconf 85' lang='grc' dir='ltr'><strong>δίκην</strong></span> <span class='ocrx_word' id='word_1_97' title='bbox 749 1311 1021 1384; x_wconf 73' lang='grc' dir='ltr'><strong>ἀπῄτησε.</strong></span> <span class='ocrx_word' id='word_1_98' title='bbox 1056 1314 1163 1367; x_wconf 79' lang='grc' dir='ltr'><strong>Ναὶ</strong></span> <span class='ocrx_word' id='word_1_99' title='bbox 1184 1314 1249 1386; x_wconf 82' lang='grc' dir='ltr'><strong>δὴ</strong></span> <span class='ocrx_word' id='word_1_100' title='bbox 1280 1317 1376 1369; x_wconf 74' lang='grc' dir='ltr'><strong>καὶ</strong></span> <span class='ocrx_word' id='word_1_101' title='bbox 1398 1318 1425 1370; x_wconf 84' lang='grc' dir='ltr'><strong><em>ὁ</em></strong></span> <span class='ocrx_word' id='word_1_102' title='bbox 1452 1317 1543 1372; x_wconf 87' lang='grc' dir='ltr'><strong>τοῦ</strong></span> <span class='ocrx_word' id='word_1_103' title='bbox 1571 1323 1877 1391; x_wconf 74' lang='grc' dir='ltr'><strong>κορυφαίου</strong></span> 
     </span>
    </p>
   </div>
   <div class='ocr_carea' id='block_1_16' title="bbox 290 1401 1884 1480">
    <p class='ocr_par' dir='ltr' id='par_1_16' title="bbox 290 1401 1884 1480">
     <span class='ocr_line' id='line_1_16' title="bbox 290 1401 1884 1480; baseline 0.012 -29"><span class='ocrx_word' id='word_1_104' title='bbox 290 1401 396 1468; x_wconf 77' lang='grc' dir='ltr'><strong>μὲν</strong></span> <span class='ocrx_word' id='word_1_105' title='bbox 422 1401 733 1471; x_wconf 83' lang='grc' dir='ltr'><strong>συνόμιλος,</strong></span> <span class='ocrx_word' id='word_1_106' title='bbox 763 1404 864 1457; x_wconf 79' lang='grc' dir='ltr'><strong>οὐκ</strong></span> <span class='ocrx_word' id='word_1_107' title='bbox 896 1405 1146 1460; x_wconf 86' lang='grc' dir='ltr'><strong>ἐλάττοσι</strong></span> <span class='ocrx_word' id='word_1_108' title='bbox 1185 1407 1242 1461; x_wconf 73' lang='grc' dir='ltr'><strong>δέ</strong></span> <span class='ocrx_word' id='word_1_109' title='bbox 1285 1409 1598 1480; x_wconf 77' lang='grc' dir='ltr'><strong>πρεσϐείοις</strong></span> <span class='ocrx_word' id='word_1_110' title='bbox 1644 1415 1753 1468; x_wconf 85' lang='grc' dir='ltr'><strong>τῶν</strong></span> <span class='ocrx_word' id='word_1_111' title='bbox 1789 1416 1884 1470; x_wconf 82' lang='grc' dir='ltr'><strong>ἀλ·-</strong></span> 
     </span>
    </p>
   </div>
   <div class='ocr_carea' id='block_1_17' title="bbox 290 1491 1879 1573">
    <p class='ocr_par' dir='ltr' id='par_1_17' title="bbox 290 1491 1879 1573">
     <span class='ocr_line' id='line_1_17' title="bbox 290 1491 1879 1573; baseline 0.011 -31"><span class='ocrx_word' id='word_1_112' title='bbox 290 1491 403 1543; x_wconf 83' lang='grc' dir='ltr'><strong>λων</strong></span> <span class='ocrx_word' id='word_1_113' title='bbox 440 1492 698 1563; x_wconf 78' lang='grc' dir='ltr'><strong>μαθητῶν</strong></span> <span class='ocrx_word' id='word_1_114' title='bbox 723 1494 907 1565; x_wconf 82' lang='grc' dir='ltr'>φέρων</span> <span class='ocrx_word' id='word_1_115' title='bbox 931 1496 992 1548; x_wconf 86' lang='grc' dir='ltr'><strong>τὸ</strong></span> <span class='ocrx_word' id='word_1_116' title='bbox 1018 1498 1337 1569; x_wconf 76' lang='grc' dir='ltr'><strong>προνόμιον,</strong></span> <span class='ocrx_word' id='word_1_117' title='bbox 1363 1501 1575 1555; x_wconf 81' lang='grc' dir='ltr'><strong>Παῦλον</strong></span> <span class='ocrx_word' id='word_1_118' title='bbox 1596 1502 1744 1573; x_wconf 67' lang='grc' dir='ltr'><strong>λέγω</strong></span> <span class='ocrx_word' id='word_1_119' title='bbox 1773 1506 1879 1561; x_wconf 88' lang='grc' dir='ltr'><strong>πά-</strong></span> 
     </span>
    </p>
   </div>
   <div class='ocr_carea' id='block_1_18' title="bbox 282 1580 1880 1665">
    <p class='ocr_par' dir='ltr' id='par_1_18' title="bbox 282 1580 1880 1665">
     <span class='ocr_line' id='line_1_18' title="bbox 282 1580 1880 1665; baseline 0.011 -32"><span class='ocrx_word' id='word_1_120' title='bbox 282 1580 377 1634; x_wconf 76' lang='grc' dir='ltr'><strong>λιν</strong></span> <span class='ocrx_word' id='word_1_121' title='bbox 405 1582 497 1635; x_wconf 74' lang='grc' dir='ltr'><strong>τὸν</strong></span> <span class='ocrx_word' id='word_1_122' title='bbox 527 1584 626 1653; x_wconf 76' lang='grc' dir='ltr'><strong>τῆς</strong></span> <span class='ocrx_word' id='word_1_123' title='bbox 651 1586 979 1656; x_wconf 74' lang='grc' dir='ltr'><strong>οἰκουμένης</strong></span> <span class='ocrx_word' id='word_1_124' title='bbox 1007 1587 1329 1643; x_wconf 78' lang='grc' dir='ltr'><strong>διδάσκαλον</strong></span> <span class='ocrx_word' id='word_1_125' title='bbox 1353 1608 1369 1622; x_wconf 77' lang='grc'><strong><em>⁸</em></strong></span> <span class='ocrx_word' id='word_1_126' title='bbox 1396 1593 1533 1646; x_wconf 82' lang='grc' dir='ltr'><strong>ἀλλά</strong></span> <span class='ocrx_word' id='word_1_127' title='bbox 1574 1594 1683 1665; x_wconf 84' lang='grc' dir='ltr'><strong>γὰρ</strong></span> <span class='ocrx_word' id='word_1_128' title='bbox 1721 1593 1880 1661; x_wconf 74' lang='grc' dir='ltr'><strong>οὗτος</strong></span> 
     </span>
    </p>
   </div>
   <div class='ocr_carea' id='block_1_19' title="bbox 285 1671 1873 1751">
    <p class='ocr_par' dir='ltr' id='par_1_19' title="bbox 285 1671 1873 1751">
     <span class='ocr_line' id='line_1_19' title="bbox 285 1671 1873 1751; baseline 0.012 -29"><span class='ocrx_word' id='word_1_129' title='bbox 285 1673 319 1751; x_wconf 80' lang='grc' dir='ltr'><strong>ό</strong></span> <span class='ocrx_word' id='word_1_130' title='bbox 349 1671 490 1735; x_wconf 81' lang='grc' dir='ltr'><strong>θεῖος</strong></span> <span class='ocrx_word' id='word_1_131' title='bbox 511 1673 652 1743; x_wconf 77' lang='grc' dir='ltr'><strong>ἀνὴρ</strong></span> <span class='ocrx_word' id='word_1_132' title='bbox 679 1677 739 1727; x_wconf 84' lang='grc' dir='ltr'><strong>ὲν</strong></span> <span class='ocrx_word' id='word_1_133' title='bbox 766 1676 842 1745; x_wconf 84' lang='grc' dir='ltr'><strong>τῷ</strong></span> <span class='ocrx_word' id='word_1_134' title='bbox 870 1676 1052 1746; x_wconf 83' lang='grc' dir='ltr'><strong>λέγειν</strong></span> <span class='ocrx_word' id='word_1_135' title='bbox 1073 1694 1087 1708; x_wconf 72' lang='grc' dir='ltr'><strong>ο</strong></span> <span class='ocrx_word' id='word_1_136' title='bbox 1130 1697 1148 1729; x_wconf 81' lang='grc' dir='ltr'><strong>ι</strong></span> <span class='ocrx_word' id='word_1_137' title='bbox 1186 1680 1473 1749; x_wconf 82' lang='grc' dir='ltr'><strong>Εύλογείτε</strong></span> <span class='ocrx_word' id='word_1_138' title='bbox 1500 1685 1625 1748; x_wconf 82' lang='grc' dir='ltr'><strong>τοὺς</strong></span> <span class='ocrx_word' id='word_1_139' title='bbox 1654 1685 1873 1741; x_wconf 80' lang='grc' dir='ltr'><strong>διώκον-</strong></span> 
     </span>
    </p>
   </div>
   <div class='ocr_carea' id='block_1_20' title="bbox 286 1764 1948 1846">
    <p class='ocr_par' dir='ltr' id='par_1_20' title="bbox 286 1764 1948 1846">
     <span class='ocr_line' id='line_1_20' title="bbox 286 1764 1948 1846; baseline 0.01 -29"><span class='ocrx_word' id='word_1_140' title='bbox 286 1782 389 1828; x_wconf 84' lang='grc' dir='ltr'><strong>τας</strong></span> <span class='ocrx_word' id='word_1_141' title='bbox 419 1764 583 1834; x_wconf 76' lang='grc' dir='ltr'><strong>ὑμᾶς’</strong></span> <span class='ocrx_word' id='word_1_142' title='bbox 618 1766 913 1836; x_wconf 80' lang='grc' dir='ltr'>εὐλογεῖτε,</span> <span class='ocrx_word' id='word_1_143' title='bbox 956 1771 1053 1824; x_wconf 77' lang='grc' dir='ltr'><strong>καὶ</strong></span> <span class='ocrx_word' id='word_1_144' title='bbox 1102 1773 1176 1843; x_wconf 81' lang='grc' dir='ltr'><strong>μὴ</strong></span> <span class='ocrx_word' id='word_1_145' title='bbox 1211 1776 1546 1846; x_wconf 78' lang='grc' dir='ltr'><strong>καταρᾶσθε,</strong></span> <span class='ocrx_word' id='word_1_146' title='bbox 1588 1797 1606 1829; x_wconf 75' lang='grc' dir='ltr'><strong>ι</strong></span> <span class='ocrx_word' id='word_1_147' title='bbox 1649 1780 1742 1831; x_wconf 81' lang='grc' dir='ltr'><strong>καὶ</strong></span> <span class='ocrx_word' id='word_1_148' title='bbox 1770 1781 1875 1834; x_wconf 85' lang='grc' dir='ltr'><strong>πά-</strong></span> <span class='ocrx_word' id='word_1_149' title='bbox 1909 1769 1948 1823; x_wconf 71' lang='grc' dir='ltr'><strong><em>Β</em></strong></span> 
     </span>
    </p>
   </div>
   <div class='ocr_carea' id='block_1_21' title="bbox 286 1855 1883 1939">
    <p class='ocr_par' dir='ltr' id='par_1_21' title="bbox 286 1855 1883 1939">
     <span class='ocr_line' id='line_1_21' title="bbox 286 1855 1883 1939; baseline 0.012 -32"><span class='ocrx_word' id='word_1_150' title='bbox 286 1855 393 1909; x_wconf 75' lang='grc' dir='ltr'><strong>λιν⁸</strong></span> <span class='ocrx_word' id='word_1_151' title='bbox 428 1873 447 1907; x_wconf 75' lang='grc' dir='ltr'><strong>ι</strong></span> <span class='ocrx_word' id='word_1_152' title='bbox 484 1857 829 1928; x_wconf 72' lang='grc' dir='ltr'><strong>Ἀλέξανδρος</strong></span> <span class='ocrx_word' id='word_1_153' title='bbox 861 1862 889 1913; x_wconf 82' lang='grc' dir='ltr'>ὁ</span> <span class='ocrx_word' id='word_1_154' title='bbox 921 1861 1158 1931; x_wconf 78' lang='grc' dir='ltr'><strong>χαλκεὺς</strong></span> <span class='ocrx_word' id='word_1_155' title='bbox 1176 1864 1346 1918; x_wconf 83' lang='grc' dir='ltr'><strong>πολλά</strong></span> <span class='ocrx_word' id='word_1_156' title='bbox 1374 1866 1524 1921; x_wconf 82' lang='grc' dir='ltr'><strong>κακά</strong></span> <span class='ocrx_word' id='word_1_157' title='bbox 1555 1886 1644 1939; x_wconf 84' lang='grc' dir='ltr'><strong>μοι</strong></span> <span class='ocrx_word' id='word_1_158' title='bbox 1680 1871 1883 1925; x_wconf 81' lang='grc' dir='ltr'><strong>ἐνεδεί-</strong></span> 
     </span>
    </p>
   </div>
   <div class='ocr_carea' id='block_1_22' title="bbox 289 1947 1882 2028">
    <p class='ocr_par' dir='ltr' id='par_1_22' title="bbox 289 1947 1882 2028">
     <span class='ocr_line' id='line_1_22' title="bbox 289 1947 1882 2028; baseline 0.012 -29"><span class='ocrx_word' id='word_1_159' title='bbox 289 1947 442 2012; x_wconf 83' lang='grc' dir='ltr'><strong>ξατο,</strong></span> <span class='ocrx_word' id='word_1_160' title='bbox 488 1966 508 2000; x_wconf 76' lang='grc' dir='ltr'><strong>ι</strong></span> <span class='ocrx_word' id='word_1_161' title='bbox 580 1950 881 2021; x_wconf 81' lang='grc' dir='ltr'><strong>ἀπολυθείη</strong></span> <span class='ocrx_word' id='word_1_162' title='bbox 922 1952 988 2007; x_wconf 85' lang='grc' dir='ltr'>ἂν</span> <span class='ocrx_word' id='word_1_163' title='bbox 1032 1955 1132 2024; x_wconf 80' lang='grc' dir='ltr'><strong>τῆς</strong></span> <span class='ocrx_word' id='word_1_164' title='bbox 1174 1955 1441 2028; x_wconf 80' lang='grc' dir='ltr'><strong>δοκούσης</strong></span> <span class='ocrx_word' id='word_1_165' title='bbox 1492 1960 1882 2028; x_wconf 76' lang='grc' dir='ltr'><strong>ἐναντιώσεως.</strong></span> 
     </span>
    </p>
   </div>
   <div class='ocr_carea' id='block_1_23' title="bbox 285 2040 1875 2126">
    <p class='ocr_par' dir='ltr' id='par_1_23' title="bbox 285 2040 1875 2126">
     <span class='ocr_line' id='line_1_23' title="bbox 285 2040 1875 2126; baseline 0.011 -33"><span class='ocrx_word' id='word_1_166' title='bbox 285 2042 365 2094; x_wconf 78' lang='grc' dir='ltr'><strong>Ίὸ</strong></span> <span class='ocrx_word' id='word_1_167' title='bbox 400 2040 501 2112; x_wconf 83' lang='grc' dir='ltr'><strong>μὲν</strong></span> <span class='ocrx_word' id='word_1_168' title='bbox 531 2042 640 2113; x_wconf 78' lang='grc' dir='ltr'><strong>γάρ</strong></span> <span class='ocrx_word' id='word_1_169' title='bbox 677 2044 834 2114; x_wconf 83' lang='grc' dir='ltr'><strong>δίκην</strong></span> <span class='ocrx_word' id='word_1_170' title='bbox 851 2045 1035 2099; x_wconf 78' lang='grc' dir='ltr'><strong>δοῦναι</strong></span> <span class='ocrx_word' id='word_1_171' title='bbox 1068 2048 1157 2101; x_wconf 84' lang='grc' dir='ltr'><strong>τὸν</strong></span> <span class='ocrx_word' id='word_1_172' title='bbox 1188 2050 1489 2123; x_wconf 69' lang='grc' dir='ltr'><strong>ἠδικηκότα</strong></span> <span class='ocrx_word' id='word_1_173' title='bbox 1534 2054 1875 2126; x_wconf 76' lang='grc' dir='ltr'><strong>ἐπαρᾶσθαι,</strong></span> 
     </span>
    </p>
   </div>
   <div class='ocr_carea' id='block_1_24' title="bbox 277 2135 1884 2217">
    <p class='ocr_par' dir='ltr' id='par_1_24' title="bbox 277 2135 1884 2217">
     <span class='ocr_line' id='line_1_24' title="bbox 277 2135 1884 2217; baseline 0.009 -30"><span class='ocrx_word' id='word_1_174' title='bbox 277 2137 319 2187; x_wconf 71' lang='grc' dir='ltr'><em>ὸ</em></span> <span class='ocrx_word' id='word_1_175' title='bbox 356 2135 819 2206; x_wconf 75' lang='grc' dir='ltr'><strong>προπηλακισμὸς</strong></span> <span class='ocrx_word' id='word_1_176' title='bbox 846 2141 993 2190; x_wconf 88' lang='grc' dir='ltr'><strong>ποιεῖ</strong></span> <span class='ocrx_word' id='word_1_177' title='bbox 1022 2140 1117 2192; x_wconf 70' lang='grc' dir='ltr'><strong>καὶ</strong></span> <span class='ocrx_word' id='word_1_178' title='bbox 1146 2141 1175 2192; x_wconf 84' lang='grc' dir='ltr'>ὁ</span> <span class='ocrx_word' id='word_1_179' title='bbox 1200 2141 1435 2213; x_wconf 87' lang='grc' dir='ltr'><strong>πόλεμος</strong></span> <span class='ocrx_word' id='word_1_180' title='bbox 1462 2142 1556 2197; x_wconf 89' lang='grc' dir='ltr'><strong>τοῦ</strong></span> <span class='ocrx_word' id='word_1_181' title='bbox 1589 2145 1884 2217; x_wconf 88' lang='grc' dir='ltr'><strong>κηρύγμα-</strong></span> 
     </span>
    </p>
   </div>
   <div class='ocr_carea' id='block_1_25' title="bbox 284 2221 1885 2308">
    <p class='ocr_par' dir='ltr' id='par_1_25' title="bbox 284 2221 1885 2308">
     <span class='ocr_line' id='line_1_25' title="bbox 284 2221 1885 2308; baseline 0.01 -30"><span class='ocrx_word' id='word_1_182' title='bbox 284 2243 403 2290; x_wconf 80' lang='grc' dir='ltr'><strong>τος.</strong></span> <span class='ocrx_word' id='word_1_183' title='bbox 437 2221 511 2280; x_wconf 80' lang='grc' dir='ltr'><strong>ὧν</strong></span> <span class='ocrx_word' id='word_1_184' title='bbox 534 2228 779 2294; x_wconf 86' lang='grc' dir='ltr'><strong>ἐπαίτιος</strong></span> <span class='ocrx_word' id='word_1_185' title='bbox 827 2230 924 2284; x_wconf 76' lang='grc' dir='ltr'><strong>καὶ</strong></span> <span class='ocrx_word' id='word_1_186' title='bbox 969 2230 1353 2305; x_wconf 74' lang='grc' dir='ltr'><strong>Ἀλέξανδροςο</strong></span> <span class='ocrx_word' id='word_1_187' title='bbox 1392 2236 1453 2288; x_wconf 83' lang='grc' dir='ltr'><strong>τὸ</strong></span> <span class='ocrx_word' id='word_1_188' title='bbox 1500 2236 1557 2289; x_wconf 86' lang='grc' dir='ltr'><strong>δὲ</strong></span> <span class='ocrx_word' id='word_1_189' title='bbox 1609 2238 1885 2308; x_wconf 80' lang='grc' dir='ltr'><strong>εὐλογίαις</strong></span> 
     </span>
    </p>
   </div>
   <div class='ocr_carea' id='block_1_26' title="bbox 281 2318 1883 2400">
    <p class='ocr_par' dir='ltr' id='par_1_26' title="bbox 281 2318 1883 2400">
     <span class='ocr_line' id='line_1_26' title="bbox 281 2318 1883 2400; baseline 0.011 -30"><span class='ocrx_word' id='word_1_190' title='bbox 281 2318 618 2388; x_wconf 76' lang='grc' dir='ltr'><strong>ἀμείϐεσθαι</strong></span> <span class='ocrx_word' id='word_1_191' title='bbox 641 2322 766 2384; x_wconf 78' lang='grc' dir='ltr'><strong>τοὺς</strong></span> <span class='ocrx_word' id='word_1_192' title='bbox 812 2321 1096 2394; x_wconf 76' lang='grc' dir='ltr'><strong>ὑϐριστάς,</strong></span> <span class='ocrx_word' id='word_1_193' title='bbox 1127 2325 1214 2395; x_wconf 77' lang='grc' dir='ltr'><strong>ἐφ’</strong></span> <span class='ocrx_word' id='word_1_194' title='bbox 1248 2320 1330 2390; x_wconf 74' lang='grc' dir='ltr'><strong>οἷς</strong></span> <span class='ocrx_word' id='word_1_195' title='bbox 1373 2329 1456 2391; x_wconf 86' lang='grc' dir='ltr'><strong>είς</strong></span> <span class='ocrx_word' id='word_1_196' title='bbox 1495 2330 1646 2400; x_wconf 75' lang='grc' dir='ltr'><strong>ἡμᾶς</strong></span> <span class='ocrx_word' id='word_1_197' title='bbox 1680 2332 1883 2395; x_wconf 77' lang='grc' dir='ltr'><strong>αὐτοὺς</strong></span> 
     </span>
    </p>
   </div>
   <div class='ocr_carea' id='block_1_27' title="bbox 284 2411 1484 2486">
    <p class='ocr_par' dir='ltr' id='par_1_27' title="bbox 284 2411 1484 2486">
     <span class='ocr_line' id='line_1_27' title="bbox 284 2411 1484 2486; baseline 0.01 -24"><span class='ocrx_word' id='word_1_198' title='bbox 284 2411 381 2463; x_wconf 61' lang='grc' dir='ltr'><strong>τὸν</strong></span> <span class='ocrx_word' id='word_1_199' title='bbox 412 2411 653 2483; x_wconf 81' lang='grc' dir='ltr'><strong>διωγμὸν</strong></span> <span class='ocrx_word' id='word_1_200' title='bbox 680 2415 1047 2486; x_wconf 83' lang='grc' dir='ltr'><strong>παλαμῶνται</strong></span> <span class='ocrx_word' id='word_1_201' title='bbox 1067 2457 1081 2480; x_wconf 89' lang='grc'><strong>,</strong></span> <span class='ocrx_word' id='word_1_202' title='bbox 1114 2417 1484 2475; x_wconf 84' lang='grc' dir='ltr'><strong>διατέτακται.</strong></span> 
     </span>
    </p>
   </div>
   <div class='ocr_carea' id='block_1_28' title="bbox 359 2611 1881 2693">
    <p class='ocr_par' dir='ltr' id='par_1_28' title="bbox 359 2611 1881 2693">
     <span class='ocr_line' id='line_1_28' title="bbox 359 2611 1881 2693; baseline 0.009 -30"><span class='ocrx_word' id='word_1_203' title='bbox 359 2616 433 2664; x_wconf 83' lang='grc' dir='ltr'><strong>κ’.</strong></span> <span class='ocrx_word' id='word_1_204' title='bbox 468 2611 585 2664; x_wconf 85' lang='grc' dir='ltr'><strong>υύκ</strong></span> <span class='ocrx_word' id='word_1_205' title='bbox 608 2612 787 2679; x_wconf 81' lang='grc' dir='ltr'><strong>ἀγνοῶ</strong></span> <span class='ocrx_word' id='word_1_206' title='bbox 802 2613 865 2667; x_wconf 81' lang='grc' dir='ltr'><strong>δὲ</strong></span> <span class='ocrx_word' id='word_1_207' title='bbox 902 2614 977 2679; x_wconf 82' lang='grc' dir='ltr'><strong>ὡς</strong></span> <span class='ocrx_word' id='word_1_208' title='bbox 1021 2616 1123 2669; x_wconf 88' lang='grc' dir='ltr'><strong>ούκ</strong></span> <span class='ocrx_word' id='word_1_209' title='bbox 1166 2617 1308 2689; x_wconf 82' lang='grc' dir='ltr'><strong>ἀρᾶς</strong></span> <span class='ocrx_word' id='word_1_210' title='bbox 1342 2618 1561 2690; x_wconf 76' lang='grc' dir='ltr'><strong>ἐπέχειν</strong></span> <span class='ocrx_word' id='word_1_211' title='bbox 1588 2621 1744 2689; x_wconf 84' lang='grc' dir='ltr'><strong>λόγον</strong></span> <span class='ocrx_word' id='word_1_212' title='bbox 1803 2622 1881 2693; x_wconf 84' lang='grc' dir='ltr'><strong>τῷ</strong></span> 
     </span>
    </p>
   </div>
   <div class='ocr_carea' id='block_1_29' title="bbox 280 2700 1883 2779">
    <p class='ocr_par' dir='ltr' id='par_1_29' title="bbox 280 2700 1883 2779">
     <span class='ocr_line' id='line_1_29' title="bbox 280 2700 1883 2779; baseline 0.009 -27"><span class='ocrx_word' id='word_1_213' title='bbox 280 2700 565 2772; x_wconf 74' lang='grc' dir='ltr'><strong>Θεσπεσίῳ</strong></span> <span class='ocrx_word' id='word_1_214' title='bbox 604 2703 802 2774; x_wconf 80' lang='grc' dir='ltr'><strong>Παύλῳ</strong></span> <span class='ocrx_word' id='word_1_215' title='bbox 825 2705 924 2768; x_wconf 84' lang='grc' dir='ltr'><strong>τάς</strong></span> <span class='ocrx_word' id='word_1_216' title='bbox 956 2706 1086 2777; x_wconf 79' lang='grc' dir='ltr'><strong>περὶ</strong></span> <span class='ocrx_word' id='word_1_217' title='bbox 1114 2707 1208 2760; x_wconf 85' lang='grc' dir='ltr'><strong>τοῦ</strong></span> <span class='ocrx_word' id='word_1_218' title='bbox 1238 2709 1487 2779; x_wconf 85' lang='grc' dir='ltr'><strong>χαλκέως</strong></span> <span class='ocrx_word' id='word_1_219' title='bbox 1535 2711 1717 2778; x_wconf 69' lang='grc' dir='ltr'><strong>φωνὰς</strong></span> <span class='ocrx_word' id='word_1_220' title='bbox 1748 2711 1883 2767; x_wconf 76' lang='grc' dir='ltr'><strong>ἔνιοί</strong></span> 
     </span>
    </p>
   </div>
   <div class='ocr_carea' id='block_1_30' title="bbox 287 2788 1880 2869">
    <p class='ocr_par' dir='ltr' id='par_1_30' title="bbox 287 2788 1880 2869">
     <span class='ocr_line' id='line_1_30' title="bbox 287 2788 1880 2869; baseline 0.011 -32"><span class='ocrx_word' id='word_1_221' title='bbox 287 2803 480 2853; x_wconf 77' lang='grc' dir='ltr'><strong>φασιν,</strong></span> <span class='ocrx_word' id='word_1_222' title='bbox 513 2788 650 2841; x_wconf 83' lang='grc' dir='ltr'><strong>ἀλλὰ</strong></span> <span class='ocrx_word' id='word_1_223' title='bbox 677 2792 988 2863; x_wconf 73' lang='grc' dir='ltr'><strong>πρόρρησιν</strong></span> <span class='ocrx_word' id='word_1_224' title='bbox 1022 2795 1226 2864; x_wconf 81' lang='grc' dir='ltr'><strong>μᾶλλον</strong></span> <span class='ocrx_word' id='word_1_225' title='bbox 1252 2792 1391 2849; x_wconf 74' lang='grc' dir='ltr'><strong>εἶναι</strong></span> <span class='ocrx_word' id='word_1_226' title='bbox 1429 2799 1537 2851; x_wconf 88' lang='grc' dir='ltr'><strong>τῶν</strong></span> <span class='ocrx_word' id='word_1_227' title='bbox 1576 2799 1880 2869; x_wconf 83' lang='grc' dir='ltr'><strong>μελλόντων</strong></span> 
     </span>
    </p>
   </div>
   <div class='ocr_carea' id='block_1_31' title="bbox 285 2879 1883 2958">
    <p class='ocr_par' dir='ltr' id='par_1_31' title="bbox 285 2879 1883 2958">
     <span class='ocr_line' id='line_1_31' title="bbox 285 2879 1883 2958; baseline 0.011 -28"><span class='ocrx_word' id='word_1_228' title='bbox 285 2879 455 2932; x_wconf 77' lang='grc' dir='ltr'><strong>αὑτὸν</strong></span> <span class='ocrx_word' id='word_1_229' title='bbox 475 2880 563 2933; x_wconf 70' lang='grc' dir='ltr'><strong>ἐπ’</strong></span> <span class='ocrx_word' id='word_1_230' title='bbox 591 2882 807 2953; x_wconf 74' lang='grc' dir='ltr'><strong>ἐσχάτῳ</strong></span> <span class='ocrx_word' id='word_1_231' title='bbox 828 2884 1017 2938; x_wconf 88' lang='grc' dir='ltr'><strong>δεινῶν</strong></span> <span class='ocrx_word' id='word_1_232' title='bbox 1035 2887 1424 2958; x_wconf 74' lang='grc' dir='ltr'><strong>καταλαμϐάνε</strong></span> <span class='ocrx_word' id='word_1_233' title='bbox 1434 2907 1480 2943; x_wconf 93' lang='grc' dir='ltr'><strong>ιν</strong></span> <span class='ocrx_word' id='word_1_234' title='bbox 1508 2890 1883 2947; x_wconf 80' lang='grc' dir='ltr'><strong>δυσσεϐοῦντά</strong></span> 
     </span>
    </p>
   </div>
   <div class='ocr_carea' id='block_1_32' title="bbox 284 2972 1881 3053">
    <p class='ocr_par' dir='ltr' id='par_1_32' title="bbox 284 2972 1881 3053">
     <span class='ocr_line' id='line_1_32' title="bbox 284 2972 1881 3053; baseline 0.011 -30"><span class='ocrx_word' id='word_1_235' title='bbox 284 2987 351 3023; x_wconf 69' lang='grc' dir='ltr'><strong>τε</strong></span> <span class='ocrx_word' id='word_1_236' title='bbox 379 2972 473 3025; x_wconf 77' lang='grc' dir='ltr'><strong>καὶ</strong></span> <span class='ocrx_word' id='word_1_237' title='bbox 500 2973 590 3027; x_wconf 77' lang='grc' dir='ltr'><strong>τὸν</strong></span> <span class='ocrx_word' id='word_1_238' title='bbox 615 2976 761 3029; x_wconf 82' lang='grc' dir='ltr'><strong>κατὰ</strong></span> <span class='ocrx_word' id='word_1_239' title='bbox 786 2977 885 3048; x_wconf 82' lang='grc' dir='ltr'><strong>τῆς</strong></span> <span class='ocrx_word' id='word_1_240' title='bbox 912 2978 1201 3040; x_wconf 80' lang='grc' dir='ltr'><strong>εύσεόείας</strong></span> <span class='ocrx_word' id='word_1_241' title='bbox 1228 2981 1458 3035; x_wconf 81' lang='grc' dir='ltr'><strong>πνέοντα</strong></span> <span class='ocrx_word' id='word_1_242' title='bbox 1495 2982 1760 3053; x_wconf 66' lang='grc' dir='ltr'><strong>πόλεμον*</strong></span> <span class='ocrx_word' id='word_1_243' title='bbox 1788 2986 1881 3040; x_wconf 76' lang='grc' dir='ltr'><strong>καὶ</strong></span> 
     </span>
    </p>
   </div>
   <div class='ocr_carea' id='block_1_33' title="bbox 1982 502 3569 585">
    <p class='ocr_par' dir='ltr' id='par_1_33' title="bbox 1982 502 3569 585">
     <span class='ocr_line' id='line_1_33' title="bbox 1982 502 3569 585; baseline 0.009 -30"><span class='ocrx_word' id='word_1_244' title='bbox 1982 502 2248 559; x_wconf 82' lang='lat' dir='ltr'><strong>Ananiam</strong></span> <span class='ocrx_word' id='word_1_245' title='bbox 2273 514 2437 576; x_wconf 86' lang='lat' dir='ltr'><strong>atque</strong></span> <span class='ocrx_word' id='word_1_246' title='bbox 2465 505 2812 578; x_wconf 86' lang='lat' dir='ltr'><strong>Sapphiram,</strong></span> <span class='ocrx_word' id='word_1_247' title='bbox 2836 510 2928 580; x_wconf 88' lang='lat' dir='ltr'><strong>qui</strong></span> <span class='ocrx_word' id='word_1_248' title='bbox 2975 511 3351 580; x_wconf 77' lang='lat' dir='ltr'><strong>apostolorum</strong></span> <span class='ocrx_word' id='word_1_249' title='bbox 3413 516 3569 585; x_wconf 86' lang='lat' dir='ltr'><strong>prin-</strong></span> 
     </span>
    </p>
   </div>
   <div class='ocr_carea' id='block_1_34' title="bbox 1982 596 3567 673">
    <p class='ocr_par' dir='ltr' id='par_1_34' title="bbox 1982 596 3567 673">
     <span class='ocr_line' id='line_1_34' title="bbox 1982 596 3567 673; baseline 0.007 -23"><span class='ocrx_word' id='word_1_250' title='bbox 1982 596 2091 665; x_wconf 90' lang='lat' dir='ltr'><strong>cipi</strong></span> <span class='ocrx_word' id='word_1_251' title='bbox 2148 612 2342 667; x_wconf 73' lang='lat' dir='ltr'><strong>pmnas</strong></span> <span class='ocrx_word' id='word_1_252' title='bbox 2393 598 2771 669; x_wconf 88' lang='lat' dir='ltr'><strong>dependerunt</strong></span> <span class='ocrx_word' id='word_1_253' title='bbox 2812 602 2893 667; x_wconf 80' lang='lat'><strong>”,</strong></span> <span class='ocrx_word' id='word_1_254' title='bbox 2938 602 3180 673; x_wconf 91' lang='lat' dir='ltr'><strong>itemque</strong></span> <span class='ocrx_word' id='word_1_255' title='bbox 3245 607 3567 661; x_wconf 87' lang='lat' dir='ltr'><strong>mandatum</strong></span> 
     </span>
    </p>
   </div>
   <div class='ocr_carea' id='block_1_35' title="bbox 1983 689 3565 767">
    <p class='ocr_par' dir='ltr' id='par_1_35' title="bbox 1983 689 3565 767">
     <span class='ocr_line' id='line_1_35' title="bbox 1983 689 3565 767; baseline 0.011 -25"><span class='ocrx_word' id='word_1_256' title='bbox 1983 689 2114 743; x_wconf 91' lang='lat' dir='ltr'><strong>illud</strong></span> <span class='ocrx_word' id='word_1_257' title='bbox 2145 705 2256 762; x_wconf 91' lang='lat' dir='ltr'><strong>quo</strong></span> <span class='ocrx_word' id='word_1_258' title='bbox 2287 692 2648 761; x_wconf 76' lang='lat' dir='ltr'><strong>peccantibus</strong></span> <span class='ocrx_word' id='word_1_259' title='bbox 2705 694 3100 765; x_wconf 86' lang='lat' dir='ltr'><strong>indulgentiam</strong></span> <span class='ocrx_word' id='word_1_260' title='bbox 3132 700 3445 767; x_wconf 76' lang='lat' dir='ltr'><strong>septuagies</strong></span> <span class='ocrx_word' id='word_1_261' title='bbox 3468 720 3565 759; x_wconf 89' lang='lat' dir='ltr'><strong>se-</strong></span> 
     </span>
    </p>
   </div>
   <div class='ocr_carea' id='block_1_36' title="bbox 1981 784 3565 864">
    <p class='ocr_par' dir='ltr' id='par_1_36' title="bbox 1981 784 3565 864">
     <span class='ocr_line' id='line_1_36' title="bbox 1981 784 3565 864; baseline 0.011 -28"><span class='ocrx_word' id='word_1_262' title='bbox 1981 784 2121 854; x_wconf 84' lang='lat' dir='ltr'><strong>pties</strong></span> <span class='ocrx_word' id='word_1_263' title='bbox 2152 784 2417 854; x_wconf 84' lang='lat' dir='ltr'><strong>impertiri</strong></span> <span class='ocrx_word' id='word_1_264' title='bbox 2454 786 2711 856; x_wconf 75' lang='lat' dir='ltr'><strong>iubemur</strong></span> <span class='ocrx_word' id='word_1_265' title='bbox 2744 789 2810 843; x_wconf 83' lang='lat'><strong>&quot;.</strong></span> <span class='ocrx_word' id='word_1_266' title='bbox 2838 789 2983 844; x_wconf 78' lang='lat' dir='ltr'><strong>Sane</strong></span> <span class='ocrx_word' id='word_1_267' title='bbox 3016 791 3121 846; x_wconf 89' lang='lat' dir='ltr'><strong>hoc</strong></span> <span class='ocrx_word' id='word_1_268' title='bbox 3153 805 3431 864; x_wconf 63' lang='lat' dir='ltr'><strong>precepto</strong></span> <span class='ocrx_word' id='word_1_269' title='bbox 3450 808 3565 854; x_wconf 84' lang='lat' dir='ltr'><strong>tum</strong></span> 
     </span>
    </p>
   </div>
   <div class='ocr_carea' id='block_1_37' title="bbox 1983 875 3594 953">
    <p class='ocr_par' dir='ltr' id='par_1_37' title="bbox 1983 875 3594 953">
     <span class='ocr_line' id='line_1_37' title="bbox 1983 875 3594 953; baseline 0.009 -23"><span class='ocrx_word' id='word_1_270' title='bbox 1983 877 2101 946; x_wconf 87' lang='lat' dir='ltr'><strong>ipse</strong></span> <span class='ocrx_word' id='word_1_271' title='bbox 2154 875 2354 933; x_wconf 88' lang='lat' dir='ltr'><strong>Petrus</strong></span> <span class='ocrx_word' id='word_1_272' title='bbox 2413 884 2531 932; x_wconf 90' lang='lat' dir='ltr'><strong>tum</strong></span> <span class='ocrx_word' id='word_1_273' title='bbox 2582 893 2687 937; x_wconf 79' lang='lat' dir='ltr'><strong>nos</strong></span> <span class='ocrx_word' id='word_1_274' title='bbox 2737 879 2806 935; x_wconf 90' lang='lat' dir='ltr'><strong>de</strong></span> <span class='ocrx_word' id='word_1_275' title='bbox 2852 882 3233 940; x_wconf 79' lang='lat' dir='ltr'><strong>condonandis</strong></span> <span class='ocrx_word' id='word_1_276' title='bbox 3285 888 3594 953; x_wconf 53' lang='lat' dir='ltr'><strong>multoties.</strong></span> 
     </span>
    </p>
   </div>
   <div class='ocr_carea' id='block_1_38' title="bbox 1978 970 3569 1049">
    <p class='ocr_par' dir='ltr' id='par_1_38' title="bbox 1978 970 3569 1049">
     <span class='ocr_line' id='line_1_38' title="bbox 1978 970 3569 1049; baseline 0.009 -26"><span class='ocrx_word' id='word_1_277' title='bbox 1978 970 2246 1026; x_wconf 87' lang='lat' dir='ltr'><strong>adversus</strong></span> <span class='ocrx_word' id='word_1_278' title='bbox 2276 985 2377 1027; x_wconf 88' lang='lat' dir='ltr'><strong>nos</strong></span> <span class='ocrx_word' id='word_1_279' title='bbox 2407 973 2645 1041; x_wconf 75' lang='lat' dir='ltr'><strong>peccatis</strong></span> <span class='ocrx_word' id='word_1_280' title='bbox 2662 973 3025 1030; x_wconf 84' lang='lat' dir='ltr'><strong>admonemur</strong></span> <span class='ocrx_word' id='word_1_281' title='bbox 3060 994 3073 1029; x_wconf 91' lang='lat'><strong>:</strong></span> <span class='ocrx_word' id='word_1_282' title='bbox 3107 982 3403 1049; x_wconf 82' lang='lat' dir='ltr'><strong>caeteroqui</strong></span> <span class='ocrx_word' id='word_1_283' title='bbox 3434 997 3569 1037; x_wconf 82' lang='lat' dir='ltr'><strong>con-</strong></span> 
     </span>
    </p>
   </div>
   <div class='ocr_carea' id='block_1_39' title="bbox 1981 1062 3568 1136">
    <p class='ocr_par' dir='ltr' id='par_1_39' title="bbox 1981 1062 3568 1136">
     <span class='ocr_line' id='line_1_39' title="bbox 1981 1062 3568 1136; baseline 0.009 -21"><span class='ocrx_word' id='word_1_284' title='bbox 1981 1062 2261 1117; x_wconf 86' lang='lat' dir='ltr'><strong>tumeliam</strong></span> <span class='ocrx_word' id='word_1_285' title='bbox 2312 1062 2576 1120; x_wconf 90' lang='lat' dir='ltr'><strong>adversns</strong></span> <span class='ocrx_word' id='word_1_286' title='bbox 2619 1063 2785 1119; x_wconf 73' lang='lat' dir='ltr'><strong>Drum</strong></span> <span class='ocrx_word' id='word_1_287' title='bbox 2837 1081 3015 1136; x_wconf 89' lang='lat' dir='ltr'><strong>neque</strong></span> <span class='ocrx_word' id='word_1_288' title='bbox 3061 1084 3162 1125; x_wconf 91' lang='lat' dir='ltr'><strong>nos</strong></span> <span class='ocrx_word' id='word_1_289' title='bbox 3216 1070 3568 1130; x_wconf 88' lang='lat' dir='ltr'><strong>dissimulare</strong></span> 
     </span>
    </p>
   </div>
   <div class='ocr_carea' id='block_1_40' title="bbox 1974 1152 3568 1230">
    <p class='ocr_par' dir='ltr' id='par_1_40' title="bbox 1974 1152 3568 1230">
     <span class='ocr_line' id='line_1_40' title="bbox 1974 1152 3568 1230; baseline 0.007 -26"><span class='ocrx_word' id='word_1_290' title='bbox 1974 1152 2255 1221; x_wconf 86' lang='lat' dir='ltr'><strong>jnhemur,</strong></span> <span class='ocrx_word' id='word_1_291' title='bbox 2292 1167 2470 1223; x_wconf 88' lang='lat' dir='ltr'><strong>neque</strong></span> <span class='ocrx_word' id='word_1_292' title='bbox 2523 1152 2640 1222; x_wconf 86' lang='lat' dir='ltr'><strong>ipse</strong></span> <span class='ocrx_word' id='word_1_293' title='bbox 2681 1153 2917 1224; x_wconf 81' lang='lat' dir='ltr'><strong>neglexit</strong></span> <span class='ocrx_word' id='word_1_294' title='bbox 2976 1154 3140 1219; x_wconf 83' lang='lat' dir='ltr'><strong>Deus,</strong></span> <span class='ocrx_word' id='word_1_295' title='bbox 3169 1172 3200 1211; x_wconf 89' lang='lat' dir='ltr'><strong>a</strong></span> <span class='ocrx_word' id='word_1_296' title='bbox 3227 1173 3336 1227; x_wconf 92' lang='lat' dir='ltr'><strong>quo</strong></span> <span class='ocrx_word' id='word_1_297' title='bbox 3364 1159 3440 1214; x_wconf 86' lang='lat' dir='ltr'><strong>rei</strong></span> <span class='ocrx_word' id='word_1_298' title='bbox 3471 1160 3568 1230; x_wconf 77' lang='lat' dir='ltr'><strong>qui</strong></span> 
     </span>
    </p>
   </div>
   <div class='ocr_carea' id='block_1_41' title="bbox 1978 1244 3567 1316">
    <p class='ocr_par' dir='ltr' id='par_1_41' title="bbox 1978 1244 3567 1316">
     <span class='ocr_line' id='line_1_41' title="bbox 1978 1244 3567 1316; baseline 0.005 -19"><span class='ocrx_word' id='word_1_299' title='bbox 1978 1244 2225 1314; x_wconf 85' lang='lat' dir='ltr'><strong>seposito</strong></span> <span class='ocrx_word' id='word_1_300' title='bbox 2246 1258 2406 1300; x_wconf 83' lang='lat' dir='ltr'><strong>sacro</strong></span> <span class='ocrx_word' id='word_1_301' title='bbox 2436 1246 2631 1314; x_wconf 84' lang='lat' dir='ltr'><strong>pretio,</strong></span> <span class='ocrx_word' id='word_1_302' title='bbox 2682 1244 2909 1316; x_wconf 86' lang='lat' dir='ltr'><strong>Spiritui</strong></span> <span class='ocrx_word' id='word_1_303' title='bbox 2953 1257 3146 1302; x_wconf 84' lang='lat' dir='ltr'><strong>sancto</strong></span> <span class='ocrx_word' id='word_1_304' title='bbox 3197 1250 3411 1305; x_wconf 82' lang='lat' dir='ltr'><strong>mentiti</strong></span> <span class='ocrx_word' id='word_1_305' title='bbox 3449 1251 3567 1305; x_wconf 71' lang='lat' dir='ltr'><strong>ine-</strong></span> 
     </span>
    </p>
   </div>
   <div class='ocr_carea' id='block_1_42' title="bbox 1980 1324 3566 1410">
    <p class='ocr_par' dir='ltr' id='par_1_42' title="bbox 1980 1324 3566 1410">
     <span class='ocr_line' id='line_1_42' title="bbox 1980 1324 3566 1410; baseline 0.006 -18"><span class='ocrx_word' id='word_1_306' title='bbox 1980 1344 2124 1403; x_wconf 85' lang='lat' dir='ltr'><strong>rant,</strong></span> <span class='ocrx_word' id='word_1_307' title='bbox 2178 1353 2398 1393; x_wconf 86' lang='lat' dir='ltr'><strong>summo</strong></span> <span class='ocrx_word' id='word_1_308' title='bbox 2443 1338 2711 1410; x_wconf 88' lang='lat' dir='ltr'><strong>supplicio</strong></span> <span class='ocrx_word' id='word_1_309' title='bbox 2761 1339 2939 1395; x_wconf 70' lang='lat' dir='ltr'><strong>aﬁ‘ecti</strong></span> <span class='ocrx_word' id='word_1_310' title='bbox 3006 1340 3252 1397; x_wconf 81' lang='lat' dir='ltr'><strong>fuerunt.</strong></span> <span class='ocrx_word' id='word_1_311' title='bbox 3308 1324 3566 1402; x_wconf 78' lang='lat' dir='ltr'><strong>Profecto</strong></span> 
     </span>
    </p>
   </div>
   <div class='ocr_carea' id='block_1_43' title="bbox 1976 1430 3567 1503">
    <p class='ocr_par' dir='ltr' id='par_1_43' title="bbox 1976 1430 3567 1503">
     <span class='ocr_line' id='line_1_43' title="bbox 1976 1430 3567 1503; baseline 0.006 -19"><span class='ocrx_word' id='word_1_312' title='bbox 1976 1430 2145 1485; x_wconf 87' lang='lat' dir='ltr'><strong>etiam</strong></span> <span class='ocrx_word' id='word_1_313' title='bbox 2178 1430 2445 1502; x_wconf 85' lang='lat' dir='ltr'><strong>principis</strong></span> <span class='ocrx_word' id='word_1_314' title='bbox 2504 1432 2710 1496; x_wconf 89' lang='lat' dir='ltr'><strong>socius,</strong></span> <span class='ocrx_word' id='word_1_315' title='bbox 2744 1442 2912 1503; x_wconf 88' lang='lat' dir='ltr'><strong>atque</strong></span> <span class='ocrx_word' id='word_1_316' title='bbox 2935 1433 3078 1488; x_wconf 89' lang='lat' dir='ltr'><strong>haud</strong></span> <span class='ocrx_word' id='word_1_317' title='bbox 3116 1435 3425 1492; x_wconf 77' lang='lat' dir='ltr'><strong>minoribus</strong></span> <span class='ocrx_word' id='word_1_318' title='bbox 3453 1453 3567 1494; x_wconf 88' lang='lat' dir='ltr'><strong>me-</strong></span> 
     </span>
    </p>
   </div>
   <div class='ocr_carea' id='block_1_44' title="bbox 1982 1522 3563 1600">
    <p class='ocr_par' dir='ltr' id='par_1_44' title="bbox 1982 1522 3563 1600">
     <span class='ocr_line' id='line_1_44' title="bbox 1982 1522 3563 1600; baseline 0.006 -24"><span class='ocrx_word' id='word_1_319' title='bbox 1982 1522 2102 1578; x_wconf 84' lang='lat' dir='ltr'><strong>ritis</strong></span> <span class='ocrx_word' id='word_1_320' title='bbox 2148 1522 2289 1579; x_wconf 88' lang='lat' dir='ltr'><strong>inter</strong></span> <span class='ocrx_word' id='word_1_321' title='bbox 2351 1523 2492 1578; x_wconf 89' lang='lat' dir='ltr'><strong>alios</strong></span> <span class='ocrx_word' id='word_1_322' title='bbox 2545 1523 2844 1595; x_wconf 78' lang='lat' dir='ltr'><strong>discipulos</strong></span> <span class='ocrx_word' id='word_1_323' title='bbox 2905 1529 3267 1598; x_wconf 62' lang='lat' dir='ltr'><strong>praerogativa</strong></span> <span class='ocrx_word' id='word_1_324' title='bbox 3345 1528 3563 1600; x_wconf 65' lang='lat' dir='ltr'><strong>fulgens</strong></span> 
     </span>
    </p>
   </div>
   <div class='ocr_carea' id='block_1_45' title="bbox 1979 1616 3568 1688">
    <p class='ocr_par' dir='ltr' id='par_1_45' title="bbox 1979 1616 3568 1688">
     <span class='ocr_line' id='line_1_45' title="bbox 1979 1616 3568 1688; baseline 0.004 -18"><span class='ocrx_word' id='word_1_325' title='bbox 1979 1616 2229 1687; x_wconf 87' lang='lat' dir='ltr'><strong>(Paulum</strong></span> <span class='ocrx_word' id='word_1_326' title='bbox 2264 1633 2458 1672; x_wconf 88' lang='lat' dir='ltr'><strong>rursus</strong></span> <span class='ocrx_word' id='word_1_327' title='bbox 2492 1617 2617 1672; x_wconf 89' lang='lat' dir='ltr'><strong>dico</strong></span> <span class='ocrx_word' id='word_1_328' title='bbox 2665 1619 2853 1672; x_wconf 87' lang='lat' dir='ltr'><strong>nmndi</strong></span> <span class='ocrx_word' id='word_1_329' title='bbox 2909 1620 3301 1688; x_wconf 74' lang='lat' dir='ltr'><strong>magistrum);</strong></span> <span class='ocrx_word' id='word_1_330' title='bbox 3338 1620 3445 1686; x_wconf 87' lang='lat' dir='ltr'><strong>hic,</strong></span> <span class='ocrx_word' id='word_1_331' title='bbox 3489 1625 3568 1677; x_wconf 86' lang='lat' dir='ltr'><strong>ln-</strong></span> 
     </span>
    </p>
   </div>
   <div class='ocr_carea' id='block_1_46' title="bbox 1980 1710 3568 1783">
    <p class='ocr_par' dir='ltr' id='par_1_46' title="bbox 1980 1710 3568 1783">
     <span class='ocr_line' id='line_1_46' title="bbox 1980 1710 3568 1783; baseline 0.004 -20"><span class='ocrx_word' id='word_1_332' title='bbox 1980 1726 2169 1780; x_wconf 89' lang='lat' dir='ltr'><strong>quam,</strong></span> <span class='ocrx_word' id='word_1_333' title='bbox 2201 1710 2419 1765; x_wconf 86' lang='lat' dir='ltr'><strong>divinus</strong></span> <span class='ocrx_word' id='word_1_334' title='bbox 2453 1710 2534 1765; x_wconf 88' lang='lat' dir='ltr'><strong>vir</strong></span> <span class='ocrx_word' id='word_1_335' title='bbox 2558 1710 2651 1781; x_wconf 83' lang='lat' dir='ltr'><strong>qui</strong></span> <span class='ocrx_word' id='word_1_336' title='bbox 2678 1712 2890 1766; x_wconf 80' lang='lat' dir='ltr'><strong>dixerat</strong></span> <span class='ocrx_word' id='word_1_337' title='bbox 2922 1729 2937 1765; x_wconf 91' lang='lat'><strong>:</strong></span> <span class='ocrx_word' id='word_1_338' title='bbox 2979 1731 2997 1763; x_wconf 80' lang='grc' dir='ltr'><strong>ι</strong></span> <span class='ocrx_word' id='word_1_339' title='bbox 3038 1712 3351 1768; x_wconf 85' lang='lat' dir='ltr'><strong>Benedicite</strong></span> <span class='ocrx_word' id='word_1_340' title='bbox 3368 1729 3568 1783; x_wconf 84' lang='lat' dir='ltr'><strong>perse-</strong></span> 
     </span>
    </p>
   </div>
   <div class='ocr_carea' id='block_1_47' title="bbox 1978 1801 3562 1873">
    <p class='ocr_par' dir='ltr' id='par_1_47' title="bbox 1978 1801 3562 1873">
     <span class='ocr_line' id='line_1_47' title="bbox 1978 1801 3562 1873; baseline 0.004 -18"><span class='ocrx_word' id='word_1_341' title='bbox 1978 1802 2271 1871; x_wconf 83' lang='lat' dir='ltr'><strong>quentibus</strong></span> <span class='ocrx_word' id='word_1_342' title='bbox 2296 1817 2414 1865; x_wconf 89' lang='lat' dir='ltr'><strong>vos,</strong></span> <span class='ocrx_word' id='word_1_343' title='bbox 2431 1801 2737 1857; x_wconf 88' lang='lat' dir='ltr'><strong>benedicite</strong></span> <span class='ocrx_word' id='word_1_344' title='bbox 2755 1812 2809 1858; x_wconf 92' lang='lat' dir='ltr'><strong>et</strong></span> <span class='ocrx_word' id='word_1_345' title='bbox 2827 1818 2895 1859; x_wconf 93' lang='lat' dir='ltr'><strong>ne</strong></span> <span class='ocrx_word' id='word_1_346' title='bbox 2918 1804 3257 1860; x_wconf 75' lang='lat' dir='ltr'><strong>maledicatis</strong></span> <span class='ocrx_word' id='word_1_347' title='bbox 3276 1806 3322 1837; x_wconf 70' lang='grc' dir='ltr'><strong>’ν</strong></span> <span class='ocrx_word' id='word_1_348' title='bbox 3339 1824 3359 1873; x_wconf 80' lang='lat'><strong>;</strong></span> <span class='ocrx_word' id='word_1_349' title='bbox 3375 1825 3392 1857; x_wconf 78' lang='grc' dir='ltr'><strong>ι</strong></span> <span class='ocrx_word' id='word_1_350' title='bbox 3417 1807 3562 1862; x_wconf 81' lang='lat' dir='ltr'><strong>idem</strong></span> 
     </span>
    </p>
   </div>
   <div class='ocr_carea' id='block_1_48' title="bbox 1981 1895 3564 1964">
    <p class='ocr_par' dir='ltr' id='par_1_48' title="bbox 1981 1895 3564 1964">
     <span class='ocr_line' id='line_1_48' title="bbox 1981 1895 3564 1964; baseline 0.003 -15"><span class='ocrx_word' id='word_1_351' title='bbox 1981 1910 2105 1949; x_wconf 91' lang='lat' dir='ltr'><strong>cum</strong></span> <span class='ocrx_word' id='word_1_352' title='bbox 2137 1901 2325 1964; x_wconf 85' lang='lat' dir='ltr'><strong>postea</strong></span> <span class='ocrx_word' id='word_1_353' title='bbox 2356 1895 2437 1950; x_wconf 88' lang='lat' dir='ltr'><strong>sic</strong></span> <span class='ocrx_word' id='word_1_354' title='bbox 2468 1913 2483 1950; x_wconf 88' lang='lat'><strong>:</strong></span> <span class='ocrx_word' id='word_1_355' title='bbox 2525 1911 2545 1946; x_wconf 82' lang='grc' dir='ltr'><strong>ι</strong></span> <span class='ocrx_word' id='word_1_356' title='bbox 2580 1895 2888 1950; x_wconf 83' lang='lat' dir='ltr'><strong>Alexander</strong></span> <span class='ocrx_word' id='word_1_357' title='bbox 2936 1897 3166 1952; x_wconf 59' lang='lat' dir='ltr'><strong>aerarius</strong></span> <span class='ocrx_word' id='word_1_358' title='bbox 3198 1898 3367 1953; x_wconf 88' lang='lat' dir='ltr'><strong>multa</strong></span> <span class='ocrx_word' id='word_1_359' title='bbox 3431 1899 3564 1955; x_wconf 76' lang='lat' dir='ltr'><strong>mihi</strong></span> 
     </span>
    </p>
   </div>
   <div class='ocr_carea' id='block_1_49' title="bbox 1985 1986 3564 2061">
    <p class='ocr_par' dir='ltr' id='par_1_49' title="bbox 1985 1986 3564 2061">
     <span class='ocr_line' id='line_1_49' title="bbox 1985 1986 3564 2061; baseline 0.004 -22"><span class='ocrx_word' id='word_1_360' title='bbox 1985 1986 2123 2041; x_wconf 88' lang='lat' dir='ltr'><strong>mala</strong></span> <span class='ocrx_word' id='word_1_361' title='bbox 2150 1987 2368 2042; x_wconf 91' lang='lat' dir='ltr'><strong>intulit:</strong></span> <span class='ocrx_word' id='word_1_362' title='bbox 2389 1987 2655 2042; x_wconf 82' lang='lat' dir='ltr'><strong>retribuat</strong></span> <span class='ocrx_word' id='word_1_363' title='bbox 2681 1988 2759 2042; x_wconf 93' lang='lat' dir='ltr'><strong>illi</strong></span> <span class='ocrx_word' id='word_1_364' title='bbox 2781 1988 3045 2043; x_wconf 88' lang='lat' dir='ltr'><strong>Dominus</strong></span> <span class='ocrx_word' id='word_1_365' title='bbox 3063 1990 3366 2045; x_wconf 89' lang='lat' dir='ltr'><strong>secundum</strong></span> <span class='ocrx_word' id='word_1_366' title='bbox 3398 2006 3564 2061; x_wconf 79' lang='lat' dir='ltr'><strong>Opera</strong></span> 
     </span>
    </p>
   </div>
   <div class='ocr_carea' id='block_1_50' title="bbox 1981 2080 3565 2152">
    <p class='ocr_par' dir='ltr' id='par_1_50' title="bbox 1981 2080 3565 2152">
     <span class='ocr_line' id='line_1_50' title="bbox 1981 2080 3565 2152; baseline 0.001 -17"><span class='ocrx_word' id='word_1_367' title='bbox 1981 2080 2202 2150; x_wconf 78' lang='lat' dir='ltr'><strong>ejus”;</strong></span> <span class='ocrx_word' id='word_1_368' title='bbox 2243 2099 2263 2133; x_wconf 74' lang='grc' dir='ltr'><strong>ι</strong></span> <span class='ocrx_word' id='word_1_369' title='bbox 2298 2081 2487 2136; x_wconf 90' lang='lat' dir='ltr'><strong>eodem</strong></span> <span class='ocrx_word' id='word_1_370' title='bbox 2537 2080 2739 2151; x_wconf 81' lang='lat' dir='ltr'><strong>eﬂ‘ugio</strong></span> <span class='ocrx_word' id='word_1_371' title='bbox 2782 2081 3106 2152; x_wconf 76' lang='lat' dir='ltr'><strong>expedietur</strong></span> <span class='ocrx_word' id='word_1_372' title='bbox 3145 2082 3213 2136; x_wconf 86' lang='lat' dir='ltr'><strong>ah</strong></span> <span class='ocrx_word' id='word_1_373' title='bbox 3267 2092 3565 2151; x_wconf 75' lang='lat' dir='ltr'><strong>appat&#39;mlte</strong></span> 
     </span>
    </p>
   </div>
   <div class='ocr_carea' id='block_1_51' title="bbox 1981 2174 3561 2249">
    <p class='ocr_par' dir='ltr' id='par_1_51' title="bbox 1981 2174 3561 2249">
     <span class='ocr_line' id='line_1_51' title="bbox 1981 2174 3561 2249; baseline 0.001 -17"><span class='ocrx_word' id='word_1_374' title='bbox 1981 2175 2431 2232; x_wconf 72' lang='lat' dir='ltr'><strong>contradictione.</strong></span> <span class='ocrx_word' id='word_1_375' title='bbox 2498 2174 2745 2246; x_wconf 85' lang='lat' dir='ltr'><strong>Namque</strong></span> <span class='ocrx_word' id='word_1_376' title='bbox 2789 2184 2848 2230; x_wconf 90' lang='lat' dir='ltr'><strong>ut</strong></span> <span class='ocrx_word' id='word_1_377' title='bbox 2907 2175 3235 2249; x_wconf 88' lang='lat' dir='ltr'><strong>imprecetur</strong></span> <span class='ocrx_word' id='word_1_378' title='bbox 3269 2178 3561 2234; x_wconf 73' lang='lat' dir='ltr'><strong>vindictam</strong></span> 
     </span>
    </p>
   </div>
   <div class='ocr_carea' id='block_1_52' title="bbox 1981 2269 3563 2342">
    <p class='ocr_par' dir='ltr' id='par_1_52' title="bbox 1981 2269 3563 2342">
     <span class='ocr_line' id='line_1_52' title="bbox 1981 2269 3563 2342; baseline 0.003 -18"><span class='ocrx_word' id='word_1_379' title='bbox 1981 2285 2107 2333; x_wconf 88' lang='lat' dir='ltr'><strong>reo,</strong></span> <span class='ocrx_word' id='word_1_380' title='bbox 2171 2276 2523 2339; x_wconf 85' lang='lat' dir='ltr'><strong>contemptus</strong></span> <span class='ocrx_word' id='word_1_381' title='bbox 2576 2277 2741 2338; x_wconf 89' lang='lat' dir='ltr'><strong>atque</strong></span> <span class='ocrx_word' id='word_1_382' title='bbox 2793 2269 3128 2340; x_wconf 81' lang='lat' dir='ltr'><strong>oppugnatio</strong></span> <span class='ocrx_word' id='word_1_383' title='bbox 3163 2269 3443 2342; x_wconf 75' lang='lat' dir='ltr'><strong>Evangelii</strong></span> <span class='ocrx_word' id='word_1_384' title='bbox 3507 2273 3563 2328; x_wconf 79' lang='lat' dir='ltr'><strong>in</strong></span> 
     </span>
    </p>
   </div>
   <div class='ocr_carea' id='block_1_53' title="bbox 1981 2362 3567 2431">
    <p class='ocr_par' dir='ltr' id='par_1_53' title="bbox 1981 2362 3567 2431">
     <span class='ocr_line' id='line_1_53' title="bbox 1981 2362 3567 2431; baseline 0 -14"><span class='ocrx_word' id='word_1_385' title='bbox 1981 2376 2148 2417; x_wconf 80' lang='lat' dir='ltr'><strong>causa</strong></span> <span class='ocrx_word' id='word_1_386' title='bbox 2177 2371 2283 2424; x_wconf 90' lang='lat' dir='ltr'><strong>est.</strong></span> <span class='ocrx_word' id='word_1_387' title='bbox 2315 2377 2549 2431; x_wconf 90' lang='lat' dir='ltr'><strong>quorum</strong></span> <span class='ocrx_word' id='word_1_388' title='bbox 2601 2376 2728 2417; x_wconf 88' lang='lat' dir='ltr'><strong>reus</strong></span> <span class='ocrx_word' id='word_1_389' title='bbox 2780 2362 3085 2417; x_wconf 80' lang='lat' dir='ltr'><strong>Alexander</strong></span> <span class='ocrx_word' id='word_1_390' title='bbox 3113 2382 3125 2417; x_wconf 90' lang='lat'><strong>:</strong></span> <span class='ocrx_word' id='word_1_391' title='bbox 3157 2378 3346 2418; x_wconf 85' lang='lat' dir='ltr'><strong>verum</strong></span> <span class='ocrx_word' id='word_1_392' title='bbox 3398 2362 3567 2417; x_wconf 83' lang='lat' dir='ltr'><strong>bene-</strong></span> 
     </span>
    </p>
   </div>
   <div class='ocr_carea' id='block_1_54' title="bbox 1980 2451 3566 2523">
    <p class='ocr_par' dir='ltr' id='par_1_54' title="bbox 1980 2451 3566 2523">
     <span class='ocr_line' id='line_1_54' title="bbox 1980 2451 3566 2523; baseline 0 -16"><span class='ocrx_word' id='word_1_393' title='bbox 1980 2453 2312 2509; x_wconf 91' lang='lat' dir='ltr'><strong>dictionibus</strong></span> <span class='ocrx_word' id='word_1_394' title='bbox 2339 2452 2678 2508; x_wconf 88' lang='lat' dir='ltr'><strong>remunerari</strong></span> <span class='ocrx_word' id='word_1_395' title='bbox 2704 2451 3024 2520; x_wconf 81' lang='lat' dir='ltr'><strong>oll&#39;ensores,</strong></span> <span class='ocrx_word' id='word_1_396' title='bbox 3048 2462 3317 2523; x_wconf 85' lang='lat' dir='ltr'><strong>quatenus</strong></span> <span class='ocrx_word' id='word_1_397' title='bbox 3348 2461 3566 2508; x_wconf 90' lang='lat' dir='ltr'><strong>nosmet</strong></span> 
     </span>
    </p>
   </div>
   <div class='ocr_carea' id='block_1_55' title="bbox 1980 2545 3558 2616">
    <p class='ocr_par' dir='ltr' id='par_1_55' title="bbox 1980 2545 3558 2616">
     <span class='ocr_line' id='line_1_55' title="bbox 1980 2545 3558 2616; baseline 0 -15"><span class='ocrx_word' id='word_1_398' title='bbox 1980 2546 2363 2616; x_wconf 81' lang='lat' dir='ltr'><strong>persecutione</strong></span> <span class='ocrx_word' id='word_1_399' title='bbox 2388 2554 2726 2615; x_wconf 77' lang='lat' dir='ltr'><strong>oppugnant,</strong></span> <span class='ocrx_word' id='word_1_400' title='bbox 2754 2545 2809 2601; x_wconf 86' lang='lat' dir='ltr'><strong>id</strong></span> <span class='ocrx_word' id='word_1_401' title='bbox 2844 2546 3063 2602; x_wconf 84' lang='lat' dir='ltr'><strong>demum</strong></span> <span class='ocrx_word' id='word_1_402' title='bbox 3096 2556 3428 2616; x_wconf 71' lang='lat' dir='ltr'><strong>praeceptum</strong></span> <span class='ocrx_word' id='word_1_403' title='bbox 3454 2556 3558 2601; x_wconf 81' lang='lat' dir='ltr'><strong>est.</strong></span> 
     </span>
    </p>
   </div>
   <div class='ocr_carea' id='block_1_56' title="bbox 2049 2641 3560 2713">
    <p class='ocr_par' dir='ltr' id='par_1_56' title="bbox 2049 2641 3560 2713">
     <span class='ocr_line' id='line_1_56' title="bbox 2049 2641 3560 2713; baseline 0.001 -16"><span class='ocrx_word' id='word_1_404' title='bbox 2049 2642 2142 2698; x_wconf 74' lang='grc'><strong>20.</strong></span> <span class='ocrx_word' id='word_1_405' title='bbox 2178 2641 2299 2696; x_wconf 87' lang='lat' dir='ltr'><strong>Non</strong></span> <span class='ocrx_word' id='word_1_406' title='bbox 2352 2643 2544 2713; x_wconf 80' lang='lat' dir='ltr'><strong>ignoro</strong></span> <span class='ocrx_word' id='word_1_407' title='bbox 2574 2642 2829 2712; x_wconf 82' lang='lat' dir='ltr'><strong>equidem</strong></span> <span class='ocrx_word' id='word_1_408' title='bbox 2889 2658 3086 2711; x_wconf 86' lang='lat' dir='ltr'><strong>negare</strong></span> <span class='ocrx_word' id='word_1_409' title='bbox 3146 2644 3466 2705; x_wconf 87' lang='lat' dir='ltr'><strong>nonnullos,</strong></span> <span class='ocrx_word' id='word_1_410' title='bbox 3496 2659 3560 2698; x_wconf 89' lang='lat' dir='ltr'><strong>ea</strong></span> 
     </span>
    </p>
   </div>
   <div class='ocr_carea' id='block_1_57' title="bbox 1979 2733 3640 2805">
    <p class='ocr_par' dir='ltr' id='par_1_57' title="bbox 1979 2733 3640 2805">
     <span class='ocr_line' id='line_1_57' title="bbox 1979 2733 3640 2805; baseline 0.001 -16"><span class='ocrx_word' id='word_1_411' title='bbox 1979 2751 2102 2805; x_wconf 67' lang='lat' dir='ltr'><strong>qua:</strong></span> <span class='ocrx_word' id='word_1_412' title='bbox 2136 2734 2295 2789; x_wconf 88' lang='lat' dir='ltr'><strong>divus</strong></span> <span class='ocrx_word' id='word_1_413' title='bbox 2317 2734 2517 2789; x_wconf 86' lang='lat' dir='ltr'><strong>Paulus</strong></span> <span class='ocrx_word' id='word_1_414' title='bbox 2552 2734 2619 2789; x_wconf 87' lang='lat' dir='ltr'><strong>de</strong></span> <span class='ocrx_word' id='word_1_415' title='bbox 2648 2736 2843 2790; x_wconf 68' lang='lat' dir='ltr'><strong>aerario</strong></span> <span class='ocrx_word' id='word_1_416' title='bbox 2864 2733 3018 2800; x_wconf 88' lang='lat' dir='ltr'><strong>dicit,</strong></span> <span class='ocrx_word' id='word_1_417' title='bbox 3049 2733 3294 2789; x_wconf 89' lang='lat' dir='ltr'><strong>dirarum</strong></span> <span class='ocrx_word' id='word_1_418' title='bbox 3329 2735 3437 2789; x_wconf 91' lang='lat' dir='ltr'><strong>vim</strong></span> <span class='ocrx_word' id='word_1_419' title='bbox 3463 2736 3564 2788; x_wconf 89' lang='lat' dir='ltr'><strong>ha-</strong></span> <span class='ocrx_word' id='word_1_420' title='bbox 3623 2778 3640 2790; x_wconf 91' lang='lat'><strong>.</strong></span> 
     </span>
    </p>
   </div>
   <div class='ocr_carea' id='block_1_58' title="bbox 1980 2825 3564 2895">
    <p class='ocr_par' dir='ltr' id='par_1_58' title="bbox 1980 2825 3564 2895">
     <span class='ocr_line' id='line_1_58' title="bbox 1980 2825 3564 2895; baseline -0.002 -14"><span class='ocrx_word' id='word_1_421' title='bbox 1980 2827 2143 2892; x_wconf 83' lang='lat' dir='ltr'><strong>bere;</strong></span> <span class='ocrx_word' id='word_1_422' title='bbox 2179 2826 2271 2881; x_wconf 90' lang='lat' dir='ltr'><strong>sed</strong></span> <span class='ocrx_word' id='word_1_423' title='bbox 2297 2825 2620 2879; x_wconf 81' lang='lat' dir='ltr'><strong>vaticinium</strong></span> <span class='ocrx_word' id='word_1_424' title='bbox 2652 2825 2826 2894; x_wconf 79' lang='lat' dir='ltr'><strong>magis</strong></span> <span class='ocrx_word' id='word_1_425' title='bbox 2868 2840 2993 2880; x_wconf 85' lang='lat' dir='ltr'><strong>esse</strong></span> <span class='ocrx_word' id='word_1_426' title='bbox 3022 2840 3309 2895; x_wconf 78' lang='lat' dir='ltr'><strong>pmnarum</strong></span> <span class='ocrx_word' id='word_1_427' title='bbox 3329 2840 3451 2892; x_wconf 76' lang='lat' dir='ltr'><strong>qua:</strong></span> <span class='ocrx_word' id='word_1_428' title='bbox 3482 2826 3564 2894; x_wconf 88' lang='lat' dir='ltr'><strong>ip-</strong></span> 
     </span>
    </p>
   </div>
   <div class='ocr_carea' id='block_1_59' title="bbox 1981 2914 3562 2985">
    <p class='ocr_par' dir='ltr' id='par_1_59' title="bbox 1981 2914 3562 2985">
     <span class='ocr_line' id='line_1_59' title="bbox 1981 2914 3562 2985; baseline -0.003 -13"><span class='ocrx_word' id='word_1_429' title='bbox 1981 2932 2102 2973; x_wconf 91' lang='lat' dir='ltr'><strong>sum</strong></span> <span class='ocrx_word' id='word_1_430' title='bbox 2141 2915 2375 2985; x_wconf 88' lang='lat' dir='ltr'><strong>denique</strong></span> <span class='ocrx_word' id='word_1_431' title='bbox 2403 2923 2737 2985; x_wconf 70' lang='lat' dir='ltr'><strong>correptum</strong></span> <span class='ocrx_word' id='word_1_432' title='bbox 2764 2923 2940 2980; x_wconf 86' lang='lat' dir='ltr'><strong>erant,</strong></span> <span class='ocrx_word' id='word_1_433' title='bbox 2969 2914 3197 2984; x_wconf 88' lang='lat' dir='ltr'><strong>impium</strong></span> <span class='ocrx_word' id='word_1_434' title='bbox 3233 2914 3483 2969; x_wconf 84' lang='lat' dir='ltr'><strong>videlicet</strong></span> <span class='ocrx_word' id='word_1_435' title='bbox 3509 2921 3562 2968; x_wconf 77' lang='lat' dir='ltr'><strong>rt</strong></span> 
     </span>
    </p>
   </div>
   <div class='ocr_carea' id='block_1_60' title="bbox 1981 3005 3560 3079">
    <p class='ocr_par' dir='ltr' id='par_1_60' title="bbox 1981 3005 3560 3079">
     <span class='ocr_line' id='line_1_60' title="bbox 1981 3005 3560 3079; baseline -0.004 -17"><span class='ocrx_word' id='word_1_436' title='bbox 1981 3008 2073 3079; x_wconf 90' lang='lat' dir='ltr'><strong>qui</strong></span> <span class='ocrx_word' id='word_1_437' title='bbox 2112 3005 2361 3078; x_wconf 77' lang='lat' dir='ltr'><strong>religioni</strong></span> <span class='ocrx_word' id='word_1_438' title='bbox 2395 3006 2595 3061; x_wconf 87' lang='lat' dir='ltr'><strong>bellum</strong></span> <span class='ocrx_word' id='word_1_439' title='bbox 2628 3005 2900 3060; x_wconf 84' lang='lat' dir='ltr'><strong>conﬂahat</strong></span> <span class='ocrx_word' id='word_1_440' title='bbox 2937 3022 2951 3059; x_wconf 89' lang='lat'><strong>:</strong></span> <span class='ocrx_word' id='word_1_441' title='bbox 2989 3014 3155 3073; x_wconf 87' lang='lat' dir='ltr'><strong>atque</strong></span> <span class='ocrx_word' id='word_1_442' title='bbox 3197 3006 3297 3059; x_wconf 88' lang='lat' dir='ltr'><strong>has</strong></span> <span class='ocrx_word' id='word_1_443' title='bbox 3352 3020 3560 3074; x_wconf 66' lang='lat' dir='ltr'><strong>praeco-</strong></span> 
     </span>
    </p>
   </div>
   <div class='ocr_carea' id='block_1_61' title="bbox 285 3070 1879 3168">
    <p class='ocr_par' dir='ltr' id='par_1_61' title="bbox 285 3070 1877 3148">
     <span class='ocr_line' id='line_1_61' title="bbox 285 3070 1877 3148; baseline 0.012 -35"><span class='ocrx_word' id='word_1_444' title='bbox 285 3070 465 3115; x_wconf 84' lang='grc' dir='ltr'><strong>ταυτα</strong></span> <span class='ocrx_word' id='word_1_445' title='bbox 492 3070 1003 3137; x_wconf 83' lang='grc' dir='ltr'><strong>προανακηρύττειν</strong></span> <span class='ocrx_word' id='word_1_446' title='bbox 1052 3071 1147 3124; x_wconf 79' lang='grc' dir='ltr'><strong>καὶ</strong></span> <span class='ocrx_word' id='word_1_447' title='bbox 1200 3072 1544 3143; x_wconf 74' lang='grc' dir='ltr'><strong>ὑπογράφειν</strong></span> <span class='ocrx_word' id='word_1_448' title='bbox 1574 3074 1663 3127; x_wconf 81' lang='grc' dir='ltr'><strong>διὰ</strong></span> <span class='ocrx_word' id='word_1_449' title='bbox 1694 3077 1877 3148; x_wconf 77' lang='grc' dir='ltr'><strong>ῥημά-</strong></span> 
     </span>
    </p>
   </div>
   <div class='ocr_carea' id='block_1_62' title="bbox 1983 3070 3558 3168">
    <p class='ocr_par' dir='ltr' id='par_1_62' title="bbox 1983 3097 3558 3168">
     <span class='ocr_line' id='line_1_62' title="bbox 1983 3097 3558 3168; baseline -0.003 -15"><span class='ocrx_word' id='word_1_450' title='bbox 1983 3116 2104 3154; x_wconf 89' lang='lat' dir='ltr'><strong>nem</strong></span> <span class='ocrx_word' id='word_1_451' title='bbox 2136 3098 2365 3154; x_wconf 88' lang='lat' dir='ltr'><strong>Paulum</strong></span> <span class='ocrx_word' id='word_1_452' title='bbox 2394 3097 2680 3168; x_wconf 82' lang='lat' dir='ltr'><strong>designare</strong></span> <span class='ocrx_word' id='word_1_453' title='bbox 2705 3098 2887 3163; x_wconf 77' lang='lat' dir='ltr'><strong>verbis</strong></span> <span class='ocrx_word' id='word_1_454' title='bbox 2912 3098 3018 3152; x_wconf 88' lang='lat' dir='ltr'><strong>illis</strong></span> <span class='ocrx_word' id='word_1_455' title='bbox 3053 3108 3216 3167; x_wconf 87' lang='lat' dir='ltr'><strong>atque</strong></span> <span class='ocrx_word' id='word_1_456' title='bbox 3233 3097 3558 3167; x_wconf 64' lang='lat' dir='ltr'><strong>prazdicere;</strong></span> 
     </span>
    </p>
   </div>
   <div class='ocr_carea' id='block_1_63' title="bbox 285 3156 1879 3257">
    <p class='ocr_par' dir='ltr' id='par_1_63' title="bbox 285 3156 1877 3239">
     <span class='ocr_line' id='line_1_63' title="bbox 285 3156 1877 3239; baseline 0.01 -32"><span class='ocrx_word' id='word_1_457' title='bbox 285 3172 403 3209; x_wconf 79' lang='grc' dir='ltr'><strong>των</strong></span> <span class='ocrx_word' id='word_1_458' title='bbox 437 3156 528 3209; x_wconf 81' lang='grc' dir='ltr'><strong>τὸν</strong></span> <span class='ocrx_word' id='word_1_459' title='bbox 560 3159 779 3230; x_wconf 82' lang='grc' dir='ltr'><strong>κήρυκα</strong></span> <span class='ocrx_word' id='word_1_460' title='bbox 808 3177 822 3190; x_wconf 77' lang='grc' dir='ltr'><strong>ο</strong></span> <span class='ocrx_word' id='word_1_461' title='bbox 857 3160 976 3232; x_wconf 81' lang='grc' dir='ltr'><strong>ἄμα</strong></span> <span class='ocrx_word' id='word_1_462' title='bbox 1004 3163 1101 3233; x_wconf 80' lang='grc' dir='ltr'><strong>μὲν</strong></span> <span class='ocrx_word' id='word_1_463' title='bbox 1132 3164 1231 3234; x_wconf 76' lang='grc' dir='ltr'><strong>τῆς</strong></span> <span class='ocrx_word' id='word_1_464' title='bbox 1259 3164 1528 3237; x_wconf 85' lang='grc' dir='ltr'><strong>τοσαύτης</strong></span> <span class='ocrx_word' id='word_1_465' title='bbox 1551 3166 1756 3239; x_wconf 79' lang='grc' dir='ltr'><strong>λύσσης</strong></span> <span class='ocrx_word' id='word_1_466' title='bbox 1785 3170 1877 3223; x_wconf 82' lang='grc' dir='ltr'><strong>τὸν</strong></span> 
     </span>
    </p>
   </div>
   <div class='ocr_carea' id='block_1_64' title="bbox 1983 3156 3558 3257">
    <p class='ocr_par' dir='ltr' id='par_1_64' title="bbox 1983 3189 3558 3257">
     <span class='ocr_line' id='line_1_64' title="bbox 1983 3189 3558 3257; baseline -0.003 -11"><span class='ocrx_word' id='word_1_467' title='bbox 1983 3193 2109 3246; x_wconf 89' lang='lat' dir='ltr'><strong>dum</strong></span> <span class='ocrx_word' id='word_1_468' title='bbox 2129 3206 2239 3245; x_wconf 90' lang='lat' dir='ltr'><strong>una</strong></span> <span class='ocrx_word' id='word_1_469' title='bbox 2269 3190 2455 3246; x_wconf 88' lang='lat' dir='ltr'><strong>studet</strong></span> <span class='ocrx_word' id='word_1_470' title='bbox 2485 3205 2513 3244; x_wconf 89' lang='lat' dir='ltr'><strong>a</strong></span> <span class='ocrx_word' id='word_1_471' title='bbox 2545 3198 2697 3244; x_wconf 90' lang='lat' dir='ltr'><strong>tanto</strong></span> <span class='ocrx_word' id='word_1_472' title='bbox 2728 3189 2915 3243; x_wconf 80' lang='lat' dir='ltr'><strong>furore</strong></span> <span class='ocrx_word' id='word_1_473' title='bbox 2938 3198 3242 3257; x_wconf 87' lang='lat' dir='ltr'><strong>apostatam</strong></span> <span class='ocrx_word' id='word_1_474' title='bbox 3276 3202 3558 3249; x_wconf 85' lang='lat' dir='ltr'><strong>revocare.</strong></span> 
     </span>
    </p>
   </div>
   <div class='ocr_carea' id='block_1_65' title="bbox 287 3246 1877 3321">
    <p class='ocr_par' dir='ltr' id='par_1_65' title="bbox 287 3246 1877 3321">
     <span class='ocr_line' id='line_1_65' title="bbox 287 3246 1877 3321; baseline 0.008 -23"><span class='ocrx_word' id='word_1_475' title='bbox 287 3246 609 3317; x_wconf 71' lang='grc' dir='ltr'><strong>ἀποστάτην</strong></span> <span class='ocrx_word' id='word_1_476' title='bbox 635 3250 943 3317; x_wconf 78' lang='grc' dir='ltr'><strong>ἀπάγοντα,</strong></span> <span class='ocrx_word' id='word_1_477' title='bbox 976 3250 1095 3321; x_wconf 77' lang='grc' dir='ltr'><strong>ἅμα</strong></span> <span class='ocrx_word' id='word_1_478' title='bbox 1140 3252 1197 3305; x_wconf 78' lang='grc' dir='ltr'><strong>δὲ</strong></span> <span class='ocrx_word' id='word_1_479' title='bbox 1231 3254 1325 3307; x_wconf 69' lang='grc' dir='ltr'><strong>καὶ</strong></span> <span class='ocrx_word' id='word_1_480' title='bbox 1351 3257 1465 3319; x_wconf 76' lang='grc' dir='ltr'><strong>τοῖς</strong></span> <span class='ocrx_word' id='word_1_481' title='bbox 1522 3255 1877 3311; x_wconf 82' lang='grc' dir='ltr'><strong>συναθλοῦσιν</strong></span> 
     </span>
    </p>
   </div>
   <div class='ocr_carea' id='block_1_66' title="bbox 286 3340 1878 3416">
    <p class='ocr_par' dir='ltr' id='par_1_66' title="bbox 286 3340 1878 3416">
     <span class='ocr_line' id='line_1_66' title="bbox 286 3340 1878 3416; baseline 0.006 -23"><span class='ocrx_word' id='word_1_482' title='bbox 286 3340 587 3408; x_wconf 75' lang='grc' dir='ltr'><strong>εἰσάγοντα</strong></span> <span class='ocrx_word' id='word_1_483' title='bbox 618 3342 989 3415; x_wconf 86' lang='grc' dir='ltr'><strong>παραμύθιον,</strong></span> <span class='ocrx_word' id='word_1_484' title='bbox 1025 3345 1085 3398; x_wconf 80' lang='grc' dir='ltr'><strong>τὸ</strong></span> <span class='ocrx_word' id='word_1_485' title='bbox 1121 3346 1305 3405; x_wconf 86' lang='grc' dir='ltr'><strong>δοῦναι</strong></span> <span class='ocrx_word' id='word_1_486' title='bbox 1334 3347 1492 3416; x_wconf 85' lang='grc' dir='ltr'><strong>δίκην</strong></span> <span class='ocrx_word' id='word_1_487' title='bbox 1531 3350 1750 3413; x_wconf 85' lang='grc' dir='ltr'><strong>πάντως</strong></span> <span class='ocrx_word' id='word_1_488' title='bbox 1784 3351 1878 3403; x_wconf 79' lang='grc' dir='ltr'><strong>τὸν</strong></span> 
     </span>
    </p>
   </div>
   <div class='ocr_carea' id='block_1_67' title="bbox 286 3432 1880 3514">
    <p class='ocr_par' dir='ltr' id='par_1_67' title="bbox 286 3432 1880 3514">
     <span class='ocr_line' id='line_1_67' title="bbox 286 3432 1880 3514; baseline 0.006 -29"><span class='ocrx_word' id='word_1_489' title='bbox 286 3436 663 3505; x_wconf 76' lang='grc' dir='ltr'><strong>ἐπηρεαστὴν,</strong></span> <span class='ocrx_word' id='word_1_490' title='bbox 695 3437 830 3507; x_wconf 84' lang='grc' dir='ltr'><strong>μηδὲ</strong></span> <span class='ocrx_word' id='word_1_491' title='bbox 876 3436 1060 3492; x_wconf 78' lang='grc' dir='ltr'><strong>λαθεῖν</strong></span> <span class='ocrx_word' id='word_1_492' title='bbox 1091 3439 1177 3508; x_wconf 80' lang='grc' dir='ltr'><strong>ἐφ’</strong></span> <span class='ocrx_word' id='word_1_493' title='bbox 1206 3432 1289 3503; x_wconf 79' lang='grc' dir='ltr'><strong>οἷς</strong></span> <span class='ocrx_word' id='word_1_494' title='bbox 1313 3439 1505 3511; x_wconf 78' lang='grc' dir='ltr'><strong>ἔδρασε</strong></span> <span class='ocrx_word' id='word_1_495' title='bbox 1526 3442 1586 3495; x_wconf 82' lang='grc' dir='ltr'><strong>τὸ</strong></span> <span class='ocrx_word' id='word_1_496' title='bbox 1619 3444 1719 3513; x_wconf 79' lang='grc' dir='ltr'><strong>τῆς</strong></span> <span class='ocrx_word' id='word_1_497' title='bbox 1747 3443 1880 3514; x_wconf 86' lang='grc' dir='ltr'><strong>Προ-</strong></span> 
     </span>
    </p>
   </div>
   <div class='ocr_carea' id='block_1_68' title="bbox 287 3524 1875 3599">
    <p class='ocr_par' dir='ltr' id='par_1_68' title="bbox 287 3524 1875 3599">
     <span class='ocr_line' id='line_1_68' title="bbox 287 3524 1875 3599; baseline 0.008 -21"><span class='ocrx_word' id='word_1_498' title='bbox 287 3527 445 3589; x_wconf 84' lang='grc' dir='ltr'><strong>νοίας</strong></span> <span class='ocrx_word' id='word_1_499' title='bbox 476 3527 746 3599; x_wconf 87' lang='grc' dir='ltr'><strong>ἀλάθητον</strong></span> <span class='ocrx_word' id='word_1_500' title='bbox 776 3545 788 3559; x_wconf 90' lang='grc'><strong>·</strong></span> <span class='ocrx_word' id='word_1_501' title='bbox 822 3529 889 3583; x_wconf 86' lang='grc' dir='ltr'><strong>δι’</strong></span> <span class='ocrx_word' id='word_1_502' title='bbox 920 3524 1000 3585; x_wconf 82' lang='grc' dir='ltr'><strong>ὧν</strong></span> <span class='ocrx_word' id='word_1_503' title='bbox 1025 3532 1119 3585; x_wconf 74' lang='grc' dir='ltr'><strong>καὶ</strong></span> <span class='ocrx_word' id='word_1_504' title='bbox 1157 3530 1268 3586; x_wconf 83' lang='grc' dir='ltr'><strong>τῶν</strong></span> <span class='ocrx_word' id='word_1_505' title='bbox 1308 3531 1519 3586; x_wconf 84' lang='grc' dir='ltr'><strong>πολλῶν</strong></span> <span class='ocrx_word' id='word_1_506' title='bbox 1552 3533 1680 3598; x_wconf 79' lang='grc' dir='ltr'><strong>τοὺς</strong></span> <span class='ocrx_word' id='word_1_507' title='bbox 1710 3534 1875 3590; x_wconf 81' lang='grc' dir='ltr'><strong>ὀκλά-</strong></span> 
     </span>
    </p>
   </div>
   <div class='ocr_carea' id='block_1_69' title="bbox 288 3618 1878 3697">
    <p class='ocr_par' dir='ltr' id='par_1_69' title="bbox 288 3618 1878 3697">
     <span class='ocr_line' id='line_1_69' title="bbox 288 3618 1878 3697; baseline 0.006 -26"><span class='ocrx_word' id='word_1_508' title='bbox 288 3618 486 3683; x_wconf 79' lang='grc' dir='ltr'><strong>ζοντας</strong></span> <span class='ocrx_word' id='word_1_509' title='bbox 520 3620 912 3691; x_wconf 84' lang='grc' dir='ltr'><strong>ἀνακτώμενόν</strong></span> <span class='ocrx_word' id='word_1_510' title='bbox 940 3639 997 3675; x_wconf 91' lang='grc' dir='ltr'><strong>τε</strong></span> <span class='ocrx_word' id='word_1_511' title='bbox 1044 3622 1138 3675; x_wconf 73' lang='grc' dir='ltr'><strong>καὶ</strong></span> <span class='ocrx_word' id='word_1_512' title='bbox 1186 3622 1325 3693; x_wconf 82' lang='grc' dir='ltr'><strong>πρὸς</strong></span> <span class='ocrx_word' id='word_1_513' title='bbox 1359 3625 1421 3677; x_wconf 82' lang='grc' dir='ltr'><strong>τὸ</strong></span> <span class='ocrx_word' id='word_1_514' title='bbox 1478 3622 1705 3697; x_wconf 76' lang='grc' dir='ltr'><strong>θαρρεῖν</strong></span> <span class='ocrx_word' id='word_1_515' title='bbox 1761 3626 1878 3680; x_wconf 80' lang='grc' dir='ltr'><strong>ἔστι</strong></span> 
     </span>
    </p>
   </div>
   <div class='ocr_carea' id='block_1_70' title="bbox 290 3712 1877 3786">
    <p class='ocr_par' dir='ltr' id='par_1_70' title="bbox 290 3712 1877 3786">
     <span class='ocr_line' id='line_1_70' title="bbox 290 3712 1877 3786; baseline 0.004 -22"><span class='ocrx_word' id='word_1_516' title='bbox 290 3712 527 3782; x_wconf 81' lang='grc' dir='ltr'><strong>συνορᾷν</strong></span> <span class='ocrx_word' id='word_1_517' title='bbox 575 3713 940 3781; x_wconf 74' lang='grc' dir='ltr'><strong>ἐπανάγοντα.</strong></span> <span class='ocrx_word' id='word_1_518' title='bbox 978 3712 1119 3782; x_wconf 84' lang='grc' dir='ltr'><strong>Ἐγὼ</strong></span> <span class='ocrx_word' id='word_1_519' title='bbox 1142 3713 1199 3766; x_wconf 83' lang='grc' dir='ltr'><strong>δὲ</strong></span> <span class='ocrx_word' id='word_1_520' title='bbox 1236 3715 1286 3766; x_wconf 87' lang='grc' dir='ltr'><strong>εί</strong></span> <span class='ocrx_word' id='word_1_521' title='bbox 1316 3715 1414 3783; x_wconf 83' lang='grc' dir='ltr'><strong>μὲν</strong></span> <span class='ocrx_word' id='word_1_522' title='bbox 1449 3714 1701 3786; x_wconf 82' lang='grc' dir='ltr'><strong>μηδαμοῦ</strong></span> <span class='ocrx_word' id='word_1_523' title='bbox 1734 3716 1877 3770; x_wconf 82' lang='grc' dir='ltr'><strong>κατὰ</strong></span> 
     </span>
    </p>
   </div>
   <div class='ocr_carea' id='block_1_71' title="bbox 286 3802 1879 3876">
    <p class='ocr_par' dir='ltr' id='par_1_71' title="bbox 286 3802 1879 3876">
     <span class='ocr_line' id='line_1_71' title="bbox 286 3802 1879 3876; baseline 0.003 -21"><span class='ocrx_word' id='word_1_524' title='bbox 286 3802 403 3855; x_wconf 84' lang='grc' dir='ltr'><strong>τῶν</strong></span> <span class='ocrx_word' id='word_1_525' title='bbox 474 3802 935 3857; x_wconf 80' lang='grc' dir='ltr'><strong>ἐπιϐουλευόντων</strong></span> <span class='ocrx_word' id='word_1_526' title='bbox 994 3803 1073 3874; x_wconf 84' lang='grc' dir='ltr'><strong>τῷ</strong></span> <span class='ocrx_word' id='word_1_527' title='bbox 1134 3804 1367 3875; x_wconf 86' lang='grc' dir='ltr'><strong>δόγματι</strong></span> <span class='ocrx_word' id='word_1_528' title='bbox 1440 3804 1714 3876; x_wconf 85' lang='grc' dir='ltr'><strong>μηδεμίαν</strong></span> <span class='ocrx_word' id='word_1_529' title='bbox 1797 3803 1879 3859; x_wconf 78' lang='grc' dir='ltr'><strong>εῖ-</strong></span> 
     </span>
    </p>
   </div>
   <div class='ocr_carea' id='block_1_72' title="bbox 280 3894 1878 3969">
    <p class='ocr_par' dir='ltr' id='par_1_72' title="bbox 280 3894 1878 3969">
     <span class='ocr_line' id='line_1_72' title="bbox 280 3894 1878 3969; baseline 0.003 -21"><span class='ocrx_word' id='word_1_530' title='bbox 280 3894 382 3948; x_wconf 76' lang='grc' dir='ltr'><strong>δον</strong></span> <span class='ocrx_word' id='word_1_531' title='bbox 428 3897 541 3955; x_wconf 81' lang='grc' dir='ltr'><strong>τοῖς</strong></span> <span class='ocrx_word' id='word_1_532' title='bbox 594 3896 773 3964; x_wconf 81' lang='grc' dir='ltr'><strong>ἀγίοις</strong></span> <span class='ocrx_word' id='word_1_533' title='bbox 815 3896 1255 3968; x_wconf 78' lang='grc' dir='ltr'><strong>ἦάγανάιιτησιν</strong></span> <span class='ocrx_word' id='word_1_534' title='bbox 1293 3898 1325 3969; x_wconf 81' lang='grc' dir='ltr'>ἢ</span> <span class='ocrx_word' id='word_1_535' title='bbox 1375 3899 1722 3969; x_wconf 82' lang='grc' dir='ltr'><strong>ἐπιτίμησιν,</strong></span> <span class='ocrx_word' id='word_1_536' title='bbox 1770 3898 1878 3953; x_wconf 78' lang='grc' dir='ltr'><strong>οὐδ’</strong></span> 
     </span>
    </p>
   </div>
   <div class='ocr_carea' id='block_1_73' title="bbox 286 3982 1879 4060">
    <p class='ocr_par' dir='ltr' id='par_1_73' title="bbox 286 3982 1879 4060">
     <span class='ocr_line' id='line_1_73' title="bbox 286 3982 1879 4060; baseline 0.004 -24"><span class='ocrx_word' id='word_1_537' title='bbox 286 3982 459 4047; x_wconf 79' lang='grc' dir='ltr'><strong>αὐτὸς</strong></span> <span class='ocrx_word' id='word_1_538' title='bbox 477 3983 544 4038; x_wconf 83' lang='grc' dir='ltr'><strong>ἂν</strong></span> <span class='ocrx_word' id='word_1_539' title='bbox 562 3985 922 4057; x_wconf 75' lang='grc' dir='ltr'><strong>ἀποστροφὴν</strong></span> <span class='ocrx_word' id='word_1_540' title='bbox 947 3986 1114 4057; x_wconf 82' lang='grc' dir='ltr'><strong>ἀλλην</strong></span> <span class='ocrx_word' id='word_1_541' title='bbox 1141 3987 1445 4058; x_wconf 83' lang='grc' dir='ltr'><strong>ἐποιούμην</strong></span> <span class='ocrx_word' id='word_1_542' title='bbox 1466 3987 1566 4057; x_wconf 79' lang='grc' dir='ltr'><strong>τῆς</strong></span> <span class='ocrx_word' id='word_1_543' title='bbox 1587 3989 1879 4060; x_wconf 78' lang='grc' dir='ltr'><strong>νομιζομέ-</strong></span> 
     </span>
    </p>
   </div>
   <div class='ocr_carea' id='block_1_74' title="bbox 284 4076 1881 4151">
    <p class='ocr_par' dir='ltr' id='par_1_74' title="bbox 284 4076 1881 4151">
     <span class='ocr_line' id='line_1_74' title="bbox 284 4076 1881 4151; baseline 0.004 -22"><span class='ocrx_word' id='word_1_544' title='bbox 284 4094 392 4145; x_wconf 82' lang='grc' dir='ltr'><strong>νης</strong></span> <span class='ocrx_word' id='word_1_545' title='bbox 429 4078 547 4131; x_wconf 68' lang='grc' dir='ltr'><strong>νυνὶ</strong></span> <span class='ocrx_word' id='word_1_546' title='bbox 582 4076 787 4149; x_wconf 87' lang='grc' dir='ltr'><strong>μάχης,</strong></span> <span class='ocrx_word' id='word_1_547' title='bbox 822 4076 855 4148; x_wconf 75' lang='grc' dir='ltr'><strong>ἢ</strong></span> <span class='ocrx_word' id='word_1_548' title='bbox 882 4078 983 4149; x_wconf 83' lang='grc' dir='ltr'><strong>τὴν</strong></span> <span class='ocrx_word' id='word_1_549' title='bbox 1011 4078 1324 4149; x_wconf 78' lang='grc' dir='ltr'><strong>πρόρρησιν</strong></span> <span class='ocrx_word' id='word_1_550' title='bbox 1350 4093 1365 4109; x_wconf 81' lang='grc'><em>’</em></span> <span class='ocrx_word' id='word_1_551' title='bbox 1403 4079 1520 4134; x_wconf 77' lang='grc' dir='ltr'><strong>ἀλλ’</strong></span> <span class='ocrx_word' id='word_1_552' title='bbox 1549 4081 1578 4132; x_wconf 84' lang='grc' dir='ltr'><strong>ὅ</strong></span> <span class='ocrx_word' id='word_1_553' title='bbox 1602 4096 1666 4148; x_wconf 91' lang='grc' dir='ltr'><strong>γε</strong></span> <span class='ocrx_word' id='word_1_554' title='bbox 1702 4081 1881 4151; x_wconf 87' lang='grc' dir='ltr'><strong>μάγος</strong></span> 
     </span>
    </p>
   </div>
   <div class='ocr_carea' id='block_1_75' title="bbox 256 4170 1880 4246">
    <p class='ocr_par' dir='ltr' id='par_1_75' title="bbox 256 4170 1880 4246">
     <span class='ocr_line' id='line_1_75' title="bbox 256 4170 1880 4246; baseline 0.003 -23"><span class='ocrx_word' id='word_1_555' title='bbox 256 4238 259 4239; x_wconf 17' lang='grc' dir='ltr'><em>ν</em></span> <span class='ocrx_word' id='word_1_556' title='bbox 302 4170 543 4242; x_wconf 85' lang='grc' dir='ltr'><strong>Ἐλύμας</strong></span> <span class='ocrx_word' id='word_1_557' title='bbox 572 4170 794 4242; x_wconf 82' lang='grc' dir='ltr'><strong>πλήρης</strong></span> <span class='ocrx_word' id='word_1_558' title='bbox 843 4172 942 4241; x_wconf 88' lang='grc' dir='ltr'><strong>μὲν</strong></span> <span class='ocrx_word' id='word_1_559' title='bbox 989 4171 1190 4235; x_wconf 86' lang='grc' dir='ltr'><strong>παντὸς</strong></span> <span class='ocrx_word' id='word_1_560' title='bbox 1229 4172 1407 4237; x_wconf 83' lang='grc' dir='ltr'><strong>δόλου,</strong></span> <span class='ocrx_word' id='word_1_561' title='bbox 1439 4172 1656 4244; x_wconf 80' lang='grc' dir='ltr'><strong>πλήρης</strong></span> <span class='ocrx_word' id='word_1_562' title='bbox 1692 4174 1748 4227; x_wconf 83' lang='grc' dir='ltr'><strong>δὲ</strong></span> <span class='ocrx_word' id='word_1_563' title='bbox 1779 4177 1880 4246; x_wconf 76' lang='grc' dir='ltr'><strong>ρᾳ-</strong></span> 
     </span>
    </p>
   </div>
   <div class='ocr_carea' id='block_1_76' title="bbox 280 4258 1881 4334">
    <p class='ocr_par' dir='ltr' id='par_1_76' title="bbox 280 4258 1881 4334">
     <span class='ocr_line' id='line_1_76' title="bbox 280 4258 1881 4334; baseline 0.002 -19"><span class='ocrx_word' id='word_1_564' title='bbox 280 4263 596 4333; x_wconf 80' lang='grc' dir='ltr'><strong>διουργίας,</strong></span> <span class='ocrx_word' id='word_1_565' title='bbox 629 4264 740 4327; x_wconf 79' lang='grc' dir='ltr'><strong>υἱὸς</strong></span> <span class='ocrx_word' id='word_1_566' title='bbox 763 4264 820 4317; x_wconf 84' lang='grc' dir='ltr'><strong>δὲ</strong></span> <span class='ocrx_word' id='word_1_567' title='bbox 864 4258 1291 4334; x_wconf 80' lang='grc' dir='ltr'><strong>καταϐοώμενος</strong></span> <span class='ocrx_word' id='word_1_568' title='bbox 1333 4265 1582 4318; x_wconf 81' lang='grc' dir='ltr'><strong>διαὸὁλου</strong></span> <span class='ocrx_word' id='word_1_569' title='bbox 1603 4309 1617 4331; x_wconf 86' lang='grc'><strong>,</strong></span> <span class='ocrx_word' id='word_1_570' title='bbox 1650 4266 1743 4319; x_wconf 73' lang='grc' dir='ltr'><strong>καὶ</strong></span> <span class='ocrx_word' id='word_1_571' title='bbox 1773 4267 1881 4320; x_wconf 81' lang='grc' dir='ltr'><strong>πά-</strong></span> 
     </span>
    </p>
   </div>
   <div class='ocr_carea' id='block_1_77' title="bbox 289 4358 1882 4432">
    <p class='ocr_par' dir='ltr' id='par_1_77' title="bbox 289 4358 1882 4432">
     <span class='ocr_line' id='line_1_77' title="bbox 289 4358 1882 4432; baseline 0.003 -22"><span class='ocrx_word' id='word_1_572' title='bbox 289 4375 395 4431; x_wconf 87' lang='grc' dir='ltr'><strong>σης</strong></span> <span class='ocrx_word' id='word_1_573' title='bbox 425 4358 773 4430; x_wconf 81' lang='grc' dir='ltr'><strong>δικαιοσύνης</strong></span> <span class='ocrx_word' id='word_1_574' title='bbox 799 4358 1026 4430; x_wconf 71' lang='grc' dir='ltr'><strong>ἐχθρὸςο</strong></span> <span class='ocrx_word' id='word_1_575' title='bbox 1060 4359 1158 4414; x_wconf 74' lang='grc' dir='ltr'><strong>καὶ</strong></span> <span class='ocrx_word' id='word_1_576' title='bbox 1202 4360 1268 4428; x_wconf 84' lang='grc' dir='ltr'><strong>δὴ</strong></span> <span class='ocrx_word' id='word_1_577' title='bbox 1303 4361 1398 4414; x_wconf 76' lang='grc' dir='ltr'><strong>καὶ</strong></span> <span class='ocrx_word' id='word_1_578' title='bbox 1440 4361 1613 4422; x_wconf 75' lang='grc' dir='ltr'><strong>αὐτὰς</strong></span> <span class='ocrx_word' id='word_1_579' title='bbox 1666 4361 1882 4432; x_wconf 80' lang='grc' dir='ltr'><strong>πικρῶς</strong></span> 
     </span>
    </p>
   </div>
   <div class='ocr_carea' id='block_1_78' title="bbox 1976 3280 3556 3354">
    <p class='ocr_par' dir='ltr' id='par_1_78' title="bbox 1976 3280 3556 3354">
     <span class='ocr_line' id='line_1_78' title="bbox 1976 3280 3556 3354; baseline -0.004 -13"><span class='ocrx_word' id='word_1_580' title='bbox 1976 3295 2029 3341; x_wconf 87' lang='lat' dir='ltr'><strong>et</strong></span> <span class='ocrx_word' id='word_1_581' title='bbox 2062 3285 2178 3341; x_wconf 88' lang='lat' dir='ltr'><strong>suis</strong></span> <span class='ocrx_word' id='word_1_582' title='bbox 2210 3284 2411 3354; x_wconf 84' lang='lat' dir='ltr'><strong>pariter</strong></span> <span class='ocrx_word' id='word_1_583' title='bbox 2452 3283 2620 3339; x_wconf 87' lang='lat' dir='ltr'><strong>sociis</strong></span> <span class='ocrx_word' id='word_1_584' title='bbox 2674 3282 2924 3337; x_wconf 78' lang='lat' dir='ltr'><strong>laborum</strong></span> <span class='ocrx_word' id='word_1_585' title='bbox 2961 3281 3204 3337; x_wconf 90' lang='lat' dir='ltr'><strong>solamen</strong></span> <span class='ocrx_word' id='word_1_586' title='bbox 3237 3280 3556 3345; x_wconf 86' lang='lat' dir='ltr'><strong>insinuare;</strong></span> 
     </span>
    </p>
   </div>
   <div class='ocr_carea' id='block_1_79' title="bbox 1981 3372 3556 3450">
    <p class='ocr_par' dir='ltr' id='par_1_79' title="bbox 1981 3372 3556 3450">
     <span class='ocr_line' id='line_1_79' title="bbox 1981 3372 3556 3450; baseline -0.005 -17"><span class='ocrx_word' id='word_1_587' title='bbox 1981 3386 2267 3450; x_wconf 86' lang='lat' dir='ltr'><strong>propterea</strong></span> <span class='ocrx_word' id='word_1_588' title='bbox 2297 3377 2444 3448; x_wconf 82' lang='lat' dir='ltr'><strong>quod</strong></span> <span class='ocrx_word' id='word_1_589' title='bbox 2472 3375 2753 3431; x_wconf 86' lang='lat' dir='ltr'><strong>malelicus</strong></span> <span class='ocrx_word' id='word_1_590' title='bbox 2781 3374 3005 3430; x_wconf 90' lang='lat' dir='ltr'><strong>omnino</strong></span> <span class='ocrx_word' id='word_1_591' title='bbox 3056 3373 3364 3444; x_wconf 87' lang='lat' dir='ltr'><strong>puniendus</strong></span> <span class='ocrx_word' id='word_1_592' title='bbox 3395 3372 3556 3433; x_wconf 77' lang='lat' dir='ltr'><strong>foret.</strong></span> 
     </span>
    </p>
   </div>
   <div class='ocr_carea' id='block_1_80' title="bbox 1978 3463 3558 3540">
    <p class='ocr_par' dir='ltr' id='par_1_80' title="bbox 1978 3463 3558 3540">
     <span class='ocr_line' id='line_1_80' title="bbox 1978 3463 3558 3540; baseline -0.003 -16"><span class='ocrx_word' id='word_1_593' title='bbox 1978 3487 2158 3540; x_wconf 79' lang='lat' dir='ltr'><strong>neque</strong></span> <span class='ocrx_word' id='word_1_594' title='bbox 2178 3471 2572 3525; x_wconf 83' lang='lat' dir='ltr'><strong>omnituentem</strong></span> <span class='ocrx_word' id='word_1_595' title='bbox 2609 3466 2973 3523; x_wconf 65' lang='lat' dir='ltr'><strong>Providentiae</strong></span> <span class='ocrx_word' id='word_1_596' title='bbox 2995 3466 3216 3521; x_wconf 86' lang='lat' dir='ltr'><strong>oculum</strong></span> <span class='ocrx_word' id='word_1_597' title='bbox 3258 3464 3399 3517; x_wconf 81' lang='lat' dir='ltr'><strong>facta</strong></span> <span class='ocrx_word' id='word_1_598' title='bbox 3435 3463 3558 3530; x_wconf 86' lang='lat' dir='ltr'><strong>ejus</strong></span> 
     </span>
    </p>
   </div>
   <div class='ocr_carea' id='block_1_81' title="bbox 1983 3552 3557 3632">
    <p class='ocr_par' dir='ltr' id='par_1_81' title="bbox 1983 3552 3557 3632">
     <span class='ocr_line' id='line_1_81' title="bbox 1983 3552 3557 3632; baseline -0.004 -16"><span class='ocrx_word' id='word_1_599' title='bbox 1983 3564 2230 3618; x_wconf 87' lang='lat' dir='ltr'><strong>laterent.</strong></span> <span class='ocrx_word' id='word_1_600' title='bbox 2259 3562 2436 3632; x_wconf 81' lang='lat' dir='ltr'><strong>Atque</strong></span> <span class='ocrx_word' id='word_1_601' title='bbox 2468 3552 2557 3616; x_wconf 79' lang='lat' dir='ltr'><strong>his</strong></span> <span class='ocrx_word' id='word_1_602' title='bbox 2605 3558 2979 3613; x_wconf 82' lang='lat' dir='ltr'><strong>loeutionibus</strong></span> <span class='ocrx_word' id='word_1_603' title='bbox 3014 3557 3311 3611; x_wconf 89' lang='lat' dir='ltr'><strong>multorum</strong></span> <span class='ocrx_word' id='word_1_604' title='bbox 3348 3555 3557 3609; x_wconf 82' lang='lat' dir='ltr'><strong>demis-</strong></span> 
     </span>
    </p>
   </div>
   <div class='ocr_carea' id='block_1_82' title="bbox 1979 3646 3560 3723">
    <p class='ocr_par' dir='ltr' id='par_1_82' title="bbox 1979 3646 3560 3723">
     <span class='ocr_line' id='line_1_82' title="bbox 1979 3646 3560 3723; baseline -0.008 -12"><span class='ocrx_word' id='word_1_605' title='bbox 1979 3670 2072 3711; x_wconf 74' lang='lat' dir='ltr'><strong>sos</strong></span> <span class='ocrx_word' id='word_1_606' title='bbox 2101 3655 2315 3710; x_wconf 88' lang='lat' dir='ltr'><strong>animos</strong></span> <span class='ocrx_word' id='word_1_607' title='bbox 2343 3652 2479 3723; x_wconf 90' lang='lat' dir='ltr'><strong>erigi</strong></span> <span class='ocrx_word' id='word_1_608' title='bbox 2502 3668 2529 3704; x_wconf 86' lang='lat' dir='ltr'><strong>a</strong></span> <span class='ocrx_word' id='word_1_609' title='bbox 2558 3651 2729 3707; x_wconf 83' lang='lat' dir='ltr'><strong>Paulo</strong></span> <span class='ocrx_word' id='word_1_610' title='bbox 2750 3660 2803 3706; x_wconf 90' lang='lat' dir='ltr'><strong>et</strong></span> <span class='ocrx_word' id='word_1_611' title='bbox 2831 3651 2898 3706; x_wconf 81' lang='lat' dir='ltr'><strong>ad</strong></span> <span class='ocrx_word' id='word_1_612' title='bbox 2922 3649 3174 3704; x_wconf 77' lang='lat' dir='ltr'><strong>ﬁduciam</strong></span> <span class='ocrx_word' id='word_1_613' title='bbox 3204 3646 3448 3702; x_wconf 88' lang='lat' dir='ltr'><strong>revocari</strong></span> <span class='ocrx_word' id='word_1_614' title='bbox 3478 3647 3560 3700; x_wconf 92' lang='lat' dir='ltr'><strong>vi-</strong></span> 
     </span>
    </p>
   </div>
   <div class='ocr_carea' id='block_1_83' title="bbox 1980 3745 3557 3817">
    <p class='ocr_par' dir='ltr' id='par_1_83' title="bbox 1980 3745 3557 3817">
     <span class='ocr_line' id='line_1_83' title="bbox 1980 3745 3557 3817; baseline -0.007 -15"><span class='ocrx_word' id='word_1_615' title='bbox 1980 3748 2197 3803; x_wconf 88' lang='lat' dir='ltr'><strong>demus.</strong></span> <span class='ocrx_word' id='word_1_616' title='bbox 2241 3745 2508 3817; x_wconf 82' lang='lat' dir='ltr'><strong>Equidem</strong></span> <span class='ocrx_word' id='word_1_617' title='bbox 2539 3746 2587 3801; x_wconf 90' lang='lat' dir='ltr'><strong>si</strong></span> <span class='ocrx_word' id='word_1_618' title='bbox 2618 3759 2891 3814; x_wconf 82' lang='lat' dir='ltr'><strong>nusquam</strong></span> <span class='ocrx_word' id='word_1_619' title='bbox 2927 3756 3209 3798; x_wconf 85' lang='lat' dir='ltr'><strong>cernerem</strong></span> <span class='ocrx_word' id='word_1_620' title='bbox 3243 3748 3557 3796; x_wconf 80' lang='lat' dir='ltr'><strong>sanctorum</strong></span> 
     </span>
    </p>
   </div>
   <div class='ocr_carea' id='block_1_84' title="bbox 1981 3820 3562 3906">
    <p class='ocr_par' dir='ltr' id='par_1_84' title="bbox 1981 3820 3562 3906">
     <span class='ocr_line' id='line_1_84' title="bbox 1981 3820 3562 3906; baseline -0.004 -14"><span class='ocrx_word' id='word_1_621' title='bbox 1981 3820 2263 3892; x_wconf 75' lang='lat' dir='ltr'><strong>hominum</strong></span> <span class='ocrx_word' id='word_1_622' title='bbox 2303 3845 2497 3891; x_wconf 90' lang='lat' dir='ltr'><strong>contra</strong></span> <span class='ocrx_word' id='word_1_623' title='bbox 2543 3833 2816 3906; x_wconf 86' lang='lat' dir='ltr'><strong>dogmatis</strong></span> <span class='ocrx_word' id='word_1_624' title='bbox 2868 3834 3053 3888; x_wconf 81' lang='lat' dir='ltr'><strong>hostes</strong></span> <span class='ocrx_word' id='word_1_625' title='bbox 3103 3831 3441 3887; x_wconf 85' lang='lat' dir='ltr'><strong>iracundiam</strong></span> <span class='ocrx_word' id='word_1_626' title='bbox 3478 3830 3562 3886; x_wconf 82' lang='lat' dir='ltr'><strong>vel</strong></span> 
     </span>
    </p>
   </div>
   <div class='ocr_carea' id='block_1_85' title="bbox 1982 3924 3560 3997">
    <p class='ocr_par' dir='ltr' id='par_1_85' title="bbox 1982 3924 3560 3997">
     <span class='ocr_line' id='line_1_85' title="bbox 1982 3924 3560 3997; baseline -0.003 -12"><span class='ocrx_word' id='word_1_627' title='bbox 1982 3929 2363 3994; x_wconf 82' lang='lat' dir='ltr'><strong>invectionem,</strong></span> <span class='ocrx_word' id='word_1_628' title='bbox 2415 3928 2560 3984; x_wconf 89' lang='lat' dir='ltr'><strong>haud</strong></span> <span class='ocrx_word' id='word_1_629' title='bbox 2602 3927 2748 3983; x_wconf 88' lang='lat' dir='ltr'><strong>aliud</strong></span> <span class='ocrx_word' id='word_1_630' title='bbox 2777 3926 3037 3997; x_wconf 73' lang='lat' dir='ltr'><strong>eﬁugium</strong></span> <span class='ocrx_word' id='word_1_631' title='bbox 3090 3925 3359 3980; x_wconf 69' lang='lat' dir='ltr'><strong>simulata:</strong></span> <span class='ocrx_word' id='word_1_632' title='bbox 3395 3924 3560 3993; x_wconf 74' lang='lat' dir='ltr'><strong>hujus</strong></span> 
     </span>
    </p>
   </div>
   <div class='ocr_carea' id='block_1_86' title="bbox 1981 4016 3557 4092">
    <p class='ocr_par' dir='ltr' id='par_1_86' title="bbox 1981 4016 3557 4092">
     <span class='ocr_line' id='line_1_86' title="bbox 1981 4016 3557 4092; baseline -0.004 -16"><span class='ocrx_word' id='word_1_633' title='bbox 1981 4021 2353 4092; x_wconf 75' lang='lat' dir='ltr'><strong>repugnantize</strong></span> <span class='ocrx_word' id='word_1_634' title='bbox 2378 4036 2681 4091; x_wconf 59' lang='lat' dir='ltr'><strong>quaererem</strong></span> <span class='ocrx_word' id='word_1_635' title='bbox 2704 4035 2866 4091; x_wconf 88' lang='lat' dir='ltr'><strong>quam</strong></span> <span class='ocrx_word' id='word_1_636' title='bbox 2899 4018 3245 4074; x_wconf 84' lang='lat' dir='ltr'><strong>vaticinium.</strong></span> <span class='ocrx_word' id='word_1_637' title='bbox 3276 4016 3381 4072; x_wconf 88' lang='lat' dir='ltr'><strong>Sed</strong></span> <span class='ocrx_word' id='word_1_638' title='bbox 3409 4018 3557 4071; x_wconf 86' lang='lat' dir='ltr'><strong>enim</strong></span> 
     </span>
    </p>
   </div>
   <div class='ocr_carea' id='block_1_87' title="bbox 1981 4107 3554 4183">
    <p class='ocr_par' dir='ltr' id='par_1_87' title="bbox 1981 4107 3554 4183">
     <span class='ocr_line' id='line_1_87' title="bbox 1981 4107 3554 4183; baseline -0.006 -14"><span class='ocrx_word' id='word_1_639' title='bbox 1981 4129 2106 4169; x_wconf 91' lang='lat' dir='ltr'><strong>cum</strong></span> <span class='ocrx_word' id='word_1_640' title='bbox 2139 4128 2330 4182; x_wconf 81' lang='lat' dir='ltr'><strong>magus</strong></span> <span class='ocrx_word' id='word_1_641' title='bbox 2360 4111 2579 4182; x_wconf 82' lang='lat' dir='ltr'><strong>Elymas</strong></span> <span class='ocrx_word' id='word_1_642' title='bbox 2608 4112 2802 4183; x_wconf 88' lang='lat' dir='ltr'><strong>plenus</strong></span> <span class='ocrx_word' id='word_1_643' title='bbox 2835 4110 2986 4165; x_wconf 91' lang='lat' dir='ltr'><strong>omni</strong></span> <span class='ocrx_word' id='word_1_644' title='bbox 3011 4110 3160 4174; x_wconf 88' lang='lat' dir='ltr'><strong>dolo,</strong></span> <span class='ocrx_word' id='word_1_645' title='bbox 3190 4109 3391 4180; x_wconf 87' lang='lat' dir='ltr'><strong>plenus</strong></span> <span class='ocrx_word' id='word_1_646' title='bbox 3453 4107 3554 4162; x_wconf 82' lang='lat' dir='ltr'><strong>fal-</strong></span> 
     </span>
    </p>
   </div>
   <div class='ocr_carea' id='block_1_88' title="bbox 1982 4201 3560 4273">
    <p class='ocr_par' dir='ltr' id='par_1_88' title="bbox 1982 4201 3560 4273">
     <span class='ocr_line' id='line_1_88' title="bbox 1982 4201 3560 4273; baseline -0.005 -11"><span class='ocrx_word' id='word_1_647' title='bbox 1982 4207 2118 4262; x_wconf 86' lang='lat' dir='ltr'><strong>lacia</strong></span> <span class='ocrx_word' id='word_1_648' title='bbox 2147 4214 2200 4259; x_wconf 87' lang='lat' dir='ltr'><strong>et</strong></span> <span class='ocrx_word' id='word_1_649' title='bbox 2229 4205 2428 4260; x_wconf 88' lang='lat' dir='ltr'><strong>diaboli</strong></span> <span class='ocrx_word' id='word_1_650' title='bbox 2484 4205 2631 4260; x_wconf 84' lang='lat' dir='ltr'><strong>illius</strong></span> <span class='ocrx_word' id='word_1_651' title='bbox 2661 4204 2898 4269; x_wconf 86' lang='lat' dir='ltr'><strong>dicatur,</strong></span> <span class='ocrx_word' id='word_1_652' title='bbox 2932 4212 3096 4273; x_wconf 88' lang='lat' dir='ltr'><strong>atque</strong></span> <span class='ocrx_word' id='word_1_653' title='bbox 3125 4202 3307 4256; x_wconf 76' lang='lat' dir='ltr'><strong>omnis</strong></span> <span class='ocrx_word' id='word_1_654' title='bbox 3334 4201 3560 4271; x_wconf 64' lang='lat' dir='ltr'><strong>iustitiae</strong></span> 
     </span>
    </p>
   </div>
   <div class='ocr_carea' id='block_1_89' title="bbox 1984 4293 3558 4367">
    <p class='ocr_par' dir='ltr' id='par_1_89' title="bbox 1984 4293 3558 4367">
     <span class='ocr_line' id='line_1_89' title="bbox 1984 4293 3558 4367; baseline -0.005 -15"><span class='ocrx_word' id='word_1_655' title='bbox 1984 4300 2155 4354; x_wconf 86' lang='lat' dir='ltr'><strong>hostis</strong></span> <span class='ocrx_word' id='word_1_656' title='bbox 2184 4300 2227 4331; x_wconf 84' lang='grc'><strong><em>²⁹</em></strong></span> <span class='ocrx_word' id='word_1_657' title='bbox 2257 4314 2272 4362; x_wconf 88' lang='lat'><strong>;</strong></span> <span class='ocrx_word' id='word_1_658' title='bbox 2303 4312 2537 4367; x_wconf 89' lang='lat' dir='ltr'><strong>cumque</strong></span> <span class='ocrx_word' id='word_1_659' title='bbox 2587 4296 2728 4351; x_wconf 90' lang='lat' dir='ltr'><strong>idem</strong></span> <span class='ocrx_word' id='word_1_660' title='bbox 2784 4295 2960 4351; x_wconf 88' lang='lat' dir='ltr'><strong>oculis</strong></span> <span class='ocrx_word' id='word_1_661' title='bbox 3012 4295 3206 4350; x_wconf 88' lang='lat' dir='ltr'><strong>acerbe</strong></span> <span class='ocrx_word' id='word_1_662' title='bbox 3261 4293 3558 4357; x_wconf 89' lang='lat' dir='ltr'><strong>multetur;</strong></span> 
     </span>
    </p>
   </div>
   <div class='ocr_carea' id='block_1_90' title="bbox 1982 4380 3560 4456">
    <p class='ocr_par' dir='ltr' id='par_1_90' title="bbox 1982 4380 3560 4456">
     <span class='ocr_line' id='line_1_90' title="bbox 1982 4380 3560 4456; baseline -0.004 -16"><span class='ocrx_word' id='word_1_663' title='bbox 1982 4388 2147 4442; x_wconf 86' lang='lat' dir='ltr'><strong>verba</strong></span> <span class='ocrx_word' id='word_1_664' title='bbox 2172 4386 2394 4456; x_wconf 88' lang='lat' dir='ltr'><strong>insuper</strong></span> <span class='ocrx_word' id='word_1_665' title='bbox 2413 4385 2594 4455; x_wconf 87' lang='lat' dir='ltr'><strong>paries</strong></span> <span class='ocrx_word' id='word_1_666' title='bbox 2622 4384 2905 4439; x_wconf 86' lang='lat' dir='ltr'><strong>dealbatus</strong></span> <span class='ocrx_word' id='word_1_667' title='bbox 2922 4383 2968 4415; x_wconf 76' lang='lat'><strong>&#39;°</strong></span> <span class='ocrx_word' id='word_1_668' title='bbox 2990 4384 3129 4453; x_wconf 87' lang='lat' dir='ltr'><strong>(sive</strong></span> <span class='ocrx_word' id='word_1_669' title='bbox 3144 4383 3189 4435; x_wconf 92' lang='lat' dir='ltr'><strong>is</strong></span> <span class='ocrx_word' id='word_1_670' title='bbox 3209 4380 3560 4451; x_wconf 83' lang='lat' dir='ltr'><strong>pontiﬁcatus</strong></span> 
     </span>
    </p>
   </div>
   <div class='ocr_carea' id='block_1_91' title="bbox 287 4450 1879 4550">
    <p class='ocr_par' dir='ltr' id='par_1_91' title="bbox 287 4450 1874 4525">
     <span class='ocr_line' id='line_1_91' title="bbox 287 4450 1874 4525; baseline 0.002 -22"><span class='ocrx_word' id='word_1_671' title='bbox 287 4452 656 4522; x_wconf 80' lang='grc' dir='ltr'><strong>ἀφῃρημένος</strong></span> <span class='ocrx_word' id='word_1_672' title='bbox 694 4452 793 4515; x_wconf 83' lang='grc' dir='ltr'><strong>τὰς</strong></span> <span class='ocrx_word' id='word_1_673' title='bbox 846 4450 999 4519; x_wconf 77' lang='grc' dir='ltr'><strong>ὄψεις</strong></span> <span class='ocrx_word' id='word_1_674' title='bbox 1027 4452 1120 4505; x_wconf 79' lang='grc' dir='ltr'><strong>καὶ</strong></span> <span class='ocrx_word' id='word_1_675' title='bbox 1165 4454 1194 4506; x_wconf 83' lang='grc' dir='ltr'><strong>ὁ</strong></span> <span class='ocrx_word' id='word_1_676' title='bbox 1240 4453 1630 4524; x_wconf 84' lang='grc' dir='ltr'><strong>κεκονιαμένος</strong></span> <span class='ocrx_word' id='word_1_677' title='bbox 1675 4455 1874 4525; x_wconf 86' lang='grc' dir='ltr'><strong>τοῖχος,</strong></span> 
     </span>
    </p>
   </div>
   <div class='ocr_carea' id='block_1_92' title="bbox 1983 4450 3560 4550">
    <p class='ocr_par' dir='ltr' id='par_1_92' title="bbox 1983 4474 3560 4550">
     <span class='ocr_line' id='line_1_92' title="bbox 1983 4474 3560 4550; baseline -0.007 -15"><span class='ocrx_word' id='word_1_678' title='bbox 1983 4478 2216 4550; x_wconf 88' lang='lat' dir='ltr'><strong>insignia</strong></span> <span class='ocrx_word' id='word_1_679' title='bbox 2248 4493 2433 4533; x_wconf 88' lang='lat' dir='ltr'><strong>coram</strong></span> <span class='ocrx_word' id='word_1_680' title='bbox 2476 4493 2616 4532; x_wconf 64' lang='lat' dir='ltr'><strong>caeso</strong></span> <span class='ocrx_word' id='word_1_681' title='bbox 2648 4476 2893 4546; x_wconf 90' lang='lat' dir='ltr'><strong>apostolo</strong></span> <span class='ocrx_word' id='word_1_682' title='bbox 2932 4476 3172 4545; x_wconf 83' lang='lat' dir='ltr'><strong>gerebat,</strong></span> <span class='ocrx_word' id='word_1_683' title='bbox 3206 4474 3320 4528; x_wconf 91' lang='lat' dir='ltr'><strong>sive</strong></span> <span class='ocrx_word' id='word_1_684' title='bbox 3354 4479 3560 4539; x_wconf 74' lang='lat' dir='ltr'><strong>secus.)</strong></span> 
     </span>
    </p>
   </div>
   <div class='ocr_carea' id='block_1_93' title="bbox 287 4541 1876 4614">
    <p class='ocr_par' dir='ltr' id='par_1_93' title="bbox 287 4541 1876 4614">
     <span class='ocr_line' id='line_1_93' title="bbox 287 4541 1876 4614; baseline 0.002 -20"><span class='ocrx_word' id='word_1_685' title='bbox 287 4545 405 4595; x_wconf 76' lang='grc' dir='ltr'><strong>εἴτε</strong></span> <span class='ocrx_word' id='word_1_686' title='bbox 451 4541 514 4595; x_wconf 83' lang='grc' dir='ltr'><strong>τὸ</strong></span> <span class='ocrx_word' id='word_1_687' title='bbox 567 4542 668 4611; x_wconf 78' lang='grc' dir='ltr'><strong>τῆς</strong></span> <span class='ocrx_word' id='word_1_688' title='bbox 715 4542 1129 4613; x_wconf 81' lang='grc' dir='ltr'><strong>ἀρχιερωσύνης</strong></span> <span class='ocrx_word' id='word_1_689' title='bbox 1192 4541 1358 4614; x_wconf 77' lang='grc' dir='ltr'><strong>ἔφερε</strong></span> <span class='ocrx_word' id='word_1_690' title='bbox 1407 4543 1731 4614; x_wconf 82' lang='grc' dir='ltr'><strong>τυπτομένῳ</strong></span> <span class='ocrx_word' id='word_1_691' title='bbox 1796 4543 1876 4614; x_wconf 84' lang='grc' dir='ltr'><strong>τῷ</strong></span> 
     </span>
    </p>
   </div>
   <div class='ocr_carea' id='block_1_94' title="bbox 284 4634 1878 4708">
    <p class='ocr_par' dir='ltr' id='par_1_94' title="bbox 284 4634 1878 4708">
     <span class='ocr_line' id='line_1_94' title="bbox 284 4634 1878 4708; baseline 0.004 -21"><span class='ocrx_word' id='word_1_692' title='bbox 284 4634 499 4706; x_wconf 78' lang='grc' dir='ltr'><strong>ἀθλητῇ</strong></span> <span class='ocrx_word' id='word_1_693' title='bbox 534 4635 844 4707; x_wconf 80' lang='grc' dir='ltr'><strong>γνώρισμα,</strong></span> <span class='ocrx_word' id='word_1_694' title='bbox 878 4636 988 4688; x_wconf 79' lang='grc' dir='ltr'><strong>εἴτε</strong></span> <span class='ocrx_word' id='word_1_695' title='bbox 1021 4638 1115 4689; x_wconf 87' lang='grc' dir='ltr'><strong>καί</strong></span> <span class='ocrx_word' id='word_1_696' title='bbox 1148 4636 1223 4708; x_wconf 85' lang='grc' dir='ltr'><strong>μή</strong></span> <span class='ocrx_word' id='word_1_697' title='bbox 1244 4653 1262 4667; x_wconf 77' lang='lat'><strong>&#39;</strong></span> <span class='ocrx_word' id='word_1_698' title='bbox 1298 4638 1392 4690; x_wconf 77' lang='grc' dir='ltr'><strong>καὶ</strong></span> <span class='ocrx_word' id='word_1_699' title='bbox 1438 4637 1541 4692; x_wconf 84' lang='grc' dir='ltr'><strong>ὅσα</strong></span> <span class='ocrx_word' id='word_1_700' title='bbox 1599 4638 1697 4708; x_wconf 87' lang='grc' dir='ltr'><strong>μὲν</strong></span> <span class='ocrx_word' id='word_1_701' title='bbox 1740 4637 1878 4693; x_wconf 83' lang='grc' dir='ltr'><strong>ἀλλα</strong></span> 
     </span>
    </p>
   </div>
   <div class='ocr_carea' id='block_1_95' title="bbox 290 4728 1878 4802">
    <p class='ocr_par' dir='ltr' id='par_1_95' title="bbox 290 4728 1878 4802">
     <span class='ocr_line' id='line_1_95' title="bbox 290 4728 1878 4802; baseline 0.003 -22"><span class='ocrx_word' id='word_1_702' title='bbox 290 4728 402 4798; x_wconf 76' lang='grc' dir='ltr'><strong>πρὸ</strong></span> <span class='ocrx_word' id='word_1_703' title='bbox 429 4728 663 4800; x_wconf 82' lang='grc' dir='ltr'><strong>βραχέος</strong></span> <span class='ocrx_word' id='word_1_704' title='bbox 689 4728 927 4800; x_wconf 76' lang='grc' dir='ltr'><strong>εἴρηται,</strong></span> <span class='ocrx_word' id='word_1_705' title='bbox 944 4730 1046 4782; x_wconf 81' lang='grc' dir='ltr'><strong>ὅσα</strong></span> <span class='ocrx_word' id='word_1_706' title='bbox 1067 4729 1127 4782; x_wconf 85' lang='grc' dir='ltr'><strong>δὲ</strong></span> <span class='ocrx_word' id='word_1_707' title='bbox 1150 4729 1245 4784; x_wconf 80' lang='grc' dir='ltr'><strong>καὶ</strong></span> <span class='ocrx_word' id='word_1_708' title='bbox 1273 4730 1382 4784; x_wconf 86' lang='grc' dir='ltr'><strong>τῶν</strong></span> <span class='ocrx_word' id='word_1_709' title='bbox 1408 4730 1684 4802; x_wconf 82' lang='grc' dir='ltr'><strong>ῥηθέντων</strong></span> <span class='ocrx_word' id='word_1_710' title='bbox 1715 4731 1878 4785; x_wconf 79' lang='grc' dir='ltr'><strong>πλέον</strong></span> 
     </span>
    </p>
   </div>
   <div class='ocr_carea' id='block_1_96' title="bbox 288 4818 1876 4895">
    <p class='ocr_par' dir='ltr' id='par_1_96' title="bbox 288 4818 1876 4895">
     <span class='ocr_line' id='line_1_96' title="bbox 288 4818 1876 4895; baseline 0.005 -26"><span class='ocrx_word' id='word_1_711' title='bbox 288 4818 577 4889; x_wconf 80' lang='grc' dir='ltr'><strong>πανταχοῦ</strong></span> <span class='ocrx_word' id='word_1_712' title='bbox 625 4820 722 4889; x_wconf 80' lang='grc' dir='ltr'><strong>τῆς</strong></span> <span class='ocrx_word' id='word_1_713' title='bbox 773 4821 924 4888; x_wconf 82' lang='grc' dir='ltr'><strong>ἱερᾶς</strong></span> <span class='ocrx_word' id='word_1_714' title='bbox 975 4820 1209 4890; x_wconf 75' lang='grc' dir='ltr'><strong>φέρεται</strong></span> <span class='ocrx_word' id='word_1_715' title='bbox 1268 4822 1516 4891; x_wconf 78' lang='grc' dir='ltr'><strong>Γραφῆς.</strong></span> <span class='ocrx_word' id='word_1_716' title='bbox 1557 4821 1719 4876; x_wconf 78' lang='grc' dir='ltr'><strong>Ἀλλὰ</strong></span> <span class='ocrx_word' id='word_1_717' title='bbox 1766 4822 1876 4895; x_wconf 83' lang='grc' dir='ltr'><strong>γὰρ</strong></span> 
     </span>
    </p>
   </div>
   <div class='ocr_carea' id='block_1_97' title="bbox 288 4910 1874 4989">
    <p class='ocr_par' dir='ltr' id='par_1_97' title="bbox 288 4910 1874 4989">
     <span class='ocr_line' id='line_1_97' title="bbox 288 4910 1874 4989; baseline 0.005 -26"><span class='ocrx_word' id='word_1_718' title='bbox 288 4910 473 4964; x_wconf 88' lang='grc' dir='ltr'><strong>ταῦτα</strong></span> <span class='ocrx_word' id='word_1_719' title='bbox 494 4913 560 4983; x_wconf 82' lang='grc' dir='ltr'><strong>δὴ</strong></span> <span class='ocrx_word' id='word_1_720' title='bbox 579 4914 753 4967; x_wconf 85' lang='grc' dir='ltr'><strong>ταῦτα</strong></span> <span class='ocrx_word' id='word_1_721' title='bbox 781 4913 1052 4984; x_wconf 82' lang='grc' dir='ltr'><strong>λαμπρῶς</strong></span> <span class='ocrx_word' id='word_1_722' title='bbox 1084 4914 1144 4967; x_wconf 89' lang='grc' dir='ltr'><strong>ού</strong></span> <span class='ocrx_word' id='word_1_723' title='bbox 1171 4915 1360 4987; x_wconf 80' lang='grc' dir='ltr'><strong>κοινὴν</strong></span> <span class='ocrx_word' id='word_1_724' title='bbox 1380 4916 1492 4970; x_wconf 78' lang='grc' dir='ltr'><strong>οὐδ’</strong></span> <span class='ocrx_word' id='word_1_725' title='bbox 1521 4915 1742 4986; x_wconf 80' lang='grc' dir='ltr'><strong>ἀσφαλῆ</strong></span> <span class='ocrx_word' id='word_1_726' title='bbox 1772 4918 1874 4989; x_wconf 76' lang='grc' dir='ltr'><strong>τήν</strong></span> 
     </span>
    </p>
   </div>
   <div class='ocr_carea' id='block_1_98' title="bbox 290 5001 1742 5079">
    <p class='ocr_par' dir='ltr' id='par_1_98' title="bbox 290 5001 1742 5079">
     <span class='ocr_line' id='line_1_98' title="bbox 290 5001 1742 5079; baseline 0.006 -24"><span class='ocrx_word' id='word_1_727' title='bbox 290 5001 389 5058; x_wconf 83' lang='grc' dir='ltr'><strong>διὰ</strong></span> <span class='ocrx_word' id='word_1_728' title='bbox 414 5003 512 5073; x_wconf 81' lang='grc' dir='ltr'><strong>τῆς</strong></span> <span class='ocrx_word' id='word_1_729' title='bbox 546 5008 908 5077; x_wconf 80' lang='grc' dir='ltr'><strong>προρρήσεως</strong></span> <span class='ocrx_word' id='word_1_730' title='bbox 937 5008 1260 5079; x_wconf 84' lang='grc' dir='ltr'><strong>καταφυγήν</strong></span> <span class='ocrx_word' id='word_1_731' title='bbox 1294 5024 1386 5077; x_wconf 89' lang='grc' dir='ltr'><strong>μοι</strong></span> <span class='ocrx_word' id='word_1_732' title='bbox 1412 5009 1742 5063; x_wconf 88' lang='grc' dir='ltr'><strong>δεικνύουσι.</strong></span> 
     </span>
    </p>
   </div>
   <div class='ocr_carea' id='block_1_99' title="bbox 371 5096 1880 5173">
    <p class='ocr_par' dir='ltr' id='par_1_99' title="bbox 371 5096 1880 5173">
     <span class='ocr_line' id='line_1_99' title="bbox 371 5096 1880 5173; baseline 0.003 -22"><span class='ocrx_word' id='word_1_733' title='bbox 371 5102 477 5151; x_wconf 83' lang='grc' dir='ltr'><strong>κα’.</strong></span> <span class='ocrx_word' id='word_1_734' title='bbox 512 5096 657 5167; x_wconf 82' lang='grc' dir='ltr'><strong>Πλὴν</strong></span> <span class='ocrx_word' id='word_1_735' title='bbox 680 5099 812 5169; x_wconf 80' lang='grc' dir='ltr'><strong>ἡμῖν</strong></span> <span class='ocrx_word' id='word_1_736' title='bbox 834 5099 932 5169; x_wconf 80' lang='grc' dir='ltr'><strong>οὐχ</strong></span> <span class='ocrx_word' id='word_1_737' title='bbox 951 5101 1250 5172; x_wconf 78' lang='grc' dir='ltr'><strong>ἑρμηνείας</strong></span> <span class='ocrx_word' id='word_1_738' title='bbox 1276 5101 1373 5155; x_wconf 91' lang='grc' dir='ltr'><strong>νῦν</strong></span> <span class='ocrx_word' id='word_1_739' title='bbox 1397 5101 1676 5172; x_wconf 75' lang='grc' dir='ltr'><strong>ἀκρίϐεια,</strong></span> <span class='ocrx_word' id='word_1_740' title='bbox 1702 5119 1880 5173; x_wconf 88' lang='grc' dir='ltr'><strong>παρα-</strong></span> 
     </span>
    </p>
   </div>
   <div class='ocr_carea' id='block_1_100' title="bbox 285 5187 1878 5267">
    <p class='ocr_par' dir='ltr' id='par_1_100' title="bbox 285 5187 1878 5267">
     <span class='ocr_line' id='line_1_100' title="bbox 285 5187 1878 5267; baseline 0.003 -23"><span class='ocrx_word' id='word_1_741' title='bbox 285 5191 571 5263; x_wconf 83' lang='grc' dir='ltr'><strong>δείγματα</strong></span> <span class='ocrx_word' id='word_1_742' title='bbox 596 5191 655 5246; x_wconf 69' lang='grc' dir='ltr'><strong>δὲ</strong></span> <span class='ocrx_word' id='word_1_743' title='bbox 690 5192 852 5263; x_wconf 89' lang='grc' dir='ltr'><strong>μόνον</strong></span> <span class='ocrx_word' id='word_1_744' title='bbox 881 5192 1239 5264; x_wconf 79' lang='grc' dir='ltr'><strong>ζητημάτων,</strong></span> <span class='ocrx_word' id='word_1_745' title='bbox 1266 5187 1340 5248; x_wconf 83' lang='grc' dir='ltr'><strong>ὧν</strong></span> <span class='ocrx_word' id='word_1_746' title='bbox 1373 5196 1406 5266; x_wconf 81' lang='grc' dir='ltr'><strong>ἡ</strong></span> <span class='ocrx_word' id='word_1_747' title='bbox 1434 5195 1587 5259; x_wconf 89' lang='grc' dir='ltr'><strong>λύσις</strong></span> <span class='ocrx_word' id='word_1_748' title='bbox 1605 5196 1878 5267; x_wconf 76' lang='grc' dir='ltr'><strong>γυμνάξε⁸</strong></span> 
     </span>
    </p>
   </div>
   <div class='ocr_carea' id='block_1_101' title="bbox 286 5284 1876 5359">
    <p class='ocr_par' dir='ltr' id='par_1_101' title="bbox 286 5284 1876 5359">
     <span class='ocr_line' id='line_1_101' title="bbox 286 5284 1876 5359; baseline 0.003 -23"><span class='ocrx_word' id='word_1_749' title='bbox 286 5299 410 5348; x_wconf 72' lang='grc' dir='ltr'><strong>ται,</strong></span> <span class='ocrx_word' id='word_1_750' title='bbox 454 5284 907 5355; x_wconf 85' lang='grc' dir='ltr'><strong>πραγματεύεται</strong></span> <span class='ocrx_word' id='word_1_751' title='bbox 932 5299 945 5314; x_wconf 80' lang='grc'>⁶</span> <span class='ocrx_word' id='word_1_752' title='bbox 978 5288 1101 5340; x_wconf 77' lang='grc' dir='ltr'><strong>ἐπεὶ</strong></span> <span class='ocrx_word' id='word_1_753' title='bbox 1128 5287 1220 5340; x_wconf 84' lang='grc' dir='ltr'><strong>καὶ</strong></span> <span class='ocrx_word' id='word_1_754' title='bbox 1256 5287 1422 5359; x_wconf 86' lang='grc' dir='ltr'><strong>ἀλλην</strong></span> <span class='ocrx_word' id='word_1_755' title='bbox 1461 5288 1585 5342; x_wconf 82' lang='grc' dir='ltr'><strong>τινὰ</strong></span> <span class='ocrx_word' id='word_1_756' title='bbox 1624 5284 1742 5342; x_wconf 75' lang='grc' dir='ltr'><strong>οἶδα</strong></span> <span class='ocrx_word' id='word_1_757' title='bbox 1780 5305 1876 5342; x_wconf 90' lang='grc' dir='ltr'><strong>του</strong></span> 
     </span>
    </p>
   </div>
   <div class='ocr_carea' id='block_1_102' title="bbox 296 5376 1878 5452">
    <p class='ocr_par' dir='ltr' id='par_1_102' title="bbox 296 5376 1878 5452">
     <span class='ocr_line' id='line_1_102' title="bbox 296 5376 1878 5452; baseline 0.004 -24"><span class='ocrx_word' id='word_1_758' title='bbox 296 5376 662 5451; x_wconf 85' lang='grc' dir='ltr'><strong>προκειμένου</strong></span> <span class='ocrx_word' id='word_1_759' title='bbox 699 5378 866 5450; x_wconf 80' lang='grc' dir='ltr'><strong>ῥητοῦ</strong></span> <span class='ocrx_word' id='word_1_760' title='bbox 893 5379 1244 5452; x_wconf 85' lang='grc' dir='ltr'><strong>διασάφησιν,</strong></span> <span class='ocrx_word' id='word_1_761' title='bbox 1283 5381 1404 5451; x_wconf 74' lang='grc' dir='ltr'><strong>ἥτις</strong></span> <span class='ocrx_word' id='word_1_762' title='bbox 1448 5383 1541 5435; x_wconf 82' lang='grc' dir='ltr'><strong>καὶ</strong></span> <span class='ocrx_word' id='word_1_763' title='bbox 1585 5381 1683 5452; x_wconf 81' lang='grc' dir='ltr'><strong>τὴν</strong></span> <span class='ocrx_word' id='word_1_764' title='bbox 1736 5381 1878 5450; x_wconf 83' lang='grc' dir='ltr'><strong>ἀράν</strong></span> 
     </span>
    </p>
   </div>
   <div class='ocr_carea' id='block_1_103' title="bbox 290 5469 1874 5545">
    <p class='ocr_par' dir='ltr' id='par_1_103' title="bbox 290 5469 1874 5545">
     <span class='ocr_line' id='line_1_103' title="bbox 290 5469 1874 5545; baseline 0.002 -22"><span class='ocrx_word' id='word_1_765' title='bbox 290 5469 396 5523; x_wconf 73' lang='grc' dir='ltr'><strong>καὶ</strong></span> <span class='ocrx_word' id='word_1_766' title='bbox 425 5470 527 5541; x_wconf 81' lang='grc' dir='ltr'><strong>τὴν</strong></span> <span class='ocrx_word' id='word_1_767' title='bbox 563 5472 867 5544; x_wconf 76' lang='grc' dir='ltr'><strong>πρόρρησιν</strong></span> <span class='ocrx_word' id='word_1_768' title='bbox 894 5473 1285 5539; x_wconf 84' lang='grc' dir='ltr'><strong>ἀποκλίνουσα,</strong></span> <span class='ocrx_word' id='word_1_769' title='bbox 1321 5474 1476 5529; x_wconf 81' lang='grc' dir='ltr'><strong>οὐδὲν</strong></span> <span class='ocrx_word' id='word_1_770' title='bbox 1502 5472 1739 5545; x_wconf 74' lang='grc' dir='ltr'><strong>χαλεπὸν</strong></span> <span class='ocrx_word' id='word_1_771' title='bbox 1764 5472 1874 5526; x_wconf 67' lang='grc' dir='ltr'><strong>οὐδ’</strong></span> 
     </span>
    </p>
   </div>
   <div class='ocr_carea' id='block_1_104' title="bbox 408 5668 1426 5751">
    <p class='ocr_par' dir='ltr' id='par_1_104' title="bbox 408 5668 1426 5751">
     <span class='ocr_line' id='line_1_104' title="bbox 408 5668 1426 5751; baseline 0.008 -32"><span class='ocrx_word' id='word_1_772' title='bbox 408 5668 455 5698; x_wconf 80' lang='grc'><strong>’⁸</strong></span> <span class='ocrx_word' id='word_1_773' title='bbox 481 5668 599 5751; x_wconf 48' lang='lat' dir='ltr'><strong>éct.</strong></span> <span class='ocrx_word' id='word_1_774' title='bbox 638 5685 690 5736; x_wconf 78' lang='grc' dir='ltr'><strong>ν,</strong></span> <span class='ocrx_word' id='word_1_775' title='bbox 728 5669 776 5725; x_wconf 85' lang='grc' dir='ltr'><strong>ι.</strong></span> <span class='ocrx_word' id='word_1_776' title='bbox 850 5671 896 5704; x_wconf 79' lang='grc'><strong>³⁸</strong></span> <span class='ocrx_word' id='word_1_777' title='bbox 922 5669 1115 5727; x_wconf 77' lang='lat' dir='ltr'><strong>Matth.</strong></span> <span class='ocrx_word' id='word_1_778' title='bbox 1151 5687 1305 5737; x_wconf 81' lang='lat' dir='ltr'><strong>xvnr,</strong></span> <span class='ocrx_word' id='word_1_779' title='bbox 1336 5671 1426 5727; x_wconf 71' lang='lat'><strong>‘22.</strong></span> 
     </span>
    </p>
   </div>
   <div class='ocr_carea' id='block_1_105' title="bbox 246 5751 547 5804">
    <p class='ocr_par' dir='ltr' id='par_1_105' title="bbox 246 5751 547 5804">
     <span class='ocr_line' id='line_1_105' title="bbox 246 5751 547 5804; baseline 0 -12"><span class='ocrx_word' id='word_1_780' title='bbox 246 5766 249 5767; x_wconf 53' lang='grc' dir='ltr'><strong>ν</strong></span> <span class='ocrx_word' id='word_1_781' title='bbox 306 5751 472 5804; x_wconf 78' lang='lat' dir='ltr'><strong>xxru,</strong></span> <span class='ocrx_word' id='word_1_782' title='bbox 492 5752 547 5792; x_wconf 57' lang='grc' dir='ltr'><strong>οι</strong></span> 
     </span>
    </p>
   </div>
   <div class='ocr_carea' id='block_1_106' title="bbox 1540 5669 1904 5739">
    <p class='ocr_par' dir='ltr' id='par_1_106' title="bbox 1540 5669 1904 5739">
     <span class='ocr_line' id='line_1_106' title="bbox 1540 5669 1904 5739; baseline -0.003 -14"><span class='ocrx_word' id='word_1_783' title='bbox 1540 5673 1583 5703; x_wconf 84' lang='grc'><strong>¹⁷</strong></span> <span class='ocrx_word' id='word_1_784' title='bbox 1607 5669 1768 5725; x_wconf 79' lang='lat' dir='ltr'><strong>Rom.</strong></span> <span class='ocrx_word' id='word_1_785' title='bbox 1806 5687 1904 5739; x_wconf 83' lang='lat' dir='ltr'><strong>xu,</strong></span> 
     </span>
    </p>
   </div>
   <div class='ocr_carea' id='block_1_107' title="bbox 1980 4563 3563 4641">
    <p class='ocr_par' dir='ltr' id='par_1_107' title="bbox 1980 4563 3563 4641">
     <span class='ocr_line' id='line_1_107' title="bbox 1980 4563 3563 4641; baseline -0.009 -14"><span class='ocrx_word' id='word_1_786' title='bbox 1980 4581 2035 4627; x_wconf 83' lang='lat' dir='ltr'><strong>et</strong></span> <span class='ocrx_word' id='word_1_787' title='bbox 2069 4580 2336 4641; x_wconf 89' lang='lat' dir='ltr'><strong>quotquot</strong></span> <span class='ocrx_word' id='word_1_788' title='bbox 2370 4570 2534 4640; x_wconf 89' lang='lat' dir='ltr'><strong>paulo</strong></span> <span class='ocrx_word' id='word_1_789' title='bbox 2555 4579 2683 4624; x_wconf 89' lang='lat' dir='ltr'><strong>ante</strong></span> <span class='ocrx_word' id='word_1_790' title='bbox 2732 4569 2875 4623; x_wconf 88' lang='lat' dir='ltr'><strong>dicta</strong></span> <span class='ocrx_word' id='word_1_791' title='bbox 2901 4577 3050 4631; x_wconf 87' lang='lat' dir='ltr'><strong>sunt,</strong></span> <span class='ocrx_word' id='word_1_792' title='bbox 3075 4576 3129 4620; x_wconf 91' lang='lat' dir='ltr'><strong>et</strong></span> <span class='ocrx_word' id='word_1_793' title='bbox 3164 4563 3563 4635; x_wconf 52' lang='lat' dir='ltr'><strong>qnmpluradip</strong></span> 
     </span>
    </p>
   </div>
   <div class='ocr_carea' id='block_1_108' title="bbox 1980 4654 3561 4734">
    <p class='ocr_par' dir='ltr' id='par_1_108' title="bbox 1980 4654 3561 4734">
     <span class='ocr_line' id='line_1_108' title="bbox 1980 4654 3561 4734; baseline -0.009 -13"><span class='ocrx_word' id='word_1_794' title='bbox 1980 4666 2083 4721; x_wconf 80' lang='lat' dir='ltr'><strong>etis</strong></span> <span class='ocrx_word' id='word_1_795' title='bbox 2119 4665 2174 4719; x_wconf 92' lang='lat' dir='ltr'><strong>in</strong></span> <span class='ocrx_word' id='word_1_796' title='bbox 2224 4679 2381 4719; x_wconf 87' lang='lat' dir='ltr'><strong>sacra</strong></span> <span class='ocrx_word' id='word_1_797' title='bbox 2418 4662 2625 4734; x_wconf 85' lang='lat' dir='ltr'><strong>passim</strong></span> <span class='ocrx_word' id='word_1_798' title='bbox 2659 4660 2944 4730; x_wconf 88' lang='lat' dir='ltr'><strong>Scriptura</strong></span> <span class='ocrx_word' id='word_1_799' title='bbox 2991 4658 3277 4721; x_wconf 83' lang='lat' dir='ltr'><strong>feruntur;</strong></span> <span class='ocrx_word' id='word_1_800' title='bbox 3307 4656 3440 4719; x_wconf 73' lang='lat' dir='ltr'><strong>haec,</strong></span> <span class='ocrx_word' id='word_1_801' title='bbox 3475 4654 3561 4707; x_wconf 87' lang='lat' dir='ltr'><strong>in-</strong></span> 
     </span>
    </p>
   </div>
   <div class='ocr_carea' id='block_1_109' title="bbox 1981 4747 3558 4826">
    <p class='ocr_par' dir='ltr' id='par_1_109' title="bbox 1981 4747 3558 4826">
     <span class='ocr_line' id='line_1_109' title="bbox 1981 4747 3558 4826; baseline -0.008 -17"><span class='ocrx_word' id='word_1_802' title='bbox 1981 4771 2176 4826; x_wconf 90' lang='lat' dir='ltr'><strong>quam,</strong></span> <span class='ocrx_word' id='word_1_803' title='bbox 2252 4753 2535 4809; x_wconf 86' lang='lat' dir='ltr'><strong>evidenter</strong></span> <span class='ocrx_word' id='word_1_804' title='bbox 2597 4750 2893 4806; x_wconf 84' lang='lat' dir='ltr'><strong>admodum</strong></span> <span class='ocrx_word' id='word_1_805' title='bbox 2949 4747 3083 4802; x_wconf 87' lang='lat' dir='ltr'><strong>mihi</strong></span> <span class='ocrx_word' id='word_1_806' title='bbox 3143 4747 3558 4806; x_wconf 83' lang='lat' dir='ltr'><strong>demonstrant,</strong></span> 
     </span>
    </p>
   </div>
   <div class='ocr_carea' id='block_1_110' title="bbox 1981 4833 3562 4916">
    <p class='ocr_par' dir='ltr' id='par_1_110' title="bbox 1981 4833 3562 4916">
     <span class='ocr_line' id='line_1_110' title="bbox 1981 4833 3562 4916; baseline -0.008 -20"><span class='ocrx_word' id='word_1_807' title='bbox 1981 4861 2143 4916; x_wconf 89' lang='lat' dir='ltr'><strong>quam</strong></span> <span class='ocrx_word' id='word_1_808' title='bbox 2174 4859 2272 4899; x_wconf 91' lang='lat' dir='ltr'><strong>nec</strong></span> <span class='ocrx_word' id='word_1_809' title='bbox 2310 4841 2536 4898; x_wconf 87' lang='lat' dir='ltr'><strong>obvium</strong></span> <span class='ocrx_word' id='word_1_810' title='bbox 2561 4854 2741 4911; x_wconf 86' lang='lat' dir='ltr'><strong>neque</strong></span> <span class='ocrx_word' id='word_1_811' title='bbox 2769 4847 2949 4893; x_wconf 71' lang='lat' dir='ltr'><strong>tutum</strong></span> <span class='ocrx_word' id='word_1_812' title='bbox 2974 4835 3046 4891; x_wconf 86' lang='lat' dir='ltr'><strong>ad</strong></span> <span class='ocrx_word' id='word_1_813' title='bbox 3068 4833 3405 4905; x_wconf 77' lang='lat' dir='ltr'><strong>prophetiam</strong></span> <span class='ocrx_word' id='word_1_814' title='bbox 3435 4847 3562 4901; x_wconf 84' lang='lat' dir='ltr'><strong>per-</strong></span> 
     </span>
    </p>
   </div>
   <div class='ocr_carea' id='block_1_111' title="bbox 1981 4936 2319 5009">
    <p class='ocr_par' dir='ltr' id='par_1_111' title="bbox 1981 4936 2319 5009">
     <span class='ocr_line' id='line_1_111' title="bbox 1981 4936 2319 5009; baseline -0.006 -16"><span class='ocrx_word' id='word_1_815' title='bbox 1981 4938 2195 5009; x_wconf 75' lang='lat' dir='ltr'><strong>fugiunt</strong></span> <span class='ocrx_word' id='word_1_816' title='bbox 2227 4936 2319 4992; x_wconf 80' lang='lat' dir='ltr'><strong>sit.</strong></span> 
     </span>
    </p>
   </div>
   <div class='ocr_carea' id='block_1_112' title="bbox 2054 5082 3560 5155">
    <p class='ocr_par' dir='ltr' id='par_1_112' title="bbox 2054 5082 3560 5155">
     <span class='ocr_line' id='line_1_112' title="bbox 2054 5082 3560 5155; baseline -0.006 -10"><span class='ocrx_word' id='word_1_817' title='bbox 2054 5091 2144 5146; x_wconf 68' lang='grc'><strong>21.</strong></span> <span class='ocrx_word' id='word_1_818' title='bbox 2180 5089 2285 5144; x_wconf 85' lang='lat' dir='ltr'><strong>Sed</strong></span> <span class='ocrx_word' id='word_1_819' title='bbox 2335 5088 2481 5144; x_wconf 87' lang='lat' dir='ltr'><strong>enim</strong></span> <span class='ocrx_word' id='word_1_820' title='bbox 2524 5086 2668 5142; x_wconf 83' lang='lat' dir='ltr'><strong>haud</strong></span> <span class='ocrx_word' id='word_1_821' title='bbox 2716 5094 2971 5141; x_wconf 84' lang='lat' dir='ltr'><strong>accurata</strong></span> <span class='ocrx_word' id='word_1_822' title='bbox 3032 5084 3430 5155; x_wconf 87' lang='lat' dir='ltr'><strong>interpretatio,</strong></span> <span class='ocrx_word' id='word_1_823' title='bbox 3457 5082 3560 5139; x_wconf 84' lang='lat' dir='ltr'><strong>sed</strong></span> 
     </span>
    </p>
   </div>
   <div class='ocr_carea' id='block_1_113' title="bbox 1983 5177 3561 5252">
    <p class='ocr_par' dir='ltr' id='par_1_113' title="bbox 1983 5177 3561 5252">
     <span class='ocr_line' id='line_1_113' title="bbox 1983 5177 3561 5252; baseline -0.006 -14"><span class='ocrx_word' id='word_1_824' title='bbox 1983 5182 2231 5252; x_wconf 79' lang='lat' dir='ltr'><strong>exempla</strong></span> <span class='ocrx_word' id='word_1_825' title='bbox 2264 5187 2426 5235; x_wconf 88' lang='lat' dir='ltr'><strong>modo</strong></span> <span class='ocrx_word' id='word_1_826' title='bbox 2470 5179 2862 5251; x_wconf 67' lang='lat' dir='ltr'><strong>qnaastionum,</strong></span> <span class='ocrx_word' id='word_1_827' title='bbox 2915 5192 3039 5233; x_wconf 90' lang='lat' dir='ltr'><strong>cum</strong></span> <span class='ocrx_word' id='word_1_828' title='bbox 3074 5177 3409 5232; x_wconf 89' lang='lat' dir='ltr'><strong>solutionum</strong></span> <span class='ocrx_word' id='word_1_829' title='bbox 3440 5184 3561 5230; x_wconf 90' lang='lat' dir='ltr'><strong>ten-</strong></span> 
     </span>
    </p>
   </div>
   <div class='ocr_carea' id='block_1_114' title="bbox 1984 5268 3561 5337">
    <p class='ocr_par' dir='ltr' id='par_1_114' title="bbox 1984 5268 3561 5337">
     <span class='ocr_line' id='line_1_114' title="bbox 1984 5268 3561 5337; baseline -0.006 -7"><span class='ocrx_word' id='word_1_830' title='bbox 1984 5276 2208 5337; x_wconf 83' lang='lat' dir='ltr'><strong>tamine,</strong></span> <span class='ocrx_word' id='word_1_831' title='bbox 2244 5274 2380 5327; x_wconf 90' lang='lat' dir='ltr'><strong>mihi</strong></span> <span class='ocrx_word' id='word_1_832' title='bbox 2410 5273 2634 5329; x_wconf 91' lang='lat' dir='ltr'><strong>nuncin</strong></span> <span class='ocrx_word' id='word_1_833' title='bbox 2660 5271 2912 5326; x_wconf 89' lang='lat' dir='ltr'><strong>manibus</strong></span> <span class='ocrx_word' id='word_1_834' title='bbox 2946 5279 3095 5325; x_wconf 87' lang='lat' dir='ltr'><strong>sunt.</strong></span> <span class='ocrx_word' id='word_1_835' title='bbox 3139 5268 3274 5323; x_wconf 84' lang='lat' dir='ltr'><strong>Nam</strong></span> <span class='ocrx_word' id='word_1_836' title='bbox 3312 5278 3366 5324; x_wconf 91' lang='lat' dir='ltr'><strong>et</strong></span> <span class='ocrx_word' id='word_1_837' title='bbox 3398 5268 3561 5323; x_wconf 89' lang='lat' dir='ltr'><strong>aliam</strong></span> 
     </span>
    </p>
   </div>
   <div class='ocr_carea' id='block_1_115' title="bbox 1985 5366 3563 5441">
    <p class='ocr_par' dir='ltr' id='par_1_115' title="bbox 1985 5366 3563 5441">
     <span class='ocr_line' id='line_1_115' title="bbox 1985 5366 3563 5441; baseline -0.004 -15"><span class='ocrx_word' id='word_1_838' title='bbox 1985 5371 2111 5426; x_wconf 90' lang='lat' dir='ltr'><strong>novi</strong></span> <span class='ocrx_word' id='word_1_839' title='bbox 2142 5371 2524 5441; x_wconf 78' lang='lat' dir='ltr'><strong>praedictorum</strong></span> <span class='ocrx_word' id='word_1_840' title='bbox 2554 5368 2843 5423; x_wconf 88' lang='lat' dir='ltr'><strong>verborum</strong></span> <span class='ocrx_word' id='word_1_841' title='bbox 2882 5366 3332 5429; x_wconf 85' lang='lat' dir='ltr'><strong>declarationem,</strong></span> <span class='ocrx_word' id='word_1_842' title='bbox 3360 5381 3482 5435; x_wconf 86' lang='lat' dir='ltr'><strong>quae</strong></span> <span class='ocrx_word' id='word_1_843' title='bbox 3531 5380 3563 5419; x_wconf 90' lang='lat' dir='ltr'><strong>a</strong></span> 
     </span>
    </p>
   </div>
   <div class='ocr_carea' id='block_1_116' title="bbox 1984 5459 3565 5533">
    <p class='ocr_par' dir='ltr' id='par_1_116' title="bbox 1984 5459 3565 5533">
     <span class='ocr_line' id='line_1_116' title="bbox 1984 5459 3565 5533; baseline -0.006 -12"><span class='ocrx_word' id='word_1_844' title='bbox 1984 5464 2117 5521; x_wconf 78' lang='lat' dir='ltr'><strong>diris</strong></span> <span class='ocrx_word' id='word_1_845' title='bbox 2166 5463 2332 5519; x_wconf 85' lang='lat' dir='ltr'><strong>simul</strong></span> <span class='ocrx_word' id='word_1_846' title='bbox 2363 5461 2728 5533; x_wconf 80' lang='lat' dir='ltr'><strong>vaticinioque</strong></span> <span class='ocrx_word' id='word_1_847' title='bbox 2777 5460 3081 5528; x_wconf 87' lang='lat' dir='ltr'><strong>declinans,</strong></span> <span class='ocrx_word' id='word_1_848' title='bbox 3110 5459 3245 5514; x_wconf 90' lang='lat' dir='ltr'><strong>nihil</strong></span> <span class='ocrx_word' id='word_1_849' title='bbox 3276 5473 3438 5530; x_wconf 82' lang='lat' dir='ltr'><strong>grave</strong></span> <span class='ocrx_word' id='word_1_850' title='bbox 3470 5469 3565 5511; x_wconf 84' lang='lat' dir='ltr'><strong>aut</strong></span> 
     </span>
    </p>
   </div>
   <div class='ocr_carea' id='block_1_117' title="bbox 2136 5656 3558 5729">
    <p class='ocr_par' dir='ltr' id='par_1_117' title="bbox 2136 5656 3558 5729">
     <span class='ocr_line' id='line_1_117' title="bbox 2136 5656 3558 5729; baseline -0.004 -12"><span class='ocrx_word' id='word_1_851' title='bbox 2136 5662 2249 5718; x_wconf 67' lang='lat' dir='ltr'><strong>&quot;Il</strong></span> <span class='ocrx_word' id='word_1_852' title='bbox 2281 5659 2422 5716; x_wconf 83' lang='lat' dir='ltr'><strong>Tim.</strong></span> <span class='ocrx_word' id='word_1_853' title='bbox 2459 5677 2531 5729; x_wconf 82' lang='lat' dir='ltr'><strong>1v,</strong></span> <span class='ocrx_word' id='word_1_854' title='bbox 2568 5660 2655 5718; x_wconf 75' lang='grc' dir='ltr'><strong>Η.</strong></span> <span class='ocrx_word' id='word_1_855' title='bbox 2768 5662 2812 5692; x_wconf 68' lang='lat'><strong>’9</strong></span> <span class='ocrx_word' id='word_1_856' title='bbox 2837 5658 2976 5716; x_wconf 77' lang='lat' dir='ltr'><strong>Act.</strong></span> <span class='ocrx_word' id='word_1_857' title='bbox 3016 5675 3134 5726; x_wconf 75' lang='lat' dir='ltr'><strong>xm,</strong></span> <span class='ocrx_word' id='word_1_858' title='bbox 3170 5658 3255 5712; x_wconf 77' lang='grc'><strong>10.</strong></span> <span class='ocrx_word' id='word_1_859' title='bbox 3360 5657 3405 5691; x_wconf 77' lang='grc'>⁸⁸</span> <span class='ocrx_word' id='word_1_860' title='bbox 3436 5656 3558 5714; x_wconf 67' lang='lat' dir='ltr'><strong>Aa.</strong></span> 
     </span>
    </p>
   </div>
   <div class='ocr_carea' id='block_1_118' title="bbox 1939 5668 2019 5725">
    <p class='ocr_par' dir='ltr' id='par_1_118' title="bbox 1939 5668 2019 5725">
     <span class='ocr_line' id='line_1_118' title="bbox 1939 5668 2019 5725; baseline 0 -1"><span class='ocrx_word' id='word_1_861' title='bbox 1939 5668 2019 5725; x_wconf 66' lang='grc'><strong>14.</strong></span> 
     </span>
    </p>
   </div>
  </div>
