  <div class='ocr_page' id='page_1' title='image "/cluster/home/n/w/nwhite01/storage/ocr_20150623/101/hvd.32044018872879/061.png"; bbox 0 0 3916 6192; ppageno 0'>
   <div class='ocr_carea' id='block_1_1' title="bbox 383 285 3665 357">
    <p class='ocr_par' dir='ltr' id='par_1_1' title="bbox 383 285 3665 357">
     <span class='ocr_line' id='line_1_1' title="bbox 383 285 3665 357; baseline 0.002 -8"><span class='ocrx_word' id='word_1_1' title='bbox 383 286 454 349; x_wconf 78' lang='lat'><strong>75</strong></span> <span class='ocrx_word' id='word_1_2' title='bbox 1544 286 1808 348; x_wconf 83' lang='lat' dir='ltr'><strong>PHOTII</strong></span> <span class='ocrx_word' id='word_1_3' title='bbox 1838 285 2117 347; x_wconf 73' lang='lat' dir='ltr'><strong>PATRIA</strong></span> <span class='ocrx_word' id='word_1_4' title='bbox 2128 289 2349 350; x_wconf 62' lang='lat' dir='ltr'><strong>liCHrE</strong></span> <span class='ocrx_word' id='word_1_5' title='bbox 2387 292 2496 352; x_wconf 70' lang='lat' dir='ltr'><strong>CP‘.</strong></span> <span class='ocrx_word' id='word_1_6' title='bbox 3585 292 3665 357; x_wconf 79' lang='lat'><em>76</em></span> 
     </span>
    </p>
   </div>
   <div class='ocr_carea' id='block_1_2' title="bbox 368 386 1958 476">
    <p class='ocr_par' dir='ltr' id='par_1_2' title="bbox 368 399 1958 471">
     <span class='ocr_line' id='line_1_2' title="bbox 368 399 1958 471; baseline 0 -16"><span class='ocrx_word' id='word_1_7' title='bbox 368 402 832 459; x_wconf 74' lang='lat' dir='ltr'><strong>contumeliosum</strong></span> <span class='ocrx_word' id='word_1_8' title='bbox 891 399 1204 457; x_wconf 75' lang='lat' dir='ltr'><strong>Alexandro</strong></span> <span class='ocrx_word' id='word_1_9' title='bbox 1260 399 1511 471; x_wconf 78' lang='lat' dir='ltr'><strong>imponit.</strong></span> <span class='ocrx_word' id='word_1_10' title='bbox 1559 400 1771 455; x_wconf 86' lang='lat' dir='ltr'><strong>Etenim</strong></span> <span class='ocrx_word' id='word_1_11' title='bbox 1806 415 1836 456; x_wconf 87' lang='lat' dir='ltr'><strong>a</strong></span> <span class='ocrx_word' id='word_1_12' title='bbox 1869 399 1958 455; x_wconf 85' lang='lat' dir='ltr'><strong>Do-</strong></span> 
     </span>
    </p>
   </div>
   <div class='ocr_carea' id='block_1_3' title="bbox 2064 386 3667 476">
    <p class='ocr_par' dir='ltr' id='par_1_3' title="bbox 2077 386 3667 476">
     <span class='ocr_line' id='line_1_3' title="bbox 2077 386 3667 476; baseline 0.003 -22"><span class='ocrx_word' id='word_1_13' title='bbox 2077 402 2404 474; x_wconf 82' lang='grc' dir='ltr'>ἐφύϐριστον</span> <span class='ocrx_word' id='word_1_14' title='bbox 2423 402 2502 475; x_wconf 80' lang='grc' dir='ltr'>τῷ</span> <span class='ocrx_word' id='word_1_15' title='bbox 2539 386 2873 475; x_wconf 81' lang='grc' dir='ltr'>Ἀλεξάνδρῳ</span> <span class='ocrx_word' id='word_1_16' title='bbox 2893 402 3227 475; x_wconf 70' lang='grc' dir='ltr'>περιτίθησι.</span> <span class='ocrx_word' id='word_1_17' title='bbox 3274 402 3380 458; x_wconf 81' lang='grc' dir='ltr'>Τδν</span> <span class='ocrx_word' id='word_1_18' title='bbox 3409 404 3519 476; x_wconf 78' lang='grc' dir='ltr'>γὰρ</span> <span class='ocrx_word' id='word_1_19' title='bbox 3548 403 3667 459; x_wconf 78' lang='grc' dir='ltr'><strong>Κύ-</strong></span> 
     </span>
    </p>
   </div>
   <div class='ocr_carea' id='block_1_4' title="bbox 370 493 1967 569">
    <p class='ocr_par' dir='ltr' id='par_1_4' title="bbox 370 493 1967 569">
     <span class='ocr_line' id='line_1_4' title="bbox 370 493 1967 569; baseline -0.002 -17"><span class='ocrx_word' id='word_1_20' title='bbox 370 497 542 565; x_wconf 91' lang='lat' dir='ltr'><strong>mino,</strong></span> <span class='ocrx_word' id='word_1_21' title='bbox 569 498 663 569; x_wconf 85' lang='lat' dir='ltr'><strong>qui</strong></span> <span class='ocrx_word' id='word_1_22' title='bbox 699 506 785 553; x_wconf 83' lang='lat' dir='ltr'><strong>est</strong></span> <span class='ocrx_word' id='word_1_23' title='bbox 810 495 991 551; x_wconf 91' lang='lat' dir='ltr'><strong>omnis</strong></span> <span class='ocrx_word' id='word_1_24' title='bbox 1012 494 1317 551; x_wconf 74' lang='lat' dir='ltr'><strong>clementia:</strong></span> <span class='ocrx_word' id='word_1_25' title='bbox 1350 495 1651 566; x_wconf 87' lang='lat' dir='ltr'><strong>salutisque</strong></span> <span class='ocrx_word' id='word_1_26' title='bbox 1679 493 1826 562; x_wconf 75' lang='lat' dir='ltr'><strong>forts,</strong></span> <span class='ocrx_word' id='word_1_27' title='bbox 1863 494 1967 549; x_wconf 88' lang='lat' dir='ltr'><strong>ho-</strong></span> 
     </span>
    </p>
   </div>
   <div class='ocr_carea' id='block_1_5' title="bbox 369 587 1965 658">
    <p class='ocr_par' dir='ltr' id='par_1_5' title="bbox 369 587 1965 658">
     <span class='ocr_line' id='line_1_5' title="bbox 369 587 1965 658; baseline -0.004 -10"><span class='ocrx_word' id='word_1_28' title='bbox 369 592 575 648; x_wconf 85' lang='lat' dir='ltr'><strong>minem</strong></span> <span class='ocrx_word' id='word_1_29' title='bbox 634 591 785 646; x_wconf 90' lang='lat' dir='ltr'><strong>illum</strong></span> <span class='ocrx_word' id='word_1_30' title='bbox 824 590 983 645; x_wconf 85' lang='lat' dir='ltr'><strong>aiunt</strong></span> <span class='ocrx_word' id='word_1_31' title='bbox 1008 588 1267 644; x_wconf 85' lang='lat' dir='ltr'><strong>traditum</strong></span> <span class='ocrx_word' id='word_1_32' title='bbox 1302 587 1586 655; x_wconf 85' lang='lat' dir='ltr'><strong>malelicis,</strong></span> <span class='ocrx_word' id='word_1_33' title='bbox 1623 587 1768 643; x_wconf 81' lang='lat' dir='ltr'><strong>haud</strong></span> <span class='ocrx_word' id='word_1_34' title='bbox 1806 589 1965 658; x_wconf 83' lang='lat' dir='ltr'><strong>equi-</strong></span> 
     </span>
    </p>
   </div>
   <div class='ocr_carea' id='block_1_6' title="bbox 371 679 1963 756">
    <p class='ocr_par' dir='ltr' id='par_1_6' title="bbox 371 679 1963 756">
     <span class='ocr_line' id='line_1_6' title="bbox 371 679 1963 756; baseline -0.004 -15"><span class='ocrx_word' id='word_1_35' title='bbox 371 686 495 742; x_wconf 88' lang='lat' dir='ltr'><strong>dem</strong></span> <span class='ocrx_word' id='word_1_36' title='bbox 550 683 811 756; x_wconf 88' lang='lat' dir='ltr'><strong>puniendi</strong></span> <span class='ocrx_word' id='word_1_37' title='bbox 865 696 1031 738; x_wconf 86' lang='lat' dir='ltr'><strong>causa</strong></span> <span class='ocrx_word' id='word_1_38' title='bbox 1092 689 1401 736; x_wconf 74' lang='lat' dir='ltr'><strong>creaturam</strong></span> <span class='ocrx_word' id='word_1_39' title='bbox 1457 695 1613 735; x_wconf 85' lang='lat' dir='ltr'><strong>suam</strong></span> <span class='ocrx_word' id='word_1_40' title='bbox 1672 694 1850 751; x_wconf 91' lang='lat' dir='ltr'><strong>neque</strong></span> <span class='ocrx_word' id='word_1_41' title='bbox 1910 679 1963 733; x_wconf 91' lang='lat' dir='ltr'><strong>in</strong></span> 
     </span>
    </p>
   </div>
   <div class='ocr_carea' id='block_1_7' title="bbox 370 772 1969 843">
    <p class='ocr_par' dir='ltr' id='par_1_7' title="bbox 370 772 1969 843">
     <span class='ocr_line' id='line_1_7' title="bbox 370 772 1969 843; baseline -0.004 -10"><span class='ocrx_word' id='word_1_42' title='bbox 370 794 492 833; x_wconf 87' lang='lat' dir='ltr'><strong>eam</strong></span> <span class='ocrx_word' id='word_1_43' title='bbox 519 772 1221 839; x_wconf 85' lang='lat' dir='ltr'><strong>animadvertendi,verum</strong></span> <span class='ocrx_word' id='word_1_44' title='bbox 1242 772 1428 843; x_wconf 86' lang='lat' dir='ltr'><strong>potius</strong></span> <span class='ocrx_word' id='word_1_45' title='bbox 1459 783 1519 827; x_wconf 87' lang='lat' dir='ltr'><strong>ut</strong></span> <span class='ocrx_word' id='word_1_46' title='bbox 1539 789 1567 827; x_wconf 87' lang='lat' dir='ltr'><strong>a</strong></span> <span class='ocrx_word' id='word_1_47' title='bbox 1603 772 1760 829; x_wconf 87' lang='lat' dir='ltr'><strong>malis</strong></span> <span class='ocrx_word' id='word_1_48' title='bbox 1785 773 1969 841; x_wconf 85' lang='lat' dir='ltr'><strong>operi-</strong></span> 
     </span>
    </p>
   </div>
   <div class='ocr_carea' id='block_1_8' title="bbox 327 862 1961 937">
    <p class='ocr_par' dir='ltr' id='par_1_8' title="bbox 327 862 1961 937">
     <span class='ocr_line' id='line_1_8' title="bbox 327 862 1961 937; baseline -0.005 -12"><span class='ocrx_word' id='word_1_49' title='bbox 327 908 351 919; x_wconf 59' lang='grc' dir='ltr'><strong>κ</strong></span> <span class='ocrx_word' id='word_1_50' title='bbox 370 871 476 925; x_wconf 90' lang='lat' dir='ltr'><strong>bus</strong></span> <span class='ocrx_word' id='word_1_51' title='bbox 498 876 783 924; x_wconf 82' lang='lat' dir='ltr'><strong>revocaret</strong></span> <span class='ocrx_word' id='word_1_52' title='bbox 807 874 969 937; x_wconf 88' lang='lat' dir='ltr'><strong>atque</strong></span> <span class='ocrx_word' id='word_1_53' title='bbox 998 866 1067 919; x_wconf 88' lang='lat' dir='ltr'><strong>ad</strong></span> <span class='ocrx_word' id='word_1_54' title='bbox 1086 862 1368 920; x_wconf 89' lang='lat' dir='ltr'><strong>meliorem</strong></span> <span class='ocrx_word' id='word_1_55' title='bbox 1391 862 1602 933; x_wconf 83' lang='lat' dir='ltr'><strong>frugem</strong></span> <span class='ocrx_word' id='word_1_56' title='bbox 1630 862 1961 918; x_wconf 86' lang='lat' dir='ltr'><strong>traduceret.</strong></span> 
     </span>
    </p>
   </div>
   <div class='ocr_carea' id='block_1_9' title="bbox 369 954 1967 1031">
    <p class='ocr_par' dir='ltr' id='par_1_9' title="bbox 369 954 1967 1031">
     <span class='ocr_line' id='line_1_9' title="bbox 369 954 1967 1031; baseline -0.006 -12"><span class='ocrx_word' id='word_1_57' title='bbox 369 966 489 1030; x_wconf 86' lang='lat' dir='ltr'><strong>Qua</strong></span> <span class='ocrx_word' id='word_1_58' title='bbox 538 964 594 1018; x_wconf 92' lang='lat' dir='ltr'><strong>iu</strong></span> <span class='ocrx_word' id='word_1_59' title='bbox 643 978 702 1017; x_wconf 93' lang='lat' dir='ltr'><strong>re</strong></span> <span class='ocrx_word' id='word_1_60' title='bbox 738 960 895 1031; x_wconf 85' lang='lat' dir='ltr'><strong>quid,</strong></span> <span class='ocrx_word' id='word_1_61' title='bbox 926 973 1048 1024; x_wconf 92' lang='lat' dir='ltr'><strong>oro,</strong></span> <span class='ocrx_word' id='word_1_62' title='bbox 1089 956 1337 1011; x_wconf 88' lang='lat' dir='ltr'><strong>dirarum</strong></span> <span class='ocrx_word' id='word_1_63' title='bbox 1384 955 1505 1011; x_wconf 87' lang='lat' dir='ltr'><strong>est?</strong></span> <span class='ocrx_word' id='word_1_64' title='bbox 1532 956 1663 1025; x_wconf 86' lang='lat' dir='ltr'><strong>quid</strong></span> <span class='ocrx_word' id='word_1_65' title='bbox 1720 954 1967 1011; x_wconf 77' lang='lat' dir='ltr'><strong>vaticinii</strong></span> 
     </span>
    </p>
   </div>
   <div class='ocr_carea' id='block_1_10' title="bbox 368 1047 1966 1127">
    <p class='ocr_par' dir='ltr' id='par_1_10' title="bbox 368 1047 1966 1127">
     <span class='ocr_line' id='line_1_10' title="bbox 368 1047 1966 1127; baseline -0.006 -15"><span class='ocrx_word' id='word_1_66' title='bbox 368 1071 590 1127; x_wconf 65' lang='lat' dir='ltr'><strong>pinnam</strong></span> <span class='ocrx_word' id='word_1_67' title='bbox 651 1050 982 1110; x_wconf 83' lang='lat' dir='ltr'><strong>clamantis?</strong></span> <span class='ocrx_word' id='word_1_68' title='bbox 1013 1047 1120 1104; x_wconf 88' lang='lat' dir='ltr'><strong>Sed</strong></span> <span class='ocrx_word' id='word_1_69' title='bbox 1167 1048 1314 1103; x_wconf 89' lang='lat' dir='ltr'><strong>enim</strong></span> <span class='ocrx_word' id='word_1_70' title='bbox 1348 1047 1507 1103; x_wconf 89' lang='lat' dir='ltr'><strong>sicuti</strong></span> <span class='ocrx_word' id='word_1_71' title='bbox 1549 1047 1642 1102; x_wconf 91' lang='lat' dir='ltr'><strong>uni</strong></span> <span class='ocrx_word' id='word_1_72' title='bbox 1677 1048 1966 1118; x_wconf 79' lang='lat' dir='ltr'><strong>praedicta-</strong></span> 
     </span>
    </p>
   </div>
   <div class='ocr_carea' id='block_1_11' title="bbox 368 1139 1966 1209">
    <p class='ocr_par' dir='ltr' id='par_1_11' title="bbox 368 1139 1966 1209">
     <span class='ocr_line' id='line_1_11' title="bbox 368 1139 1966 1209; baseline -0.006 -5"><span class='ocrx_word' id='word_1_73' title='bbox 368 1164 493 1203; x_wconf 90' lang='lat' dir='ltr'><strong>rum</strong></span> <span class='ocrx_word' id='word_1_74' title='bbox 553 1145 975 1209; x_wconf 87' lang='lat' dir='ltr'><strong>sententiarum,</strong></span> <span class='ocrx_word' id='word_1_75' title='bbox 1038 1143 1112 1197; x_wconf 89' lang='lat' dir='ltr'><strong>ita</strong></span> <span class='ocrx_word' id='word_1_76' title='bbox 1153 1140 1289 1196; x_wconf 91' lang='lat' dir='ltr'><strong>mihi</strong></span> <span class='ocrx_word' id='word_1_77' title='bbox 1325 1139 1581 1195; x_wconf 82' lang='lat' dir='ltr'><strong>videntur</strong></span> <span class='ocrx_word' id='word_1_78' title='bbox 1637 1140 1801 1194; x_wconf 88' lang='lat' dir='ltr'><strong>etiam</strong></span> <span class='ocrx_word' id='word_1_79' title='bbox 1837 1139 1966 1195; x_wconf 83' lang='lat' dir='ltr'><strong>huic</strong></span> 
     </span>
    </p>
   </div>
   <div class='ocr_carea' id='block_1_12' title="bbox 367 1230 1965 1309">
    <p class='ocr_par' dir='ltr' id='par_1_12' title="bbox 367 1230 1965 1309">
     <span class='ocr_line' id='line_1_12' title="bbox 367 1230 1965 1309; baseline -0.004 -14"><span class='ocrx_word' id='word_1_80' title='bbox 367 1239 650 1296; x_wconf 86' lang='lat' dir='ltr'><strong>adversari</strong></span> <span class='ocrx_word' id='word_1_81' title='bbox 676 1253 801 1309; x_wconf 76' lang='lat' dir='ltr'><strong>qua:</strong></span> <span class='ocrx_word' id='word_1_82' title='bbox 823 1243 1135 1308; x_wconf 89' lang='lat' dir='ltr'><strong>sequuntur</strong></span> <span class='ocrx_word' id='word_1_83' title='bbox 1167 1234 1333 1289; x_wconf 89' lang='lat' dir='ltr'><strong>verba</strong></span> <span class='ocrx_word' id='word_1_84' title='bbox 1362 1247 1377 1286; x_wconf 89' lang='lat'><strong>:</strong></span> <span class='ocrx_word' id='word_1_85' title='bbox 1410 1251 1429 1285; x_wconf 84' lang='grc' dir='ltr'><strong>ι</strong></span> <span class='ocrx_word' id='word_1_86' title='bbox 1454 1230 1626 1299; x_wconf 85' lang='lat' dir='ltr'><strong>Quem</strong></span> <span class='ocrx_word' id='word_1_87' title='bbox 1659 1243 1714 1289; x_wconf 93' lang='lat' dir='ltr'><strong>tu</strong></span> <span class='ocrx_word' id='word_1_88' title='bbox 1746 1247 1965 1303; x_wconf 90' lang='lat' dir='ltr'><strong>quoque</strong></span> 
     </span>
    </p>
   </div>
   <div class='ocr_carea' id='block_1_13' title="bbox 370 1326 1956 1398">
    <p class='ocr_par' dir='ltr' id='par_1_13' title="bbox 370 1326 1956 1398">
     <span class='ocr_line' id='line_1_13' title="bbox 370 1326 1956 1398; baseline -0.006 -9"><span class='ocrx_word' id='word_1_89' title='bbox 370 1348 527 1398; x_wconf 90' lang='lat' dir='ltr'><strong>cave,</strong></span> <span class='ocrx_word' id='word_1_90' title='bbox 555 1331 716 1387; x_wconf 88' lang='lat' dir='ltr'><strong>valde</strong></span> <span class='ocrx_word' id='word_1_91' title='bbox 763 1329 911 1386; x_wconf 86' lang='lat' dir='ltr'><strong>cnim</strong></span> <span class='ocrx_word' id='word_1_92' title='bbox 963 1327 1182 1384; x_wconf 89' lang='lat' dir='ltr'><strong>obstitit</strong></span> <span class='ocrx_word' id='word_1_93' title='bbox 1236 1326 1611 1398; x_wconf 66' lang='lat' dir='ltr'><strong>praedicationi</strong></span> <span class='ocrx_word' id='word_1_94' title='bbox 1675 1334 1902 1381; x_wconf 71' lang='lat' dir='ltr'><strong>nostrae.</strong></span> <span class='ocrx_word' id='word_1_95' title='bbox 1936 1344 1956 1379; x_wconf 75' lang='grc' dir='ltr'><strong>ι</strong></span> 
     </span>
    </p>
   </div>
   <div class='ocr_carea' id='block_1_14' title="bbox 367 1416 1959 1495">
    <p class='ocr_par' dir='ltr' id='par_1_14' title="bbox 367 1416 1959 1495">
     <span class='ocr_line' id='line_1_14' title="bbox 367 1416 1959 1495; baseline -0.005 -17"><span class='ocrx_word' id='word_1_96' title='bbox 367 1422 517 1490; x_wconf 68' lang='lat' dir='ltr'><strong>Haec,</strong></span> <span class='ocrx_word' id='word_1_97' title='bbox 544 1423 793 1495; x_wconf 89' lang='lat' dir='ltr'><strong>inquam,</strong></span> <span class='ocrx_word' id='word_1_98' title='bbox 820 1419 944 1476; x_wconf 87' lang='lat' dir='ltr'><strong>aliis</strong></span> <span class='ocrx_word' id='word_1_99' title='bbox 979 1417 1216 1474; x_wconf 80' lang='lat' dir='ltr'><strong>fortasse</strong></span> <span class='ocrx_word' id='word_1_100' title='bbox 1242 1416 1531 1472; x_wconf 87' lang='lat' dir='ltr'><strong>sententiis</strong></span> <span class='ocrx_word' id='word_1_101' title='bbox 1558 1416 1959 1483; x_wconf 87' lang='lat' dir='ltr'><strong>adversantur;</strong></span> 
     </span>
    </p>
   </div>
   <div class='ocr_carea' id='block_1_15' title="bbox 367 1509 1965 1586">
    <p class='ocr_par' dir='ltr' id='par_1_15' title="bbox 367 1509 1965 1586">
     <span class='ocr_line' id='line_1_15' title="bbox 367 1509 1965 1586; baseline -0.004 -14"><span class='ocrx_word' id='word_1_102' title='bbox 367 1518 560 1574; x_wconf 78' lang='lat' dir='ltr'><strong>favent</strong></span> <span class='ocrx_word' id='word_1_103' title='bbox 590 1532 721 1572; x_wconf 89' lang='lat' dir='ltr'><strong>vero</strong></span> <span class='ocrx_word' id='word_1_104' title='bbox 754 1513 1147 1586; x_wconf 86' lang='lat' dir='ltr'><strong>interpretibus</strong></span> <span class='ocrx_word' id='word_1_105' title='bbox 1176 1510 1246 1566; x_wconf 85' lang='lat' dir='ltr'><strong>iis</strong></span> <span class='ocrx_word' id='word_1_106' title='bbox 1276 1509 1371 1582; x_wconf 92' lang='lat' dir='ltr'><strong>qui</strong></span> <span class='ocrx_word' id='word_1_107' title='bbox 1401 1509 1582 1565; x_wconf 90' lang='lat' dir='ltr'><strong>locum</strong></span> <span class='ocrx_word' id='word_1_108' title='bbox 1602 1511 1671 1566; x_wconf 89' lang='lat' dir='ltr'><strong>ad</strong></span> <span class='ocrx_word' id='word_1_109' title='bbox 1700 1509 1853 1564; x_wconf 88' lang='lat' dir='ltr'><strong>diras</strong></span> <span class='ocrx_word' id='word_1_110' title='bbox 1886 1524 1965 1565; x_wconf 87' lang='lat' dir='ltr'><strong>re-</strong></span> 
     </span>
    </p>
   </div>
   <div class='ocr_carea' id='block_1_16' title="bbox 365 1594 1219 1665">
    <p class='ocr_par' dir='ltr' id='par_1_16' title="bbox 365 1594 1219 1665">
     <span class='ocr_line' id='line_1_16' title="bbox 365 1594 1219 1665; baseline -0.011 0"><span class='ocrx_word' id='word_1_111' title='bbox 365 1609 577 1665; x_wconf 77' lang='lat' dir='ltr'><strong>ferunt.</strong></span> <span class='ocrx_word' id='word_1_112' title='bbox 1218 1594 1219 1597; x_wconf 33' lang='grc'><em>“</em></span> 
     </span>
    </p>
   </div>
   <div class='ocr_carea' id='block_1_17' title="bbox 436 1690 1961 1773">
    <p class='ocr_par' dir='ltr' id='par_1_17' title="bbox 436 1690 1961 1773">
     <span class='ocr_line' id='line_1_17' title="bbox 436 1690 1961 1773; baseline -0.005 -17"><span class='ocrx_word' id='word_1_113' title='bbox 436 1701 528 1757; x_wconf 76' lang='lat'><strong>2‘2.</strong></span> <span class='ocrx_word' id='word_1_114' title='bbox 563 1700 754 1773; x_wconf 86' lang='lat' dir='ltr'><strong>Neque</strong></span> <span class='ocrx_word' id='word_1_115' title='bbox 812 1715 945 1756; x_wconf 71' lang='lat' dir='ltr'><strong>\cro</strong></span> <span class='ocrx_word' id='word_1_116' title='bbox 1001 1699 1165 1756; x_wconf 88' lang='lat' dir='ltr'><strong>nobis</strong></span> <span class='ocrx_word' id='word_1_117' title='bbox 1197 1690 1439 1756; x_wconf 83' lang='lat' dir='ltr'><strong>obstabit</strong></span> <span class='ocrx_word' id='word_1_118' title='bbox 1489 1696 1682 1753; x_wconf 86' lang='lat' dir='ltr'><strong>beatus</strong></span> <span class='ocrx_word' id='word_1_119' title='bbox 1725 1694 1961 1766; x_wconf 82' lang='lat' dir='ltr'><strong>Stepha-</strong></span> 
     </span>
    </p>
   </div>
   <div class='ocr_carea' id='block_1_18' title="bbox 365 1790 1962 1867">
    <p class='ocr_par' dir='ltr' id='par_1_18' title="bbox 365 1790 1962 1867">
     <span class='ocr_line' id='line_1_18' title="bbox 365 1790 1962 1867; baseline -0.006 -15"><span class='ocrx_word' id='word_1_120' title='bbox 365 1810 471 1852; x_wconf 89' lang='lat' dir='ltr'><strong>nus</strong></span> <span class='ocrx_word' id='word_1_121' title='bbox 498 1795 575 1864; x_wconf 76' lang='lat'><strong>“,</strong></span> <span class='ocrx_word' id='word_1_122' title='bbox 613 1805 917 1867; x_wconf 84' lang='lat' dir='ltr'><strong>martyrum</strong></span> <span class='ocrx_word' id='word_1_123' title='bbox 963 1794 1209 1865; x_wconf 90' lang='lat' dir='ltr'><strong>primus,</strong></span> <span class='ocrx_word' id='word_1_124' title='bbox 1264 1793 1359 1865; x_wconf 89' lang='lat' dir='ltr'><strong>qui</strong></span> <span class='ocrx_word' id='word_1_125' title='bbox 1399 1790 1776 1848; x_wconf 77' lang='lat' dir='ltr'><strong>interfectores</strong></span> <span class='ocrx_word' id='word_1_126' title='bbox 1830 1802 1962 1844; x_wconf 87' lang='lat' dir='ltr'><strong>suos</strong></span> 
     </span>
    </p>
   </div>
   <div class='ocr_carea' id='block_1_19' title="bbox 367 1887 1966 1951">
    <p class='ocr_par' dir='ltr' id='par_1_19' title="bbox 367 1887 1966 1951">
     <span class='ocr_line' id='line_1_19' title="bbox 367 1887 1966 1951; baseline -0.008 -7"><span class='ocrx_word' id='word_1_127' title='bbox 367 1889 528 1945; x_wconf 90' lang='lat' dir='ltr'><strong>bonis</strong></span> <span class='ocrx_word' id='word_1_128' title='bbox 556 1887 739 1944; x_wconf 81' lang='lat' dir='ltr'><strong>verbis</strong></span> <span class='ocrx_word' id='word_1_129' title='bbox 770 1902 880 1942; x_wconf 92' lang='lat' dir='ltr'><strong>non</strong></span> <span class='ocrx_word' id='word_1_130' title='bbox 911 1887 1047 1943; x_wconf 89' lang='lat' dir='ltr'><strong>diris</strong></span> <span class='ocrx_word' id='word_1_131' title='bbox 1078 1894 1462 1942; x_wconf 89' lang='lat' dir='ltr'><strong>remuneratus</strong></span> <span class='ocrx_word' id='word_1_132' title='bbox 1487 1891 1606 1949; x_wconf 89' lang='lat' dir='ltr'><strong>est;</strong></span> <span class='ocrx_word' id='word_1_133' title='bbox 1631 1895 1813 1951; x_wconf 84' lang='lat' dir='ltr'><strong>neque</strong></span> <span class='ocrx_word' id='word_1_134' title='bbox 1838 1888 1966 1934; x_wconf 88' lang='lat' dir='ltr'><strong>ante</strong></span> 
     </span>
    </p>
   </div>
   <div class='ocr_carea' id='block_1_20' title="bbox 367 1973 1965 2050">
    <p class='ocr_par' dir='ltr' id='par_1_20' title="bbox 367 1973 1965 2050">
     <span class='ocr_line' id='line_1_20' title="bbox 367 1973 1965 2050; baseline -0.008 -11"><span class='ocrx_word' id='word_1_135' title='bbox 367 1984 518 2039; x_wconf 89' lang='lat' dir='ltr'><strong>hunc</strong></span> <span class='ocrx_word' id='word_1_136' title='bbox 541 1982 855 2039; x_wconf 84' lang='lat' dir='ltr'><strong>communis</strong></span> <span class='ocrx_word' id='word_1_137' title='bbox 879 1978 1168 2044; x_wconf 87' lang='lat' dir='ltr'><strong>Dominus,</strong></span> <span class='ocrx_word' id='word_1_138' title='bbox 1185 1980 1279 2050; x_wconf 89' lang='lat' dir='ltr'><strong>qui</strong></span> <span class='ocrx_word' id='word_1_139' title='bbox 1304 1994 1402 2050; x_wconf 90' lang='lat' dir='ltr'><strong>pro</strong></span> <span class='ocrx_word' id='word_1_140' title='bbox 1425 1974 1844 2033; x_wconf 68' lang='lat' dir='ltr'><strong>cruciﬂxoribus</strong></span> <span class='ocrx_word' id='word_1_141' title='bbox 1861 1973 1965 2027; x_wconf 85' lang='lat' dir='ltr'><strong>Pa-</strong></span> 
     </span>
    </p>
   </div>
   <div class='ocr_carea' id='block_1_21' title="bbox 370 2067 1966 2143">
    <p class='ocr_par' dir='ltr' id='par_1_21' title="bbox 370 2067 1966 2143">
     <span class='ocr_line' id='line_1_21' title="bbox 370 2067 1966 2143; baseline -0.008 -11"><span class='ocrx_word' id='word_1_142' title='bbox 370 2085 510 2132; x_wconf 88' lang='lat' dir='ltr'><strong>trem</strong></span> <span class='ocrx_word' id='word_1_143' title='bbox 544 2074 792 2131; x_wconf 80' lang='lat' dir='ltr'><strong>exoravit</strong></span> <span class='ocrx_word' id='word_1_144' title='bbox 818 2074 885 2129; x_wconf 82' lang='grc'><strong>⁸¹.</strong></span> <span class='ocrx_word' id='word_1_145' title='bbox 911 2072 1237 2143; x_wconf 86' lang='lat' dir='ltr'><strong>Quanquam</strong></span> <span class='ocrx_word' id='word_1_146' title='bbox 1264 2085 1459 2142; x_wconf 88' lang='lat' dir='ltr'><strong>reapse</strong></span> <span class='ocrx_word' id='word_1_147' title='bbox 1505 2067 1813 2125; x_wconf 86' lang='lat' dir='ltr'><strong>Servatoris</strong></span> <span class='ocrx_word' id='word_1_148' title='bbox 1841 2080 1966 2121; x_wconf 85' lang='lat' dir='ltr'><strong>ora-</strong></span> 
     </span>
    </p>
   </div>
   <div class='ocr_carea' id='block_1_22' title="bbox 368 2162 1965 2237">
    <p class='ocr_par' dir='ltr' id='par_1_22' title="bbox 368 2162 1965 2237">
     <span class='ocr_line' id='line_1_22' title="bbox 368 2162 1965 2237; baseline -0.004 -13"><span class='ocrx_word' id='word_1_149' title='bbox 368 2169 446 2224; x_wconf 91' lang='lat' dir='ltr'><strong>tio</strong></span> <span class='ocrx_word' id='word_1_150' title='bbox 480 2169 645 2224; x_wconf 84' lang='lat' dir='ltr'><strong>habet</strong></span> <span class='ocrx_word' id='word_1_151' title='bbox 677 2166 885 2237; x_wconf 84' lang='lat' dir='ltr'><strong>aliquid</strong></span> <span class='ocrx_word' id='word_1_152' title='bbox 927 2166 1096 2221; x_wconf 86' lang='lat' dir='ltr'><strong>altius</strong></span> <span class='ocrx_word' id='word_1_153' title='bbox 1143 2164 1309 2235; x_wconf 90' lang='lat' dir='ltr'><strong>atque</strong></span> <span class='ocrx_word' id='word_1_154' title='bbox 1352 2162 1665 2235; x_wconf 82' lang='lat' dir='ltr'><strong>augustius,</strong></span> <span class='ocrx_word' id='word_1_155' title='bbox 1701 2176 1868 2232; x_wconf 89' lang='lat' dir='ltr'><strong>quam</strong></span> <span class='ocrx_word' id='word_1_156' title='bbox 1905 2171 1965 2217; x_wconf 91' lang='lat' dir='ltr'><strong>ut</strong></span> 
     </span>
    </p>
   </div>
   <div class='ocr_carea' id='block_1_23' title="bbox 366 2253 1963 2330">
    <p class='ocr_par' dir='ltr' id='par_1_23' title="bbox 366 2253 1963 2330">
     <span class='ocr_line' id='line_1_23' title="bbox 366 2253 1963 2330; baseline -0.004 -16"><span class='ocrx_word' id='word_1_157' title='bbox 366 2273 518 2315; x_wconf 83' lang='lat' dir='ltr'><strong>nunc</strong></span> <span class='ocrx_word' id='word_1_158' title='bbox 552 2257 804 2330; x_wconf 83' lang='lat' dir='ltr'><strong>indagari</strong></span> <span class='ocrx_word' id='word_1_159' title='bbox 834 2273 935 2328; x_wconf 89' lang='lat' dir='ltr'><strong>pro</strong></span> <span class='ocrx_word' id='word_1_160' title='bbox 965 2256 1232 2328; x_wconf 74' lang='lat' dir='ltr'><strong>dignitate</strong></span> <span class='ocrx_word' id='word_1_161' title='bbox 1262 2264 1446 2326; x_wconf 87' lang='lat' dir='ltr'><strong>queat.</strong></span> <span class='ocrx_word' id='word_1_162' title='bbox 1479 2253 1852 2324; x_wconf 84' lang='lat' dir='ltr'><strong>Triumphalis</strong></span> <span class='ocrx_word' id='word_1_163' title='bbox 1878 2259 1963 2310; x_wconf 82' lang='lat' dir='ltr'><strong>ta-</strong></span> 
     </span>
    </p>
   </div>
   <div class='ocr_carea' id='block_1_24' title="bbox 376 2341 1964 2419">
    <p class='ocr_par' dir='ltr' id='par_1_24' title="bbox 376 2341 1964 2419">
     <span class='ocr_line' id='line_1_24' title="bbox 376 2341 1964 2419; baseline -0.004 -16"><span class='ocrx_word' id='word_1_164' title='bbox 376 2365 504 2404; x_wconf 86' lang='lat' dir='ltr'><strong>men</strong></span> <span class='ocrx_word' id='word_1_165' title='bbox 560 2356 766 2419; x_wconf 88' lang='lat' dir='ltr'><strong>martyr</strong></span> <span class='ocrx_word' id='word_1_166' title='bbox 817 2345 1010 2418; x_wconf 87' lang='lat' dir='ltr'><strong>quidni</strong></span> <span class='ocrx_word' id='word_1_167' title='bbox 1063 2345 1219 2401; x_wconf 93' lang='lat' dir='ltr'><strong>nobis</strong></span> <span class='ocrx_word' id='word_1_168' title='bbox 1244 2354 1511 2416; x_wconf 81' lang='lat' dir='ltr'><strong>patronus</strong></span> <span class='ocrx_word' id='word_1_169' title='bbox 1544 2359 1724 2399; x_wconf 75' lang='lat' dir='ltr'><strong>causa:</strong></span> <span class='ocrx_word' id='word_1_170' title='bbox 1772 2341 1964 2398; x_wconf 81' lang='lat' dir='ltr'><strong>adsit?</strong></span> 
     </span>
    </p>
   </div>
   <div class='ocr_carea' id='block_1_25' title="bbox 369 2435 1963 2512">
    <p class='ocr_par' dir='ltr' id='par_1_25' title="bbox 369 2435 1963 2512">
     <span class='ocr_line' id='line_1_25' title="bbox 369 2435 1963 2512; baseline -0.004 -16"><span class='ocrx_word' id='word_1_171' title='bbox 369 2440 466 2512; x_wconf 92' lang='lat' dir='ltr'><strong>qui</strong></span> <span class='ocrx_word' id='word_1_172' title='bbox 504 2437 725 2495; x_wconf 80' lang='lat' dir='ltr'><strong>Judaeos</strong></span> <span class='ocrx_word' id='word_1_173' title='bbox 767 2453 995 2494; x_wconf 88' lang='lat' dir='ltr'><strong>cernens</strong></span> <span class='ocrx_word' id='word_1_174' title='bbox 1039 2437 1121 2493; x_wconf 84' lang='lat' dir='ltr'><strong>ira</strong></span> <span class='ocrx_word' id='word_1_175' title='bbox 1173 2435 1543 2492; x_wconf 84' lang='lat' dir='ltr'><strong>inﬂammatos</strong></span> <span class='ocrx_word' id='word_1_176' title='bbox 1596 2436 1963 2506; x_wconf 85' lang='lat' dir='ltr'><strong>vecordiaque</strong></span> 
     </span>
    </p>
   </div>
   <div class='ocr_carea' id='block_1_26' title="bbox 367 2530 1958 2606">
    <p class='ocr_par' dir='ltr' id='par_1_26' title="bbox 367 2530 1958 2606">
     <span class='ocr_line' id='line_1_26' title="bbox 367 2530 1958 2606; baseline -0.004 -14"><span class='ocrx_word' id='word_1_177' title='bbox 367 2537 577 2602; x_wconf 87' lang='lat' dir='ltr'><strong>ebrios,</strong></span> <span class='ocrx_word' id='word_1_178' title='bbox 613 2550 784 2606; x_wconf 88' lang='lat' dir='ltr'><strong>seque</strong></span> <span class='ocrx_word' id='word_1_179' title='bbox 814 2536 960 2591; x_wconf 66' lang='lat' dir='ltr'><strong>caede</strong></span> <span class='ocrx_word' id='word_1_180' title='bbox 989 2534 1210 2604; x_wconf 87' lang='lat' dir='ltr'><strong>penitus</strong></span> <span class='ocrx_word' id='word_1_181' title='bbox 1238 2532 1556 2602; x_wconf 88' lang='lat' dir='ltr'><strong>impiantes,</strong></span> <span class='ocrx_word' id='word_1_182' title='bbox 1580 2531 1697 2601; x_wconf 85' lang='lat' dir='ltr'><strong>ipse</strong></span> <span class='ocrx_word' id='word_1_183' title='bbox 1743 2531 1854 2600; x_wconf 86' lang='lat' dir='ltr'><strong>jam</strong></span> <span class='ocrx_word' id='word_1_184' title='bbox 1904 2530 1958 2585; x_wconf 91' lang='lat' dir='ltr'><strong>in</strong></span> 
     </span>
    </p>
   </div>
   <div class='ocr_carea' id='block_1_27' title="bbox 365 2622 1960 2700">
    <p class='ocr_par' dir='ltr' id='par_1_27' title="bbox 365 2622 1960 2700">
     <span class='ocr_line' id='line_1_27' title="bbox 365 2622 1960 2700; baseline -0.002 -18"><span class='ocrx_word' id='word_1_185' title='bbox 365 2628 681 2700; x_wconf 69' lang='lat' dir='ltr'><strong>&#39;martyricaa</strong></span> <span class='ocrx_word' id='word_1_186' title='bbox 735 2626 885 2683; x_wconf 87' lang='lat' dir='ltr'><strong>necis</strong></span> <span class='ocrx_word' id='word_1_187' title='bbox 919 2626 1113 2681; x_wconf 87' lang='lat' dir='ltr'><strong>limine</strong></span> <span class='ocrx_word' id='word_1_188' title='bbox 1145 2641 1399 2691; x_wconf 84' lang='lat' dir='ltr'><strong>versans,</strong></span> <span class='ocrx_word' id='word_1_189' title='bbox 1433 2636 1488 2681; x_wconf 91' lang='lat' dir='ltr'><strong>et</strong></span> <span class='ocrx_word' id='word_1_190' title='bbox 1513 2624 1628 2695; x_wconf 87' lang='lat' dir='ltr'><strong>jam</strong></span> <span class='ocrx_word' id='word_1_191' title='bbox 1688 2622 1960 2695; x_wconf 89' lang='lat' dir='ltr'><strong>supplicio</strong></span> 
     </span>
    </p>
   </div>
   <div class='ocr_carea' id='block_1_28' title="bbox 366 2713 1958 2787">
    <p class='ocr_par' dir='ltr' id='par_1_28' title="bbox 366 2713 1958 2787">
     <span class='ocr_line' id='line_1_28' title="bbox 366 2713 1958 2787; baseline -0.001 -17"><span class='ocrx_word' id='word_1_192' title='bbox 366 2715 809 2771; x_wconf 83' lang='lat' dir='ltr'><strong>adhortationem</strong></span> <span class='ocrx_word' id='word_1_193' title='bbox 858 2715 1164 2787; x_wconf 89' lang='lat' dir='ltr'><strong>quamlibet</strong></span> <span class='ocrx_word' id='word_1_194' title='bbox 1191 2715 1293 2771; x_wconf 89' lang='lat' dir='ltr'><strong>sibi</strong></span> <span class='ocrx_word' id='word_1_195' title='bbox 1328 2715 1612 2786; x_wconf 84' lang='lat' dir='ltr'><strong>eripiente,</strong></span> <span class='ocrx_word' id='word_1_196' title='bbox 1666 2729 1844 2785; x_wconf 84' lang='lat' dir='ltr'><strong>neque</strong></span> <span class='ocrx_word' id='word_1_197' title='bbox 1878 2713 1958 2769; x_wconf 91' lang='lat' dir='ltr'><strong>lo—</strong></span> 
     </span>
    </p>
   </div>
   <div class='ocr_carea' id='block_1_29' title="bbox 364 2807 1959 2881">
    <p class='ocr_par' dir='ltr' id='par_1_29' title="bbox 364 2807 1959 2881">
     <span class='ocr_line' id='line_1_29' title="bbox 364 2807 1959 2881; baseline -0.001 -16"><span class='ocrx_word' id='word_1_198' title='bbox 364 2824 492 2865; x_wconf 92' lang='lat' dir='ltr'><strong>cum</strong></span> <span class='ocrx_word' id='word_1_199' title='bbox 528 2809 900 2881; x_wconf 87' lang='lat' dir='ltr'><strong>objurgationi</strong></span> <span class='ocrx_word' id='word_1_200' title='bbox 929 2810 1215 2881; x_wconf 84' lang='lat' dir='ltr'><strong>largiente,</strong></span> <span class='ocrx_word' id='word_1_201' title='bbox 1274 2819 1391 2864; x_wconf 92' lang='lat' dir='ltr'><strong>tum</strong></span> <span class='ocrx_word' id='word_1_202' title='bbox 1429 2810 1559 2879; x_wconf 85' lang='lat' dir='ltr'><strong>quia</strong></span> <span class='ocrx_word' id='word_1_203' title='bbox 1598 2807 1802 2865; x_wconf 87' lang='lat' dir='ltr'><strong>summi</strong></span> <span class='ocrx_word' id='word_1_204' title='bbox 1840 2807 1959 2864; x_wconf 87' lang='lat' dir='ltr'><strong>dis-</strong></span> 
     </span>
    </p>
   </div>
   <div class='ocr_carea' id='block_1_30' title="bbox 366 2901 1958 2974">
    <p class='ocr_par' dir='ltr' id='par_1_30' title="bbox 366 2901 1958 2974">
     <span class='ocr_line' id='line_1_30' title="bbox 366 2901 1958 2974; baseline -0.003 -15"><span class='ocrx_word' id='word_1_205' title='bbox 366 2902 616 2959; x_wconf 87' lang='lat' dir='ltr'><strong>criminis</strong></span> <span class='ocrx_word' id='word_1_206' title='bbox 672 2902 1024 2974; x_wconf 89' lang='lat' dir='ltr'><strong>impendebat</strong></span> <span class='ocrx_word' id='word_1_207' title='bbox 1062 2903 1219 2970; x_wconf 91' lang='lat' dir='ltr'><strong>hora,</strong></span> <span class='ocrx_word' id='word_1_208' title='bbox 1253 2911 1369 2958; x_wconf 90' lang='lat' dir='ltr'><strong>tum</strong></span> <span class='ocrx_word' id='word_1_209' title='bbox 1391 2902 1520 2973; x_wconf 90' lang='lat' dir='ltr'><strong>quia</strong></span> <span class='ocrx_word' id='word_1_210' title='bbox 1562 2901 1749 2957; x_wconf 84' lang='lat' dir='ltr'><strong>nullus</strong></span> <span class='ocrx_word' id='word_1_211' title='bbox 1771 2916 1958 2970; x_wconf 85' lang='lat' dir='ltr'><strong>spera-</strong></span> 
     </span>
    </p>
   </div>
   <div class='ocr_carea' id='block_1_31' title="bbox 364 2989 1959 3063">
    <p class='ocr_par' dir='ltr' id='par_1_31' title="bbox 364 2989 1959 3063">
     <span class='ocr_line' id='line_1_31' title="bbox 364 2989 1959 3063; baseline -0.001 -17"><span class='ocrx_word' id='word_1_212' title='bbox 364 2991 529 3047; x_wconf 88' lang='lat' dir='ltr'><strong>batur</strong></span> <span class='ocrx_word' id='word_1_213' title='bbox 577 2991 796 3047; x_wconf 82' lang='lat' dir='ltr'><strong>fructus</strong></span> <span class='ocrx_word' id='word_1_214' title='bbox 842 2990 1165 3063; x_wconf 85' lang='lat' dir='ltr'><strong>increpandi</strong></span> <span class='ocrx_word' id='word_1_215' title='bbox 1201 2991 1286 3047; x_wconf 84' lang='lat' dir='ltr'><strong>vel</strong></span> <span class='ocrx_word' id='word_1_216' title='bbox 1332 2989 1660 3046; x_wconf 88' lang='lat' dir='ltr'><strong>adhortandi</strong></span> <span class='ocrx_word' id='word_1_217' title='bbox 1706 2989 1959 3045; x_wconf 82' lang='lat' dir='ltr'><strong>homines</strong></span> 
     </span>
    </p>
   </div>
   <div class='ocr_carea' id='block_1_32' title="bbox 2073 494 3662 568">
    <p class='ocr_par' dir='ltr' id='par_1_32' title="bbox 2073 494 3662 568">
     <span class='ocr_line' id='line_1_32' title="bbox 2073 494 3662 568; baseline 0.003 -20"><span class='ocrx_word' id='word_1_218' title='bbox 2073 512 2209 567; x_wconf 85' lang='grc' dir='ltr'>ριον,</span> <span class='ocrx_word' id='word_1_219' title='bbox 2253 496 2312 560; x_wconf 85' lang='grc' dir='ltr'>ὃς</span> <span class='ocrx_word' id='word_1_220' title='bbox 2351 498 2468 549; x_wconf 87' lang='grc' dir='ltr'>ἐστι</span> <span class='ocrx_word' id='word_1_221' title='bbox 2520 494 2935 568; x_wconf 77' lang='grc' dir='ltr'><strong>φιλανθρωπίας</strong></span> <span class='ocrx_word' id='word_1_222' title='bbox 2999 497 3096 551; x_wconf 74' lang='grc' dir='ltr'>καὶ</span> <span class='ocrx_word' id='word_1_223' title='bbox 3154 496 3435 568; x_wconf 77' lang='grc' dir='ltr'><strong>σωτηρίας</strong></span> <span class='ocrx_word' id='word_1_224' title='bbox 3482 496 3662 568; x_wconf 75' lang='grc' dir='ltr'>πηγὴ,</span> 
     </span>
    </p>
   </div>
   <div class='ocr_carea' id='block_1_33' title="bbox 2068 588 3664 662">
    <p class='ocr_par' dir='ltr' id='par_1_33' title="bbox 2068 588 3664 662">
     <span class='ocr_line' id='line_1_33' title="bbox 2068 588 3664 662; baseline 0.001 -20"><span class='ocrx_word' id='word_1_225' title='bbox 2068 588 2259 643; x_wconf 81' lang='grc' dir='ltr'>τοῦτον</span> <span class='ocrx_word' id='word_1_226' title='bbox 2288 588 2596 644; x_wconf 81' lang='grc' dir='ltr'><strong>ἀποδιδόναι</strong></span> <span class='ocrx_word' id='word_1_227' title='bbox 2623 590 2756 660; x_wconf 72' lang='grc' dir='ltr'>φησὶ</span> <span class='ocrx_word' id='word_1_228' title='bbox 2787 591 2903 653; x_wconf 81' lang='grc' dir='ltr'>τοῖς</span> <span class='ocrx_word' id='word_1_229' title='bbox 2927 589 3262 660; x_wconf 76' lang='grc' dir='ltr'><strong>κακούργοις</strong></span> <span class='ocrx_word' id='word_1_230' title='bbox 3287 591 3348 643; x_wconf 83' lang='grc' dir='ltr'><strong>ού</strong></span> <span class='ocrx_word' id='word_1_231' title='bbox 3376 590 3664 662; x_wconf 79' lang='grc' dir='ltr'>τιμωρού-</span> 
     </span>
    </p>
   </div>
   <div class='ocr_carea' id='block_1_34' title="bbox 2073 681 3666 755">
    <p class='ocr_par' dir='ltr' id='par_1_34' title="bbox 2073 681 3666 755">
     <span class='ocr_line' id='line_1_34' title="bbox 2073 681 3666 755; baseline 0.001 -18"><span class='ocrx_word' id='word_1_232' title='bbox 2073 700 2235 754; x_wconf 82' lang='grc' dir='ltr'>μενον</span> <span class='ocrx_word' id='word_1_233' title='bbox 2255 682 2317 737; x_wconf 84' lang='grc' dir='ltr'><strong>τδ</strong></span> <span class='ocrx_word' id='word_1_234' title='bbox 2333 683 2534 737; x_wconf 86' lang='grc' dir='ltr'>οίκεῖον</span> <span class='ocrx_word' id='word_1_235' title='bbox 2554 682 2803 754; x_wconf 84' lang='grc' dir='ltr'>πλάσμα,</span> <span class='ocrx_word' id='word_1_236' title='bbox 2828 683 2951 737; x_wconf 82' lang='grc' dir='ltr'><strong>ούδέ</strong></span> <span class='ocrx_word' id='word_1_237' title='bbox 2972 681 3294 748; x_wconf 78' lang='grc' dir='ltr'>κολάζοντα,</span> <span class='ocrx_word' id='word_1_238' title='bbox 3316 682 3666 755; x_wconf 81' lang='grc' dir='ltr'>μεθιστῶντα</span> 
     </span>
    </p>
   </div>
   <div class='ocr_carea' id='block_1_35' title="bbox 2067 773 3663 845">
    <p class='ocr_par' dir='ltr' id='par_1_35' title="bbox 2067 773 3663 845">
     <span class='ocr_line' id='line_1_35' title="bbox 2067 773 3663 845; baseline -0.001 -17"><span class='ocrx_word' id='word_1_239' title='bbox 2067 774 2127 828; x_wconf 86' lang='grc' dir='ltr'>δὲ</span> <span class='ocrx_word' id='word_1_240' title='bbox 2152 774 2263 828; x_wconf 83' lang='grc' dir='ltr'>τῶν</span> <span class='ocrx_word' id='word_1_241' title='bbox 2292 774 2514 843; x_wconf 83' lang='grc' dir='ltr'><strong>φαύλων</strong></span> <span class='ocrx_word' id='word_1_242' title='bbox 2540 774 2720 845; x_wconf 73' lang='grc' dir='ltr'>ἔργων</span> <span class='ocrx_word' id='word_1_243' title='bbox 2742 774 2839 829; x_wconf 73' lang='grc' dir='ltr'>καὶ</span> <span class='ocrx_word' id='word_1_244' title='bbox 2887 775 3026 845; x_wconf 83' lang='grc' dir='ltr'>πρὸς</span> <span class='ocrx_word' id='word_1_245' title='bbox 3053 774 3152 845; x_wconf 74' lang='grc' dir='ltr'>τὴν</span> <span class='ocrx_word' id='word_1_246' title='bbox 3196 773 3303 828; x_wconf 81' lang='grc' dir='ltr'><strong>τῶν</strong></span> <span class='ocrx_word' id='word_1_247' title='bbox 3353 775 3663 845; x_wconf 78' lang='grc' dir='ltr'>ἀμεινόνων</span> 
     </span>
    </p>
   </div>
   <div class='ocr_carea' id='block_1_36' title="bbox 2068 864 3663 939">
    <p class='ocr_par' dir='ltr' id='par_1_36' title="bbox 2068 864 3663 939">
     <span class='ocr_line' id='line_1_36' title="bbox 2068 864 3663 939; baseline 0.001 -21"><span class='ocrx_word' id='word_1_248' title='bbox 2068 864 2270 937; x_wconf 78' lang='grc' dir='ltr'>πρᾶξιν</span> <span class='ocrx_word' id='word_1_249' title='bbox 2294 865 2825 937; x_wconf 76' lang='grc' dir='ltr'>μεταρῤυθμίζοντα.</span> <span class='ocrx_word' id='word_1_250' title='bbox 2849 866 2916 921; x_wconf 82' lang='grc' dir='ltr'><strong>Ὀ</strong></span> <span class='ocrx_word' id='word_1_251' title='bbox 2931 865 3076 932; x_wconf 88' lang='grc' dir='ltr'>τίνος</span> <span class='ocrx_word' id='word_1_252' title='bbox 3100 866 3166 920; x_wconf 86' lang='grc' dir='ltr'>ἂν</span> <span class='ocrx_word' id='word_1_253' title='bbox 3191 866 3279 937; x_wconf 70' lang='grc' dir='ltr'><strong>εἴη</strong></span> <span class='ocrx_word' id='word_1_254' title='bbox 3305 868 3485 939; x_wconf 74' lang='grc' dir='ltr'>ἀρᾶςς</span> <span class='ocrx_word' id='word_1_255' title='bbox 3512 868 3663 931; x_wconf 79' lang='grc' dir='ltr'>τίνος</span> 
     </span>
    </p>
   </div>
   <div class='ocr_carea' id='block_1_37' title="bbox 2067 956 3662 1032">
    <p class='ocr_par' dir='ltr' id='par_1_37' title="bbox 2067 956 3662 1032">
     <span class='ocr_line' id='line_1_37' title="bbox 2067 956 3662 1032; baseline 0.001 -20"><span class='ocrx_word' id='word_1_256' title='bbox 2067 958 2125 1012; x_wconf 79' lang='grc' dir='ltr'>δὲ</span> <span class='ocrx_word' id='word_1_257' title='bbox 2163 957 2358 1025; x_wconf 82' lang='grc' dir='ltr'>ποινὰς</span> <span class='ocrx_word' id='word_1_258' title='bbox 2388 959 2710 1031; x_wconf 81' lang='grc' dir='ltr'>ἀναϐοώσης</span> <span class='ocrx_word' id='word_1_259' title='bbox 2735 960 3131 1032; x_wconf 78' lang='grc' dir='ltr'>προρρήσεωςς</span> <span class='ocrx_word' id='word_1_260' title='bbox 3172 961 3315 1016; x_wconf 81' lang='grc' dir='ltr'>Ἀλλ’</span> <span class='ocrx_word' id='word_1_261' title='bbox 3337 956 3430 1014; x_wconf 82' lang='grc' dir='ltr'>οὖν</span> <span class='ocrx_word' id='word_1_262' title='bbox 3466 959 3662 1027; x_wconf 78' lang='grc' dir='ltr'>ὥσπερ</span> 
     </span>
    </p>
   </div>
   <div class='ocr_carea' id='block_1_38' title="bbox 2068 1050 3660 1125">
    <p class='ocr_par' dir='ltr' id='par_1_38' title="bbox 2068 1050 3660 1125">
     <span class='ocr_line' id='line_1_38' title="bbox 2068 1050 3660 1125; baseline -0.001 -20"><span class='ocrx_word' id='word_1_263' title='bbox 2068 1051 2164 1105; x_wconf 75' lang='grc' dir='ltr'>καὶ</span> <span class='ocrx_word' id='word_1_264' title='bbox 2203 1050 2408 1123; x_wconf 77' lang='grc' dir='ltr'>θατέρᾳ</span> <span class='ocrx_word' id='word_1_265' title='bbox 2429 1050 2540 1105; x_wconf 86' lang='grc' dir='ltr'><strong>τῶν</strong></span> <span class='ocrx_word' id='word_1_266' title='bbox 2569 1051 2862 1116; x_wconf 85' lang='grc' dir='ltr'>ἐπιϐολῶν,</span> <span class='ocrx_word' id='word_1_267' title='bbox 2892 1051 3038 1106; x_wconf 79' lang='grc' dir='ltr'>οὕτω</span> <span class='ocrx_word' id='word_1_268' title='bbox 3068 1071 3160 1124; x_wconf 91' lang='grc' dir='ltr'><strong>μοι</strong></span> <span class='ocrx_word' id='word_1_269' title='bbox 3181 1054 3333 1108; x_wconf 87' lang='grc' dir='ltr'><strong>δοκεῖ</strong></span> <span class='ocrx_word' id='word_1_270' title='bbox 3358 1053 3451 1107; x_wconf 72' lang='grc' dir='ltr'>καὶ</span> <span class='ocrx_word' id='word_1_271' title='bbox 3479 1052 3660 1125; x_wconf 71' lang='grc' dir='ltr'>ταύτῃ</span> 
     </span>
    </p>
   </div>
   <div class='ocr_carea' id='block_1_39' title="bbox 2067 1144 3661 1217">
    <p class='ocr_par' dir='ltr' id='par_1_39' title="bbox 2067 1144 3661 1217">
     <span class='ocr_line' id='line_1_39' title="bbox 2067 1144 3661 1217; baseline -0.002 -18"><span class='ocrx_word' id='word_1_272' title='bbox 2067 1145 2138 1200; x_wconf 79' lang='grc' dir='ltr'>τὰ</span> <span class='ocrx_word' id='word_1_273' title='bbox 2170 1145 2370 1215; x_wconf 79' lang='grc' dir='ltr'>ἐφεξῆς</span> <span class='ocrx_word' id='word_1_274' title='bbox 2386 1145 2790 1216; x_wconf 72' lang='grc' dir='ltr'><strong>διαμάχεσθαι⁹</strong></span> <span class='ocrx_word' id='word_1_275' title='bbox 2818 1146 2914 1198; x_wconf 65' lang='grc' dir='ltr'><strong>καὶ¹</strong></span> <span class='ocrx_word' id='word_1_276' title='bbox 2947 1144 3058 1217; x_wconf 78' lang='grc' dir='ltr'><strong>γὰρ</strong></span> <span class='ocrx_word' id='word_1_277' title='bbox 3092 1145 3292 1211; x_wconf 83' lang='grc' dir='ltr'>ἐπάγει</span> <span class='ocrx_word' id='word_1_278' title='bbox 3319 1161 3335 1176; x_wconf 74' lang='grc' dir='ltr'><strong><em>ο</em></strong></span> <span class='ocrx_word' id='word_1_279' title='bbox 3369 1164 3388 1197; x_wconf 79' lang='grc' dir='ltr'><strong>ι</strong></span> <span class='ocrx_word' id='word_1_280' title='bbox 3421 1146 3520 1197; x_wconf 83' lang='lat' dir='ltr'><strong>‘Ov</strong></span> <span class='ocrx_word' id='word_1_281' title='bbox 3565 1145 3661 1197; x_wconf 73' lang='grc' dir='ltr'>καὶ</span> 
     </span>
    </p>
   </div>
   <div class='ocr_carea' id='block_1_40' title="bbox 2069 1235 3660 1309">
    <p class='ocr_par' dir='ltr' id='par_1_40' title="bbox 2069 1235 3660 1309">
     <span class='ocr_line' id='line_1_40' title="bbox 2069 1235 3660 1309; baseline -0.001 -18"><span class='ocrx_word' id='word_1_282' title='bbox 2069 1238 2136 1291; x_wconf 75' lang='grc' dir='ltr'>σὺ</span> <span class='ocrx_word' id='word_1_283' title='bbox 2182 1238 2460 1307; x_wconf 79' lang='grc' dir='ltr'>φυλάσσου</span> <span class='ocrx_word' id='word_1_284' title='bbox 2485 1254 2500 1269; x_wconf 72' lang='grc'><strong>⁸</strong></span> <span class='ocrx_word' id='word_1_285' title='bbox 2532 1238 2654 1291; x_wconf 83' lang='grc' dir='ltr'>λίαν</span> <span class='ocrx_word' id='word_1_286' title='bbox 2688 1237 2802 1309; x_wconf 77' lang='grc' dir='ltr'>γὰρ</span> <span class='ocrx_word' id='word_1_287' title='bbox 2838 1235 3142 1309; x_wconf 84' lang='grc' dir='ltr'>ἀνθέστηκε</span> <span class='ocrx_word' id='word_1_288' title='bbox 3188 1238 3304 1301; x_wconf 89' lang='grc' dir='ltr'>τοῖς</span> <span class='ocrx_word' id='word_1_289' title='bbox 3359 1237 3660 1308; x_wconf 76' lang='grc' dir='ltr'>ἡμετέροις</span> 
     </span>
    </p>
   </div>
   <div class='ocr_carea' id='block_1_41' title="bbox 2066 1326 3661 1399">
    <p class='ocr_par' dir='ltr' id='par_1_41' title="bbox 2066 1326 3661 1399">
     <span class='ocr_line' id='line_1_41' title="bbox 2066 1326 3661 1399; baseline -0.003 -16"><span class='ocrx_word' id='word_1_290' title='bbox 2066 1330 2269 1397; x_wconf 86' lang='grc' dir='ltr'>λόγοις.</span> <span class='ocrx_word' id='word_1_291' title='bbox 2293 1348 2312 1380; x_wconf 73' lang='grc' dir='ltr'><strong>ι</strong></span> <span class='ocrx_word' id='word_1_292' title='bbox 2349 1329 2491 1383; x_wconf 83' lang='grc' dir='ltr'>Ἀλλ’</span> <span class='ocrx_word' id='word_1_293' title='bbox 2522 1329 2776 1399; x_wconf 85' lang='grc' dir='ltr'>ἐμποδὼν</span> <span class='ocrx_word' id='word_1_294' title='bbox 2805 1329 2904 1399; x_wconf 85' lang='grc' dir='ltr'>μὲν</span> <span class='ocrx_word' id='word_1_295' title='bbox 2933 1331 3045 1392; x_wconf 85' lang='grc' dir='ltr'>τοῖς</span> <span class='ocrx_word' id='word_1_296' title='bbox 3065 1327 3248 1391; x_wconf 83' lang='grc' dir='ltr'>ἄλλοις</span> <span class='ocrx_word' id='word_1_297' title='bbox 3280 1326 3409 1391; x_wconf 68' lang='grc' dir='ltr'>ἴσως</span> <span class='ocrx_word' id='word_1_298' title='bbox 3440 1328 3661 1381; x_wconf 76' lang='grc' dir='ltr'>ἵσταται</span> 
     </span>
    </p>
   </div>
   <div class='ocr_carea' id='block_1_42' title="bbox 2065 1418 3661 1494">
    <p class='ocr_par' dir='ltr' id='par_1_42' title="bbox 2065 1418 3661 1494">
     <span class='ocr_line' id='line_1_42' title="bbox 2065 1418 3661 1494; baseline -0.003 -18"><span class='ocrx_word' id='word_1_299' title='bbox 2065 1422 2242 1477; x_wconf 79' lang='grc' dir='ltr'>ταῦτα</span> <span class='ocrx_word' id='word_1_300' title='bbox 2267 1438 2282 1453; x_wconf 87' lang='grc'><strong>·</strong></span> <span class='ocrx_word' id='word_1_301' title='bbox 2319 1424 2603 1492; x_wconf 79' lang='grc' dir='ltr'>συμφωνεῖ</span> <span class='ocrx_word' id='word_1_302' title='bbox 2632 1420 2690 1475; x_wconf 85' lang='grc' dir='ltr'>δὲ</span> <span class='ocrx_word' id='word_1_303' title='bbox 2716 1418 2922 1494; x_wconf 85' lang='grc' dir='ltr'>μᾶλλον</span> <span class='ocrx_word' id='word_1_304' title='bbox 2960 1422 3072 1486; x_wconf 87' lang='grc' dir='ltr'><strong>τοίς</strong></span> <span class='ocrx_word' id='word_1_305' title='bbox 3103 1422 3183 1485; x_wconf 87' lang='grc' dir='ltr'><strong>εἰς</strong></span> <span class='ocrx_word' id='word_1_306' title='bbox 3211 1419 3353 1492; x_wconf 75' lang='grc' dir='ltr'>ἀρὰν</span> <span class='ocrx_word' id='word_1_307' title='bbox 3374 1420 3435 1474; x_wconf 81' lang='grc' dir='ltr'>τὸ</span> <span class='ocrx_word' id='word_1_308' title='bbox 3456 1423 3661 1492; x_wconf 75' lang='grc' dir='ltr'>χωρίον</span> 
     </span>
    </p>
   </div>
   <div class='ocr_carea' id='block_1_43' title="bbox 2067 1515 2430 1589">
    <p class='ocr_par' dir='ltr' id='par_1_43' title="bbox 2067 1515 2430 1589">
     <span class='ocr_line' id='line_1_43' title="bbox 2067 1515 2430 1589; baseline 0 -17"><span class='ocrx_word' id='word_1_309' title='bbox 2067 1515 2430 1589; x_wconf 82' lang='grc' dir='ltr'>ἀναφέρουσι.</span> 
     </span>
    </p>
   </div>
   <div class='ocr_carea' id='block_1_44' title="bbox 2140 1694 3658 1773">
    <p class='ocr_par' dir='ltr' id='par_1_44' title="bbox 2140 1694 3658 1773">
     <span class='ocr_line' id='line_1_44' title="bbox 2140 1694 3658 1773; baseline -0.005 -16"><span class='ocrx_word' id='word_1_310' title='bbox 2140 1700 2244 1773; x_wconf 85' lang='grc' dir='ltr'><strong>κβ’.</strong></span> <span class='ocrx_word' id='word_1_311' title='bbox 2283 1701 2400 1756; x_wconf 81' lang='grc' dir='ltr'><strong>Οὐκ</strong></span> <span class='ocrx_word' id='word_1_312' title='bbox 2422 1699 2809 1757; x_wconf 83' lang='grc' dir='ltr'>ἐναντιώσεται</span> <span class='ocrx_word' id='word_1_313' title='bbox 2841 1698 2899 1754; x_wconf 79' lang='grc' dir='ltr'>δὲ</span> <span class='ocrx_word' id='word_1_314' title='bbox 2931 1699 3065 1771; x_wconf 76' lang='grc' dir='ltr'>ἡμῖν</span> <span class='ocrx_word' id='word_1_315' title='bbox 3087 1698 3244 1753; x_wconf 78' lang='grc' dir='ltr'>οὐδὲν</span> <span class='ocrx_word' id='word_1_316' title='bbox 3282 1695 3409 1752; x_wconf 73' lang='grc' dir='ltr'>οὔτε</span> <span class='ocrx_word' id='word_1_317' title='bbox 3441 1694 3658 1765; x_wconf 79' lang='grc' dir='ltr'>Στέφα-</span> 
     </span>
    </p>
   </div>
   <div class='ocr_carea' id='block_1_45' title="bbox 2064 1785 3654 1867">
    <p class='ocr_par' dir='ltr' id='par_1_45' title="bbox 2064 1785 3654 1867">
     <span class='ocr_line' id='line_1_45' title="bbox 2064 1785 3654 1867; baseline -0.008 -16"><span class='ocrx_word' id='word_1_318' title='bbox 2064 1813 2154 1860; x_wconf 91' lang='grc' dir='ltr'><strong>νος</strong></span> <span class='ocrx_word' id='word_1_319' title='bbox 2188 1794 2297 1849; x_wconf 85' lang='grc' dir='ltr'><strong>τῶν</strong></span> <span class='ocrx_word' id='word_1_320' title='bbox 2331 1793 2628 1867; x_wconf 82' lang='grc' dir='ltr'>μαρτύρων</span> <span class='ocrx_word' id='word_1_321' title='bbox 2656 1792 2897 1865; x_wconf 84' lang='grc' dir='ltr'>πρῶτος,</span> <span class='ocrx_word' id='word_1_322' title='bbox 2923 1791 3049 1854; x_wconf 78' lang='grc' dir='ltr'>τοὺς</span> <span class='ocrx_word' id='word_1_323' title='bbox 3074 1787 3337 1860; x_wconf 81' lang='grc' dir='ltr'>φονευτὰς</span> <span class='ocrx_word' id='word_1_324' title='bbox 3356 1785 3654 1856; x_wconf 83' lang='grc' dir='ltr'>εὐλογίαις,</span> 
     </span>
    </p>
   </div>
   <div class='ocr_carea' id='block_1_46' title="bbox 2065 1877 3654 1958">
    <p class='ocr_par' dir='ltr' id='par_1_46' title="bbox 2065 1877 3654 1958">
     <span class='ocr_line' id='line_1_46' title="bbox 2065 1877 3654 1958; baseline -0.008 -15"><span class='ocrx_word' id='word_1_325' title='bbox 2065 1886 2184 1943; x_wconf 83' lang='grc' dir='ltr'>ἀλλ’</span> <span class='ocrx_word' id='word_1_326' title='bbox 2213 1887 2315 1941; x_wconf 85' lang='grc' dir='ltr'>οὐκ</span> <span class='ocrx_word' id='word_1_327' title='bbox 2353 1886 2517 1958; x_wconf 81' lang='grc' dir='ltr'>ἀραῖς</span> <span class='ocrx_word' id='word_1_328' title='bbox 2565 1883 2935 1956; x_wconf 82' lang='grc' dir='ltr'>ἀμυνόμενος,</span> <span class='ocrx_word' id='word_1_329' title='bbox 2965 1880 3089 1956; x_wconf 73' lang='grc' dir='ltr'>οὔτε</span> <span class='ocrx_word' id='word_1_330' title='bbox 3133 1880 3239 1952; x_wconf 82' lang='grc' dir='ltr'>πρὸ</span> <span class='ocrx_word' id='word_1_331' title='bbox 3277 1877 3444 1934; x_wconf 73' lang='grc' dir='ltr'>αὐτοῦ</span> <span class='ocrx_word' id='word_1_332' title='bbox 3474 1879 3504 1931; x_wconf 98' lang='lat'><strong>6</strong></span> <span class='ocrx_word' id='word_1_333' title='bbox 3536 1893 3654 1930; x_wconf 79' lang='grc' dir='ltr'>κοι-</span> 
     </span>
    </p>
   </div>
   <div class='ocr_carea' id='block_1_47' title="bbox 2065 1968 3653 2049">
    <p class='ocr_par' dir='ltr' id='par_1_47' title="bbox 2065 1968 3653 2049">
     <span class='ocr_line' id='line_1_47' title="bbox 2065 1968 3653 2049; baseline -0.007 -15"><span class='ocrx_word' id='word_1_334' title='bbox 2065 1979 2155 2045; x_wconf 87' lang='grc' dir='ltr'><strong>νδς</strong></span> <span class='ocrx_word' id='word_1_335' title='bbox 2186 1980 2472 2049; x_wconf 83' lang='grc' dir='ltr'><strong>Δεσπότης</strong></span> <span class='ocrx_word' id='word_1_336' title='bbox 2517 1977 2660 2048; x_wconf 83' lang='grc' dir='ltr'>ὑπὲρ</span> <span class='ocrx_word' id='word_1_337' title='bbox 2711 1976 2822 2030; x_wconf 84' lang='grc' dir='ltr'><strong>τῶν</strong></span> <span class='ocrx_word' id='word_1_338' title='bbox 2864 1973 3248 2046; x_wconf 84' lang='grc' dir='ltr'>σταυρούντων</span> <span class='ocrx_word' id='word_1_339' title='bbox 3294 1972 3389 2026; x_wconf 78' lang='grc' dir='ltr'>τὸν</span> <span class='ocrx_word' id='word_1_340' title='bbox 3429 1968 3653 2041; x_wconf 79' lang='grc' dir='ltr'>Πατέρα</span> 
     </span>
    </p>
   </div>
   <div class='ocr_carea' id='block_1_48' title="bbox 2065 2061 3652 2139">
    <p class='ocr_par' dir='ltr' id='par_1_48' title="bbox 2065 2061 3652 2139">
     <span class='ocr_line' id='line_1_48' title="bbox 2065 2061 3652 2139; baseline -0.008 -13"><span class='ocrx_word' id='word_1_341' title='bbox 2065 2071 2463 2139; x_wconf 82' lang='grc' dir='ltr'>ὲξιλεούμενος.</span> <span class='ocrx_word' id='word_1_342' title='bbox 2510 2069 2654 2123; x_wconf 80' lang='grc' dir='ltr'>Ἀλλ’</span> <span class='ocrx_word' id='word_1_343' title='bbox 2682 2069 2712 2121; x_wconf 91' lang='lat'><strong>6</strong></span> <span class='ocrx_word' id='word_1_344' title='bbox 2742 2067 2842 2137; x_wconf 85' lang='grc' dir='ltr'>μὲν</span> <span class='ocrx_word' id='word_1_345' title='bbox 2863 2067 2959 2120; x_wconf 79' lang='grc' dir='ltr'><strong>τοῦ</strong></span> <span class='ocrx_word' id='word_1_346' title='bbox 2994 2067 3247 2138; x_wconf 81' lang='grc' dir='ltr'>Σωτῆρος</span> <span class='ocrx_word' id='word_1_347' title='bbox 3265 2064 3426 2133; x_wconf 81' lang='grc' dir='ltr'>λόγος</span> <span class='ocrx_word' id='word_1_348' title='bbox 3454 2061 3569 2133; x_wconf 75' lang='grc' dir='ltr'>ἔχει</span> <span class='ocrx_word' id='word_1_349' title='bbox 3598 2078 3652 2115; x_wconf 86' lang='grc' dir='ltr'><strong>τι</strong></span> 
     </span>
    </p>
   </div>
   <div class='ocr_carea' id='block_1_49' title="bbox 2065 2157 3655 2236">
    <p class='ocr_par' dir='ltr' id='par_1_49' title="bbox 2065 2157 3655 2236">
     <span class='ocr_line' id='line_1_49' title="bbox 2065 2157 3655 2236; baseline -0.008 -17"><span class='ocrx_word' id='word_1_350' title='bbox 2065 2164 2162 2219; x_wconf 72' lang='grc' dir='ltr'>καὶ</span> <span class='ocrx_word' id='word_1_351' title='bbox 2195 2165 2296 2236; x_wconf 86' lang='grc' dir='ltr'>τῆς</span> <span class='ocrx_word' id='word_1_352' title='bbox 2323 2161 2610 2235; x_wconf 77' lang='grc' dir='ltr'>παρούσης</span> <span class='ocrx_word' id='word_1_353' title='bbox 2649 2159 2877 2234; x_wconf 88' lang='grc' dir='ltr'>ἐρεύνης</span> <span class='ocrx_word' id='word_1_354' title='bbox 2907 2158 3205 2231; x_wconf 85' lang='grc' dir='ltr'>βαθύτερόν</span> <span class='ocrx_word' id='word_1_355' title='bbox 3246 2174 3307 2211; x_wconf 86' lang='grc' dir='ltr'><strong>τε</strong></span> <span class='ocrx_word' id='word_1_356' title='bbox 3335 2157 3428 2211; x_wconf 73' lang='grc' dir='ltr'><strong>καὶ</strong></span> <span class='ocrx_word' id='word_1_357' title='bbox 3458 2171 3655 2228; x_wconf 86' lang='grc' dir='ltr'>μυστι-</span> 
     </span>
    </p>
   </div>
   <div class='ocr_carea' id='block_1_50' title="bbox 2063 2246 3653 2329">
    <p class='ocr_par' dir='ltr' id='par_1_50' title="bbox 2063 2246 3653 2329">
     <span class='ocr_line' id='line_1_50' title="bbox 2063 2246 3653 2329; baseline -0.008 -17"><span class='ocrx_word' id='word_1_358' title='bbox 2063 2257 2305 2329; x_wconf 84' lang='grc' dir='ltr'>κὼτερον</span> <span class='ocrx_word' id='word_1_359' title='bbox 2326 2273 2339 2286; x_wconf 89' lang='grc'><strong>·</strong></span> <span class='ocrx_word' id='word_1_360' title='bbox 2365 2258 2393 2309; x_wconf 88' lang='lat'><strong>6</strong></span> <span class='ocrx_word' id='word_1_361' title='bbox 2422 2255 2480 2308; x_wconf 83' lang='grc' dir='ltr'><strong>δέ</strong></span> <span class='ocrx_word' id='word_1_362' title='bbox 2510 2253 2825 2317; x_wconf 79' lang='grc' dir='ltr'>καλλίνικος</span> <span class='ocrx_word' id='word_1_363' title='bbox 2867 2251 3078 2324; x_wconf 81' lang='grc' dir='ltr'>μάρτυς</span> <span class='ocrx_word' id='word_1_364' title='bbox 3127 2249 3248 2313; x_wconf 83' lang='grc' dir='ltr'><strong>πῶς</strong></span> <span class='ocrx_word' id='word_1_365' title='bbox 3282 2251 3416 2320; x_wconf 78' lang='grc' dir='ltr'>ἡμῖν</span> <span class='ocrx_word' id='word_1_366' title='bbox 3461 2248 3525 2301; x_wconf 83' lang='grc' dir='ltr'><strong>ού</strong></span> <span class='ocrx_word' id='word_1_367' title='bbox 3582 2246 3653 2300; x_wconf 81' lang='grc' dir='ltr'>δι’</span> 
     </span>
    </p>
   </div>
   <div class='ocr_carea' id='block_1_51' title="bbox 2063 2331 3654 2421">
    <p class='ocr_par' dir='ltr' id='par_1_51' title="bbox 2063 2331 3654 2421">
     <span class='ocr_line' id='line_1_51' title="bbox 2063 2331 3654 2421; baseline -0.009 -15"><span class='ocrx_word' id='word_1_368' title='bbox 2063 2351 2275 2421; x_wconf 82' lang='grc' dir='ltr'>ἀγῶνος</span> <span class='ocrx_word' id='word_1_369' title='bbox 2338 2348 2625 2403; x_wconf 84' lang='grc' dir='ltr'>ἐλεύσεται</span> <span class='ocrx_word' id='word_1_370' title='bbox 2645 2364 2661 2414; x_wconf 88' lang='lat'><strong>;</strong></span> <span class='ocrx_word' id='word_1_371' title='bbox 2683 2347 2788 2409; x_wconf 80' lang='grc' dir='ltr'>ὅτι,</span> <span class='ocrx_word' id='word_1_372' title='bbox 2812 2345 2941 2409; x_wconf 79' lang='grc' dir='ltr'>τοὺς</span> <span class='ocrx_word' id='word_1_373' title='bbox 2976 2343 3268 2418; x_wconf 83' lang='grc' dir='ltr'>Ἰουδαίους</span> <span class='ocrx_word' id='word_1_374' title='bbox 3292 2331 3508 2412; x_wconf 81' lang='grc' dir='ltr'>βλέπων</span> <span class='ocrx_word' id='word_1_375' title='bbox 3536 2340 3654 2402; x_wconf 82' lang='grc' dir='ltr'>τοῖς</span> 
     </span>
    </p>
   </div>
   <div class='ocr_carea' id='block_1_52' title="bbox 2062 2433 3656 2514">
    <p class='ocr_par' dir='ltr' id='par_1_52' title="bbox 2062 2433 3656 2514">
     <span class='ocr_line' id='line_1_52' title="bbox 2062 2433 3656 2514; baseline -0.011 -13"><span class='ocrx_word' id='word_1_376' title='bbox 2062 2446 2185 2501; x_wconf 78' lang='grc' dir='ltr'>κατ’</span> <span class='ocrx_word' id='word_1_377' title='bbox 2219 2443 2383 2500; x_wconf 81' lang='grc' dir='ltr'>αὐτοῦ</span> <span class='ocrx_word' id='word_1_378' title='bbox 2423 2442 2615 2514; x_wconf 79' lang='grc' dir='ltr'>θυμοῖς</span> <span class='ocrx_word' id='word_1_379' title='bbox 2662 2439 3142 2511; x_wconf 82' lang='grc' dir='ltr'>ἀναφλεγομένους</span> <span class='ocrx_word' id='word_1_380' title='bbox 3192 2436 3287 2491; x_wconf 73' lang='grc' dir='ltr'>καὶ</span> <span class='ocrx_word' id='word_1_381' title='bbox 3314 2437 3384 2507; x_wconf 77' lang='grc' dir='ltr'><strong>τῇ</strong></span> <span class='ocrx_word' id='word_1_382' title='bbox 3413 2433 3656 2504; x_wconf 72' lang='grc' dir='ltr'>ἀπονοία</span> 
     </span>
    </p>
   </div>
   <div class='ocr_carea' id='block_1_53' title="bbox 2065 2525 3655 2613">
    <p class='ocr_par' dir='ltr' id='par_1_53' title="bbox 2065 2525 3655 2613">
     <span class='ocr_line' id='line_1_53' title="bbox 2065 2525 3655 2613; baseline -0.01 -19"><span class='ocrx_word' id='word_1_383' title='bbox 2065 2538 2384 2613; x_wconf 89' lang='grc' dir='ltr'>μεθύοντας,</span> <span class='ocrx_word' id='word_1_384' title='bbox 2417 2537 2513 2591; x_wconf 75' lang='grc' dir='ltr'>καὶ</span> <span class='ocrx_word' id='word_1_385' title='bbox 2536 2538 2677 2605; x_wconf 79' lang='grc' dir='ltr'>σφᾶς</span> <span class='ocrx_word' id='word_1_386' title='bbox 2710 2533 2910 2598; x_wconf 77' lang='grc' dir='ltr'>αὐτοὺς</span> <span class='ocrx_word' id='word_1_387' title='bbox 2947 2533 3104 2597; x_wconf 80' lang='grc' dir='ltr'>ὅλους</span> <span class='ocrx_word' id='word_1_388' title='bbox 3144 2530 3223 2603; x_wconf 81' lang='grc' dir='ltr'><strong>τῷ</strong></span> <span class='ocrx_word' id='word_1_389' title='bbox 3276 2529 3423 2600; x_wconf 86' lang='grc' dir='ltr'>φόνῳ</span> <span class='ocrx_word' id='word_1_390' title='bbox 3451 2525 3655 2599; x_wconf 86' lang='grc' dir='ltr'>βαπτί-</span> 
     </span>
    </p>
   </div>
   <div class='ocr_carea' id='block_1_54' title="bbox 2064 2617 3656 2701">
    <p class='ocr_par' dir='ltr' id='par_1_54' title="bbox 2064 2617 3656 2701">
     <span class='ocr_line' id='line_1_54' title="bbox 2064 2617 3656 2701; baseline -0.01 -13"><span class='ocrx_word' id='word_1_391' title='bbox 2064 2649 2289 2697; x_wconf 89' lang='grc' dir='ltr'>σαντας,</span> <span class='ocrx_word' id='word_1_392' title='bbox 2317 2630 2481 2695; x_wconf 75' lang='grc' dir='ltr'>αὐτὸς</span> <span class='ocrx_word' id='word_1_393' title='bbox 2514 2628 2616 2701; x_wconf 72' lang='grc' dir='ltr'>ἥδη</span> <span class='ocrx_word' id='word_1_394' title='bbox 2652 2627 2838 2682; x_wconf 77' lang='grc' dir='ltr'>λοιπὸν</span> <span class='ocrx_word' id='word_1_395' title='bbox 2884 2627 2979 2682; x_wconf 68' lang='grc' dir='ltr'><strong>ἐπὶ</strong></span> <span class='ocrx_word' id='word_1_396' title='bbox 3024 2624 3223 2690; x_wconf 84' lang='grc' dir='ltr'>πύλαις</span> <span class='ocrx_word' id='word_1_397' title='bbox 3262 2619 3511 2695; x_wconf 79' lang='grc' dir='ltr'>ἑστηκὼς</span> <span class='ocrx_word' id='word_1_398' title='bbox 3551 2617 3656 2672; x_wconf 74' lang='grc' dir='ltr'><strong>τοῦ</strong></span> 
     </span>
    </p>
   </div>
   <div class='ocr_carea' id='block_1_55' title="bbox 2065 2713 3653 2799">
    <p class='ocr_par' dir='ltr' id='par_1_55' title="bbox 2065 2713 3653 2799">
     <span class='ocr_line' id='line_1_55' title="bbox 2065 2713 3653 2799; baseline -0.011 -18"><span class='ocrx_word' id='word_1_399' title='bbox 2065 2723 2408 2799; x_wconf 82' lang='grc' dir='ltr'>μαρτυρικοῦ</span> <span class='ocrx_word' id='word_1_400' title='bbox 2438 2722 2696 2785; x_wconf 87' lang='grc' dir='ltr'>θανάτου,</span> <span class='ocrx_word' id='word_1_401' title='bbox 2724 2718 2915 2791; x_wconf 77' lang='grc' dir='ltr'>καιρὸν</span> <span class='ocrx_word' id='word_1_402' title='bbox 2944 2718 3002 2772; x_wconf 77' lang='grc' dir='ltr'>δὲ</span> <span class='ocrx_word' id='word_1_403' title='bbox 3049 2715 3432 2789; x_wconf 79' lang='grc' dir='ltr'>παραινέσεως</span> <span class='ocrx_word' id='word_1_404' title='bbox 3465 2713 3653 2767; x_wconf 78' lang='grc' dir='ltr'>πάντα</span> 
     </span>
    </p>
   </div>
   <div class='ocr_carea' id='block_1_56' title="bbox 2058 2802 3657 2885">
    <p class='ocr_par' dir='ltr' id='par_1_56' title="bbox 2058 2802 3657 2885">
     <span class='ocr_line' id='line_1_56' title="bbox 2058 2802 3657 2885; baseline -0.008 -17"><span class='ocrx_word' id='word_1_405' title='bbox 2058 2816 2159 2885; x_wconf 85' lang='grc' dir='ltr'>τῆς</span> <span class='ocrx_word' id='word_1_406' title='bbox 2197 2811 2515 2884; x_wconf 78' lang='grc' dir='ltr'>μιαιφονίας</span> <span class='ocrx_word' id='word_1_407' title='bbox 2541 2808 3021 2879; x_wconf 79' lang='grc' dir='ltr'>ἀποτειχιξούσης,</span> <span class='ocrx_word' id='word_1_408' title='bbox 3061 2806 3324 2877; x_wconf 77' lang='grc' dir='ltr'>οὐδεμίαν</span> <span class='ocrx_word' id='word_1_409' title='bbox 3366 2821 3429 2858; x_wconf 87' lang='grc' dir='ltr'><strong>τε</strong></span> <span class='ocrx_word' id='word_1_410' title='bbox 3474 2802 3657 2856; x_wconf 82' lang='grc' dir='ltr'>ἐπιτί-</span> 
     </span>
    </p>
   </div>
   <div class='ocr_carea' id='block_1_57' title="bbox 2064 2896 3655 2978">
    <p class='ocr_par' dir='ltr' id='par_1_57' title="bbox 2064 2896 3655 2978">
     <span class='ocr_line' id='line_1_57' title="bbox 2064 2896 3655 2978; baseline -0.008 -18"><span class='ocrx_word' id='word_1_411' title='bbox 2064 2923 2236 2978; x_wconf 86' lang='grc' dir='ltr'>μησιν</span> <span class='ocrx_word' id='word_1_412' title='bbox 2266 2904 2599 2973; x_wconf 83' lang='grc' dir='ltr'>ἐνδιδούσης,</span> <span class='ocrx_word' id='word_1_413' title='bbox 2645 2902 2805 2957; x_wconf 79' lang='grc' dir='ltr'>τοῦτο</span> <span class='ocrx_word' id='word_1_414' title='bbox 2845 2901 2944 2973; x_wconf 81' lang='grc' dir='ltr'>μὲν</span> <span class='ocrx_word' id='word_1_415' title='bbox 2998 2901 3083 2955; x_wconf 81' lang='grc' dir='ltr'><strong>δτι</strong></span> <span class='ocrx_word' id='word_1_416' title='bbox 3122 2900 3217 2954; x_wconf 76' lang='grc' dir='ltr'>ἐπὶ</span> <span class='ocrx_word' id='word_1_417' title='bbox 3256 2896 3418 2969; x_wconf 78' lang='grc' dir='ltr'>ξυροῦ</span> <span class='ocrx_word' id='word_1_418' title='bbox 3462 2896 3655 2950; x_wconf 74' lang='grc' dir='ltr'>ἵστατο</span> 
     </span>
    </p>
   </div>
   <div class='ocr_carea' id='block_1_58' title="bbox 2060 2990 3655 3071">
    <p class='ocr_par' dir='ltr' id='par_1_58' title="bbox 2060 2990 3655 3071">
     <span class='ocr_line' id='line_1_58' title="bbox 2060 2990 3655 3071; baseline -0.009 -15"><span class='ocrx_word' id='word_1_419' title='bbox 2060 2999 2269 3071; x_wconf 84' lang='grc' dir='ltr'>ἀκμῆς,</span> <span class='ocrx_word' id='word_1_420' title='bbox 2286 2996 2519 3051; x_wconf 80' lang='grc' dir='ltr'>τοῦτοδὲ</span> <span class='ocrx_word' id='word_1_421' title='bbox 2548 2996 2633 3049; x_wconf 77' lang='grc' dir='ltr'>ὅτι</span> <span class='ocrx_word' id='word_1_422' title='bbox 2659 2992 2904 3065; x_wconf 86' lang='grc' dir='ltr'>μηδεμία</span> <span class='ocrx_word' id='word_1_423' title='bbox 2922 2992 3110 3062; x_wconf 77' lang='grc' dir='ltr'>ὄνησις</span> <span class='ocrx_word' id='word_1_424' title='bbox 3134 2993 3250 3055; x_wconf 87' lang='grc' dir='ltr'>τοῖς</span> <span class='ocrx_word' id='word_1_425' title='bbox 3275 2990 3419 3044; x_wconf 75' lang='grc' dir='ltr'>οὕτω</span> <span class='ocrx_word' id='word_1_426' title='bbox 3440 3005 3655 3059; x_wconf 79' lang='grc' dir='ltr'>κεκρα-</span> 
     </span>
    </p>
   </div>
   <div class='ocr_carea' id='block_1_59' title="bbox 364 3075 1958 3166">
    <p class='ocr_par' dir='ltr' id='par_1_59' title="bbox 364 3081 1956 3155">
     <span class='ocr_line' id='line_1_59' title="bbox 364 3081 1956 3155; baseline -0.002 -16"><span class='ocrx_word' id='word_1_427' title='bbox 364 3083 441 3139; x_wconf 89' lang='lat' dir='ltr'><strong>ita</strong></span> <span class='ocrx_word' id='word_1_428' title='bbox 465 3084 738 3155; x_wconf 85' lang='lat' dir='ltr'><strong>percitos;</strong></span> <span class='ocrx_word' id='word_1_429' title='bbox 767 3084 913 3155; x_wconf 91' lang='lat' dir='ltr'><strong>quod</strong></span> <span class='ocrx_word' id='word_1_430' title='bbox 948 3083 1221 3153; x_wconf 90' lang='lat' dir='ltr'><strong>reliquum</strong></span> <span class='ocrx_word' id='word_1_431' title='bbox 1250 3090 1393 3147; x_wconf 90' lang='lat' dir='ltr'><strong>crat,</strong></span> <span class='ocrx_word' id='word_1_432' title='bbox 1416 3091 1725 3138; x_wconf 82' lang='lat' dir='ltr'><strong>extremum</strong></span> <span class='ocrx_word' id='word_1_433' title='bbox 1754 3081 1956 3138; x_wconf 86' lang='lat' dir='ltr'><strong>athleta</strong></span> 
     </span>
    </p>
   </div>
   <div class='ocr_carea' id='block_1_60' title="bbox 2064 3075 3655 3166">
    <p class='ocr_par' dir='ltr' id='par_1_60' title="bbox 2064 3075 3655 3166">
     <span class='ocr_line' id='line_1_60' title="bbox 2064 3075 3655 3166; baseline -0.011 -19"><span class='ocrx_word' id='word_1_434' title='bbox 2064 3092 2322 3166; x_wconf 86' lang='grc' dir='ltr'>τημένοις</span> <span class='ocrx_word' id='word_1_435' title='bbox 2352 3088 2672 3160; x_wconf 86' lang='grc' dir='ltr'>ἐπιτίμησις</span> <span class='ocrx_word' id='word_1_436' title='bbox 2704 3087 2739 3157; x_wconf 82' lang='grc' dir='ltr'>ἢ</span> <span class='ocrx_word' id='word_1_437' title='bbox 2774 3085 3123 3157; x_wconf 88' lang='grc' dir='ltr'>παραίνεσις,</span> <span class='ocrx_word' id='word_1_438' title='bbox 3149 3082 3179 3136; x_wconf 83' lang='grc' dir='ltr'><strong>δ</strong></span> <span class='ocrx_word' id='word_1_439' title='bbox 3210 3081 3398 3136; x_wconf 77' lang='grc' dir='ltr'>λοιπὸν</span> <span class='ocrx_word' id='word_1_440' title='bbox 3425 3075 3515 3150; x_wconf 76' lang='grc' dir='ltr'>ἦν,</span> <span class='ocrx_word' id='word_1_441' title='bbox 3548 3078 3655 3149; x_wconf 78' lang='grc' dir='ltr'>τὴν</span> 
     </span>
    </p>
   </div>
   <div class='ocr_carea' id='block_1_61' title="bbox 363 3175 1957 3250">
    <p class='ocr_par' dir='ltr' id='par_1_61' title="bbox 363 3175 1957 3250">
     <span class='ocr_line' id='line_1_61' title="bbox 363 3175 1957 3250; baseline -0.001 -17"><span class='ocrx_word' id='word_1_442' title='bbox 363 3194 495 3250; x_wconf 85' lang='lat' dir='ltr'><strong>erga</strong></span> <span class='ocrx_word' id='word_1_443' title='bbox 516 3193 648 3235; x_wconf 89' lang='lat' dir='ltr'><strong>suos</strong></span> <span class='ocrx_word' id='word_1_444' title='bbox 680 3176 968 3234; x_wconf 76' lang='lat' dir='ltr'><strong>carnifices</strong></span> <span class='ocrx_word' id='word_1_445' title='bbox 996 3176 1271 3247; x_wconf 84' lang='lat' dir='ltr'><strong>expromit</strong></span> <span class='ocrx_word' id='word_1_446' title='bbox 1309 3175 1569 3243; x_wconf 81' lang='lat' dir='ltr'><strong>cilicium,</strong></span> <span class='ocrx_word' id='word_1_447' title='bbox 1602 3184 1768 3247; x_wconf 88' lang='lat' dir='ltr'><strong>atque</strong></span> <span class='ocrx_word' id='word_1_448' title='bbox 1802 3184 1861 3230; x_wconf 90' lang='lat' dir='ltr'><strong>ut</strong></span> <span class='ocrx_word' id='word_1_449' title='bbox 1887 3190 1957 3232; x_wconf 92' lang='lat' dir='ltr'><strong>ne</strong></span> 
     </span>
    </p>
   </div>
   <div class='ocr_carea' id='block_1_62' title="bbox 363 3267 1954 3341">
    <p class='ocr_par' dir='ltr' id='par_1_62' title="bbox 363 3267 1954 3341">
     <span class='ocr_line' id='line_1_62' title="bbox 363 3267 1954 3341; baseline -0.001 -16"><span class='ocrx_word' id='word_1_450' title='bbox 363 3271 477 3326; x_wconf 86' lang='lat' dir='ltr'><strong>illis</strong></span> <span class='ocrx_word' id='word_1_451' title='bbox 526 3279 810 3341; x_wconf 87' lang='lat' dir='ltr'><strong>peccatum</strong></span> <span class='ocrx_word' id='word_1_452' title='bbox 844 3272 1101 3340; x_wconf 89' lang='lat' dir='ltr'><strong>imputet,</strong></span> <span class='ocrx_word' id='word_1_453' title='bbox 1138 3283 1489 3325; x_wconf 88' lang='lat' dir='ltr'><strong>communem</strong></span> <span class='ocrx_word' id='word_1_454' title='bbox 1530 3267 1825 3324; x_wconf 89' lang='lat' dir='ltr'><strong>Dominum</strong></span> <span class='ocrx_word' id='word_1_455' title='bbox 1857 3267 1954 3325; x_wconf 87' lang='lat' dir='ltr'><strong>de-</strong></span> 
     </span>
    </p>
   </div>
   <div class='ocr_carea' id='block_1_63' title="bbox 363 3359 1953 3433">
    <p class='ocr_par' dir='ltr' id='par_1_63' title="bbox 363 3359 1953 3433">
     <span class='ocr_line' id='line_1_63' title="bbox 363 3359 1953 3433; baseline -0.001 -17"><span class='ocrx_word' id='word_1_456' title='bbox 363 3369 646 3433; x_wconf 87' lang='lat' dir='ltr'><strong>precatur.</strong></span> <span class='ocrx_word' id='word_1_457' title='bbox 703 3359 839 3427; x_wconf 83' lang='lat' dir='ltr'><strong>Quis</strong></span> <span class='ocrx_word' id='word_1_458' title='bbox 891 3370 1074 3415; x_wconf 91' lang='lat' dir='ltr'><strong>autem</strong></span> <span class='ocrx_word' id='word_1_459' title='bbox 1106 3360 1234 3415; x_wconf 86' lang='lat' dir='ltr'><strong>hic?</strong></span> <span class='ocrx_word' id='word_1_460' title='bbox 1274 3375 1470 3431; x_wconf 88' lang='lat' dir='ltr'><strong>nempe</strong></span> <span class='ocrx_word' id='word_1_461' title='bbox 1500 3359 1547 3417; x_wconf 89' lang='lat' dir='ltr'><strong>is</strong></span> <span class='ocrx_word' id='word_1_462' title='bbox 1591 3359 1686 3431; x_wconf 87' lang='lat' dir='ltr'><strong>qui</strong></span> <span class='ocrx_word' id='word_1_463' title='bbox 1734 3360 1953 3433; x_wconf 77' lang='lat' dir='ltr'><strong>longam</strong></span> 
     </span>
    </p>
   </div>
   <div class='ocr_carea' id='block_1_64' title="bbox 366 3452 1955 3531">
    <p class='ocr_par' dir='ltr' id='par_1_64' title="bbox 366 3452 1955 3531">
     <span class='ocr_line' id='line_1_64' title="bbox 366 3452 1955 3531; baseline -0.001 -22"><span class='ocrx_word' id='word_1_464' title='bbox 366 3470 547 3526; x_wconf 91' lang='lat' dir='ltr'><strong>nuper</strong></span> <span class='ocrx_word' id='word_1_465' title='bbox 606 3453 750 3524; x_wconf 88' lang='lat' dir='ltr'><strong>apud</strong></span> <span class='ocrx_word' id='word_1_466' title='bbox 779 3453 999 3509; x_wconf 63' lang='lat' dir='ltr'><strong>Iudaeos</strong></span> <span class='ocrx_word' id='word_1_467' title='bbox 1031 3452 1359 3509; x_wconf 84' lang='lat' dir='ltr'><strong>recitaverat</strong></span> <span class='ocrx_word' id='word_1_468' title='bbox 1385 3452 1821 3531; x_wconf 81' lang='lat' dir='ltr'><strong>admonitionem</strong></span> <span class='ocrx_word' id='word_1_469' title='bbox 1871 3462 1955 3508; x_wconf 88' lang='lat' dir='ltr'><strong>at-</strong></span> 
     </span>
    </p>
   </div>
   <div class='ocr_carea' id='block_1_65' title="bbox 367 3538 1956 3617">
    <p class='ocr_par' dir='ltr' id='par_1_65' title="bbox 367 3538 1956 3617">
     <span class='ocr_line' id='line_1_65' title="bbox 367 3538 1956 3617; baseline -0.001 -16"><span class='ocrx_word' id='word_1_470' title='bbox 367 3562 475 3617; x_wconf 91' lang='lat' dir='ltr'><strong>que</strong></span> <span class='ocrx_word' id='word_1_471' title='bbox 499 3546 803 3602; x_wconf 88' lang='lat' dir='ltr'><strong>doctrinam</strong></span> <span class='ocrx_word' id='word_1_472' title='bbox 841 3563 855 3599; x_wconf 89' lang='lat'><strong>:</strong></span> <span class='ocrx_word' id='word_1_473' title='bbox 888 3544 1029 3601; x_wconf 90' lang='lat' dir='ltr'><strong>idem</strong></span> <span class='ocrx_word' id='word_1_474' title='bbox 1084 3558 1211 3600; x_wconf 90' lang='lat' dir='ltr'><strong>cum</strong></span> <span class='ocrx_word' id='word_1_475' title='bbox 1250 3556 1349 3599; x_wconf 88' lang='lat' dir='ltr'><strong>eos</strong></span> <span class='ocrx_word' id='word_1_476' title='bbox 1401 3538 1630 3599; x_wconf 86' lang='lat' dir='ltr'><strong>vidisset</strong></span> <span class='ocrx_word' id='word_1_477' title='bbox 1691 3543 1956 3600; x_wconf 88' lang='lat' dir='ltr'><strong>adversus</strong></span> 
     </span>
    </p>
   </div>
   <div class='ocr_carea' id='block_1_66' title="bbox 365 3633 1955 3705">
    <p class='ocr_par' dir='ltr' id='par_1_66' title="bbox 365 3633 1955 3705">
     <span class='ocr_line' id='line_1_66' title="bbox 365 3633 1955 3705; baseline -0.001 -13"><span class='ocrx_word' id='word_1_478' title='bbox 365 3638 712 3693; x_wconf 87' lang='lat' dir='ltr'><strong>hortamenta</strong></span> <span class='ocrx_word' id='word_1_479' title='bbox 742 3651 843 3693; x_wconf 87' lang='lat' dir='ltr'><strong>sua</strong></span> <span class='ocrx_word' id='word_1_480' title='bbox 883 3644 1259 3699; x_wconf 89' lang='lat' dir='ltr'><strong>contumaces,</strong></span> <span class='ocrx_word' id='word_1_481' title='bbox 1290 3642 1454 3705; x_wconf 86' lang='lat' dir='ltr'><strong>atque</strong></span> <span class='ocrx_word' id='word_1_482' title='bbox 1500 3633 1569 3689; x_wconf 93' lang='lat' dir='ltr'><strong>ad</strong></span> <span class='ocrx_word' id='word_1_483' title='bbox 1604 3634 1785 3691; x_wconf 85' lang='lat' dir='ltr'><strong>scelus</strong></span> <span class='ocrx_word' id='word_1_484' title='bbox 1841 3633 1955 3690; x_wconf 85' lang='lat' dir='ltr'><strong>ata-</strong></span> 
     </span>
    </p>
   </div>
   <div class='ocr_carea' id='block_1_67' title="bbox 367 3726 1957 3801">
    <p class='ocr_par' dir='ltr' id='par_1_67' title="bbox 367 3726 1957 3801">
     <span class='ocr_line' id='line_1_67' title="bbox 367 3726 1957 3801; baseline -0.001 -18"><span class='ocrx_word' id='word_1_485' title='bbox 367 3730 597 3795; x_wconf 89' lang='lat' dir='ltr'><strong>criores,</strong></span> <span class='ocrx_word' id='word_1_486' title='bbox 618 3727 764 3798; x_wconf 85' lang='lat' dir='ltr'><strong>juste</strong></span> <span class='ocrx_word' id='word_1_487' title='bbox 789 3727 1084 3783; x_wconf 88' lang='lat' dir='ltr'><strong>admodum</strong></span> <span class='ocrx_word' id='word_1_488' title='bbox 1122 3726 1657 3797; x_wconf 85' lang='lat' dir='ltr'><strong>reprehensionibus</strong></span> <span class='ocrx_word' id='word_1_489' title='bbox 1679 3735 1846 3797; x_wconf 88' lang='lat' dir='ltr'><strong>atque</strong></span> <span class='ocrx_word' id='word_1_490' title='bbox 1871 3726 1957 3801; x_wconf 83' lang='lat' dir='ltr'><strong>in-</strong></span> 
     </span>
    </p>
   </div>
   <div class='ocr_carea' id='block_1_68' title="bbox 364 3817 1956 3890">
    <p class='ocr_par' dir='ltr' id='par_1_68' title="bbox 364 3817 1956 3890">
     <span class='ocr_line' id='line_1_68' title="bbox 364 3817 1956 3890; baseline 0.001 -16"><span class='ocrx_word' id='word_1_491' title='bbox 364 3819 715 3874; x_wconf 81' lang='lat' dir='ltr'><strong>vectiouibus</strong></span> <span class='ocrx_word' id='word_1_492' title='bbox 738 3833 1001 3882; x_wconf 90' lang='lat' dir='ltr'><strong>onerans,</strong></span> <span class='ocrx_word' id='word_1_493' title='bbox 1031 3817 1449 3874; x_wconf 89' lang='lat' dir='ltr'><strong>incircumcisos</strong></span> <span class='ocrx_word' id='word_1_494' title='bbox 1476 3818 1642 3873; x_wconf 86' lang='lat' dir='ltr'><strong>corde</strong></span> <span class='ocrx_word' id='word_1_495' title='bbox 1688 3818 1956 3890; x_wconf 84' lang='lat' dir='ltr'><strong>durisque</strong></span> 
     </span>
    </p>
   </div>
   <div class='ocr_carea' id='block_1_69' title="bbox 365 3894 1956 3981">
    <p class='ocr_par' dir='ltr' id='par_1_69' title="bbox 365 3894 1956 3981">
     <span class='ocr_line' id='line_1_69' title="bbox 365 3894 1956 3981; baseline 0 -15"><span class='ocrx_word' id='word_1_496' title='bbox 365 3911 704 3975; x_wconf 81' lang='lat' dir='ltr'><strong>cervicibus.</strong></span> <span class='ocrx_word' id='word_1_497' title='bbox 748 3909 1051 3965; x_wconf 86' lang='lat' dir='ltr'><strong>homicidas</strong></span> <span class='ocrx_word' id='word_1_498' title='bbox 1087 3925 1153 3966; x_wconf 92' lang='lat' dir='ltr'><strong>ac</strong></span> <span class='ocrx_word' id='word_1_499' title='bbox 1180 3908 1513 3980; x_wconf 86' lang='lat' dir='ltr'><strong>proditores,</strong></span> <span class='ocrx_word' id='word_1_500' title='bbox 1540 3910 1757 3966; x_wconf 89' lang='lat' dir='ltr'><strong>vocavit</strong></span> <span class='ocrx_word' id='word_1_501' title='bbox 1788 3894 1956 3981; x_wconf 87' lang='lat' dir='ltr'><strong>atque</strong></span> 
     </span>
    </p>
   </div>
   <div class='ocr_carea' id='block_1_70' title="bbox 366 4002 1953 4074">
    <p class='ocr_par' dir='ltr' id='par_1_70' title="bbox 366 4002 1953 4074">
     <span class='ocr_line' id='line_1_70' title="bbox 366 4002 1953 4074; baseline 0.001 -15"><span class='ocrx_word' id='word_1_502' title='bbox 366 4003 639 4074; x_wconf 83' lang='lat' dir='ltr'><strong>coarguit,</strong></span> <span class='ocrx_word' id='word_1_503' title='bbox 679 4012 735 4058; x_wconf 91' lang='lat' dir='ltr'><strong>et</strong></span> <span class='ocrx_word' id='word_1_504' title='bbox 782 4003 961 4073; x_wconf 88' lang='lat' dir='ltr'><strong>patrio</strong></span> <span class='ocrx_word' id='word_1_505' title='bbox 1009 4003 1241 4060; x_wconf 90' lang='lat' dir='ltr'><strong>crimine</strong></span> <span class='ocrx_word' id='word_1_506' title='bbox 1273 4002 1533 4067; x_wconf 88' lang='lat' dir='ltr'><strong>imbutos,</strong></span> <span class='ocrx_word' id='word_1_507' title='bbox 1565 4002 1953 4074; x_wconf 87' lang='lat' dir='ltr'><strong>prophetarum</strong></span> 
     </span>
    </p>
   </div>
   <div class='ocr_carea' id='block_1_71' title="bbox 366 4095 1956 4168">
    <p class='ocr_par' dir='ltr' id='par_1_71' title="bbox 366 4095 1956 4168">
     <span class='ocr_line' id='line_1_71' title="bbox 366 4095 1956 4168; baseline 0.003 -17"><span class='ocrx_word' id='word_1_508' title='bbox 366 4096 580 4151; x_wconf 86' lang='lat' dir='ltr'><strong>scilicet</strong></span> <span class='ocrx_word' id='word_1_509' title='bbox 606 4095 949 4151; x_wconf 88' lang='lat' dir='ltr'><strong>occisoribus</strong></span> <span class='ocrx_word' id='word_1_510' title='bbox 972 4096 1205 4168; x_wconf 84' lang='lat' dir='ltr'><strong>genitos.</strong></span> <span class='ocrx_word' id='word_1_511' title='bbox 1241 4096 1424 4163; x_wconf 90' lang='lat' dir='ltr'><strong>Quare</strong></span> <span class='ocrx_word' id='word_1_512' title='bbox 1453 4113 1564 4153; x_wconf 89' lang='lat' dir='ltr'><strong>non</strong></span> <span class='ocrx_word' id='word_1_513' title='bbox 1594 4099 1772 4154; x_wconf 87' lang='lat' dir='ltr'><strong>solum</strong></span> <span class='ocrx_word' id='word_1_514' title='bbox 1795 4100 1956 4158; x_wconf 89' lang='lat' dir='ltr'><strong>nobis</strong></span> 
     </span>
    </p>
   </div>
   <div class='ocr_carea' id='block_1_72' title="bbox 365 4192 1956 4265">
    <p class='ocr_par' dir='ltr' id='par_1_72' title="bbox 365 4192 1956 4265">
     <span class='ocr_line' id='line_1_72' title="bbox 365 4192 1956 4265; baseline 0.003 -18"><span class='ocrx_word' id='word_1_515' title='bbox 365 4192 450 4247; x_wconf 90' lang='lat' dir='ltr'><strong>vir</strong></span> <span class='ocrx_word' id='word_1_516' title='bbox 475 4193 564 4247; x_wconf 91' lang='lat' dir='ltr'><strong>hic</strong></span> <span class='ocrx_word' id='word_1_517' title='bbox 596 4192 768 4264; x_wconf 87' lang='lat' dir='ltr'><strong>gratia</strong></span> <span class='ocrx_word' id='word_1_518' title='bbox 794 4201 851 4247; x_wconf 89' lang='lat' dir='ltr'><strong>et</strong></span> <span class='ocrx_word' id='word_1_519' title='bbox 873 4192 1141 4263; x_wconf 89' lang='lat' dir='ltr'><strong>sapientia</strong></span> <span class='ocrx_word' id='word_1_520' title='bbox 1172 4202 1477 4265; x_wconf 84' lang='lat' dir='ltr'><strong>sanctoque</strong></span> <span class='ocrx_word' id='word_1_521' title='bbox 1508 4193 1718 4265; x_wconf 85' lang='lat' dir='ltr'><strong>Spiritu</strong></span> <span class='ocrx_word' id='word_1_522' title='bbox 1746 4210 1812 4251; x_wconf 93' lang='lat' dir='ltr'><strong>ac</strong></span> <span class='ocrx_word' id='word_1_523' title='bbox 1844 4197 1956 4251; x_wconf 87' lang='lat' dir='ltr'><strong>vir-</strong></span> 
     </span>
    </p>
   </div>
   <div class='ocr_carea' id='block_1_73' title="bbox 364 4282 1958 4354">
    <p class='ocr_par' dir='ltr' id='par_1_73' title="bbox 364 4282 1958 4354">
     <span class='ocr_line' id='line_1_73' title="bbox 364 4282 1958 4354; baseline 0.004 -15"><span class='ocrx_word' id='word_1_524' title='bbox 364 4292 482 4339; x_wconf 81' lang='lat' dir='ltr'><strong>tute</strong></span> <span class='ocrx_word' id='word_1_525' title='bbox 504 4282 697 4354; x_wconf 90' lang='lat' dir='ltr'><strong>plenus</strong></span> <span class='ocrx_word' id='word_1_526' title='bbox 742 4297 852 4339; x_wconf 92' lang='lat' dir='ltr'><strong>non</strong></span> <span class='ocrx_word' id='word_1_527' title='bbox 909 4283 1254 4347; x_wconf 89' lang='lat' dir='ltr'><strong>adversatur,</strong></span> <span class='ocrx_word' id='word_1_528' title='bbox 1291 4300 1478 4342; x_wconf 90' lang='lat' dir='ltr'><strong>verum</strong></span> <span class='ocrx_word' id='word_1_529' title='bbox 1530 4287 1768 4344; x_wconf 77' lang='lat' dir='ltr'><strong>maxime</strong></span> <span class='ocrx_word' id='word_1_530' title='bbox 1813 4287 1958 4347; x_wconf 87' lang='lat' dir='ltr'><strong>favet</strong></span> 
     </span>
    </p>
   </div>
   <div class='ocr_carea' id='block_1_74' title="bbox 364 4375 1958 4447">
    <p class='ocr_par' dir='ltr' id='par_1_74' title="bbox 364 4375 1958 4447">
     <span class='ocr_line' id='line_1_74' title="bbox 364 4375 1958 4447; baseline 0.005 -16"><span class='ocrx_word' id='word_1_531' title='bbox 364 4392 431 4432; x_wconf 88' lang='lat' dir='ltr'><strong>ac</strong></span> <span class='ocrx_word' id='word_1_532' title='bbox 459 4375 858 4447; x_wconf 85' lang='lat' dir='ltr'><strong>patrocinatur.</strong></span> <span class='ocrx_word' id='word_1_533' title='bbox 900 4376 1057 4444; x_wconf 87' lang='lat' dir='ltr'><strong>Quod</strong></span> <span class='ocrx_word' id='word_1_534' title='bbox 1090 4377 1137 4433; x_wconf 90' lang='lat' dir='ltr'><strong>si</strong></span> <span class='ocrx_word' id='word_1_535' title='bbox 1171 4377 1493 4435; x_wconf 80' lang='lat' dir='ltr'><strong>verissimus</strong></span> <span class='ocrx_word' id='word_1_536' title='bbox 1528 4381 1742 4435; x_wconf 91' lang='lat' dir='ltr'><strong>Domini</strong></span> <span class='ocrx_word' id='word_1_537' title='bbox 1792 4382 1958 4439; x_wconf 87' lang='lat' dir='ltr'><strong>disci-</strong></span> 
     </span>
    </p>
   </div>
   <div class='ocr_carea' id='block_1_75' title="bbox 2062 3170 3655 3256">
    <p class='ocr_par' dir='ltr' id='par_1_75' title="bbox 2062 3170 3655 3256">
     <span class='ocr_line' id='line_1_75' title="bbox 2062 3170 3655 3256; baseline -0.012 -15"><span class='ocrx_word' id='word_1_538' title='bbox 2062 3185 2302 3256; x_wconf 79' lang='grc' dir='ltr'>ἐσχάτην</span> <span class='ocrx_word' id='word_1_539' title='bbox 2325 3185 2353 3238; x_wconf 90' lang='lat'><strong>6</strong></span> <span class='ocrx_word' id='word_1_540' title='bbox 2386 3180 2627 3252; x_wconf 81' lang='grc' dir='ltr'>ἀθλητὴς</span> <span class='ocrx_word' id='word_1_541' title='bbox 2652 3180 2744 3232; x_wconf 68' lang='grc' dir='ltr'><strong>ἐπὶ</strong></span> <span class='ocrx_word' id='word_1_542' title='bbox 2767 3178 2898 3241; x_wconf 75' lang='grc' dir='ltr'>τοὺς</span> <span class='ocrx_word' id='word_1_543' title='bbox 2921 3174 3189 3246; x_wconf 74' lang='grc' dir='ltr'>φονευτὰς</span> <span class='ocrx_word' id='word_1_544' title='bbox 3220 3172 3459 3245; x_wconf 78' lang='grc' dir='ltr'>ἁρπάζει</span> <span class='ocrx_word' id='word_1_545' title='bbox 3486 3170 3655 3241; x_wconf 81' lang='grc' dir='ltr'>θερα-</span> 
     </span>
    </p>
   </div>
   <div class='ocr_carea' id='block_1_76' title="bbox 2061 3262 3656 3345">
    <p class='ocr_par' dir='ltr' id='par_1_76' title="bbox 2061 3262 3656 3345">
     <span class='ocr_line' id='line_1_76' title="bbox 2061 3262 3656 3345; baseline -0.011 -13"><span class='ocrx_word' id='word_1_546' title='bbox 2061 3278 2223 3333; x_wconf 89' lang='grc' dir='ltr'>πείαν</span> <span class='ocrx_word' id='word_1_547' title='bbox 2246 3291 2261 3306; x_wconf 89' lang='grc'><strong>·</strong></span> <span class='ocrx_word' id='word_1_548' title='bbox 2293 3276 2390 3329; x_wconf 80' lang='grc' dir='ltr'>καὶ</span> <span class='ocrx_word' id='word_1_549' title='bbox 2432 3273 2508 3345; x_wconf 74' lang='grc' dir='ltr'>μὴ</span> <span class='ocrx_word' id='word_1_550' title='bbox 2549 3273 2745 3342; x_wconf 75' lang='grc' dir='ltr'>στῆσαι</span> <span class='ocrx_word' id='word_1_551' title='bbox 2778 3271 2960 3333; x_wconf 79' lang='grc' dir='ltr'>αὐτοῖς</span> <span class='ocrx_word' id='word_1_552' title='bbox 2984 3268 3084 3340; x_wconf 83' lang='grc' dir='ltr'>τὴν</span> <span class='ocrx_word' id='word_1_553' title='bbox 3117 3265 3392 3337; x_wconf 82' lang='grc' dir='ltr'>ἁμαρτίαν</span> <span class='ocrx_word' id='word_1_554' title='bbox 3419 3262 3512 3317; x_wconf 75' lang='grc' dir='ltr'>τὸν</span> <span class='ocrx_word' id='word_1_555' title='bbox 3534 3278 3656 3316; x_wconf 85' lang='grc' dir='ltr'>κοι-</span> 
     </span>
    </p>
   </div>
   <div class='ocr_carea' id='block_1_77' title="bbox 2060 3358 3656 3440">
    <p class='ocr_par' dir='ltr' id='par_1_77' title="bbox 2060 3358 3656 3440">
     <span class='ocr_line' id='line_1_77' title="bbox 2060 3358 3656 3440; baseline -0.011 -13"><span class='ocrx_word' id='word_1_556' title='bbox 2060 3373 2152 3428; x_wconf 81' lang='grc' dir='ltr'>νὸν</span> <span class='ocrx_word' id='word_1_557' title='bbox 2180 3370 2459 3440; x_wconf 88' lang='grc' dir='ltr'>Δεσπότην</span> <span class='ocrx_word' id='word_1_558' title='bbox 2478 3368 2703 3435; x_wconf 80' lang='grc' dir='ltr'>ἐξαιτεῖ.</span> <span class='ocrx_word' id='word_1_559' title='bbox 2734 3367 2831 3430; x_wconf 86' lang='grc' dir='ltr'>Τίς</span> <span class='ocrx_word' id='word_1_560' title='bbox 2853 3358 3038 3430; x_wconf 72' lang='grc' dir='ltr'>οὖτοςς</span> <span class='ocrx_word' id='word_1_561' title='bbox 3081 3362 3139 3417; x_wconf 82' lang='lat'><strong>’0</strong></span> <span class='ocrx_word' id='word_1_562' title='bbox 3171 3358 3390 3433; x_wconf 76' lang='grc' dir='ltr'>μακρὰν</span> <span class='ocrx_word' id='word_1_563' title='bbox 3419 3360 3519 3430; x_wconf 81' lang='grc' dir='ltr'>μὲν</span> <span class='ocrx_word' id='word_1_564' title='bbox 3547 3358 3656 3412; x_wconf 82' lang='grc' dir='ltr'><strong>αὒ-</strong></span> 
     </span>
    </p>
   </div>
   <div class='ocr_carea' id='block_1_78' title="bbox 2059 3454 3657 3540">
    <p class='ocr_par' dir='ltr' id='par_1_78' title="bbox 2059 3454 3657 3540">
     <span class='ocr_line' id='line_1_78' title="bbox 2059 3454 3657 3540; baseline -0.012 -14"><span class='ocrx_word' id='word_1_565' title='bbox 2059 3472 2176 3535; x_wconf 85' lang='grc' dir='ltr'>τοῖς</span> <span class='ocrx_word' id='word_1_566' title='bbox 2216 3469 2483 3540; x_wconf 84' lang='grc' dir='ltr'>πρότερον</span> <span class='ocrx_word' id='word_1_567' title='bbox 2522 3464 2843 3535; x_wconf 81' lang='grc' dir='ltr'>νουθέτησιν</span> <span class='ocrx_word' id='word_1_568' title='bbox 2893 3460 2989 3515; x_wconf 74' lang='grc' dir='ltr'>καὶ</span> <span class='ocrx_word' id='word_1_569' title='bbox 3034 3458 3390 3513; x_wconf 81' lang='grc' dir='ltr'>διδασκαλίαν</span> <span class='ocrx_word' id='word_1_570' title='bbox 3428 3454 3657 3511; x_wconf 85' lang='grc' dir='ltr'>ἀποτεί-</span> 
     </span>
    </p>
   </div>
   <div class='ocr_carea' id='block_1_79' title="bbox 2061 3546 3653 3628">
    <p class='ocr_par' dir='ltr' id='par_1_79' title="bbox 2061 3546 3653 3628">
     <span class='ocr_line' id='line_1_79' title="bbox 2061 3546 3653 3628; baseline -0.013 -10"><span class='ocrx_word' id='word_1_571' title='bbox 2061 3580 2161 3628; x_wconf 90' lang='grc' dir='ltr'><strong>νας</strong></span> <span class='ocrx_word' id='word_1_572' title='bbox 2185 3578 2200 3593; x_wconf 84' lang='grc'><em>’</em></span> <span class='ocrx_word' id='word_1_573' title='bbox 2231 3561 2307 3624; x_wconf 86' lang='grc' dir='ltr'>ὡς</span> <span class='ocrx_word' id='word_1_574' title='bbox 2340 3560 2385 3613; x_wconf 83' lang='grc' dir='ltr'>δ’</span> <span class='ocrx_word' id='word_1_575' title='bbox 2415 3555 2842 3627; x_wconf 83' lang='grc' dir='ltr'>ἀπειθεστέρους</span> <span class='ocrx_word' id='word_1_576' title='bbox 2869 3570 2927 3606; x_wconf 88' lang='grc' dir='ltr'><strong>τε</strong></span> <span class='ocrx_word' id='word_1_577' title='bbox 2953 3555 3067 3616; x_wconf 83' lang='grc' dir='ltr'>τοῖς</span> <span class='ocrx_word' id='word_1_578' title='bbox 3088 3548 3416 3623; x_wconf 79' lang='grc' dir='ltr'>παραινοῦσι</span> <span class='ocrx_word' id='word_1_579' title='bbox 3444 3546 3653 3615; x_wconf 79' lang='grc' dir='ltr'>λόγοις,</span> 
     </span>
    </p>
   </div>
   <div class='ocr_carea' id='block_1_80' title="bbox 2061 3640 3653 3723">
    <p class='ocr_par' dir='ltr' id='par_1_80' title="bbox 2061 3640 3653 3723">
     <span class='ocr_line' id='line_1_80' title="bbox 2061 3640 3653 3723; baseline -0.013 -13"><span class='ocrx_word' id='word_1_580' title='bbox 2061 3654 2160 3710; x_wconf 74' lang='grc' dir='ltr'>καὶ</span> <span class='ocrx_word' id='word_1_581' title='bbox 2191 3650 2393 3723; x_wconf 84' lang='grc' dir='ltr'>μᾶλλον</span> <span class='ocrx_word' id='word_1_582' title='bbox 2425 3650 2575 3720; x_wconf 82' lang='grc' dir='ltr'>ἐώρα</span> <span class='ocrx_word' id='word_1_583' title='bbox 2606 3646 2763 3718; x_wconf 24' lang='grc' dir='ltr'>πρὸς,</span> <span class='ocrx_word' id='word_1_584' title='bbox 2785 3644 3112 3698; x_wconf 89' lang='grc' dir='ltr'>δυσσέϐειαν</span> <span class='ocrx_word' id='word_1_585' title='bbox 3149 3640 3653 3713; x_wconf 80' lang='grc' dir='ltr'>παροξυνομένους,</span> 
     </span>
    </p>
   </div>
   <div class='ocr_carea' id='block_1_81' title="bbox 2059 3730 3656 3816">
    <p class='ocr_par' dir='ltr' id='par_1_81' title="bbox 2059 3730 3656 3816">
     <span class='ocr_line' id='line_1_81' title="bbox 2059 3730 3656 3816; baseline -0.011 -16"><span class='ocrx_word' id='word_1_586' title='bbox 2059 3746 2183 3816; x_wconf 83' lang='grc' dir='ltr'>τότε</span> <span class='ocrx_word' id='word_1_587' title='bbox 2214 3742 2298 3815; x_wconf 84' lang='grc' dir='ltr'>δὴ,</span> <span class='ocrx_word' id='word_1_588' title='bbox 2327 3741 2451 3795; x_wconf 86' lang='grc' dir='ltr'>τότε</span> <span class='ocrx_word' id='word_1_589' title='bbox 2482 3738 2579 3794; x_wconf 73' lang='grc' dir='ltr'>καὶ</span> <span class='ocrx_word' id='word_1_590' title='bbox 2623 3737 2768 3810; x_wconf 81' lang='grc' dir='ltr'>μάλα</span> <span class='ocrx_word' id='word_1_591' title='bbox 2803 3735 3046 3802; x_wconf 83' lang='grc' dir='ltr'>δικαίως,</span> <span class='ocrx_word' id='word_1_592' title='bbox 3065 3735 3160 3789; x_wconf 70' lang='grc' dir='ltr'>καὶ</span> <span class='ocrx_word' id='word_1_593' title='bbox 3211 3736 3324 3797; x_wconf 87' lang='grc' dir='ltr'>τοῖς</span> <span class='ocrx_word' id='word_1_594' title='bbox 3366 3730 3656 3802; x_wconf 75' lang='grc' dir='ltr'>ἐλέγχουσι</span> 
     </span>
    </p>
   </div>
   <div class='ocr_carea' id='block_1_82' title="bbox 2060 3824 3655 3904">
    <p class='ocr_par' dir='ltr' id='par_1_82' title="bbox 2060 3824 3655 3904">
     <span class='ocr_line' id='line_1_82' title="bbox 2060 3824 3655 3904; baseline -0.009 -13"><span class='ocrx_word' id='word_1_595' title='bbox 2060 3854 2122 3891; x_wconf 82' lang='grc' dir='ltr'><strong>τε</strong></span> <span class='ocrx_word' id='word_1_596' title='bbox 2150 3836 2246 3891; x_wconf 75' lang='grc' dir='ltr'>καὶ</span> <span class='ocrx_word' id='word_1_597' title='bbox 2295 3831 2674 3904; x_wconf 88' lang='grc' dir='ltr'>στηλιτεύουσι</span> <span class='ocrx_word' id='word_1_598' title='bbox 2712 3828 2937 3892; x_wconf 80' lang='grc' dir='ltr'>τούτους</span> <span class='ocrx_word' id='word_1_599' title='bbox 2975 3825 3290 3891; x_wconf 85' lang='grc' dir='ltr'>ὑποϐαλὼν,</span> <span class='ocrx_word' id='word_1_600' title='bbox 3332 3824 3655 3894; x_wconf 70' lang='grc' dir='ltr'>ἁπεριτμή-</span> 
     </span>
    </p>
   </div>
   <div class='ocr_carea' id='block_1_83' title="bbox 2059 3917 3654 3999">
    <p class='ocr_par' dir='ltr' id='par_1_83' title="bbox 2059 3917 3654 3999">
     <span class='ocr_line' id='line_1_83' title="bbox 2059 3917 3654 3999; baseline -0.011 -15"><span class='ocrx_word' id='word_1_601' title='bbox 2059 3946 2189 3992; x_wconf 84' lang='grc' dir='ltr'>τους</span> <span class='ocrx_word' id='word_1_602' title='bbox 2216 3930 2282 3999; x_wconf 80' lang='grc' dir='ltr'>τῇ</span> <span class='ocrx_word' id='word_1_603' title='bbox 2315 3924 2517 3997; x_wconf 75' lang='grc' dir='ltr'>καρδία</span> <span class='ocrx_word' id='word_1_604' title='bbox 2542 3924 2636 3976; x_wconf 77' lang='grc' dir='ltr'>καὶ</span> <span class='ocrx_word' id='word_1_605' title='bbox 2670 3919 3190 3995; x_wconf 77' lang='grc' dir='ltr'>σκληροτραχήλουε</span> <span class='ocrx_word' id='word_1_606' title='bbox 3216 3918 3354 3990; x_wconf 85' lang='lat' dir='ltr'><strong>(l7),</strong></span> <span class='ocrx_word' id='word_1_607' title='bbox 3388 3917 3573 3987; x_wconf 87' lang='grc' dir='ltr'>φονεῖς</span> <span class='ocrx_word' id='word_1_608' title='bbox 3588 3932 3654 3968; x_wconf 87' lang='grc' dir='ltr'><strong>τε</strong></span> 
     </span>
    </p>
   </div>
   <div class='ocr_carea' id='block_1_84' title="bbox 2061 4009 3654 4090">
    <p class='ocr_par' dir='ltr' id='par_1_84' title="bbox 2061 4009 3654 4090">
     <span class='ocr_line' id='line_1_84' title="bbox 2061 4009 3654 4090; baseline -0.009 -16"><span class='ocrx_word' id='word_1_609' title='bbox 2061 4020 2159 4074; x_wconf 74' lang='grc' dir='ltr'>καὶ</span> <span class='ocrx_word' id='word_1_610' title='bbox 2197 4016 2487 4090; x_wconf 84' lang='grc' dir='ltr'>προδότας,</span> <span class='ocrx_word' id='word_1_611' title='bbox 2522 4014 2619 4069; x_wconf 75' lang='grc' dir='ltr'>καὶ</span> <span class='ocrx_word' id='word_1_612' title='bbox 2642 4012 2973 4084; x_wconf 79' lang='grc' dir='ltr'>προγονικὸν</span> <span class='ocrx_word' id='word_1_613' title='bbox 3005 4012 3067 4066; x_wconf 80' lang='grc' dir='ltr'>τὸ</span> <span class='ocrx_word' id='word_1_614' title='bbox 3098 4012 3315 4083; x_wconf 88' lang='grc' dir='ltr'>μίασμα</span> <span class='ocrx_word' id='word_1_615' title='bbox 3358 4009 3654 4081; x_wconf 84' lang='grc' dir='ltr'>φέροντας,</span> 
     </span>
    </p>
   </div>
   <div class='ocr_carea' id='block_1_85' title="bbox 2062 4102 3656 4183">
    <p class='ocr_par' dir='ltr' id='par_1_85' title="bbox 2062 4102 3656 4183">
     <span class='ocr_line' id='line_1_85' title="bbox 2062 4102 3656 4183; baseline -0.01 -14"><span class='ocrx_word' id='word_1_616' title='bbox 2062 4115 2158 4169; x_wconf 73' lang='grc' dir='ltr'>ἅτε</span> <span class='ocrx_word' id='word_1_617' title='bbox 2189 4111 2254 4183; x_wconf 80' lang='grc' dir='ltr'>δὴ</span> <span class='ocrx_word' id='word_1_618' title='bbox 2285 4107 2744 4182; x_wconf 85' lang='grc' dir='ltr'>προφητοκτόνων</span> <span class='ocrx_word' id='word_1_619' title='bbox 2774 4105 2963 4169; x_wconf 87' lang='grc' dir='ltr'>τέκνα,</span> <span class='ocrx_word' id='word_1_620' title='bbox 2991 4104 3208 4167; x_wconf 77' lang='grc' dir='ltr'>δεικνὺς</span> <span class='ocrx_word' id='word_1_621' title='bbox 3246 4104 3364 4174; x_wconf 85' lang='grc' dir='ltr'>ἆμα</span> <span class='ocrx_word' id='word_1_622' title='bbox 3393 4102 3489 4156; x_wconf 79' lang='grc' dir='ltr'>καὶ</span> <span class='ocrx_word' id='word_1_623' title='bbox 3512 4102 3656 4155; x_wconf 82' lang='grc' dir='ltr'>ἁπο-</span> 
     </span>
    </p>
   </div>
   <div class='ocr_carea' id='block_1_86' title="bbox 2061 4192 3653 4270">
    <p class='ocr_par' dir='ltr' id='par_1_86' title="bbox 2061 4192 3653 4270">
     <span class='ocr_line' id='line_1_86' title="bbox 2061 4192 3653 4270; baseline -0.009 -10"><span class='ocrx_word' id='word_1_624' title='bbox 2061 4205 2268 4261; x_wconf 84' lang='grc' dir='ltr'>καλῶν.</span> <span class='ocrx_word' id='word_1_625' title='bbox 2303 4203 2467 4255; x_wconf 84' lang='grc' dir='ltr'>Ὥστε</span> <span class='ocrx_word' id='word_1_626' title='bbox 2499 4201 2562 4254; x_wconf 88' lang='grc' dir='ltr'><strong>ού</strong></span> <span class='ocrx_word' id='word_1_627' title='bbox 2592 4199 2753 4270; x_wconf 89' lang='grc' dir='ltr'>μόνον</span> <span class='ocrx_word' id='word_1_628' title='bbox 2784 4196 3039 4270; x_wconf 81' lang='grc' dir='ltr'>οὐδαμῶς</span> <span class='ocrx_word' id='word_1_629' title='bbox 3064 4198 3198 4267; x_wconf 79' lang='grc' dir='ltr'>ἡμῖν</span> <span class='ocrx_word' id='word_1_630' title='bbox 3233 4197 3261 4249; x_wconf 88' lang='grc' dir='ltr'>ὁ</span> <span class='ocrx_word' id='word_1_631' title='bbox 3290 4194 3507 4266; x_wconf 86' lang='grc' dir='ltr'>πλήρης</span> <span class='ocrx_word' id='word_1_632' title='bbox 3546 4192 3653 4263; x_wconf 79' lang='grc' dir='ltr'><strong>χά-</strong></span> 
     </span>
    </p>
   </div>
   <div class='ocr_carea' id='block_1_87' title="bbox 2065 4285 3653 4370">
    <p class='ocr_par' dir='ltr' id='par_1_87' title="bbox 2065 4285 3653 4370">
     <span class='ocr_line' id='line_1_87' title="bbox 2065 4285 3653 4370; baseline -0.009 -19"><span class='ocrx_word' id='word_1_633' title='bbox 2065 4313 2211 4370; x_wconf 85' lang='grc' dir='ltr'>ριτος</span> <span class='ocrx_word' id='word_1_634' title='bbox 2236 4294 2333 4348; x_wconf 74' lang='grc' dir='ltr'>καὶ</span> <span class='ocrx_word' id='word_1_635' title='bbox 2358 4292 2550 4362; x_wconf 83' lang='grc' dir='ltr'>σοφίας</span> <span class='ocrx_word' id='word_1_636' title='bbox 2580 4290 2676 4345; x_wconf 74' lang='grc' dir='ltr'>καὶ</span> <span class='ocrx_word' id='word_1_637' title='bbox 2705 4289 3025 4361; x_wconf 80' lang='grc' dir='ltr'>Πνεύματος</span> <span class='ocrx_word' id='word_1_638' title='bbox 3059 4287 3216 4357; x_wconf 81' lang='grc' dir='ltr'>ἁγίου</span> <span class='ocrx_word' id='word_1_639' title='bbox 3244 4285 3653 4355; x_wconf 73' lang='grc' dir='ltr'>καὶδυνάμεως</span> 
     </span>
    </p>
   </div>
   <div class='ocr_carea' id='block_1_88' title="bbox 2062 4377 3654 4462">
    <p class='ocr_par' dir='ltr' id='par_1_88' title="bbox 2062 4377 3654 4462">
     <span class='ocr_line' id='line_1_88' title="bbox 2062 4377 3654 4462; baseline -0.01 -18"><span class='ocrx_word' id='word_1_640' title='bbox 2062 4393 2122 4445; x_wconf 87' lang='grc' dir='ltr'>οὐ</span> <span class='ocrx_word' id='word_1_641' title='bbox 2155 4389 2256 4462; x_wconf 81' lang='grc' dir='ltr'>μὲν</span> <span class='ocrx_word' id='word_1_642' title='bbox 2280 4381 2376 4442; x_wconf 80' lang='grc' dir='ltr'>οὖν</span> <span class='ocrx_word' id='word_1_643' title='bbox 2404 4383 2819 4455; x_wconf 80' lang='grc' dir='ltr'>ἀνταγωνιστὴς</span> <span class='ocrx_word' id='word_1_644' title='bbox 2849 4382 2950 4437; x_wconf 79' lang='grc' dir='ltr'>οὐκ</span> <span class='ocrx_word' id='word_1_645' title='bbox 2995 4381 3165 4446; x_wconf 72' lang='grc' dir='ltr'>ἐστιν,</span> <span class='ocrx_word' id='word_1_646' title='bbox 3199 4378 3336 4435; x_wconf 80' lang='grc' dir='ltr'>ἀλλὰ</span> <span class='ocrx_word' id='word_1_647' title='bbox 3382 4378 3478 4432; x_wconf 77' lang='grc' dir='ltr'>καὶ</span> <span class='ocrx_word' id='word_1_648' title='bbox 3508 4377 3654 4432; x_wconf 82' lang='grc' dir='ltr'>πάν-</span> 
     </span>
    </p>
   </div>
   <div class='ocr_carea' id='block_1_89' title="bbox 361 4469 1958 4555">
    <p class='ocr_par' dir='ltr' id='par_1_89' title="bbox 361 4470 1953 4542">
     <span class='ocr_line' id='line_1_89' title="bbox 361 4470 1953 4542; baseline 0.005 -18"><span class='ocrx_word' id='word_1_649' title='bbox 361 4470 551 4540; x_wconf 87' lang='lat' dir='ltr'><strong>pulus,</strong></span> <span class='ocrx_word' id='word_1_650' title='bbox 585 4480 1000 4542; x_wconf 86' lang='lat' dir='ltr'><strong>martyrumque</strong></span> <span class='ocrx_word' id='word_1_651' title='bbox 1027 4472 1271 4541; x_wconf 87' lang='lat' dir='ltr'><strong>primus.</strong></span> <span class='ocrx_word' id='word_1_652' title='bbox 1326 4472 1657 4529; x_wconf 85' lang='lat' dir='ltr'><strong>sententiam</strong></span> <span class='ocrx_word' id='word_1_653' title='bbox 1706 4483 1953 4532; x_wconf 88' lang='lat' dir='ltr'><strong>nostram</strong></span> 
     </span>
    </p>
   </div>
   <div class='ocr_carea' id='block_1_90' title="bbox 2064 4469 3655 4555">
    <p class='ocr_par' dir='ltr' id='par_1_90' title="bbox 2064 4469 3655 4555">
     <span class='ocr_line' id='line_1_90' title="bbox 2064 4469 3655 4555; baseline -0.011 -15"><span class='ocrx_word' id='word_1_654' title='bbox 2064 4502 2171 4539; x_wconf 84' lang='grc' dir='ltr'><strong>των</strong></span> <span class='ocrx_word' id='word_1_655' title='bbox 2202 4480 2441 4555; x_wconf 80' lang='grc' dir='ltr'>μάλιστα</span> <span class='ocrx_word' id='word_1_656' title='bbox 2490 4476 2902 4549; x_wconf 79' lang='grc' dir='ltr'>συναγωνιστὴς</span> <span class='ocrx_word' id='word_1_657' title='bbox 2942 4474 3037 4530; x_wconf 69' lang='grc' dir='ltr'>καὶ</span> <span class='ocrx_word' id='word_1_658' title='bbox 3075 4474 3415 4545; x_wconf 83' lang='grc' dir='ltr'>ύπέρμαχος.</span> <span class='ocrx_word' id='word_1_659' title='bbox 3462 4472 3526 4525; x_wconf 83' lang='grc' dir='ltr'>Εἰ</span> <span class='ocrx_word' id='word_1_660' title='bbox 3553 4469 3599 4524; x_wconf 85' lang='grc' dir='ltr'>δ’</span> <span class='ocrx_word' id='word_1_661' title='bbox 3620 4470 3655 4523; x_wconf 87' lang='lat'><strong>6</strong></span> 
     </span>
    </p>
   </div>
   <div class='ocr_carea' id='block_1_91' title="bbox 362 4564 1953 4638">
    <p class='ocr_par' dir='ltr' id='par_1_91' title="bbox 362 4564 1953 4638">
     <span class='ocr_line' id='line_1_91' title="bbox 362 4564 1953 4638; baseline 0.004 -19"><span class='ocrx_word' id='word_1_662' title='bbox 362 4564 527 4621; x_wconf 86' lang='lat' dir='ltr'><strong>factis</strong></span> <span class='ocrx_word' id='word_1_663' title='bbox 545 4564 682 4636; x_wconf 90' lang='lat' dir='ltr'><strong>ipsis</strong></span> <span class='ocrx_word' id='word_1_664' title='bbox 708 4573 937 4621; x_wconf 89' lang='lat' dir='ltr'><strong>secutus</strong></span> <span class='ocrx_word' id='word_1_665' title='bbox 959 4572 1067 4631; x_wconf 87' lang='lat' dir='ltr'><strong>est,</strong></span> <span class='ocrx_word' id='word_1_666' title='bbox 1095 4566 1236 4622; x_wconf 88' lang='lat' dir='ltr'><strong>satis</strong></span> <span class='ocrx_word' id='word_1_667' title='bbox 1256 4565 1388 4622; x_wconf 88' lang='lat' dir='ltr'><strong>hinc</strong></span> <span class='ocrx_word' id='word_1_668' title='bbox 1421 4578 1650 4638; x_wconf 85' lang='lat' dir='ltr'><strong>apparet</strong></span> <span class='ocrx_word' id='word_1_669' title='bbox 1672 4567 1728 4624; x_wconf 91' lang='lat' dir='ltr'><strong>in</strong></span> <span class='ocrx_word' id='word_1_670' title='bbox 1760 4571 1953 4627; x_wconf 83' lang='lat' dir='ltr'><strong>eodem</strong></span> 
     </span>
    </p>
   </div>
   <div class='ocr_carea' id='block_1_92' title="bbox 362 4656 1952 4730">
    <p class='ocr_par' dir='ltr' id='par_1_92' title="bbox 362 4656 1952 4730">
     <span class='ocr_line' id='line_1_92' title="bbox 362 4656 1952 4730; baseline 0.004 -17"><span class='ocrx_word' id='word_1_671' title='bbox 362 4659 617 4715; x_wconf 86' lang='lat' dir='ltr'><strong>instituto</strong></span> <span class='ocrx_word' id='word_1_672' title='bbox 645 4659 817 4716; x_wconf 87' lang='lat' dir='ltr'><strong>fuisse</strong></span> <span class='ocrx_word' id='word_1_673' title='bbox 861 4659 1212 4730; x_wconf 84' lang='lat' dir='ltr'><strong>magistrum.</strong></span> <span class='ocrx_word' id='word_1_674' title='bbox 1270 4656 1350 4714; x_wconf 88' lang='lat' dir='ltr'><strong>Ne</strong></span> <span class='ocrx_word' id='word_1_675' title='bbox 1383 4659 1498 4730; x_wconf 86' lang='lat' dir='ltr'><strong>jam</strong></span> <span class='ocrx_word' id='word_1_676' title='bbox 1525 4676 1952 4720; x_wconf 87' lang='lat' dir='ltr'><strong>commemorem</strong></span> 
     </span>
    </p>
   </div>
   <div class='ocr_carea' id='block_1_93' title="bbox 360 4748 1954 4820">
    <p class='ocr_par' dir='ltr' id='par_1_93' title="bbox 360 4748 1954 4820">
     <span class='ocr_line' id='line_1_93' title="bbox 360 4748 1954 4820; baseline 0.003 -16"><span class='ocrx_word' id='word_1_677' title='bbox 360 4750 561 4805; x_wconf 86' lang='lat' dir='ltr'><strong>verba:</strong></span> <span class='ocrx_word' id='word_1_678' title='bbox 591 4748 736 4806; x_wconf 70' lang='lat' dir='ltr'><strong>«Vos</strong></span> <span class='ocrx_word' id='word_1_679' title='bbox 755 4766 823 4805; x_wconf 85' lang='lat' dir='ltr'><strong>ex</strong></span> <span class='ocrx_word' id='word_1_680' title='bbox 855 4760 1007 4820; x_wconf 90' lang='lat' dir='ltr'><strong>patre</strong></span> <span class='ocrx_word' id='word_1_681' title='bbox 1033 4749 1234 4805; x_wconf 90' lang='lat' dir='ltr'><strong>diaboli</strong></span> <span class='ocrx_word' id='word_1_682' title='bbox 1252 4750 1387 4806; x_wconf 90' lang='lat' dir='ltr'><strong>estis</strong></span> <span class='ocrx_word' id='word_1_683' title='bbox 1406 4751 1452 4783; x_wconf 85' lang='grc'><em>³³</em></span> <span class='ocrx_word' id='word_1_684' title='bbox 1472 4766 1487 4817; x_wconf 90' lang='lat'><strong>;</strong></span> <span class='ocrx_word' id='word_1_685' title='bbox 1509 4768 1528 4803; x_wconf 75' lang='grc' dir='ltr'><strong>ι</strong></span> <span class='ocrx_word' id='word_1_686' title='bbox 1545 4759 1599 4807; x_wconf 93' lang='lat' dir='ltr'><strong>et</strong></span> <span class='ocrx_word' id='word_1_687' title='bbox 1620 4768 1639 4804; x_wconf 82' lang='grc' dir='ltr'><strong>ι</strong></span> <span class='ocrx_word' id='word_1_688' title='bbox 1661 4750 1954 4809; x_wconf 89' lang='lat' dir='ltr'><strong>Generatio</strong></span> 
     </span>
    </p>
   </div>
   <div class='ocr_carea' id='block_1_94' title="bbox 359 4842 1953 4916">
    <p class='ocr_par' dir='ltr' id='par_1_94' title="bbox 359 4842 1953 4916">
     <span class='ocr_line' id='line_1_94' title="bbox 359 4842 1953 4916; baseline 0.004 -20"><span class='ocrx_word' id='word_1_689' title='bbox 359 4857 533 4914; x_wconf 79' lang='lat' dir='ltr'><strong>prava</strong></span> <span class='ocrx_word' id='word_1_690' title='bbox 559 4856 625 4898; x_wconf 93' lang='lat' dir='ltr'><strong>ac</strong></span> <span class='ocrx_word' id='word_1_691' title='bbox 651 4842 898 4899; x_wconf 89' lang='lat' dir='ltr'><strong>adultera</strong></span> <span class='ocrx_word' id='word_1_692' title='bbox 914 4844 991 4911; x_wconf 75' lang='lat'><strong>“;</strong></span> <span class='ocrx_word' id='word_1_693' title='bbox 1020 4861 1039 4895; x_wconf 78' lang='grc' dir='ltr'><strong>ι</strong></span> <span class='ocrx_word' id='word_1_694' title='bbox 1073 4853 1127 4899; x_wconf 91' lang='lat' dir='ltr'><strong>et</strong></span> <span class='ocrx_word' id='word_1_695' title='bbox 1156 4854 1415 4898; x_wconf 81' lang='lat' dir='ltr'><strong>sexcenta</strong></span> <span class='ocrx_word' id='word_1_696' title='bbox 1449 4843 1556 4899; x_wconf 88' lang='lat' dir='ltr'><strong>alia</strong></span> <span class='ocrx_word' id='word_1_697' title='bbox 1589 4863 1602 4899; x_wconf 90' lang='lat'><strong>:</strong></span> <span class='ocrx_word' id='word_1_698' title='bbox 1639 4860 1875 4916; x_wconf 89' lang='lat' dir='ltr'><strong>quorum</strong></span> <span class='ocrx_word' id='word_1_699' title='bbox 1896 4856 1953 4902; x_wconf 91' lang='lat' dir='ltr'><strong>et</strong></span> 
     </span>
    </p>
   </div>
   <div class='ocr_carea' id='block_1_95' title="bbox 362 4935 1950 5007">
    <p class='ocr_par' dir='ltr' id='par_1_95' title="bbox 362 4935 1950 5007">
     <span class='ocr_line' id='line_1_95' title="bbox 362 4935 1950 5007; baseline 0.003 -19"><span class='ocrx_word' id='word_1_700' title='bbox 362 4949 519 4988; x_wconf 85' lang='lat' dir='ltr'><strong>rcum</strong></span> <span class='ocrx_word' id='word_1_701' title='bbox 569 4948 696 4989; x_wconf 85' lang='lat' dir='ltr'><strong>esse</strong></span> <span class='ocrx_word' id='word_1_702' title='bbox 739 4935 1025 5005; x_wconf 88' lang='lat' dir='ltr'><strong>judaicum</strong></span> <span class='ocrx_word' id='word_1_703' title='bbox 1084 4936 1682 5007; x_wconf 88' lang='lat' dir='ltr'><strong>populum;simulque</strong></span> <span class='ocrx_word' id='word_1_704' title='bbox 1731 4952 1950 4994; x_wconf 74' lang='lat' dir='ltr'><strong>corona:</strong></span> 
     </span>
    </p>
   </div>
   <div class='ocr_carea' id='block_1_96' title="bbox 363 5025 1953 5101">
    <p class='ocr_par' dir='ltr' id='par_1_96' title="bbox 363 5025 1953 5101">
     <span class='ocr_line' id='line_1_96' title="bbox 363 5025 1953 5101; baseline 0.004 -21"><span class='ocrx_word' id='word_1_705' title='bbox 363 5034 645 5082; x_wconf 88' lang='lat' dir='ltr'><strong>auctorem</strong></span> <span class='ocrx_word' id='word_1_706' title='bbox 689 5025 982 5081; x_wconf 88' lang='lat' dir='ltr'><strong>Dominum</strong></span> <span class='ocrx_word' id='word_1_707' title='bbox 1009 5027 1064 5082; x_wconf 92' lang='lat' dir='ltr'><strong>in</strong></span> <span class='ocrx_word' id='word_1_708' title='bbox 1097 5031 1287 5084; x_wconf 89' lang='lat' dir='ltr'><strong>eodem</strong></span> <span class='ocrx_word' id='word_1_709' title='bbox 1323 5045 1512 5086; x_wconf 84' lang='lat' dir='ltr'><strong>secum</strong></span> <span class='ocrx_word' id='word_1_710' title='bbox 1556 5045 1722 5101; x_wconf 90' lang='lat' dir='ltr'><strong>opere</strong></span> <span class='ocrx_word' id='word_1_711' title='bbox 1747 5030 1953 5087; x_wconf 85' lang='lat' dir='ltr'><strong>doctri-</strong></span> 
     </span>
    </p>
   </div>
   <div class='ocr_carea' id='block_1_97' title="bbox 368 5121 1954 5193">
    <p class='ocr_par' dir='ltr' id='par_1_97' title="bbox 368 5121 1954 5193">
     <span class='ocr_line' id='line_1_97' title="bbox 368 5121 1954 5193; baseline 0.004 -19"><span class='ocrx_word' id='word_1_712' title='bbox 368 5134 549 5191; x_wconf 90' lang='lat' dir='ltr'><strong>naque</strong></span> <span class='ocrx_word' id='word_1_713' title='bbox 573 5128 909 5186; x_wconf 88' lang='lat' dir='ltr'><strong>versantem,</strong></span> <span class='ocrx_word' id='word_1_714' title='bbox 956 5136 1053 5177; x_wconf 81' lang='lat' dir='ltr'><strong>seu</strong></span> <span class='ocrx_word' id='word_1_715' title='bbox 1080 5121 1483 5193; x_wconf 72' lang='lat' dir='ltr'><strong>praedicationis</strong></span> <span class='ocrx_word' id='word_1_716' title='bbox 1513 5123 1830 5183; x_wconf 84' lang='lat' dir='ltr'><strong>sinceritate</strong></span> <span class='ocrx_word' id='word_1_717' title='bbox 1856 5140 1954 5181; x_wconf 90' lang='lat' dir='ltr'><strong>seu</strong></span> 
     </span>
    </p>
   </div>
   <div class='ocr_carea' id='block_1_98' title="bbox 364 5213 1958 5290">
    <p class='ocr_par' dir='ltr' id='par_1_98' title="bbox 364 5213 1958 5290">
     <span class='ocr_line' id='line_1_98' title="bbox 364 5213 1958 5290; baseline 0.004 -21"><span class='ocrx_word' id='word_1_718' title='bbox 364 5213 636 5269; x_wconf 87' lang='lat' dir='ltr'><strong>fundendi</strong></span> <span class='ocrx_word' id='word_1_719' title='bbox 683 5215 975 5287; x_wconf 84' lang='lat' dir='ltr'><strong>sanguinis</strong></span> <span class='ocrx_word' id='word_1_720' title='bbox 1002 5214 1311 5283; x_wconf 88' lang='lat' dir='ltr'><strong>alacritate,</strong></span> <span class='ocrx_word' id='word_1_721' title='bbox 1343 5216 1627 5271; x_wconf 86' lang='lat' dir='ltr'><strong>evidenter</strong></span> <span class='ocrx_word' id='word_1_722' title='bbox 1664 5234 1729 5273; x_wconf 92' lang='lat' dir='ltr'><strong>ac</strong></span> <span class='ocrx_word' id='word_1_723' title='bbox 1776 5219 1958 5290; x_wconf 90' lang='lat' dir='ltr'><strong>splen-</strong></span> 
     </span>
    </p>
   </div>
   <div class='ocr_carea' id='block_1_99' title="bbox 361 5306 1956 5365">
    <p class='ocr_par' dir='ltr' id='par_1_99' title="bbox 361 5306 1956 5365">
     <span class='ocr_line' id='line_1_99' title="bbox 361 5306 1956 5365; baseline 0.003 -4"><span class='ocrx_word' id='word_1_724' title='bbox 361 5306 490 5363; x_wconf 90' lang='lat' dir='ltr'><strong>dide</strong></span> <span class='ocrx_word' id='word_1_725' title='bbox 516 5318 816 5363; x_wconf 88' lang='lat' dir='ltr'><strong>coronatus</strong></span> <span class='ocrx_word' id='word_1_726' title='bbox 854 5316 1044 5364; x_wconf 82' lang='lat' dir='ltr'><strong>noster</strong></span> <span class='ocrx_word' id='word_1_727' title='bbox 1085 5307 1323 5362; x_wconf 90' lang='lat' dir='ltr'><strong>ostendit</strong></span> <span class='ocrx_word' id='word_1_728' title='bbox 1349 5325 1363 5360; x_wconf 91' lang='lat'><strong>:</strong></span> <span class='ocrx_word' id='word_1_729' title='bbox 1387 5308 1604 5363; x_wconf 88' lang='lat' dir='ltr'><strong>etiamsi</strong></span> <span class='ocrx_word' id='word_1_730' title='bbox 1634 5308 1832 5364; x_wconf 87' lang='lat' dir='ltr'><strong>deinde</strong></span> <span class='ocrx_word' id='word_1_731' title='bbox 1861 5311 1956 5365; x_wconf 58' lang='lat' dir='ltr'><strong>bo.</strong></span> 
     </span>
    </p>
   </div>
   <div class='ocr_carea' id='block_1_100' title="bbox 361 5398 1947 5471">
    <p class='ocr_par' dir='ltr' id='par_1_100' title="bbox 361 5398 1947 5471">
     <span class='ocr_line' id='line_1_100' title="bbox 361 5398 1947 5471; baseline 0.001 -17"><span class='ocrx_word' id='word_1_732' title='bbox 361 5399 450 5455; x_wconf 89' lang='lat' dir='ltr'><strong>nis</strong></span> <span class='ocrx_word' id='word_1_733' title='bbox 505 5399 761 5470; x_wconf 88' lang='lat' dir='ltr'><strong>precibus</strong></span> <span class='ocrx_word' id='word_1_734' title='bbox 815 5408 982 5471; x_wconf 90' lang='lat' dir='ltr'><strong>atque</strong></span> <span class='ocrx_word' id='word_1_735' title='bbox 1037 5398 1218 5463; x_wconf 85' lang='lat' dir='ltr'><strong>venia,</strong></span> <span class='ocrx_word' id='word_1_736' title='bbox 1273 5405 1398 5469; x_wconf 75' lang='lat' dir='ltr'><strong>post</strong></span> <span class='ocrx_word' id='word_1_737' title='bbox 1429 5407 1684 5453; x_wconf 61' lang='lat' dir='ltr'><strong>cateram</strong></span> <span class='ocrx_word' id='word_1_738' title='bbox 1722 5415 1947 5456; x_wconf 91' lang='lat' dir='ltr'><strong>omnem</strong></span> 
     </span>
    </p>
   </div>
   <div class='ocr_carea' id='block_1_101' title="bbox 432 5513 2062 5584">
    <p class='ocr_par' dir='ltr' id='par_1_101' title="bbox 432 5513 2062 5584">
     <span class='ocr_line' id='line_1_101' title="bbox 432 5513 2062 5584; baseline 0.001 -13"><span class='ocrx_word' id='word_1_739' title='bbox 432 5516 476 5549; x_wconf 79' lang='grc'><strong>³⁸</strong></span> <span class='ocrx_word' id='word_1_740' title='bbox 511 5518 630 5573; x_wconf 84' lang='lat' dir='ltr'><strong>Act.</strong></span> <span class='ocrx_word' id='word_1_741' title='bbox 657 5532 757 5581; x_wconf 81' lang='lat' dir='ltr'><strong>vn,</strong></span> <span class='ocrx_word' id='word_1_742' title='bbox 783 5515 875 5574; x_wconf 88' lang='lat'><strong>60.</strong></span> <span class='ocrx_word' id='word_1_743' title='bbox 963 5516 1008 5548; x_wconf 86' lang='grc'><strong>³²</strong></span> <span class='ocrx_word' id='word_1_744' title='bbox 1037 5514 1173 5573; x_wconf 83' lang='lat' dir='ltr'><strong>Luc.</strong></span> <span class='ocrx_word' id='word_1_745' title='bbox 1198 5527 1356 5580; x_wconf 73' lang='lat' dir='ltr'><strong>niti,</strong></span> <span class='ocrx_word' id='word_1_746' title='bbox 1386 5514 1477 5569; x_wconf 71' lang='lat'><strong>34.</strong></span> <span class='ocrx_word' id='word_1_747' title='bbox 1558 5515 1602 5547; x_wconf 83' lang='grc'><strong>³³</strong></span> <span class='ocrx_word' id='word_1_748' title='bbox 1626 5513 1787 5569; x_wconf 82' lang='lat' dir='ltr'><strong>Joan.</strong></span> <span class='ocrx_word' id='word_1_749' title='bbox 1831 5532 1949 5584; x_wconf 88' lang='lat' dir='ltr'><strong>vm,</strong></span> <span class='ocrx_word' id='word_1_750' title='bbox 1972 5517 2062 5573; x_wconf 69' lang='grc'><strong>44.</strong></span> 
     </span>
    </p>
   </div>
   <div class='ocr_carea' id='block_1_102' title="bbox 2062 4562 3653 4648">
    <p class='ocr_par' dir='ltr' id='par_1_102' title="bbox 2062 4562 3653 4648">
     <span class='ocr_line' id='line_1_102' title="bbox 2062 4562 3653 4648; baseline -0.009 -19"><span class='ocrx_word' id='word_1_751' title='bbox 2062 4576 2288 4648; x_wconf 77' lang='grc' dir='ltr'>γνήσιος</span> <span class='ocrx_word' id='word_1_752' title='bbox 2315 4570 2412 4626; x_wconf 81' lang='grc' dir='ltr'><strong>τοῦ</strong></span> <span class='ocrx_word' id='word_1_753' title='bbox 2442 4570 2713 4623; x_wconf 84' lang='grc' dir='ltr'>Δεσπότου</span> <span class='ocrx_word' id='word_1_754' title='bbox 2750 4567 3001 4639; x_wconf 77' lang='grc' dir='ltr'>μαθητὴς</span> <span class='ocrx_word' id='word_1_755' title='bbox 3035 4568 3130 4620; x_wconf 76' lang='grc' dir='ltr'>καὶ</span> <span class='ocrx_word' id='word_1_756' title='bbox 3163 4564 3459 4638; x_wconf 85' lang='grc' dir='ltr'>μαρτύρων</span> <span class='ocrx_word' id='word_1_757' title='bbox 3492 4562 3653 4635; x_wconf 81' lang='grc' dir='ltr'>πρῶ-</span> 
     </span>
    </p>
   </div>
   <div class='ocr_carea' id='block_1_103' title="bbox 2059 4657 3655 4736">
    <p class='ocr_par' dir='ltr' id='par_1_103' title="bbox 2059 4657 3655 4736">
     <span class='ocr_line' id='line_1_103' title="bbox 2059 4657 3655 4736; baseline -0.009 -12"><span class='ocrx_word' id='word_1_758' title='bbox 2059 4687 2152 4732; x_wconf 87' lang='grc' dir='ltr'><strong>τος</strong></span> <span class='ocrx_word' id='word_1_759' title='bbox 2183 4664 2342 4731; x_wconf 80' lang='grc' dir='ltr'>δόξαν</span> <span class='ocrx_word' id='word_1_760' title='bbox 2371 4665 2503 4736; x_wconf 80' lang='grc' dir='ltr'>ἡμῖν</span> <span class='ocrx_word' id='word_1_761' title='bbox 2527 4664 2641 4727; x_wconf 82' lang='grc' dir='ltr'>τοῖς</span> <span class='ocrx_word' id='word_1_762' title='bbox 2670 4662 2853 4735; x_wconf 79' lang='grc' dir='ltr'>ἔργοις</span> <span class='ocrx_word' id='word_1_763' title='bbox 2898 4660 3069 4726; x_wconf 79' lang='grc' dir='ltr'>ἔδειξε</span> <span class='ocrx_word' id='word_1_764' title='bbox 3109 4657 3386 4732; x_wconf 87' lang='grc' dir='ltr'>μετελθὼν</span> <span class='ocrx_word' id='word_1_765' title='bbox 3422 4659 3526 4729; x_wconf 82' lang='grc' dir='ltr'>τὴν</span> <span class='ocrx_word' id='word_1_766' title='bbox 3555 4657 3655 4711; x_wconf 83' lang='grc' dir='ltr'>αύ-</span> 
     </span>
    </p>
   </div>
   <div class='ocr_carea' id='block_1_104' title="bbox 2060 4748 3651 4831">
    <p class='ocr_par' dir='ltr' id='par_1_104' title="bbox 2060 4748 3651 4831">
     <span class='ocr_line' id='line_1_104' title="bbox 2060 4748 3651 4831; baseline -0.006 -18"><span class='ocrx_word' id='word_1_767' title='bbox 2060 4758 2182 4831; x_wconf 79' lang='grc' dir='ltr'>τὴν,</span> <span class='ocrx_word' id='word_1_768' title='bbox 2207 4755 2367 4826; x_wconf 83' lang='grc' dir='ltr'>δῆλον</span> <span class='ocrx_word' id='word_1_769' title='bbox 2395 4756 2475 4809; x_wconf 87' lang='grc' dir='ltr'>ὃτι</span> <span class='ocrx_word' id='word_1_770' title='bbox 2503 4752 2599 4808; x_wconf 72' lang='grc' dir='ltr'><strong>καὶ</strong></span> <span class='ocrx_word' id='word_1_771' title='bbox 2625 4752 2719 4806; x_wconf 84' lang='grc' dir='ltr'>τὸν</span> <span class='ocrx_word' id='word_1_772' title='bbox 2747 4750 3068 4806; x_wconf 78' lang='grc' dir='ltr'>διδάσκαλον</span> <span class='ocrx_word' id='word_1_773' title='bbox 3090 4765 3103 4781; x_wconf 72' lang='grc' dir='ltr'><strong>ο</strong></span> <span class='ocrx_word' id='word_1_774' title='bbox 3136 4750 3225 4803; x_wconf 83' lang='grc' dir='ltr'><strong>ἴνα</strong></span> <span class='ocrx_word' id='word_1_775' title='bbox 3252 4748 3328 4821; x_wconf 81' lang='grc' dir='ltr'>μὴ</span> <span class='ocrx_word' id='word_1_776' title='bbox 3344 4749 3439 4803; x_wconf 78' lang='grc' dir='ltr'><strong>νύν</strong></span> <span class='ocrx_word' id='word_1_777' title='bbox 3461 4748 3612 4818; x_wconf 83' lang='grc' dir='ltr'>λέγω</span> <span class='ocrx_word' id='word_1_778' title='bbox 3631 4763 3651 4781; x_wconf 79' lang='lat'><strong><em>°</em></strong></span> 
     </span>
    </p>
   </div>
   <div class='ocr_carea' id='block_1_105' title="bbox 2065 4841 3649 4921">
    <p class='ocr_par' dir='ltr' id='par_1_105' title="bbox 2065 4841 3649 4921">
     <span class='ocr_line' id='line_1_105' title="bbox 2065 4841 3649 4921; baseline -0.007 -17"><span class='ocrx_word' id='word_1_779' title='bbox 2065 4870 2084 4904; x_wconf 78' lang='grc' dir='ltr'><strong>ι</strong></span> <span class='ocrx_word' id='word_1_780' title='bbox 2108 4852 2298 4921; x_wconf 88' lang='grc' dir='ltr'>Ὑμεῖς</span> <span class='ocrx_word' id='word_1_781' title='bbox 2340 4849 2405 4901; x_wconf 88' lang='grc' dir='ltr'><strong>ἐκ</strong></span> <span class='ocrx_word' id='word_1_782' title='bbox 2455 4845 2549 4900; x_wconf 77' lang='grc' dir='ltr'>τοῦ</span> <span class='ocrx_word' id='word_1_783' title='bbox 2606 4843 2813 4917; x_wconf 77' lang='grc' dir='ltr'>πατρὸς</span> <span class='ocrx_word' id='word_1_784' title='bbox 2858 4844 2950 4897; x_wconf 78' lang='grc' dir='ltr'><strong>τοῦ</strong></span> <span class='ocrx_word' id='word_1_785' title='bbox 2983 4841 3235 4897; x_wconf 88' lang='grc' dir='ltr'>διαϐόλου</span> <span class='ocrx_word' id='word_1_786' title='bbox 3272 4842 3386 4914; x_wconf 88' lang='lat' dir='ltr'><strong>(l8)</strong></span> <span class='ocrx_word' id='word_1_787' title='bbox 3420 4841 3550 4895; x_wconf 76' lang='grc' dir='ltr'>ἐστέ</span> <span class='ocrx_word' id='word_1_788' title='bbox 3576 4857 3593 4873; x_wconf 89' lang='grc'><strong>·</strong></span> <span class='ocrx_word' id='word_1_789' title='bbox 3627 4858 3649 4893; x_wconf 71' lang='grc' dir='ltr'><strong>ι</strong></span> 
     </span>
    </p>
   </div>
   <div class='ocr_carea' id='block_1_106' title="bbox 2058 4934 3657 5010">
    <p class='ocr_par' dir='ltr' id='par_1_106' title="bbox 2058 4934 3657 5010">
     <span class='ocr_line' id='line_1_106' title="bbox 2058 4934 3657 5010; baseline -0.006 -14"><span class='ocrx_word' id='word_1_790' title='bbox 2058 4942 2188 4997; x_wconf 83' lang='grc' dir='ltr'>καί⁶</span> <span class='ocrx_word' id='word_1_791' title='bbox 2228 4960 2247 4993; x_wconf 81' lang='grc' dir='ltr'><strong>ι</strong></span> <span class='ocrx_word' id='word_1_792' title='bbox 2291 4938 2461 4993; x_wconf 76' lang='grc' dir='ltr'>Γενεὰ</span> <span class='ocrx_word' id='word_1_793' title='bbox 2505 4939 2723 5010; x_wconf 82' lang='grc' dir='ltr'>πονηρὰ</span> <span class='ocrx_word' id='word_1_794' title='bbox 2778 4937 2874 4991; x_wconf 79' lang='grc' dir='ltr'>καὶ</span> <span class='ocrx_word' id='word_1_795' title='bbox 2934 4934 3219 5007; x_wconf 75' lang='grc' dir='ltr'>μοιχαλίςο</span> <span class='ocrx_word' id='word_1_796' title='bbox 3262 4954 3281 4989; x_wconf 79' lang='grc' dir='ltr'><strong>ι</strong></span> <span class='ocrx_word' id='word_1_797' title='bbox 3330 4935 3426 4989; x_wconf 72' lang='grc' dir='ltr'>καὶ</span> <span class='ocrx_word' id='word_1_798' title='bbox 3481 4934 3657 5006; x_wconf 83' lang='grc' dir='ltr'>μυρία</span> 
     </span>
    </p>
   </div>
   <div class='ocr_carea' id='block_1_107' title="bbox 2058 5021 3657 5089">
    <p class='ocr_par' dir='ltr' id='par_1_107' title="bbox 2058 5021 3657 5089">
     <span class='ocr_line' id='line_1_107' title="bbox 2058 5021 3657 5089; baseline -0.009 0"><span class='ocrx_word' id='word_1_799' title='bbox 2058 5033 2195 5089; x_wconf 82' lang='grc' dir='ltr'>ἄλλα</span> <span class='ocrx_word' id='word_1_800' title='bbox 2217 5025 2292 5087; x_wconf 79' lang='grc' dir='ltr'>ὧν</span> <span class='ocrx_word' id='word_1_801' title='bbox 2322 5031 2383 5085; x_wconf 79' lang='grc' dir='ltr'>τὸ</span> <span class='ocrx_word' id='word_1_802' title='bbox 2423 5029 2693 5084; x_wconf 82' lang='grc' dir='ltr'>Ἰουδαίων</span> <span class='ocrx_word' id='word_1_803' title='bbox 2738 5027 2892 5089; x_wconf 76' lang='grc' dir='ltr'>ἔθνος</span> <span class='ocrx_word' id='word_1_804' title='bbox 2923 5023 3248 5089; x_wconf 86' lang='grc' dir='ltr'>ὑπεύθυνον,</span> <span class='ocrx_word' id='word_1_805' title='bbox 3275 5023 3346 5078; x_wconf 77' lang='grc' dir='ltr'><strong>τὰ</strong></span> <span class='ocrx_word' id='word_1_806' title='bbox 3386 5021 3528 5077; x_wconf 74' lang='grc' dir='ltr'>αὐτὰ</span> <span class='ocrx_word' id='word_1_807' title='bbox 3558 5021 3657 5075; x_wconf 73' lang='grc' dir='ltr'>καὶ</span> 
     </span>
    </p>
   </div>
   <div class='ocr_carea' id='block_1_108' title="bbox 2043 5112 3657 5194">
    <p class='ocr_par' dir='ltr' id='par_1_108' title="bbox 2043 5112 3657 5194">
     <span class='ocr_line' id='line_1_108' title="bbox 2043 5112 3657 5194; baseline -0.008 -17"><span class='ocrx_word' id='word_1_808' title='bbox 2043 5123 2422 5194; x_wconf 76' lang='grc' dir='ltr'>’τελεσάμενον</span> <span class='ocrx_word' id='word_1_809' title='bbox 2456 5121 2551 5175; x_wconf 73' lang='grc' dir='ltr'>καὶ</span> <span class='ocrx_word' id='word_1_810' title='bbox 2576 5119 2867 5187; x_wconf 71' lang='grc' dir='ltr'>διδάξαντα</span> <span class='ocrx_word' id='word_1_811' title='bbox 2880 5117 2974 5171; x_wconf 79' lang='grc' dir='ltr'><strong>τὸν</strong></span> <span class='ocrx_word' id='word_1_812' title='bbox 2996 5115 3392 5187; x_wconf 88' lang='grc' dir='ltr'>στεφανοδότην</span> <span class='ocrx_word' id='word_1_813' title='bbox 3418 5112 3499 5184; x_wconf 81' lang='grc' dir='ltr'>τῷ</span> <span class='ocrx_word' id='word_1_814' title='bbox 3518 5129 3657 5183; x_wconf 91' lang='grc' dir='ltr'>γνη-</span> 
     </span>
    </p>
   </div>
   <div class='ocr_carea' id='block_1_109' title="bbox 2063 5206 3657 5289">
    <p class='ocr_par' dir='ltr' id='par_1_109' title="bbox 2063 5206 3657 5289">
     <span class='ocr_line' id='line_1_109' title="bbox 2063 5206 3657 5289; baseline -0.009 -17"><span class='ocrx_word' id='word_1_815' title='bbox 2063 5219 2162 5289; x_wconf 74' lang='grc' dir='ltr'>σίῳ</span> <span class='ocrx_word' id='word_1_816' title='bbox 2194 5218 2433 5289; x_wconf 79' lang='grc' dir='ltr'>μάλιστα</span> <span class='ocrx_word' id='word_1_817' title='bbox 2482 5214 2578 5270; x_wconf 76' lang='grc' dir='ltr'><strong>τοῦ</strong></span> <span class='ocrx_word' id='word_1_818' title='bbox 2630 5211 3012 5285; x_wconf 85' lang='grc' dir='ltr'>κηρύγματος,</span> <span class='ocrx_word' id='word_1_819' title='bbox 3053 5210 3152 5265; x_wconf 77' lang='grc' dir='ltr'>καὶ</span> <span class='ocrx_word' id='word_1_820' title='bbox 3196 5207 3276 5280; x_wconf 83' lang='grc' dir='ltr'><strong>τῷ</strong></span> <span class='ocrx_word' id='word_1_821' title='bbox 3317 5207 3386 5262; x_wconf 80' lang='grc' dir='ltr'>δι’</span> <span class='ocrx_word' id='word_1_822' title='bbox 3419 5206 3657 5278; x_wconf 80' lang='grc' dir='ltr'>αἵματος</span> 
     </span>
    </p>
   </div>
   <div class='ocr_carea' id='block_1_110' title="bbox 2064 5300 3653 5381">
    <p class='ocr_par' dir='ltr' id='par_1_110' title="bbox 2064 5300 3653 5381">
     <span class='ocr_line' id='line_1_110' title="bbox 2064 5300 3653 5381; baseline -0.007 -18"><span class='ocrx_word' id='word_1_823' title='bbox 2064 5311 2217 5378; x_wconf 84' lang='grc' dir='ltr'>πόθῳ</span> <span class='ocrx_word' id='word_1_824' title='bbox 2243 5308 2517 5381; x_wconf 80' lang='grc' dir='ltr'>λαμπρῶς</span> <span class='ocrx_word' id='word_1_825' title='bbox 2541 5308 2638 5362; x_wconf 80' lang='grc' dir='ltr'>καὶ</span> <span class='ocrx_word' id='word_1_826' title='bbox 2667 5304 3059 5376; x_wconf 83' lang='grc' dir='ltr'>ἀναμφιϐόλως</span> <span class='ocrx_word' id='word_1_827' title='bbox 3091 5304 3120 5357; x_wconf 90' lang='lat'><strong>6</strong></span> <span class='ocrx_word' id='word_1_828' title='bbox 3149 5300 3475 5372; x_wconf 87' lang='grc' dir='ltr'>στεφανίτης</span> <span class='ocrx_word' id='word_1_829' title='bbox 3504 5315 3653 5370; x_wconf 87' lang='grc' dir='ltr'>παρ-</span> 
     </span>
    </p>
   </div>
   <div class='ocr_carea' id='block_1_111' title="bbox 2064 5390 3656 5475">
    <p class='ocr_par' dir='ltr' id='par_1_111' title="bbox 2064 5390 3656 5475">
     <span class='ocr_line' id='line_1_111' title="bbox 2064 5390 3656 5475; baseline -0.008 -18"><span class='ocrx_word' id='word_1_830' title='bbox 2064 5403 2266 5475; x_wconf 86' lang='grc' dir='ltr'>έστησε</span> <span class='ocrx_word' id='word_1_831' title='bbox 2291 5418 2305 5431; x_wconf 90' lang='grc'><strong>·</strong></span> <span class='ocrx_word' id='word_1_832' title='bbox 2337 5402 2444 5456; x_wconf 78' lang='grc' dir='ltr'>κᾶν</span> <span class='ocrx_word' id='word_1_833' title='bbox 2470 5401 2603 5472; x_wconf 77' lang='grc' dir='ltr'><strong>εὐχῇ</strong></span> <span class='ocrx_word' id='word_1_834' title='bbox 2628 5400 2722 5454; x_wconf 76' lang='grc' dir='ltr'>καὶ</span> <span class='ocrx_word' id='word_1_835' title='bbox 2753 5395 3051 5469; x_wconf 83' lang='grc' dir='ltr'>συγγνώμῃ</span> <span class='ocrx_word' id='word_1_836' title='bbox 3079 5395 3220 5468; x_wconf 81' lang='grc' dir='ltr'>μετά</span> <span class='ocrx_word' id='word_1_837' title='bbox 3259 5390 3656 5466; x_wconf 74' lang='grc' dir='ltr'>προκαταϐὶη-</span> 
     </span>
    </p>
   </div>
   <div class='ocr_carea' id='block_1_112' title="bbox 2140 5516 2671 5582">
    <p class='ocr_par' dir='ltr' id='par_1_112' title="bbox 2140 5516 2671 5582">
     <span class='ocr_line' id='line_1_112' title="bbox 2140 5516 2671 5582; baseline -0.008 -6"><span class='ocrx_word' id='word_1_838' title='bbox 2140 5520 2185 5552; x_wconf 66' lang='grc'>³³</span> <span class='ocrx_word' id='word_1_839' title='bbox 2214 5519 2407 5575; x_wconf 82' lang='lat' dir='ltr'><strong>Matth.</strong></span> <span class='ocrx_word' id='word_1_840' title='bbox 2449 5534 2547 5582; x_wconf 76' lang='lat' dir='ltr'><strong>xu,</strong></span> <span class='ocrx_word' id='word_1_841' title='bbox 2582 5516 2671 5572; x_wconf 78' lang='lat'><strong>59.</strong></span> 
     </span>
    </p>
   </div>
   <div class='ocr_carea' id='block_1_113' title="bbox 1889 5638 2123 5697">
    <p class='ocr_par' dir='ltr' id='par_1_113' title="bbox 1889 5638 2123 5697">
     <span class='ocr_line' id='line_1_113' title="bbox 1889 5638 2123 5697; baseline 0.017 -4"><span class='ocrx_word' id='word_1_842' title='bbox 1889 5638 2123 5697; x_wconf 69' lang='lat' dir='ltr'><strong>NOTAE}.</strong></span> 
     </span>
    </p>
   </div>
   <div class='ocr_carea' id='block_1_114' title="bbox 434 5732 1228 5804">
    <p class='ocr_par' dir='ltr' id='par_1_114' title="bbox 434 5732 1228 5804">
     <span class='ocr_line' id='line_1_114' title="bbox 434 5732 1228 5804; baseline 0.006 -20"><span class='ocrx_word' id='word_1_843' title='bbox 434 5732 547 5797; x_wconf 76' lang='lat' dir='ltr'><strong>(I7)</strong></span> <span class='ocrx_word' id='word_1_844' title='bbox 578 5733 711 5804; x_wconf 72' lang='lat' dir='ltr'><strong>Coti.</strong></span> <span class='ocrx_word' id='word_1_845' title='bbox 742 5733 1228 5804; x_wconf 78' lang='grc' dir='ltr'>σκληρογαρδίους.</span> 
     </span>
    </p>
   </div>
   <div class='ocr_carea' id='block_1_115' title="bbox 438 5802 1951 5876">
    <p class='ocr_par' dir='ltr' id='par_1_115' title="bbox 438 5802 1951 5876">
     <span class='ocr_line' id='line_1_115' title="bbox 438 5802 1951 5876; baseline -0.001 -19"><span class='ocrx_word' id='word_1_846' title='bbox 438 5805 551 5873; x_wconf 26' lang='lat'><strong>(&#39;18)</strong></span> <span class='ocrx_word' id='word_1_847' title='bbox 592 5802 925 5859; x_wconf 70' lang='lat' dir='ltr'><strong>Vocabulum</strong></span> <span class='ocrx_word' id='word_1_848' title='bbox 951 5802 1202 5876; x_wconf 69' lang='grc' dir='ltr'>διαϐόλου</span> <span class='ocrx_word' id='word_1_849' title='bbox 1235 5805 1346 5876; x_wconf 78' lang='lat' dir='ltr'><strong>regi</strong></span> <span class='ocrx_word' id='word_1_850' title='bbox 1374 5819 1402 5857; x_wconf 86' lang='lat' dir='ltr'><strong>a</strong></span> <span class='ocrx_word' id='word_1_851' title='bbox 1431 5802 1636 5874; x_wconf 73' lang='grc' dir='ltr'>πατρὸς</span> <span class='ocrx_word' id='word_1_852' title='bbox 1670 5802 1951 5859; x_wconf 75' lang='lat' dir='ltr'><strong>existima-</strong></span> 
     </span>
    </p>
   </div>
   <div class='ocr_carea' id='block_1_116' title="bbox 368 5875 1952 5950">
    <p class='ocr_par' dir='ltr' id='par_1_116' title="bbox 368 5875 1952 5950">
     <span class='ocr_line' id='line_1_116' title="bbox 368 5875 1952 5950; baseline 0.003 -23"><span class='ocrx_word' id='word_1_853' title='bbox 368 5885 495 5929; x_wconf 86' lang='lat' dir='ltr'><strong>runt</strong></span> <span class='ocrx_word' id='word_1_854' title='bbox 546 5876 793 5932; x_wconf 86' lang='lat' dir='ltr'><strong>nonnulli</strong></span> <span class='ocrx_word' id='word_1_855' title='bbox 845 5886 985 5934; x_wconf 86' lang='lat' dir='ltr'><strong>tcstc</strong></span> <span class='ocrx_word' id='word_1_856' title='bbox 1037 5875 1255 5945; x_wconf 78' lang='lat' dir='ltr'><strong>Photio,</strong></span> <span class='ocrx_word' id='word_1_857' title='bbox 1306 5875 1403 5950; x_wconf 78' lang='lat' dir='ltr'><strong>qui</strong></span> <span class='ocrx_word' id='word_1_858' title='bbox 1454 5881 1519 5931; x_wconf 66' lang='lat' dir='ltr'><strong>lic</strong></span> <span class='ocrx_word' id='word_1_859' title='bbox 1568 5885 1722 5944; x_wconf 79' lang='lat' dir='ltr'><strong>patre</strong></span> <span class='ocrx_word' id='word_1_860' title='bbox 1748 5876 1952 5933; x_wconf 82' lang='lat' dir='ltr'><strong>diaboli</strong></span> 
     </span>
    </p>
   </div>
   <div class='ocr_carea' id='block_1_117' title="bbox 2063 5718 3653 5806">
    <p class='ocr_par' dir='ltr' id='par_1_117' title="bbox 2063 5718 3653 5806">
     <span class='ocr_line' id='line_1_117' title="bbox 2063 5718 3653 5806; baseline -0.011 -15"><span class='ocrx_word' id='word_1_861' title='bbox 2063 5737 2307 5806; x_wconf 86' lang='lat' dir='ltr'><strong>disputat</strong></span> <span class='ocrx_word' id='word_1_862' title='bbox 2338 5735 2390 5788; x_wconf 88' lang='lat' dir='ltr'><strong>in</strong></span> <span class='ocrx_word' id='word_1_863' title='bbox 2422 5731 2830 5806; x_wconf 32' lang='lat' dir='ltr'><strong>amphaquaist.</strong></span> <span class='ocrx_word' id='word_1_864' title='bbox 2850 5728 2919 5784; x_wconf 90' lang='lat'><strong>88</strong></span> <span class='ocrx_word' id='word_1_865' title='bbox 2943 5728 3144 5806; x_wconf 39' lang='lat' dir='ltr'><strong>inunc-</strong></span> <span class='ocrx_word' id='word_1_866' title='bbox 3170 5722 3307 5806; x_wconf 39' lang='lat'><strong>2.41.).</strong></span> <span class='ocrx_word' id='word_1_867' title='bbox 3326 5721 3469 5793; x_wconf 87' lang='lat' dir='ltr'><strong>apud</strong></span> <span class='ocrx_word' id='word_1_868' title='bbox 3495 5718 3653 5803; x_wconf 58' lang='lat' dir='ltr'><strong>Wo!-</strong></span> 
     </span>
    </p>
   </div>
   <div class='ocr_carea' id='block_1_118' title="bbox 2040 5792 3537 5877">
    <p class='ocr_par' dir='ltr' id='par_1_118' title="bbox 2040 5792 3537 5877">
     <span class='ocr_line' id='line_1_118' title="bbox 2040 5792 3537 5877; baseline -0.011 -13"><span class='ocrx_word' id='word_1_869' title='bbox 2040 5792 2216 5874; x_wconf 63' lang='lat' dir='ltr'><strong>&#39;ftut&#39;n,</strong></span> <span class='ocrx_word' id='word_1_870' title='bbox 2247 5817 2300 5864; x_wconf 88' lang='lat' dir='ltr'><strong>ct</strong></span> <span class='ocrx_word' id='word_1_871' title='bbox 2326 5792 2593 5877; x_wconf 75' lang='lat' dir='ltr'><strong>prolixius</strong></span> <span class='ocrx_word' id='word_1_872' title='bbox 2618 5792 2673 5860; x_wconf 81' lang='lat' dir='ltr'><strong>in</strong></span> <span class='ocrx_word' id='word_1_873' title='bbox 2703 5808 2898 5875; x_wconf 57' lang='lat' dir='ltr'><strong>quaest.</strong></span> <span class='ocrx_word' id='word_1_874' title='bbox 2930 5799 2999 5857; x_wconf 70' lang='grc'><strong>47</strong></span> <span class='ocrx_word' id='word_1_875' title='bbox 3026 5797 3233 5858; x_wconf 81' lang='lat' dir='ltr'><strong>codicis</strong></span> <span class='ocrx_word' id='word_1_876' title='bbox 3268 5792 3537 5852; x_wconf 77' lang='lat' dir='ltr'><strong>Vaticani.</strong></span> 
     </span>
    </p>
   </div>
  </div>
