3916 6192
259 262 330 325 ’Π
1312 275 1412 334 AD
1449 273 1860 335 AMPHILOCI

1967 277 2039 337 [Μ
2068 278 2411 351 QU/ESTIO
2464 280 2513 337 Ι.
3106 270 3111 275 ’
3444 272 3515 335 ’18

261 384 450 443 θεῖσαν
480 385 662 440 πᾶσαν
686 386 855 458 ἀλλην
897 388 1157 459 προνοίας
1199 406 1259 444 τε
1300 392 1395 444 καὶ
1424 391 1837 464 φιλανθρωπίας

1973 410 2083 450 orae
2130 411 2195 450 ac
2222 382 2531 449 dilectionis
2569 391 2888 447 exhaustam
2924 388 3218 453 rationem,
3260 388 3516 445 Servator

262 464 492 543 μέθοδον
520 477 550 530 ὀ
571 475 762 547 Σωτὴρ
784 476 880 531 τοῦ
903 478 1093 547 γένους
1121 480 1249 545 τοὺς
1275 481 1364 536 διὰ
1389 484 1625 556 σταυροῦ
1668 484 1837 539 θάνα-

262 580 357 619 τον
382 565 533 637 αὐτῷ
556 568 952 636 ἐπενεγκόντας
979 570 1265 642 ἀνέφερεν.

336 662 446 725 κγ’.
471 657 632 710 Ἀλλά
648 658 821 714 ταῦτα
844 660 944 731 μὲν
962 661 1090 724 ἴσως
1107 664 1202 716 καὶ
1221 663 1322 733 τῆς
1336 665 1620 737 παρούσης
1636 666 1842 738 μακρό-

266 766 428 820 τερον
444 749 751 815 ὑποθέσεως
764 770 777 783 ·
798 754 967 823 χωρὶς
985 753 1168 824 μέντοι
1184 772 1248 822 γε
1260 757 1369 812 τῶν
1382 758 1844 831 προεκτεθέντων,

269 838 369 891 καὶ⁵
398 838 550 909 παρὰ
574 840 636 893 τὸ
669 840 848 894 διττὸν
870 841 963 895 τοῦ
993 844 1259 915 ὀνόματος
1302 846 1625 920 συνταράξοι
1671 848 1738 903 ἀν
1762 866 1846 912 τις

268 928 334 981 τὸ
364 928 615 1001 βούλημα
638 932 735 1002 τῆς
760 934 986 1006 Γραφῆς
1004 936 1105 989 οὐκ
1138 938 1199 989 ἐν
1230 935 1455 1003 ὀλίγοις.
1484 938 1693 992 Αὐτίκα
1728 956 1748 991 ι
1776 941 1846 995 τὰ

270 1021 422 1076 κακά
458 1025 555 1078 καὶ
611 1025 713 1078 οὐκ
765 1025 916 1080 ἔστιν
956 1027 993 1082 ἀ
1041 1029 1133 1099 μὴ.
1164 1030 1341 1095 κτίζει
1393 1029 1635 1101 Κύριοςο
1681 1052 1700 1084 ι
1729 1031 1846 1097 καὶ,

277 1132 300 1165 ι
333 1115 457 1168 Τῶν
483 1116 671 1170 κακῶν
695 1117 856 1171 πάλιν
891 1120 1104 1187 οὐδενός
1133 1124 1279 1177 ἐστιν
1312 1124 1505 1188 αῐτιος.
1537 1142 1556 1177 ι
1590 1125 1698 1178 Καὶ
1730 1124 1850 1189 πῶς

271 1207 345 1261 ἂν
380 1209 779 1282 συμὸιδασθείη
828 1213 1020 1279 ταῦτα,
1048 1216 1097 1267 εί
1139 1216 1213 1285 μὴ
1243 1215 1306 1267 τὸ
1328 1214 1505 1269 διττὸν
1540 1215 1641 1284 τῆς
1668 1216 1851 1286 φωνῆς

268 1299 604 1372 animam;
638 1304 788 1357 κακά
831 1304 931 1375 μὲν
958 1304 1211 1374 λέγεσθαι
1258 1307 1464 1378 κυρίως
1494 1307 1563 1361 τά
1599 1309 1853 1379 ἁμαρτή-

277 1409 449 1462 ματα,
484 1386 560 1447 ὧν
589 1395 709 1448 ἐστι
741 1396 837 1449 καὶ
860 1397 924 1450 τὸ
965 1396 1121 1451 Θείον
1162 1398 1435 1453 ἀναίτιονο
1475 1399 1623 1453 κακά
1652 1398 1711 1452 δὲ
1757 1399 1854 1452 καὶ

272 1484 348 1537 τὰ
365 1484 635 1540 λυποῦντα
658 1488 821 1543 πάλιν
856 1489 950 1542 καὶ
969 1489 1265 1561 ἀὸούλητα,
1286 1495 1443 1556 νόσος
1460 1494 1555 1546 καὶ
1574 1492 1734 1546 πενία
1756 1492 1853 1546 καὶ

274 1576 587 1648 τραύματα,
612 1580 774 1651 ἀκρίς
804 1582 898 1634 καὶ
918 1580 1144 1653 βροῦχος
1170 1583 1266 1637 καὶ
1288 1584 1513 1656 ὲρυσίεη
1542 1586 1634 1639 καὶ
1653 1587 1851 1656 κάμπη

278 1673 375 1725 καὶ
391 1673 622 1744 χάλαζα,
638 1677 731 1728 καὶ
750 1677 852 1731 ὅσα
869 1677 1005 1732 ἀλλα
1021 1677 1281 1743 πολλάκις
1300 1680 1333 1750 ἡ
1349 1679 1597 1750 Πρόνοια,
1624 1680 1724 1744 τὰς
1741 1680 1850 1734 τῶν

278 1765 749 1837 πλημμελούντων
775 1770 956 1839 ὁρμὰς
980 1770 1404 1839 ἀναστέλλουσα,
1436 1773 1532 1827 καὶ
1557 1772 1667 1826 τῶν
1702 1772 1855 1842 κηλίο

274 1861 386 1913 δων
424 1860 892 1931 ἀποκαθαίρουσα,
928 1864 1043 1927 τοῖς
1079 1864 1286 1934 ἐνόχοις
1315 1866 1608 1935 ἐπαφιέναι
1651 1868 1746 1920 καὶ
1769 1866 1857 1921 λέ-

226 1950 232 1957 ’
272 1968 439 2020 γεται
471 1953 566 2005 καὶ
589 1952 939 2007 πιστεύεται·
965 1955 1028 2008 οὐ
1054 1955 1364 2010 κακύνουσα
1406 1956 1466 2010 τὸ
1492 1956 1853 2028 ἀνθρώπινον,

272 2042 403 2095 οὐδὲ
434 2044 570 2114 πρὸς
596 2043 657 2097 τὸ
682 2046 862 2115 χεῖρον
891 2045 952 2098 τὸ
971 2045 1364 2120 δημιούργημα
1389 2050 1855 2120 μεταπλάττουσα,

285 2130 362 2200 μή
388 2146 442 2183 τι
470 2130 696 2202 γένηται
721 2148 736 2163 '
774 2133 1067 2202 ἀπάγουσα
1094 2137 1152 2190 δὲ
1184 2137 1295 2190 τῶν
1341 2139 1686 2192 κακυνόντων
1719 2140 1857 2210 μᾶλ-

277 2218 396 2281 λον,
428 2222 523 2275 καὶ
561 2224 628 2293 τῇ
669 2223 992 2295 καταλλήλῳ
1032 2226 1128 2281 τοῦ
1165 2228 1451 2293 νοσοῦντος
1483 2229 1753 2303 θεραπείᾳ
1797 2231 1859 2285 τδ

279 2304 643 2378 ἠρῤωστηκδς
656 2311 758 2380 τῆς
779 2309 1003 2383 γνώμης
1021 2313 1156 2387 πρὸς
1174 2316 1236 2369 τὸ
1248 2316 1471 2386 ἄμεινον
1485 2319 1855 2387 ὲπανάγουσα.

278 2396 537 2450 Τοιοῦτον
580 2397 648 2453 ἂν
695 2401 783 2472 εἴη
828 2404 924 2456 καὶ
972 2403 1053 2470 τὸ,
1091 2424 1109 2457 ι
1160 2408 1484 2479 Παρέδωκεν
1523 2410 1724 2475 αὐτοὺς
1765 2410 1862 2466 λαο

276 2488 497 2558 τρεύειν
530 2493 597 2562 τῇ
643 2496 873 2567 στρατιᾷ
899 2496 993 2550 τοῦ
1023 2498 1278 2569 οὐρανοῦ.
1330 2519 1350 2555 ι
1394 2531 1469 2543 -
1500 2520 1520 2554 t
1557 2503 1668 2557 Καὶ
1717 2522 1860 2575 παρ-

278 2580 488 2635 έδωκεν
504 2584 701 2649 αὐτοὺς
716 2587 798 2650 είς
818 2588 964 2659 πάθη
986 2590 1231 2659 ἀτιμίας.
1244 2610 1265 2643 ι
1283 2622 1351 2633 ——
1371 2611 1390 2645 ι
1412 2594 1523 2648 Καὶ
1545 2595 1746 2648 ἔδωκεν
1763 2597 1863 2649 αὐο

278 2676 395 2738 τοῖς
426 2676 641 2748 πνεῦμα
658 2679 1346 2755 κατανύξεως,ὸφθαλμοὺς
1367 2687 1461 2740 τοῦ
1487 2689 1562 2759 μὴ
1582 2688 1822 2759 βλέπειν.
1836 2708 1855 2742 ι

276 2766 397 2836 Τῆς
424 2769 535 2841 γὰρ
555 2772 738 2841 φωνῆς
760 2774 822 2828 τὸ
841 2774 1130 2847 ὁμώνυμον
1160 2779 1457 2845 κάνταῦθα,
1484 2782 1544 2834 οὐ
1571 2782 1732 2853 τυχὸν
1765 2784 1863 2851 μὲν

274 2858 630 2930 διακρίσεως,
667 2865 745 2934 είς
779 2868 1010 2921 ἀτοπίαν
1056 2870 1350 2941 συστρέφει
1396 2872 1457 2925 τὸ
1500 2873 1698 2945 νόημα.
1737 2876 1864 2940 Πῶς

278 2949 395 3020 γὰρ
428 2952 520 3005 καὶ
552 2954 681 3007 πότε
709 2955 940 3027 ψυχικὸν
968 2958 1125 3031 ὄμμα
1168 2963 1360 3031 τυφλοῖ
1387 2965 1415 3017 ὁ
1458 2965 1623 3033 Θεός;
1660 2967 1780 3031 πῶς
1805 2968 1862 3022 δὲ

1940 484 2155 554 generis
2193 495 2444 541 auctores
2477 482 2581 539 sibi
2626 496 2724 553 per
2752 494 2968 536 crucem
3001 480 3152 536 necis
3183 487 3516 551 prosecutus

1940 583 2051 630 εει.

2012 666 2105 721 25.
2168 664 2371 721 Verum
2434 666 2552 720 haec
2610 663 2846 719 fortasse
2895 663 3117 735 longius
3168 678 3198 718 a
3251 670 3531 732 prtesente

1944 759 2224 828 proposito
2256 758 2475 812 abeunt.
2512 755 2576 810 Et
2597 756 2815 827 quidem
2841 766 3037 825 praeter
3071 756 3336 809 hactenus
3355 753 3529 818 dicta,

1948 850 2184 904 nominis
2208 862 2426 919 quoque
2459 848 2789 919 ambiguitas
2844 847 2988 902 haud
3037 862 3163 902 raro
3202 846 3319 901 ﬁeri
3349 853 3527 914 potest

1948 951 2008 996 ut
2045 941 2369 997 sententiam
2409 940 2715 995 conturbet.
2745 938 2947 1007 Veluti,
2995 958 3014 991 ι
3055 938 3176 993 Νοιι
3207 948 3293 994 est
3317 938 3527 992 malum

1948 1034 2090 1103 quod
2122 1048 2231 1088 non
2272 1032 2439 1087 faciat
2478 1031 2744 1087 Dominus
2764 1033 2853 1099 ⁸⁸;
2894 1051 2913 1085 ι
2960 1046 3286 1100 rursusque,
3318 1048 3339 1081 ι
3394 1029 3527 1085 Nul-

1948 1125 2055 1181 lius
2085 1124 2213 1178 mali
2249 1134 2441 1179 auctor
2481 1123 2747 1179 Dominus
2774 1132 2858 1179 est
2892 1123 2956 1177 ³⁸.
2999 1142 3019 1175 ι
3057 1122 3342 1190 Quomodo
3384 1122 3524 1184 haec,

1950 1216 2198 1287 inquam,
2228 1226 2552 1285 congruent,
2600 1215 2707 1271 nisi
2745 1214 3062 1284 ambiguum
3109 1212 3360 1268 vocabuli
3402 1226 3529 1267 sert-

1951 1324 2073 1363 sum
2098 1306 2439 1378 distiuguas?
2468 1306 2606 1362 Mala
2628 1307 2837 1362 scilicet
2863 1306 3123 1376 primario
3144 1320 3308 1361 sensu
3330 1302 3527 1359 dicun-

1954 1409 2043 1455 tur
2088 1408 2331 1469 peccata,
2375 1415 2612 1470 quorum
2654 1398 2798 1455 Deus
2834 1414 3003 1454 causa
3059 1413 3167 1453 non
3211 1407 3335 1453 est:
3382 1397 3527 1452 mala

1953 1499 2213 1561 praeterea
2245 1500 2371 1547 sunt
2403 1491 2488 1545 illa
2524 1505 2644 1560 quae
2673 1490 2923 1546 molestia
2962 1490 3225 1554 alliciunt,
3257 1488 3531 1559 nobisque

1953 1583 2141 1638 invitis
2179 1583 2457 1648 accidunt,
2506 1582 2753 1649 morbus,
2796 1592 3112 1653 paupertas,
3151 1582 3402 1643 vulnera,
3445 1579 3531 1634 Io-

1956 1681 2131 1735 cnsta,
2162 1672 2426 1735 bruchus,
2462 1672 2675 1742 rubigo,
2699 1686 2887 1737 eruca,
2915 1672 3142 1741 grando,
3182 1678 3233 1725 et
3263 1678 3534 1740 quotquot

1956 1762 2063 1817 alia
2091 1778 2466 1834 saepenumero
2501 1762 2608 1819 reis
2658 1763 2877 1818 immitti
2913 1779 2943 1818 a
2975 1764 3161 1818 divina
3194 1761 3532 1835 providentia

1952 1857 2209 1912 dicuntur
2237 1866 2400 1926 atque
2430 1856 2745 1921 creduntur,
2776 1857 2860 1910 vel
2893 1864 2952 1911 ut
2973 1864 3194 1911 ruentes
3220 1854 3285 1909 ad
3312 1862 3533 1924 peccata

1954 1946 2211 2001 mortales
2246 1947 2520 2013 cohibeat,
2565 1948 2649 2002 vel
2702 1963 2763 2002 ιιι
2812 1948 2964 2003 labes
3013 1947 3201 2001 abluat
3240 1961 3255 1999 :
3302 1944 3532 2000 minime

1954 2054 2084 2093 vero
2108 2046 2167 2093 ut
2195 2037 2454 2108 depravet
2487 2038 2786 2093 humanum
2836 2054 3028 2108 genus,
3074 2051 3254 2106 neque
3283 2043 3343 2090 ut
3375 2034 3533 2105 pejo-

1956 2147 2071 2185 rem
2101 2131 2469 2187 conditionem
2500 2142 2765 2187 creaturae
2794 2146 2907 2187 sua:
2956 2130 3119 2185 faciat
3156 2128 3333 2195 Deus;
3386 2126 3535 2198 quod

1955 2224 2131 2290 absit;
2172 2222 2282 2278 imo
2323 2224 2504 2293 potius
2546 2232 2607 2278 ut
2648 2238 2679 2278 a
2728 2222 2983 2278 vitiorum
3025 2221 3383 2277 irritamentis
3408 2218 3537 2274 abso

1959 2316 2161 2379 trahat,
2192 2324 2357 2386 atque
2402 2323 2461 2369 ut
2482 2329 2720 2385 congrua
2745 2313 3047 2369 laborantis
3070 2328 3231 2380 cura,
3259 2313 3535 2367 inlirmam

1958 2408 2125 2463 animi
2149 2416 2356 2478 partem
2391 2408 2458 2462 ad
2504 2408 2785 2462 meliorem
2821 2406 3032 2477 frugem
3071 2415 3309 2462 revocet.
3346 2403 3540 2472 Hujus-

1960 2498 2106 2552 modi
2151 2498 2255 2552 erit
2300 2497 2463 2553 etiam
2494 2498 2739 2554 locutio:
2772 2516 2790 2551 ι
2821 2496 2885 2553 Et
2919 2496 3141 2554 tradidit
3184 2511 3280 2553 eos
3333 2496 3541 2552 servire

1961 2588 2168 2644 militia:
2202 2589 2323 2645 coeli
2359 2590 2426 2644 ³⁷.
2459 2608 2478 2641 ι
2510 2618 2579 2631 -
2608 2607 2626 2641 ι
2664 2588 2731 2643 Ει
2766 2589 2991 2644 tradidit
3018 2604 3113 2644 eos
3139 2588 3195 2643 in
3247 2588 3537 2659 passiones

1964 2681 2277 2751 ignominiae
2308 2682 2378 2747 ³⁸,
2412 2700 2431 2733 ι
2471 2711 2544 2722 -—
2577 2700 2597 2733 ι
2625 2679 2691 2735 Ει
2717 2680 2960 2736 dediteis
2995 2680 3244 2750 spiritum
3269 2695 3538 2749 compono

1962 2772 2181 2835 ctionis.
2222 2774 2413 2828 oculos
2457 2788 2525 2827 ne
2559 2772 2779 2827 videant
2807 2773 2876 2826 υ.
2920 2790 2938 2823 i
2972 2770 3107 2826 Nam
3138 2770 3387 2828 vocabuli
3435 2771 3537 2825 ho-

1964 2864 2238 2936 monymia
2288 2865 2376 2918 hic
2422 2876 2663 2934 quoque,
2702 2861 2809 2916 nisi
2834 2862 3204 2927 discernatur,
3244 2860 3539 2916 absurdam

1964 2959 2288 3015 sententiam
2330 2958 2490 3028 parit.
2522 2956 2807 3023 Quomodo
2839 2957 2984 3009 enim
3019 2963 3116 3009 aut
3164 2953 3386 3025 quando
3424 2950 3545 3006 ani-

280 3044 515 3100 πάθεσιν
538 3046 567 3098 ὁ
602 3048 808 3103 τούτων
834 3050 1165 3124 καθαιρέτης
1193 3056 1288 3109 καὶ
1310 3057 1535 3130 ἀσεϐείᾳ
1566 3061 1661 3115 καὶ
1686 3060 1860 3134 πλάνῃ

1967 3068 2066 3108 mae
2103 3052 2321 3107 oculum
2365 3059 2597 3107 exerceat
2646 3048 2831 3103 Deus?
2861 3047 3138 3118 quomodo
3167 3044 3542 3117 passionibus,

280 3136 621 3206 παραδίδωσι
641 3156 657 3207 ;
687 3142 1068 3215 Διακριθέντος
1089 3145 1147 3199 δὲ
1167 3149 1281 3210 τοῖς
1319 3152 1742 3221 σημαινομένοις
1764 3153 1858 3206 τοῦ

277 3226 553 3295 ῥήματος,
582 3231 782 3294 παντὸς
820 3231 849 3284 ὁ
878 3232 1033 3301 λόγος
1075 3236 1406 3307 σοφίσματος
1442 3239 1757 3295 ἀπολύεται.
1788 3242 1863 3295 Τὸ

282 3317 417 3389 γὰρ,
444 3319 776 3389 παρέδωκε,
815 3325 1070 3395 σημαίνει
1100 3326 1199 3397 μὲν
1235 3330 1332 3383 καὶ
1351 3330 1413 3383 τὸ
1442 3332 1739 3401 ἐνεχείρισε
1768 3333 1864 3386 καὶ

282 3410 675 3482 παρέπεμψεν,
720 3413 753 3485 ἢ
795 3414 1073 3485 συνώθησε
1110 3417 1207 3472 καὶ
1255 3418 1558 3490 συνήλασε⁶
1612 3420 1864 3491 σημαίνει

278 3501 331 3554 δ’
359 3503 515 3557 οὐδὲν
560 3504 780 3560 ἔλαττον
820 3507 916 3562 καὶ
950 3509 1186 3580 μάλιστά
1214 3528 1280 3579 γε
1312 3512 1391 3583 τῷ
1435 3511 1740 3584 βουλήματι
1767 3515 1865 3585 τῆς

283 3592 517 3664 Γραφῆς
548 3600 643 3649 καὶ
671 3597 730 3650 τὸ
761 3604 1130 3671 συνεχώρησε,
1156 3600 1441 3671 καθυφῆκε
1464 3603 1560 3656 καὶ
1581 3603 1862 3671 ἐνέδωκεν,

284 3686 439 3740 εἴασε
472 3687 736 3759 φέρεσθαι
768 3693 888 3754 ταῖς
920 3693 1141 3763 ὁρμαῖς,
1181 3693 1362 3763 ἀφῆκε
1400 3693 1462 3748 τὸ
1485 3695 1733 3750 ἑκούσιον
1762 3698 1863 3750 αὐ-

282 3780 609 3837 τοδέσποτον
633 3799 650 3815 ο
682 3783 806 3839 καθ’
841 3785 870 3838 ὃ
902 3787 1300 3861 σημαινρμενον
1330 3789 1743 3861 ὐπειλημμένου
1773 3791 1865 3845 τοῦ

285 3871 655 3942 παρέδωκεν,
695 3877 848 3931 οὐδὲν
883 3855 991 3932 τῶν
1022 3855 1347 3948 παραλόγων
1388 3855 1528 3944 ὅλως
1539 3855 1864 3952 τύφίσταται.

299 3965 556 4032 Ἀφέλκει
588 3967 689 4037 μὲν
729 3968 835 4040 γὰρ
863 3968 923 4023 τὸ
956 3970 1110 4023 Θεῖον
1152 3971 1300 4042 νόμῳ
1333 3973 1744 4044 φιλανθρωπίας
1775 3975 1869 4028 καὶ⁸

289 4058 555 4127 προνοίας
580 4059 690 4112 τῶν
719 4061 909 4114 παθῶν
934 4062 1029 4115 καὶ
1055 4062 1470 4134 ἁμαρτημάτων
1506 4065 1567 4119 τὸ
1592 4066 1870 4137 ἀνθρώπι-

289 4166 386 4203 νον
405 4165 421 4181 °
461 4152 682 4207 ὲπειδάν
713 4154 771 4206 δὲ
814 4153 1115 4227 μοχθηρίας
1143 4156 1417 4229 ὐπερόολῇ
1443 4158 1506 4211 τὸ
1548 4158 1870 4213 ἀναστελλό-

292 4258 462 4313 μενον
487 4243 586 4314 τῆς
624 4245 945 4316 εὐεργεσίας
967 4248 1062 4300 καὶ
1089 4250 1311 4321 χάριτος
1339 4249 1439 4303 οὐκ
1466 4250 1731 4321 ἀνέχοιτο,
1764 4252 1872 4306 οὐδ’

291 4333 471 4388 ὲθέλοι
498 4334 579 4406 τῷ
612 4336 925 4407 μεθέλκοντι
958 4338 1265 4404 πείθεσθαι,
1296 4340 1419 4395 τότε
1449 4341 1535 4413 δὴ,
1559 4343 1681 4396 τότε
1697 4344 1870 4398 ὑπεν-

289 4425 482 4478 δίδωσι
528 4426 790 4497 φέρεσθαι
831 4433 898 4500 τῇ
932 4431 1082 4504 ῥύμῃ
1110 4430 1170 4485 τὸ
1198 4431 1480 4499 ἀπειθοῦν,
1502 4409 1618 4488 ⁷καὶ
1650 4436 1872 4507 ἀφίησιν
1900 4409 1950 4470 D

290 4518 713 4588 ἀποκεχρῆσθαι
739 4519 817 4591 τῷ
842 4520 1159 4593 βουλήματι,
1181 4525 1268 4578 ἵνα
1301 4526 1398 4598 μὴ,
1430 4527 1525 4580 ἐπὶ
1557 4528 1721 4582 πλέον
1742 4531 1874 4583 ἀνα-

295 4608 537 4661 στέλλων
561 4610 657 4663 καὶ
675 4611 1037 4681 ἀναχαιτίζων
1057 4614 1154 4685 τῆς
1176 4616 1367 4689 ῥοπῆς,
1390 4616 1516 4690 δόξῃ
1542 4618 1874 4692 διαφθείρειν

291 4698 362 4752 τὸ
410 4698 785 4764 αὐτεξούσιον
834 4702 929 4755 καὶ
978 4704 1012 4774 ἠ
1068 4705 1357 4776 εὐεργεσία
1412 4709 1507 4762 καὶ
1562 4711 1597 4780 ή
1647 4709 1876 4781 πρόνοια

293 4790 415 4853 τοῖς
452 4789 731 4862 ἀγνώμοσι
756 4791 849 4846 καὶ
876 4792 1188 4865 ἀχαρίστοις
1220 4798 1298 4859 είς
1329 4796 1583 4870 ἔγκλημα
1619 4802 1876 4873 περιτρέ-

296 4897 478 4936 ποιτο.

373 4974 473 5029 κδ’.
505 4975 665 5030 Κατά
694 4974 853 5029 τοῦτο
886 4977 951 5048 δὴ
971 4978 1030 5031 τὸ
1061 4980 1456 5051 σημαινόμενον
1489 4982 1609 5046 ἔθος
1631 4982 1747 5037 ἐστὶ
1773 5002 1879 5039 πα-

300 5065 751 5138 ραλαμϐάνεσθαι
777 5072 889 5133 τοῖς
920 5071 1086 5141 ἱεροῖς
1108 5071 1266 5142 ήμῶν
1287 5073 1584 5144 Γράμμασι
1606 5077 1667 5129 τὸ
1693 5077 1879 5132 ἔδωκε

298 5160 401 5213 καὶ
431 5162 735 5228 παρέδωκε
772 5164 868 5217 καὶ
900 5164 954 5217 εί
982 5182 1035 5217 τι
1073 5164 1344 5221 τοιοῦτονο
1372 5168 1508 5237 ὅπερ
1537 5170 1729 5223 οὐδένα
1760 5171 1881 5240 μῶ-

302 5268 412 5320 μον
436 5252 556 5305 οὐδὲ
589 5253 761 5326 λαϐὴν
797 5259 864 5328 τῇ
895 5257 1277 5330 φιλανθρωπίᾳ
1303 5260 1399 5314 καὶ
1438 5260 1757 5334 δικαιοσύνῃ
1784 5263 1879 5317 τοῦ

300 5345 444 5397 Θεοῦ
487 5345 595 5399 οὐδ’
623 5348 927 5417 ἡντιναοῦν,
966 5350 1041 5413 ὡς
1076 5351 1240 5406 πᾶσίν
1284 5352 1402 5405 ἐστι
1424 5354 1677 5425 φανερὸν,
1706 5372 1880 5426 προσ-

299 5438 491 5491 άπτει.
516 5437 673 5492 Οὕτω
711 5440 933 5509 λέγεται
968 5442 1266 5515 σκληρῦναι
1309 5444 1470 5498 πάλιν
1505 5448 1606 5517 τὴν
1654 5448 1882 5518 καρδίαν

302 5528 512 5599 Φαραώ
530 5546 543 5559 ⁸
568 5530 666 5601 οὐχ
691 5532 773 5585 ὅτι
820 5531 1000 5587 λαῦὼν
1024 5534 1277 5589 εἴκουσαν
1305 5537 1400 5591 καὶ
1427 5537 1758 5609 πειθομένην
1785 5540 1883 5593 αὐ-

302 5622 403 5676 τοῦ
444 5625 557 5687 τοῖς
592 5625 1030 5697 προστάγμασιν,
1062 5628 1142 5692 είς
1174 5626 1236 5682 τὸ
1283 5629 1520 5702 σκληρὸν
1552 5632 1649 5685 καὶ
1680 5632 1880 5704 ἀτέρα-

1968 3146 2058 3200 ille
2092 3145 2182 3216 qui
2215 3144 2404 3198 harum
2437 3151 2699 3214 purgator
2727 3150 2833 3207 est,
2870 3150 2924 3196 ct
2966 3139 3231 3211 impietati
3277 3146 3440 3208 atque
3463 3152 3546 3192 cr-

1969 3235 2078 3292 rori
2119 3235 2319 3290 tradit?
2359 3235 2639 3290 Distinctis
2680 3242 2864 3289 autem
2903 3231 3155 3288 vocabuli
3204 3230 3542 3295 notionibus,

1969 3327 2117 3381 omni
2158 3326 2502 3381 cavillatione
2549 3326 2839 3397 expeditur
2889 3340 3093 3381 sermo.
3142 3324 3277 3378 Nam
3318 3322 3546 3377 verbum

1971 3419 2194 3474 tradidit
2238 3418 2505 3489 signiﬁcat
2566 3432 2734 3474 sane:
2769 3418 2960 3472 aliena:
3019 3417 3274 3486 potestati
3316 3415 3545 3478 dedidit.

1972 3511 2298 3573 transmisit,
2323 3510 2587 3581 compulit
2622 3528 2637 3563 :
2669 3510 3046 3572 nihilominus,
3084 3510 3193 3562 imo
3218 3523 3349 3562 vero
3370 3507 3545 3577 potis-

1972 3604 2109 3659 sime
2134 3602 2436 3659 secundum
2484 3600 2787 3672 Scriptura:
2824 3616 3070 3666 sensum,
3119 3599 3411 3663 concessit,
3458 3599 3550 3652 inc

1971 3696 2161 3759 dulsit,
2193 3693 2464 3765 permisit,
2500 3693 2631 3748 ferri
2680 3693 2808 3748 sivit
2859 3693 3059 3762 impetu
3091 3706 3215 3757 suo,
3258 3689 3548 3745 arbitrium

1971 3802 2095 3844 esse
2140 3787 2370 3842 liberum
2433 3800 2628 3856 passus
2671 3794 2796 3840 est:
2847 3784 3001 3854 juxta
3059 3799 3224 3853 quam
3269 3785 3547 3837 notionem

1972 3878 2138 3934 Verbo
2177 3878 2401 3932 tradidit
2437 3876 2732 3940 intellecto,
2770 3876 2919 3931 nulla
2942 3874 3256 3930 absurditas
3283 3874 3549 3944 sequitur.

1973 3973 2179 4027 Avocat
2203 3972 2348 4026 enim
2386 3971 2530 4025 Deus
2577 3969 2822 4040 ingenito
2869 3967 3130 4024 bonitatis
3177 3966 3556 4039 providentia:-

1975 4078 2082 4131 que
2108 4078 2222 4118 suae
2257 4077 2408 4118 more
2436 4076 2467 4115 a
2490 4060 2840 4131 passionibus
2868 4076 2932 4116 ac
2970 4061 3211 4131 peccatis
3248 4059 3510 4115 homines
3537 4078 3557 4115 ε

1977 4161 2351 4208 verumtamen
2382 4151 2472 4207 ubi
2500 4152 2578 4216 hi,
2602 4160 2891 4223 superante
2918 4151 3149 4216 malitia,
3184 4149 3369 4204 frenos
3399 4165 3429 4204 a
3470 4150 3556 4206 di—

1977 4247 2101 4300 vina
2142 4244 2494 4300 beneficentia
2550 4245 2833 4315 gratiaque
2888 4242 3120 4313 iniectos
3170 4242 3548 4313 indignantur,

1979 4339 2279 4408 noluntquc
2315 4337 2613 4392 retrahenti
2661 4351 2869 4391 morem
2923 4350 3133 4406 gerere,
3176 4343 3292 4389 tum
3331 4333 3562 4388 demum

1975 4432 2106 4486 sinit
2148 4445 2312 4485 cursu
2357 4444 2458 4485 suo
2510 4438 2864 4483 contumaces
2908 4426 3066 4491 ferri;
3113 4435 3277 4495 atque
3328 4422 3565 4479 arbitrio

1976 4522 2232 4579 abutendi
2282 4521 2497 4591 cepiam
2557 4518 2729 4597 facit:
2777 4534 2845 4573 ne
2892 4518 2937 4572 si
2994 4516 3134 4572 forte
3177 4513 3559 4569 vehementius

1975 4614 2243 4669 inhiberet
2272 4628 2338 4668 ac
2364 4614 2586 4667 sisteret
2618 4611 3065 4681 propensionem,
3126 4607 3311 4662 liberae
3357 4605 3557 4660 volun-

1977 4706 2105 4761 tatis
2152 4703 2467 4760 facultatem
2512 4700 2869 4773 pessumdare
2911 4700 3231 4754 videretur:
3272 4704 3436 4766 atque
3484 4695 3559 4751 ita

1978 4797 2244 4854 beneﬁcia
2272 4795 2514 4867 ejusdem
2543 4795 2627 4849 vis
2660 4809 2723 4847 ac
2747 4791 3086 4863 providentia
3117 4789 3447 4845 vecordibus
3477 4798 3563 4845 at-

1978 4908 2086 4963 que
2113 4891 2338 4961 ingratis
2367 4888 2587 4944 crimini
2625 4895 2950 4941 verteretur.

2047 4985 2139 5039 24.
2183 4981 2296 5037 Hac
2341 4981 2507 5051 igitur
2541 4980 2751 5035 ratione
2780 4978 2959 5034 solent
3002 4975 3305 5047 Scriptura:
3353 4983 3561 5031 nostra:

1979 5076 2162 5132 verbis
2186 5074 2265 5131 uti
2290 5075 2433 5129 dedit
2473 5083 2527 5128 et
2557 5073 2777 5128 tradidit
2806 5082 2860 5129 et
2888 5071 3082 5128 horum
3127 5069 3402 5126 similibus
3432 5085 3447 5123 :
3504 5068 3559 5123 id

1982 5171 2128 5242 quod
2179 5169 2389 5225 nullum
2435 5167 2697 5238 probrum
2743 5166 3063 5235 nullamque
3120 5178 3311 5219 ansam
3348 5162 3562 5232 vitupe-

1986 5258 2136 5314 randi
2158 5257 2251 5313 Dei
2274 5257 2567 5312 bonitatem
2599 5254 3075 5325 atquejustitiam,
3124 5260 3186 5307 ut
3235 5252 3435 5322 cuique
3460 5265 3560 5305 ex-

1986 5355 2252 5425 ploratum
2276 5356 2381 5415 est,
2415 5348 2577 5419 parit.
2617 5346 2709 5402 Sic
2744 5361 2959 5400 rursum
2995 5344 3140 5399 Deus
3163 5340 3364 5397 dicitur
3401 5341 3563 5395 indu-

1985 5447 2195 5502 ravisse
2233 5459 2330 5500 cur
2383 5440 2687 5497 Pharaonis
2728 5438 2816 5493 “'z
2868 5453 2977 5492 non
3030 5435 3175 5506 quod
3226 5434 3362 5490 illud
3399 5432 3562 5488 molle

1985 5538 2191 5611 pridem
2221 5536 2445 5606 suisque
2466 5533 2713 5604 jussibus
2737 5531 2931 5595 docile,
2963 5530 3030 5584 ad
3074 5528 3358 5594 duritiem,
3403 5526 3563 5595 perti-

1988 5630 2223 5694 naciam,
2252 5626 2762 5695 contumaciamque
2790 5620 3163 5688 converterit;
3194 5620 3288 5675 sed
3318 5618 3447 5693 quia
3467 5617 3562 5676 diu

382 5744 432 5778 ⁸⁸
457 5742 625 5801 Amos
660 5761 744 5813 ιιι,
782 5747 837 5802 6.
914 5748 960 5781 ³⁸
984 5745 1099 5804 Jac.
1134 5762 1170 5816 ι,
1214 5748 1298 5805 l3.
1377 5750 1420 5784 ³⁷
1451 5751 1569 5808 Act.
1601 5766 1693 5818 vn,
1728 5752 1819 5810 4'2.
1857 5755 1862 5785 ‘

1967 5757 2092 5808 lom.
2126 5765 2165 5817 ι,
2188 5746 2278 5803 26.
2358 5746 2402 5779 ³³
2433 5744 2594 5802 Rom.
2628 5760 2704 5809 ιι,
2743 5742 2799 5799 8.
2876 5742 2922 5775 ⁵ο
2951 5740 3122 5799 Exod.
3152 5754 3249 5808 vit,
3272 5737 3329 5796 ὅ.
