3916 6192
342 173 416 238 79
1509 176 1774 239 PHOTII
1811 177 2323 240 PATRIARCHIE
2354 182 2463 242 ΟΡ.
3143 235 3151 238 .
3559 181 3634 245 80

340 296 465 361 data
508 308 672 366 opera
722 301 782 349 ut
815 310 911 351 cor
953 294 1083 350 illud
1131 295 1201 350 ab
1245 293 1614 351 inobedicntia
1661 305 1716 350 et
1758 295 1930 351 refra-

2040 314 2169 368 μνον
2200 298 2296 367 καὶ
2343 295 2570 359 ἀπειθὲς
2613 295 3013 367 μετεπλάσατο,
3054 295 3172 352 ἀλλ’
3216 297 3298 352 ὅτι
3344 298 3635 370 μεθέλκων

340 388 514 443 ctario
538 388 734 458 spiritu
765 398 1071 455 revocaret,
1105 398 1398 460 postquam
1423 387 1741 462 Egyptium
1775 390 1930 445 nullo

2040 389 2134 443 καὶ
2157 387 2482 444 ἀνακόπτων
2502 389 2603 459 τῆς
2628 387 2911 454 ἀπειθείας
2932 389 3029 442 καὶ
3052 387 3148 442 τοῦ
3171 389 3468 444 ἀντιτύπου
3493 408 3634 462 φρο-

342 479 509 536 modo
562 479 845 535 cedentum
887 496 1070 551 neque
1106 481 1174 536 ad
1226 482 1592 538 obedientiam
1646 498 1930 538 reversum

2040 482 2306 552 νήματος,
2355 479 2587 553 ἐπείπερ
2628 479 2882 551 οὐδαμῶς
2931 472 3096 552 εὗρεν
3133 482 3482 536 ύπενδιδόντα
3529 483 3635 536 καὶ

343 571 536 638 sensit,
569 572 682 626 imo
704 587 838 627 vero
869 588 928 628 se
955 582 1128 628 totum
1170 573 1224 628 in
1265 575 1542 628 contraria
1577 576 1934 646 repugnanti-

2041 573 2181 644 πρὸς
2210 572 2382 626 πειθὼ
2434 572 2829 644 μεθιστάμενον
2864 571 2960 628 τὸν
3004 573 3330 643 Αίγύπτιον,
3359 573 3478 629 ἀλλ’
3506 575 3634 628 ὅλον

343 681 452 734 que
496 665 766 720 sententia
815 665 1238 731 oblirmautem;
1295 667 1440 724 Deus
1506 667 1601 739 qui
1651 685 1932 740 nunquam

2040 665 2232 718 ἐαυτὸν
2259 663 2518 720 ποιοῦντα
2540 665 2634 719 τοῦ
2657 666 2939 720 ἀντιθέτου
2972 667 3071 721 καὶ
3111 666 3632 740 ἀντι[τεῖταγμὲνου

345 757 502 814 liberi
547 758 656 812 vim
694 757 910 814 arbitrii
940 758 1110 821 laedit,
1155 760 1284 815 sivit
1328 775 1454 814 eum
1507 774 1606 815 sua
1651 760 1935 817 voluntate

2040 757 2400 829 βουλήματος,
2418 761 2447 812 ὁ
2469 758 2722 830 μηδαμοῦ
2741 758 2978 830 φθείρων
2995 759 3056 814 τδ
3075 760 3423 826 αὐτεξούσιον
3442 761 3630 832 ἀφῆκε

345 850 498 914 ferri,
518 851 610 921 qui
642 850 856 906 meliori
886 850 1122 906 consilio
1146 865 1357 906 morem
1397 864 1588 921 gerere
1619 851 1933 908 recusabat.

344 940 531 1014 Neque
557 943 662 998 erit
698 945 1021 1009 absurdum,
1057 943 1235 1014 siquis
1261 943 1370 1000 hoc
1400 944 1526 1000 loco
1556 960 1747 1000 vocem
1778 946 1938 1000 inda-

345 1038 482 1092 ravit
515 1038 594 1092 sic
625 1035 738 1091 fere
767 1036 1058 1108 intelligat,
1087 1043 1146 1091 ut
1192 1036 1394 1093 durum
1439 1037 1585 1109 regis
1629 1053 1728 1094 cor
1765 1047 1937 1110 atque

345 1129 694 1201 praeit-actum
731 1127 877 1185 Deus
912 1129 1073 1185 editis
1119 1130 1384 1201 prodigiis
1428 1129 1738 1188 evidentius
1770 1147 1934 1188 coar-

346 1219 545 1288 guerit,
575 1227 627 1274 et
657 1219 1062 1275 contumaciam
1091 1219 1212 1290 ejus
1246 1221 1405 1290 quasi
1433 1222 1712 1292 triumpho
1745 1231 1936 1279 osten-

343 1311 560 1376 taverit,
601 1312 1063 1383 desperatumque
1090 1321 1145 1368 et
1176 1313 1527 1369 intractabile
1555 1314 1758 1370 utentis
1815 1317 1936 1371 vul-

344 1419 474 1469 nus,
532 1405 772 1460 nondum
814 1405 1075 1460 omnibus
1120 1406 1254 1461 satis
1294 1405 1598 1478 cognitum,
1645 1406 1934 1464 manifesta

343 1494 469 1548 luce
526 1494 908 1565 impertiverit.
972 1493 1358 1565 Prodigiorum
1423 1509 1559 1552 sane
1611 1496 1934 1566 magnitudo

345 1600 472 1639 cum
531 1584 714 1639 omnis
761 1583 1168 1639 adhortationis
1213 1585 1604 1657 suasionisque
1661 1588 1798 1642 lines
1837 1602 1935 1642 ex-

344 1678 604 1747 cesserit,
624 1693 803 1748 neque
832 1687 1019 1734 tamen
1048 1678 1358 1738 Pharaonis
1389 1681 1633 1736 animum
1655 1695 1936 1751 expugna-

345 1772 504 1838 verit,
563 1786 744 1827 nonne
791 1788 1066 1828 summam
1112 1782 1278 1846 atque
1323 1775 1686 1832 insanabilem
1745 1773 1934 1830 cordis

2035 849 2103 919 τῇ
2139 846 2334 922 γνώμῃ
2364 847 2627 919 φέρεσθαι
2647 848 2740 901 τὸν
2777 849 2840 902 οὐ
2870 847 3201 921 βουληθέντα
3240 851 3532 922 πεισθῆναι
3554 855 3629 924 τῇ

2037 938 2330 1012 κρείττονι.
2357 939 2459 1010 Είη
2491 940 2536 994 δ’
2571 939 2641 994 ἀν
2669 940 2876 1012 ἀπᾷδον
2902 941 3054 995 οὐδὲν
3083 942 3178 996 καὶ
3200 942 3256 995 εί
3281 959 3368 1007 τις
3389 943 3631 998 ἐνταῦθα

2034 1033 2096 1087 τὸ
2126 1032 2512 1102 ἐσκλήρυνεν
2541 1034 2662 1087 ἀντὶ
2683 1033 2804 1100 τοῦ,
2831 1034 3077 1106 σκληρὰν
3105 1031 3272 1090 οὖσαν
3301 1038 3398 1090 καὶ⁹
3427 1037 3632 1092 ἀπότο-

2039 1140 2141 1194 μον
2181 1125 2346 1189 αὑτδς
2396 1125 2485 1179 διὰ
2515 1123 2627 1178 τῶν
2668 1126 3073 1198 ἐπενεχθέντων
3122 1129 3367 1200 σημείων
3424 1130 3632 1200 μᾶλλον

2036 1214 2319 1288 ἐξήλεγξε.
2370 1220 2466 1271 καὶ
2507 1217 2610 1289 τὴν
2662 1219 2946 1273 ἀπείθειαν
2975 1220 3343 1292 ἐθριάμϐευσε
3367 1236 3383 1252 ο
3431 1224 3527 1276 καὶ
3564 1223 3634 1275 τὸ

2035 1307 2134 1377 τῆς
2166 1305 2389 1377 γνώμης
2438 1307 2760 1377 ἀμείλικτόν
2791 1325 2848 1362 τε
2891 1311 2988 1363 καλ⁵
3037 1309 3278 1376 ἀνίατον,
3322 1309 3479 1365 οὔπω
3513 1315 3632 1375 rei;

2036 1401 2205 1454 πᾶσιν
2238 1398 2383 1454 οὕτω
2411 1399 2690 1471 γνώριμόν
2721 1417 2782 1453 τε
2825 1402 2919 1454 καὶ
2949 1401 3273 1474 περιϐόητον
3307 1404 3632 1474 περιφανῶς

2036 1491 2438 1562 ἐστηλίτευσεν.
2477 1491 2546 1544 Ἥ
2578 1491 2687 1564 γὰρ
2708 1492 2818 1545 τῶν
2853 1491 3151 1564 θαυμάτων
3189 1495 3486 1567 ὑπερϐολή,
3522 1513 3633 1549 πα-

2037 1583 2356 1656 ρακλήσεως
2385 1585 2479 1638 καὶ
2503 1584 2726 1648 πειθοῦς
2771 1585 2992 1655 ἀπάσης
3015 1585 3142 1650 τοὺς
3166 1587 3368 1657 νόμους
3392 1587 3632 1650 νικῶσα,

2035 1677 2130 1730 τοῦ
2173 1677 2375 1748 Φαραὼ
2414 1676 2473 1730 δὲ
2500 1675 2601 1747 τῆς
2650 1675 2880 1747 γνώμης
2932 1676 3328 1749 ἐλαττουμένη,
3363 1678 3482 1742 πῶς
3528 1679 3633 1732 οὐκ

2035 1770 2448 1842 ἀνυπέρϐλητον
2495 1767 2662 1822 αὑτοῦ
2701 1769 2796 1822 καὶ
2821 1769 3202 1840 ἀθεράπευτον
3245 1771 3348 1840 τὴν
3393 1773 3634 1841 σκληρο-

345 1865 466 1934 ιιῙιις
497 1865 758 1920 duritiam
800 1866 1235 1923 demonstravit?
1287 1865 1380 1922 Sic
1427 1882 1561 1938 ergo
1603 1867 1932 1932 locutiones,

2040 1862 2265 1934 καρδίαν
2298 1861 2661 1934 παρίστησιν;
2700 1858 2858 1914 Οὕτω
2890 1859 2988 1930 μὲν
3016 1860 3110 1914 οῦν
3147 1861 3230 1923 τὸ,
3269 1878 3288 1912 ι
3323 1860 3567 1914 Ἔδωκεν
3599 1861 3634 1912 ὁ

350 1975 373 2006 ο
411 1955 567 2011 Dedit
591 1955 736 2012 Deus
767 1957 845 2010 re!
878 1956 1103 2012 tradidit
1139 1958 1193 2013 in
1236 1958 1524 2029 passiones
1552 1957 1926 2030 ignominiatp

346 2049 617 2118 itemque,
655 2067 674 2100 ι
715 2049 780 2105 Et
835 2050 1114 2107 induravit
1169 2067 1267 2108 cor
1315 2050 1656 2116 Pharaonis,
1706 2070 1727 2103 ι
1764 2066 1934 2123 quas-

346 2136 480 2193 libet
508 2137 798 2194 calumnia:
827 2140 1059 2196 insidias
1083 2151 1376 2213 astumque
1402 2135 1757 2199 frustrantur.

417 2229 508 2285 25.
550 2229 672 2305 Jam
725 2231 856 2302 quid
913 2248 1053 2303 opus
1100 2243 1184 2289 est
1215 2249 1305 2290 me
1353 2243 1552 2290 caetera
1605 2233 1935 2307 homonyma

347 2323 938 2394 persequi?siquidem
979 2325 1064 2380 vel
1095 2325 1215 2397 quis
1255 2327 1464 2398 syllaba
1501 2337 1699 2397 pra'ter
1735 2329 1934 2384 distin-

347 2417 549 2473 ctionis
585 2417 731 2488 leges
771 2418 970 2488 posita,
1016 2435 1123 2474 non
1173 2420 1507 2476 mediocrem
1559 2421 1935 2490 perturbatio-

348 2523 470 2563 nem
510 2508 1006 2581 confusionemque
1053 2511 1264 2581 ignaris
1297 2510 1499 2597 barum
1533 2512 1714 2583 legum
1756 2524 1932 2571 creat.

349 2600 482 2667 Qui;
521 2602 690 2668 enim,
717 2603 784 2658 de
815 2618 922 2673 qua
951 2619 1098 2659 nunc
1126 2603 1362 2675 agimus,
1403 2605 1609 2677 syllaba
1632 2606 1937 2678 interroga-

345 2693 550 2749 tionem
576 2694 870 2765 signiﬁcat.
902 2693 1042 2751 Tum
1085 2711 1218 2752 vero
1243 2711 1366 2752 cum
1408 2711 1471 2752 ea
1509 2712 1729 2769 quoque
1769 2714 1938 2768 nega-

346 2787 498 2843 tione
521 2790 885 2854 construitur,
923 2805 1046 2860 qua:
1077 2790 1160 2845 vel
1204 2789 1452 2860 apprime
1479 2791 1555 2845 illi
1586 2791 1934 2858 adversatur,

345 2894 470 2934 eum
495 2879 761 2936 vocabulo
799 2881 1008 2938 scilicet
1048 2899 1220 2936 nemo.
1265 2883 1419 2938 Alias
1464 2893 1646 2939 autem
1685 2883 1937 2940 indeﬁni-

346 2983 457 3029 tatn
486 2988 602 3029 rem
646 2974 904 3030 ostendit.
955 2973 1062 3030 Sed
1110 2991 1286 3047 neque
1328 2976 1709 3034 admirationis
1748 2987 1938 3048 stupo-

345 3067 532 3136 risque
555 3065 662 3120 vim
696 3079 942 3122 recusat.
961 3066 1104 3134 Quin
1134 3068 1271 3122 adeo
1301 3068 1368 3122 ad
1400 3069 1684 3124 raritatem
1716 3085 1938 3141 quoque

346 3155 697 3210 indicandam
727 3156 1039 3220 adhibetur,
1076 3173 1176 3212 nec
1203 3173 1312 3212 non
1347 3158 1415 3212 ad
1457 3158 1933 3232 objurgationem;

2039 1953 2193 2020 Θεὸς,
2235 1972 2255 2005 ι
2291 1953 2388 2008 καὶ
2427 1972 2446 2006 ι
2499 1951 2818 2025 παρέδωκεν
2845 1953 2947 2016 -είς
2989 1951 3137 2024 πάθη
3183 1952 3430 2022 ἀτιμίας,
3462 1971 3482 2004 ι
3507 1954 3631 2017 καὶ,

2041 2064 2060 2100 ι
2090 2047 2422 2118 Ἐσκλήρυνε
2446 2047 2546 2118 τὴν
2574 2045 2804 2118 καρδίαν
2833 2043 3053 2116 Φαραὼ,
3093 2063 3114 2098 ι
3147 2046 3328 2100 πᾶσαν
3357 2062 3634 2115 συκοφαν-

2035 2140 2158 2204 τίας
2177 2139 2441 2210 ἐκφεύγει
2469 2138 2806 2211 περιδρομὴν
2829 2140 2924 2193 καὶ
2942 2139 3249 2210 δεινότητα.

2108 2237 2211 2286 κε’.
2242 2231 2310 2284 Τί
2335 2230 2394 2285 δὲ
2417 2231 2488 2284 τὰ
2525 2230 2664 2285 ἄλλα
2692 2249 2762 2302 με
2789 2232 2873 2285 δεῖ
2911 2232 3024 2285 τῶν
3055 2231 3368 2303 ὁμωνύμων
3393 2232 3632 2304 ἐπέρχε-

2038 2321 2199 2390 σθαι;
2226 2324 2363 2377 ὅπου
2398 2339 2462 2392 γε
2488 2324 2582 2376 καὶ
2610 2324 2644 2394 ή
2688 2324 2782 2390 τίς
2816 2320 3074 2396 συλλαϐὴ,
3102 2326 3231 2388 τοὺς
3276 2324 3378 2396 τῆς
3409 2325 3630 2379 διαστο-

2037 2413 2138 2485 λῆς
2169 2414 2512 2469 λανθάνουσα
2549 2416 2771 2487 νόμους,
2806 2417 2868 2471 ού
2913 2417 3010 2488 τὴν
3046 2417 3321 2488 τυχοῦσαν
3363 2418 3634 2490 σύγχυσιν

2039 2507 2134 2562 καὶ
2163 2507 2411 2579 ταραχὴν
2437 2511 2554 2573 τοῖς
2576 2509 2746 2580 μηδὲν
2804 2508 3011 2564 τούτων
3035 2511 3480 2567 ἐπικοινωνοῦσιν
3510 2514 3631 2566 εἱσ-

2039 2602 2188 2670 άγει.
2212 2603 2325 2655 Καὶ
2341 2601 2452 2674 γὰρ
2479 2602 2633 2674 δηλοί
2664 2603 2763 2673 μὲν
2785 2603 2918 2658 αὐτὸ
2940 2603 3102 2658 τοῦτο
3130 2605 3225 2658 καὶ⁸
3252 2605 3313 2659 τὸ
3343 2605 3446 2660 ἀνά
3469 2607 3635 2677 χεῖρα

2037 2691 2138 2764 τὴν
2169 2692 2470 2765 ἐρώτησινο
2513 2694 2927 2766 συμφθέγγεται
2959 2696 3017 2749 δὲ
3044 2697 3272 2750 καὶτῶν
3299 2696 3637 2766 ἀποφάσεων

2035 2785 2159 2856 ἥτις
2205 2785 2354 2856 αύτῷ
2414 2786 2650 2858 μάλιστα
2713 2787 3071 2859 διαμάχεται,
3127 2791 3194 2861 τῇ
3245 2790 3446 2857 οὐδείς
3487 2790 3631 2862 (-l9).

2043 2874 2267 2928 Ἀλλοτε
2292 2875 2349 2928 δὲ
2381 2875 2443 2928 τὺ
2482 2875 2738 2947 ἀόριστον
2778 2876 3036 2947 σημαίνει
3059 2892 3074 2909 ο
3108 2877 3170 2930 οὒ
3212 2876 3320 2948 μὴν
3346 2877 3470 2931 οὐδὲ
3493 2876 3632 2930 θαυ-

2043 2966 2263 3036 μασμοῦ
2309 2965 2405 3021 καὶ
2447 2965 2840 3037 καταπλήξεως
2886 2966 3040 3034 τάξιν
3081 2968 3444 3038 ἀπαρνείται·
3493 2966 3638 3021 ἀλλά

2039 3059 2135 3108 καὶ
2165 3055 2302 3128 πρὸς
2331 3057 2394 3111 τὸ
2425 3057 2652 3113 σπάνιον
2682 3059 3041 3130 ύποφέρεται,
3072 3058 3397 3129 ἐπιτίμησιν
3431 3056 3490 3112 δέ
3526 3059 3636 3112 πά-

2037 3147 2121 3201 λιν
2161 3147 2273 3202 ἔσθ’
2314 3149 2404 3203 ὅτε
2457 3151 2552 3204 καὶ
2579 3152 2896 3224 ἀμηχανίαν
2922 3152 3020 3206 καὶ
3057 3151 3422 3224 διαπόρησινο
3460 3151 3636 3206 ὅτιδέ

346 3247 622 3303 interdum
649 3263 868 3319 quoque
904 3250 972 3304 ad
1017 3251 1429 3321 perplexitatem
1485 3261 1651 3324 atque
1706 3253 1930 3308 dubita-

2040 3241 2135 3294 καὶ
2175 3241 2600 3314 προσδιορισμὸς
2649 3247 2764 3310 τοῖς
2811 3243 3171 3314 φιλοσοφοῦσι
3214 3243 3635 3314 καθωμίληται,

345 3339 574 3397 tionem.
626 3338 872 3411 Denique
900 3341 1028 3412 quia
1077 3342 1354 3399 restrictio
1394 3343 1656 3400 modestis
1695 3344 1937 3399 homini-

344 3432 455 3489 bus
498 3433 786 3489 familiaris
837 3443 941 3502 est,
979 3450 1048 3491 ne
1099 3435 1463 3493 humilitatem
1499 3437 1722 3508 quidem
1755 3453 1936 3509 neque

346 3523 456 3578 alia
495 3522 708 3578 similia.
728 3539 835 3579 non
866 3524 1160 3596 signiticat.
1191 3523 1372 3582 Plena:
1419 3526 1796 3598 exemplorum
1843 3543 1936 3584 sa-

346 3631 457 3670 cra:
502 3613 722 3671 Littera:
761 3627 937 3671 sunt:
980 3633 1123 3688 quas
1168 3619 1616 3676 circumstantias
1663 3620 1775 3676 nisi
1811 3621 1938 3691 quis

345 3707 644 3772 discernat,
683 3716 736 3763 et
781 3723 943 3763 suum
995 3709 1196 3780 cuique
1241 3710 1363 3786 voci
1417 3711 1657 3768 ofﬁcium
1707 3713 1933 3780 tribuat,

347 3799 488 3855 nihil
536 3799 732 3855 attinet
793 3801 1011 3868 dicere,
1073 3803 1297 3874 quantis
1351 3804 1637 3862 erroribus
1697 3814 1934 3860 mentem

349 3908 506 3958 suam
532 3893 758 3949 inliciet.
799 3893 979 3964 Atque
1013 3893 1066 3948 id
1099 3894 1218 3965 ipsa
1252 3894 1594 3952 locutionum
1630 3896 1938 3967 prolatione

347 3989 699 4059 perspicuum
738 3988 848 4043 ﬁet.
901 3988 1148 4058 Exempli
1195 3989 1372 4060 gratia
1407 4007 1422 4044 :
1459 4008 1478 4043 ι
1514 3989 1652 4058 Quis
1697 4000 1783 4046 est
1834 3991 1939 4046 iste

345 4096 441 4135 rex
467 4079 654 4152 glorite
674 4081 759 4135 “?
793 4101 812 4133 ›
847 4082 912 4137 Ει
943 4099 958 4137 :
990 4101 1009 4134 ι
1047 4081 1183 4148 Quis
1209 4097 1268 4138 es
1299 4091 1380 4145 tu,
1415 4091 1483 4137 ut
1503 4083 1937 4154 respondeamus

347 4173 435 4229 bis
463 4175 553 4245 qui
587 4189 688 4230 nos
721 4173 991 4232 miserunt
1015 4175 1102 4229 “?
1136 4194 1155 4226 ι
1196 4185 1253 4231 et
1285 4183 1560 4246 quotquot
1611 4176 1814 4232 similia
1853 4177 1937 4232 vel

346 4266 832 4338 interrogationem
870 4267 1200 4338 significant,
1229 4267 1314 4324 vel
1343 4268 1553 4323 nullam
1578 4268 1936 4340 quaestionem

347 4369 716 4415 commovent.
776 4358 933 4426 Quod
987 4359 1036 4414 si
1092 4360 1220 4430 quis
1249 4369 1470 4430 propter
1510 4360 1760 4416 vocabuli
1786 4360 1941 4416 simi-

347 4451 658 4517 litudinem,
681 4451 988 4506 locutiones
1005 4464 1228 4521 quoque
1260 4469 1308 4506 τι
1349 4449 1485 4517 Quis
1518 4451 1670 4506 novit
1698 4460 1936 4506 mentem

345 4543 603 4598 Domini?
646 4552 746 4598 aut
789 4544 915 4613 quis
956 4542 1311 4599 consiliarius
1352 4543 1473 4614 ejus
1521 4542 1734 4598 fuit“?
1764 4562 1784 4593 ι
1827 4553 1884 4597 et
1919 4559 1934 4595 :

2037 3333 2160 3388 οὐδὲ
2191 3337 2293 3404 τὴν
2329 3334 2609 3390 εὐτέλειαν
2637 3335 2763 3391 ούδέ
2789 3336 3019 3390 τοιαῦτα
3062 3337 3226 3408 ἕτερα
3267 3336 3634 3408 παρατρέχει.

2038 3427 2152 3482 Καὶ
2178 3427 2288 3482 τῶν
2330 3431 2802 3501 παραδειγμάτων
2825 3429 2896 3484 τά
2942 3429 3065 3502 ίερά
3089 3431 3252 3499 γέμει
3287 3430 3632 3502 Γράμματα·

2038 3518 2186 3592 άπερ
2215 3520 2267 3573 εί
2290 3538 2376 3584 τις
2410 3520 2486 3592 μὴ
2516 3523 2899 3596 φιλοκρινήσῃ,
2930 3523 3052 3595 μηδ’
3073 3524 3290 3595 ἑκάστῳ
3317 3523 3415 3593 τῆς
3446 3523 3635 3592 φωνῆς

2037 3612 2100 3665 τὸ
2139 3616 2418 3684 προσῆκον
2450 3614 2741 3685 ἀπονέμοι,
2772 3615 2894 3670 οὐδὲ
2935 3617 3096 3686 λόγου
3122 3617 3222 3683 δεῖ,
3262 3617 3473 3686 πλάνης
3499 3616 3634 3684 ὅσης

2038 3703 2168 3768 τοὺς
2199 3705 2394 3758 ἑαυτοῦ
2428 3704 2727 3777 λογισμοὺς
2764 3707 3097 3780 ἀναπλήσει.
3133 3707 3242 3762 Καὶ
3275 3705 3436 3760 τοῦτο
3463 3706 3636 3760 κατά-

2039 3795 2200 3867 δηλον
2227 3796 2326 3851 ἀπ’
2348 3797 2520 3868 αὐτῆς
2545 3813 2608 3867 γε
2649 3797 2752 3867 τῆς
2775 3799 2887 3852 τῶν
2934 3798 3198 3870 ῥημάτων
3229 3796 3589 3870 παραθέσεως
3615 3812 3631 3826 ο

2039 3887 2240 3942 αὐτίκα
2267 3890 2349 3953 τὸ,
2383 3908 2401 3942 ι
2439 3889 2537 3953 Τίς
2560 3891 2710 3945 ἐστιν
2739 3885 2894 3956 οὗτος
2924 3893 2953 3945 ὁ
2978 3890 3236 3962 βασιλεὺς
3259 3889 3362 3961 τῆς
3389 3889 3578 3958 δόξης
3605 3907 3628 3940 ³

2040 3979 2135 4032 καὶ
2163 3979 2246 4043 τὸ,
2289 3998 2308 4033 ι
2354 3980 2451 4045 Τίς
2479 3977 2533 4034 εί
2563 3983 2650 4046 σὺ,
2681 3981 2771 4036 ἵνα
2810 3983 3106 4055 ἀπόκρισιν
3132 3981 3314 4053 δῶμεν
3343 3983 3458 4045 τοῖς
3481 3979 3632 4051 πέμ-

2040 4074 2207 4145 ψασιν
2228 4077 2416 4148 ήμᾶς;
2457 4095 2477 4131 t
2509 4078 2603 4132 καὶ
2631 4079 2733 4133 ὅσα
2750 4078 2974 4133 τοιαῦτα
3001 4078 3270 4149 ἐρώτησίν
3304 4076 3416 4148 (20)
3447 4093 3508 4130 τε
3537 4076 3635 4146 δη-

2041 4168 2194 4224 λοῦσι
2233 4169 2330 4224 καὶ
2356 4170 2616 4242 οὐδεμίαν
2647 4171 2886 4244 ἀπορίαν
2925 4171 3190 4227 κινοῦσιν.
3233 4171 3297 4226 Εί
3338 4171 3398 4225 δέ
3424 4187 3510 4235 τις
3542 4170 3633 4224 διά

2041 4261 2142 4334 τὴν
2171 4263 2271 4333 τῆς
2313 4263 2500 4334 φωνῆς
2542 4263 2860 4337 ὁμοιότητα,
2897 4266 2994 4319 καὶ
3027 4265 3110 4329 τὸ,
3147 4284 3165 4317 ι
3197 4264 3293 4328 Τίς
3323 4263 3466 4332 ἔγνω
3503 4262 3634 4316 νοῦν

2041 4355 2248 4426 Κυρίου
2273 4371 2288 4421 ;
2312 4354 2345 4426 ἢ
2371 4355 2455 4420 τίς
2485 4355 2788 4427 σύμϐουλος
2816 4356 2982 4411 αὑτοῦ
3007 4356 3226 4424 ἐγένετο
3250 4373 3264 4422 ;
3300 4377 3317 4410 ι
3336 4357 3452 4422 καὶ,
3484 4375 3504 4408 ι
3534 4356 3634 4419 Τίς

2042 4445 2357 4517 προέδωκεν
2386 4446 2536 4517 αὐτῷ
2560 4447 2657 4502 καὶ
2681 4448 3186 4520 ἀνταποδοθήσεται
3225 4448 3416 4520 αύτῷ;
3457 4465 3477 4498 i
3510 4450 3629 4509 καὶ,

2045 4557 2066 4592 ι
2105 4539 2203 4604 Τίς
2251 4541 2401 4594 ἐστιν
2444 4539 2729 4613 ἄνθρωπος
2776 4541 2836 4606 δς
2883 4539 3134 4612 ζήσεται,
3165 4540 3263 4594 καὶ
3293 4542 3396 4595 οὐκ
3439 4539 3634 4610 Metui

353 4654 372 4686 ι
409 4636 541 4700 Quis
585 4646 710 4692 ante
761 4637 910 4693 dedit
960 4636 1035 4691 illi
1064 4639 1160 4701 ζιιι,
1184 4637 1235 4691 ei
1284 4637 1624 4693 retribuatur
1650 4636 1736 4691 “1'
1771 4651 1790 4689 ι
1835 4645 1935 4692 et:

2043 4631 2304 4700 θάνατονς
2339 4651 2358 4685 ι
2398 4633 2454 4686 εί
2475 4651 2574 4709 τις¹
2593 4630 2689 4688 οὖν
2717 4635 2811 4688 καλ⁵
2838 4634 3010 4688 ταῦτα
3037 4633 3126 4688 διά
3155 4634 3244 4688 τὸν
3270 4633 3434 4690 αὐτὸν
3458 4633 3634 4688 τύπον

354 4740 375 4772 ι
412 4723 546 4788 Quis
577 4734 662 4780 est
682 4725 849 4782 homo
872 4726 967 4797 qui
987 4727 1148 4793 vivet,
1175 4741 1277 4783 nec
1308 4737 1540 4784 mortem
1572 4727 1778 4784 videbit
1807 4729 1891 4782 "‘3
1911 4747 1929 4780 ι

349 4813 396 4866 si
439 4816 584 4884 quis,
637 4817 878 4888 inquam,
932 4820 1030 4875 bas
1081 4819 1390 4876 locutiones
1423 4830 1645 4892 propter
1685 4823 1935 4877 eamdem

350 4909 606 4964 vocabuli
639 4908 906 4977 formam,
945 4913 1011 4967 ad
1049 4913 1299 4969 eamdem
1333 4913 1614 4968 notionem
1642 4914 1692 4967 vi
1721 4921 1938 4984 pertra-

349 5001 462 5066 liet,
495 5002 684 5073 procul
719 5003 1018 5061 admodum
1059 5022 1097 5062 ai
1121 5008 1353 5063 veritate
1393 5005 1695 5062 aberrabit.
1722 5005 1937 5076 Quippe

349 5092 433 5148 lia:
463 5109 587 5149 cum
630 5097 861 5166 negandi
907 5097 1014 5152 vim
1046 5099 1305 5165 habeant,
1346 5097 1719 5169 interrogandi
1771 5099 1938 5154 ratio-

351 5201 476 5241 nem
505 5203 614 5243 nou
642 5188 932 5260 recipiunt.
962 5189 1137 5247 Nemo
1169 5190 1316 5245 enim
1350 5190 1431 5246 vel
1457 5199 1695 5246 mentem
1722 5189 1940 5246 Domini

414 5391 460 5422 “
493 5389 638 5446 Psal.
665 5407 823 5457 χχιιι,
854 5392 919 5447 8..
984 5381 1029 5424 "
1057 5391 1215 5448 Joan.
1250 5408 1287 5455 ι,
1317 5391 1408 5445 23'.

2041 4725 2144 4796 τῆς
2167 4725 2352 4795 φωνῆς
2374 4724 2512 4795 πρὸς
2532 4725 2631 4797 τὴν
2660 4725 2832 4796 αὐτὴν
2860 4725 3102 4781 διάνοιαν
3129 4727 3464 4790 ἐκϐιάσοιτο,
3491 4726 3631 4780 πολὺ

2043 4819 2110 4874 ἂν
2151 4818 2254 4890 τῆς
2286 4819 2547 4891 ἀληθείας
2596 4819 2970 4894 ἀποσφαλείηο
3002 4821 3175 4876 ταῦτα
3217 4821 3349 4894 γὰρ,
3401 4821 3501 4890 τὴν
3530 4820 3633 4891 τῆς

2043 4911 2378 4980 ἀποφάσεως
2426 4912 2692 4983 ἐπέχοντα
2729 4911 2981 4984 δύναμιν,
3026 4914 3127 4986 τὴν
3163 4913 3263 4984 τῆς
3309 4916 3635 4985 ἐρωτήσεως

2044 5005 2148 5058 οὐκ
2190 5003 2512 5074 ἀναδέχεται
2546 5004 2724 5068 τάξιν.
2767 5004 2960 5071 Οὐδεὶς
3006 5007 3117 5079 γάρ
3159 5005 3285 5060 οὗτε
3319 5003 3447 5060 νοῦν
3490 5005 3637 5073 ἔγνω

2049 5100 2282 5172 Κυρίου,
2308 5098 2432 5154 οὕτε
2465 5099 2768 5171 σύμϐουλος
2800 5099 2964 5154 αὑτοῦ
2997 5100 3220 5169 γέγονεν
3240 5113 3255 5129 ⁶
3285 5099 3347 5152 οὐ
3376 5098 3485 5169 μὴν
3515 5094 3638 5151 ἀλλ’

2047 5192 2158 5246 οὐδ’
2191 5192 2341 5248 ἔστιν
2371 5192 2661 5266 ἄνθρωπος
2691 5192 2749 5257 ὃς
2784 5191 3035 5263 ζήσεται,
3066 5190 3161 5246 καὶ
3186 5191 3289 5245 οὐκ
3315 5189 3510 5261 ὄψεται
3535 5185 3636 5242 θά-

1502 5393 1546 5423 ιθ
1579 5392 1740 5448 Rom.
1782 5409 1858 5459 ιι,
1902 5393 1994 5449 54.
2065 5393 2288 5462 “ibim,
2315 5396 2406 5452 55.
2486 5395 2530 5428 ’⁵⁵
2568 5394 2718 5452 Psal.
2746 5411 3011 5460 Lxxxvm.
3037 5395 3131 5454 $9.

1876 5514 2105 5576 ΝΟΤᾸΞ.

418 5628 528 5697 ιω)
557 5629 758 5704 Nempe
787 5635 958 5701 οὐδείς
989 5654 1100 5703 τις,
1139 5635 1332 5693 Latine
1361 5653 1508 5692 nemo
1532 5638 1836 5709 quisquam.

2140 5637 2230 5708 20)
2261 5636 2395 5695 Cod.
2423 5637 2734 5710 ἀπόκρισιν,
2774 5637 3179 5704 responsionem.
