3916 6192
209 267 279 333 81
1282 274 1384 333 AD
1407 274 1651 336 ΑΜΡΗΙ
1660 272 1805 336 1ιοοῤ

1911 275 1942 336 ,Ι
1948 276 2005 336 Μ
2043 273 2390 347 QUx’ESTIO
2432 274 2479 333 Ι.
3426 272 3499 337 82

210 401 378 441 νιτον
398 399 414 413 ⁸
459 380 573 437 οὐδ’
603 382 779 454 ἑτέρῳ
819 383 875 437 δὲ
903 382 1066 437 πάλιν
1095 384 1207 439 τῶν
1244 389 1555 462 εἰρημένων
1589 393 1797 464 συμφέ-

1911 390 2070 457 novit,
2106 389 2187 444 vel
2221 388 2343 459 ejus
2384 386 2737 443 consiliarius
2785 386 2925 455 fuit;
2975 402 3157 458 neque
3199 399 3283 444 est
3334 392 3497 445 homo

214 470 398 540 ρεται,
425 472 475 524 εί
503 470 600 525 καὶ⁵
624 473 692 541 τῇ
718 472 932 544 προόδῳ
955 472 1055 526 τοῦ
1085 475 1331 545 ῥήματος
1356 480 1419 533 οὐ
1448 480 1798 552 διήλλακταν

209 561 337 617 οὐδὲ
372 561 456 625 τὸ,
494 580 514 614 ι
556 563 879 632 Ἄνθρωπός
910 582 1004 628 τις
1025 566 1348 623 κατέϐαινεν
1369 570 1479 625 ἀπὸ
1528 573 1801 643 Ἰερουσα-

210 654 327 725 λὴμ
355 653 495 727 [βοά.
542 653 760 727 Ἰσραήλ
786 655 813 728 }
840 658 921 721 si;
964 658 1205 731 Ἱεριχώ⁶
1250 679 1270 714 ι
1303 662 1366 716 τὸ
1399 664 1507 735 γὰρ
1550 664 1803 735 ἀόριστον

210 745 247 813 ή
276 742 429 814 φωνὴ
452 745 567 795 νυνὶ
589 744 847 815 σημαίνει
865 747 974 801 τῶν
995 749 1172 804 ἄλλων
1192 750 1553 823 ἀποστήσασα
1569 770 1586 787 ·
1611 754 1802 826 ὥσπερ

214 834 313 887 καὶ
335 834 417 899 τὸ,
440 852 459 886 ι
487 834 605 888 Εἰσί
630 852 778 899 τινες
806 836 916 890 τῶν
934 831 1036 892 ὧδε
1062 840 1395 912 ἑστηκότων,
1421 844 1618 908 οἵτινες
1638 847 1699 898 οὐ
1727 847 1800 917 μὴ

210 927 519 995 γεύσωνται
571 928 804 983 θανάτου
836 930 945 995 ἓως
981 932 1047 986 ἀν
1078 933 1229 987 ῐδωσι
1271 936 1372 1007 τὴν
1402 936 1680 1006 βασιλείαν
1706 939 1801 993 τοῦ

212 1018 377 1087 Θεοῦ,
410 1040 429 1073 ι
456 1020 558 1092 τὴν
582 1021 677 1075 τοῦ
711 1021 1141 1096 προσδιορισμοῦ
1180 1028 1371 1097 χρείαν
1412 1028 1798 1102 ἀναπληροῦν.

211 1112 273 1165 Ἀ
285 1115 527 1184 ρκείγάρ
557 1115 655 1168 καὶ
684 1118 877 1190 μνήμη
909 1118 1072 1189 μόνον
1101 1120 1221 1183 ἑνὸς
1246 1120 1689 1194 παραδείγματος
1703 1123 1804 1197 τὴν

210 1207 413 1278 χρῆσιν
443 1209 707 1275 ἐπιδεῖξαι
746 1213 847 1282 τῆς
881 1212 1089 1283 φωνῆς,
1122 1213 1200 1279 ὡς
1238 1215 1418 1270 οὐδενὶ
1448 1216 1561 1272 τῶν
1599 1235 1803 1287 προτε-

208 1300 503 1370 ταγμένων
526 1302 949 1373 συμϐιϐἀξεται.

1905 481 2000 554 qui
2042 481 2291 535 victurus
2319 479 2411 545 sit,
2448 488 2797 549 mortemque
2845 494 2954 533 non
3008 480 3250 536 visurus.
3309 481 3499 551 Neque

1906 576 1992 630 ha:
2022 589 2217 628 rursus
2240 573 2499 643 cuiquam
2526 588 2592 627 ex
2626 581 2753 628 ante
2771 573 2933 628 dictis
2963 573 3339 629 locutionibus
3367 590 3500 629 con-

1907 676 2131 740 gruunt,
2185 667 2401 723 etiamsi
2458 667 2773 722 terminatio
2826 666 3085 722 vocabuli
3146 681 3495 737 nequaqnim

1907 760 2125 817 diﬂ‘ert:
2174 774 2352 830 neque
2394 759 2522 814 item
2554 775 2567 811 :
2604 777 2623 810 ι
2663 757 2838 813 Homo
2876 759 2965 822 τὶς
3002 768 3123 813 erat
3180 761 3233 814 in
3277 760 3498 830 regione

1906 854 2155 910 Ausitide
2194 853 2270 919 “;
2303 856 2424 921 siet
2453 870 2468 908 :
2503 871 2522 906 ι
2556 851 2733 907 Homo
2775 853 2862 917 τὶς
2918 850 3327 923 Hierosolymis
3359 851 3500 908 Jeri-

1903 955 2124 1003 euntem
2150 945 2400 1000 veniebat
2420 945 2485 1001 ".
2525 963 2545 999 ι
2582 944 2702 999 Vox
2731 945 2877 1000 enim
2904 943 2994 999 hic
3024 944 3268 999 ostendit
3300 943 3497 998 indeﬁ-

1903 1041 2079 1096 nitum
2140 1040 2385 1111 aliquid,
2440 1048 2608 1111 atque
2670 1038 3146 1109 asuperioribus
3212 1040 3498 1095 sententiis

1902 1133 2131 1188 abludit.
2159 1131 2336 1188 Veluti
2361 1142 2416 1187 et
2442 1132 2575 1187 illud
2615 1149 2672 1185 :I
2711 1130 2853 1186 Sunt
2876 1130 3023 1194 τινὲς
3049 1129 3116 1185 de
3140 1130 3229 1186 hic
3259 1146 3469 1201 prtesen
3495 1168 3500 1174 υ

1905 1226 2073 1293 libus,
2105 1226 2343 1297 quinon
2394 1224 2697 1295 gustabunt
2743 1232 3000 1283 mortem.
3047 1221 3225 1278 donec
3275 1221 3499 1276 videant

1904 1333 2134 1388 regnum
2172 1316 2266 1372 Dei
2293 1316 2360 1382 δ’,
2405 1335 2425 1368 ι
2458 1314 2823 1370 restrictionis
2843 1312 3080 1369 oﬂicium
3110 1312 3320 1383 implet.
3364 1310 3499 1367 Sui-

211 1394 329 1450 ticit
369 1403 552 1451 autem
603 1397 689 1453 vel
744 1398 911 1455 unius
956 1400 1192 1473 exempli
1245 1404 1456 1460 mentio
1507 1404 1806 1462 indicando
1840 1409 2096 1465 vocabuli
2162 1409 2312 1474 usui,
2372 1422 2569 1479 nempe
2611 1407 2707 1477 qui
2771 1406 2909 1462 nulli
2971 1409 3319 1478 superiorum
3360 1422 3498 1462 con-

212 1488 388 1557 gruit.

285 1592 401 1652 κς⁸.
424 1586 561 1641 Τίνα
579 1586 625 1639 δ’
656 1587 723 1641 ἂν
738 1587 851 1659 ἔχοι
875 1590 1162 1645 κοινωνίαν
1189 1592 1327 1665 πρὸς
1340 1592 1411 1647 τὰ
1437 1594 1805 1665 προλαϐόντα,

1982 1589 2077 1649 26.
2115 1588 2261 1644 Sane
2289 1586 2423 1658 quid
2452 1600 2746 1641 commune
2774 1585 2978 1641 habent
3027 1601 3151 1640 cum
3184 1583 3496 1655 suprascri-

213 1680 265 1732 εί
302 1679 528 1749 καὶτῆς
578 1681 762 1752 φωνῆς
815 1683 1241 1755 ἀπαράλλακτος
1267 1686 1297 1739 6
1335 1684 1493 1757 ἦχος,
1523 1687 1606 1752 τὸ,
1641 1707 1660 1741 I
1709 1689 1806 1754 Τίς

212 1771 508 1841 ἀνήγγειλὲ
557 1788 661 1835 σοι,
705 1773 785 1827 ὅτι
836 1775 1043 1846 γυμνὸς
1072 1769 1158 1843 είς
1191 1780 1210 1829 i
1243 1779 1358 1843 καὶ,
1394 1796 1414 1830 ‹
1441 1778 1539 1842 Τίς
1569 1797 1628 1833 σε
1672 1799 1806 1835 κατ-

214 1860 451 1932 ἑστησεν
496 1862 735 1934 ἄρχοντα
787 1867 882 1919 καὶ
925 1866 1187 1940 δικαστὴν
1234 1871 1321 1939 ἐφ’
1382 1873 1574 1943 ήμᾶς;
1614 1892 1632 1925 ι
1682 1876 1802 1942 καὶ,

220 1972 239 2009 t
274 1955 373 2019 Τίς
402 1950 453 2009 εἶ
486 1958 550 2011 σὺ
571 1960 601 2010 ὁ
629 1958 833 2029 κρίνων
855 1959 1136 2032 ἀλλότριον
1159 1964 1411 2035 οἱκέτηνς
1457 1984 1475 2017 ι
1508 1967 1625 2031 καὶ,
1659 1987 1677 2020 ‹
1708 1969 1808 2032 Τίς

210 2048 456 2116 ἐπάταξε
477 2050 570 2103 τδν
610 2052 899 2123 Ἀϐιμέλεχ
930 2053 1046 2109 υἱὸν
1087 2056 1410 2129 ’1ερο6οάμ;
1445 2077 1464 2112 ι
1498 2061 1614 2124 καὶ,
1649 2078 1668 2114 t
1707 2061 1806 2126 Τίς

211 2143 366 2197 ἐστιν
394 2137 548 2208 οὗτος
580 2145 608 2198 6
637 2144 897 2216 κρύπτων
932 2163 1000 2216 με
1040 2146 1268 2222 βουλήνς
1305 2168 1324 2202 ι
1364 2150 1552 2205 Ταῦτα
1588 2152 1697 2224 γάρ
1725 2155 1808 2218 είς

211 2234 587 2305 ἀγανάκτησιν
616 2238 715 2307 μὲν
745 2234 841 2291 καὶ
878 2239 1199 2312 ἐπιτίμησιν
1233 2241 1532 2313 ἀφορῶσιν,
1562 2245 1716 2299 οὐδὲν
1748 2245 1805 2300 δὲ

210 2326 401 2395 ὅμοιον
441 2326 553 2382 τῶν
587 2329 1083 2402 προδεδηλωμένων
1132 2334 1495 2405 παριστῶσιν.
1527 2337 1591 2391 Ei
1634 2337 1692 2392 δέ
1721 2356 1807 2405 τις

214 2419 310 2471 καὶ
343 2418 521 2473 ταῦτα
551 2422 633 2484 είς
654 2422 746 2476 τὸν
773 2424 873 2495 τῆς
905 2424 1231 2497 ἐρωτήσεως
1255 2428 1586 2497 μεθελκύσει
1614 2432 1801 2501 νόμον,

213 2510 305 2564 ἴνα
340 2511 417 2582 μὴ
456 2512 595 2584 πρὸς
616 2514 687 2569 τά
721 2515 855 2569 ἀλλα
886 2516 1054 2587 λέγω,
1086 2518 1312 2589 ἄγνοιάν
1340 2539 1401 2576 τε
1430 2525 1805 2596 κατηγορήσοι

210 2601 312 2656 τοῦ
350 2604 533 2669 θείου,
572 2607 666 2662 καὶ
693 2609 754 2662 οὐ
801 2612 1266 2683 καταμέμφεσθαι
1313 2616 1412 2680 τὰς
1446 2618 1673 2690 πράξεις
1716 2619 1808 2674 διά

212 2701 316 2770 τῆς
340 2700 549 2769 φωνῆς,
582 2700 717 2756 ἀλλὰ
747 2703 939 2774 μαθεῖν
966 2703 1151 2776 ζητεῖν
1176 2705 1237 2772 ἐξ
1262 2708 1486 2777 ἀγνοίας
1510 2710 1602 2764 τὸν
1633 2728 1809 2782 παρα-

216 2793 415 2863 σχόντα
445 2794 545 2867 τὴν
578 2794 670 2849 τοῦ
700 2798 905 2867 πρᾶξαι
933 2799 1118 2854 ἄδειαν
1137 2816 1152 2831 °
1195 2802 1286 2856 ναὶ
1315 2802 1379 2873 δὴ
1420 2804 1515 2857 καὶ
1537 2803 1619 2870 τὸ,
1652 2823 1670 2857 ι
1708 2805 1807 2871 Τίς

1908 1686 2041 1758 ptis,
2083 1696 2403 1755 quanquam
2455 1682 2609 1738 vocis
2640 1697 2814 1737 sonus
2844 1680 2990 1736 haud
3042 1680 3387 1744 immittatur,
3413 1679 3499 1733 lo-

1908 1777 2169 1835 cutiones
2230 1775 2359 1830 hae?
2398 1773 2697 1829 videlicet:
2733 1793 2751 1825 I
2791 1771 2929 1840 Quis
2971 1772 3071 1828 tibi
3124 1773 3398 1827 nuntiavit
3447 1779 3501 1824 te

1908 1889 2032 1929 esse
2069 1871 2279 1926 nudum
2313 1869 2406 1924 “'i
2439 1888 2458 1921 ι
2494 1898 2566 1910 -—
2598 1888 2617 1921 ι
2655 1867 2791 1935 Quis
2822 1878 2873 1923 te
2900 1869 3190 1923 Dominum
3216 1862 3502 1919 constituit

1902 1966 2259 2037 iudicemque
2311 1972 2561 2020 nostrum
2596 1962 2689 2016 ὀἳ
2726 1982 2744 2016 ι
2772 1992 2843 2003 -
2883 1979 2902 2013 ι
2958 1959 3093 2027 Quis
3145 1974 3206 2015 es
3253 1967 3308 2012 tu
3337 1999 3352 2021 ,
3404 1956 3499 2026 qui

1911 2059 2154 2114 alienum
2200 2072 2420 2112 servum
2468 2054 2687 2124 iudicas
2713 2053 2804 2108 "'2
2841 2073 2859 2107 ι
2892 2083 2961 2096 -
2994 2071 3013 2104 ι
3047 2050 3180 2118 Quis
3224 2048 3501 2121 percussit

1906 2150 2323 2207 Abimelechum
2367 2147 2680 2206 Jeroboami
2716 2148 2887 2202 tilium
2917 2146 3009 2200 ιιι
3042 2163 3061 2197 ι
3094 2174 3165 2221 -τ
3191 2164 3209 2195 ι
3247 2143 3383 2209 Quis
3418 2150 3503 2196 est

1908 2246 2000 2316 qui
2048 2260 2135 2300 me
2185 2243 2515 2299 sententiam
2569 2242 2707 2297 celat
2737 2241 2824 2295 '3?
2887 2258 2906 2291 ι
2960 2268 3033 2281 --
3085 2236 3357 2292 Nimirum
3414 2235 3500 2289 ha:

1909 2333 2221 2391 locutiones
2293 2332 2359 2387 ad
2440 2332 2873 2403 indignationem
2942 2329 3502 2399 objurgationemque

1909 2436 2187 2498 spectant,
2212 2426 2349 2481 nihil
2382 2434 2565 2480 autem
2596 2425 2776 2481 simile
2808 2423 3194 2494 praedictarum
3220 2419 3498 2475 exhibent.

1908 2520 2068 2587 Quod
2103 2520 2148 2575 si
2167 2520 2293 2590 quis
2318 2534 2412 2573 eas
2442 2518 2509 2572 ad
2542 2516 2997 2587 interrogationis
3028 2516 3273 2585 regulam
3316 2510 3502 2565 trahe-

1907 2626 2011 2678 ret,
2043 2612 2246 2682 nequid
2292 2622 2559 2683 prmterea
2612 2612 2816 2676 dicam,
2865 2607 3232 2678 ignorantiam
3286 2617 3504 2675 quoque

1910 2708 1964 2762 in
1994 2705 2105 2762 Deo
2125 2713 2485 2778 coargueret;
2510 2720 2690 2773 neque
2715 2706 2783 2759 ab
2804 2720 2867 2758 eo
2890 2700 3215 2772 reprehendi
3242 2700 3346 2753 hac
3371 2710 3503 2751 voce

1911 2798 2161 2853 actiones
2208 2797 2495 2853 hominum
2543 2794 2823 2859 suaderet,
2878 2809 3070 2847 verum
3122 2805 3346 2861 operam
3380 2787 3500 2842 dati

212 2888 333 2957 εἰμι
377 2888 528 2958 ἐγώ;
582 2890 785 2959 Κύριός
835 2910 959 2963 μου,
997 2894 1238 2965 Κύριος·
1296 2899 1393 2950 καὶ
1438 2898 1523 2961 τίς
1581 2900 1727 2953 ἐστιν
1777 2900 1805 2953 6

1913 2891 1982 2946 ah
2011 2890 2201 2946 eodem
2238 2898 2464 2960 propter
2498 2904 2655 2943 suam
2690 2886 2963 2942 inscitiam
3005 2893 3063 2938 ut
3104 2884 3245 2939 sciat
3273 2881 3501 2951 aliquid,

214 2977 364 3046 οἶκος
399 2982 493 3036 τοῦ
536 2986 747 3056 πατρὸς
792 3003 928 3055 pou;
970 3004 988 3038 ι
1030 2988 1125 3041 ἐπὶ
1171 2987 1428 3043 τοσοῦτον
1462 2992 1805 3062 ἐμφανεστά-

1912 2984 2007 3055 qui
2057 2983 2183 3038 aliis
2219 2959 2537 3037 facultatem
2587 2980 2783 3051 agendi
2836 2978 3167 3049 suppeditat.
3219 2974 3417 3044 Utique
3448 2983 3504 3027 et

213 3092 321 3146 την
355 3075 514 3148 φέρει
548 3076 646 3147 τὴν
673 3078 1057 3150 παραλλαγὴν,
1098 3080 1184 3149 ἐφ’
1217 3082 1342 3135 ὅσον
1381 3082 1807 3154 ἀπαράλλακτον

213 3170 454 3242 προάγει
490 3170 587 3242 τὴν
614 3172 801 3243 φωνήν
822 3188 837 3201 ⁸
874 3173 1151 3238 εὐτελείας
1176 3175 1286 3247 γὰρ
1314 3176 1609 3247 ὁμολογίαν
1646 3178 1805 3243 ἰδίας,

217 3263 317 3316 καὶ
353 3262 457 3347 τῆς
493 3263 632 3335 πρὸς
658 3263 791 3318 Θεὸν
834 3265 1191 3336 εὐχαριστίας
1223 3267 1450 3340 γνώμην
1476 3270 1804 3339 ἀναφαίνει·

216 3355 281 3409 οὐ
317 3355 418 3426 μὲν
448 3357 529 3421 είς
560 3356 852 3429 ἐρώτησιν,
880 3358 1005 3412 οὐδὲ
1035 3358 1234 3413 πολλοῦ
1268 3360 1351 3415 δεῖ
1380 3361 1515 3434 πρὸς
1543 3362 1808 3434 ἐπιτίμη-

219 3464 307 3501 σιν
334 3448 366 3519 ii
401 3448 797 3523 ἀγανάκτησιν,
838 3451 870 3523 ἢ
909 3452 1047 3522 πρὸς
1068 3451 1197 3507 ἀλλο
1227 3469 1280 3507 τι
1308 3453 1418 3508 τῶν
1465 3454 1807 3528 προειρημέ-

215 3559 327 3597 νων
362 3541 455 3596 τὸν
482 3543 742 3615 λογισμὸν
770 3543 1100 3610 διαϐιϐάζει.

287 3811 395 3878 κζ’.
430 3811 504 3866 T6
548 3810 732 3884 μέντοι
784 3810 1010 3868 σπάνιον
1052 3813 1213 3887 εἴπερ
1250 3833 1302 3869 τι
1346 3814 1483 3880 ὅλως
1516 3814 1671 3885 δηλοῖ
1724 3814 1807 3882 τὸ,

221 3923 241 3957 ι
270 3904 371 3967 Τίς
397 3903 582 3973 σοφὸς,
610 3905 705 3957 καὶ
739 3902 964 3974 φυλάξει
992 3904 1197 3971 mina;
1233 3923 1252 3956 ι
1285 3906 1381 3960 καὶ
1401 3906 1483 3970 τὸ,
1519 3925 1538 3959 ι
1570 3905 1666 3969 Τίς
1691 3905 1811 3959 ὲπί-

219 4011 419 4049 στευσε
446 3997 512 4067 τῇ
545 3996 685 4067 ἀκοῇ
723 3995 919 4066 ήμῶν;
960 4015 981 4047 ι
1014 3998 1129 4058 καὶ,
1164 4016 1183 4050 ι
1228 3997 1287 4051 '0
1320 3996 1562 4069 βραχίων
1596 3998 1807 4069 Κυρίου

214 4088 327 4142 τίνι
358 4087 751 4160 ἀπεκαλύφθη;
788 4108 806 4140 ι
842 4089 905 4143 Ei
934 4088 1044 4159 γὰρ
1073 4090 1169 4143 καὶ
1205 4090 1281 4161 μὴ
1308 4090 1531 4155 πάντες,
1562 4090 1678 4145 ἀλλ’
1716 4086 1810 4145 οὖν

214 4184 284 4253 γε
324 4199 473 4243 τινες
503 4181 599 4235 καὶ
629 4181 1058 4247 πεπιστεύκασι,
1086 4183 1183 4237 καὶ
1212 4183 1313 4255 τὴν
1348 4184 1727 4257 φρουρητικήν
1748 4202 1808 4239 τε

213 4277 314 4331 καὶ
342 4276 743 4347 κυϐερνητικὴν
775 4277 869 4329 καὶ
900 4277 1411 4349 παντοκρατορικὴν
1440 4264 1695 4332 τοῦὍεοῦ
1719 4277 1812 4332 δύ-

214 4389 279 4425 να
291 4388 386 4441 μιν
418 4372 481 4424 ἐκ
512 4370 614 4441 τῆς
650 4370 779 4441 περὶ
830 4371 1029 4435 αὐτοὺς
1074 4371 1171 4425 καὶ
1195 4371 1293 4442 τῆς
1322 4368 1454 4438 περὶ
1492 4370 1552 4424 τὸ
1583 4368 1809 4441 σύμπαν

212 4463 542 4533 εὐεργεσίας
579 4480 638 4517 τε
667 4464 761 4517 καὶ
792 4462 1049 4535 προνοίας
1078 4463 1315 4518 συνιδεῖν
1340 4461 1677 4535 ἠξιώθησαν,
1712 4463 1809 4516 καὶ

208 4557 315 4628 τῆς
350 4556 565 4610 ἐκεῖθεν
614 4557 989 4628 μαρμαρυγῆς
1029 4559 1150 4622 ταῖς
1195 4555 1507 4627 λαμπηδόσι
1556 4558 1648 4609 τὸν
1683 4554 1810 4609 νοῦν

210 4649 620 4721 ἐλλαμφθῆναι.
654 4649 780 4713 Πῶς
819 4649 864 4703 δ’
891 4648 1089 4703 αὐτίκα
1114 4648 1176 4702 τὸ
1219 4648 1408 4715 θαῦμα
1444 4647 1542 4702 καὶ
1577 4649 1675 4719 τήν
1714 4647 1810 4701 ἔκ-

211 4743 419 4815 πληξιν
443 4742 545 4797 οὐκ
574 4742 802 4815 ἀφίησιν
833 4745 861 4796 6
892 4741 1090 4811 λέγων*
1132 4759 1150 4793 ι
1182 4741 1281 4806 Τίς
1308 4734 1467 4806 οὗτος
1495 4743 1523 4797 6
1553 4758 1811 4813 παραγε-

211 4837 453 4905 νόμενος
486 4834 547 4899 ἐξ
592 4831 807 4905 Ἑδώμ;
845 4852 862 4887 ι
896 4833 1011 4897 καὶ,
1051 4851 1071 4885 t
1099 4833 1195 4896 Τίς
1218 4833 1369 4886 ἐστιν
1393 4823 1571 4899 οὗτος,
1601 4833 1683 4886 ὅτι
1708 4832 1806 4887 καὶ

206 4930 245 4997 ή
286 4928 536 4981 θάλασσα
565 4924 661 4979 καὶ
690 4927 742 4978 οἱ
770 4925 961 4995 ἄνεμοι
992 4922 1360 4977 ὑπακούουσιν
1388 4920 1571 4992 αὐτῷ;
1610 4941 1629 4975 ι
1669 4923 1805 4995 ὅπερ

207 5020 443 5090 οὐδεμία
470 5019 578 5071 τῶν
609 5018 1073 5089 προτεταγμένων
1118 5000 1315 5088 φωνῶν
1350 5018 1409 5072 οὐ
1449 5017 1548 5089 μὲν
1585 5012 1679 5072 οὖν
1707 5018 1809 5072 οὐκ

208 5109 361 5185 εἶχεν
395 5112 552 5184 ίσχύν
583 5108 894 5183 σημαίνειν.
931 5111 1205 5182 Προσθείη
1226 5110 1270 5163 δ’
1303 5110 1369 5164 ἀν
1397 5127 1484 5174 τις
1508 5112 1621 5173 τοῖς
1654 5112 1810 5182 είρη-

208 5206 405 5277 μένοις
432 5205 529 5257 καὶ
554 5206 638 5272 τὸ,
670 5224 691 5257 ι
730 5204 830 5267 Τίς
864 5202 1119 5275 δώσειτῇ
1156 5201 1367 5273 κεφαλῇ
1415 5219 1518 5273 μου
1560 5200 1741 5273 ὐδωρ;
1781 5221 1799 5254 ι

208 5300 338 5360 καὶ,
376 5317 395 5349 ι
429 5296 527 5361 Τίς
558 5297 626 5351 ἄν
674 5313 743 5365 με
772 5296 896 5366 θείη
938 5296 1083 5349 κατά
1119 5296 1266 5367 μῆνα
1297 5294 1525 5367 ἡμερῶν
1554 5294 1665 5349 τῶν
1704 5294 1806 5365 ἐμ-

207 5390 485 5461 προσθεν;
516 5408 536 5443 ι
565 5389 685 5455 καὶ,
715 5407 736 5442 I
766 5387 1124 5459 Ταλαίπωρος
1148 5387 1262 5457 ἐγὼ
1286 5389 1604 5457 ἄνθρωποςῑ
1630 5388 1714 5451 τίς
1739 5405 1807 5457 με

211 5481 448 5553 ῥύσεται
482 5484 548 5536 ἐκ
571 5482 668 5537 τοῦ
695 5481 952 5553 σώματος
974 5480 1068 5534 τοῦ
1115 5480 1349 5536 θανάτου
1384 5478 1618 5546 τούτου;
1650 5498 1670 5533 ι
1703 5480 1804 5532 Εὐ-

322 5642 367 5673 “
392 5638 496 5693 Joh
539 5656 579 5701 I.
616 5638 667 5692 Ι.
748 5639 791 5671 ⁸⁷
826 5637 958 5695 an.
987 5655 1043 5701 κ.
1068 5639 1159 5694 50.
1275 5638 1318 5670 ⁸⁸
1354 5636 1464 5693 Luc
1500 5654 1574 5703 Ix,
1603 5634 1696 5690 27.

1810 5636 1856 5669 ”
1892 5636 2029 5692 Gen.
2088 5652 2171 5697 tu.
2235 5637 2324 5691 Η.

1915 3076 2047 3132 illud
2079 3094 2093 3131 :
2136 3094 2152 3127 ι
2191 3072 2328 3142 Quis
2371 3090 2492 3129 sum
2524 3073 2669 3143 ego?
2698 3072 2966 3127 Dominus
2992 3084 3167 3129 meus,
3196 3067 3501 3130 Dominus;

1912 3180 1965 3225 et
2007 3183 2131 3240 qua:
2180 3178 2265 3224 est
2309 3168 2507 3223 domus
2550 3166 2724 3237 patris
2769 3164 2875 3218 mei
2903 3162 2992 3216 ⁸δῖ
3048 3181 3066 3213 ι
3133 3170 3284 3216 tanto
3329 3158 3504 3228 magis

1910 3261 2033 3317 ιιωο
2062 3261 2440 3316 diversitatem
2473 3257 2554 3314 rei
2604 3257 2785 3328 palam
2838 3255 3067 3319 faciunt,
3111 3260 3319 3323 quanto
3350 3250 3508 3306 simi-

1912 3354 2049 3411 liore
2080 3370 2216 3411 voce
2245 3354 2527 3411 dicuntur.
2580 3350 2937 3424 Signiﬁcatur
2972 3348 3118 3402 enim
3154 3345 3391 3417 propriae
3423 3343 3506 3397 vi-

1912 3450 2088 3507 litatis
2112 3448 2410 3510 confessio.
2435 3455 2739 3517 gratusque
2766 3444 3033 3498 adversus
3064 3440 3231 3495 Deum
3261 3437 3501 3493 animus.

1909 3538 2101 3612 Neque
2134 3540 2263 3595 licet
2310 3538 2400 3593 hic
2438 3537 2684 3605 cogitare
2720 3533 3205 3607 interrogationem
3230 3570 3245 3593 ,
3302 3527 3506 3582 multo-

1912 3648 2019 3703 que
2063 3632 2247 3686 minus
2287 3628 2729 3699 objnrgationem
2775 3633 2869 3679 ant
2917 3620 3375 3693 indignationem,
3410 3626 3507 3672 aut

1912 3725 2213 3798 quemlibet
2241 3739 2272 3779 e
2306 3721 2583 3794 praedictis
2611 3718 2860 3774 modum.

1981 3817 2070 3873 27.
2098 3816 2217 3871 Jant
2255 3815 2421 3871 etiam
2448 3817 2729 3869 raritatem
2757 3825 2925 3881 quam
2955 3806 3103 3877 quod
3133 3806 3370 3859 maxime
3399 3801 3506 3856 hoc

1912 3911 2243 3966 vocabulum
2290 3907 2565 3976 designat.
2614 3904 2868 3975 Nempe:
2912 3922 2930 3955 ι
2968 3899 3107 3968 Quis
3160 3899 3401 3969 sapiens,
3451 3904 3507 3950 et

1913 4001 2188 4060 custodiet
2244 4004 2361 4057 hare
2389 4000 2484 4055 "?
2545 4018 2566 4053 ι
2602 4006 2658 4054 et
2711 4015 2725 4053 :
2790 4016 2809 4049 ι
2868 3996 3006 4063 Quis
3061 3993 3296 4046 credidit
3348 3989 3508 4045 audi-

1912 4095 1990 4150 tui
2043 4104 2273 4156 nostro,
2328 4101 2383 4145 et
2430 4088 2716 4144 brachium
2770 4084 2987 4140 Domini
3037 4080 3128 4137 cui
3195 4078 3501 4135 revelatum

1913 4193 1993 4242 est
2018 4185 2110 4239 ⁵⁸⁸1
2145 4203 2163 4236 ι
2196 4183 2332 4238 Nam
2369 4182 2416 4238 si
2452 4182 2636 4236 minus
2676 4178 2883 4243 cuncti,
2926 4186 3075 4233 certe
3125 4173 3337 4244 aliquot
3381 4186 3505 4226 creo

1913 4277 2210 4343 diderunt;
2250 4274 2452 4346 quibus
2494 4288 2627 4327 sane
2668 4268 3154 4329 conservatricem,
3190 4264 3503 4327 rectricem,

1914 4371 2312 4439 dominamque
2339 4366 2586 4422 omnium
2632 4364 2726 4419 Dei
2760 4363 2869 4418 vim
2904 4372 3019 4417 tum
3056 4376 3087 4415 e
3132 4356 3413 4413 beneﬁciis
3447 4355 3509 4410 in

1912 4480 1973 4520 se
2001 4462 2380 4531 mundumque
2408 4467 2584 4513 totum
2615 4455 2853 4515 collatis.
2897 4464 3009 4508 tum
3055 4450 3221 4506 etiam
3261 4464 3293 4502 e
3320 4446 3515 4519 provio

1913 4551 2097 4607 dentia
2132 4550 2381 4605 contueri
2413 4548 2705 4617 dignanter
2729 4558 3053 4599 concessum
3092 4541 3235 4596 Γιιίιοι
3268 4552 3503 4609 quorum

1912 4644 2184 4700 luminum
2225 4640 2395 4696 radiis
2426 4638 2761 4701 collustrati,
2796 4636 3000 4699 mentis
3032 4634 3285 4688 tenebras
3316 4630 3515 4697 dispu-

1911 4736 2116 4791 leruut.
2181 4729 2373 4786 Nonne
2434 4744 2567 4785 vero
2632 4725 3051 4781 admirationem
3110 4730 3519 4793 stuporemque-

1913 4826 2096 4901 prodit
2163 4824 2211 4880 is
2273 4823 2368 4895 qui
2428 4822 2554 4877 ait:
2596 4839 2615 4872 ι
2661 4818 2798 4886 Quis
2849 4827 2931 4873 est
2988 4817 3094 4872 iste
3155 4814 3383 4870 veniens
3437 4826 3512 4866 ex.

1913 4919 2086 4975 Edom
2122 4917 2215 4973 “2
2247 4935 2265 4969 ι
2307 4934 2441 4966 --‹
2480 4912 2617 4981 Quis
2648 4920 2735 4967 est
2782 4911 2889 4975 hic,
2938 4908 3027 4964 cui
3064 4923 3215 4963 mare
3249 4903 3513 4975 ventique

1914 5011 2294 5071 obediunt"?
2328 5030 2347 5063 ι
2381 5025 2545 5081 quem
2599 5023 2731 5065 sane
2785 5004 3180 5077 signiﬁcatum,
3230 5000 3505 5055 dietarum

1914 5117 2074 5162 antea
2124 5105 2466 5160 locutionum
2512 5101 2661 5157 nulla
2695 5115 2809 5172 prae
2852 5113 2912 5155 se
2960 5097 3084 5153 fert.
3120 5094 3273 5149 Adde
3303 5091 3410 5156 his,
3454 5089 3505 5145 si

1914 5199 2080 5254 libet:
2110 5216 2128 5249 ι
2167 5196 2304 5263 Quis
2332 5195 2478 5250 dabit
2512 5194 2676 5265 capiti
2701 5207 2825 5248 meo
2856 5206 3056 5262 aquam
3088 5187 3182 5240 υἷ’
3215 5203 3341 5239 ι-ι
3368 5181 3515 5250 Quis

1916 5309 2004 5348 me
2032 5302 2198 5362 ponet
2226 5290 2381 5361 juxta
2429 5304 2670 5344 mensent
2704 5285 3056 5358 superiorum
3103 5280 3315 5336 dierum
3344 5277 3431 5330 “?
3477 5294 3509 5329 ››

1916 5387 1981 5441 Ει
2009 5404 2023 5440 ι
2058 5404 2079 5438 ι
2116 5383 2309 5439 Infelix
2340 5399 2445 5455 ego
2474 5383 2638 5437 homo
2664 5383 2679 5437 l
2722 5381 2850 5451 quis
2886 5394 2972 5433 me
3003 5372 3261 5431 liberabit
3289 5370 3359 5426 de
3383 5384 3513 5424 cor-

1918 5495 2051 5552 pore
2094 5480 2291 5535 mortis
2335 5479 2498 5550 hujus
2522 5477 2612 5531 ‘i?
2646 5494 2665 5529 ι
2701 5474 2922 5532 Scilicet
2971 5472 3087 5527 haec
3134 5465 3417 5522 hominem
3445 5461 3503 5516 in

2435 5636 2481 5667 ⁸ο
2517 5631 2691 5689 Exod.
2730 5647 2790 5695 II,
2832 5629 2916 5684 Η.
3028 5627 3071 5659 ⁸³
3109 5624 3267 5695 Rom.
3301 5634 3413 5682 xIv,
3443 5593 3504 5695 ᾇ.

306 5714 349 5779 lt_
372 5709 501 5779 Ιιυδ.
538 5690 617 5770 εἰ,
642 5709 731 5766 21.
809 5710 855 5741 ⁸⁸
884 5690 1165 5776 ἔοικ’κιιι,
1198 5710 1248 5764 5.
1330 5710 1375 5743 ³⁵
1404 5690 1611 5779 ll'iieg.
1648 5722 1801 5771 XVIII,

1911 5690 2056 5779 ζέε
2092 5690 2383 5779 pssum,
2413 5706 2502 5762 ιδ.
2578 5705 2622 5736 εί
2659 5690 2924 5767 Ιειι.ἰ.ιιι,
2966 5700 3010 5754 l.
3058 5693 3233 5750 "lsa.
3268 5690 3517 5758 unm-

221 5772 269 5804 ”
296 5772 478 5836 Marc:
501 5796 576 5849 Iv,
613 5781 698 5836 ω.
774 5783 825 5818 ⁸⁹
848 5779 1045 5837 Jercm.
1080 5772 1161 5849 Ix,
1193 5780 1240 5837 Ι.
1324 5781 1370 5814 ⁸⁸
1394 5777 1499 5837 Job
1530 5795 1678 5861 xxix,
1717 5778 1771 5833 ‘2.

1929 5778 2090 5835 Rom.
2120 5794 2212 5846 vn,
2251 5778 2342 5834 21».
