3916 6192
426 270 499 333 83
1565 264 1831 326 PHOTII
1884 266 2389 327 PATRIARCH/E
2428 266 2540 327 (ΣΡ.
3079 359 3083 362 γ
3617 260 3691 329 84

428 376 699 448 angustiis
740 376 809 433 ad
853 391 1041 449 preces
1085 375 1495 449 confugientem
1539 378 1828 442 exhibent,
1878 393 2005 432 cum

2122 378 2212 447 (ῆς
2238 376 2338 447 μὲν
2367 376 2477 447 γάρ
2507 373 2836 445 καταφυγὴν
2866 373 2926 440 ἐξ
2968 372 3280 445 ἀμηχανίας
3306 372 3376 428 τά
3417 374 3690 446 εἰρημένα

428 472 826 527 sententiarum
877 470 1124 541 priurum
1177 470 1327 525 nulla
1378 478 1733 541 congruunt:
1776 478 1832 525 et
1874 472 2003 526 vota

428 562 651 633 quidem
689 577 785 630 pro
839 564 1108 617 malorum
1156 562 1480 632 depulsione
1536 562 1840 629 continent,
1894 579 2003 618 non

429 661 610 705 tamen
639 651 721 704 vel
751 651 1254 722 interrogationem,
1299 653 1382 708 vel
1419 652 1701 709 modestia:
1727 653 2008 725 signiﬁca-

430 741 667 803 tionem,
697 741 780 794 vel
812 741 1151 795 indelinitum
1179 742 1331 812 quid,
1374 743 1458 796 vel
1481 742 1720 812 aliquam
1754 743 2006 814 increpa-

431 833 668 898 tionem;
702 848 882 902 neque
923 848 1117 888 rursus
1156 834 1459 899 raritatem,
1491 849 1668 902 neque
1706 835 2006 904 gratiarum

430 926 728 989 actionem,
763 940 942 994 neque
970 925 1394 980 admirationem
1424 925 1509 981 vel
1539 935 1841 996 stuporem.

499 1016 592 1070 28.
644 1015 913 1070 Praeterea
964 1016 1109 1071 istud
1170 1017 1335 1071 etiam
1396 1032 1620 1071 mecum
1663 1020 2006 1079 considera:

437 1107 604 1174 «Quis
624 1107 1176 1177 decipietAcbaabum
1190 1107 1279 1160 "1'
1303 1118 1378 1174 et,
1399 1108 1600 1173 «Quem
1620 1110 1827 1166 mittam
1846 1114 1913 1145 ⁶¹⁶
1944 1115 2005 1168 ἳι

428 1210 487 1255 et
518 1218 533 1255 :
563 1220 580 1252 ι
614 1200 748 1267 Quis
798 1200 900 1255 ibit
944 1200 1011 1255 ad
1060 1198 1319 1270 populum
1355 1201 1437 1254 "‘3
1466 1220 1485 1253 ι
1513 1199 1844 1258 Nonnullam
1898 1206 2012 1261 haec

431 1293 651 1363 quidem
684 1292 919 1362 speciem
954 1292 1178 1358 habent,
1210 1290 1329 1348 fore
1364 1301 1424 1347 ut
1452 1293 1555 1349 sub
1581 1294 1766 1365 aliquo
1795 1310 1828 1352 e
1866 1312 2010 1367 pra!—

432 1386 757 1441 cedcntibus
813 1385 994 1441 modis
1052 1387 1475 1450 concludantur,
1528 1402 1588 1441 re
1648 1396 1832 1442 tamen
1884 1404 2010 1445 vera

433 1477 640 1531 aditum
726 1477 855 1532 illuc
924 1492 1032 1531 non
1098 1478 1449 1545 inveniunt,
1520 1477 1614 1534 sed
1678 1481 2012 1549 provocandi

434 1568 637 1633 potius,
686 1567 771 1622 vel
815 1566 962 1621 modi
1016 1556 1203 1621 nescio
1249 1567 1409 1637 cujus
1462 1568 1794 1624 sententiam
1828 1571 2005 1626 conti-

436 1666 588 1713 nent.
646 1657 781 1713 lllud
825 1666 1010 1714 autem
1042 1677 1056 1714 :
1098 1676 1116 1710 ι
1150 1658 1282 1724 Qua:
1310 1661 1457 1714 enim
1504 1659 1770 1716 fortitudo
1804 1677 1923 1716 mea
1956 1670 2015 1716 ut

431 1748 780 1804 sustineam?
809 1758 905 1804 aut
947 1750 1224 1820 quodnam
1268 1758 1487 1822 tempus
1520 1768 1702 1806 meum
1745 1764 1803 1807 ut
1838 1753 2014 1823 perfe—
2044 1737 2087 1791 Β

437 1855 553 1893 ram
581 1840 671 1893 “‘2
706 1858 725 1892 ι
761 1841 953 1911 quidni
996 1841 1165 1896 alium
1208 1858 1431 1899 sensum
1475 1843 1578 1898 sibi
1628 1845 1904 1912 deposcet,
1940 1846 2013 1900 ita

435 1938 497 1983 ut
532 1930 821 1986 consilium
867 1931 1095 1986 minime
1137 1932 1401 2002 injurium
1446 1933 1559 1990 Deo
1590 1934 1706 1990 sit?
1745 1933 1838 1991 Ille
1863 1937 2012 1992 enim

434 2019 839 2075 calamitatibus
866 2036 1110 2090 pressus,
1138 2022 1267 2078 dum
1294 2024 1419 2079 vitae
1446 2024 1766 2081 brevitatem
1791 2026 2017 2082 virium:-

432 2126 545 2181 que
595 2111 967 2167 infirmitatem
1016 2121 1073 2168 et
1114 2114 1443 2184 paucitatem
1484 2116 1763 2172 declarare
1812 2118 2014 2187 studet,

438 2203 525 2257 bis
555 2218 677 2272 quae
701 2202 818 2258 dixi
848 2204 1028 2258 verbis
1058 2212 1114 2260 et
1142 2204 1235 2259 illa
1264 2206 1429 2262 simul
1467 2207 1633 2274 mala,
1667 2217 1722 2263 et
1750 2225 1912 2265 suum
1946 2212 2016 2265 ob

437 2306 504 2347 ca
531 2303 785 2347 incestum
830 2293 1499 2365 defessumque‘animum
1536 2301 1734 2370 aperit.
1788 2301 2019 2374 Insuper

438 2385 571 2440 illud
614 2404 627 2441 :
664 2405 683 2438 ι
720 2386 861 2441 Νιιιιι
898 2388 1030 2457 quis
1084 2390 1236 2445 novit
1283 2407 1349 2445 an
1402 2408 1528 2447 eum
1572 2395 2017 2465 deprehensurus

433 2480 540 2533 sim
566 2480 649 2533 ‘5?
676 2498 695 2531 ι
719 2490 772 2535 et
792 2498 806 2535 :
826 2498 845 2531 ι
871 2480 1008 2547 Quis
1034 2483 1207 2549 novit,
1233 2494 1417 2539 utrum
1447 2488 1517 2541 sit
1545 2503 1865 2547 reversurus
1887 2492 1969 2547 “7
1992 2512 2011 2546 ι

438 2572 576 2637 liaac,
609 2573 855 2643 inquam,
886 2574 1206 2631 dubitanter
1234 2577 1401 2643 dicta,
1429 2578 1475 2634 si
1504 2579 1579 2634 ita
1618 2580 2015 2654 intelligantur,

438 2678 789 2733 nequaquam
831 2666 1156 2721 sententiam
1189 2667 1588 2737 obscurabunt,
1629 2673 1892 2744 nullaque
1917 2691 2018 2730 au-

435 2755 671 2809 ditorem
722 2757 1081 2825 ambiguitate
1132 2758 1400 2815 irretient.
1453 2760 1547 2816 Sin
1604 2766 1790 2820 eadem
1820 2782 1851 2821 a
1882 2782 2020 2836 prae-

432 2844 582 2898 dicta
618 2845 1016 2916 signiﬁcatione
1046 2848 1322 2915 recedent,
1349 2851 1677 2921 perplexitas
1709 2855 2017 2911 auditorem

433 2937 657 3000 obruet,
708 2939 984 2994 contraria
1037 2956 1264 3010 prorsus
1313 2941 1392 2996 illi
1456 2945 1857 3014 perspicuitati,
1897 2964 2021 3019 qua:

437 3038 600 3082 rectae
627 3029 1000 3098 intelligentia:
1030 3031 1244 3087 fructus
1286 3043 1392 3089 est.
1434 3035 1615 3105 Atque
1658 3038 1824 3108 hujus
1853 3056 2016 3097 voca-

441 3119 553 3174 buli
589 3136 673 3183 τις
703 3121 903 3175 multas
936 3123 1076 3178 alias
1125 3121 1467 3182 dilicrentias
1496 3144 1524 3181 ιι
1558 3144 1645 3183 me
1677 3133 2015 3199 praetermis-

441 3226 555 3275 sas,
602 3212 696 3282 qui
729 3213 963 3268 scrutari
996 3230 1187 3272 sacros
1225 3215 1420 3273 Libros
1476 3220 1731 3289 voluerit,
1771 3225 2018 3293 profecto

443 3304 707 3371 inveniet,
740 3322 878 3375 quas
907 3317 961 3362 et
1009 3308 1132 3364 aliis
1177 3312 1467 3367 ostendere
1494 3329 1601 3368 non
1638 3329 1798 3371 secus
1827 3330 1892 3371 ac
1918 3315 2018 3372 de-

442 3396 799 3466 prehendere,
834 3398 1091 3469 perfacile
1118 3404 1394 3472 negotium
1419 3413 1527 3460 cst.

513 3488 604 3543 29.
643 3487 761 3544 Non
815 3490 992 3546 solum
1047 3503 1232 3548 autem
1289 3496 1453 3551 unica
1505 3496 1781 3554 interdum
1839 3501 2020 3558 brevis

440 3578 611 3635 dictio
645 3579 932 3651 multiplici
962 3582 1272 3653 signiﬁcatu
1302 3586 1547 3654 praedita,
1581 3587 1851 3658 siquando
1874 3590 2020 3648 haud

440 3672 830 3728 convenienter
875 3673 1237 3744 intelligatur,
1289 3688 1527 3734 mentem
1557 3680 1721 3735 etiam
1766 3684 2022 3739 cordate-

442 3780 564 3819 rum
598 3764 882 3820 hominum
919 3767 1179 3823 obscurat
1206 3778 1372 3839 atque
1396 3773 1717 3839 conturbat;
1750 3776 1841 3830 sed
1873 3775 2021 3831 litte-

384 3928 389 3933 Ἰ
443 3857 579 3912 ιἰιίω
626 3872 851 3928 quoque
894 3858 1190 3926 aberratio,
1240 3862 1450 3918 additio
1493 3864 1578 3918 vel
1606 3863 1899 3933 detractio,
1934 3868 2020 3923 vel

443 3948 623 4004 dirum
673 3951 803 4022 quid
850 3951 1141 4022 aliquoties
1188 3953 1351 4024 parit,
1386 3954 1469 4009 vel
1520 3965 1666 4010 certe
1718 3957 2020 4015 absurdum

442 4042 584 4095 solet
624 4042 852 4097 edicere.
886 4043 1065 4113 Atque
1116 4052 1177 4098 ut
1225 4053 1421 4100 caetera
1470 4044 1691 4101 interim
1740 4048 2019 4116 omittam,

442 4133 488 4188 si
536 4135 663 4205 quis
721 4136 947 4190 verbum
994 4136 1194 4205 ἐκτησε
1242 4136 1402 4209 longa
1450 4139 1654 4210 syllaba
1710 4141 2019 4210 praeditum,

443 4226 589 4282 brevi
615 4229 821 4284 scribat
846 4228 1077 4300 (ἔκτισε)
1111 4239 1281 4301 atque
1329 4232 1400 4287 ita
1448 4231 1723 4303 intelligat
1757 4234 1811 4288 in
1843 4251 1906 4289 ea
1938 4236 2022 4289 lo-

441 4321 659 4377 tutione
698 4342 716 4375 ι
755 4322 1017 4378 Dominus
1043 4323 1245 4394 ἐκτησε
1275 4323 1491 4394 (nempe
1534 4328 1728 4380 creavit
1766 4343 1864 4397 pro
1896 4344 2021 4398 pos-

2104 468 2356 537 δηλώσει,
2395 469 2476 531 εἰς
2495 466 2647 521 οὐδὲν
2665 467 2723 520 δὲ
2751 468 2862 521 τῶν
2886 466 3389 538 προδιεσταλμένων
3417 464 3691 540 συνε[νε].

2105 559 2292 630 χθείη·
2326 560 2422 613 καὶ
2460 559 2783 629 ἀπαλλαγῆς
2830 558 2930 628 μὲν
2963 556 3243 628 ὲξαίτησιν
3290 557 3398 610 τῶν
3436 560 3691 627 συνεχόν-

2105 666 2235 713 των,
2273 648 2335 700 ού
2367 647 2473 719 μὴν
2501 647 2794 720 ἐρώτησιν,
2834 647 2959 700 οὐδὲ
2992 645 3438 718 προσδιορισμδν,
3474 646 3598 699 οὐδὲ
3627 647 3695 700 τὸ

2105 740 2379 811 ἀόριστον,
2411 740 2521 794 οὐδ’
2544 740 2886 812 ἐπιτίμησιν,
2914 738 3029 793 ἀλλ’
3055 739 3178 792 οὐδὲ
3205 738 3267 792 τὸ
3296 737 3544 802 σπάνιον,
3570 737 3690 791 ἀλλ’

2106 831 2228 885 οὐδὲ
2270 831 2646 903 εὐχαριστίαν,
2677 832 2712 904 ἢ
2753 832 3053 899 εὐτέλειαν,
3083 830 3207 885 οὐδὲ
3240 829 3425 901 θαῦμα
3457 830 3553 883 καὶ
3597 828 3692 881 Εκ-

2108 923 2306 995 πληξιν
2338 924 2672 997 ὑπογράφει.

2178 1015 2286 1087 κη’.
2320 1017 2393 1071 Σὺ
2441 1016 2500 1071 δέ
2550 1034 2643 1087 μοι
2706 1016 2931 1070 κάκεῖνο
2976 1013 3394 1087 προσεπιζήτει,
3422 1014 3504 1081 τὸ,
3540 1032 3561 1067 ι
3590 1010 3696 1077 Τίς

2109 1112 2383 1183 ἀπατήσει
2403 1110 2765 1183 τὸνἍχαάδς
2796 1127 2815 1162 ι
2848 1109 2993 1174 καὶ,‹
3018 1108 3152 1163 Τίνα
3172 1108 3488 1175 ἀποστελῶς
3514 1125 3536 1160 ι
3574 1107 3693 1171 καὶ,

2115 1203 2269 1266 ι-Τίς
2309 1200 2640 1273 πορεύσεται
2690 1201 2829 1271 πρὸς
2855 1199 2949 1253 τὸν
2979 1199 3137 1266 λαόν;
3171 1218 3191 1252 ι
3243 1198 3553 1253 Φαπασὶαν
3592 1199 3697 1269 μέν

2111 1310 2235 1347 τινα
2268 1292 2570 1364 παρέχεται
2598 1291 2674 1355 ὡς
2701 1290 2927 1346 δυνατὸν
2959 1291 3051 1359 ὑφ’
3093 1290 3152 1343 ἓν
3190 1291 3300 1343 τῶν
3346 1290 3699 1361 προδιευκρι-

2113 1385 2365 1457 νημένων
2394 1384 2693 1455 ἀναχθῆναι
2713 1400 2728 1415 °
2761 1384 2822 1437 ού
2849 1384 2958 1453 μήν
2989 1399 3054 1452 γε
3078 1381 3176 1435 καὶ
3199 1384 3266 1452 τῇ
3294 1380 3527 1452 ἀληθείᾳ
3554 1381 3701 1450 πάρ’

2114 1479 2233 1533 οδον
2272 1478 2539 1547 εὑρίσκει,
2597 1475 2735 1532 ἀλλὰ
2771 1474 3144 1546 προκλητικῆς
3180 1472 3381 1544 μᾶλλόν
3421 1474 3540 1525 ἐστι
3576 1470 3700 1525 δια-

2116 1569 2287 1634 νοίας,
2332 1569 2367 1641 ἢ
2420 1568 2607 1641 ἐτέρου
2638 1566 2783 1632 τινος
2814 1566 2986 1620 τύπον
3016 1563 3295 1629 διασώζει.
3332 1563 3408 1617 Τὸ
3428 1563 3506 1629 δὲ,
3547 1581 3569 1614 ι
3599 1563 3701 1625 Τίς

2116 1659 2228 1730 γάρ
2262 1675 2366 1729 μου
2398 1659 2432 1729 ή
2460 1657 2638 1728 ἰσχὺς,
2668 1657 2750 1710 ὅτι
2781 1655 3073 1727 damnive);
3109 1654 3142 1724 ἢ
3171 1654 3254 1716 τίς
3288 1670 3390 1725 μου
3418 1653 3447 1704 ὀ
3481 1651 3700 1723 χρόνος,

2114 1750 2196 1804 ὅτι
2242 1749 2542 1819 ἀνέχομαι;
2575 1766 2594 1799 ι
2650 1747 2768 1811 πῶς
2808 1748 2909 1818 οὐχ
2956 1745 3143 1814 ἕτερόν
3192 1762 3245 1799 τι
3292 1746 3704 1816 σημαινόμενον

2116 1841 2461 1912 ἐπιζητήσει,
2483 1840 2551 1894 δι’
2578 1833 2642 1894 οῦ
2661 1840 2722 1893 τὸ
2751 1838 2964 1892 ἐκείνου
2986 1836 3238 1910 βούλημα
3260 1836 3362 1890 ούκ
3383 1834 3701 1908 ὲξυὸρίσοις

2115 1934 2190 1986 To
2216 1932 2327 2004 7&9
2353 1931 2527 2004 βραχὺ
2577 1930 2675 1985 καὶ
2705 1932 2893 1985 ἄτονον
2937 1929 3035 1984 καὶ
3062 1928 3430 2000 ὀλιγοχρόνιον
3455 1927 3552 1981 τοῦ
3582 1927 3703 1997 βίου

2116 2026 2211 2081 καὶ
2235 2025 2337 2096 τῆς
2367 2023 2551 2097 ἰσχύος
2579 2026 2608 2078 ὀ
2639 2026 2706 2095 τῇ
2738 2022 3085 2093 ταλαιπωρίᾳ
3118 2020 3485 2093 ἐκτρυχωθείς
3512 2037 3704 2092 παρα-

2118 2117 2315 2188 στῆσαι
2343 2115 2649 2188 βουληθεὶς,
2689 2114 2781 2168 διὰ
2809 2113 3017 2168 τούτων
3063 2112 3172 2167 τῶν
3217 2113 3481 2185 ῥημάτων
3515 2111 3705 2165 ἐκεῖνά

2114 2228 2174 2264 τε
2205 2211 2324 2281 ἅμα
2370 2211 2466 2263 καὶ
2505 2208 2596 2262 τὸν
2626 2207 2717 2261 ἐπ’
2764 2206 2950 2270 αὐτοῖς
2984 2205 3387 2277 ὀλοφυρόμενον
3436 2204 3565 2258 νοῦν
3606 2204 3705 2257 καὶ

2117 2299 2459 2372 ἀπειρηκότα
2494 2297 2857 2353 ἀναπτύσσει.
2903 2295 3067 2349 Ἀλλά
3115 2295 3225 2367 7&9
3267 2294 3363 2349 καὶ
3407 2293 3490 2359 τὸ,
3543 2312 3564 2346 ι
3603 2293 3705 2357 Τίς

2117 2390 2228 2460 ἄρα
2256 2388 2445 2460 γνοίη,
2477 2388 2560 2441 ὅτι
2593 2386 2814 2459 εύροιμι
2845 2385 3039 2452 αύτόν;
3076 2404 3095 2437 ι
3131 2384 3223 2439 καί⁷
3250 2384 3334 2449 τὸ,
3368 2402 3387 2436 ι
3428 2382 3527 2448 Τίς
3556 2378 3705 2436 οἶδεν

2118 2481 2168 2533 εἰ
2199 2476 2555 2550 ἑπιστρέψοι;
2592 2495 2611 2530 ι
2657 2476 2798 2531 κατὰ
2825 2474 3148 2547 διαπόρησιν
3188 2473 3491 2545 εἰρημένα,
3525 2473 3574 2525 εἰ
3607 2470 3701 2525 οῦ·

2116 2586 2226 2633 τως
2256 2566 2655 2639 προσληφθείη,
2697 2564 2854 2619 οὐδὲν
2889 2565 2990 2635 μὲν
3019 2564 3120 2635 τὴν
3146 2563 3387 2618 διάνοιαν
3432 2562 3705 2633 ἀμαυρώ-

2120 2676 2224 2722 σει.
2256 2659 2336 2721 εἰς
2363 2656 2622 2727 οὐδεμίαν
2650 2656 2708 2709 δὲ
2742 2652 3078 2725 ἀμφιϐολίαν
3115 2654 3208 2706 τὸν
3231 2653 3511 2724 ἀκροατὴν
3541 2668 3705 2723 περι-

2117 2750 2307 2821 τρέψει
2328 2761 2344 2778 ⁶
2371 2747 2676 2803 ἐκπεσόντα
2721 2747 2779 2801 δὲ
2801 2747 2900 2818 τῆς
2924 2744 3186 2817 τοιαύτης
3217 2745 3517 2816 σημασίας,
3551 2743 3706 2797 οὐδὲν

2119 2842 2341 2897 ἔλαττον
2367 2840 2400 2911 ἢ
2436 2841 2572 2912 ὅπερ
2599 2838 2851 2893 ἐϐούλετο
2882 2837 3076 2909 δηλοῦν
3107 2837 3339 2908 ὀρθότης
3364 2836 3459 2891 τοῦ
3496 2852 3708 2906 σημαι-

2119 2934 2368 3005 νομένου,
2395 2932 2630 3003 ἀπορίας
2661 2929 2825 2984 αὐτὸν
2872 2929 3236 3001 ἀναπλήσσει.
3273 2928 3385 2982 Καὶ
3407 2928 3468 2982 ού
3498 2928 3707 2991 ταύτας

2128 3025 2310 3096 μόνον,
2337 3023 2474 3077 ἀλλὰ
2504 3024 2601 3077 καὶ
2635 3021 2838 3085 πολλὰς
2867 3021 3035 3085 ἄλλας
3057 3020 3322 3091 διαφορὰς
3348 3020 3449 3091 τῆς
3473 3037 3707 3091 προκει-

2130 3118 2299 3188 μένης
2354 3115 2539 3186 φωνῆς
2571 3114 3095 3187 παραλελειμμένας
3143 3115 3173 3167 ὀ
3224 3113 3553 3183 βουλόμενος
3606 3112 3711 3184 τὴν

2120 3209 2281 3278 ἱερὰν
2304 3207 2703 3278 ἀναλεγόμενος
2728 3206 2956 3279 Γραφὴν
2989 3204 3239 3274 εὑρήσει,
3270 3204 3336 3267 ἃς
3361 3203 3514 3256 ούδὲν
3545 3202 3713 3274 ἔργον

2124 3302 2247 3358 ούτε
2286 3302 2449 3358 αύτδν
2481 3301 2670 3357 λαόεῖν
2707 3299 2834 3354 ούτε
2862 3300 2977 3364 τοῖς
3008 3297 3196 3361 ἄλλοις
3226 3294 3560 3366 ἐκκαλύψαι.

2199 3499 2305 3554 κθ’.
2347 3497 2424 3552 Ού
2458 3496 2618 3569 μόνον
2644 3496 2703 3550 δὲ
2732 3495 2834 3567 μία
2862 3494 3007 3561 λέξις
3030 3495 3128 3549 καλ⁸
3151 3494 3275 3550 τότε
3302 3494 3530 3567 βραχεῖα
3564 3495 3715 3548 κατὰ.

2125 3591 2339 3645 πολλῶν
2368 3591 2467 3662 μὲν
2492 3587 2874 3659 ὑποκειμένων
2904 3587 3207 3660 φερομένη,
3230 3586 3292 3640 ού
3323 3588 3620 3658 προσφυῶς
3653 3587 3716 3641 δὲ

2125 3681 2700 3755 παραλαμϐανομένη,
2756 3680 2852 3733 τὸν
2904 3678 3029 3733 νοῦν
3082 3679 3193 3733 τῶν
3240 3678 3420 3748 ὀρθῶς
3472 3680 3715 3750 ἐχόντων

2125 3774 2371 3830 ὲπιθολοῖ
2424 3774 2519 3827 καὶ
2571 3774 2956 3845 διαταράττει,
3031 3770 3170 3827 ἀλλά
3222 3771 3319 3825 καὶ
3380 3772 3717 3842 γράμματος

2126 3864 2453 3938 παραλλαγὴ
2475 3904 2488 3924 .
2519 3863 2552 3934 ἢ
2582 3863 2879 3935 πρόσθεσις
2909 3864 3006 3917 καὶ
3040 3863 3334 3934 ἀφαίρεσις
3355 3902 3371 3927 ,
3423 3863 3474 3915 εἰ
3502 3862 3597 3916 καὶ
3634 3862 3717 3933 μῆ

2128 3959 2363 4033 χαλεπὸν
2385 3957 2785 4020 ἀποσκευάσαι,
2802 3958 2953 4026 ὅμως
2974 3955 3177 4009 ἄτοπόν
3200 3972 3254 4008 τι
3278 3955 3526 4025 ἁπαντᾷν
3550 3954 3716 4008 εἴωθε

2128 4050 2593 4129 παρασκευάζειν.
2653 4050 2765 4103 Καὶ
2811 4050 2899 4103 ἴνα
2948 4048 3045 4103 νῦν
3087 4050 3235 4103 ἐάσω
3262 4047 3333 4102 τά
3363 4048 3522 4113 ἄλλα,
3573 4047 3716 4101 ἀλλὰ

2126 4146 2236 4216 7&9
2288 4146 2385 4198 καὶ
2436 4144 2498 4197 τδ
2525 4144 2790 4208 ἐκτησεν
2822 4141 2875 4195 εῐ
2920 4159 3007 4207 τις
3060 4142 3436 4213 μηκυνόμενον
3482 4138 3571 4193 διά
3614 4139 3714 4192 τοῦ

2129 4235 2537 4308 βραχυνομένου
2587 4234 2698 4305 (21)
2737 4235 2830 4289 καὶ
2860 4235 3092 4306 γράψειε
3122 4234 3220 4288 καὶ
3246 4235 3490 4305 νοήσειεν
3519 4233 3580 4285 ὲν
3611 4231 3714 4301 τῷ,

2135 4347 2154 4381 ι
2189 4327 2393 4401 Κύριος
2444 4326 2643 4397 ἔκτησέ
2694 4343 2761 4396 με
2805 4327 2983 4397 ἀρχὴν
3009 4325 3147 4379 ὀδῶν
3180 4323 3330 4398 [cod.
3366 4321 3510 4395 ὁδὸν]
3542 4322 3715 4376 αύτοῦ
3821 4314 3827 4319 ’

442 4414 602 4482 sedit)
633 4430 720 4470 me
742 4414 956 4470 initium
980 4417 1188 4470 viarum
1225 4432 1448 4472 suarum
1476 4417 1543 4472 ad
1568 4434 1733 4488 opera
1767 4434 1867 4474 sua
1890 4420 1937 4452 "
1957 4465 1969 4487 ,
1998 4440 2016 4474 ι

2127 4422 2208 4484 εἰς
2235 4418 2373 4491 ἔργα
2400 4417 2595 4472 αὐτοῦ·
2634 4412 2652 4469 ὁ
2682 4413 2799 4470 εἶτα
2825 4418 2963 4489 πρὸς
2985 4418 3085 4489 τὴν
3108 4416 3204 4471 τοῦ
3242 4416 3452 4488 Ἀρείου
3482 4413 3717 4485 γνώμην

443 4505 641 4562 deinde
670 4506 735 4561 ad
775 4506 889 4560 Arii
934 4508 1263 4562 sententiam
1310 4508 1566 4575 inclinet;
1605 4508 1653 4564 is
1687 4520 1881 4565 contra
1922 4511 2019 4566 lilii

441 4598 776 4654 divinitatem
835 4598 1072 4669 linguam
1133 4608 1314 4653 acuet.
1378 4598 1480 4654 Sed
1543 4600 1658 4653 Arii
1715 4602 2018 4657 saevitatem

445 4690 797 4751 multifariam
845 4689 1099 4744 insectari
1147 4698 1201 4744 et
1253 4704 1551 4759 coarguere
1602 4705 1835 4760 pronum
1885 4702 2016 4749 est:

446 4786 745 4852 praesertim
781 4785 910 4855 quia
945 4785 1171 4841 verbum
1206 4785 1427 4855 ἐκτησε,
1458 4784 1603 4840 haud
1649 4801 1747 4856 per
1792 4786 1900 4841 iota
1931 4788 2021 4842 lit-

447 4883 629 4927 teram.
663 4876 756 4929 sed
790 4891 887 4945 per
925 4885 1013 4931 eta
1060 4876 1530 4947 pronuntiandum
1563 4877 1607 4933 si
1637 4878 1761 4948 quis
1788 4878 2023 4934 demon-

446 4974 602 5029 stret,
638 4966 687 5021 is
718 4968 1006 5037 loquacem
1044 4968 1311 5023 hzereticaa
1341 4969 1615 5039 superbiae
1639 4968 1926 5023 audaciam
1955 4968 2023 5023 ad

445 5055 725 5111 silentium
764 5066 921 5126 turpe
954 5059 1259 5128 compellet.
1295 5058 1431 5114 Nam
1472 5060 1696 5115 verbum
1734 5060 1837 5116 hoc
1865 5061 2022 5131 longa

424 5147 629 5221 littera
665 5146 963 5215 prolatum,
1011 5149 1161 5203 nullo
1208 5152 1369 5205 modo
1424 5162 1677 5206 naturam
1720 5151 2021 5215 imminuit,

428 5254 623 5313 ‘neque
649 5240 789 5293 intra
826 5240 1094 5295 minorem
1126 5243 1409 5297 modulum
1442 5255 1705 5311 coarctat,
1742 5259 1922 5316 neque
1956 5243 2025 5298 ad

2126 4512 2431 4579 ἀποκλίνοι,
2447 4510 2591 4565 κατὰ
2619 4510 2718 4580 τῆς
2750 4509 2846 4563 τοῦ
2878 4510 3011 4563 Υἱοῦ
3040 4509 3297 4579 θεότητος
3329 4508 3430 4580 τήν
3458 4506 3718 4576 γλῶσσαν

2126 4605 2338 4670 ὀξύνοιο
2390 4598 2452 4659 οὗ
2488 4604 2549 4658 τὸ
2579 4604 2865 4675 δύσφημον
2899 4602 3185 4673 πολλαχῶς
3240 4602 3341 4673 μὲν
3385 4600 3717 4674 ὲρῤαπίζειν

2127 4693 2225 4747 xal.
2256 4692 2556 4762 διελέγχειν
2589 4693 2744 4763 ῥᾷον,
2778 4691 2890 4745 ἀλλ’
2939 4692 3095 4745 οὐδὲν
3124 4691 3347 4745 ἔλαττον
3382 4690 3477 4744 καὶ
3532 4691 3619 4744 ὅτι
3656 4693 3719 4743 τὸ

2129 4780 2396 4848 ἕκτησεν
2423 4781 2485 4833 ού
2512 4781 2611 4850 τῆς
2639 4780 2728 4834 διὰ
2755 4779 2850 4833 τοῦ
2877 4780 3011 4833 ἰῶτα
3040 4780 3330 4851 γραμμῆς,
3369 4779 3459 4834 διὰ
3508 4779 3568 4833 δὲ
3616 4782 3719 4850 τῆς

2127 4871 2222 4927 τοῦ
2260 4868 2368 4943 ἦτα
2400 4873 2811 4944 προφερόμενον
2857 4873 2886 4926 ὀ
2932 4873 3255 4936 ὑποδεικνὺς
3285 4870 3715 4933 ἀνακαλύπτων,

2125 4968 2204 5029 εἰς
2232 4964 2391 5036 σιγὴν
2414 4965 2679 5035 αἰσχύνης
2710 4964 2805 5017 τοῦ
2839 4964 3121 5036 αἰρετικοῦ
3154 4964 3505 5035 φρονήματος
3539 4962 3601 5016 τὸ
3627 4962 3720 5015 λά·

2125 5059 2217 5111 λον
2261 5056 2464 5128 θράσος
2500 5055 2820 5109 συνελάσειο
2870 5056 2904 5126 ἡ
2947 5056 3057 5126 γάρ
3110 5054 3249 5126 μετὰ
3293 5054 3387 5108 τοῦ
3448 5052 3718 5124 μεγέθους

2132 5146 2398 5218 προϊοῦσα
2444 5146 2588 5212 λέξις
2630 5146 2731 5199 ούκ
2777 5146 2991 5199 ἐλαττοῖ
3035 5147 3135 5217 τὴν
3165 5145 3350 5215 φύσιν,
3387 5143 3448 5197 ού
3476 5144 3583 5212 μὲν
3621 5139 3719 5197 οῦν

2135 5242 2256 5296 οὑδὲ
2285 5240 2565 5294 συστέλλει
2592 5240 2731 5311 πρὸς
2761 5238 2822 5291 τὸ
2848 5238 3208 5311 βραχύτερον,
3240 5237 3364 5292 ούδὲ
3404 5239 3483 5301 εἰς
3507 5236 3717 5306 κτίσμα

517 5376 563 5448 ‘_’
599 5373 664 5427 Ill
696 5374 827 5446 Reg.
874 5392 1009 5448 xatt,
1039 5377 1129 5434 20.
1206 5380 1273 5411 “‘
1305 5377 1409 5435 lsa.
1435 5395 1510 5448 VI,
1544 5381 1598 5436 8.
1694 5380 1739 5412 “
1771 5379 1976 5437 Jerem.
2008 5396 2016 5434 :

2126 5380 2178 5433 5.
2272 5379 2319 5413 “
2350 5377 2452 5436 Job
2482 5395 2557 5445 vr,
2595 5380 2682 5434 il.
2725 5378 2770 5409 “
2797 5375 2904 5433 Job
2943 5392 3102 5444 χχιιι,
3149 5378 3204 5431 5.
3298 5377 3343 5408 “
3381 5373 3508 5432 Jon.
3542 5391 3631 5442 tu,
3660 5374 3711 5434 9-

1953 5518 2187 5577 NOTAE.

446 5445 494 5479 “’
517 5443 682 5501 Prov.
713 5443 835 5514 vnit,
867 5447 959 5503 29..

524 5664 636 5737 (2|)
670 5663 807 5721 llinc
868 5666 1249 5737 cognoscimus
1300 5663 1553 5737 Pliotium
1586 5663 2028 5737 pronuntiavisse

449 5735 611 5792 unico
632 5753 767 5792 sono
836 5735 956 5792 tam
982 5747 1065 5791 eta
1093 5753 1254 5808 quam
1286 5737 1414 5791 iota.
1443 5735 1518 5793 De
1542 5752 1600 5791 re
1627 5736 1821 5809 legcsis
1842 5735 2031 5807 dispu-

2136 5673 2340 5719 tantem
2406 5660 2765 5717 Villoisonum
2806 5658 3021 5725 Proleg.
3077 5658 3145 5713 ad
3196 5656 3418 5715 Homer.
3466 5660 3719 5730 p.1v,¢t

2135 5734 2386 5790 Auecdot.
2420 5732 2514 5790 Gr.
2558 5742 2691 5791 tom.
2718 5730 2785 5799 ιι,
2812 5746 2864 5802 p.
2910 5730 3012 5786 liti
3039 5745 3193 5803 seqq.
