3916 6192
184 295 265 362 85
1225 299 1327 359 AD
1354 297 1783 360 AMPIIILOCU

1895 297 1951 357 Μ
1980 293 2328 369 ΟυίΕΞῚῚΟ
2357 295 2405 355 Ι.
3397 288 3468 353 86

176 413 287 484 τὴν
315 412 573 467 άκτιστον
617 412 808 469 οὐσίαν
836 412 1102 484 κατάγει’
1151 415 1229 486 μή
1287 433 1342 470 τι
1383 414 1650 487 γένηται·
1694 417 1775 469 οἱ·

1888 426 2148 471 creatura:
2172 413 2546 470 conditionem
2584 410 2949 468 substantiam
2982 410 3284 466 inereatam
3324 410 3469 466 redi-

180 504 413 558 κείωσιν
467 504 525 558 δὲ
582 505 786 576 μᾶλλον
833 506 931 559 καὶ
972 505 1280 578 πρόσληψιν
1333 506 1429 561 καὶ
1488 506 1779 560 κοινωνίαν

180 596 298 649 τῶν
338 596 596 666 ὁμοφυῶν
624 596 841 669 Πατρδς
882 592 1192 669 ὑπογράφει
1237 598 1332 654 καὶ
1364 598 1520 654 Υίοῦ.
1566 596 1624 652 ⁸0
1670 598 1779 670 γάρ

180 686 492 753 διαστατῶς
517 690 800 762 πανταχοῦ
833 689 1010 746 συνὼν
1039 690 1117 763 τῷ
1138 692 1302 763 γεννή
1314 709 1447 762 ματι
1473 691 1775 763 γεννήτωρ,

182 784 287 837 καὶ
311 784 476 855 μηδὲν
500 784 778 855 ἀπότομον
798 787 894 840 καὶ
924 786 1257 859 διῃρημένον
1277 787 1378 857 τῆς
1411 785 1622 839 ἐκείνου
1655 783 1781 856 βου-

181 873 291 945 λῆς
319 877 415 930 καὶ
444 874 676 948 γνώμης
705 879 849 932 κατά
875 878 1244 950 δημιουργίαν
1293 876 1430 951 μηδὲ
1474 880 1620 932 κατὰ
1647 876 1781 950 πρό-

181 984 344 1021 νοιαν
376 971 659 1041 πράττων,
683 969 844 1042 δῆλον
875 972 956 1026 ὅτι
988 971 1109 1043 μετ’
1131 968 1459 1035 οἰκειώσεως
1492 972 1585 1023 καὶ
1608 987 1780 1042 προσ-

181 1057 406 1130 λήψεως
440 1060 549 1115 τῶν
597 1061 984 1135 βουλευμάτων
1024 1065 1133 1119 τῶν
1188 1064 1281 1119 τοῦ
1319 1065 1454 1119 Υίοῦ
1496 1065 1677 1120 πάντα
1714 1066 1780 1121 ἂν

182 1151 288 1204 καὶ
335 1152 646 1224 προαγάγοι
676 1154 774 1209 καὶ
810 1156 1068 1227 προνοίας
1091 1156 1320 1229 ἀξιώσῃ.
1345 1149 1441 1222 Οἷς
1465 1156 1574 1228 γάρ
1600 1158 1780 1229 ἀπαρ-

178 1242 459 1299 άλλακτον
496 1248 590 1301 καὶ
631 1249 812 1303 κοινὸν
861 1249 922 1303 τὸ
959 1249 1182 1320 ἀξίωμα
1223 1252 1319 1304 καὶ
1376 1250 1411 1321 ἡ
1454 1250 1620 1320 φύσις
1682 1249 1781 1304 καὶ

179 1337 433 1405 ἐξουσία,
476 1339 692 1406 τούτοις
736 1340 981 1413 δηλονότι
1034 1342 1129 1396 καὶ
1176 1342 1240 1396 τὸ
1279 1342 1637 1414 δημιουργεῖν
1684 1341 1782 1396 καὶ

180 1432 482 1502 προάγειν.
514 1433 811 1507 άμέριστόν
839 1453 899 1489 τε
938 1435 1035 1490 καὶ
1069 1435 1417 1497 ἀδιάστατον.
1444 1435 1540 1489 καὶ
1564 1435 1780 1505 παραλ-

181 1518 369 1622 λαγὴν
396 1523 498 1594 τῆς
518 1523 747 1622 γνώμης
778 1526 841 1580 οὐ
868 1528 1035 1599 φέρον
1062 1526 1340 1598 ούδεμίαν.
1363 1528 1430 1581 Ὀ
1456 1529 1551 1582 καὶ⁴
1570 1529 1605 1600 ἠ
1636 1544 1781 1599 παρ-

180 1615 334 1681 οῦσα
358 1615 914 1689 συνεπιμαρτύρηται
933 1619 1093 1690 ῥῆσις
1112 1636 1126 1650 ο
1142 1617 1236 1673 ἐπί
1257 1635 1318 1673 τε
1345 1618 1454 1690 γὰρ
1477 1622 1545 1691 τῇ
1575 1636 1784 1691 κοσμο-

180 1708 384 1782 γενείᾳ
408 1709 505 1764 τοῦ
532 1711 759 1778 παντὸς,
792 1712 891 1766 καὶ
933 1712 1026 1766 ἐπὶ
1063 1714 1130 1784 τῇ
1158 1712 1501 1767 άνακαινίσει
1544 1712 1640 1766 καὶ
1669 1729 1777 1767 σω-

178 1802 361 1873 τηρίᾳ
401 1802 499 1857 τοῦ
530 1804 1043 1876 παρολισθήσαντος
1076 1805 1237 1877 ἡμῶν
1268 1807 1460 1874 γένους
1486 1805 1581 1859 καὶ
1612 1824 1783 1860 κατα-

180 1895 452 1960 πεσόντος
482 1898 563 1961 είς
588 1897 902 1970 συντριϐὴν,
934 1897 1124 1971 κοινὴν
1166 1898 1265 1952 καλ⁸
1292 1898 1391 1970 τὴν
1416 1897 1782 1971 δημιουργίαν

178 1982 447 2043 εἶναικαὶ
472 1990 572 2062 τὴν
600 1990 860 2061 πρόνοιαν
886 1991 1104 2062 Πατρδς
1137 1991 1231 2044 καὶ
1261 1989 1395 2044 Υίοῦ
1428 1990 1740 2045 ἐκδιδάσκει
1761 2007 1777 2022 ·

174 2076 213 2147 ἦ
244 2093 313 2131 τε
344 2078 455 2151 γάρ
482 2080 592 2133 τῶν
624 2079 761 2135 ὅλων
796 2084 861 2136 ὲκ
896 2081 972 2154 μὴ
1000 2083 1170 2137 ὄντων
1198 2082 1447 2155 πρόοδος,
1481 2084 1575 2137 καὶ
1603 2084 1635 2154 η
1679 2086 1779 2155 τῆς

172 2169 468 2241 ⁴ἡμετέρας
500 2169 720 2240 φύσεως
751 2174 833 2237 εἰς
864 2172 926 2226 τὸ
961 2175 1145 2246 χεῖρον
1173 2173 1556 2245 ἀπονευσάσης
1582 2174 1676 2228 ἐπὶ
1714 2174 1775 2228 τὸ

175 2259 416 2330 ἄμεινον
446 2264 753 2335 ἀνάκτησις
775 2265 872 2319 καὶ
898 2265 1226 2339 ἐπιστροφὴ,
1259 2265 1419 2337 δῆλον
1449 2268 1532 2321 ὅτι
1555 2267 1653 2339 τῆς
1680 2266 1775 2321 τοῦ

176 2350 404 2421 Πατρὸς
438 2352 534 2405 καὶ
561 2353 657 2406 τοῦ
688 2354 821 2408 Υίοῦ
851 2356 948 2410 καὶ
980 2356 1301 2426 Πνεύματός
1347 2357 1465 2410 ἐστι
1508 2356 1776 2429 δημιουρ-

184 2442 313 2510 ria;
344 2444 440 2497 καὶ
474 2444 769 2516 προνοίας·
796 2446 915 2502 ἀλλ’
945 2449 979 2520 η
1029 2449 1130 2519 μὲν
1169 2450 1235 2503 ὲκ
1262 2448 1358 2503 τοῦ
1387 2448 1776 2504 συστέλλεσθαι

175 2534 281 2588 καὶ
317 2537 661 2607 μηκύνεσθαι
693 2541 906 2612 γραφὴ,
953 2540 1031 2605 ὡς
1071 2540 1166 2595 ἐπὶ
1211 2541 1661 2613 παραδείγματος
1698 2543 1776 2595 εί-

177 2627 336 2691 πεῖν,
361 2629 464 2699 τὴν
490 2628 727 2702 ἀπορίαν
756 2631 931 2697 οὕτως
958 2632 1333 2698 διασκεδάζει.
1369 2633 1649 2698 Ὡσαύτως
1679 2635 1777 2688 καλ⁸

176 2716 242 2770 τδ
272 2716 620 2789 ἐγέννησεν
653 2724 947 2794 ἀφαίρεσιν
1005 2725 1108 2797 μὲν
1156 2726 1217 2793 ἐξ
1273 2726 1569 2796 ἐπιϐουλῆς
1622 2726 1655 2797 ἢ
1719 2726 1778 2794 ἐξ

175 2809 413 2878 ἀγνοίας
460 2814 556 2869 τοῦ
602 2815 722 2879 ἑνὸς
760 2834 791 2871 ν
826 2818 1133 2885 πεπονθὸς,
1182 2819 1504 2889 κτισμάτων
1541 2817 1780 2890 ὓπαρξιν

177 2902 475 2974 ἐπεισάγει
497 2922 510 2935 ο
539 2907 707 2963 λαϐὸν
735 2910 793 2964 δὲ
826 2910 889 2964 τὸ
917 2911 1240 2982 ἀφαιρεθὲν,
1275 2912 1416 2985 πρὸς
1447 2911 1509 2966 τὸ
1534 2912 1779 2983 ὁμοφυές

184 3012 248 3048 τε
306 3000 402 3051 καὶ
445 3000 735 3067 ὀμοούσιον
780 3003 1141 3059 κατευθύνεν
1182 3005 1276 3061 καὶ
1322 3004 1495 3060 πολλὰ
1538 3004 1596 3059 δὲ
1642 3004 1777 3059 ἄλλα

1881 510 1993 581 git;
2034 509 2181 580 quod
2221 506 2401 576 absit;
2447 505 2544 563 sed
2588 504 3051 561 necessitudinem
3083 503 3271 575 potius
3299 513 3353 558 et
3378 518 3469 558 so-

1881 602 2134 657 cietatem
2191 598 2753 666 communionemque
2803 595 2971 650 unita}
3009 603 3223 649 natura;
3278 592 3469 647 Patris

1881 690 2118 761 Filiique
2147 688 2431 745 describit.
2463 685 2569 753 Qui
2591 688 2739 741 enim
2770 684 3028 741 distincte
3053 683 3219 738 simul
3251 681 3471 738 exsistit

1879 799 2004 839 cum
2035 783 2218 855 genito
2245 783 2481 853 genitor,
2507 778 2755 849 nihilque
2776 784 3086 847 separatum
3110 783 3205 830 aut
3229 774 3468 829 divisum

1882 878 1951 932 ab
1984 878 2106 948 ejus
2137 876 2421 931 voluntate
2459 890 2525 931 ac
2567 883 2749 928 mente
2778 872 2832 926 in
2860 869 3160 925 creationis
3190 884 3256 924 ac
3286 869 3471 939 provi-

1880 970 2079 1026 (lentia:
2120 984 2285 1039 opere
2332 966 2484 1033 facit,
2534 966 2682 1021 hunc
2727 972 2874 1035 patet
2915 961 3033 1019 fore
3088 971 3147 1017 ut
3210 976 3319 1016 non
3352 960 3472 1016 sine

1881 1061 2180 1133 coniuncto
2208 1060 2472 1131 socioque
2489 1059 2611 1115 Filii
2630 1057 2863 1113 consilio
2892 1057 3078 1111 omnia
3110 1054 3383 1126 producat
3407 1069 3471 1109 ac

1882 1154 2226 1228 providentia
2274 1153 2549 1222 dignetur.
2603 1150 2818 1219 Quibus
2870 1150 3017 1205 enim
3072 1147 3272 1204 similis
3328 1148 3472 1202 inest

1883 1247 2313 1317 communisque
2358 1244 2617 1313 dignitas,
2650 1252 2845 1298 natura
2871 1250 2927 1296 et
2964 1249 3228 1311 potestas,
3263 1238 3349 1295 his
3382 1239 3472 1292 ni-

1884 1342 2085 1397 mirum
2124 1351 2315 1393 creare
2367 1335 2531 1391 etiam
2589 1343 2643 1389 et
2689 1333 2929 1389 condere
2962 1328 3330 1400 inseparabile
3367 1328 3474 1382 erit

1884 1440 2051 1502 atque
2085 1427 2490 1490 indistinctum,
2550 1439 2725 1494 neque
2769 1423 2880 1479 ulla
2930 1420 3147 1477 consilii
3196 1418 3473 1474 dissensio

1883 1522 2098 1580 accidet
2132 1538 2149 1577 :
2190 1518 2242 1575 id
2279 1517 2427 1590 quod
2472 1531 2716 1589 praesens
2764 1515 2930 1571 etiam
2972 1521 3208 1569 testatur
3240 1510 3469 1567 locutio.

1884 1616 2019 1672 Nam
2049 1614 2165 1671 sive
2188 1613 2244 1667 in
2278 1609 2521 1667 universi
2552 1609 2857 1672 creatione,
2893 1608 3009 1662 sive
3037 1607 3093 1661 in
3123 1605 3264 1676 lapsi
3293 1602 3471 1660 nostri

1890 1708 2106 1782 generis
2136 1706 2383 1777 atquein
2416 1702 2712 1774 perniciem
2755 1700 2970 1756 decidui
3012 1697 3370 1753 renovatione
3408 1711 3474 1750 ac

1888 1797 2284 1869 redemptione,
2312 1809 2659 1851 communem
2700 1807 2822 1847 esse
2850 1791 3011 1845 docet
3038 1788 3187 1843 Patri
3221 1786 3473 1857 Filioque

1888 1894 2225 1949 creationem
2275 1903 2341 1943 ac
2384 1884 2811 1958 providentiam.
2854 1881 2990 1937 Nam
3034 1889 3090 1935 et
3132 1879 3376 1935 universi
3404 1894 3472 1933 ex

1886 1983 2063 2040 nihilo
2099 1981 2305 2045 exitus,
2334 1987 2389 2033 et
2430 1985 2639 2032 naturae
2689 1983 2892 2029 nostra:
2948 1972 3211 2027 deorsum
3268 1984 3367 2041 per
3413 1984 3473 2023 se

1888 2076 2100 2133 ruentis
2139 2071 2462 2130 instauratio
2492 2086 2556 2124 ac
2585 2067 2878 2138 reparatio,
2915 2065 2966 2120 id
2997 2079 3183 2129 omne,
3220 2063 3470 2132 inquam,

1885 2185 1914 2225 a
1945 2166 2123 2223 Patris
2156 2175 2210 2221 et
2237 2163 2357 2218 Filii
2393 2173 2448 2217 et
2473 2160 2709 2231 Spiritus
2739 2156 3017 2214 creatione
3045 2152 3313 2225 procedit.
3328 2150 3469 2206 Tum

1884 2273 2016 2314 vero
2044 2256 2229 2311 brevis
2262 2262 2357 2308 aut
2394 2252 2557 2321 longa
2594 2250 2886 2317 scriptura:
2928 2247 3203 2318 praedicta:
3245 2245 3469 2316 positio,

1883 2362 1945 2407 ut
1978 2349 2032 2405 id
2066 2347 2301 2418 exempli
2353 2345 2526 2401 instar
2577 2343 2668 2407 sit,
2705 2341 3118 2411 ambiguitatem
3165 2340 3274 2394 hoc
3307 2336 3472 2392 modo

1883 2445 2139 2515 dissipat.
2171 2440 2437 2497 Similiter
2468 2436 2693 2491 verbum
2742 2435 3058 2503 ἐγέννησεν,
3098 2432 3144 2488 si
3188 2431 3354 2486 unius
3386 2432 3472 2484 lit-

1883 2548 2015 2592 tera:
2066 2553 2095 2589 ν
2151 2533 2369 2589 inscitia
2426 2528 2511 2586 vel
2564 2540 2690 2582 asm
2743 2527 3137 2583 detrimentum
3203 2524 3470 2595 patiatur,

1882 2638 2121 2686 creatam
2151 2634 2402 2681 naturam
2423 2623 2641 2678 asserit.
2670 2620 3057 2675 Verumtamen
3082 2616 3126 2672 sl
3149 2631 3269 2687 qute
3293 2615 3472 2670 ablata

1879 2726 2059 2781 fuerat
2090 2723 2268 2777 littera
2301 2726 2637 2779 resumatur,
2681 2716 2835 2768 unita
2867 2722 2922 2767 et
2967 2707 3473 2767 consubstantialis

1881 2827 2078 2874 natura
2116 2820 2427 2868 revocatur.
2458 2808 2625 2863 Multa
2668 2808 2774 2861 alia
2804 2806 2920 2861 sive
2953 2805 3007 2859 in
3051 2802 3301 2875 profanis
3330 2802 3473 2856 scri-

1882 2911 1991 2981 ptis
2036 2908 2152 2963 sive
2187 2906 2242 2960 iu
2283 2903 2456 2959 sacris
2507 2900 2713 2956 nostris
2769 2897 3012 2952 oraculis
3061 2893 3476 2965 deprehendere

1881 3004 2030 3065 licet,
2064 3011 2188 3069 quae
2219 2994 2323 3049 sub
2350 2991 2599 3047 eamdem
2636 2985 3142 3044 considerationem
3174 2984 3400 3038 cadunt.

190 3089 342 3155 κατά
380 3108 441 3144 τε
482 3093 608 3156 τοὺς
661 3093 767 3159 ἔξω
814 3094 1009 3164 λόγους
1052 3095 1157 3152 κάν
1201 3098 1315 3162 τοῖς
1361 3096 1528 3169 ῑεροῖς
1570 3095 1627 3150 δὲ
1677 3096 1773 3152 καὶ
1803 3092 2095 3168 ἡμετέροις
2112 3086 2383 3160 χρησμοῖς
2408 3079 2687 3153 φωράσειὲ
2740 3095 2828 3142 τις
2880 3072 2961 3141 είς
2988 3078 2995 3081 ι
3021 3076 3120 3148 τὴν
3148 3074 3319 3147 αὐτὴν
3340 3075 3476 3129 ἀνα-

182 3185 466 3256 φερόμενα
496 3184 707 3256 σκέψιν.

256 3252 329 3332 λ’.
375 3278 451 3332 Οὐ
485 3252 647 3349 μόνον
696 3277 756 3332 δὲ
801 3276 1136 3351 γράμματος
1179 3278 1299 3344 ὲνδς
1347 3278 1648 3351 πρόσθεσις
1685 3277 1782 3333 καὶ

1955 3268 2049 3325 50.
2082 3264 2271 3334 Neque
2325 3276 2457 3317 vero
2503 3259 2672 3314 unius
2721 3254 3105 3313 tantummodo
3156 3252 3349 3310 littera:
3379 3257 3480 3310 ad-

185 3370 489 3442 ἀφαίρεσις
533 3369 680 3425 οὕτω
729 3371 944 3425 πολλῶν
993 3372 1343 3444 πραγμάτων
1395 3372 1785 3444 καταστροφὴν

187 3468 287 3517 καὶ
320 3462 613 3518 ἀλλοίωσιν
658 3465 1066 3537 ἀπεργάζεται,
1114 3464 1253 3520 ἀλλά
1300 3466 1396 3519 καὶ
1440 3466 1596 3519 τόνου
1640 3463 1784 3537 χρῆ-

192 3556 278 3621 σις
306 3554 421 3626 (‘22)
446 3556 547 3609 οὐκ
583 3554 874 3627 εὔκαιρος,
910 3544 971 3611 τό
1002 3575 1063 3611 τε
1093 3557 1248 3630 ῥῆμα
1274 3556 1393 3611 ἀνθ’
1427 3557 1640 3627 ἐτέρου,
1662 3555 1786 3610 καί-

188 3662 275 3699 τοι
322 3645 426 3716 τῆς
474 3646 697 3718 γραφῆς
737 3644 1103 3700 άναλλοιώτου
1156 3645 1426 3717 μενούσης
1468 3644 1787 3717 παρέδειξεν

190 3739 407 3811 ἕτερον,
434 3740 530 3793 καὶ
554 3739 636 3802 είς
665 3739 851 3810 νόημα
880 3737 1172 3802 παντελῶς
1201 3736 1636 3809 άλλοτριώτατον
1694 3737 1786 3790 τὸν

190 3831 323 3885 νοῦν
352 3834 729 3903 ἑκτοπήσασα,
756 3832 790 3903 ἢ
821 3831 1057 3903 δυσσεϐῆ
1086 3829 1246 3896 δόξαν
1278 3829 1313 3902 ῆ
1342 3828 1652 3900 γελώμενον
1685 3827 1789 3898 λῆ-

195 3942 293 3996 ρον
329 3928 612 3995 συνήγαγε
632 3941 647 3956 ’
705 3925 760 3979 τί
788 3924 846 3979 δὲ
875 3924 1022 3993 λέγω
1050 3923 1388 3993 γράμματα;
1421 3922 1557 3975 ὅπου
1591 3936 1656 3989 γε
1694 3919 1789 3973 καὶ

194 4020 332 4073 mare
358 4019 421 4072 τὸ
446 4020 666 4073 πάντων
696 4016 1038 4091 βραχύτατον
1064 4018 1098 4088 ὴ
1134 4014 1340 4086 στιγμὴ
1370 4014 1787 4085 κακουργούμε-

193 4122 288 4159 νον
321 4106 354 4177 ἢ
383 4105 800 4178 παρορώμενον,
836 4107 933 4160 καὶ
972 4106 1072 4176 τῆς
1119 4104 1329 4168 οἰκείας
1365 4102 1789 4176 μετατιθέμενοι)

193 4194 430 4267 λήξεως,
462 4197 820 4262 παντοδαπὰς
868 4198 969 4267 μὲν
1000 4197 1095 4251 καὶ
1127 4195 1370 4268 μεγάλας
1403 4195 1646 4266 αἱρέσεις
1684 4195 1791 4249 άπ-

198 4291 389 4343 ἐτεκεν
411 4306 425 4320 ·
454 4290 707 4361 ἀφρόνων
756 4289 815 4343 δὲ
843 4288 1014 4343 πολὺν
1043 4290 1238 4361 χρόνον
1274 4286 1626 4357 κατενεμήθη
1658 4303 1791 4358 φρο-

197 4386 443 4455 νήματα,
488 4383 587 4437 καὶ
623 4384 739 4448 τοῖς
764 4380 1085 4437 εὐσεϐοῦσιν
1128 4380 1271 4435 ὥστε
1312 4376 1686 4452 θριαμϐεῦσαι
1722 4377 1791 4433 τά

197 4477 300 4547 τῆς
330 4475 652 4540 δυσσεϐείας
676 4476 947 4548 δόγματα,
989 4475 1179 4547 μακρά
1210 4472 1456 4546 παρέσχε
1492 4470 1562 4525 τά
1590 4470 1792 4540 ἀγωνί-

200 4586 415 4640 σματα.
445 4570 678 4634 Αὐτίκα,
714 4569 804 4623 ἴνα
826 4568 896 4623 τά
921 4568 1060 4624 ἄλλα
1103 4565 1288 4638 παρῶ,
1317 4568 1346 4619 ὁ
1378 4565 1673 4637 μετάρσιος
1700 4564 1793 4618 άν-

1887 3360 2063 3434 jcctio
2098 3357 2183 3412 vel
2219 3352 2532 3417 subductio,
2564 3359 2645 3404 tot
2683 3364 2868 3404 rerum
2910 3345 3324 3403 subversionem
3355 3360 3482 3399 mu-

1892 3453 2267 3519 tationemque
2313 3446 2465 3508 facit,
2510 3457 2701 3497 verum
2754 3439 2922 3495 etiam
2971 3445 3303 3494 accentuum
3347 3450 3482 3491 usus

1894 3541 2313 3613 intempestivus
2342 3537 2474 3591 facit
2503 3545 2562 3590 ut
2595 3532 2742 3587 aliud
2770 3545 2870 3601 pro
2898 3529 3008 3584 alio
3033 3528 3360 3583 vocabulum
3386 3528 3478 3593 sit,

1893 3651 2210 3710 quanquam
2246 3633 2471 3688 immota
2505 3629 2775 3696 scriptura
2824 3634 3071 3689 maneat;
3117 3632 3229 3676 tttm
3259 3620 3329 3676 ad
3358 3637 3484 3677 seu-

1898 3729 2126 3786 tentiam
2154 3725 2314 3797 plane
2350 3721 2623 3777 diversam
2679 3724 2860 3771 mente
2898 3715 3194 3779 abstracta,
3246 3719 3341 3766 aut
3373 3710 3483 3764 im-

1896 3823 2047 3894 pium
2101 3832 2323 3875 sensum
2368 3821 2465 3869 aut
2512 3810 2776 3866 ritliculas
2817 3809 3053 3878 ineptias
3100 3806 3329 3861 invehit.
3374 3804 3482 3859 Sed

1896 3932 1997 3972 cur
2025 3914 2238 3969 litteras
2285 3908 2429 3973 dico,
2482 3903 2933 3976 quandoquidem
2966 3899 3335 3969 interpunctio
3365 3897 3483 3968 (qui

1895 4004 2259 4063 brevissimus
2288 3999 2539 4056 omnium
2586 4010 2723 4067 apex
2755 3994 2860 4063 est)
2894 4006 3058 4064 prava
3085 3990 3358 4046 interdum
3388 3997 3485 4043 aut

1897 4099 2164 4168 neglecta,
2183 4109 2355 4152 suove
2387 4092 2509 4147 loco
2538 4084 3129 4156 demota,multiplices
3148 4098 3483 4154 magnasque

1897 4191 2139 4246 haereses
2170 4183 2431 4258 peperit?
2464 4182 2771 4238 Stultorum
2817 4187 3000 4233 autem
3034 4175 3209 4231 multo
3240 4184 3484 4245 tempore

1899 4296 2155 4339 mansere
2184 4278 2497 4350 opiniones,
2541 4276 2760 4346 piisque
2810 4270 3131 4327 hominibus
3178 4278 3236 4323 ut
3282 4268 3349 4322 de
3377 4268 3484 4321 im-

1898 4373 2119 4445 pietatis
2169 4367 2519 4440 dogmatibus
2574 4363 3025 4433 triumpharent,
3091 4359 3481 4414 diuturnorum

1899 4463 2265 4522 certaminum
2299 4474 2466 4516 causa
2497 4457 2742 4513 fuerunt.
2772 4454 3020 4524 Exempli
3058 4467 3248 4516 causa,
3282 4460 3343 4505 ut
3374 4466 3484 4505 caa-

1900 4565 2016 4611 tera
2048 4552 2478 4625 praetermittam,
2512 4550 2594 4602 vir
2618 4547 2709 4602 ille
2739 4546 2794 4601 in
2843 4545 3044 4601 caelum
3092 4542 3345 4597 mortalis
3387 4541 3485 4594 ad-

200 4632 425 4733 θρωπος
482 4663 578 4717 καὶ
638 4632 742 4733 τῆς
792 4662 1121 4733 οἰκουμένης
1171 4632 1493 4722 διδάσκαλος
1523 4632 1562 4711 ’ὁ
1616 4657 1783 4728 μέγας

1897 4650 2002 4704 huc
2029 4646 2305 4709 sublatus,
2334 4654 2389 4698 et
2428 4641 2615 4696 mundi
2650 4642 2865 4704 doctor,
2919 4650 3150 4705 magnus
3179 4632 3483 4704 apostolus,

211 4757 545 4820 Ἀπόστολος
585 4755 644 4810 ἐν
670 4772 783 4809 τισι
831 4755 943 4809 τῶν
991 4752 1159 4808 αὐτοῦ
1193 4752 1538 4827 γραμμάτων
1568 4748 1794 4819 (Κορίν-

1892 4740 1947 4795 in
1974 4740 2092 4795 suis
2119 4735 2447 4809 quihusdam
2473 4733 2674 4789 litteris
2706 4733 2927 4808 (nempe
2954 4728 3009 4783 in
3040 4743 3104 4782 ea
3135 4741 3258 4796 quae
3281 4726 3484 4795 scripta

201 4847 311 4900 θιοι
344 4846 403 4900 δὲ
558 4844 854 4915 ἐπιστολὴν
882 4813 1261 4912 ὑποδέχονται.)
1288 4813 1432 4894 οὕτω
1454 4813 1641 4909 φησίν*
1707 4835 1783 4889 'Ei

1891 4837 1977 4885 est
2029 4827 2097 4883 ad
2154 4824 2473 4880 Corinthios
2523 4821 2779 4892 epistola)
2833 4818 2916 4873 sic
2963 4817 3084 4873 ait:
3129 4834 3147 4866 ι
3186 4814 3246 4868 ιιι
3281 4813 3487 4885 quibus

200 4935 283 5004 οἷς
321 4941 351 4993 ὁ
377 4939 511 5004 Θεὸς
538 4938 634 4993 τοῦ
665 4938 861 5002 αἰῶνος
900 4936 1092 4990 τούτου
1131 4909 1414 5002 ἐτύφλωσε
1443 4931 1515 4985 τὰ
1545 4930 1783 5000 νοήματα

1895 4924 2043 4981 Deus
2072 4922 2242 4993 hujus
2271 4919 2460 4975 stnculi
2489 4915 2786 4972 exctecavit
2837 4911 3200 4983 cogitationes
3229 4909 3485 4965 increduo

200 5031 315 5087 τῶν
349 5031 622 5094 ἀπίστων,
653 5031 734 5093 εἰς
758 5029 819 5083 τὸ
853 5030 931 5100 μὴ
958 5028 1259 5096 ὲναυγάσαι
1282 5026 1464 5087 αὐτοῖς
1503 5024 1596 5077 τὸν
1633 5039 1801 5092 φωτι-

205 5124 347 5194 σμὸν
370 5122 466 5176 τοῦ
512 5120 850 5192 Εὐαγγελίου
882 5122 985 5190 τῆς
1019 5119 1180 5189 δόξης
1206 5116 1300 5171 τοῦ
1337 5113 1598 5187 Χριστοῦ.
1629 5131 1647 5164 ι
1681 5111 1798 5166 ἀλλ’

204 5218 233 5269 ὁ
262 5216 365 5287 μὲν
395 5215 557 5269 τοῦτο
585 5213 781 5280 εἰπὼν,
817 5211 1121 5281 θαυμάσιόν
1155 5227 1281 5264 τινα
1328 5208 1424 5262 καὶ
1467 5206 1578 5260 τῶν
1623 5205 1783 5275 ούρα-

205 5307 339 5361 νίων
379 5306 765 5378 ἀπηχημάτων
804 5302 1031 5370 ἐπάξιον
1056 5300 1185 5357 νοῦν
1230 5301 1343 5365 τοῖς
1383 5297 1792 5369 τετελεσμένοις

276 5486 327 5520 ⁸³
358 5485 401 5542 ll
425 5486 552 5544 Cor.
588 5502 665 5554 tv,
693 5484 748 5540 4.

1894 5016 2097 5080 lorum,
2129 5011 2425 5083 quominus
2470 5008 2558 5063 his
2598 5006 2941 5061 illucesceret
2975 5002 3161 5057 lumen
3203 4999 3482 5069 Evangelii

1898 5106 2083 5178 gloria:
2112 5104 2318 5160 Christi
2356 5102 2423 5156 ⁸⁸.
2471 5120 2490 5154 ι
2536 5098 2804 5171 Equidem
2851 5096 2944 5167 qui
2979 5096 3053 5152 ita
3102 5094 3323 5151 locutus
3377 5103 3481 5159 est,

1907 5198 2195 5255 mirificam
2239 5195 2533 5265 quamdam
2598 5190 2932 5258 vocibusque
2976 5188 3032 5242 in
3083 5186 3225 5242 caelo
3281 5183 3486 5239 auditis

1908 5293 2133 5365 dignam
2162 5290 2490 5348 sententiam
2517 5286 2802 5359 discipulis
2830 5283 3112 5356 sapientia:
3144 5294 3261 5340 suae
3290 5281 3488 5349 imper-

1738 5616 1948 5677 NOT/E
1961 5657 1974 5672 .

284 5745 399 5817 (3‘2)
433 5745 542 5803 lles
566 5747 852 5805 notissima
902 5744 1328 5819 lexicographis,
1365 5760 1506 5817 quos
1536 5743 1678 5799 inter
1711 5738 1800 5797 adi
1841 5752 1936 5797 seu
1969 5734 2234 5807 Cyrillum
2266 5750 2362 5792 seu
2394 5730 2777 5802 Pttiloponuzn.
