3916 6192
432 229 500 292 8⁸1
1590 231 1856 292 ΡΗΟἸῚΙ
1882 229 2390 291 ΡΑΤΗΙΑΠΟΗΕ
2428 230 2536 289 Cl’.
3648 223 3727 285 88

444 350 577 401 titus
610 353 715 400 est.
747 345 815 399 At
859 345 1003 402 enim
1060 342 1290 400 Manetis
1344 345 1750 417 Marcionisque
1804 349 2018 404 scelesti

2128 346 2226 418 τὴν
2255 347 2469 400 ἐκείνου
2503 342 2698 413 σοφίαν
2726 341 3101 412 μυσταγωγεῖ.
3133 341 3198 393 Ol
3227 340 3271 395 δ’
3301 339 3410 393 ἀπὸ
3431 339 3725 402 Μάνεντος

432 436 658 490 assecla:
680 435 1011 490 locutionem
1032 436 1176 490 hanc
1197 436 1263 490 ad
1298 452 1519 491 sensum
1550 454 1710 491 suum
1745 439 2021 508 captivam

430 527 844 598 quodammodo
879 528 1206 598 pertrahunt
1239 546 1253 581 :
1302 528 1395 598 qui
1430 528 1684 584 videlicet
1712 529 1843 584 dum
1883 530 2025 585 inter

438 620 578 675 Deus
608 631 664 673 ct
711 622 868 689 hujus
898 621 1083 676 διεθηιὶ
1119 622 1624 691 iuterpuuctiouem
1661 622 1779 676 fieri
1811 637 1917 676 non
1948 622 2025 677 si-

438 720 599 775 nunt,
631 729 697 767 eo
731 714 956 767 sceleris
995 714 1270 784 progressi
1308 723 1457 779 sunt,
1482 724 1541 769 ut
1571 730 1679 769 non
1715 715 1894 770 solum
1920 714 2021 780 ipsi

434 804 734 872 gravisime
764 805 1081 875 religionem
1116 807 1396 869 lzederent,
1439 823 1625 861 verum
1652 808 1817 862 etiam
1850 808 2024 861 sacris

438 892 662 950 Litteris
695 911 916 950 causam
948 897 1269 966 aﬂingerent
1308 899 1631 954 adversandi
1667 899 1776 955 Deo
1810 917 1825 953 :
1861 901 1932 954 ita
1968 912 2024 955 ut

439 986 579 1040 alter
623 987 701 1041 sit
743 986 908 1050 Deus,
940 988 1032 1057 qui
1090 989 1451 1045 invisibilium
1500 1006 1682 1045 rerum
1710 1007 1775 1046 ac
1803 993 2024 1062 spirita-

440 1080 573 1134 lium
610 1081 950 1136 dominatum
992 1085 1293 1139 creationis
1326 1101 1493 1140 causa
1546 1094 1723 1150 tenet;
1756 1088 1892 1142 alter
1921 1105 2022 1142 au-

443 1180 549 1225 tem
581 1174 648 1227 ab
684 1174 817 1243 ipsis
844 1176 1169 1245 praedicetur
1213 1177 1354 1232 Deus
1382 1180 1665 1248 pra‘sentis
1727 1181 1935 1245 saeculi,
1970 1190 2024 1235 et

437 1278 627 1318 earum
660 1282 865 1330 rerum,
902 1283 1024 1338 qua:
1057 1269 1183 1325 huic
1210 1270 1489 1324 cohazrent
1522 1271 1843 1343 similesque
1868 1284 2021 1339 sum,

328 1358 331 1361 ’
437 1368 674 1411 creator.
701 1359 807 1413 Sed
837 1360 984 1415 enim
1018 1361 1211 1417 insana
1241 1362 1391 1417 circa
1414 1362 1625 1417 dictum
1671 1365 1775 1418 hoc
1802 1365 2024 1419 cavilla-

437 1450 533 1513 tio,
561 1451 689 1505 alibi
714 1466 934 1522 quoque
961 1462 1019 1509 et.
1050 1468 1429 1522 saepenumero
1457 1455 1627 1511 futilis
1648 1455 2019 1511 demonstrata

435 1540 582 1595 fuit:
626 1545 896 1611 pracipue
944 1560 1073 1598 vero
1119 1545 1502 1609 convincitur,
1548 1547 1678 1617 quia
1732 1563 1840 1603 non
1890 1548 2022 1603 sinit

433 1633 931 1704 interpunctionem
967 1639 1204 1693 statione
1232 1654 1327 1693 sua
1355 1640 1662 1709 quiescere.
1696 1642 1832 1696 Tum
1865 1642 2021 1697 deni-

432 1740 540 1793 que
572 1729 700 1795 quia
737 1744 979 1797 prsesens
1009 1732 1268 1786 saeculum
1307 1733 1467 1787 modo
1503 1735 1723 1803 quidem
1754 1736 2020 1804 temporis

434 1817 698 1885 spatium.
752 1821 916 1876 modo
958 1839 1087 1877 vero
1138 1825 1302 1878 etiam
1349 1823 1651 1891 flagitiosos
1698 1836 1877 1890 actus,
1922 1827 2017 1896 qui

431 1924 530 1977 per
562 1909 704 1965 hanc
729 1914 894 1966 vitam
927 1916 1239 1986 germinare
1266 1916 1465 1981 solent,
1512 1917 1805 1985 significat.
1839 1921 2020 1985 Quare

430 2000 477 2054 si
515 2002 642 2071 quis
668 2003 834 2059 etiam
869 2006 1011 2060 illam
1042 2007 1186 2061 circa
1219 2008 1714 2077 interpunctioncm
1750 2012 2018 2066 malitiam

433 2095 713 2163 impunem
793 2113 917 2152 esse
981 2098 1155 2162 sinat,
1213 2099 1570 2156 nihilominus
1633 2104 2018 2159 haereticorum

428 2187 757 2240 sententiam
784 2188 1030 2243 funditus
1052 2191 1301 2259 perimet.
1320 2190 1585 2245 Malorum
1612 2194 1758 2247 enim
1792 2210 2019 2264 operum

431 2288 597 2348 atque
634 2290 857 2334 actuum
890 2296 1016 2335 cum
1049 2292 1205 2335 sator
1233 2291 1288 2337 et
1316 2284 1575 2339 incitator
1611 2285 1869 2342 diabolus
1896 2288 1968 2342 sit
2000 2306 2016 2356 ;

433 2367 578 2422 hunc
600 2370 645 2424 si
674 2369 817 2425 forte
849 2372 1039 2426 talium
1072 2389 1257 2428 rerum
1302 2374 1591 2430 dominum
1638 2388 1692 2433 et
1736 2388 2017 2434 auctorem

429 2466 486 2512 ct
508 2459 671 2515 deum
700 2464 865 2518 etiam
890 2466 1163 2533 dicamus,
1211 2469 1394 2523 verbis
1436 2470 1651 2525 inflexis
1682 2475 1921 2528 maxime
1950 2474 2017 2529 ad

430 2568 621 2606 eorum
659 2556 972 2625 opinionem
1018 2560 1113 2629 qui
1148 2560 1295 2614 illius
1337 2562 1562 2616 malitiae
1592 2565 2017 2637 morigeramur,

430 2648 638 2703 nullum
681 2650 813 2705 hinc
862 2655 1165 2722 apostatica
1210 2656 1535 2724 improbitas
1574 2658 1789 2714 lucrum
1830 2660 2017 2717 faciet.

429 2739 567 2796 Nam
598 2752 654 2797 et
680 2744 927 2813 gentium
957 2746 1125 2810 idola,
1160 2763 1322 2805 casso
1353 2765 1487 2806 sane
1534 2752 1777 2820 nomine,
1814 2756 1907 2810 sed
1937 2764 2018 2810 ta-

428 2849 554 2888 men
593 2834 922 2891 dicebantnr
958 2839 1056 2893 dii.
1104 2838 1170 2894 Et
1210 2840 1467 2898 diabolus
1497 2844 1717 2913 quidem
1753 2856 2018 2901 creatura:

426 2920 661 2991 alicujus
693 2925 776 2979 vel
804 2942 989 2982 rerum
1028 2928 1241 2984 firmam
1281 2939 1602 3003 certamque
1650 2936 2015 2991 substantiam

425 3016 742 3075 habentium
778 3035 1059 3089 nunquam
1111 3022 1251 3078 deus
1298 3025 1513 3080 dicetur
1546 3026 1631 3081 vel
1676 3029 2019 3084 existimabi-
2045 3047 2090 3109 ς

429 3114 520 3159 tur
555 3124 569 3161 :
603 3111 896 3179 cmteroqui
927 3112 993 3164 ad
1028 3128 1227 3181 pravos
1263 3115 1496 3171 affectus
1542 3118 1689 3188 quod
1741 3120 1937 3174 attinet
1965 3130 2019 3175 et

424 3208 743 3265 peccatum.
774 3200 973 3270 quibus
1005 3203 1122 3272 ipse
1164 3212 1219 3259 et
1264 3208 1467 3276 gaudet
1503 3218 1668 3279 atque
1700 3209 1935 3276 laetatur,
1968 3221 2023 3267 et

429 3290 569 3343 alios
599 3290 982 3349 fraudulenter
1012 3295 1218 3353 illicere
1247 3315 1529 3369 nunquam
1567 3301 1808 3370 desiuit;
1837 3305 2019 3375 quoad

428 3381 652 3451 quidem
704 3384 780 3439 ita
826 3401 886 3441 se
924 3399 1112 3456 geret,
1180 3406 1343 3447 nemo
1388 3408 1516 3449 eum
1562 3396 1872 3465 pernicioso
1916 3399 2021 3455 hoc

432 3474 751 3548 infelicique
794 3479 1081 3537 dominatu
1142 3492 1309 3556 atque
1368 3487 1603 3559 imperio
1669 3492 1877 3559 pollere
1925 3510 2022 3548 ne.-

427 3569 599 3638 gabit.
1038 3638 1047 3645 ,

501 3663 590 3717 5t.
629 3663 695 3718 Et
724 3682 940 3724 sacrum
972 3672 1192 3742 quidem
1240 3673 1393 3730 Pauli
1430 3676 1637 3732 dictmn
1682 3680 1851 3749 probe
1870 3681 2019 3747 novi,

430 3772 542 3810 non
592 3761 846 3827 przelicta
888 3764 1065 3819 solum
1105 3767 1594 3837 demonstratione,
1646 3782 2017 3841 apostatarum

431 3864 657 3905 sensum
694 3855 868 3909 vitare
897 3873 911 3920 ;
949 3874 1137 3912 verum
1170 3861 1336 3916 etiam
1367 3865 1572 3922 omissa
1622 3865 2024 3935 interpuncrio-

431 3942 519 3997 nis
544 3946 839 4012 mentione,
872 3950 1236 4009 nihilominus
1299 3971 1462 4023 posse
1498 3958 1862 4013 temeritatem
1910 3960 2024 4013 illo-

432 4049 553 4090 rum
591 4037 835 4112 infringi.
869 4041 1005 4097 Nam
1034 4045 1195 4101 sicuti
1239 4064 1403 4104 verus
1464 4049 1606 4106 Deus
1671 4062 1859 4108 noster
1904 4053 2024 4107 uni.

432 4132 576 4187 versi
632 4146 868 4199 creator,
940 4138 1084 4196 Deus
1141 4142 1263 4198 coeli
1307 4153 1595 4214 terraeque,
1658 4146 2022 4205 nihilominus

429 4223 633 4280 dicitur
657 4227 820 4282 etiam
853 4229 995 4286 Deus
1012 4232 1308 4289 Abrahami
1337 4245 1391 4290 et
1416 4236 1584 4293 Isaaci
1609 4249 1777 4309 atque
1804 4237 2020 4308 Jacobi,

2126 439 2223 492 καὶ
2269 437 2600 511 Μαρκίωνος
2650 435 2937 497 δυσσεϐεῖς
2969 435 3321 504 ἁρπάσαντες
3359 432 3459 504 τὴν
3499 431 3723 503 φωνὴν,

2128 533 2223 587 καὶ
2267 532 2405 601 πρὸς
2450 531 2548 600 τὴν
2598 530 2735 584 ίδίαν
2786 528 3298 599 αίχμαλωτίσαντες
3340 526 3541 598 ὁρμὴν,
3593 520 3726 578 εἶτα

2130 625 2336 694 μεταξὺ
2369 623 2462 678 τοῦ
2491 624 2640 690 Θεὸς
2667 623 2764 677 καὶ
2798 623 2904 677 τοῦ
2943 620 3161 688 αἰῶνος
3195 622 3412 675 τούτου
3457 620 3521 673 ού
3570 634 3727 686 παρ-

2128 716 2282 778 έντες
2337 712 2549 768 κεῖσθαι
2605 712 2705 782 τὴν
2766 697 3158 783 στιγμὴν,ἐί;
3217 709 3493 781 τοσαύτην
3548 704 3727 779 ἦλθον

2123 806 2445 869 δυσσεϐείας
2479 804 2809 876 ὑπερϐολὴν,
2834 804 2910 868 ὼς
2938 804 3013 875 μὴ
3053 803 3214 874 μόνον
3243 801 3313 856 τὰ
3346 802 3554 873 ἔσχατα
3579 801 3717 855 δυσ-

2127 898 2329 963 σεϐεῖν,
2359 896 2495 952 ἀλλά
2539 897 2634 951 καὶ
2678 898 2801 958 ταῖς
2848 897 3024 967 ἱεραῖς
3054 896 3266 961 φωναῖς
3309 893 3575 947 ἀνάπτειν
3615 890 3723 955 τὴν

2125 991 2306 1045 αἰτίαν
2330 989 2425 1043 τοῦ
2451 989 2742 1059 θεομαχεῖν
2767 1005 2783 1020 ·
2827 988 2922 1041 καὶ
2947 987 3138 1057 ἕτερον
3165 986 3264 1057 μὲν
3291 980 3433 1039 εἶναι
3468 982 3723 1048 δοξάζειν

2124 1085 2257 1137 Θεὸν
2291 1083 2348 1146 ὃς
2379 1083 2487 1135 τῶν
2514 1082 2762 1153 ἀοράτων
2785 1098 2844 1133 τε
2869 1081 2964 1133 καὶ
2991 1078 3203 1148 νοητῶν
3229 1078 3334 1147 τῆς
3353 1076 3724 1148 δημιουργίας

2124 1177 2240 1248 ἔχει
2266 1176 2364 1248 τὴν
2394 1176 2603 1246 ἀρχὴν,
2630 1175 2818 1248 ἓτερον
2848 1174 2905 1228 δὲ
2937 1174 3028 1228 τὸν
3057 1171 3152 1227 τοῦ
3182 1172 3453 1245 παρόντος
3488 1171 3718 1233 αἰῶνος,

2124 1269 2220 1321 καὶ
2246 1267 2348 1321 ὅσα
2378 1266 2638 1336 σύστοιχα
2666 1264 2859 1319 τούτου
2888 1264 2982 1318 καὶ
3011 1262 3284 1334 ὁμοταγῆ,
3312 1259 3724 1333 ἀνακηρύττειν

2123 1358 2488 1429 Δημιουργόν.
2514 1356 2663 1411 Ἀλλ’
2691 1356 2724 1428 ἡ
2753 1356 2856 1428 μὲν
2888 1356 3015 1427 περὶ
3046 1356 3108 1408 τὸ
3137 1356 3304 1426 ῥητὸν
3333 1349 3747 1425 φρενοϐλαϐὴς’

2122 1450 2386 1520 ἐπιϐουλὴ
2427 1451 2521 1502 καὶ
2549 1448 2741 1502 ἄλλοτε
2790 1448 2889 1519 μὲν
2924 1446 3257 1518 πολλαχόθεν
3286 1447 3571 1500 δείκνυται
3611 1463 3717 1499 σα⁴

2123 1543 2254 1614 θρὰ,
2297 1542 2451 1596 οὐδὲν
2492 1540 2547 1595 δὲ
2594 1535 2758 1613 ἦττον
2797 1540 3137 1611 διελεγχθείη
3166 1540 3234 1594 ἀν
3265 1539 3361 1592 καὶ
3392 1539 3475 1592 ὅτι
3516 1537 3594 1611 μὴ
3617 1538 3724 1606 τὴν

2124 1636 2360 1707 στιγμὴν
2401 1636 2496 1690 ἐπὶ
2547 1636 2647 1706 τῆς
2697 1632 2903 1696 οἰκείας
2950 1632 3135 1703 χώρας
3181 1632 3398 1703 ἀφῆκεν
3445 1632 3721 1702 ἠρεμεῖν*

2123 1732 2247 1783 ἐπεὶ
2274 1728 2372 1784 καὶ
2402 1732 2430 1783 ὁ
2453 1727 2645 1799 παρὼν
2675 1726 2809 1781 αἰὼν
2833 1726 2965 1779 ποτὲ
2998 1725 3096 1796 μὲν
3131 1727 3303 1796 αὐτὴν
3328 1724 3428 1797 τὴν
3452 1716 3723 1795 χρονικὴν

2123 1822 2462 1892 παράτασιν,
2499 1820 2612 1874 ἔσθ’
2643 1821 2733 1873 ὅτε
2761 1818 2818 1871 δὲ
2847 1818 2943 1871 καὶ
2968 1817 3068 1881 τὰς
3106 1817 3345 1879 ἀτόπους
3371 1814 3629 1888 πράξεις,
3660 1814 3721 1869 αῖ

2122 1913 2264 1968 κατὰ
2291 1912 2384 1966 τὸν
2415 1912 2664 1983 παρόντα
2701 1910 2817 1981 βίον
2854 1908 3115 1962 εἰώθασιν
3140 1906 3482 1975 ἀναφύεσθαι
3514 1900 3717 1976 σημαί-

2122 2020 2239 2058 νει·
2269 2002 2412 2057 ὥστε
2464 2004 2556 2056 καὶ
2610 2003 2663 2055 εἴ
2701 2018 2790 2065 τις
2825 2000 3010 2063 αὐτοῖς
3055 1998 3117 2053 τὸ
3156 1999 3287 2068 περὶ
3332 1996 3431 2068 τὴν
3478 1997 3723 2068 στιγμὴν

2124 2096 2497 2168 κακούργημα
2536 2093 2781 2157 ἐνδώσει,
2816 2093 2972 2146 οὐδὲν
3013 2092 3234 2146 ἔλαττον
3264 2090 3446 2145 αὐτῶν
3475 2090 3537 2144 τὸ
3577 2091 3716 2159 φρό-

2122 2206 2271 2259 νημα
2322 2186 2756 2257 καθαιρούμενον
2789 2185 3079 2255 διελέγχει.
3118 2182 3241 2236 Τῶν
3302 2183 3411 2253 γὰρ
3461 2183 3723 2253 πονηρῶν

2123 2281 2301 2352 ἔργων
2334 2283 2432 2333 καὶ
2460 2280 2715 2351 πράξεων
2752 2282 2847 2335 ἆτε
2883 2279 2949 2351 δὴ
2989 2277 3229 2350 σπορεὺς
3269 2277 3367 2330 καί⁸
3412 2276 3722 2337 ὑποϐολεὺς

2121 2375 2149 2425 ὁ
2180 2372 2489 2443 ἀρχέκακος
2536 2370 2633 2435 ὢν,
2687 2373 2737 2424 εί
2792 2369 2984 2441 κύριος
3017 2369 3201 2423 αὐτῶν
3244 2367 3337 2420 καὶ
3378 2367 3725 2437 δημιουργὸς

2122 2461 2219 2515 καὶ
2258 2462 2379 2525 θεὸς
2415 2460 2630 2532 ῥηθείη,
2674 2460 2811 2530 πρὸς
2852 2461 2953 2531 τὴν
2981 2460 3144 2526 δόξαν
3178 2460 3417 2529 μάλιστα
3446 2458 3561 2511 τῶν
3611 2459 3721 2510 ὑπο

2123 2554 2511 2626 ηρετουμένων
2541 2551 2708 2606 αύτοῦ
2738 2557 2805 2623 τῇ
2844 2552 3083 2625 πονηρίᾳ
3115 2552 3226 2606 τῶν
3261 2552 3525 2623 ῥημάτων
3579 2550 3720 2620 μεθ-

2120 2647 2538 2719 αρμοζομένων,
2579 2645 2733 2699 οὐδὲν
2762 2645 2829 2700 ἂν
2853 2647 2887 2717 ἡ
2918 2646 3218 2709 ἀποστάτις
3263 2643 3531 2715 ἐπιϐουλὴ
3582 2643 3720 2715 κέρο

2120 2741 2209 2803 δος
2258 2739 2523 2812 εύρήσειυ
2578 2739 2703 2792 ἐπεὶ
2743 2739 2839 2793 καὶ
2876 2738 2947 2792 τὰ
2993 2737 3102 2791 τῶν
3141 2737 3313 2791 ἐθνῶν
3362 2737 3584 2801 εἴδωλα,
3614 2735 3719 2788 οὐκ

2119 2825 2259 2901 ἦσαν
2318 2830 2417 2899 μὲν
2453 2828 2591 2900 ὅπερ
2640 2827 2914 2898 ἐλέγοντο,
2962 2827 3211 2896 ἐλέγοντο
3251 2827 3297 2880 δ’
3344 2827 3498 2896 ὅμως
3578 2824 3717 2879 θεοί.

2121 2921 2255 2985 Θεὸς
2319 2920 2421 2991 μὲν
2477 2922 2587 2991 γὰρ
2635 2919 3006 2990 δημιουργίας
3064 2917 3210 2981 τινὸς
3271 2918 3304 2989 ἢ
3368 2915 3722 2987 πραγμάτων

2122 3012 2356 3083 ἑχόντων
2395 3011 2674 3085 σταθηράν
2708 3011 2804 3065 καὶ⁸
2840 3010 3257 3083 γνωριζομένην
3288 3008 3614 3072 ὑπόστασιν,
3656 3008 3719 3061 οὗ

2125 3105 2224 3175 μὲν
2255 3099 2350 3158 οὖν
2384 3104 2485 3157 οὐκ
2534 3106 2602 3157 ἂν
2646 3102 2771 3157 οὔτε
2807 3102 3025 3174 λεχθείη
3072 3101 3196 3155 οὔτε
3250 3101 3571 3172 νομισθείη’
3622 3102 3720 3154 ὲκ-

2122 3198 2343 3268 Οέσμων
2372 3197 2429 3249 δὲ
2461 3195 2651 3249 παθῶν
2683 3198 2776 3250 καὶ
2801 3196 3098 3267 ἁμαρτίας,
3122 3189 3204 3258 οἷς
3232 3193 3421 3266 ἥδεται
3455 3195 3552 3246 καὶ
3580 3211 3719 3265 τρυ-

2122 3291 2199 3361 φᾷ
2246 3287 2501 3351 καὶτοὺς
2530 3286 2729 3351 ἄλλους
2772 3287 2911 3357 πρὸς
2952 3285 3095 3341 αύτά
3136 3284 3206 3339 δι’
3270 3286 3489 3354 ἀπάτης
3534 3285 3721 3338 ἕλκειν

2120 3384 2402 3437 ἄπαυστον
2427 3380 2543 3451 ἔχει
2577 3379 2641 3433 τὸ
2669 3382 2993 3449 φιλονικεῖν,
3033 3378 3229 3450 μέχρις
3259 3378 3325 3433 ἂν
3359 3376 3541 3431 ταῦτα
3564 3378 3723 3445 ἐνερο

2120 3476 2215 3543 γῇ,
2270 3472 2449 3537 οὐδεὶς
2502 3472 2668 3526 αὐτὸν
2724 3470 2850 3525 οὔτε
2902 3471 3002 3542 τῆς
3049 3470 3296 3541 ὀλεθρίου
3361 3468 3572 3539 ταύτης
3622 3469 3723 3522 καὶ

2120 3566 2312 3630 ἀθλίας
2334 3566 2679 3638 κυριότητος,
2709 3563 2834 3618 οὔτε
2861 3564 2971 3635 μὴν
2992 3564 3092 3632 τῆς
3112 3563 3286 3634 ἀρχῆς
3320 3560 3653 3627 ἀπαλλάξει.

2191 3698 2295 3753 λα’.
2332 3696 2463 3754 Οἶδα
2495 3699 2540 3752 δ’
2570 3697 2738 3753 ὅτιτὸ
2774 3696 2919 3766 ἱερὸν
2939 3696 3034 3750 τοῦ
3067 3694 3283 3750 Παύλου
3306 3693 3494 3765 ῥητὸν,
3523 3694 3588 3747 ού
3617 3692 3722 3765 μό-

2121 3808 2212 3844 νον
2259 3793 2326 3844 ὲκ
2373 3791 2471 3861 τῆς
2500 3790 2761 3859 τοιαύτης
2792 3788 3030 3860 θεωρίας
3078 3789 3178 3859 τὴν
3227 3786 3389 3852 δόξαν
3430 3786 3721 3857 διαφεύγει

2120 3884 2233 3936 τῶν
2260 3884 2608 3948 ἀποστατῶν,
2646 3882 2790 3936 ἀλλά
2819 3881 2916 3937 καὶ⁸
2964 3883 3018 3935 et
3041 3898 3127 3946 τις
3171 3881 3264 3935 τὸν
3308 3881 3440 3952 περὶ
3476 3879 3722 3949 στιγμῆς

2122 3977 2283 4045 λόγον
2343 3977 2520 4041 ὲάσει,
2566 3975 2721 4029 οὐδὲν
2778 3975 3003 4028 ἔλαττον
3045 3974 3227 4028 αὐτῶν
3270 3973 3617 4046 καταισχύνῃ
3659 3972 3722 4026 τὸ

2124 4068 2417 4139 προπετές.
2458 4069 2671 4143 Ὠσπερ
2701 4066 2811 4139 γὰρ
2843 4067 2873 4121 ό
2901 4066 3110 4138 ἀληθὴς
3144 4066 3281 4131 Θεὸς
3305 4065 3465 4138 ἡμῶν
3496 4064 3718 4140 καὶτοῦ

2125 4161 2326 4226 παντὸς
2351 4159 2724 4232 Δημιουργὸς,
2764 4160 2899 4224 Θεὸς
2944 4160 3177 4232 ούρανοῦ
3211 4161 3308 4213 καὶ
3335 4160 3441 4231 γῆς
3463 4201 3479 4226 ,
3509 4159 3720 4228 λέγοιτ’

2124 4252 2191 4307 ἂν
2238 4255 2334 4308 καὶ
2371 4253 2508 4317 Θεὸς
2559 4253 2816 4324 Ἀϐραὰμ
2866 4253 2961 4306 καὶ
2996 4251 3180 4306 Ἰσαὰκ
3204 4252 3301 4307 καὶ
3346 4250 3581 4317 Ἰακὼϐ,
3622 4254 3719 4306 καὶ

427 4327 485 4371 et
511 4316 652 4373 Deus
679 4323 1096 4387 consolationis,
1130 4337 1185 4381 et
1212 4327 1354 4382 Deus
1381 4329 1572 4396 pacis;
1620 4347 1801 4402 neque
1832 4342 2016 4388 tamen

2130 4348 2264 4412 Θεὸς
2314 4316 2740 4421 παρακλήσεως,
2770 4316 2864 4401 καὶ
2903 4346 3037 4412 Θεὸς
3078 4348 3326 4419 εἰρήνης,
3358 4346 3454 4400 καὶ
3482 4316 3717 4401 ούδέπου

431 4408 637 4463 idcirco
687 4421 1006 4469 caeterarum
1060 4416 1322 4473 similium
1390 4422 1751 4490 ejusdemque
1804 4424 2018 4480 ordinis

2125 4442 2216 4495 διά
2242 4440 2415 4495 ταῦτα
2466 4440 2576 4494 τῶν
2606 4438 2896 4512 ὁμοταγῶν
2944 4440 3041 4493 καὶ⁸
3094 4439 3397 4508 συστοίχων
3437 4439 3541 4492 οὐκ
3596 4438 3718 4493 ἐστι

431 4518 613 4558 rerum
667 4520 776 4559 non
830 4515 915 4561 est
963 4506 1156 4565 Deus:
1217 4512 1328 4566 imo
1395 4514 1581 4581 potius
1632 4514 1765 4584 quia
1818 4514 2022 4571 dicitur

418 4596 811 4665 praedictorum
829 4598 1225 4655 elementorum
1253 4612 1308 4657 et
1335 4603 1618 4659 hominum
1650 4604 2024 4677 bonitatisque

430 4685 597 4749 Deus,
648 4689 880 4744 aliarum
928 4707 1149 4762 quoque
1198 4710 1381 4749 rerum
1420 4695 1564 4751 Deus
1587 4698 2016 4768 comprobatur;

424 4781 502 4835 ita
532 4799 657 4839 cum
704 4786 911 4842 dicitur
953 4787 1119 4858 hujus
1180 4791 1365 4845 saeculi
1414 4791 1577 4859 Deus,
1610 4808 1639 4847 a
1677 4803 1831 4863 parte
1851 4794 2018 4849 simul

427 4875 751 4946 intelligitur
807 4877 1085 4949 simulque
1146 4881 1475 4950 prmdicatur
1530 4899 1713 4937 rerum
1767 4884 2017 4939 omnium

427 4965 597 5034 Deus,
632 4969 744 5022 sive
777 4985 901 5039 qua:
936 4972 1003 5025 ad
1048 4973 1375 5042 spiritalium
1416 4975 1534 5031 sive
1578 4991 1701 5046 quzc
1735 4976 1801 5031 ad
1835 4977 2016 5033 sensi-

428 5059 562 5113 lium
591 5061 839 5116 ordinem
864 5065 1164 5127 pertinent.
1200 5065 1344 5132 Quin
1372 5068 1508 5122 adeo
1537 5070 1582 5124 si
1624 5069 1817 5125 latiore
1842 5085 2014 5126 sensu

426 5150 635 5204 dictum
671 5151 776 5206 hoc
802 5153 1161 5225 intelligatur,
1197 5156 1356 5213 facile
1401 5158 1456 5213 id
1489 5174 1682 5215 rursus
1708 5160 2017 5216 calumnia-

426 5250 610 5299 torum
649 5246 877 5303 insidias
905 5250 1116 5305 evadet.
1155 5251 1365 5308 Menles
1400 5254 1662 5309 nimirum
1704 5256 2006 5310 incredulo-

395 5357 399 5361 ·
428 5351 553 5390 rum
592 5339 753 5407 hujus
783 5342 967 5396 saeculi
1004 5342 1147 5400 Deus
1190 5356 1469 5415 excaecat;
1509 5348 1613 5403 hoc
1644 5358 1729 5403 est
1761 5348 2014 5421 indignas

426 5429 1045 5499 judicatdefmcatarum
1085 5453 1268 5495 rerum
1329 5441 1816 5513 contemplatione,
1857 5442 2015 5511 cujus

425 5538 537 5592 ope
585 5525 920 5596 contingeret
953 5529 1034 5586 eis
1091 5529 1368 5604 Evangelii
1430 5534 1638 5591 lumine
1679 5536 2009 5592 collustrari.

429 5614 734 5676 lucredulis
767 5622 913 5676 enim
974 5622 1138 5695 hujus
1170 5628 1356 5684 smculi
1396 5627 1714 5684 hominibus
1745 5630 2013 5686 rebellare

428 5721 595 5784 atque
608 5711 884 5770 adversari
905 5715 1138 5774 Domino
1155 5732 1261 5775 suo
1279 5717 1634 5787 Creatorique
1657 5720 2007 5789 permittitur;

2123 4533 2279 4598 Θεὸς,
2310 4532 2447 4587 ἀλλά
2489 4532 2689 4602 μᾶλλον
2715 4531 2775 4597 ἐξ
2807 4525 2883 4585 ὧν
2931 4530 3151 4600 λέγεται
3193 4530 3423 4597 τούτων,
3472 4530 3566 4584 καὶ⁵
3602 4532 3718 4585 τῶν

2122 4619 2299 4673 ἄλλων
2339 4622 2720 4688 συνεισάγεται
2742 4621 2901 4684 Θεός’
2933 4619 3076 4673 οὕτω
3102 4621 3196 4674 καὶ
3226 4620 3359 4684 Θεὸς
3389 4619 3487 4674 τοῦ
3512 4621 3715 4686 αἰῶνος

2121 4711 2314 4765 τούτου
2340 4712 2577 4783 λεχθεὶς,
2611 4713 2719 4766 ἀπὸ
2752 4712 2956 4783 μέρους
2991 4711 3084 4765 καὶ
3106 4712 3203 4766 τοῦ
3251 4713 3475 4779 παντὸς,
3508 4715 3612 4768 ὅσα
3649 4732 3714 4768 τε

2122 4808 2205 4870 είς
2234 4805 2433 4875 νοητὴν
2463 4804 2620 4875 λῆξιν
2652 4806 2747 4860 καὶ
2796 4808 2898 4859 ὅσα
2946 4808 3084 4878 πρὸς
3126 4804 3381 4878 αἴσθησιν
3436 4807 3714 4877 ἀναφέρει

2120 4913 2236 4959 ται,
2276 4898 2670 4949 συνεπινοεῖται
2722 4896 2818 4949 καὶ
2866 4898 3442 4967 συνανακηρύττεταιο
3477 4898 3541 4951 οὐ
3599 4897 3710 4968 μὴν

2120 4988 2258 5042 ἀλλὰ
2328 4989 2420 5042 καὶ
2479 4987 2601 5042 καθ’
2663 4988 2955 5059 ὑπέρθεσιν
3014 4989 3078 5041 τὸ
3146 4989 3308 5058 ῥητὸν
3382 4989 3660 5059 ὲκληφθὲν
3687 5032 3707 5055 ,

2120 5080 2301 5132 πᾶσαν
2330 5077 2531 5149 ῥαδίως
2574 5076 2683 5129 τῶν
2714 5076 3129 5147 ἐπηρεαζόντων
3165 5075 3449 5146 διαφεύγει
3504 5078 3705 5151 λαϐήν.

2120 5170 2202 5222 Τά
2225 5168 2335 5240 γάρ
2359 5169 2610 5239 νοήματα
2642 5168 2751 5222 τῶν
2796 5169 3045 5222 ἀπίστων
3072 5169 3169 5222 τοῦ
3200 5170 3396 5233 αἰῶνος
3442 5170 3640 5226 τούτου
3672 5175 3706 5226 ό

2118 5262 2253 5325 Θεὸς
2287 5261 2513 5332 τυφλοίο
2559 5260 2836 5315 τουτέστιν
2868 5261 3063 5328 ἀνάξια
3098 5263 3274 5333 κρίνει
3324 5264 3424 5334 τῆς
3452 5263 3563 5317 τῶν
3611 5282 3707 5319 κε-

2118 5356 2481 5428 καθαρμένων
2520 5354 2782 5425 θεωρίαςο
2810 5353 2879 5407 δι’
2922 5351 2990 5427 ἦς
3034 5355 3219 5418 αὐτοῖς
3248 5355 3375 5425 ἐνῆν
3405 5355 3500 5409 τὸν
3528 5373 3703 5425 φωτι-

2119 5442 2255 5510 σμὸν
2280 5442 2679 5512 ἐναυγασθῆναι
2705 5441 2798 5495 τοῦ
2832 5441 3193 5511 Εὐαγγελίου.
3221 5442 3284 5497 Οί
3315 5442 3418 5512 μὲν
3450 5443 3565 5515 γὰρ
3604 5445 3702 5498 τοῦ

2116 5535 2212 5589 νῦν
2243 5534 2435 5597 αίῶνος
2456 5535 2698 5596 ἄπιστοι,
2729 5534 2823 5587 καὶ
2848 5532 3163 5597 στασιάζειν
3191 5534 3286 5588 καὶ
3307 5535 3703 5607 προσφιλονει-

2116 5625 2234 5678 κεῖν
2266 5622 2516 5693 ἀφίενται
2538 5621 2616 5692 τῷ
2642 5622 2831 5694 οἰκείῳ
2857 5624 3107 5696 Δεσπότῃ
3134 5624 3227 5677 καὶ
3246 5626 3579 5696 Δημιουργῷ
3601 5643 3617 5655 ·
3643 5628 3701 5679 ὲν

2113 5715 2173 5771 δὲ
2199 5714 2276 5787 τῷ
2302 5714 2552 5784 μέλλοντι
2595 5715 2683 5770 ὅτε
2717 5717 2824 5771 πᾶν
2853 5716 2983 5785 γόνυ
3023 5717 3234 5790 κάμψει
3276 5718 3698 5793 αὐτιῖιὲπουραο
