3916 6192
162 252 232 314 89
1221 238 1323 298 AD
1352 232 1950 298 AMPHILOCIIIUM
1994 234 2342 307 QUAESTIO
2377 237 2426 297 Ῑ.
3380 237 3449 301 90

162 364 291 416 νίων
304 360 403 415 καὶ
421 355 682 427 ἐπιγείων
693 353 797 408 ,καὶ
823 350 1218 423 καταχθονίων,
1238 353 1333 404 καὶ
1353 352 1504 403 πᾶσα
1534 348 1758 418 γλῶσσα

1870 359 2235 407 verumtamen
2296 352 2351 406 in
2404 349 2617 414 futuro.
2670 365 2796 405 cum
2842 363 3007 405 omne
3033 363 3167 417 genu
3202 346 3449 404 ﬂectetur

164 453 623 525 ἐξομολογήσεται
656 446 829 517 αὐτῷ,
851 446 1027 510 οὐδεὶς
1058 444 1239 497 αὐτῶν
1260 441 1384 497 οὔτε
1410 440 1751 497 ἀποστασίαε

162 545 283 599 οὔτε
318 541 656 613 φιλονεικίας
701 538 734 610 ἢ
786 536 1010 605 ἀγνοίας
1056 537 1136 598 εἰς
1185 533 1248 586 τὸ
1281 533 1356 604 μὴ
1387 531 1615 585 συνιδεῖν
1654 528 1753 599 τὴν

165 637 308 691 κατά
330 637 551 689 πάντων
578 630 882 703 κυριότητα
913 628 1011 682 καὶ
1035 627 1097 681 τὸ
1118 622 1753 698 κράτος,ἐπιπροσθήσει

163 730 362 800 γνόφος
391 728 426 800 ἢ
455 726 648 797 ἀχλύς.

236 907 337 978 λβ’.
380 905 522 959 Ἀλλ’
564 905 702 975 ὅπερ
744 900 969 970 ἐλέγετο
1006 900 1104 971 μὲν
1135 902 1170 972 ἡ
1203 899 1331 971 περὶ
1363 898 1467 969 τῆς
1515 898 1754 969 στιγμῆς

165 1002 360 1071 σκέψις
398 999 459 1052 οὐ
493 997 655 1069 μόνον
704 997 761 1050 ἐν
805 998 921 1058 τοῖς
978 993 1360 1057 θεοπνεύστοις
1397 992 1493 1045 τοῦ
1538 991 1754 1046 Παύλου

164 1096 377 1165 ῥητοῖς,
406 1090 837 1163 κακουργήμασι
874 1086 977 1158 μὲν
1004 1087 1186 1140 δίδωσι
1222 1086 1433 1157 πλάνης
1474 1084 1752 1156 ἀφορμὰς,

161 1182 675 1255 ἀκριϐολογουμὲνη
727 1178 785 1232 δὲ
830 1178 1200 1249 καταστρέφει
1247 1177 1346 1241 τάς
1392 1177 1493 1249 τῆς
1536 1177 1756 1249 ἀπάτης

164 1276 440 1347 μηχανὰς,
477 1274 614 1328 ἀλλά
646 1273 743 1326 καὶ
786 1272 846 1324 ἐν
896 1272 1087 1335 αὑταῖς
1129 1272 1252 1332 ταῖς
1293 1270 1656 1331 Δεσποτικαίς
1692 1286 1754 1322 τε

164 1369 266 1420 καὶ
319 1368 628 1439 Κυριακαῖς
660 1367 867 1435 φωναῖς
914 1363 975 1416 οὐ
1007 1364 1108 1432 τὴν
1146 1360 1420 1432 τυχοῦσαν
1463 1362 1600 1433 πρὸς
1629 1362 1756 1417 ἐκά-

159 1480 300 1534 τερα
332 1461 519 1516 δίδωσι
563 1460 757 1532 ῥοπήν.
810 1459 874 1510 Οί
923 1457 1032 1528 γάρ
1064 1455 1221 1511 αὐτοὶ
1260 1458 1360 1527 τῆς
1412 1456 1756 1519 ἀποστασίας

160 1554 418 1626 ἐρασταὶ,
470 1551 574 1621 τῆς
628 1551 969 1622 Δεσποτικῆς
1022 1547 1385 1621 δημιουργίας
1442 1547 1504 1601 τὸ
1551 1547 1754 1619 ὡραῖον

160 1645 327 1699 τοῦτο
358 1644 452 1698 καὶ
484 1640 939 1710 θαυμασιώτατον
970 1640 1340 1713 φιλοτέχνημα
1361 1678 1376 1704 ,
1414 1638 1507 1694 τὸν
1536 1638 1755 1710 ὁρώμε-

1860 444 1936 498 illi
1972 444 2307 513 cmlestium,
2336 445 2681 501 terrestrium
2711 453 2765 499 et
2788 443 3154 505 infernorutn,
3186 452 3242 496 et
3270 442 3457 498 omnis

1863 534 2047 604 lingua
2070 536 2421 591 conﬁtebitur
2451 536 2537 598 ei;
2566 536 2728 591 nulla:
2780 536 2894 604 jam
2948 534 3018 588 ah
3056 533 3125 587 iis
3161 535 3454 601 apostasia?

1856 630 1942 683 vel
1987 631 2302 701 pertinaciae
2354 631 2435 686 vel
2466 630 2701 686 inscitiae
2758 627 3164 699 praetendentur
3188 629 3453 690 tenebrae,

1857 721 2158 790 quominus
2182 721 2273 774 Dei
2313 720 2679 775 universalem
2714 720 3062 775 dominatum
3119 718 3453 789 potentiam-

1857 829 1965 883 que
1994 823 2313 883 agnosrant.

1929 902 2019 957 ’52.
2061 902 2251 973 Atqui,
2289 910 2347 956 ut
2375 903 2642 959 hactenus
2667 904 2873 959 dictum
2907 912 3012 965 est,
3043 902 3450 973 interpunctio-

1860 994 1949 1047 nis
1982 993 2296 1048 observatio
2332 1009 2442 1048 non
2477 995 2657 1049 solum
2702 994 2756 1048 in
2787 1010 3026 1064 superne
3052 995 3250 1050 amatis
3298 993 3450 1049 l‘auli

1860 1084 2021 1138 dictis
2060 1084 2283 1139 malitiae
2307 1086 2592 1156 ert-orique
2616 1100 2806 1141 ansam
2855 1086 3084 1155 praebet,
3120 1102 3243 1157 qua:
3271 1094 3449 1140 tamen

1859 1175 1906 1229 si
1940 1182 2089 1231 recte
2118 1176 2234 1241 ﬁat,
2275 1176 2487 1234 fraudis
2516 1178 2744 1233 teclmas
2774 1178 3041 1248 dissipat:
3069 1195 3257 1234 verum
3287 1178 3451 1233 etiam

1861 1268 1916 1322 in
1967 1268 2262 1324 dominicis
2310 1270 2445 1339 ipsis
2495 1286 2768 1342 suprema:
2818 1272 3166 1327 auctoritatis
3199 1273 3445 1336 vocibus,

1858 1374 1968 1414 non
2000 1360 2274 1416 mediocre
2310 1361 2527 1431 utrique
2552 1362 2841 1418 sententia;
2873 1372 3208 1418 momentum
3235 1364 3455 1418 confert

1860 1451 2252 1521 interpunctio.
2282 1452 2531 1525 Namque
2555 1455 2719 1510 iidem
2761 1455 2862 1525 ipsi
2885 1456 3177 1525 apostasia:
3204 1456 3452 1520 asseche,

1860 1543 2169 1614 speciosum
2197 1546 2303 1601 hoc
2323 1546 2819 1617 admirandumque
2845 1548 3136 1603 dominica:
3156 1547 3456 1603 creationis

1860 1638 2175 1702 aedilicium,
2210 1638 2601 1707 aspectabilem
2655 1639 2782 1695 dico
2823 1638 3228 1709 pulchrumque
3292 1655 3456 1693 mun-

162 1753 259 1789 νον
292 1735 438 1803 λέγω
461 1735 558 1788 καὶ
594 1731 902 1805 περικαλλῆ
933 1731 1163 1802 κόσμον,
1191 1734 1251 1783 οὐ
1287 1728 1533 1786 θέλοντες
1555 1730 1756 1799 ἀνομο-

1870 1724 2020 1787 dum,
2062 1725 2197 1779 dum
2232 1724 2519 1781 Creatoris
2545 1723 2684 1796 opus
2708 1742 2831 1783 esse
2858 1736 3076 1796 negant,
3109 1727 3458 1797 incongrua:-

162 1829 348 1897 λογεῖν
381 1828 542 1900 ἔργον
572 1822 715 1880 εἶναι
758 1824 852 1880 τοῦ
886 1823 1263 1895 Δημιουργοῦ,
1296 1822 1414 1876 ἀλλ’
1449 1822 1529 1886 είς
1560 1822 1756 1893 ἑτέραν

163 1922 373 1977 ἄτοπον
403 1917 839 1989 φιλονεικοῦντες
880 1918 1178 1988 ἀναφέρειν
1199 1914 1372 1987 ἀρχὴν
1399 1915 1484 1979 τὸ,
1520 1935 1539 1968 ι
1568 1915 1757 1968 Πάντα

163 2012 234 2065 δι’
263 2012 429 2065 αὐτοῦ
484 2010 723 2080 ἐγένετο,
758 2009 854 2061 καὶ
896 2008 1066 2078 χωρὶς
1130 2006 1294 2061 αὑτοῦ
1338 2006 1557 2075 ἐγένετο
1601 2005 1756 2059 οὐδὲν

162 2106 192 2158 ὃ
213 2105 465 2173 γέγονεν,
508 2122 528 2156 ›
562 2104 662 2156 οὐκ
689 2101 950 2170 ἀγαπῶσι
980 2100 1313 2170 καταλήγειν
1355 2100 1437 2164 είς
1477 2102 1717 2170 στιγμήν
1736 2115 1754 2132 ο

167 2196 512 2268 συνείροντες
553 2193 612 2247 δὲ
640 2195 755 2258 τοῖς
798 2191 1138 2265 προλαϐοῦσι
1164 2194 1258 2245 καὶ
1284 2192 1345 2245 τὸ
1373 2193 1431 2244 ἐν
1458 2190 1630 2260 αὐτῷ,
1661 2189 1756 2244 οῦ-

164 2306 274 2352 τως
291 2287 569 2359 λήγουσαν
593 2286 692 2358 τὴν
716 2285 901 2356 φωνὴν
923 2286 1150 2355 ἀφιᾶσιν
1166 2285 1244 2349 είς
1265 2283 1525 2354 στιγμήν.
1548 2281 1646 2335 Διά
1670 2281 1753 2346 τίς

167 2380 296 2434 Ἵνα
317 2380 386 2433 τά
417 2381 477 2432 ἐν
505 2377 658 2449 αὺτῷ
684 2376 754 2431 δι’
777 2376 944 2429 αὐτοῦ
991 2375 1247 2445 γενέσθαι
1289 2374 1539 2443 λέγοντες
1572 2372 1756 2443 μόνον,

156 2474 333 2526 ,ὁποῖα
358 2472 425 2526 ἀν
445 2470 627 2526 αὐτῶν
644 2470 740 2525 καὶ⁹
758 2471 820 2524 τὸ
841 2471 1072 2541 μάταιον
1090 2470 1197 2523 τῶν
1213 2469 1493 2539 λογισμῶν
1512 2466 1759 2521 ἀναπλά-

170 2580 283 2627 σοι,
332 2563 442 2615 τῶν
495 2563 801 2632 γεγονότων
851 2561 1057 2616 λοιπῶν
1095 2562 1353 2615 ἁπάντων
1400 2560 1500 2630 τὴν
1544 2559 1758 2628 γένεσιν

166 2655 338 2709 αὐτὸν
356 2654 705 2726 ἀφαιρήσωσι
723 2654 817 2708 καὶ
833 2653 1220 2724 δημιουργίαν.
1239 2653 1427 2723 Ὁρᾷς,
1442 2652 1536 2705 καὶ
1552 2646 1612 2706 οῦ
1625 2652 1761 2722 βρα-

168 2747 405 2818 κότερον
420 2747 520 2799 οὐκ
536 2745 686 2800 ἐστιν
700 2745 900 2817 εὑρεῖν,
916 2748 992 2816 μὴ
1008 2748 1078 2815 τῇ
1096 2743 1382 2815 πρεπούσῃ
1394 2743 1573 2815 κρίσει
1592 2742 1761 2796 καθυ-

171 2838 475 2909 ποϐληθέν,
495 2839 625 2892 οἴων
647 2839 866 2893 ἀτόπων
882 2855 943 2892 τε
974 2839 1070 2892 καὶ
1087 2837 1534 2892 δυσσεϐεστάτων
1549 2836 1761 2908 νοημά-

165 2947 283 2982 των
298 2928 523 3000 ἀφορμὴ
545 2931 659 2993 τοῖς
674 2928 933 2983 ἀσεϐοῦσι
957 2929 1287 2982 καθίσταται
1311 2929 1407 2982 καὶ
1429 2928 1722 2998 καταφυγή
1744 2943 1764 2993 ;

1858 1832 1966 1886 que
1982 1817 2074 1871 alii
2101 1816 2297 1884 origini
2318 1818 2557 1873 tribuere
2582 1821 2822 1884 student,
2848 1819 3178 1874 locutionem
3209 1838 3228 1871 ι
3260 1819 3455 1872 Omnia

1858 1924 1957 1979 per
1988 1910 2167 1980 ipsum
2199 1909 2342 1965 facta
2370 1919 2521 1977 sunt,
2551 1920 2605 1966 et
2639 1913 2757 1967 sine
2799 1911 2917 1981 ipso
2960 1910 3166 1965 factum
3199 1921 3284 1966 est
3310 1912 3451 1965 nihil

1859 2003 2004 2072 quod
2033 2004 2235 2057 factum
2257 2013 2340 2058 est
2360 2004 2502 2068 °’°",
2533 2023 2552 2057 ι
2578 2004 2773 2058 nolunt
2794 2003 3235 2072 interpunctione
3262 2002 3451 2070 linire;

1859 2095 1955 2149 sed
2007 2095 2262 2165 copulata
2330 2109 2457 2151 cum
2525 2096 2906 2167 superioribus
2963 2107 3227 2168 sequente
3286 2098 3453 2152 etiam

1859 2187 2104 2243 dictione
2134 2189 2189 2242 in
2232 2188 2366 2255 ipso,
2432 2200 2546 2243 tum
2600 2189 2820 2242 demum
2856 2189 3143 2259 periodum
3170 2190 3460 2260 interpun-

1858 2280 2039 2335 ctione
2060 2281 2418 2335 concludunt.
2445 2281 2596 2336 Cur?
2631 2281 2886 2337 videlicet
2916 2292 2974 2337 ut
3002 2298 3066 2338 ea
3097 2292 3375 2352 quaasunt
3402 2282 3458 2336 in

1861 2373 2002 2443 ipso,
2063 2374 2448 2429 tantummodo
2484 2374 2673 2429 dicant
2724 2373 2866 2429 facta
2926 2390 3021 2443 per
3075 2375 3254 2445 ipsum
3289 2375 3464 2445 (quae-

1859 2484 2076 2538 cunque
2120 2469 2238 2524 haec
2291 2469 2511 2525 demum
2570 2471 2734 2526 stulta
2761 2485 2917 2524 mens
2947 2468 3166 2524 illorum
3202 2470 3306 2524 sibi
3337 2483 3462 2524 esse

1860 2561 2182 2630 contingit);
2214 2571 2537 2616 caterarum
2571 2572 2757 2617 autem
2804 2577 2987 2617 rerum
3023 2563 3297 2628 omniutn,
3332 2576 3467 2632 qua:

1862 2654 2020 2709 factae
2059 2656 2301 2717 fuerunt,
2338 2652 2514 2709 Verbo
2553 2654 2809 2710 auferant
2840 2656 3107 2725 originem
3130 2665 3183 2709 et
3216 2654 3459 2710 creatio-

1862 2760 2011 2803 nem.
2054 2743 2188 2799 Hem
2230 2760 2342 2808 res,
2403 2760 2512 2815 qua
2563 2746 2711 2800 nulla
2761 2747 2943 2801 minor
2998 2747 3230 2802 inveniri
3255 2756 3454 2817 potest.

1863 2852 2027 2909 quam
2057 2837 2418 2892 absurdarum
2449 2836 2851 2908 impiarumque
2867 2839 3189 2908 opinionum
3207 2838 3459 2894 scelestis

1864 2931 2182 2988 hominibus
2221 2946 2412 2987 ansam
2444 2931 2705 2987 obtulerit
2732 2947 2796 2986 ac
2822 2930 3165 3001 perfugium!

242 3028 351 3090 ιγ’.
386 3023 500 3075 Οὐκ
527 3021 711 3091 ἀγνοῶ
736 3021 795 3075 δὲ
820 3022 895 3085 ὡς
943 3023 1040 3076 καὶ
1065 3021 1229 3086 ἀλλας
1262 3020 1417 3086 τινάς
1446 3022 1763 3075 ἐπαναστά-

1937 3026 2028 3083 35.
2068 3024 2184 3080 Non
2247 3025 2436 3081 nescio
2496 3025 2622 3080 aliis
2681 3039 2905 3095 quoque
2972 3022 3468 3079 sollicitationibus

170 3132 291 3178 σεις
333 3116 368 3184 ἠ
414 3114 737 3177 αὑτόλεκτος
784 3112 928 3185 αῦτη
969 3114 1067 3167 καὶ
1115 3112 1423 3185 Δεσποτικὴ
1456 3114 1610 3185 παρά
1657 3113 1758 3185 τὴν

168 3206 348 3278 αὐτὴν
387 3205 568 3260 αἰτίαν
609 3205 816 3277 ὑπέστη
853 3209 1031 3277 φωνή.
1070 3208 1129 3259 ὐ
1168 3206 1268 3277 μὲν
1298 3206 1405 3276 γὰρ
1438 3203 1620 3268 κοινὸς
1658 3204 1760 3274 τῆς

166 3298 439 3369 ἀληθείας
463 3299 558 3351 καὶ
582 3297 916 3369 ἀπερίεργος
949 3297 1107 3366 λόγος
1146 3299 1285 3367 μετά
1307 3295 1389 3360 τὸ,
1428 3314 1447 3347 ι
1478 3296 1665 3349 Πάντα
1690 3294 1761 3347 δι’

169 3389 345 3444 αὑτοῦ
383 3389 622 3458 ἐγένετο,
665 3390 762 3443 καὶ
803 3391 975 3460 χωρίς
1005 3388 1171 3442 αὑτοῦ
1210 3388 1431 3458 ἐγένετο
1465 3387 1587 3441 οὐδὲ
1637 3386 1696 3439 ἒν
1733 3385 1766 3438 ὃ

167 3483 453 3552 γέγονεν.»
483 3481 558 3544 ὡς
584 3481 679 3535 καὶ
701 3481 1046 3557 προείρηται,
1079 3479 1253 3544 οὕτως
1275 3482 1470 3549 ἐπάγει
1490 3480 1588 3551 τὴν
1614 3496 1766 3556 στιγέ-

173 3574 313 3645 μήνο
346 3573 397 3625 οἱ
425 3572 483 3627 δὲ
514 3571 757 3637 στίζουσι
789 3571 889 3643 μὲν
932 3570 1072 3643 μετά
1091 3573 1153 3625 τὸ
1184 3571 1359 3637 οὐδὲν,
1388 3570 1565 3641 ἀρχῆς
1589 3570 1646 3624 δὲ
1670 3569 1763 3623 ἀπ’

169 3666 346 3735 ἄλλης
390 3664 756 3735 προφέροντες
802 3662 884 3729 τὸ,
942 3664 1048 3716 οὋ
1097 3662 1320 3732 γέγονεν
1360 3664 1419 3715 ἐν
1456 3661 1606 3733 αὐτῷ
1650 3658 1771 3732 ζωὴ

168 3752 298 3828 ἧν,›
336 3756 464 3810 νοῦν
499 3757 599 3827 μὲν
626 3758 929 3825 ἀναγκαῖον
954 3755 1143 3811 οὐδένα
1172 3754 1446 3827 δηλοῦσιν,
1483 3755 1765 3824 ἀνοίγουσι

169 3850 232 3903 δέ
271 3851 391 3912 τοῖς
428 3848 775 3919 βουλομένοις
821 3846 893 3901 τὰ
942 3848 1183 3918 μυστικά
1230 3847 1325 3899 καὶ
1353 3845 1556 3917 φρικτά
1593 3845 1765 3916 κάλλη

170 3942 287 3995 τῶν
321 3941 486 4012 ἱερῶν
510 3941 668 4012 ἡμῶν
684 3940 895 4011 Λογίων
919 3939 1306 4012 κατορχεῖσθαι
1335 3940 1598 3993 πλατεῖαν
1624 3939 1762 3994 ὁδόν.

174 4037 242 4090 Τί
276 4036 393 4108 γὰρ
422 4036 540 4089 ἐνὸν
563 4034 850 4106 ἀρκεῖσθαι
873 4036 985 4097 τοῖς
1005 4034 1369 4105 ἐγνωσμένοις
1391 4035 1484 4088 καὶ
1509 4033 1769 4087 κάλλιστα

172 4131 279 4201 τῆς
308 4127 610 4199 ἑρμηνείας
636 4127 872 4197 ἔχουσιν,
919 4126 1310 4198 ὑπερορῶντας
1345 4124 1522 4178 ταῦτα
1558 4125 1766 4196 ζητεῖν,

173 4228 293 4286 τοίς
327 4221 498 4293 μηδὲν
523 4223 711 4290 ὅμοιον
742 4218 1129 4289 κεκτημένοις,
1170 4216 1471 4288 καινότητα
1506 4218 1563 4271 δέ
1610 4217 1771 4288 μόνον

173 4314 599 4390 χαριζομένοις,
641 4309 1086 4376 καλλωπίζεθαι;
1126 4310 1235 4365 Καὶ
1265 4310 1326 4363 οὐ
1358 4309 1502 4364 κατὰ
1541 4310 1764 4365 πάντων

1869 3116 2013 3174 hanc
2043 3119 2214 3188 ipsam
2242 3118 2568 3173 locutionem
2608 3116 2937 3172 dominicam
2968 3117 3159 3172 eadem
3187 3117 3256 3171 de
3289 3132 3467 3172 causa.

1867 3210 2160 3265 obnoxiam
2196 3208 2385 3264 fuisse.
2425 3206 2572 3263 Sane
2604 3209 2914 3263 communis
2960 3216 3016 3263 et
3049 3209 3283 3277 ingenua
3310 3209 3467 3264 veri-

1870 3300 1999 3355 tatis
2049 3300 2189 3354 ratio
2239 3308 2362 3369 post
2408 3300 2574 3354 verba
2613 3316 2633 3350 ι
2674 3299 2872 3353 Omnia
2942 3314 3038 3369 per
3086 3299 3266 3369 ipsum
3315 3299 3469 3355 facta

1871 3402 2018 3459 sunt,
2048 3400 2102 3447 et
2146 3394 2263 3447 sine
2292 3392 2414 3462 ipso
2443 3391 2647 3447 factum
2678 3402 2762 3448 est
2804 3392 2940 3447 nihil
2983 3394 3126 3463 quod
3160 3392 3388 3458 factum,
3432 3413 3465 3445 »ν

1872 3483 2387 3553 interpunctionem,
2424 3492 2482 3538 ut
2502 3483 2615 3553 jam
2646 3483 2909 3549 diximus,
2945 3485 3120 3553 ponit.
3140 3485 3243 3538 Alii
3274 3495 3470 3540 tamen-

1872 3578 2267 3649 interpungtmt
2327 3585 2450 3648 post
2473 3576 2647 3630 nihil:
2694 3586 2807 3631 tum
2860 3576 3027 3630 veluti
3072 3592 3139 3631 ex
3167 3578 3277 3632 alio
3303 3579 3472 3633 initio

1872 3669 2236 3740 proferentes.
2272 3687 2291 3719 ι
2334 3667 2492 3735 Quod
2514 3667 2718 3722 factum
2758 3677 2842 3722 est
2872 3667 2925 3720 in
2955 3667 3078 3737 ipso
3108 3668 3218 3721 vita
3259 3677 3400 3733 erat,
3434 3688 3453 3719 ι

1874 3778 2099 3819 sensum
2154 3760 2375 3831 quidem
2431 3760 2693 3814 idoneum
2748 3758 2963 3813 nullum
3011 3758 3292 3825 aﬂ‘erunt;
3344 3760 3461 3815 imo

1874 3857 2039 3911 latam
2076 3854 2219 3909 viam
2246 3863 2508 3925 sternunt
2538 3852 2625 3918 iis,
2652 3852 2746 3923 qui
2786 3867 3067 3907 sacrorum
3100 3853 3391 3923 mysticum
3407 3861 3466 3907 et

1875 3957 2172 4020 augustum
2231 3945 2585 4001 oraculorum
2663 3954 2983 4000 nostrorum
3032 3945 3204 4001 decus
3257 3945 3465 4001 violare

1876 4043 2138 4113 gestiunt.
2175 4038 2288 4095 Cur
2312 4038 2459 4093 enim
2499 4053 2624 4093 cum
2656 4037 2815 4092 liceat
2845 4037 3075 4108 probata
3108 4046 3161 4091 et
3206 4037 3464 4108 pulcher.

1876 4136 2016 4190 rima
2049 4130 2506 4203 interpretatione
2544 4145 2668 4186 esse
2705 4130 2980 4185 contentis
3002 4170 3022 4196 ,
3054 4144 3174 4193 cur,
3211 4129 3465 4200 inquam,

1878 4223 1981 4278 hac
2010 4228 2219 4291 spreta,
2250 4218 2520 4291 captanda
2547 4226 2633 4273 est
2651 4217 2887 4272 aliorum
2912 4232 3175 4272 sensuum
3206 4215 3471 4286 gloriola,

1877 4315 1971 4386 qui
2031 4313 2171 4383 :equi
2234 4312 2498 4382 ponderis
2546 4310 2683 4365 nihil
2713 4310 2934 4370 habent,
2961 4309 3188 4364 novitati
3218 4318 3466 4363 tantum—

174 4410 345 4479 φέρω
382 4406 482 4478 τὴν
517 4404 722 4476 ψῆφον,
778 4403 895 4457 ἀλλ’
938 4398 1015 4459 ὧν
1047 4404 1082 4474 ἡ
1123 4401 1320 4473 γνώμη
1371 4402 1652 4471 τὸνλόγον
1681 4420 1764 4474 μοι

1878 4406 2040 4461 modo
2070 4402 2413 4469 relincuntur
2434 4402 2460 4456 ’ἒ
2505 4400 2698 4471 Neque
2748 4401 3014 4456 adversus
3044 4416 3239 4456 omnes
3269 4401 3465 4456 suﬂra-

174 4502 461 4555 δείκνυσιν
491 4496 917 4567 ἐπαληθεύοντα.
947 4494 1146 4565 Ἀρχει
1174 4495 1233 4549 δὲ
1258 4496 1358 4566 τῆς
1392 4495 1514 4549 ὁδοῦ
1546 4493 1781 4566 ταύτης,

175 4596 282 4648 ὅσα
316 4609 390 4662 γε
433 4592 539 4661 τὴν
584 4589 726 4661 ἐμὴν
770 4588 871 4642 οὐκ
916 4587 1068 4641 ἔλιπε
1110 4588 1355 4659 μνήμην,
1399 4589 1432 4642 ὁ
1459 4587 1777 4660 πολυμαθὴς

179 4688 282 4757 μὲν
317 4684 484 4738 οὐδὲν
521 4682 577 4735 δὲ
632 4676 798 4753 ἦττον
840 4678 878 4751 ἦ
928 4677 1277 4750 πολυπλανὴς
1315 4678 1598 4751 Ὠριγένης
1639 4679 1775 4750 (εδ)-

176 4780 474 4851 ἐκδέχεται
519 4777 580 4830 δέ
610 4774 713 4846 τὴν
754 4771 988 4845 μίμησιν
1012 4774 1041 4825 ὁ
1070 4773 1534 4851 Πνευματομάχος
1580 4769 1779 4843 [Mace-

175 4868 411 4943 donius]
448 4910 463 4935 ,
502 4871 551 4923 εί
575 4868 673 4923 καὶ
700 4866 779 4938 μὴ
816 4866 919 4936 τῆς
958 4864 1284 4928 δυσσεϐείας
1314 4864 1396 4933 (οὐ
1429 4864 1540 4936 γὰρ
1578 4864 1694 4935 ἀμα
1720 4880 1776 4917 τε

176 4966 279 5037 τὴν
318 4962 562 5036 στιγμὴν
601 4962 810 5025 ἐκεῖνος
851 4956 1190 5030 ὑπερετίθει,
1249 4956 1346 5010 καὶ
1386 4956 1488 5026 τὴν
1517 4956 1777 5011 ἀσέϐειαν

177 5057 271 5111 διὰ
322 5053 425 5109 τοῦ
470 5051 637 5127 ῥητοῦ
674 5048 1111 5124 μετεδίδασκεν),
1149 5044 1266 5100 ἀλλ’
1301 5044 1397 5099 οῦν
1420 5061 1485 5114 γε
1515 5045 1619 5115 τῆς.
1644 5044 1774 5116 περὶ

256 5173 383 5205 ⁶⁹·⁷⁸
410 5169 573 5225 loan.
610 5182 650 5234 ι,
678 5167 733 5221 3.

1874 4502 2020 4571 gium
2047 4497 2186 4564 fero,
2218 4498 2311 4553 sed
2343 4506 2535 4551 contra
2584 4512 2679 4550 eos
2723 4511 2969 4565 quorum,
3002 4495 3249 4550 doctrina
3277 4510 3462 4549 veram

1874 4604 1996 4645 esse
2045 4587 2291 4658 coarguit
2342 4585 2828 4655 reprehensionem
2891 4601 3099 4641 meam.
3138 4583 3290 4641 lianc
3315 4587 3469 4640 viam

1874 4681 2087 4751 primus
2114 4681 2398 4750 ingressus
2416 4687 2521 4743 est,
2552 4678 2656 4732 nisi
2699 4691 2825 4731 mea
2870 4691 2959 4731 me
3005 4677 3265 4730 memoria
3308 4675 3474 4744 l'allit,

1875 4768 2230 4824 doctissimus
2299 4766 2392 4821 ille
2462 4780 2640 4836 neque
2701 4764 2887 4818 minus
2959 4777 3209 4817 errorum
3277 4764 3482 4835 plenus-

1883 4858 2164 4926 Origenes.
2190 4854 2404 4925 Excipit
2462 4853 2630 4923 hujus
2685 4853 2993 4922 exemplum
3026 4851 3200 4907 sancti
3233 4853 3484 4921 Spiritus

1884 4958 2262 5020 oppugnatur;
2311 4960 2629 5017 quanquam
2663 4960 2820 5001 suam
2858 4946 3187 5015 peculiarem
3219 4945 3476 5003 haeresim

1881 5042 1950 5096 ab
1965 5057 2031 5095 eo
2050 5056 2158 5103 non
2183 5036 2597 5107 hausit.»Neque
2617 5036 2762 5093 enim
2783 5033 3048 5109 Origenes
3067 5036 3195 5091 dum
3220 5038 3471 5095 transfer

1736 5275 1970 5334 ΝΟΤκΕ.

255 5413 377 5485 (25)
410 5409 670 5485 Scholion
730 5407 784 5485 in
832 5404 1022 5485 codice
1075 5404 1316 5485 quodam
1342 5404 1467 5485 γει.
1498 5412 1701 5485 ιιιιιςιιιλ
1729 5402 1788 5456 in

180 5473 462 5539 Joainﬁsic
493 5482 695 5535 habet:
733 5477 929 5531 Ἰστέον
974 5475 1050 5538 ὼς
1094 5473 1481 5542 Ἆπολινάριος
1518 5474 1615 5526 καὶ
1648 5473 1790 5542 Ὠρι-

183 5556 371 5625 γένης
391 5553 484 5625 καὶ
516 5546 959 5625 Κύριλλος-κατά
989 5546 1090 5625 τῂν
1122 5545 1502 5625 διαϐληθεῖσαν
1540 5543 1791 5625 ἀνάγνω-

183 5604 636 5690 anisum;-
684 5604 822 5673 ἀλλά
861 5616 952 5690 τὰ.
982 5604 1080 5690 μὲν
1122 5604 1533 5690 __‘l_\1:o)t'tvgpltp_
1556 5604 1791 5690 ῥηθέντα

180 5683 395 5768 παρεὶς
413 5691 703 5762 ἀδιανόητα
729 5690 881 5757 ὄντα,
900 5686 967 5741 τά
983 5683 1156 5758 ’Κυρίὶ
1167 5686 1258 5741 λου
1282 5683 1497 5758 πρῶτον
1518 5683 1789 5741 ἐκθετέον*

1895 5395 1995 5453 εἶθ’
2040 5398 2215 5464 οὕτως
2259 5399 2331 5454 τά
2380 5399 2913 5472 Ὤριγένουςλπόῤῥω
2954 5396 3056 5472 τῇς
3078 5397 3493 5472 γεγραμμένης

1896 5473 2235 5541 κατηγορίας
2265 5469 2865 5541 ὑπάρχονταθιοίεθιιίε
2887 5479 2940 5524 et
2967 5469 3148 5539 Cyrilli
3170 5470 3270 5523 loci
3296 5469 3496 5537 legun-

1898 5550 1988 5595 tur
2011 5543 2189 5596 adhuc
2231 5542 2283 5594 in
2328 5556 2517 5594 eorum
2577 5542 2965 5610 superstitibus
3010 5541 3075 5594 ad
3115 5542 3269 5593 Joan.
3316 5542 3496 5610 Com-

1897 5612 2201 5665 mentariis.
2249 5611 2569 5680 Apollinarii
2614 5609 2780 5666 verba
2830 5612 2883 5666 in
2917 5611 3069 5666 nullo
3102 5610 3373 5665 Vaticana
3400 5609 3498 5665 b't-

1897 5682 2186 5737 bliothecac
2214 5684 2402 5737 codice
2432 5680 2673 5737 invenio.

1978 5693 2186 5737 οιιιυοω
2214 5693 2402 5738 ροιιιριι
2433 5696 2673 5737 invento.
