3916 6192
220 263 303 331 m
1277 248 1377 328 AD
1411 263 2009 327 AMPHILOCHIUM
2047 261 2394 326 OU/ESTIO
2433 264 2483 325 ι.
3432 263 3507 327 ιιι

225 376 401 446 μεθα.
455 376 523 429 Ἦ
548 375 595 429 δ’
621 369 716 431 οῦν
752 376 845 430 ἐπὶ
873 377 989 440 τοῖς
1030 376 1345 449 εἰρημένοις
1392 378 1672 449 γυμνασία
1717 380 1813 429 οὐκ

1919 372 2141 443 quidem
2161 372 2552 443 praedictarum
2572 370 3067 427 controversiarum
3110 372 3284 429 solers
3310 378 3501 445 cogni-

222 471 291 522 ιν
320 468 509 533 αὐτοῖς
544 468 710 540 μόνον
742 468 1081 543 περιγράφει
1108 470 1172 526 τὸ
1208 472 1503 543 χρήσιμον,
1529 469 1732 541 πολλὴν
1751 468 1811 523 δὲ

224 556 431 629 ῥώμην
479 560 575 613 καὶ
617 560 819 632 κράτος
862 562 1094 633 παρέχει
1133 562 1271 633 πρὸς
1312 563 1375 616 τὸ
1416 563 1518 633 τὴν
1551 560 1813 632 ἀλήθειαν

226 650 550 721 μεθοδεύειν
583 655 681 707 καὶ
718 654 1072 722 διευκρινεῖν,
1107 654 1205 709 καί
1233 653 1301 708 τά
1331 655 1516 725 ὃμοια.
1554 652 1664 709 Καὶ
1703 651 1812 722 γὰρ

218 743 332 796 ὃσα
358 743 429 796 δι’
456 744 750 816 ὑπέρθεσιν
788 745 964 814 λόγων
1003 747 1037 816 ἢ
1072 748 1335 818 ῥημάτων
1370 747 1406 819 ἢ
1439 746 1743 818 ὀνομάτων,
1773 744 1807 816 ἢ

219 834 438 889 τούτων
470 836 708 908 ἔλλειψιν
736 837 831 892 καὶ
854 838 1185 911 περικοπὴν,
1215 840 1249 910 ἢ
1281 839 1492 913 τροπὴν
1512 839 1607 893 καί
1642 855 1810 910 μεταο

223 928 436 997 φοράν,
486 929 567 992 εἰς
612 930 916 1000 ἀμφίϐολον
961 932 1055 984 καὶ
1094 932 1414 1003 μαχομένην
1443 932 1680 986 διάνοιαν
1715 948 1812 983 συ-

221 1020 579 1084 σκευάζεται.
605 1022 699 1074 καὶ
722 1020 898 1077 ταῦτα
928 1021 958 1073 6
993 1024 1111 1086 ταῖς
1139 1022 1461 1093 εἰρημέναις
1494 1020 1809 1092 ἔμπροσθεν

218 1109 447 1179 ἐφόδοις
471 1110 983 1181 έγγυμνασάμενος,
1007 1112 1107 1182 τὴν
1144 1112 1244 1182 τῆς
1266 1110 1555 1182 ἀκριϐείας
1578 1110 1809 1181 βάσανον

219 1200 512 1255 κάνταῦθα
546 1200 781 1268 καθιεὶς,
826 1202 889 1255 ού
919 1202 1173 1273 χαλεπῶς
1215 1218 1277 1256 τε
1304 1201 1367 1255 τὸ
1395 1202 1809 1272 συγκεχυμένον

216 1293 515 1365 διακρινεῖ,
546 1293 640 1346 καὶ
672 1294 734 1347 τὸ
775 1294 1247 1366 περιτρεπόμενον
1280 1286 1385 1348 ὦδε
1416 1295 1644 1348 κακεῖσε
1672 1292 1808 1362 πρὸς

221 1381 333 1452 τῆν
386 1384 486 1452 τῆς
527 1382 787 1454 ἀληθείας
817 1384 1036 1454 ὲδράσει
1084 1385 1401 1453 διάγνωσιν.
1443 1382 1653 1438 Αὐτίκα
1691 1383 1810 1446 πῶς

215 1476 330 1527 οὐκ
358 1475 568 1528 ἐκεῖθεν
594 1477 737 1547 πρὸς
764 1475 985 1547 ἔλεγχον
1011 1477 1195 1548 ῥᾴδιον
1219 1477 1249 1531 δ
1273 1476 1334 1532 τὸ
1360 1477 1472 1531 τῶν
1492 1476 1808 1548 Ἀνθρωπο-

222 1566 518 1636 μορφιτῶν
564 1568 719 1635 γένος
772 1569 1251 1639 ἀπεϐουκόλησενς
1287 1569 1574 1640 Ἀφορμάς
1618 1569 1729 1639 γάρ
1779 1568 1809 1619 6

218 1656 413 1710 λαϐὼν
452 1657 549 1721 τάς
594 1658 653 1711 έν
700 1662 813 1723 τοῖς
852 1660 1117 1724 τοιούτοις
1156 1660 1422 1733 διαφορὰς
1456 1663 1621 1714 ἑπισκ
1657 1662 1803 1721 πεῖν.

1912 468 1993 521 tio
2014 480 2123 521 non
2157 466 2213 520 in
2241 465 2328 520 his
2350 464 2525 520 solum
2564 464 2848 519 utilitatem
2880 480 3035 519 suam
3070 466 3498 535 circumscribit,

1913 558 2007 614 sed
2057 572 2286 628 magnas
2311 556 2459 612 vires
2500 556 2773 626 roburque
2794 555 2947 610 addit
2971 556 3037 610 ad
3081 558 3363 611 veritatem
3392 559 3499 612 eli-

1913 649 2164 704 ciendam
2200 648 2752 718 discernendumque,
2791 659 2843 703 et
2872 649 2939 703 ad
2970 660 3166 704 caetera
3197 648 3494 717 ejusmodi.

1911 739 2049 795 Nam
2101 756 2443 810 quacunque
2489 740 2561 794 ob
2588 741 2999 795 translationem
3027 742 3368 796 locutionum
3398 749 3498 795 aut

1911 835 2203 890 verborum
2267 846 2359 891 aut
2413 835 2722 903 nominum,
2769 845 2865 890 aut
2892 837 2962 890 ob
3001 837 3193 892 horum
3221 838 3495 892 defectum

1910 942 1977 983 ac
1999 928 2439 993 subductionem,
2461 928 2545 983 vel
2568 930 2980 985 conversionem
3005 945 3069 984 ac
3097 931 3497 1000 metaphoram,

1911 1018 2223 1089 ambiguam
2256 1028 2696 1091 pugnantemque
2738 1021 3064 1075 sententiam
3108 1020 3338 1085 faciunt,
3374 1023 3493 1074 haec

1911 1107 2003 1164 ille
2049 1108 2103 1163 in
2135 1110 2411 1177 praedictis
2440 1111 2803 1166 solutionibus
2843 1112 3137 1173 exercitus,
3161 1111 3495 1181 exploratio-

1910 1199 1998 1254 nis
2049 1202 2305 1256 acumine
2348 1202 2454 1256 hue
2496 1203 2781 1263 translato,
2823 1203 2966 1257 haud
2989 1219 3130 1273 aegre
3174 1216 3229 1258 et
3258 1203 3493 1257 confusa

1909 1288 2206 1355 discernet,
2237 1302 2293 1347 et
2329 1308 2444 1348 rem
2474 1293 2620 1348 uitro
2666 1295 2920 1363 citroque
2951 1294 3236 1362 jactatam,
3271 1296 3325 1349 iu
3356 1295 3499 1349 veri-

1912 1384 2040 1439 tatis
2068 1385 2277 1439 lumine
2296 1385 2664 1440 conStabiliet.
2694 1383 2887 1439 Nonne
2928 1386 3056 1439 hinc
3091 1386 3301 1440 scilicet
3339 1385 3498 1441 facile

1909 1482 1991 1528 est
2029 1488 2329 1545 coarguere
2374 1474 2428 1530 id
2493 1474 2641 1545 quod
2698 1475 3267 1545 anthropomorphitis
3310 1476 3493 1531 fucum

1910 1559 2071 1617 fecit?
2106 1561 2302 1619 Noster
2326 1563 2471 1618 enim
2502 1563 2729 1619 criticus
2758 1563 3069 1619 facultatem
3096 1566 3325 1636 adeptus
3347 1567 3500 1621 diffe-

1911 1653 2120 1709 rentias
2169 1655 2494 1710 observandi
2521 1670 2644 1725 qua:
2693 1658 2747 1710 in
2792 1657 2875 1710 his
2901 1657 3070 1726 tropis
3094 1671 3406 1724 occurrunt,
3441 1668 3497 1713 et

218 1752 328 1821 τὴν
356 1750 413 1804 δέ
438 1750 700 1822 σύγχυσιν
735 1752 935 1824 πολλὴν
960 1753 1061 1825 τὴν
1090 1722 1301 1825 πλάνην
1321 1722 1681 1827 ’ἐργάζεσθαῃ
1718 1755 1809 1808 εύ-

1917 1745 2059 1814 quod
2093 1745 2346 1801 confusio
2380 1750 2582 1801 multos
2603 1762 2823 1803 errores
2859 1750 3021 1817 paril,
3056 1751 3241 1805 statim
3282 1752 3498 1806 noverit

219 1842 329 1907 θὺς
359 1844 577 1913 ἐπέγνω
615 1844 709 1898 καὶ
742 1845 1097 1909 διεστείλατο.
1125 1847 1292 1918 άλλην
1325 1848 1424 1918 μὲν
1443 1847 1639 1919 χρῆσιν
1665 1847 1811 1917 ἔχειν

219 1934 297 1987 τά
319 1933 462 1988 κατὰ
490 1934 826 2004 μεταφορὰν.
852 1935 1024 2005 ἄλλην
1051 1936 1109 1988 δὲ
1136 1935 1234 2005 τὴν
1264 1936 1365 2007 τῆς
1393 1936 1595 2002 λέξεως
1619 1937 1811 2008 κυριόο

219 2041 389 2095 τητα.
431 2020 535 2078 Ὧν
559 2025 716 2078 οὐδὲν
744 2024 837 2079 ἐπὶ
868 2025 996 2081 νοῦν
1017 2027 1086 2081 τὰ
1116 2027 1373 2098 αἱρετικά
1399 2026 1634 2081 λαϐόντα
1675 2044 1810 2098 φροο

218 2116 451 2187 νήματα
474 2161 491 2184 ,
544 2117 646 2170 ὅσα
690 2116 968 2189 τροπικῶς
1014 2120 1109 2171 καὶ
1155 2118 1299 2173 κατά
1349 2119 1663 2190 μεταφορὰν
1715 2118 1812 2171 ἐπὶ

222 2206 367 2262 θεοῦ
405 2205 645 2278 εἴρηται,
668 2206 881 2278 τροπῆς
915 2207 1011 2262 καὶ
1040 2207 1320 2278 άτρέπτου
1356 2208 1544 2279 φωνῆς
1580 2210 1643 2263 οὐ
1683 2208 1809 2280 βου-

220 2300 489 2371 ληθέντες
511 2299 744 2355 συνιδεῖν
767 2301 1082 2372 ἑτερότητα,
1114 2301 1214 2373 τὴν
1243 2301 1423 2373 ἁπλῆν
1443 2304 1537 2356 καί
1565 2302 1809 2373 ἄληπτον

223 2392 327 2447 καὶ
373 2392 787 2463 ἀσχημάτιστον
815 2393 1008 2446 οὐσίαν
1038 2392 1133 2447 τοῦ
1158 2393 1317 2459 Θεοῦ,
1353 2394 1435 2448 ὅτι
1484 2396 1677 2465 χεῖρας
1714 2396 1810 2449 καὶ

226 2482 400 2546 πόδας
430 2484 524 2537 καὶ
543 2482 855 2553 ὀφθαλμοὺς
882 2483 976 2536 καί
998 2483 1358 2554 ὀσφραίνεθαι
1388 2486 1485 2538 καὶ
1514 2486 1691 2555 στόμα
1713 2485 1811 2539 καὶ

222 2576 425 2645 λόγους
475 2576 743 2648 ῆκουσαν,
792 2577 1325 2646 όμοιοσχημάτιστον
1372 2580 1505 2649 ημῖν
1537 2576 1599 2633 τὸ
1653 2579 1810 2632 Θείον

222 2666 511 2731 δυσσεϐῶς
538 2684 600 2720 τε
622 2666 719 2721 καὶ
740 2666 1018 2732 ἀσυνέτως
1043 2668 1371 2724 ὲπλάσαντο.

300 2836 397 2892 λε’.
432 2835 591 2893 Οῦτω
612 2837 745 2908 γοῦν
765 2838 863 2895 καὶ
892 2840 947 2894 εἰ
973 2858 1024 2896 τι
1056 2841 1187 2897 ἄλλο
1213 2841 1323 2895 τῶν
1348 2844 1510 2915 ἰερῶν
1539 2846 1812 2918 Γραμμά-

226 2950 340 2986 των
380 2933 411 2985 6
453 2931 746 3005 αἰρετίξων
786 2932 818 3003 ἢ
860 2935 889 2987 6
925 2933 1228 3002 φιλόνεικος
1256 2937 1512 3006 ἁρπάσας
1556 2939 1812 3011 λογισμὸς

229 3022 371 3092 πρὸς
405 3021 726 3074 δυσσέϐειαν
772 3022 805 3092 ἢ
837 3022 1073 3092 ἀπορίαν
1104 3024 1331 3078 έλκῦσαι
1357 3025 1807 3100 φιλονεικήσειεν,

1911 1846 2076 1907 atque
2105 1838 2422 1907 distinguet.
2449 1839 2617 1894 alium
2657 1856 2778 1894 esse
2805 1857 2967 1895 usum
2994 1858 3187 1897 eorum
3213 1859 3333 1913 quze
3361 1860 3487 1899 eum

1912 1926 2228 1997 metaphora
2259 1928 2536 1994 dicuntur,
2595 1930 2764 1983 alium
2798 1946 2988 1985 eorum
3035 1948 3160 2001 quae
3190 1933 3493 1987 secundum

1910 2017 2168 2073 dictionis
2197 2020 2582 2089 proprietatem
2617 2039 2632 2077 :
2671 2037 2904 2092 quorum
2939 2038 3062 2077 cum
3104 2023 3241 2078 nihil
3277 2024 3495 2079 haereti-

1910 2108 1992 2163 cis
2019 2108 2075 2163 in
2126 2119 2364 2166 mentem
2398 2112 2658 2178 venisset,
2714 2112 2767 2167 hi
2811 2129 3156 2185 quaecunque
3183 2130 3308 2170 cum
3334 2124 3497 2187 tropo

1912 2211 1978 2252 ac
1996 2199 2313 2265 metaphora
2340 2199 2407 2255 de
2439 2199 2549 2256 Deo
2581 2200 2861 2266 dicuntur,
2914 2218 3038 2257 cum
3098 2204 3305 2259 nollent
3348 2207 3493 2273 tropi

1911 2302 2005 2346 aut
2025 2291 2322 2348 immutatae
2346 2293 2497 2347 vocis
2526 2308 2827 2364 agnoscere
2851 2293 3262 2361 diversitatem;
3288 2296 3501 2367 simpli-

1911 2399 2029 2439 cem
2060 2393 2115 2439 ct
2141 2385 2747 2456 incomprehensibilem
2778 2397 2830 2441 et
2862 2385 2980 2441 sine
3015 2386 3187 2459 ﬁgura
3230 2390 3493 2445 substano

1912 2476 2041 2530 tiam
2092 2475 2210 2543 Dei,
2269 2478 2396 2547 quia
2450 2493 2645 2531 manus
2674 2486 2728 2532 et
2767 2478 2931 2547 pedes
2974 2487 3029 2533 et
3065 2481 3255 2535 oculos
3286 2492 3340 2536 et
3361 2482 3499 2536 olfao

1911 2573 2058 2619 ctum
2086 2574 2140 2619 et
2165 2582 2225 2621 os
2245 2576 2299 2620 et
2320 2566 2595 2638 loquelam
2632 2567 3000 2633 inaudieraut,
3032 2569 3265 2624 similem
3308 2571 3497 2641 figurae

1912 2666 2133 2721 nostrae,
2194 2658 2362 2714 Deum
2420 2660 2630 2716 scilicet
2680 2662 2909 2725 homini,
2954 2661 3221 2733 sacrilege
3260 2671 3315 2717 et
3344 2662 3499 2719 fatue

1910 2749 2313 2804 confinxerunt.

1986 2840 2074 2894 55.
2117 2841 2295 2911 Atque
2328 2841 2398 2896 ita
2426 2841 2725 2912 quamlibet
2751 2839 3152 2912 Scripturarum
3211 2859 3493 2898 sacrarum

1913 2943 2122 3005 partem
2159 2932 2398 2988 lueretici
2436 2934 2517 2988 vel
2568 2934 2899 2990 contentiosi
2957 2936 3197 2991 hominis
3243 2935 3487 2990 studium

1916 3026 1985 3081 ad
2022 3027 2270 3082 haeresim
2300 3027 2383 3082 vel
2418 3028 2776 3097 quaestionem
2823 3028 3117 3083 conabitur
3154 3029 3390 3094 trahere,
3445 3028 3492 3084 si

228 3114 281 3165 εἰ
316 3112 418 3184 μὲν
444 3112 565 3166 καθ’
590 3113 650 3166 ἓν
688 3129 742 3167 τι
772 3113 881 3166 τῶν
913 3113 1374 3185 διευκρινημένων
1407 3117 1467 3169 τὸ
1499 3096 1813 3191 κακομήχα-

1919 3116 2218 3171 secundum
2248 3096 2454 3186 aliquid
2486 3132 2552 3170 ex
2579 3125 2704 3172 ante
2730 3117 3025 3187 disputatis
3047 3118 3299 3183 fraudem
3332 3133 3491 3174 suam

230 3220 326 3257 νον
370 3206 597 3267 ἐπινοεῖ,
654 3202 880 3257 αὐτόθεν
930 3203 1041 3268 ἔξει
1094 3205 1217 3258 καθ’
1260 3207 1455 3261 ἑαυτοῦ
1504 3210 1813 3283 φερομένην

229 3296 480 3364 ἄφυκτον
504 3293 602 3366 τὴν
632 3296 946 3366 ἀνατροπὴν
967 3310 982 3325 ·
1030 3296 1080 3348 εἰ
1121 3296 1179 3349 δὲ
1209 3297 1333 3351 καθ’
1361 3298 1419 3351 ἓν
1447 3316 1500 3354 τι
1532 3300 1642 3357 τῶν
1674 3320 1817 3373 παρ-

233 3387 491 3457 ειμένων,
528 3386 591 3439 οὐ
624 3385 862 3456 χαλεπὸν
906 3387 971 3440 ἐκ
997 3386 1105 3441 τῶν
1145 3388 1472 3458 φθασάντων
1497 3391 1596 3463 τὴν
1620 3394 1815 3463 ὁμοίαν

234 3478 420 3551 κρίσιν
446 3479 541 3532 καί
568 3478 663 3532 ἐπὶ
682 3477 896 3542 τούτοις
924 3477 1251 3545 έλκύσαντα,
1280 3482 1395 3546 τοῖς
1422 3483 1629 3554 ὁμοίοις
1662 3486 1817 3555 ἐλέγ-

234 3585 352 3639 χοις
377 3568 504 3631 τοὺς
534 3566 952 3638 μιμησαμένους
983 3566 1292 3637 ὑποϐαλεῖν,
1326 3565 1407 3633 οἷς
1451 3571 1544 3624 καί
1585 3572 1636 3625 οἰ
1684 3590 1817 3645 προ-

234 3659 495 3721 λαϐόντες
527 3658 1039 3731 ἀπερῤαπίσθησαν.
1073 3661 1183 3713 Καὶ
1204 3659 1366 3714 τοῦτό
1398 3662 1515 3716 ἐστι
1541 3664 1682 3733 μετὰ
1709 3664 1817 3720 τῶν

234 3751 414 3807 ἄλλων
433 3750 461 3803 δ
491 3751 566 3823 μῆ
598 3752 775 3815 πάσας
806 3751 906 3816 τὰς
932 3753 1117 3816 αἰτίας
1155 3753 1466 3819 ἐπεξελθεῖν
1491 3756 1640 3827 ἡμᾶς
1674 3758 1818 3813 κατὰ

237 3843 407 3914 μέρος
434 3843 535 3897 οὐκ
563 3844 908 3911 έξεϐιάσατο·
939 3844 1065 3898 οὔτε
1094 3847 1203 3917 γὰρ
1234 3848 1576 3918 στοιχείωσιν
1611 3850 1816 3905 τούτων

236 3937 567 4004 συναγαγεῖν
610 3935 982 4006 ὑπεσχόμεθα,
1010 3936 1135 4003 οὕτε
1182 3937 1521 4011 δυσθήρατός
1566 3944 1715 3996 ἐστιν
1751 3944 1817 3998 ἐκ

233 4028 347 4081 τῶν
381 4027 813 4099 προειρημένων,
860 4026 969 4081 τῶν
1018 4033 1365 4101 παρειμένων
1407 4032 1676 4106 ἠθεωρία
1722 4037 1817 4090 καὶ

233 4118 532 4191 διάκρισις.
566 4120 673 4173 Καὶ
697 4120 780 4173 ὅτι
804 4122 873 4174 τά
896 4120 1031 4175 ἄλλα
1062 4123 1159 4193 οὐχ
1193 4123 1382 4195 ὥσπερ
1409 4125 1585 4180 ταῦτα
1622 4129 1818 4183 έπιπο-

233 4213 392 4277 λάζει
420 4213 515 4266 καὶ
546 4216 672 4276 τοὺς
699 4211 929 4278 πολλοὺς
962 4214 1316 4286 έπινέμεταν
1354 4218 1450 4272 καὶ
1472 4219 1574 4273 ὅσα
1604 4219 1817 4291 φθάσας

235 4302 398 4364 αὐτὸς
432 4302 767 4373 διηπόρησας
807 4303 950 4358 κατά
987 4321 1052 4374 γε
1081 4307 1180 4377 τὴν
1213 4305 1309 4361 νῦν
1342 4309 1438 4363 καὶ
1466 4312 1567 4382 τῆν
1608 4313 1813 4384 προλα-

1917 3208 2384 3271 comminiscatur,
2417 3209 2605 3264 statim
2643 3209 2772 3263 hinc
2804 3210 3026 3264 habebit
3056 3220 3248 3266 contra
3285 3227 3345 3267 se
3373 3212 3495 3266 ine-

1915 3299 2193 3355 vitabilem
2234 3300 2644 3357 refutatiOuem.
2687 3299 2786 3354 Sin
2846 3316 2977 3356 vero
3030 3302 3332 3358 secundum
3388 3304 3495 3358 ali-

1916 3391 2044 3461 quid
2078 3391 2600 3461 prxtermissorum,
2644 3390 2787 3446 haud
2827 3390 3047 3448 difficile
3081 3394 3187 3447 erit
3237 3408 3304 3447 ex
3365 3402 3495 3449 ante

1917 3479 2079 3535 dictis
2104 3497 2201 3550 par
2227 3481 2494 3551 judicium
2525 3481 2594 3535 de
2624 3498 2681 3536 re
2717 3485 2975 3553 praesenti
3006 3499 3285 3547 exercere,
3328 3497 3495 3556 atque

1917 3571 2219 3627 imitatores
2243 3572 2358 3641 pari
2386 3588 2585 3643 genere
2606 3584 3056 3644 argumentorum
3082 3575 3351 3644 refellere,
3379 3593 3492 3647 quo

1917 3669 2233 3737 superiores
2258 3669 2335 3723 illi
2363 3670 2786 3740 vapulaverunt.
2816 3667 2899 3725 Ob
2920 3671 3063 3726 hanc
3094 3672 3339 3743 aliasque
3364 3689 3494 3727 cau-

1917 3775 2010 3814 sas
2038 3760 2181 3814 haud
2209 3770 2406 3815 cuncta
2438 3761 2720 3831 sigillatim
2748 3761 2915 3816 dubia
2942 3764 3249 3832 percenseri
3275 3777 3306 3817 a
3337 3762 3495 3820 nobis

1918 3864 2146 3904 necesse
2200 3848 2548 3919 fuit:neque
2602 3850 2747 3904 enim
2784 3850 2980 3905 horum
3033 3852 3339 3922 catalogum
3402 3869 3493 3907 co-

1916 3954 2177 3995 acervare
2205 3940 2599 4010 promisimus;
2634 3956 2811 4011 neque
2850 3942 3020 3997 ardua
3051 3950 3155 4008 est,
3203 3955 3324 4012 post
3353 3959 3493 4013 pra:-

1917 4030 2083 4094 dieta,
2113 4032 2607 4101 praetermissorum
2652 4032 2897 4102 cognitio
2920 4042 2976 4111 et
2999 4029 3261 4089 discretio
3301 4052 3315 4088 :
3353 4049 3493 4103 pra:-

1918 4127 2107 4182 sertim
2138 4127 2264 4197 quia
2294 4136 2489 4181 czetera
2530 4142 2639 4181 non
2686 4135 2821 4191 tam,
2886 4136 2946 4181 ut
2995 4128 3131 4193 haec,
3184 4126 3492 4198 frequentia

1917 4226 2067 4283 sunt,
2096 4233 2272 4288 neque
2318 4226 2431 4273 tam
2478 4219 2683 4273 multos
2733 4228 3024 4288 occupant.
3069 4219 3241 4290 Igitur
3273 4222 3384 4282 illa,
3427 4222 3493 4277 de

1917 4310 2119 4380 quibus
2182 4326 2357 4381 nuper
2405 4311 2743 4380 ambigebas,
2800 4312 3103 4367 secundum
3171 4323 3492 4380 praesentem

237 4392 439 4447 ϐοῦσαν
492 4393 740 4458 ἀξίωσιν,
776 4395 1065 4467 αὐτάρκως
1103 4399 1165 4452 τὸ
1214 4400 1384 4470 σαφὲς
1432 4403 1528 4456 καὶ
1574 4403 1673 4476 τὴν
1716 4406 1813 4477 τῆς

1918 4404 2267 4472 priuremque
2294 4402 2744 4471 postulationem,
2793 4404 2931 4457 satis
2972 4402 3321 4459 manifestam
3368 4420 3493 4475 per-

237 4484 474 4555 ἀπορίας
503 4484 661 4538 λύσιν
692 4486 972 4557 εἰλήφασι.

307 4575 419 4640 λς’.
451 4576 599 4645 Πλὴν
638 4576 693 4629 ετ
723 4576 806 4639 τίς
835 4593 898 4645 γε
931 4578 1026 4631 καὶ
1050 4577 1210 4633 τοῦτο
1238 4580 1349 4634 τῶν
1378 4581 1817 4650 έπιπολαζόντων

240 4669 359 4740 θείη
379 4668 519 4741 (ἔστι
549 4668 658 4739 γὰρ
676 4672 787 4732 τοῖς
825 4686 882 4723 τε
901 4669 1083 4735 ἄλλοις
1104 4674 1403 4744 αἰρετικοῖς
1419 4676 1640 4741 καὶτοῖς
1669 4680 1814 4733 εἰκο-

244 4762 505 4831 vodeor;
544 4760 691 4830 μέγα
744 4761 1084 4831 καταφύγιον
1109 4780 1124 4795 ο
1163 4765 1452 4821 καθολικδν
1489 4768 1599 4840 γὰρ
1648 4770 1819 4824 τύπον

240 4850 503 4914 πολλάκις
534 4853 570 4922 η
609 4851 731 4923 ἰερᾶ
772 4852 926 4923 φωνὴ
966 4855 1397 4924 σχηματίζουσα,
1427 4857 1489 4911 οὐ
1523 4858 1819 4933 καθολικὴν

241 4942 467 4993 ἀπαιτεῖ
487 4939 587 5011 τὴν
608 4940 813 4994 ἔννοιαν
845 4941 1308 5012 ὲκλαμϐάνεσθαι,
1338 4948 1416 5010 εἰς
1444 4947 1726 5020 ὡρισμένα
1759 4951 1817 5005 δέ

240 5050 363 5085 τινα
391 5034 484 5086 καὶ
512 5033 925 5105 προειλημμένα
952 5025 1262 5104 συνάγουσα
1292 5038 1388 5109 τὴν
1417 5038 1690 5113 διήγησιν,
1724 5061 1818 5115 με-

244 5125 404 5197 ρικῆν
436 5124 765 5177 ἐνδείκνυται
800 5124 897 5196 τὴν
928 5125 1250 5198 ἀπόφασιν),
1284 5128 1526 5184 τοιοῦτόν
1571 5136 1688 5187 ἐστι
1733 5135 1816 5201 τὸ,

250 5235 268 5266 ι
298 5215 505 5279 Πάντες
535 5215 650 5268 ὅσοι
678 5214 784 5285 πρὸ
813 5215 948 5285 ἐμοῦ
976 5212 1163 5288 ἦλθον,
1190 5218 1422 5275 κλέπται
1456 5223 1562 5278 sic}.
1591 5227 1687 5279 καί.
1720 5227 1819 5300 λῃ-

243 5304 385 5359 σταί.
424 5324 442 5356 ι
486 5305 877 5359 ’Υποϐάλλουσι
917 5309 1026 5378 γάρ
1071 5309 1150 5381 τῷ
1187 5310 1461 5385 καθολικῷ
1508 5318 1819 5390 χαρακτῆρι

240 5400 340 5469 τῆς
370 5400 556 5469 φωνῆς
588 5400 640 5453 οἰ
679 5400 787 5453 ἀπὸ
811 5402 1139 5473 Μαρκίωνος
1166 5406 1261 5460 καὶ
1283 5408 1384 5478 τῆς
1413 5410 1653 5477 γείτονος
1679 5429 1821 5484 φρα-

239 5492 418 5564 τρίας,
452 5493 655 5546 Μωσέα
689 5510 748 5547 τε
788 5494 881 5548 καὶ
916 5498 1044 5561 τοὺς
1072 5497 1265 5564 ἄλλους
1305 5501 1398 5555 τοῦ
1432 5502 1567 5556 Θεοῦ
1608 5506 1820 5578 προφὴ-

240 5601 363 5650 τας,
397 5584 496 5657 τὴν
530 5585 777 5640 Παλαιὰν
809 5587 1084 5661 Διαθήκην
1123 5592 1395 5660 συσκευῂν
1437 5588 1577 5649 εἶναι
1615 5595 1819 5669 δυσφη-

305 5744 352 5777 '"
385 5741 545 5799 Joau.
577 5761 631 5813 ς,
669 5745 723 5799 8.

1918 4493 2192 4563 plexitatis
2221 4508 2332 4548 sum
2362 4493 2692 4548 solutionem
2728 4496 3178 4563 impetraverunt.

1989 4582 2078 4638 36.
2110 4581 2253 4649 Quid
2285 4599 2453 4654 porro
2477 4585 2522 4639 si
2557 4584 2684 4655 quis
2733 4584 2875 4640 hanc
2915 4586 3078 4641 etiam
3113 4602 3145 4641 e
3179 4586 3495 4657 vulgaribus

1917 4676 2318 4746 quaestionibus
2350 4676 2616 4745 poneret?
2648 4694 2772 4748 quae
2806 4679 3024 4747 quidem
3061 4688 3177 4733 tum
3218 4680 3340 4734 aliis
3382 4679 3491 4735 ha:-

1916 4768 2101 4823 reticis
2124 4777 2239 4823 tum
2266 4769 2565 4840 imaginum
2590 4770 3063 4841 oppugnatoribus
3090 4786 3344 4839 magnum
3372 4788 3491 4842 perc

1920 4862 2126 4932 fugium
2151 4873 2259 4917 est.
2282 4860 2559 4918 Nimirum
2588 4863 2954 4919 universalem
2982 4879 3359 4934 saepenumero
3386 4864 3487 4921 for-

1920 4968 2062 5006 mam
2103 4968 2276 5031 sacrm
2319 4952 2542 5008 Litterae
2588 4954 2904 5024 figuraules,
2951 4954 3099 5010 haud
3130 4955 3490 5011 universalem

1918 5046 2243 5099 sententiam
2271 5045 2374 5100 sibi
2402 5045 2568 5099 tribui
2590 5046 2902 5115 postulant;
2936 5048 3029 5102 sed
3058 5047 3199 5102 intra
3232 5047 3493 5103 terminos

1919 5137 2209 5207 quosdam,
2242 5138 2334 5208 qui
2377 5139 2490 5209 jam
2525 5140 2844 5210 praesumpti
2893 5140 3136 5207 fuerunt,
3185 5140 3492 5195 orationem

1921 5245 2075 5285 suam
2114 5241 2478 5299 coarctantes,
2527 5233 2843 5303 partiariam
2898 5235 3129 5289 efferunt
3183 5233 3494 5288 aflirmatio-

1922 5336 2065 5376 nem.
2099 5320 2418 5394 Huiusmodi
2452 5334 2538 5381 est
2570 5343 2583 5380 :
2617 5344 2636 5378 ι
2670 5326 2873 5382 Omnes
2920 5336 3192 5397 quotquot
3242 5334 3369 5380 ante
3408 5341 3491 5382 me

1922 5422 2206 5477 venerunt,
2239 5412 2388 5470 fures
2441 5414 2793 5487 latronesque
2818 5414 2971 5471 fuere
2994 5416 3063 5469 '“.
3106 5432 3124 5467 ι
3160 5413 3215 5469 lu
3258 5417 3360 5470 hoc
3398 5429 3489 5484 ge-

1922 5502 2092 5556 nerali
2123 5503 2382 5559 dictionis
2412 5505 2728 5561 charactere
2764 5506 3102 5561 concludunt
3135 5504 3491 5571 Marcionitm,

1919 5603 1973 5651 et
1998 5595 2245 5667 proxima
2269 5606 2443 5664 secta,
2485 5597 2673 5655 Mosen
2716 5599 2896 5670 ipsum
2937 5597 3181 5669 aliosque
3230 5596 3325 5652 Dei
3366 5612 3490 5666 pro-
