3916 6192
396 224 467 287 95
1564 212 1829 274 PHOTII
1864 208 2374 271 PATRIARClLE
2409 209 2520 270 cr.

3628 207 3717 272 96

401 335 595 405 phctas
635 346 651 386 :
692 335 858 400 atque
886 327 959 384 ita
997 325 1167 383 Vetus
1193 325 1608 383 Testamentum
1659 323 1789 379 mali
1837 321 1983 393 genii

2114 319 2319 384 ιοῦντες
2341 318 2437 373 τοῦ
2470 316 2718 389 Πονηροῦ
2741 335 2753 348 ’
2785 318 2966 373 καίτοι
2997 334 3064 388 γε
3100 318 3164 372 οὐ
3188 320 3311 375 κατ’
3336 318 3594 385 ἐκείνων,
3620 320 3714 382 ὡς

397 426 604 486 malum
654 438 794 495 opus
829 437 951 481 esse
995 420 1428 477 calumniantur.
1486 417 1653 488 Atqui
1708 430 1773 473 ea
1820 416 1986 471 verba

2114 413 2273 483 μῆλον,
2302 413 2533 484 ἐρρήθη,
2568 411 2683 465 ἀλλ’
2707 409 2802 475 οὓς
2829 416 2858 465 ὁ
2889 411 3073 482 μικρῷ
3103 411 3343 483 πρόσθεν
3363 412 3555 484 χρόνος
3590 410 3718 479 τῆς

399 532 512 572 non
537 515 804 570 adversus
834 504 935 567 ho‘s
968 519 1187 567 constat
1223 526 1348 566 esse
1380 508 1613 580 prolata,
1654 507 1748 563 sed
1797 515 1988 563 contra

400 609 530 664 illos
555 608 648 678 qui
678 607 841 678 paulo
882 614 1010 661 ante
1062 605 1280 660 Domini
1321 603 1620 659 adventum
1668 601 1989 672 deceptores

400 711 468 770 et,
497 700 644 771 plani
681 700 1034 756 exstiterunt.
1062 697 1195 752 Nam
1225 697 1270 752 si
1306 696 1433 767 quis
1492 694 1750 766 opinetur
1795 702 1986 748 contra

402 797 685 850 daemonas
741 795 888 848 hanc
931 793 1135 863 jactam
1176 806 1299 846 esse
1350 789 1689 845 Dominicam
1754 786 1991 842 locutio-

404 902 553 947 nem.
607 884 821 939 etiamsi
873 882 927 937 id
978 884 1045 937 ad
1106 882 1436 951 sacrilegum
1496 879 1709 935 nullum
1760 876 1993 947 impellit

404 994 658 1044 sensum;
696 986 751 1032 et
789 978 835 1032 si
858 992 1014 1048 aeque
1043 976 1352 1046 praesumit,
1404 973 1553 1031 haud
1599 987 1818 1042 semper
1871 970 1992 1026 uni-

403 1067 612 1122 vcrsale
636 1066 890 1122 dictionis
927 1067 1151 1120 schema
1195 1064 1507 1135 generalem
1535 1063 1641 1119 sibi
1662 1063 1990 1119 sententiam

402 1159 718 1226 vindicare;
753 1142 1115 1213 nihilominus
1155 1158 1493 1227 exquisitior
1542 1156 1845 1222 subtilitas,
1898 1170 1995 1209 ne-

404 1266 512 1321 que
545 1252 682 1306 satis
713 1252 1033 1321 evangelico
1066 1252 1256 1307 sensui
1308 1265 1644 1321 congruens,
1691 1247 1992 1305 secundum

406 1343 538 1399 huic
560 1344 807 1413 opinioni
833 1352 956 1413 post
978 1344 1295 1412 praedictam
1338 1342 1487 1397 illam
1535 1341 1721 1396 locum
1758 1341 1876 1396 dat.
1906 1339 1996 1395 ln-

407 1439 567 1493 terim
606 1448 789 1493 tamen
820 1454 1028 1494 vesana
1059 1447 1114 1492 et
1155 1438 1425 1508 sacrilega
1458 1436 1702 1492 hostium
1752 1436 1848 1491 Dei
1898 1450 1998 1489 au-

406 1531 586 1595 dacia,
624 1533 753 1586 dum
807 1531 1003 1587 formae
1042 1532 1374 1587 universalis
1423 1530 1679 1585 dictionis
1728 1530 1994 1594 adhzeret,

407 1621 634 1678 sceleris
661 1623 747 1678 sui
779 1631 1027 1677 tutamen
1064 1621 1118 1677 in
1152 1621 1460 1677 Dominicis
1482 1621 1661 1677 cll'atis
1704 1622 1910 1676 habere
1938 1636 1999 1677 se

407 1722 588 1783 putat.

478 1805 568 1860 37.
605 1804 741 1859 Illud
778 1818 1000 1874 quoque
1025 1804 1205 1858 simile
1230 1813 1316 1860 est
1369 1823 1388 1857 ι
1425 1805 1624 1860 Omnia
1678 1821 1773 1876 per
1813 1806 1994 1876 ipsum

410 1896 554 1951 facta
584 1907 709 1953 sunt
751 1915 766 1951 :
808 1916 826 1948 ι
855 1898 1002 1966 quod
1034 1912 1190 1966 aeque
1218 1899 1399 1952 sancti
1433 1897 1673 1968 Spiritus
1706 1913 1997 1969 oppugna-

413 1990 628 2044 toribus
677 1999 1062 2059 argumentum
1112 1988 1331 2043 errandi
1381 1998 1488 2044 est.
1542 1990 1681 2045 Dum
1734 1992 1881 2045 enim
1928 1991 1999 2046 ob

410 2081 725 2136 universale
762 2081 1022 2135 dictionis
1049 2095 1243 2151 genus,
1277 2082 1693 2137 sanctissimum
1729 2083 1996 2154 Spiritum

410 2190 442 2229 a
488 2186 871 2229 creaturarum
920 2174 1274 2229 universitate
1320 2191 1427 2229 non
1483 2186 1763 2245 separant,
1819 2177 1998 2247 ipsum

410 2264 815 2331 hlasphemant.
854 2262 1121 2319 Sescenta
1147 2266 1250 2320 alia
1293 2280 1464 2322 sacrm
1510 2266 1732 2323 Litterm
1777 2270 2003 2324 univer-

410 2357 511 2413 sali
543 2356 825 2412 schemate
857 2356 1113 2423 elferunt,
1146 2359 1351 2427 quibus
1406 2369 1588 2415 tamen
1632 2361 1851 2416 nonnisi
1879 2376 2004 2431 par-

412 2450 633 2504 tiarium
666 2449 1029 2519 signiﬁcatum
1074 2450 1344 2509 tribuunt.
1408 2452 1591 2507 Veluti
1644 2471 1658 2507 :
1706 2471 1725 2505 ι
1773 2451 2003 2509 Vanitas

411 2542 744 2605 vanitatum.
790 2550 845 2596 et
884 2543 1072 2597 omnia
1121 2544 1337 2600 vanitas
1368 2545 1417 2577 "
1452 2561 1467 2599 :
1504 2564 1523 2598 ι
1561 2560 1740 2616 neque
1798 2546 2004 2602 idcirco

412 2644 509 2688 aut
541 2636 717 2689 virtus
751 2643 847 2689 aut
874 2635 1139 2704 sapientia
1166 2644 1262 2690 aut
1290 2636 1484 2708 religio
1518 2637 1572 2692 in
1609 2654 1874 2693 ranarum
1902 2654 2005 2692 nu-

414 2744 569 2782 mero
604 2742 789 2781 rerum
831 2736 982 2783 sunt.
1027 2728 1167 2783 Tum
1214 2728 1347 2784 illud
1384 2748 1397 2784 :
1436 2749 1454 2782 ι
1519 2729 1722 2785 Omnes
1767 2730 2006 2787 declina-

413 2829 630 2887 verunt,
669 2819 835 2875 simul
863 2820 1086 2877 inutiles
1116 2820 1246 2876 facti
1274 2833 1407 2877 sunt
1430 2823 1509 2891 7’;
1552 2842 1571 2875 ›
1608 2837 1787 2895 neque
1820 2832 2003 2879 tamen

414 2910 687 2979 ejusmodi
716 2922 874 2966 erant
903 2912 938 2966 ii
974 2928 1117 2982 quos
1148 2911 1295 2969 Deus
1343 2914 1397 2969 itt
1459 2915 1695 2986 singulis
1755 2916 2005 2971 aetatibus

414 3004 671 3058 vitiorum
736 3013 792 3058 et
835 3006 1146 3060 dmuonum
1191 3016 1247 3060 et
1299 3014 1659 3077 tyrannorum
1710 3005 1840 3061 fecit
1884 3021 2008 3063 esse

2090 508 2434 578 Δεσποτικῆς
2468 505 2801 579 παρουσίας,
2826 506 3156 570 ἀπατεῶνας
3184 507 3281 561 καὶ
3310 506 3550 571 πλάνους
3580 508 3715 560 ἀπ-

2091 600 2288 666 έδειξε.
2321 600 2395 655 Τὸ
2447 600 2557 671 γάρ
2591 600 2671 664 εἰς
2719 599 2847 662 τοὺς
2895 597 3158 669 δαίμονας
3202 597 3535 669 ὑπειλῆφθαι
3592 598 3717 665 τὴν

2093 692 2430 762 Δεσποτικὴν
2462 691 2671 763 ταύτην
2697 690 3037 763 άπερρἱθαι
3075 692 3282 761 φωνὴν,
3315 691 3421 745 κᾶν
3449 693 3529 755 εἰς
3558 690 3717 744 ἀσεο

2099 783 2366 853 ϐημάτων
2399 783 2501 837 οὐκ
2530 782 2597 837 ἂν
2639 784 2750 853 ἥκῃ
2803 780 3087 850 λογισμὸν,
3119 778 3220 834 κᾶν
3267 779 3471 851 ὁμοίως
3517 781 3713 851 φρονῇ

2097 873 2173 945 μὴ
2204 874 2438 929 πάντοτε
2462 875 2523 928 τὸ
2552 872 2841 929 καθολικὸν
2871 873 3060 943 σχῆμα
3095 873 3194 943 τῆς
3218 874 3403 944 φωνῆς
3428 873 3521 925 καὶ
3551 870 3713 927 καθ-

2092 968 2282 1039 ολικὴν
2326 968 2536 1023 ἔννοιαν
2581 968 2856 1030 ἀπαιτεῖν,
2889 964 3006 1020 ἀλλ’
3051 960 3145 1020 οὖν
3173 965 3236 1018 τὸ
3269 966 3716 1036 περιεργότερον

2096 1062 2191 1116 καὶ
2233 1059 2308 1132 μὴ
2339 1062 2440 1131 τῆς
2465 1060 2830 1131 εὐαηελικῆς
2862 1058 3173 1129 βουλήσεως
3202 1058 3333 1130 περὶ
3364 1057 3501 1111 πόδα
3525 1051 3711 1120 εἰναι,

2094 1154 2355 1227 δευτέραν
2378 1152 2526 1224 αὑτῷ
2548 1153 2732 1206 δίδωσι
2756 1150 2853 1206 τοῦ
2879 1151 3288 1224 προειρημένου
3314 1151 3465 1216 τάξιν
3484 1151 3711 1205 λαϐεῖν’

2097 1247 2239 1319 πλήν
2265 1264 2328 1317 γε
2357 1247 2419 1301 τὸ
2442 1245 2704 1301 ἀσύνετον
2735 1245 2830 1300 καὶ
2853 1244 3117 1308 δυσσεϐὲς
3142 1244 3251 1297 τῶν
3277 1242 3713 1315 θεομαχοῦντων

2098 1338 2298 1411 θράσος
2329 1337 2409 1410 τῷ
2440 1337 2599 1411 τύπῳ
2641 1340 2743 1410 τῆς
2775 1336 3072 1406 καθολικῆς
3109 1336 3549 1406 προσανέχοντες
3579 1352 3709 1402 φωο

2099 1428 2218 1498 γῆς,
2249 1428 2352 1499 τῆς
2375 1428 2583 1493 οἰκείας
2610 1428 2934 1493 δυσσεϐείας
2962 1424 3316 1498 ἀναχώρησιν
3345 1426 3413 1479 τὰ
3437 1426 3714 1495 Κυριακά

2098 1521 2383 1590 νομίζουσι
2413 1521 2594 1591 λόγια.

2170 1785 2268 1851 λζ’.
2299 1784 2528 1855 ’Όμοιόν
2565 1785 2683 1838 ἐστι
2716 1784 2814 1839 καὶ
2847 1784 2929 1851 τὸ,
2973 1803 2992 1836 ι
3032 1784 3222 1839 Πάντα
3262 1784 3330 1837 δι’
3359 1785 3527 1837 αὑτοῦ
3576 1784 3712 1852 ἐγέ-

2099 1896 2251 1933 νετοο
2293 1897 2312 1930 ι
2363 1879 2460 1932 καὶ
2511 1878 2712 1947 ὁμοίως
2751 1880 2865 1941 τοῖς
2902 1876 3395 1948 Πνευματομάχοις
3450 1877 3695 1948 ὄργανον

2098 1973 2199 2042 τῆς
2235 1970 2444 2041 πλάνης
2484 1969 2873 2024 ὑποϐάλλεται.
2907 1968 3030 2022 Τῶν
3067 1968 3287 2022 πάντων
3313 1969 3423 2039 γὰρ
3465 1969 3529 2022 τὸ
3561 1987 3708 2022 παν·

2100 2068 2255 2137 ἀγιον
2279 2065 2504 2136 Πνεῦμα
2525 2065 2617 2119 διὰ
2636 2065 2699 2119 τὸ
2726 2064 2958 2119 καθόλου
2982 2064 3081 2135 τῆς
3109 2065 3297 2135 φωνῆς
3321 2065 3423 2118 οὐκ
3451 2064 3713 2135 ἐξαιροῦ.

2104 2180 2258 2235 μενοι
2290 2160 2395 2216 τῶν
2426 2160 2753 2229 γεγονότων,
2791 2158 2889 2212 καὶ
2917 2158 3052 2211 αὐτὸ
3076 2158 3554 2229 δεδυσφημήκασι.
3589 2157 3712 2211 Καὶ

2106 2256 2275 2327 μυρία
2327 2253 2372 2308 δ’
2417 2252 2555 2306 ἄλλα
2602 2252 2653 2305 οἰ
2706 2251 2846 2322 ἰεροί.
2884 2250 3051 2319 Λόγοι
3077 2251 3158 2313 εἰς
3193 2250 3255 2304 τὸ
3284 2248 3557 2303 καθ’δλου
3601 2248 3709 2318 μὲν

2107 2345 2529 2419 σχηματίζουσι,
2565 2342 2949 2415 μερικωτέραν
2976 2342 3035 2396 δὲ
3072 2340 3355 2396 ποιοῦνται
3389 2340 3491 2411 τὴν
3520 2341 3710 2411 δήλω-

2107 2455 2225 2496 σινο
2254 2438 2332 2503 ὡς
2361 2438 2445 2492 τό⁸
2475 2456 2494 2488 ι
2525 2435 2845 2507 Ματαιότης
2873 2435 3272 2505 ματαιοτήτων,
3299 2434 3367 2488 τὰ
3384 2434 3566 2488 πάντα
3596 2450 3711 2505 μα·-

2102 2532 2328 2602 ταιότης
2351 2546 2364 2561 ·
2402 2549 2421 2582 ι
2463 2528 2584 2583 οὐδὲ
2613 2527 2722 2600 γὰρ
2742 2527 2849 2581 οὐδ’
2883 2529 2917 2599 ή
2950 2526 3122 2600 ἀρετὴ
3147 2527 3257 2581 τῶν
3285 2526 3559 2597 ματαίων,
3594 2526 3710 2577 οὐδ’

2107 2624 2141 2695 ἡ
2179 2621 2365 2689 σοφία,
2393 2620 2504 2673 οὐδ’
2540 2620 2573 2690 ἡ
2615 2616 2894 2672 εὐσέϐεια.
2932 2618 3062 2682 Καὶ,
3102 2635 3120 2668 ι
3149 2617 3359 2680 Πάντες
3393 2615 3706 2683 ἐξέκλιναν,

2107 2713 2226 2781 ἅμα
2248 2707 2658 2782 ἠχρειώθησανο
2688 2727 2706 2760 ι
2741 2707 2864 2761 οὐδὲ
2887 2708 2996 2780 γὰρ
3021 2707 3131 2761 οὐδ’
3154 2709 3203 2761 οἰ
3235 2708 3389 2779 παρὰ
3408 2707 3547 2760 Θεοῦ
3578 2704 3710 2760 καθ’

2107 2809 2347 2877 ἑκάστην
2400 2809 2595 2874 γενεὰν
2636 2805 2734 2859 καὶ
2758 2804 2955 2873 γενεὰν
2985 2803 3131 2857 κατὰ
3161 2803 3352 2857 παθῶν
3384 2802 3480 2857 καὶ
3510 2800 3712 2869 δαιμό-

2107 2918 2215 2954 νων
2242 2900 2337 2953 καὶ
2358 2900 2638 2968 τυράννων
2662 2900 2982 2967 πεφανίται
3006 2894 3384 2967 δεικνύμενοι·
3413 2892 3709 2948 καὶπολλὰ

2108 2994 2245 3051 ἄλλα
2277 2994 2504 3048 τοιαῦτα
2537 2994 2630 3048 ἐπὶ
2658 2992 2855 3065 σχολῆς
2878 2991 2945 3046 ἄν
2976 3008 3060 3055 τις
3094 2990 3429 3062 θεωρήσειεν
3454 3004 3474 3023 ο
3512 2990 3713 3061 ἀρκεῖν

416 3097 678 3151 victores.
716 3095 885 3149 Multa
916 3095 1229 3165 huiusmodi
1264 3097 1391 3152 licet
1433 3099 1633 3167 cuique
1688 3113 1785 3167 per
1832 3098 2002 3153 Otium

2114 3090 2155 3143 δ’
2176 3085 2448 3160 οἶμαικαὶ
2477 3089 2547 3142 τὰ
2582 3087 3049 3159 παρατεθειμένα.
3078 3088 3192 3156 Τῆς
3218 3086 3324 3157 γὰρ
3354 3087 3712 3159 εἰκονομαχι-

414 3190 715 3244 observare
748 3206 764 3242 :
799 3204 1113 3258 quanquam
1144 3188 1280 3243 mihi
1328 3189 1595 3244 hactenus
1624 3189 1771 3245 dicta
1812 3191 2010 3246 viden-

417 3293 510 3337 tur
545 3280 813 3335 sulliccre.
847 3279 1009 3335 Certe
1036 3289 1091 3335 et
1113 3280 1356 3336 furorem
1390 3282 1827 3351 oppugnantium
1873 3282 2011 3337 ima-

414 3377 598 3446 gines,
633 3374 726 3444 qui
758 3373 925 3429 simili
957 3374 1165 3429 malitia
1208 3374 1545 3445 vesaniaque
1586 3374 1839 3429 laborant
1883 3389 2009 3429 cum

415 3469 544 3523 aliis
566 3468 733 3523 fatuis
753 3466 1003 3537 ejusdem
1031 3478 1194 3523 sectae
1214 3468 1494 3537 versutiis,
1518 3467 1782 3540 peculiari
1804 3467 2011 3538 scripto

413 3560 833 3616 dehellavimus.
856 3560 1091 3631 Jamque
1121 3561 1259 3616 adeo
1287 3562 1435 3630 quod
1468 3562 1654 3617 multae
1683 3563 2012 3633 quamtiones

416 3669 678 3712 sermone
706 3655 912 3726 praevio
935 3664 1151 3725 egeant,
1192 3663 1249 3711 et
1280 3656 1427 3726 quod
1476 3665 1582 3712 tuae
1639 3656 2011 3713 dubitationes

417 3746 491 3801 ab
525 3746 932 3816 antiquioribus
963 3749 1171 3803 sanctis
1200 3748 1356 3814 viris,
1393 3757 1559 3818 atque
1584 3765 1615 3805 a
1646 3765 1756 3816 me,
1776 3750 2012 3805 ducibus

421 3839 551 3903 illis,
587 3840 869 3909 dissipata:
899 3840 1126 3906 fuerint,
1171 3849 1227 3896 et
1268 3840 1412 3911 quod
1464 3842 1736 3912 plurimas
1788 3858 2009 3911 causas,

422 3931 567 3983 unde
593 3930 727 3984 oriri
756 3931 1151 3986 controversiae
1186 3931 1382 3995 solent,
1426 3932 1855 4001 percensuerim,
1890 3947 2010 3988 ser—

420 4035 515 4073 mo
553 4035 713 4074 meus
744 4020 1016 4077 hactenus
1054 4021 1473 4078 demonstravit.
1510 4020 1702 4078 Utrum
1732 4038 1863 4078 vero
1900 4037 2014 4077 om-

426 4108 516 4159 nia
545 4120 804 4163 accurate
832 4109 1376 4178 comprehenderim,
1415 4125 1610 4175 necne,
1644 4110 1791 4166 haud
1820 4108 2014 4166 Hercle

420 4197 805 4253 aﬂirmaverim
843 4217 857 4253 :
890 4200 1187 4269 caeteroqui
1211 4200 1358 4272 quod
1381 4216 1490 4255 non
1540 4203 1799 4273 pauciora
1823 4212 2013 4273 postu—

424 4289 551 4343 latis
581 4288 635 4342 in
664 4290 906 4344 medium
940 4290 1184 4355 tulerim,
1208 4291 1259 4345 id
1296 4292 1343 4347 si
1365 4289 1506 4347 forte
1537 4290 1827 4359 aﬂirmem,
1853 4309 2013 4349 nemo

421 4395 532 4444 me,
566 4379 756 4451 judice
786 4383 1037 4447 veritate,
1071 4383 1305 4452 superbe
1336 4384 1487 4454 loqui
1524 4386 1866 4441 causabitur.

1002 4494 1329 4563 QUAESTIO
1362 4496 1428 4557 1L

415 4586 480 4641 Si
500 4587 614 4661 Adie
659 4589 883 4658 septimo
945 4590 1194 4661 requievit
1235 4587 1396 4661 Deus_
1430 4588 1519 4661 ab,
1551 4590 1807 4661 universis
1836 4594 2004 4661 operi-

488 4658 585 4711 bus
620 4662 753 4723 suis,
804 4662 1067 4728 quomodo
1093 4659 1333 4714 salutare
1368 4659 1551 4714 Patris
1585 4660 1806 4714 Verbum
1841 4658 2006 4719 dicit:

493 4745 513 4780 ι
538 4728 700 4785 Pater
724 4747 870 4785 meus
896 4748 1058 4799 usque
1090 4732 1244 4784 modo
1265 4742 1518 4799 operatur
1536 4741 1584 4785 et
1613 4748 1707 4802 ego
1728 4736 1959 4803 operor?
1984 4754 2003 4789 ι

2112 3186 2216 3254 κῆς
2269 3179 2476 3249 λύσσης
2525 3181 2626 3252 τὴν
2669 3180 2761 3234 διὰ
2807 3179 2909 3251 τῆς
2945 3178 3287 3250 κακουργίας
3327 3176 3535 3247 ταύτης
3570 3176 3712 3229 ἁπό-

2110 3288 2281 3335 νοιαν,
2316 3271 2456 3342 μετὰ
2481 3269 2780 3341 τῆςᾶλλης
2805 3270 2986 3323 αὐτῶν
3015 3266 3420 3340 φρενοϐλαϐοὖς
3447 3284 3711 3338 κακομη-

2111 3362 2323 3435 χανίας,
2371 3359 2681 3427 ἰδιαζόντως
2725 3363 2863 3433 ἡμῖν
2905 3361 3066 3430 λόγος
3108 3359 3513 3434 ἐθριάμϐευσεν
3566 3360 3709 3428 (96).

2123 3456 2265 3510 Ἀλλ’
2316 3457 2400 3510 ὅτι
2460 3457 2562 3528 μὲν
2612 3455 2785 3509 πολλὰ
2830 3454 2942 3508 τῶν
2992 3454 3369 3524 άπορημάτων
3422 3469 3714 3524 προκατα-

2114 3551 2311 3621 σκευῆς
2365 3549 2560 3615 δεῖται,
2606 3549 2703 3602 καὶ
2739 3549 2821 3602 ὅτι
2854 3548 2926 3601 τὰ
2964 3545 3034 3599 σά
3062 3546 3217 3617 παρά
3254 3562 3316 3599 τε
3355 3544 3465 3598 τῶν
3496 3546 3714 3616 προλα-

2113 3642 2317 3695 ϐόντων
2354 3640 2565 3711 ἀνδρῶν
2591 3641 2763 3710 ἁγίων
2795 3640 2891 3694 καὶ
2922 3640 3056 3711 ἡμῖν
3087 3638 3273 3701 αὐτοῖς
3307 3636 3522 3691 ἐκεῖθεν
3553 3652 3715 3707 χειρ-

2115 3732 2579 3807 α[γω]γουμένοις
2618 3732 3013 3804 διευκρίνηται,
3030 3732 3125 3785 καὶ
3144 3731 3227 3785 ὅτι
3256 3729 3324 3784 τὰ
3350 3729 3581 3783 πλεῖστα
3596 3730 3715 3781 τῶν

2114 3827 2304 3881 αἰτίων
2324 3828 2457 3898 παρ’
2479 3825 2516 3880 ἃ
2540 3826 2701 3880 εἴωθε
2732 3824 3054 3896 συμϐαίνειν
3082 3825 3144 3878 τὸ
3171 3824 3378 3894 ἄπορον
3412 3821 3714 3893 ἐπεξήλθο-

2117 3936 2241 3990 μεν,
2286 3920 2315 3972 ὁ
2363 3918 2521 3987 λόγος
2567 3917 2837 3983 ἐπέδειξε.
2875 3918 2988 3971 Καὶ
3019 3918 3101 3971 ὅτι
3144 3916 3242 3986 μὲν
3285 3916 3384 3982 τῆς
3419 3914 3713 3988 ἀκριϐείας

2113 4012 2337 4065 πάντων
2378 4011 2785 4081 ὲπειλήμμεθα,
2825 4010 2928 4065 οὐκ
2974 4009 3041 4064 ἂν
3086 4009 3350 4081 φαίημενο
3385 4009 3466 4062 ὅτι
3510 4008 3566 4062 δὲ
3608 4010 3714 4079 τῆς

2114 4104 2387 4172 αἰτήσεως
2429 4104 2533 4156 οὐκ
2581 4103 2803 4157 ἔλαττον
2834 4102 3261 4173 εἰσηνέγκαμεν,
3293 4101 3395 4155 οὐκ
3428 4101 3496 4155 ἂν
3532 4101 3715 4172 ὕπερ-

2114 4194 2341 4266 ηφάνων
2365 4194 2563 4265 λόγων,
2585 4194 2912 4267 δικαζούσης
2938 4194 3224 4267 ἀληθείας,
3252 4193 3430 4258 οὐδεὶς
3459 4193 3528 4249 ἂν
3560 4195 3715 4265 ἡμᾶς

2116 4304 2340 4342 αιτιασα
2348 4304 2449 4344 ιτο.

2660 4505 2994 4562 ΕΡΩἸἨΣΙΣ
3026 4506 3099 4563 B'.

2116 4598 2186 4651 Ei
2216 4596 2291 4666 τῇ
2316 4597 2540 4667 ἐϐδόμῃ
2572 4598 2765 4668 ἡμέρᾳ
2782 4600 3171 4652 κατέπαυσεν
3188 4600 3222 4652 ό
3242 4600 3389 4664 Θεὸς
3408 4599 3531 4654 ἀπὸ
3557 4601 3715 4653 πάνυ

2185 4684 2306 4721 των
2337 4669 2456 4721 τῶν
2490 4670 2705 4738 ,ἔργων
2746 4669 2955 4731 αὑτοῦ,
3006 4669 3135 4735 πῶς
3172 4669 3206 4721 ὀ
3256 4669 3556 4737 σωτήριος
3602 4671 3716 4725 τοῦ

2185 4741 2418 4807 Πατρός
2463 4742 2653 4810 Λόγος
2712 4740 2939 4810 φησιν’
2979 4739 3108 4810 «βο
3160 4738 3365 4808 Πατήρ
3414 4758 3536 4810 μου
3599 4740 3717 4807 ἕως

2181 4810 2311 4876 ἄρτι
2340 4809 2663 4880 ἐργάζεται,
2690 4809 2854 4879 κάγὼ
2878 4808 3223 4881 ἐργάζομαι;
3264 4828 3283 4860 ι

480 4928 623 5008 Edita
652 4930 713 5008 ab
750 4933 879 5008 ang.
907 4934 1187 5008 litato,__l"et.
1245 4933 1435 4998 Script.
1466 4945 1578 4984 nov.
1620 4932 1769 4994 (3011.,
1802 4938 1838 4983 t.
1872 4935 1952 4996 lX,
1978 4951 2029 4999 p.
2072 4939 2167 4996 12;
2214 4947 2504 5008 explanatis,
2532 4946 2778 5008 quomodo
2804 4948 2942 4995 inter
2967 4959 3024 4995 se
3067 4948 3366 4995 conveniant
3415 4946 3713 4997 testimonia

414 4993 545 5044 Gen.
570 5008 624 5055 ιι,
658 4995 689 5041 2
712 5000 768 5043 et
789 4993 933 5043 Joan.
964 5009 1011 5053 v,
1050 4995 1129 5057 l7,

495 5101 745 5167 Quatuor
772 5102 1021 5158 videmus
1053 5103 1333 5159 Creatoris
1352 5104 1741 5175 operationes;
1780 5120 2015 5176 quarum

420 5195 653 5266 quidem
701 5196 878 5266 prima
922 5204 1008 5252 est
1041 5195 1159 5265 ipso
1199 5196 1269 5251 ah
1305 5198 1464 5252 initio
1501 5213 1694 5253 eorum
1720 5213 1841 5269 qua:
1863 5200 2017 5255 exsi-

495 5310 540 5341 "
573 5307 756 5365 Eccle.
798 5326 837 5375 ι,
871 5308 929 5363 2.
1004 5308 1053 5343 ’³
1083 5309 1231 5364 Psal.
1286 5325 1409 5375 xm,
1465 5312 1520 5366 5.

2196 5111 2479 5184 Τέσσαρας
2510 5114 2732 5186 ὁρῶμεν
2775 5115 2871 5169 τοῦ
2906 5117 3255 5189 Δημιουργοῦ
3295 5118 3597 5191 ἐργασίας
3634 5115 3715 5173 ὦν

2127 5206 2318 5278 πρώτη
2350 5208 2451 5278 μέν
2466 5208 2629 5285 κὲστιν
2659 5205 2799 5280 αὐτὴ
2826 5208 2937 5265 τῶν
2970 5209 3195 5283 ὃντωνή
3222 5213 3347 5279 κατ’
3369 5214 3544 5286 ἀρχάς
3578 5231 3717 5285 προσ

1940 5408 2180 5466 NOTAE.

485 5516 601 5589 (ἐϋ)
638 5516 822 5592 Photii
850 5531 991 5592 opus
1020 5479 1142 5592 p:ro_
1172 5526 1483 5592 sanctarum
1524 5520 1820 5592 imaginum
1851 5522 2003 5576 cultu

410 5588 722 5660 memorare,
774 5588 991 5643 videtur
1022 5588 1347 5660 Ettthymius
1398 5590 1541 5659 apud
1574 5588 1827 5648 La'tnhec.
1867 5600 1999 5647 tom.

413 5660 509 5719 ιιι.
541 5677 592 5720 n.
629 5659 757 5716 422.
788 5662 1112 5730 Quanquam
1162 5659 1299 5715 nihil
1341 5660 1490 5717 aliud
1531 5660 1762 5719 fortasse
1795 5664 2001 5718 intelli-

2113 5524 2347 5610 gendam
2378 5532 2485 5610 est,
2517 5536 2716 5610 praeter
2745 5527 2834 5583 illa
2859 5545 2982 5610 qua
2996 5548 3105 5610 pro
3133 5550 3200 5590 co
3232 5536 3716 5610 dogmatedicnn-

2114 5605 2259 5683 ιι]ῖὲ
2285 5595 2490 5683 thetis.
2517 5595 2575 5683 in.
2598 5595 3041 5683 ρτίεηεηερῑνρὲὲι
3071 5595 3619 5683 (μειειςρὲιηνειηιτί
3653 5612 3719 5683 ι).

2110 5674 2166 5719 et
2190 5668 2242 5718 in
2280 5668 2727 5736 Amphilochianis
2753 5668 2861 5725 196
2882 5672 3055 5744 (167),
3080 5668 3188 5733 ἨΠ
3219 5676 3390 5750 (168),
3420 5681 3549 5743 205.
