3916 6192
116 295 186 356 97

1119 289 1218 348 AD
1255 276 1853 346 AMPHILOCHIUM
1886 267 2234 346 QUES'I‘IO
2264 274 2349 334 Π.

3341 267 3412 334 98

118 399 254 470 ϐολὴ
278 415 339 452 τε
373 398 467 451 καὶ
500 397 834 468 δημιουργία
862 412 874 427 °
911 395 1036 449 καθ⁶
1063 396 1091 447 ὃ
1137 395 1541 466 σημαινόμενον
1570 391 1723 461 εἴρη-

1841 393 1986 438 stunt
2020 383 2310 450 productio
2350 389 2406 435 et
2437 381 2676 446 creatio;
2728 392 2838 448 quo
2894 377 2950 430 in
2989 391 3152 430 sensu
3204 374 3410 429 dictum

117 508 274 558 ται,«
299 490 410 545 Καὶ
429 493 494 561 τῇ
531 491 577 555 ζ’
614 491 796 561 ἡμέρᾳ
818 491 1168 542 κατέπαυσεν
1200 487 1406 550 οοΘεόςο
1439 505 1458 537 ι
1489 485 1586 538 καὶ
1615 483 1725 552 γάρ

119 583 224 646 τάς
259 583 454 652 φύσεις
486 583 596 634 τῶν
621 583 794 635 ὄντων
817 583 1078 636 ἁπάντων
1107 583 1163 633 ἐν
1193 580 1333 634 ἐτττά
1362 576 1726 648 τελεσάμενός

124 688 183 724 τε
216 673 313 724 καὶ
351 670 622 734 ούσιὼσας
671 671 910 743 ἡμέραις
949 670 1338 741 ὁΔτ,μιουρ·γδς
1363 668 1548 721 οὐκέτι
1578 683 1726 737 παρ-

121 763 347 833 ἀγωγὴν
411 763 672 831 οὐδεμίαν
699 762 1032 828 ἐπεδείξατο.
1068 763 1309 833 Δευτέρα
1335 761 1392 814 δὲ
1426 761 1461 832 ἡ
1491 759 1550 823 ἐξ
1576 759 1725 811 ἐκεί-

121 873 218 908 νου
255 857 420 927 μέχρι
447 855 544 908 τοῦ
574 855 672 909 νῦν
695 856 806 909 τῶν
828 855 978 922 ἅπαξ
1003 854 1325 923 ἐφεστώτων
1353 851 1724 924 ἐνεργουμένη

121 945 354 1016 διαμονή
372 963 430 998 τε
463 947 556 998 καὶ
587 946 921 1016 συντήρησις
958 945 1053 998 καὶ
1073 945 1304 1016 μηδαμῆ
1317 942 1727 1015 παραχωρούσα

122 1037 203 1099 εἰς
229 1036 526 1106 ὀλόκληρον
558 1035 700 1101 εἶδος
732 1036 1151 1108 παραπολέσθαι
1183 1037 1278 1090 καὶ
1308 1035 1445 1108 πρὸς
1469 1035 1531 1089 τὸ
1560 1035 1635 1108 μὴ
1667 1035 1727 1088 ὃν

122 1130 480 1200 χωρῆσαιοή
529 1129 586 1182 δέ
629 1130 858 1200 τοιαύτη
900 1131 1158 1200 ἐνέργεια
1212 1129 1309 1183 καὶ⁴
1371 1132 1723 1200 συντήρησις,

123 1222 361 1289 πρόνοιά
394 1239 454 1274 τε
481 1221 616 1274 Θεοῦ
647 1223 741 1273 καὶ
767 1222 1066 1294 κηδεμονία
1088 1221 1335 1276 καλεῖται
1360 1238 1374 1252 ⁵
1401 1222 1496 1275 καί⁴
1519 1221 1726 1290 ταύτης

117 1312 222 1380 τῆς
275 1312 562 1382 ἐνεργείας
597 1329 658 1364 τε
708 1312 803 1366 καὶ
851 1313 1120 1383 ἐργασίας
1169 1313 1426 1384 οὐδεμίαν
1469 1312 1724 1367 οὐδέποτε

119 1403 494 1467 κατάπαυσιν,
521 1405 715 1475 μέχρις
748 1404 815 1458 ἂν
848 1407 907 1458 τὸ
938 1408 1217 1475 περίγειον
1285 1405 1404 1458 τόδε
1441 1404 1724 1475 σύγκριμα

119 1495 225 1563 τὴν
256 1496 558 1546 ὑπόστασιν
593 1497 713 1566 ἔχη,
733 1497 761 1548 6
781 1495 987 1566 ἀληθὴς
1013 1496 1369 1562 ἐξεπίσταται
1396 1493 1574 1562 λόγος.
1598 1495 1722 1545 Ἔτι

117 1585 178 1640 δέ
210 1586 408 1656 τρίτην
442 1588 658 1659 ὁρῶμεν
692 1587 786 1640 τοῦ
834 1587 1181 1658 Δημιουργού
1222 1587 1514 1658 ἐργασίαν,
1561 1585 1619 1649 ἐξ
1656 1580 1724 1655 ἦς

122 1677 338 1749 ἐκάστη
380 1681 543 1746 φύσις
573 1679 644 1732 τα
687 1681 866 1733 οἰκεῖα
898 1680 1218 1749 πράττουσα
1270 1678 1426 1730 ούδέν
1465 1678 1718 1746 ἀνόμοιον

122 1769 158 1842 ἢ
195 1769 481 1840 ἀλλότριον
521 1772 694 1842 αὐτῆς
745 1772 1136 1844 προϐάλλεται,
1173 1771 1290 1824 ἀλλ’
1330 1772 1534 1842 ἑκάστη
1581 1774 1714 1838 πρὸς

119 1863 184 1915 τί)
211 1865 414 1916 οἰκεῖον
454 1865 551 1917 καὶ
593 1866 838 1936 ἐμφερὲς
883 1865 1320 1936 διαπλαττομένη
1366 1865 1462 1918 καὶ
1512 1880 1716 1936 μορφο-

123 1952 362 2005 ποιοῦσα
386 1953 447 2006 τὸ
476 1954 724 2024 γέννημα
753 1955 1042 2010 ἀνόθευτον
1086 1955 1186 2026 τὴν
1227 1955 1477 2026 διαδοχὴν
1515 1954 1716 2008 ἐπιδεί-

126 2061 325 2098 κνυται
353 2061 367 2075 ⁸
401 2047 486 2116 εἴη
523 2045 568 2097 δ’
600 2047 666 2098 ἂν
699 2047 795 2099 καὶ
830 2048 863 2118 ή
890 2047 1113 2118 τοιαύτη
1141 2047 1374 2118 ἐργασία
1405 2048 1484 2110 είς
1514 2046 1606 2099 τὸν
1621 2050 1719 2118 τῆς

124 2137 394 2207 προνοίας
422 2139 517 2191 καὶ
559 2139 895 2210 κηδεμονίας
917 2142 1204 2213 ἀνηγμένη
1232 2141 1413 2209 λόγον.
1447 2140 1596 2212 Πλὴν
1611 2141 1720 2194 τῶν

127 2232 445 2300 εἰρημένων
471 2234 639 2302 τριῶν
666 2234 965 2304 ἐργασιῶν,
1003 2237 1036 2304 ἡ
1073 2235 1172 2305 μὲν
1207 2235 1339 2304 περὶ
1384 2235 1719 2298 ούσιώσεως,

127 2326 162 2390 ἡ
194 2322 256 2374 δέ
285 2341 347 2374 πε
360 2323 412 2394 pi.
444 2323 531 2377 δ.α
542 2325 735 2394 μονῆς,
767 2330 802 2397 ἡ
826 2327 880 2380 δὲ
909 2329 1037 2397 περὶ
1060 2328 1380 2398 ὁμοιότητος
1403 2329 1495 2381 τὸν
1519 2327 1722 2381 σκοπὸν

127 2414 454 2470 ἀπευθύνει.
489 2418 585 2480 Εἰς
609 2418 700 2470 τὸν
725 2419 888 2472 αὑτὸν
910 2418 966 2471 δέ
997 2419 1294 2490 συναχθείη
1326 2420 1483 2487 λόγον
1504 2420 1598 2472 καὶ
1625 2420 1723 2489 τῆς

127 2506 347 2572 τάξεως
385 2509 492 2561 τῶν
524 2512 940 2584 ύποστάντωνή
973 2513 1334 2577 ἀναλλοίωτός
1371 2531 1426 2564 τε
1458 2514 1554 2566 καὶ⁵
1587 2515 1726 2582 ἀμε-

136 2603 438 2674 τακίνητος
463 2603 681 2676 διαδοχή
704 2622 718 2635 ’
743 2606 894 2676 ἥλιός
920 2607 976 2659 τέ
995 2624 1058 2676 γε
1077 2607 1172 2660 καὶ
1197 2606 1395 2677 σελήνη
1413 2609 1509 2670 τάς
1534 2608 1727 2660 ἀνατοο

129 2697 232 2759 λάς
264 2713 322 2748 τε
349 2698 438 2748 καὶ
462 2696 668 2761 δύσεις,
717 2700 968 2762 συνόδους
1003 2717 1061 2752 τε
1091 2701 1187 2752 καὶ
1244 2702 1595 2764 ἀποστάσεις,
1635 2705 1729 2754 καὶ

131 2789 237 2852 τὰς
269 2787 442 2851 ἄλλας
499 2790 808 2860 ἐνεργείας,
841 2791 904 2855 ἃς
933 2795 962 2843 ὁ
995 2792 1387 2864 δημιουργικὰς
1427 2795 1609 2857 αὐτοῖς
1645 2796 1730 2847 ἐν·

135 2877 382 2932 ἀπέθετο
412 2879 574 2948 λόγος
601 2882 702 2934 οὐκ
730 2883 796 2936 ἂν
823 2883 1167 2952 ἀμείϐοντες,
1197 2885 1318 2937 ούδέ
1347 2889 1447 2950 τὴν
1467 2885 1526 2952 ἐξ
1557 2887 1729 2957 ἀρχῆς

133 2971 327 3032 αὐτοῖς
363 2973 630 3038 παγεῖσαν
686 2971 949 3025 εὔτακτον
1007 2973 1102 3026 τοῦ
1163 2974 1366 3046 δρόμου
1427 2979 1732 3047 περιφορὰν

1754 1745 1793 1798 Β

1828 486 1912 532 est
1939 493 1951 529 :
1986 477 2081 531 cEt
2109 476 2198 530 die
2232 475 2466 545 septimo
2496 472 2765 543 requievit
2797 469 2991 525 Deus.»
3020 467 3237 523 Naturis
3268 469 3414 522 enim

1834 585 2025 624 eormn
2051 567 2299 622 omnium
2332 583 2454 637 qua:
2475 577 2602 621 sunt
2626 574 2675 618 et
2695 561 3022 618 substantiis
3041 562 3183 615 intra
3205 571 3412 629 septem

1827 661 1945 716 dies
1977 659 2255 730 perfectis,
2303 659 2532 714 Creator
2575 657 2781 711 nullam
2816 655 2959 708 ultra
3007 652 3256 707 exhibuit
3289 667 3418 722 pro-

1827 753 2170 809 ductionem.
2235 751 2485 807 Secunda
2533 762 2713 805 autem
2755 755 2840 804 est
2897 747 2986 801 illa
3037 746 3306 814 stabilitas
3364 753 3420 800 et

1826 847 2174 903 conservatio
2201 855 2599 908 creaturarum,
2622 854 2686 896 ex
2711 856 2820 911 quo
2849 839 3112 896 exsistere
3134 847 3422 910 cmperunt

1835 956 2010 1011 usque
2041 940 2106 994 ad
2127 939 2231 994 hoc
2252 951 2486 1006 tempus,
2526 953 2636 990 non
2671 937 2858 990 sinens
2888 935 2972 988 vel
2992 948 3156 989 unam
3181 933 3418 1002 speciem

1827 1035 2056 1090 omnino
2089 1035 2267 1104 perire
2283 1042 2336 1087 et
2366 1033 2422 1087 in
2457 1031 2686 1084 nihilum
2720 1030 2897 1084 redire
2926 1045 2941 1083 :
2971 1044 3034 1083 ea
3064 1041 3228 1098 porro
3258 1027 3340 1082 vis
3366 1034 3422 1080 et

1838 1126 2224 1192 conservatio,
2280 1124 2619 1194 providentia
2660 1115 2753 1177 Dei
2787 1132 2843 1176 et
2871 1137 3003 1177 cura
3038 1131 3288 1176 voeatur.
3356 1118 3425 1174 Et

1831 1220 1952 1274 hare
1983 1219 2064 1274 vis
2104 1228 2156 1274 et
2206 1219 2350 1273 actio
2388 1233 2667 1288 nunquam
2705 1216 2954 1271 futurum
2983 1231 3104 1271 esse
3137 1225 3198 1269 ut
3223 1223 3419 1278 cesset,

1825 1312 2071 1382 quandiu
2127 1312 2391 1366 subsistet
2439 1314 2551 1365 lure
2602 1321 2820 1365 terrena
2884 1307 3423 1374 creatio,veridicus

1827 1405 1980 1459 testis
2009 1413 2092 1459 est
2121 1419 2325 1459 sermo.
2361 1404 2600 1458 Tertiam
2633 1419 2852 1473 quoque
2873 1403 3124 1457 videmus
3143 1401 3423 1457 Creatoris

1827 1497 2222 1565 operationem,
2287 1497 2336 1549 vi
2388 1497 2546 1565 cujus
2608 1512 2950 1566 unaqumque
3001 1507 3196 1550 natura
3260 1509 3426 1564 agens

1825 1585 2049 1653 prOpria
2088 1586 2225 1639 nihil
2273 1586 2375 1640 sibi
2406 1586 2675 1640 dissimile
2719 1596 2810 1640 aut
2855 1600 2964 1639 non
2995 1594 3423 1639 consentaneum

1829 1677 2118 1748 producit;
2175 1678 2270 1732 sed
2306 1678 2462 1748 juxta
2496 1694 2624 1732 suas
2677 1678 3042 1747 proprietates
3077 1688 3130 1730 et
3166 1692 3318 1730 suam
3351 1678 3426 1730 si-

1825 1769 2187 1824 militudinem
2244 1772 2502 1841 ellingens
2550 1781 2605 1824 et
2659 1769 2904 1825 formans
2947 1785 3010 1823 ea
3042 1784 3165 1838 qua:
3213 1784 3277 1822 ex
3311 1769 3424 1836 ipsa

1821 1870 2146 1923 nascuntur,
2175 1861 2470 1930 legitimam
2509 1861 2752 1915 sobolem
2805 1859 3118 1914 successive
3163 1857 3424 1922 exhibet;

1820 1953 1949 2010 talis
1994 1965 2175 2008 autem
2227 1953 2474 2023 operatio
2516 1953 2737 2006 nomine
2789 1951 3144 2022 providentia:
3184 1959 3237 2004 et
3280 1965 3429 2004 cura;

1822 2047 2160 2118 designatur.
2191 2046 2457 2100 Cicterum
2519 2045 2902 2114 praedictarum
2947 2044 3112 2097 trium
3152 2042 3428 2111 operatio--

1823 2155 1951 2194 num
1973 2149 2160 2192 tumea
2180 2154 2301 2208 qua:
2316 2138 2671 2202 substantias,
2690 2146 2884 2190 tumea
2903 2150 3025 2205 qua:
3050 2136 3430 2189 conservatio-

1828 2247 1974 2296 nem,
2007 2243 2121 2285 tum
2158 2248 2222 2286 ea
2261 2247 2383 2302 quae
2423 2230 2836 2285 similitudinem
2874 2245 2975 2299 pro
3012 2227 3230 2298 objeeto
3265 2228 3432 2282 liabet

1823 2340 1984 2381 suum
1997 2328 2159 2379 linem
2183 2325 2432 2395 apprime
2449 2334 2841 2394 assequuntur.
2860 2325 2940 2380 Ad
2972 2325 3220 2378 eamdem
3241 2331 3425 2378 autem

1824 2422 2093 2473 rationem
2147 2418 2452 2473 reducenda
2512 2417 2618 2472 erit
2643 2419 2808 2472 etiam
2849 2417 3057 2472 ordinis
3097 2415 3434 2470 substantia-

1827 2511 2316 2566 rumimmutabilis
2345 2523 2399 2566 et
2425 2521 2686 2566 constans
2723 2511 3022 2566 successio.
3051 2508 3141 2564 Sol
3165 2511 3364 2581 quippe
3379 2521 3435 2565 et

1830 2603 1980 2670 luna,
1996 2614 2152 2660 ortus
2163 2614 2215 2660 et
2232 2620 2480 2670 occasus,
2495 2620 2825 2673 congressus
2841 2605 3244 2660 etdefectioues
3259 2613 3315 2658 et
3329 2612 3434 2658 ea?

1833 2707 1978 2752 teras
1995 2697 2139 2750 vires
2153 2713 2286 2765 quas
2300 2697 2410 2750 illis
2428 2695 2626 2749 indidit
2645 2696 2888 2749 divinum
2906 2693 3430 2750 CreatorisVerbum

1833 2801 2114 2855 nunquam
2151 2797 2428 2841 mutantes
2460 2803 2636 2856 neque
2682 2787 2784 2840 sibi
2822 2786 2891 2840 ab
2921 2786 3427 2855 initioimpressum

1833 2894 2032 2932 cursus
2088 2879 2400 2932 ordinatum
2472 2879 2576 2933 iter
2618 2879 3005 2933 obliviscentea
3064 2877 3430 2932 animadverti

1839 2979 2082 3038 possent.
2153 2968 2340 3039 Neque
2401 2970 2648 3040 reliquus
2698 2982 2974 3025 astrorum
3025 2971 3229 3025 chorus
3280 2969 3428 3024 illam

135 3061 454 3129 φωραθεῖεν
483 3063 892 3135 διαφθείροντες
913 3080 925 3094 ·
954 3065 1107 3120 οὖδ’ό
1143 3067 1329 3131 λοιπὸς
1352 3067 1460 3120 τῶν
1487 3068 1732 3140 ἀστέρων

1841 3063 1941 3117 sibi
1969 3062 2038 3117 ab
2069 3063 2224 3116 initio
2253 3063 2564 3132 impositam
2591 3074 2774 3118 motus
2794 3074 2847 3119 et
2883 3063 3111 3127 ordinis,
3137 3062 3434 3133 apparitio-

137 3153 306 3224 χορὸς
331 3156 424 3207 τὸν
449 3156 510 3220 ἐξ
545 3157 722 3227 ἀρχῆς
775 3159 957 3221 αὐτοῖς
998 3159 1280 3213 ἐνδοθέντα
1310 3161 1412 3232 τῆς
1468 3177 1528 3214 τε
1583 3180 1739 3232 περι-

138 3247 321 3312 φορᾶς
347 3245 571 3316 καὶτῆς
599 3247 810 3313 τάξεως
852 3251 1065 3320 εἱρμὸν,
1101 3251 1320 3318 φάσεως
1366 3269 1424 3303 τε
1461 3255 1554 3305 καὶ
1605 3254 1742 3326 κρύ-

136 3336 314 3406 ψεως,
355 3338 458 3390 θύκ
484 3337 550 3390 ἂν
581 3339 760 3392 ἁλοῖεν
804 3339 1160 3410 ἀμειϐόμενοί
1187 3358 1244 3393 τε
1270 3343 1365 3394 καὶ
1396 3341 1706 3405 διαλύοντες
1725 3359 1738 3372 ·

139 3430 345 3493 νύκτες
396 3448 454 3483 τε
509 3435 630 3495 ταῖς
668 3432 902 3503 ἡμέραις
951 3435 1359 3506 ὑποχωροῦσαι,
1391 3439 1488 3490 καὶ
1519 3438 1579 3490 τὸ
1611 3437 1745 3491 ἀνά-

148 3523 320 3574 πάλιν
350 3524 408 3576 αἱ
440 3525 648 3595 ἡμέραι
682 3528 804 3589 ταῖς
838 3529 986 3590 νυξὶν
1035 3529 1412 3594 ἐξιστάμεναι,
1457 3530 1745 3584 ἀνόθευτόν

141 3632 204 3666 τε
243 3616 343 3667 καὶ
401 3617 826 3688 ἀπαραποίητον
863 3619 964 3689 τὴν
1011 3619 1279 3674 εὔτακτον
1329 3621 1629 3688 ἀναλογίαν
1680 3623 1751 3675 δι-

143 3705 430 3758 εσώσαντο
454 3723 484 3774 ἰ
511 3707 774 3772 ὡσαύτως
798 3711 891 3762 καὶ
915 3709 1074 3781 ὡρῶν
1095 3713 1150 3764 αἱ
1169 3711 1355 3780 φύσεις
1381 3714 1478 3775 τὰς
1500 3713 1752 3782 διαδοχάς

145 3798 428 3867 ἀλλήλαις
491 3804 1005 3872 παραπέμπουσαί,
1062 3804 1322 3873 οὐδεμίαν
1399 3808 1749 3875 καινοτομίαν

146 3892 429 3956 ἐδέξαντο,
459 3892 594 3946 ἀλλά
624 3894 725 3964 τὴν
748 3895 983 3965 ἀρχαίαν
1023 3895 1118 3948 καὶ
1172 3895 1485 3965 θαυμασίαν
1543 3896 1747 3967 ταύτην

152 3985 484 4056 μεταϐολὴν,
529 3987 913 4058 ἀμετάϐλητον
948 3987 1041 4039 καί⁸
1079 3988 1484 4057 ἀμετακίνητον
1516 3990 1747 4058 συνετή-

149 4097 333 4148 ρησαν
357 4096 372 4110 ·
404 4081 498 4133 καὶ
527 4079 731 4150 ταύτην
755 4079 853 4150 τὴν
884 4083 941 4133 ἐν
964 4084 1074 4143 τοῖς
1095 4078 1247 4134 οὖσιν
1272 4080 1528 4146 εὐταξίαν
1557 4100 1616 4134 τε
1650 4084 1746 4136 καὶ

148 4174 470 4243 ἀναλογίαν,
503 4175 662 4246 δῆλον
693 4177 768 4240 ὡς
797 4179 826 4230 6
879 4177 978 4247 τῆς
1025 4177 1282 4246 προνοίας
1324 4179 1541 4248 συνέχει
1572 4197 1630 4232 τε
1660 4182 1754 4234 καὶ
1825 4187 2124 4255 συγκροτεῖ
2190 4183 2349 4252 λόγος
2379 4199 2394 4217 ⁸

148 4274 335 4326 πάντα
363 4276 422 4324 ἐν
453 4273 616 4343 σοφίᾳ
641 4272 1152 4344 δημιουργήσαντος
1181 4273 1340 4327 Θεοῦ.

1841 3157 1927 3212 nis
1949 3169 2002 3211 et
2035 3158 2420 3213 occultationis
2444 3160 2692 3213 semitam
2718 3169 3030 3228 permutare
3049 3170 3101 3212 et
3127 3159 3434 3214 dissolvere

1841 3251 2272 3318 convinceretur,
2299 3260 2594 3323 noctesque
2610 3252 2804 3306 diebus
2822 3251 3179 3307 succedentes
3197 3261 3249 3306 et
3270 3251 3406 3306 vicis
3426 3280 3437 3288 -

1847 3343 1948 3398 sim
1979 3342 2095 3398 dies
2128 3355 2248 3413 post
2300 3356 2491 3400 noctes
2546 3355 2892 3415 resurgentes
2944 3344 3208 3415 integram
3239 3354 3294 3400 et
3326 3360 3437 3399 non

1843 3434 2204 3489 adulteratam
2229 3439 2636 3506 proportionem
2656 3447 3033 3491 servaverunt.
3071 3439 3202 3490 Item
3235 3449 3288 3492 et
3309 3438 3435 3491 anni

1847 3536 2155 3598 temporum
2207 3538 2416 3584 natura:
2469 3531 2569 3584 sibi
2637 3529 2867 3584 invicem
2925 3527 3438 3583 succedentesnihil

1847 3627 2171 3694 novipassa:
2202 3636 2361 3690 sunt;
2395 3625 2488 3678 sed
2521 3625 2803 3694 antiquam
2839 3634 2893 3677 et
2919 3624 3228 3677 mirabilem
3264 3625 3431 3678 vicis-

1849 3717 2146 3770 situdinem
2199 3717 2598 3771 immutabilem
2646 3727 2699 3770 et
2758 3725 3096 3770 constantem
3129 3730 3432 3769 servavere.

1859 3811 2007 3864 Illam
2048 3826 2214 3881 porro
2239 3810 2294 3864 in
2325 3810 2392 3865 iis
2414 3827 2538 3880 qua:
2566 3818 2692 3864 sunt
2730 3820 2912 3864 creata
2956 3807 3354 3862 ordinationem
3387 3821 3441 3859 ct

1857 3906 2268 3974 proportionem
2299 3903 2589 3959 manifeste
2646 3903 2890 3958 continet
2939 3917 3003 3956 ac
3037 3901 3219 3954 ﬁrmat
3256 3901 3441 3969 provi-

1857 3997 2059 4050 dentia:
2111 3997 2374 4064 verbum;
2443 4013 2566 4067 qua:
2629 3997 2874 4067 operatio
2913 4005 3001 4050 est
3060 3993 3226 4048 etiam
3294 3993 3442 4048 illius

1857 4087 1950 4143 Dei
1982 4089 2076 4160 qui
2108 4093 2295 4144 omnia
2338 4089 2616 4158 sapienter
2651 4089 2918 4142 condidit.

2431 4182 2665 4254 ἐργασία
2693 4181 2736 4236 δ’
2775 4183 2842 4236 ἂν
2889 4183 2975 4251 εἴη
3031 4181 3126 4235 καὶ
3164 4180 3324 4236 τοῦτο
3347 4182 3441 4236 τοῦ

223 4368 389 4420 Ἔστι
416 4365 474 4418 δέ
497 4383 580 4428 τις
605 4366 699 4418 ἐπὶ
727 4366 939 4430 τούτοις
967 4370 1058 4420 καὶ
1088 4366 1250 4438 ἐτέρα
1275 4369 1524 4438 ἐργασία,
1558 4368 1736 4436 φιλαν-

1920 4371 2019 4428 Est
2071 4383 2254 4428 autem
2319 4382 2580 4442 praeterea
2651 4383 2705 4426 et
2759 4372 2864 4426 alia
2923 4373 3189 4441 operatio,
3249 4387 3444 4440 nempe

148 4459 375 4531 θρωπία
414 4459 713 4530 δεσποτικὴ
737 4459 814 4530 τῷ
857 4461 1185 4532 ἀνθρωπίνῳ
1241 4460 1477 4532 μάλιστα
1525 4462 1755 4515 ἐπιθεω-

152 4550 402 4621 ρουμένη
444 4551 594 4619 γένει
620 4567 633 4579 ⁶
661 4549 829 4617 διπλῆ
856 4551 914 4604 δὲ
944 4550 1090 4622 αὕτη
1116 4568 1129 4581 ·
1163 4554 1197 4623 τη
1224 4552 1324 4622 μὲν
1356 4553 1463 4624 γὰρ
1489 4553 1748 4624 τέμνεται

149 4647 280 4714 περὶ
310 4643 477 4714 σῶμα
505 4644 571 4696 δι’
603 4638 673 4715 ἧς
708 4643 884 4697 λῶϐαι
945 4662 1005 4698 τε
1053 4648 1146 4698 καὶ
1196 4646 1344 4716 πάθη
1396 4648 1562 4717 μυρία
1614 4645 1749 4700 ἄλλα

151 4734 244 4788 τοῦ
292 4737 624 4805 πλάσματος
690 4736 1081 4802 ἀπελαύνεται,
1122 4737 1158 4792 ὃ.
1200 4737 1264 4810 δὴ
1308 4739 1750 4810 παραγεγονὼςὸ

154 4828 336 4890 κοινὸς
366 4827 462 4880 τοῦ
496 4830 688 4896 γένους
725 4829 914 4902 Σωτὴρ
963 4831 1201 4898 ἐπραττέ
1256 4849 1315 4883 τε
1369 4831 1462 4885 καὶ
1506 4834 1747 4900 ἐνήργει,

156 4921 525 4985 παντοδαπῶς
563 4922 905 4991 παθημάτων
947 4925 1040 4976 καὶ
1087 4923 1258 4977 νόσων
1291 4924 1352 4976 τὸ
1409 4922 1750 4994 ἀνθρώπινον

157 5013 497 5083 ἐλευθερῶν·
529 5014 562 5081 ἠ
613 5013 668 5065 δὲ
699 5015 828 5084 περὶ
879 5014 1059 5085 ψυχήν
1083 5030 1096 5043 ’
1119 5013 1326 5083 ταύτην
1369 5014 1476 5084 γὰρ
1533 5012 1751 5077 πολλοῖς

158 5110 528 5182 ἁμαρτήμασι
561 5111 1022 5181 συγκεχωσμένην
1053 5110 1147 5164 καὶ⁸
1199 5111 1562 5164 κατάστικτον
1624 5111 1752 5180 ὃλην

159 5205 540 5273 γεγενημένην
579 5205 701 5268 ταῖς
751 5203 845 5256 τοῦ
882 5205 1120 5275 πονηροῦ
1189 5203 1413 5275 μυρίαις
1469 5204 1693 5270 αἰκίαις,
1724 5206 1752 5256 ό

162 5297 323 5359 αὐτὸς
349 5297 510 5367 ἡμῶν
553 5297 798 5369 πλάστης
841 5300 937 5350 καὶ
992 5297 1337 5370 Δημιουργδς
1391 5297 1751 5367 ἀποκαθηράο

169 5391 325 5459 μενός
347 5406 408 5441 τε
441 5390 535 5442 καὶ
562 5389 832 5454 ἀποξεσας
862 5391 952 5443 διά
981 5392 1080 5459 τῆς
1121 5389 1288 5443 αύτοῦ
1335 5391 1476 5459 ὑπὲρ
1505 5389 1628 5441 νοῦν
1659 5389 1754 5442 καὶ

166 5481 321 5552 λόγον
357 5481 681 5552 ἐπιδημίας,
713 5483 793 5546 είς
827 5499 886 5535 τε
921 5482 983 5535 τὸ
1024 5484 1251 5552 ἀρχαῖον
1300 5481 1519 5552 ἀξίωμα
1581 5483 1752 5534 ἐπαν-

170 5577 366 5645 ήγαγε,
401 5576 497 5629 καὶ
527 5575 590 5628 τὸ
616 5578 737 5630 κατ’
774 5577 962 5630 εἰκόνα
989 5575 1150 5629 πάλιν
1179 5575 1465 5630 ἀναλαϐὼν
1507 5575 1660 5645 ἰσχύν
1690 5591 1770 5628 τεν

169 5669 258 5721 καὶ
315 5669 497 5742 χαρὰν
549 5670 858 5740 παρέσχετο
883 5688 896 5700 ·
933 5669 1074 5739 αὕτη
1125 5669 1480 5740 τοιγαροῦνή
1522 5669 1650 5740 περὶ
1693 5667 1754 5720 τὸ

173 5761 399 5836 πλάσμα
436 5763 544 5817 τῶν
573 5764 772 5835 χειρῶν
803 5763 969 5816 αὖτοῦ
1015 5765 1245 5834 ἐργασία
1286 5763 1505 5834 τυφλοῖς
1541 5761 1598 5815 τὸ
1630 5760 1752 5832 βλέ-

450 5859 726 5918 Ριιτηοι.
777 5860 888 5920 (in.
947 5858 1044 5920 Cl.

1861 4464 2241 4519 benevolentia
2301 4462 2519 4516 Domini
2559 4463 2801 4516 humano
2859 4462 3042 4532 generi
3107 4461 3444 4531 iuvigilans;

1855 4569 1978 4624 qua:
2013 4552 2212 4623 duplex
2240 4563 2344 4607 est.
2395 4551 2553 4606 Prior
2611 4551 2829 4620 quidem
2879 4567 2977 4620 pro
3017 4551 3232 4619 objecto
3281 4550 3442 4604 habet

1859 4662 2082 4716 corpus,
2112 4662 2220 4716 qua
2249 4645 2426 4701 morbi
2458 4656 2511 4700 et
2541 4657 2800 4700 sexcenta
2830 4645 2937 4698 alia
2969 4644 3109 4698 mala
3130 4647 3444 4697 acreaturis

1857 4741 2242 4812 expelluntur;
2296 4739 2442 4811 quod
2473 4739 2669 4810 agebat
2698 4749 2753 4793 et
2774 4739 3104 4805 onerabatur
3133 4738 3446 4792 communis

1859 4835 2077 4904 generis
2109 4835 2283 4889 nostri
2325 4833 2598 4896 Salvator,
2631 4832 2969 4902 quibuslibet
3023 4829 3306 4884 doloribus
3339 4828 3444 4883 ho—

1859 4929 2041 4983 mines
2092 4927 2355 4982 liberans.
2403 4925 2588 4978 Altera
2639 4937 2770 4977 vero
2817 4923 2883 4977 ad
2915 4922 3155 4976 animam
3183 4921 3441 4990 respicit:

1861 5021 2011 5076 illam
2047 5021 2194 5074 enim
2249 5018 2407 5072 multi
2469 5019 2706 5087 peccatis
2741 5017 2993 5070 obrutam
3025 5025 3078 5071 et
3117 5025 3283 5070 tntam
3319 5031 3442 5069 sex-

1861 5111 2042 5167 centis
2071 5109 2273 5164 diaboli
2308 5108 2528 5163 astutiis
2547 5108 2895 5172 maculatam,
2931 5106 3232 5175 plasmator
3259 5114 3445 5159 uoster

1859 5215 1913 5258 et
1940 5202 2168 5258 Creator
2222 5203 2541 5272 abstergens
2595 5211 2650 5255 et
2694 5201 2966 5256 abradens
3011 5215 3106 5268 per
3141 5214 3302 5254 suum
3349 5214 3446 5252 ευ-

1862 5311 1960 5364 pra
2019 5305 2256 5348 mentem
2323 5301 2378 5348 et
2445 5293 2715 5348 rationem
2770 5294 3064 5347 adventum
3125 5293 3319 5360 priscae
3364 5291 3449 5345 di-

1862 5385 2054 5452 gnitati
2107 5383 2368 5446 restituit.
2413 5393 2468 5438 et
2503 5385 2650 5452 quod
2697 5383 2762 5436 ad
2817 5396 2974 5437 suam
3022 5381 3316 5450 imaginem
3372 5381 3449 5433 ef-

1865 5477 2196 5532 formaverat
2232 5492 2510 5541 recreans,
2547 5477 2596 5530 ei
2629 5477 2737 5529 vim
2785 5487 2839 5529 et
2875 5475 3134 5546 gaudium
3181 5473 3439 5544 praebuit.

1863 5569 1956 5624 Illa
1983 5569 2146 5636 igitur
2200 5570 2252 5623 in
2300 5585 2438 5639 opus
2464 5585 2722 5623 manuum
2757 5569 2930 5637 ipsius
2981 5569 3124 5622 actio
3155 5568 3314 5620 circis
3368 5564 3448 5614 vi-

1864 5679 1984 5718 sum
2019 5663 2265 5733 largitur,
2301 5662 2967 5732 paralyticum'astriugit,
3016 5659 3446 5729 quatridnannm

1864 5764 2143 5813 mortuum
2202 5756 2430 5810 suscitat
2471 5772 2534 5811 ex
2581 5754 2853 5824 sepulcro,
2901 5765 2954 5808 et
3001 5755 3286 5807 innumera
3342 5747 3449 5804 alia

3061 5846 3100 5906 Ιι
