3916 6192
467 238 538 302 99
1625 238 1887 300 ΡΠΟΤΙΙ
1925 242 2053 300 I’A'I

2160 243 2433 303 ARCH/E
2462 244 2570 304 (ΣΡ.

3636 248 3744 315 ἔω

469 361 720 405 naturam
750 348 1067 404 excedentia
1094 363 1260 419 opera
1296 350 1571 419 Ostendit;
1597 368 1719 421 qua:
1738 356 1864 406 dum
1884 353 2049 407 benc-

2160 373 2277 407 πειν
2312 355 2620 425 χαρίζεται,
2656 358 2973 429 παράλυτον
3000 361 3243 431 σφίγγει,
3269 368 3591 435 τεταρταῖον
3638 369 3741 420 ἀν-

470 442 721 497 volentize
772 440 975 511 regulis
1004 451 1060 496 et
1107 442 1319 513 legibus
1346 442 1508 498 ellicit
1548 443 1811 499 Dominus
1840 453 2042 508 noster,

468 537 790 591 beneficium
831 535 880 590 ei
931 536 1225 607 exprobrat
1271 537 1521 607 ingratus
1542 535 1851 592 Iudaeorum
1876 552 2046 607 popu-

469 632 574 695 lus,
626 629 867 683 Sabbato
918 629 1156 682 debitam
1191 630 1595 683 venerationem
1645 638 1962 699 przetextum
1997 639 2049 682 et

468 738 581 777 sua:
642 722 862 776 invidiae
918 722 1247 791 malitimque
1295 722 1473 775 velum
1538 722 1804 791 objiciens
1850 724 2048 777 :audit

467 830 595 869 vero
629 813 941 876 Dominum,
1002 823 1116 868 tum
1174 823 1444 885 quatenus
1473 814 1740 870 Dominus
1778 824 1883 877 est,
1928 826 2043 869 tum

466 919 738 979 quatenus
794 908 1140 977 magisteret
1192 908 1455 976 salvator,
1485 908 1792 964 dicentem:
1849 908 2050 964 «Pater

468 1018 621 1057 mens
653 1017 828 1073 usque
854 1001 1018 1056 modo
1047 1011 1305 1071 operatur
1333 1010 1387 1056 et
1415 1017 1515 1073 ego
1548 1016 1746 1071 operor
1765 1001 1889 1055 π’.»
1911 1000 2047 1057 Dum

467 1105 647 1150 autem
680 1097 905 1166 ingratis
932 1095 1135 1152 Judaeis
1192 1095 1353 1150 istam
1413 1096 1659 1166 corporis
1686 1096 2047 1158 curationem,

466 1190 590 1257 quia
639 1186 881 1242 Sabbato
935 1186 1075 1242 facta
1136 1200 1274 1253 erat,
1319 1188 1757 1258 vituperantibus
1804 1197 1858 1242 ct
1904 1188 2051 1244 blaso

469 1282 851 1352 pllemantibus
918 1280 991 1335 ita
1060 1282 1326 1335 Dominus
1357 1295 1421 1336 os
1467 1280 1709 1345 obturat,
1773 1297 1873 1336 nos
1906 1282 2053 1336 clare

466 1374 657 1427 edocet
725 1372 794 1425 ab
856 1370 1231 1440 hujuscemodi
1290 1369 1549 1441 operibus
1600 1386 1776 1440 neque
1836 1370 2049 1425 Patrem

468 1463 834 1533 requiescere,
877 1476 1055 1531 neque
1094 1462 1335 1532 seipsum
1365 1462 1581 1531 operari
1630 1462 1901 1517 desinere.
1973 1461 2052 1515 Ex

468 1560 567 1612 hac
592 1557 755 1627 igitur
793 1556 1005 1610 Domini
1056 1557 1410 1626 responsione
1454 1568 1507 1611 et
1563 1572 1630 1613 ex
1661 1557 1892 1612 diversis
1925 1572 2054 1626 ope-

468 1652 736 1705 rationum
772 1649 1188 1704 characteribus
1218 1648 1377 1704 facile
1414 1649 1510 1704 tibi
1552 1660 1635 1704 est
1686 1650 1988 1721 intelligere
2018 1666 2050 1705 a

2154 449 2279 518 ιστᾷ
2308 447 2401 501 τοῦ
2436 450 2629 517 τάφου,
2672 452 2767 503 καὶ
2800 454 3057 521 κρεῖσσον
3086 454 3118 524 ἢ
3151 455 3523 527 ἀριθμεῖσθαι,
3570 459 3745 529 ὑπερ-

2150 542 2262 611 φυῆ
2285 541 2422 613 ἔργα
2446 542 2760 607 ἐπεδείξατο
2781 560 2795 574 ⁸
2823 544 2859 597 δι
2884 546 2979 599 τοῦ
3015 548 3289 600 Δεσπότου
3326 549 3745 622 φιλανθρωπίας

2149 636 2261 707 ὅρῳ
2290 637 2382 689 καὶ
2404 637 2554 705 νόμῳ
2587 637 3081 707 διαπραττομένου,
3133 640 3442 705 ἐξονειδίζει
3495 644 3595 713 μὲν
3640 644 3745 715 τὴν

2152 724 2478 795 εὐεργεσίαν
2513 727 2541 778 6
2583 726 2879 796 ἀχάριστος
2917 727 3027 779 τῶν
3071 729 3344 783 Ἰουδαίων
3381 730 3588 800 δῆμος,
3637 733 3741 804 τὴν

2149 814 2243 867 τοῦ
2276 814 2555 869 Σαϐϐἀτου
2597 816 2761 887 τιμὴν
2810 819 3083 889 πρόφασίν
3121 837 3183 873 τε
3230 822 3325 875 καὶ
3366 825 3745 894 προκάλυμμα

2150 905 2246 958 τοῦ
2274 905 2474 975 φθόνου
2502 908 2716 978 καὶτῆς
2742 909 3003 981 πονηρίας
3040 910 3480 981 προϐαλλόμενος
3507 928 3522 941 ·
3550 915 3743 968 ἀκούει

2151 997 2208 1051 δὲ
2235 997 2387 1069 παρὰ
2416 996 2513 1051 τοῦ
2540 1000 2813 1051 Δεσπότου
2844 999 3004 1053 τοῦτο
3032 1002 3132 1071 μὲν
3173 1004 3543 1066 Δεσποτικῶς,
3576 1005 3744 1058 τοῦτο

2152 1088 2208 1142 δὲ
2231 1089 2627 1153 διδασκαλικῶς
2647 1107 2703 1144 τε
2723 1092 2817 1144 καὶ
2840 1093 3199 1163 σωτηριωδὼς
3222 1110 3236 1123 ·
3276 1114 3295 1145 ι
3322 1094 3379 1148 '0
3412 1096 3603 1168 Πατήρ
3638 1115 3743 1167 μου

2153 1181 2258 1243 ἓως
2300 1182 2425 1252 ἄρτι
2472 1182 2789 1253 ἐργάζεται,
2814 1183 2971 1253 κάγὼ
3003 1185 3328 1257 ἐργάζομαι.
3364 1204 3384 1238 ι
3416 1187 3578 1242 Ἀλλά
3614 1190 3745 1253 τούς

2156 1273 2255 1342 μὲν
2293 1274 2623 1345 ἀχαρίστους
2659 1273 2955 1339 Ἰουδαίους
2994 1275 3092 1347 τὴν
3124 1279 3255 1348 περὶ
3284 1278 3345 1330 τὸ
3386 1279 3547 1350 σῶμα
3576 1278 3747 1351 Θερα-

2158 1367 2317 1418 πείαν
2349 1367 2431 1419 ὅτι
2459 1367 2650 1435 γέγονε
2690 1367 2954 1439 Σαϐϐάτῳ
3001 1368 3355 1440 διασύροντας
3400 1370 3494 1424 καὶ
3542 1372 3744 1443 δυσφηο

2157 1456 2394 1527 μοῦντας
2418 1456 2594 1521 οὕτως
2620 1460 2648 1511 6
2678 1461 2960 1532 Δεσπότης
3008 1460 3397 1531 ἐπιστομίζων,
3424 1462 3635 1517 τούτων
3679 1481 3744 1517 τε.

2156 1549 2251 1602 καὶ
2298 1549 2406 1605 τῶν
2450 1550 2709 1603 τοιούτων
2753 1550 2931 1623 ἔργων
2982 1555 3121 1624 μήτε
3149 1553 3244 1606 τὸν
3274 1554 3492 1625 Πατέρα
3521 1556 3743 1609 πεπαῦ·

2158 1642 2303 1707 σθαι,
2336 1643 2471 1713 μήτε
2500 1644 2663 1697 αὐτὸν
2694 1644 2795 1715 τῆς
2818 1646 3080 1716 ἐργασίας
3117 1644 3305 1717 λήγειν
3342 1648 3556 1718 τρανῶς
3589 1650 3745 1717 ἡμᾶς

466 1741 665 1813 quibus
695 1741 952 1811 operibus
988 1742 1358 1811 requieveriut
1383 1740 1546 1796 Pater
1580 1751 1634 1796 et
1674 1720 2048 1813 Filius,qua:-

2160 1734 2478 1800 ὶνεδίδαξεν.
2530 1735 2662 1790 Ἀπὸ
2681 1736 2737 1789 δὲ
2769 1739 2867 1808 τῆς
2890 1737 3233 1807 Δεσποτικῆς
3257 1738 3587 1808 ἀποφάσεως
3606 1740 3743 1792 ταῦθ

470 1849 595 1888 nam
636 1841 816 1887 autem
879 1847 1053 1902 usque
1106 1832 1270 1885 modo
1334 1847 1443 1886 non
1496 1833 1752 1888 desinant
1809 1836 2047 1904 operari.

2160 1844 2246 1896 της
2282 1831 2375 1881 καὶ
2415 1828 2451 1882 ἂ
2482 1828 2589 1899 πρὸ
2626 1828 2856 1901 βραχέος
2886 1828 3259 1901 διευκρίνησεν
3282 1830 3311 1882 6
3345 1828 3499 1898 λόγος
3536 1847 3743 1898 σημαι-

463 1921 693 1977 Creator
724 1922 1003 1976 enimvero
1032 1920 1371 1976 substantias
1422 1923 1745 1991 jamdudum
1784 1926 2049 1979 termina-

2160 1921 2350 1990 νόμενα
2378 1921 2478 1991 τῆς
2507 1923 2773 1993 ἐργασίας
2805 1922 3029 1993 εὐχερές
3057 1923 3175 1976 ἐστί
3212 1940 3291 1977 σοι
3323 1923 3529 1989 λαϐεῖν,
3570 1926 3744 1976 ποίων

468 2016 582 2081 \it;
635 2015 766 2070 dum
816 2024 997 2069 autem
1035 2014 1468 2085 incorruptibilia
1529 2032 1594 2072 ea
1621 2032 1745 2087 quae
1776 2018 2047 2083 condidit,

2160 2012 2251 2083 μὲν
2283 2012 2461 2085 ἔργων
2501 2014 2846 2068 κατέπαυσεν
2880 2018 2907 2068 6
2938 2017 3128 2088 Πατὴρ
3160 2017 3254 2069 καὶ
3287 2018 3315 2070 6
3357 2016 3503 2082 Υίὸς,
3535 2017 3661 2070 τίνα
3686 2017 3743 2068 δὲ

468 2116 677 2171 servat,
729 2109 969 2177 itemque
1032 2108 1234 2163 illa'sas
1290 2119 1344 2163 et
1404 2124 1512 2163 non
1563 2110 1900 2167 adulterinas
1928 2128 2052 2167 esse

2160 2105 2313 2177 μέχρι
2341 2106 2437 2159 τοῦ
2482 2108 2579 2160 νῦν
2628 2109 2687 2160 οὐ
2756 2107 2993 2162 παύεται
3049 2109 3453 2180 ἐργαζόμενοςο
3483 2111 3578 2163 καὶ
3632 2110 3747 2179 γὰρ

460 2218 663 2258 eorum
695 2204 963 2257 essentias
1004 2217 1102 2257 sua
1133 2203 1478 2272 providentia
1509 2216 1795 2274 procurat,
1847 2216 1901 2261 et
1947 2206 2051 2260 im-

2160 2200 2500 2269 Ξημιουογῶν
2528 2201 2629 2272 μὲν
2647 2201 2746 2262 τὰς
2776 2201 2967 2270 φύσεις
2994 2202 3160 2255 πάλαι
3187 2202 3558 2266 κατέπαυσεν,
3586 2202 3743 2256 ἀδιά-

472 2297 707 2366 positum
737 2295 987 2350 ordinem
1021 2296 1385 2367 semitamque
1419 2297 1813 2353 immutabilem
1849 2306 2054 2363 servat,

474 2387 700 2443 minime
732 2387 988 2442 videntur
1005 2402 1223 2441 cessare
1261 2403 1436 2459 neque
1452 2388 1632 2455 Pater,
1657 2405 1833 2460 neque
1862 2388 2055 2454 Filius,

462 2494 650 2551 neque
675 2478 837 2535 etiam
898 2478 1139 2549 Spiritus
1182 2490 1429 2535 sanctus.
1493 2480 2056 2549 Super-substantialis

472 2574 616 2627 enim
638 2583 692 2628 et
713 2572 1106 2644 omnipotentis
1131 2583 1183 2627 et
1225 2574 1407 2627 omnia
1463 2576 1703 2630 creantis
1733 2575 2056 2629 substantiae

468 2682 581 2719 una
613 2674 696 2721 est
717 2675 773 2720 et
800 2666 1052 2720 voluntas
1080 2674 1135 2720 et
1165 2664 1410 2736 potentia
1447 2673 1499 2719 et
1526 2666 1641 2727 vis;
1698 2664 2053 2719 manifestum

470 2765 556 2811 est
588 2768 766 2810 autem
820 2770 883 2811 ea
940 2758 1073 2811 hora
1119 2771 1226 2827 qua
1260 2757 1414 2827 signa
1468 2770 1567 2810 sua
1593 2752 1840 2807 Salvator
1871 2764 2058 2807 uoster
2096 2767 2103 2774 ·

480 2852 834 2921 operabatur,
896 2861 1181 2923 operatum
1243 2867 1364 2907 esse
1420 2850 1641 2921 quidem
1689 2847 1912 2914 Filium,
1974 2849 2051 2902 illi

476 2959 606 2998 vero
639 2952 961 3014 cooperatos
990 2958 1113 2998 esse
1145 2942 1361 2997 Patrem
1385 2950 1440 2996 et
1471 2939 1736 3011 Spiritum
1773 2949 2051 2996 sanctum.

2149 2290 2325 2361 φθορα
2355 2289 2413 2343 δὲ
2455 2290 2929 2361 δημιουργηθέντα
2992 2290 3311 2362 συντηρῶν,
3355 2288 3618 2352 ὡσαύτως
3684 2290 3743 2341 δὲ

2150 2382 2245 2434 καὶ
2267 2381 2763 2453 ἁπαραχαράκτους
2792 2382 2887 2434 καὶ
2906 2381 3332 2451 ἁκιϐδηλεύτους
3352 2380 3450 2444 τὰς
3475 2380 3745 2449 ὀλότητας

2152 2473 2262 2526 τῶν
2298 2474 2671 2528 οὐσιωθέντων
2702 2474 2791 2527 διὰ
2829 2473 2930 2543 τῆς
2963 2474 3130 2527 αὐτοῦ
3165 2474 3405 2545 συνέχων
3454 2474 3740 2545 προνοίας,

2151 2565 2248 2617 καὶ
2275 2566 2373 2636 τὴν
2398 2566 2707 2619 ἐντεθεῖσαν
2738 2566 2991 2633 εὐταξίαν
3014 2585 3074 2619 τε
3097 2566 3193 2619 καὶ
3210 2566 3301 2619 τὸν
3324 2565 3537 2637 εἱρμὸν,
3561 2565 3739 2618 ἀναλ-

2151 2657 2349 2711 λοίωτα
2414 2660 2717 2731 συντηρῶν,
2776 2660 3013 2731 οὐδαμοῦ
3076 2661 3325 2730 φαίνεται
3386 2661 3743 2727 πεπαυμένος

2151 2749 2275 2803 οὐτε
2301 2752 2329 2803 6
2362 2751 2553 2824 Πατὴρ
2585 2752 2709 2805 οὐτε
2749 2755 2777 2807 6
2815 2754 2965 2819 Υἱὸς,
2997 2754 3057 2807 οὐ
3091 2753 3196 2825 μὴν
3224 2753 3340 2807 ἀλλ’
3364 2753 3485 2807 οὐδὲ
3510 2752 3745 2822 Πνεῦμα

2149 2845 2212 2898 τὸ
2236 2846 2389 2914 ἅγιον
2414 2862 2428 2876 °
2457 2845 2557 2915 τῆς
2593 2846 2701 2917 γὰρ
2736 2847 3064 2917 ὐπερουσίου
3101 2848 3195 2899 καὶ
3226 2846 3745 2917 παντοκρατορικῆς

2152 2939 2249 2993 καὶ
2270 2938 2675 3009 δημιουργικῆς
2702 2939 2811 2991 τῶν
2840 2939 2977 2992 ὅλων
2998 2939 3187 3004 οὐσίας
3212 2939 3310 3010 μία
3340 2957 3397 2992 τε
3427 2942 3518 2991 καὶ
3548 2940 3581 3008 ἡ
3600 2939 3744 3007 αὐτὴ

477 3032 735 3103 βούλησις
752 3033 848 3087 καὶ
867 3032 1095 3102 δύναμις
1120 3032 1217 3085 καὶ
1244 3032 1497 3101 ἐνέργεια
1522 3045 1537 3059 ο
1571 3030 1729 3101 δῆλον
1755 3030 1811 3083 δὲ
1844 3030 1918 3094 ὡς
1936 3032 2061 3084 κατ’
2100 3031 2279 3084 ἐκεῖνο
2307 3027 2503 3099 καιροῦ
2563 3028 2686 3081 καθ’
2711 3029 2739 3081 6
2791 3032 2890 3093 τὰς
2932 3030 3262 3103 θεοσημείας
3290 3032 3319 3085 6
3349 3031 3541 3103 Σωτὴρ
3581 3033 3613 3102 ἡ
3624 3029 3747 3102 μῶν

477 3122 745 3188 ἐπετέλει,
776 3122 1093 3193 εἰργάζεται
1123 3120 1223 3190 μὲν
1249 3122 1277 3173 6
1304 3121 1451 3182 Υἱὸς,
1468 3119 1831 3191 συνεργάζετο
1856 3120 1912 3172 δὲ
1937 3119 2085 3190 αὐτῷ
2112 3118 2300 3189 Πατὴρ
2340 3119 2436 3173 καὶ
2466 3119 2526 3171 τὸ
2551 3119 2705 3187 ἆγιον
2731 3120 2973 3191 Πνεῦμα.

1040 3229 1373 3298 QUIESTIO
1406 3229 1495 3283 ΙΙΙ.

478 3328 588 3380 Cur
630 3342 756 3379 usus
798 3334 875 3380 est
920 3324 1033 3378 luto
1070 3323 1348 3386 Dominus,
1397 3340 1499 3376 non
1542 3332 1719 3377 autem
1746 3322 1853 3375 alio
1876 3322 2053 3390 modo,

907 3406 963 3448 nt
998 3396 1177 3448 oculos
1217 3396 1345 3447 σιεσὶ
1380 3394 1631 3447 curaret?

2736 3234 3070 3287 ΕΡΩΤΠΣΙΣ
3094 3235 3170 3291 Γ’.

2164 3324 2271 3399 Aug
2377 3324 2763 3399 χρησάμενος
2793 3326 2970 3399 ειηλῷ
3000 3330 3034 3381 ὁ
3090 3328 3420 3399 Δεσπότης,
3451 3328 3625 3383 ἀλλὰ
3652 3329 3745 3399 μὴ

2234 3393 2402 3517 (ille:
2444 3396 2661 3475 τρόπῳ,
2713 3393 2873 3462 τοὺς
2919 3398 3267 3468 ὀφθαλμοὺς
3310 3399 3594 3463 ἐξιάσατο
3632 3393 3748 3454 ἑοῦ

2234 3481 2511 3533 τυφ.ου;

1308 3569 1451 3620 Edita
1479 3582 1507 3618 a
1527 3568 1671 3631 Maio,
1694 3571 1727 3619 l.
1749 3583 1793 3619 c.
1817 3585 1867 3633 p.
1890 3572 1937 3620 3.
1962 3573 2034 3622 De
2058 3576 2316 3626 sanatione
2339 3577 2453 3627 caeci
2480 3582 2600 3627 nati.
2634 3579 2777 3628 Joan.
2800 3591 2869 3638 rx,
2890 3578 2936 3626 6.

550 3684 692 3740 Luto
713 3698 851 3739 usus
871 3692 953 3738 est
976 3681 1227 3747 Creator,
1260 3698 1383 3737 cum
1419 3696 1563 3738 caeco
1606 3682 1888 3738 innovavit
1926 3698 2059 3738 ocu-

480 3780 585 3843 los,
623 3788 683 3833 ut
715 3776 1096 3832 dubitantibus
1114 3776 1389 3846 quomodo
1412 3776 1478 3831 de
1498 3784 1641 3831 terra
1662 3778 1872 3847 primus
1894 3776 2056 3831 homo

481 3871 750 3924 formatus
778 3867 964 3935 fuerit,
1011 3883 1077 3923 eo
1130 3867 1277 3938 quod
1314 3868 1474 3939 htrjus
1515 3869 1758 3924 creation
1780 3870 1826 3924 is
1869 3868 2055 3925 nullus

480 3966 667 4018 aderat
693 3961 970 4032 inspector
998 3970 1052 4014 et
1084 3960 1264 4024 testis,
1311 3969 1543 4015 mentem
1565 3960 1632 4015 ad
1675 3960 1905 4015 solidam
1946 3962 2054 4015 eri-

481 4065 632 4126 geret
663 4055 846 4109 ﬁdem.
916 4053 1051 4107 lllud
1095 4051 1240 4108 enim
1288 4052 1433 4107 circa
1456 4052 1839 4123 dignissimum
1873 4052 2053 4107 homi-

480 4150 571 4202 nis
620 4146 994 4201 membrorum
1044 4144 1322 4215 opilicium
1369 4143 1544 4200 oculis
1576 4143 1822 4198 omnium
1848 4157 2053 4213 propo-

481 4241 669 4305 situm,
684 4250 744 4295 ut
760 4248 815 4295 et
830 4242 894 4294 de
907 4239 1119 4294 caeteris
1141 4238 1387 4309 corporis
1402 4238 1668 4309 partibus,
1693 4237 1890 4307 quibus
1905 4235 2056 4290 ellin-

481 4331 672 4402 gendis
700 4330 883 4386 nullus
937 4330 1127 4386 aderat
1168 4330 1386 4396 oculus,
1429 4345 1589 4386 nemo
1620 4331 1855 4384 incertas
1874 4327 2055 4383 dimn-

480 4424 612 4477 dere
636 4421 938 4477 sententias
975 4420 1203 4486 dubitet,
1252 4419 1482 4475 multam
1508 4419 1617 4473 vim
1656 4430 1710 4474 et
1743 4419 2054 4473 lirmitatem

479 4515 705 4586 praebet.
759 4512 860 4568 Ubi
914 4513 1062 4569 enim
1117 4511 1266 4568 videt
1322 4512 1457 4566 illud
1495 4512 1643 4583 quod
1688 4511 1742 4565 in
1778 4510 1938 4565 nobis
1972 4518 2056 4566 est

478 4608 745 4678 optimum
798 4618 855 4663 et
913 4606 1298 4677 dignissimum
1347 4620 1506 4661 suam
1542 4604 1960 4676 plasmationem
2004 4614 2059 4659 et

2236 3688 2399 3758 Πηλῷ
2420 3688 2477 3740 δέ
2511 3692 2853 3760 χρησάμενος
2879 3690 2908 3741 6
2941 3689 3189 3760 Πλαστης
3211 3688 3525 3759 ὀφθαλμοὺς
3552 3691 3747 3743 ἐκαιν-

2160 3779 2429 3851 ούργησεν
2480 3782 2559 3852 τῷ
2604 3782 2809 3852 τυφλῷ,
2848 3782 2936 3835 ἵνα
2972 3782 3082 3835 τῶν
3123 3782 3550 3853 διαπορούντων,
3623 3784 3747 3845 πῶς

2161 3874 2270 3926 ἀπὸ
2306 3875 2407 3945 γῆς
2431 3876 2459 3926 6
2485 3875 2700 3944 πρῶτος
2731 3874 3021 3945 ἄνθρωπος
3069 3874 3338 3945 ἐπλάσθη,
3378 3876 3612 3947 ὲπιείπερ
3641 3875 3747 3946 τῆς

2159 3965 2417 4035 τοιαύτης
2452 3967 2816 4038 δημιουργίας
2851 3967 3026 4029 οὐδεὶς
3073 3967 3318 4037 ἐπόπτης
3356 3968 3477 4021 οὐδὲ
3530 3970 3744 4037 μάρτυς

2160 4056 2420 4127 εἱστήκει,
2455 4058 2554 4127 τὴν
2609 4057 2838 4127 γνώμην
2877 4057 2957 4120 εἰς
3002 4057 3372 4126 ἁναμφίϐολον
3424 4057 3745 4127 συμϐιϐασῃ

2162 4146 2344 4199 πίστιν
2374 4164 2388 4176 °
2420 4150 2452 4219 ἡ
2484 4148 2592 4220 γὰρ
2614 4152 2741 4220 περὶ
2759 4151 2822 4203 τὸ
2866 4148 3193 4220 τιμιώτατον
3218 4148 3325 4201 τῶν
3343 4150 3400 4200 ἐν
3421 4148 3498 4218 τῷ
3527 4148 3745 4217 σώματ.

2158 4238 2253 4291 τοῦ
2280 4240 2569 4311 ἀνθρώπου
2600 4242 2779 4311 μελῶν
2826 4242 3161 4313 δημιουργία
3201 4240 3294 4295 ὐπ’
3328 4240 3450 4310 δψιν
3486 4242 3744 4294 ἁπάντων

2162 4334 2489 4403 προτεθεῖσα
2528 4335 2622 4388 καὶ
2649 4335 2779 4407 περὶ
2809 4335 2996 4389 λοιποῦ
3017 4334 3290 4405 σώματος,
3318 4330 3362 4403 ᾧ
3382 4334 3743 4405 πλαττομένῳ

2160 4425 2386 4495 οὐδεμία
2412 4426 2533 4495 ὄψις
2560 4428 2873 4497 ἐφεστήκει,
2915 4428 2991 4498 μὴ
3014 4428 3330 4499 ἀμφιϐάλλῃ
3380 4426 3570 4497 μηδεὶς
3601 4429 3744 4480 ἁπο-

2166 4520 2435 4589 ρουμένας
2463 4518 2837 4591 διασχίζεσθαι
2864 4519 3110 4591 γνώμας,
3163 4521 3405 4592 μεγάλην
3452 4520 3607 4590 ίσχύν
3650 4520 3744 4573 καὶ

2168 4609 2459 4680 βεϐαίωσιν
2512 4611 2745 4682 παρέχει
2771 4629 2784 4643 ο
2813 4607 2895 4675 οἷς
2936 4613 3045 4683 γὰρ
3085 4613 3149 4667 ἄν
3177 4629 3260 4675 τις
3294 4614 3355 4664 τὸ
3405 4612 3631 4678 ἄριστόν
3682 4628 3742 4664 τε

482 4702 844 4757 substantiam
901 4717 967 4756 ex
1020 4703 1134 4755 luto
1163 4700 1481 4767 deduxisse,
1536 4698 1808 4769 quomodo
1834 4714 1945 4753 non
1979 4698 2053 4752 in-

2166 4701 2261 4754 καὶ
2310 4700 2639 4771 τιμιώτατον
2686 4702 2793 4755 τῶν
2824 4705 2883 4755 ἐν
2911 4705 3042 4774 ἡμῖν
3090 4704 3154 4756 ἐκ
3189 4703 3360 4774 πηλοῦ
3408 4704 3507 4770 τὴν
3544 4702 3743 4756 πλάσιν

482 4808 753 4848 concusso
812 4801 1137 4863 argumento
1185 4799 1244 4845 et
1288 4800 1484 4845 caetera
1534 4805 1739 4861 organa
1776 4805 1842 4845 ex
1867 4788 2058 4844 eadem

486 4885 711 4939 materia
738 4900 803 4939 ac
841 4884 1084 4955 potentia
1124 4883 1265 4938 facta
1290 4898 1415 4939 esse
1447 4882 1829 4938 conﬁtebitur?
1883 4881 2059 4936 Crete-

486 4990 608 5028 rum
644 4984 708 5030 ut
752 4976 955 5032 clarius
992 4977 1174 5032 discas
1203 4977 1257 5032 in
1285 4977 1542 5034 omnibus
1565 4978 1632 5033 iis
1670 4978 1869 5047 quibus
1902 4978 2060 5031 Pater

485 5077 545 5121 ut
578 5065 748 5121 Deum
782 5083 842 5123 se
870 5075 1059 5122 notum
1102 5066 1251 5135 facit,
1299 5069 1541 5139 potentia
1588 5084 1783 5139 nempe
1804 5077 1859 5122 et
1886 5068 2055 5137 gloria

484 5167 541 5212 et
559 5158 867 5213 substantia
894 5169 949 5213 et
977 5158 1375 5225 dominatione,
1428 5160 1483 5215 in
1535 5160 1603 5215 iis
1648 5161 1810 5215 etiam
1854 5158 2053 5212 Filium

484 5250 853 5319 aqualitatem
905 5260 1089 5307 tenere
1136 5261 1191 5307 et
1221 5252 1739 5319 immutabilitatem,
1793 5253 1967 5306 lutum
2008 5258 2063 5302 et

484 5357 597 5396 non
652 5342 814 5397 aliam
895 5343 1180 5398 materiam
1242 5344 1385 5413 cepit
1414 5353 1474 5397 ut
1501 5344 1689 5400 oculos
1721 5344 1848 5398 caeci
1886 5342 2063 5398 refor-

486 5443 695 5502 maret;
731 5435 1191 5505 quemadmodum
1230 5436 1461 5491 etPater
1495 5436 1613 5506 ejus
1640 5436 1767 5491 olim
1785 5451 1910 5491 cum
1942 5434 2063 5503 ipso

486 5539 552 5579 ex
594 5524 709 5580 luto
736 5526 1013 5582 hominem
1046 5537 1214 5585 creat.
1268 5526 1646 5585 Manifestatur
1693 5539 1873 5584 autem
1898 5528 2062 5583 etiam

564 5684 629 5717 η’
662 5682 815 5741 Joan.
857 5702 910 5755 ν,
944 5688 1029 5741 l7.

2163 4794 2262 4846 καὶ
2310 4794 2608 4850 ὑπόστασιν
2661 4798 2761 4866 ὁρᾷ
2824 4797 3213 4867 προαχθεῖσαν,
3269 4795 3386 4857 πῶς
3433 4789 3591 4857 οὐτος
3643 4794 3744 4846 οὐκ

2163 4886 2545 4958 ἀναντιρῤήτῳ
2570 4886 2816 4957 λογισμῷ
2853 4889 2949 4941 καὶ
2987 4889 3047 4942 τὸ
3080 4886 3265 4940 λοιπὸν
3298 4886 3529 4957 ὄργανον
3556 4887 3621 4938 ἐκ
3646 4887 3743 4955 τῆς

2162 4977 2333 5046 αὐτῆς
2366 4977 2498 5046 ὕλης
2537 4980 2630 5032 καὶ
2652 4980 2939 5051 δυνάμεως
2958 4980 3351 5051 ἁνομολογήσει
3373 4976 3742 5048 γεγενῆσθαι;

2161 5069 2337 5132 ἄλλως
2360 5085 2419 5121 τε
2452 5069 2509 5123 δὲ
2548 5071 2633 5125 ἵνα
2674 5072 2829 5127 τοῦτο
2858 5073 3072 5143 τρανῶς
3115 5072 3403 5143 ἀναμάθῃς
3432 5071 3516 5123 ὅτι
3553 5086 3661 5140 περ
3690 5072 3745 5122 ἐν

2163 5162 2329 5213 πᾶσιν
2358 5156 2437 5225 οἷς
2468 5163 2498 5215 6
2528 5164 2812 5235 lla1ijp16
2850 5164 2981 5228 Θεὸς
3013 5161 3155 5218 εἶναι
3184 5163 3535 5236 γνωρίζεται,
3580 5163 3741 5214 δυνά-

2167 5267 2255 5319 μει
2276 5251 2420 5321 λέγω
2444 5255 2538 5307 καὶ
2559 5252 2688 5329 δόξῃ
2710 5256 2805 5309 καὶ
2828 5257 2987 5327 οὐσίᾳ
3011 5260 3103 5310 καὶ
3123 5257 3428 5328 κυριότητι,
3453 5257 3510 5307 ἐν
3531 5255 3741 5315 τούτοις

2163 5342 2257 5392 καὶ
2284 5342 2313 5395 6
2338 5342 2464 5407 Υίδς
2494 5345 2555 5397 τὸ
2589 5346 2701 5399 ἴσον
2726 5346 2871 5416 ἔχειν
2919 5347 3398 5419 καταλαμϐάνεται
3441 5346 3539 5399 καὶ
3573 5344 3745 5413 ἀπαρ-

2167 5433 2465 5499 άλλακτον,
2499 5438 2671 5509 πηλὸν
2702 5440 2798 5493 καὶ
2852 5440 2951 5494 οὐκ
3002 5440 3170 5510 ἄλλην
3217 5439 3351 5512 ὓλην
3404 5435 3590 5490 λαϐὼν
3624 5436 3743 5495 τούς

2168 5526 2483 5599 ὀφθαλμοὺς
2533 5531 2864 5588 ἀναπλάττει
2928 5531 3021 5585 τοῦ
3074 5532 3276 5602 τυφλοῦ
3306 5548 3317 5561 ·
3360 5532 3555 5602 ῶσπερ
3602 5527 3744 5582 καὶὸ
