3916 6192
208 290 306 355 101
1172 295 1270 355 ΑΙ)
1314 290 1788 353 AMPHILOCIII

1904 340 1909 347 .
1947 290 2292 362 QU/ESTIO
2320 292 2418 366 IV,
2448 292 2516 352 V.
3369 296 3472 361 102

208 401 404 473 Πατὴρ
439 400 607 456 πάλαι
638 402 736 457 σὺν
767 403 919 474 αύτῷ
966 405 1029 458 ἐκ
1059 403 1233 475 πηλοῦ
1264 404 1357 457 τὸν
1384 402 1671 474 ἄνθρωπον
1701 400 1792 471 δη-

1909 401 2059 456 illum
2100 401 2270 456 Deum
2304 404 2397 472 qui
2429 404 2482 458 in
2508 402 2684 460 forma
2709 403 2948 461 hominis
2987 405 3181 475 agebat
3211 416 3266 462 et
3297 408 3470 463 lutum

214 495 511 564 μιουργεῖ·
551 497 1010 565 συναναφαίνεται
1067 496 1123 549 δὲ
1168 496 1265 550 καὶ
1313 496 1472 550 τοῦτο
1518 494 1601 548 ὅτι
1648 494 1792 565 περέ

1904 494 1952 549 in
1984 494 2130 551 oculi
2181 494 2547 550 substantiam
2592 497 2945 551 convertebat
2976 497 3229 551 eumdem
3259 512 3381 554 esse
3408 514 3475 554 ac

207 583 307 637 νῦν
344 585 403 636 ἐν
427 589 611 656 μορφῇ
645 586 941 657 ἀνθρώπου
973 588 1321 657 χρηματίσας
1347 585 1482 649 Θεὸς
1506 584 1602 639 καὶ
1626 584 1792 656 πηλὸν

1904 602 2023 643 eum
2053 586 2145 657 qui
2209 587 2343 640 olim
2395 587 2674 642 hominem
2727 602 2834 642 una
2891 584 3018 643 cum
3049 574 3211 644 Patre
3260 604 3326 644 ex
3357 588 3474 645 luto

210 676 293 736 εἰς
334 674 501 744 φύσιν
549 677 905 746 μεταϐάλλων
950 678 1254 750 ὀφθαλμοῦ,
1302 678 1463 741 αὐτὸς
1531 672 1600 748 ἦν
1636 677 1733 729 καὶ
1770 675 1792 729 ὁ

1904 678 2283 748 plasmaverat.

209 762 386 815 πάλαι
466 763 558 817 τὸν
629 766 921 838 ἄνθρωπον
995 767 1504 839 συμπλαστουργῶν
1570 767 1637 819 ἐκ
1686 782 1796 836 πη-

206 852 329 911 λοῦ.

779 969 1116 1023 ΕΡΩΤΗΣΙΣ
1160 974 1232 1023 Δ’.

214 1058 279 1111 Τί
297 1057 454 1125 ἐστι,
478 1075 498 1109 ι
523 1059 867 1134 Μισοῦντες-
881 1064 978 1116 καὶ
997 1064 1101 1116 τὸν
1114 1064 1235 1118 ἀπὸ
1253 1063 1360 1131 τῆς
1376 1064 1604 1134 σαρκὸς
1628 1062 1792 1119 ἐσπι-

710 1132 983 1203 λωμένον
1006 1134 1226 1202 χιτῶνα
1240 1153 1258 1200 ;
1294 1155 1311 1186 ι

2280 1040 2285 1043 ν
2462 947 2791 1036 quasue
2818 949 2908 1027 tv.
3311 1045 3317 1049 _

1898 1060 2041 1126 Quid
2066 1068 2165 1125 est,
2209 1079 2229 1112 ι
2263 1058 2398 1115 Odia
2429 1061 2672 1116 habentes
2713 1073 2761 1117 et
2793 1080 2931 1127 eam,
2956 1081 3082 1132 qua:
3110 1064 3343 1119 carnalis
3370 1063 3471 1130 est,

2331 1134 2651 1185 maculatam
2681 1136 2961 1189 tunicam?
2992 1154 3010 1186 ι

1012 1248 1158 1298 Edita
1177 1262 1206 1298 ε
1238 1248 1385 1309 Maio,
1406 1249 1442 1299 1.
1476 1263 1520 1299 c.
1542 1265 1590 1313 p.
1614 1250 1661 1310 5,
1686 1249 1734 1297 ιι.
1766 1247 1843 1298 De
1864 1245 1972 1294 loco
1992 1244 2218 1307 epistolas
2243 1243 2295 1294 S.
2316 1244 2476 1305 Judze,
2499 1257 2544 1293 ν.
2579 1245 2656 1293 25.

286 1352 447 1405 Ἐνδυ
457 1369 535 1421 μα
561 1352 744 1422 γάμου
771 1353 927 1424 παρὰ
959 1357 1059 1425 τῆς
1075 1354 1226 1420 θείας
1248 1356 1612 1425 διδασκόμεθα
1642 1357 1784 1425 Γρα-

208 1446 339 1515 φῆς,
392 1446 485 1498 τὸν
529 1446 650 1499 κατ’
676 1447 877 1517 ἀρετὴν
922 1441 1061 1500 εἶναι
1106 1447 1220 1517 βίον
1269 1452 1361 1502 καὶ
1387 1448 1665 1502 πολιτείαν
1688 1449 1788 1519 τὴν

206 1539 505 1608 ἐλευθέραν
533 1540 952 1609 ἁμαρτημάτων
998 1542 1092 1593 καὶ
1131 1540 1411 1611 καθαράνο
1441 1542 1508 1612 ἣν
1546 1544 1594 1594 οἱ
1634 1544 1786 1594 ἐστο·

1970 1351 2187 1407 Vestem
2227 1352 2522 1421 nuptialem
2558 1367 2624 1406 ex
2677 1351 2859 1406 divina
2894 1352 3175 1423 Scriptura
3206 1355 3472 1412 discimus

1894 1460 2015 1500 esse
2052 1460 2196 1510 eam,
2235 1460 2358 1515 quae
2397 1444 2699 1500 secundum
2731 1446 2986 1501 virtutem
3020 1455 3133 1511 est,
3184 1448 3384 1516 vitam,
3417 1458 3472 1503 et

1895 1538 1950 1593 id
1994 1539 2189 1610 agendi
2253 1538 2564 1591 institutum
2600 1538 2743 1607 quod
2776 1541 3015 1607 peccatis
3044 1539 3273 1595 liberum
3312 1551 3395 1598 est
3419 1552 3473 1597 et

205 1631 476 1698 λισμένοι,
511 1632 610 1702 τῆς
638 1649 698 1684 τε
722 1634 989 1703 μυστικῆς
1014 1634 1284 1697 παστάδος
1314 1638 1444 1704 παρ’
1467 1633 1629 1687 αὑτοῦ
1648 1635 1787 1704 Χρι-

1904 1647 2131 1702 purum;
2167 1647 2330 1702 quam
2372 1631 2467 1701 qui
2510 1631 2683 1685 induti
2726 1642 2907 1697 sunt,
2942 1633 3050 1688 illis
3093 1635 3335 1706 mysticis
3364 1652 3469 1690 nu-

215 1722 351 1775 στοῦ
376 1722 471 1775 τοῦ
495 1725 732 1794 νυμφίου
762 1724 976 1788 ἐπάξιοι
1005 1726 1301 1796 κρίνονται,
1332 1728 1426 1779 καὶ
1458 1727 1537 1788 εἰς
1560 1726 1650 1778 τὸν
1685 1743 1790 1796 μα-

205 1818 404 1888 κάριον
434 1821 641 1872 ἐκεῖνον
677 1821 770 1872 καὶ
786 1822 1113 1874 Δεσποτικὺν
1147 1822 1524 1876 ἀνακλίνονται
1544 1822 1754 1875 δεῖπνον
1775 1835 1790 1851 ⁸

205 1910 256 1961 οί
291 1910 349 1962 δέ
388 1924 451 1977 γε
482 1910 785 1964 τὰτοιαῦτα
806 1911 915 1964 τῶν
937 1912 1250 1980 ἐνδυμάτων
1279 1910 1630 1983 ῥυπώσαντες
1650 1950 1666 1975 ,
1697 1913 1792 1965 καὶ

209 2002 313 2069 τῆς
359 2002 669 2072 θαυμασίας
715 2002 918 2073 ταύτης
968 2004 1361 2059 ἀπελαύνονται
1414 2004 1789 2069 ἀπολαύσεως,

216 2092 315 2144 καὶ
347 2093 555 2163 πικρὰν
592 2092 690 2164 τὴν
744 2095 969 2165 ἀτιμίαν
1004 2096 1346 2165 ὑφίστανται.
1388 2096 1450 2149 Ei
1510 2096 1567 2149 δὲ
1632 2096 1793 2150 τοῦτο

210 2184 639 2254 μεμαθήκαμεν,
673 2186 829 2254 δῆλος
862 2186 928 2239 ἀν
970 2189 1052 2258 εἴη
1089 2188 1183 2241 καὶ
1214 2190 1242 2241 ὁ
1279 2189 1430 2257 παρά
1474 2187 1552 2259 τῷ
1592 2188 1788 2241 θεσπε-

210 2274 313 2345 σίῳ
347 2275 628 2347 ἀποστόλῳ
646 2278 1028 2347 ξέσπιλωμένος
1051 2279 1383 2350 καλούμενος
1414 2280 1599 2350 χιτὼν,
1625 2281 1683 2333 ὃν
1700 2282 1794 2334 καὶ

211 2369 395 2436 μισεῖν
425 2369 570 2438 ἡμᾶς
598 2369 780 2431 καλῶς
818 2388 876 2423 τε
916 2373 1013 2424 καὶ
1054 2372 1277 2435 δικαίως
1318 2372 1788 2443 παρακελεύεται*

210 2461 240 2511 ὁ
274 2460 386 2528 γὰρ
410 2462 528 2522 ταῖς
554 2462 851 2531 ἁμαρτίαις
900 2464 1262 2527 κατάστικτος
1296 2464 1391 2517 καὶ
1429 2466 1616 2535 ῥυπῶν
1649 2464 1789 2531 ὅλος,

209 2544 369 2613 οὗτος
409 2553 475 2605 ἀν
510 2552 595 2621 εἴη
629 2555 656 2605 ὁ
694 2553 1069 2624 ἐσπιλωμένος
1106 2556 1292 2625 χιτών.
1324 2556 1494 2608 Τοῦτο
1540 2557 1595 2609 δὲ
1627 2558 1794 2625 σαφέ-

213 2660 305 2695 οτε
315 2660 405 2713 ρον
422 2644 817 2698 ἀνακαλύπτων
843 2646 939 2715 οὐχ
959 2647 1146 2711 ἁπλῶς
1172 2648 1542 2718 ἐσπιλωμένον
1563 2649 1790 2719 χιτῶνα,

210 2736 355 2788 ἀλλὰ
395 2737 485 2790 τὸν
521 2738 630 2790 ἀπὸ
676 2738 773 2806 τῆς
832 2740 1032 2811 σαρκδς
1085 2758 1251 2810 φησιν
1295 2741 1664 2809 ἐσπιλωμένον
1700 2742 1795 2793 καὶ

210 2829 629 2900 ὲρρυπωμὲνον,
661 2832 756 2883 καὶ
787 2831 885 2884 ὅσα
916 2833 948 2902 ἡ
990 2832 1129 2903 σὰρξ
1154 2834 1496 2904 ἐπιθυμοῦσα
1525 2833 1667 2887 κατὰ
1698 2833 1793 2886 τοῦ

211 2922 542 2989 πνεύματος,
572 2922 664 2975 τὸν
686 2923 806 2991 βίον
839 2923 999 2992 ἡμῶν
1030 2925 1463 2995 κεκηλιδωμένον
1499 2928 1595 2981 καὶ
1629 2928 1795 2980 κατά-

1894 1725 2025 1794 ptiis
2075 1724 2143 1777 ab
2183 1725 2301 1793 ipso
2324 1738 2529 1793 sponso
2560 1723 2780 1778 Christo
2804 1724 2951 1795 digni
2984 1726 3384 1793 existimantur,
3418 1738 3473 1781 et

1895 1817 1948 1871 in
1982 1816 2138 1870 beata
2170 1816 2261 1869 illa
2297 1824 2351 1869 et
2383 1815 2528 1885 regia
2587 1830 2741 1869 coena
2802 1817 3148 1871 recumbunt.
3194 1819 3297 1883 Qui
3342 1835 3470 1873 vero

1894 1909 1994 1964 bas
2023 1917 2203 1963 vestes
2245 1907 2574 1976 polluerunt,
2610 1910 2678 1960 ab
2709 1909 2792 1962 bis
2829 1909 3096 1965 mirandis
3121 1911 3472 1979 expelluntur

1892 2006 2105 2062 deliciis
2134 2016 2185 2060 et
2220 2008 2430 2062 acerba:
2473 2007 2714 2062 infamia:
2748 2008 3134 2075 subjiciuntur.
3172 2009 3287 2065 Hoc
3316 2012 3362 2066 si
3388 2011 3473 2065 di-

1893 2098 2150 2159 dicimus,
2172 2098 2521 2154 manifestum
2551 2099 2707 2153 nobis
2727 2108 2810 2153 est
2832 2115 3083 2170 quaenam
3108 2101 3179 2156 sit
3205 2117 3269 2157 ea
3304 2118 3471 2172 quam

1891 2201 2055 2244 vocat
2086 2190 2304 2244 divinus
2320 2191 2615 2260 Apostolus
2636 2192 2963 2246 maculatam
2989 2194 3251 2259 tunicam,
3274 2212 3473 2266 quam-s

1894 2296 2000 2351 que
2029 2290 2089 2336 ut
2117 2281 2397 2338 oderimus
2421 2294 2529 2337 tam
2554 2284 2781 2351 pulchre
2809 2293 2863 2339 et
2884 2286 3033 2354 juste
3065 2286 3314 2342 hortatur
3340 2306 3353 2342 :
3381 2289 3472 2343 ille

1893 2374 2038 2429 enim
2074 2376 2166 2444 qui
2210 2384 2357 2430 totus
2406 2378 2646 2446 peccatis
2690 2378 3048 2449 distinguitur
3084 2396 3150 2434 ac
3181 2382 3468 2450 polluitur.

1894 2466 2268 2535 indubitanter
2302 2467 2391 2521 illa
2428 2469 2698 2522 maculata
2732 2469 2918 2524 tunica
2947 2479 3051 2526 est.
3092 2471 3249 2537 Quod
3292 2474 3473 2529 mani—

1891 2558 2087 2615 festius
2118 2560 2299 2614 adhuc
2326 2561 2608 2616 declarans
2632 2603 2645 2623 ,
2686 2578 2793 2617 non
2834 2564 2998 2620 modo
3028 2566 3356 2620 maculatam
3385 2577 3471 2621 tu-

1895 2654 2099 2716 nicam,
2129 2653 2223 2707 sed
2254 2668 2372 2707 eam
2411 2669 2534 2723 quae
2559 2655 2798 2708 carnalis
2828 2664 2930 2719 est,
2974 2658 3107 2711 dicit
3143 2659 3468 2713 maculatam

1895 2756 1949 2800 et
1971 2746 2232 2814 pollutam
2255 2787 2270 2811 ,
2299 2757 2353 2800 et
2383 2747 2567 2800 omnia
2598 2762 2720 2815 qua:
2752 2762 2880 2801 caro
2908 2751 3245 2818 concupiscit
3275 2754 3469 2804 adver-

1897 2856 1991 2896 sus
2020 2840 2294 2909 spiritum,
2318 2848 2562 2893 nostram
2594 2839 2757 2893 vitam
2791 2840 3068 2895 maculant
3093 2850 3147 2895 ct
3175 2842 3424 2911 polluuut
3450 2862 3464 2897 :

1896 2949 2060 3003 quam
2094 2934 2409 2987 omnimodo
2439 2934 2625 3004 fugere
2683 2949 2783 2989 nos
2822 2933 3011 2999 decet,
3074 2936 3203 3005 quia
3256 2936 3471 3008 mystici

214 3026 434 3061 στικτον
473 3011 746 3076 ἀποτελεῖ,
794 3011 854 3064 ὃν
896 3012 1341 3083 ἀποστρέφεσθαι
1390 3016 1554 3069 παντὶ
1608 3018 1792 3087 τρόπῳ

1904 3025 2163 3078 coeuaculi
2213 3024 2412 3094 jauuas
2448 3025 2607 3080 nobis
2650 3025 2873 3091 claudit,
2942 3026 3068 3096 quia
3103 3027 3471 3096 pulcherrimo

213 3106 526 3175 προσήκει·
558 3107 641 3158 ὅτι
682 3107 781 3175 τῆς
839 3106 1111 3177 μυστικῆς
1172 3108 1444 3171 παστάδος
1478 3108 1579 3171 τὰς
1623 3109 1792 3179 θύρας

212 3199 348 3265 ἡμῖν
368 3198 665 3263 ἀποκλείει,
688 3200 767 3252 ὅτι
792 3198 884 3251 τοῦ
908 3198 1074 3252 καλοῦ
1092 3199 1346 3267 Νυμφίου
1366 3205 1508 3253 ποιεῖ
1522 3203 1793 3269 ἀναξίους,

211 3292 297 3343 ὅτι
326 3289 423 3343 τοῦ
455 3291 684 3361 φρικτοῦ
740 3293 837 3345 καὶ
894 3292 1163 3363 σωτηρίου
1224 3292 1441 3347 δείπνου
1511 3294 1794 3366 πόρρωθεν

211 3380 535 3434 ἀπελαύνει.

816 3469 1150 3522 ΕΡΩΤΗΣΙΣ
1170 3471 1245 3524 E'.

211 3560 287 3615 El
315 3562 441 3615 πᾶν
468 3562 533 3615 τὸ
560 3562 959 3633 ὑποκείμενον
980 3562 1213 3630 ἀνάγκη
1243 3563 1339 3614 καὶ
1369 3562 1457 3631 μὴ
1493 3563 1793 3633 ,βουλόμεο

303 3650 416 3685 νον
469 3633 625 3685 ποιεῖ
683 3634 755 3684 τὰ
808 3632 917 3699 τῆς
968 3634 1110 3697 ,ϐίας
1144 3673 1157 3696 ,
1189 3633 1420 3701 ἀνάγκη
1476 3633 1544 3685 δὲ
1596 3632 1797 3687 ἐλθεῖν

297 3703 373 3754 τὰ
403 3703 643 3755 madv-6a
658 3705 722 3755 λα
750 3704 819 3754 ἐν
858 3701 936 3765 τῷ
962 3705 1189 3770 κόσμῳ,
1236 3706 1306 3756 οὐ
1341 3705 1572 3756 δίκαιον
1624 3705 1795 3771 ἀραῖς

284 3773 662 3844 ὑποϐάλλειν
702 3772 809 3844 τὸν
860 3774 1212 3844 ,βιασθέντα
1276 3773 1419 3827 οὐδὲ
1450 3774 1581 3844 μὴν
1618 3777 1793 3842 δίκας

286 3842 668 3897 ἀπαιτεῖσθαι
695 3842 802 3895 τοῦ
836 3842 1273 3912 ἁμαρτήματος.

1898 3115 2111 3186 Sponso
2140 3133 2241 3171 nos
2267 3117 2518 3187 indignos
2546 3117 2725 3180 elIicit,
2760 3119 2885 3189 quia
2932 3119 3079 3189 large
3107 3136 3135 3175 a
3162 3121 3471 3177 veneranda

1895 3218 1948 3263 et
1981 3208 2259 3264 dominica
2291 3223 2446 3264 coena
2478 3224 2579 3265 nos
2604 3221 2773 3265 arcet.

2484 3464 2812 3532 QUZESTIO
2839 3464 2901 3520 ν.

1899 3559 2031 3614 Cum
2062 3558 2319 3629 quidquid
2338 3560 2636 3613 necessitati
2666 3560 2899 3629 subjacet
2924 3561 3143 3615 invitum
3175 3558 3472 3619 necessitati

1966 3642 2186 3698 pareat,
2238 3646 2438 3683 necesse
2488 3640 2665 3682 autem
2707 3640 2785 3684 est
2823 3640 2877 3682 ut
2923 3633 3158 3685 eveniant
3218 3637 3472 3690 scandala

1971 3701 2178 3770 (Matth.
2209 3716 2363 3771 xvm,
2387 3700 2439 3767 7)
2474 3702 2528 3752 in
2561 3701 2790 3765 mundo;
2817 3701 3073 3769 injustam
3105 3713 3179 3757 est
3210 3707 3471 3771 impreca-

1968 3772 2199 3825 tionibus
2232 3770 2489 3839 subjicere
2517 3787 2635 3822 euut
2675 3773 2765 3841 qui
2815 3774 2916 3825 vim
2963 3774 3168 3842 patitur
3206 3788 3254 3828 et
3288 3770 3367 3828 ab
3411 3793 3471 3830 eo

1964 3858 2142 3910 poenas
2176 3843 2377 3911 peccati
2412 3851 2657 3911 repetere.

1448 3960 1586 4010 Edita
1606 3974 1633 4009 a
1657 3960 1799 4023 Maio,
1822 3962 1857 4013 l.
1879 3975 1947 4023 c.,
1976 3975 2024 4022 p.
2060 3959 2106 4017 ι,
2133 3959 2178 4007 5.

287 4044 446 4113 Ἔχει
473 4044 572 4114 μέν
599 4062 650 4097 τι
684 4045 909 4101 πιθανὸν
935 4047 967 4117 ἡ
1008 4045 1319 4119 κατασκευὴ
1339 4047 1432 4100 τοῦ
1453 4048 1633 4116 λόγου,
1654 4050 1791 4119 πλὴν

205 4138 306 4190 ἐπὶ
346 4137 537 4208 θύραις
583 4139 784 4191 καὶίτὸ
836 4139 1133 4200 δυσσεϐέςο
1169 4140 1485 4211 εἰσπράττει
1544 4142 1655 4212 γάρ
1700 4144 1791 4197 τὸν

206 4230 348 4282 Θεὸν
395 4230 549 4292 δίκας
587 4231 704 4284 ἀνθ’
733 4231 859 4284 ὅτου
912 4232 972 4284 τὸ
1031 4231 1351 4302 βιαζόμενον
1408 4234 1647 4299 κολάζει,
1695 4235 1791 4288 καὶ

206 4323 343 4389 περὶ
372 4322 432 4374 τὸ
462 4324 658 4375 οἰκεῖον
696 4324 922 4393 πλάσμα
956 4324 1162 4393 πικρὰν
1191 4326 1392 4395 ἀφίησι
1446 4326 1543 4395 τὴν
1574 4327 1751 4396 ψῆφον
1773 4342 1786 4355 ⁶

1968 4049 2142 4102 Habet
2178 4046 2400 4116 quidem
2440 4044 2690 4099 nonnihil
2730 4046 3031 4114 persuasivi
3072 4046 3231 4102 istius
3256 4062 3470 4102 sermo-

1896 4142 1983 4196 nis
2014 4138 2361 4208 compositio,
2395 4138 2486 4191 sed
2509 4137 2634 4192 etin
2669 4138 2783 4207 ipsa
2809 4138 2976 4205 janua
2998 4140 3200 4207 impius
3226 4149 3328 4194 est.
3363 4141 3470 4194 Ra—

1899 4231 2099 4285 tionem
2133 4229 2279 4283 enim
2314 4244 2343 4280 a
2385 4225 2500 4281 Deo
2546 4227 2715 4295 exigit
2766 4242 2936 4296 quare
2971 4228 3174 4296 aliquid
3215 4238 3467 4284 coactum

1895 4322 2089 4392 puniat
2121 4330 2175 4374 et
2206 4321 2260 4373 in
2301 4334 2456 4374 suam
2520 4319 2795 4388 propriam
2842 4328 3147 4374 creaturam
3208 4322 3468 4376 acerbum

206 4417 261 4466 εξ
290 4416 401 4487 γάρ
422 4416 654 4485 ἀνάγκη,
675 4416 827 4487 φησὶ,
854 4417 921 4471 τὰ
960 4417 1227 4470 σκάνδαλα
1252 4418 1445 4481 ἐλθεῖν,
1480 4422 1573 4472 καὶ
1609 4420 1670 4472 τὸ
1703 4420 1792 4488 γέ-

1904 4416 2110 4470 emittat
2147 4414 2467 4477 decretum;
2521 4412 2565 4465 si
2594 4415 2738 4465 enim
2770 4410 2872 4465 fert
2908 4417 3229 4477 necessitas,
3269 4414 3466 4484 inquit,

207 4525 302 4571 νος
330 4508 496 4579 ὴμῶν
523 4509 583 4571 ἐξ
616 4509 861 4578 ἀνάγκης
902 4508 1167 4563 ἁλώσεται
1206 4514 1319 4575 τοῖς
1366 4513 1682 4576 σκανδάλοις
1702 4529 1715 4542 ο
1745 4512 1795 4565 εί

208 4599 256 4650 δ’
287 4598 441 4651 ἄκων
474 4598 583 4666 ἐγὼ
612 4598 871 4661 δουλεύω,
901 4599 987 4653 διὰ
1012 4600 1063 4651 τί
1084 4600 1143 4652 τὸ
1174 4600 1497 4670 βιαζόμενον
1518 4601 1797 4672 παραδρα-

214 4688 360 4754 μὼν,
392 4690 494 4759 ὲμέ
532 4690 624 4743 τὸν
656 4689 1012 4759 βεϐιασμένον
1041 4692 1068 4743 ὁ
1110 4690 1304 4761 κριτὴς
1351 4692 1510 4762 ἀραῖς
1557 4692 1793 4745 ὑποϐάλ-

208 4783 296 4834 λει
331 4799 347 4841 ς
383 4784 522 4835 uaco.
552 4783 663 4852 γὰρ
700 4782 779 4851 τῷ
812 4781 1085 4851 ἀνθρώπῳ
1104 4782 1318 4852 ἐκείνῳ,
1356 4783 1509 4852 φησὶ,
1541 4782 1607 4834 δι’
1642 4776 1701 4835 οὗ
1726 4783 1792 4835 τὰ

212 4874 494 4929 σκάνδαλα
527 4873 764 4943 ἔρχεται.
799 4873 872 4924 Ού
934 4875 1042 4942 γὰρ
1107 4872 1273 4943 ἐχρῆν
1336 4871 1645 4944 ἐπαρᾶσθαι
1702 4873 1796 4925 καὶ

211 4964 573 5033 ἐπεμϐαίνειν
598 4964 674 5035 τῷ
703 4964 1015 5034 ἠδικημένῳ
1047 4966 1139 5015 καὶ
1165 4963 1482 5033 τυραννίδος
1522 4962 1795 5034 ἅρπαγμα

211 5057 596 5127 γεγενημένῳ,
630 5054 1038 5125 φιλανθρωπίας
1089 5055 1145 5108 δὲ
1203 5054 1403 5124 μᾶλλον
1438 5055 1532 5108 καὶ
1580 5072 1797 5124 συμπα-

213 5145 374 5209 θείας
400 5145 551 5210 ἀξιον
578 5144 820 5211 νομίζειν
843 5162 856 5175 ο
893 5146 981 5198 ἶνα
1024 5144 1101 5214 μὴ
1125 5139 1268 5212 λέγω
1302 5145 1395 5197 καὶ
1442 5146 1548 5215 πρὸ
1592 5146 1797 5197 τούτων

211 5241 292 5302 ὡς
325 5240 692 5293 ἀπαλλάττειν
742 5240 846 5292 ἔδει
893 5239 994 5309 τῆς
1041 5239 1160 5309 βίας
1196 5239 1258 5292 τὸ
1300 5240 1500 5292 οίκεῖον
1543 5239 1795 5308 πλάσμα.

212 5334 375 5389 Οὔτω
402 5335 499 5405 μὲν
526 5331 620 5388 οὖν
648 5335 711 5388 ἀν
740 5351 823 5396 τις
877 5334 974 5386 καὶ
1012 5332 1343 5403 δριμύτερον
1387 5333 1484 5402 τὴν
1516 5331 1613 5402 σὴν
1655 5348 1793 5400 συμ-

213 5426 467 5490 πλέξειεν
496 5425 753 5495 ἀπορίαν.
790 5423 961 5495 Ἀρχὴ
988 5423 1033 5476 δ’
1067 5424 1132 5476 ἀν
1150 5422 1255 5493 εῐη,
1278 5422 1434 5490 φασὶ,
1465 5422 1672 5484 λύσεως
1699 5420 1798 5490 τῆς

212 5520 450 5591 ἀπορίας
478 5519 541 5572 τὸ
554 5518 942 5590 κραταιὸτερον
965 5532 982 5549 ο
1010 5517 1072 5569 τὸ
1099 5516 1228 5587 γὰρ,
1251 5517 1367 5570 Οὐκ
1389 5515 1576 5586 ἐχρῆν,
1606 5515 1797 5584 φάναι,

221 5611 275 5665 τὸ
300 5613 500 5664 οἰκεῖον
526 5612 757 5681 πλάσμα
800 5610 1131 5683 ἐπαρᾶσθαι,
1174 5610 1310 5663 ἀλλά
1355 5612 1421 5679 τῇ
1465 5609 1625 5678 ποινῇ
1665 5605 1799 5660 καθ-

212 5702 541 5758 υποϐάλλειν
570 5703 671 5774 τῆς
706 5702 824 5773 βίας
854 5704 914 5756 τὸ
951 5702 1144 5768 αἴτιον,
1185 5702 1284 5755 οὐκ
1315 5701 1463 5756 εστιν
1486 5698 1614 5757 ἀλλο
1644 5697 1799 5752 ait-

1894 4516 1957 4561 ut
1986 4506 2242 4561 eveniant
2271 4503 2530 4559 scandala
2553 4541 2569 4565 ,
2601 4512 2655 4556 et
2693 4513 2940 4558 nostrum
2983 4520 3154 4573 genus
3182 4521 3246 4559 ex
3280 4520 3470 4559 neces-

1895 4601 2057 4655 sitate
2084 4596 2358 4659 scandulis
2389 4595 2750 4664 occupabitur
2778 4613 2792 4662 ;
2824 4596 2869 4650 si
2904 4606 3086 4650 autem
3131 4612 3238 4650 non
3280 4596 3469 4650 volens

1895 4691 2096 4752 servio,
2125 4705 2226 4743 cur
2271 4686 2582 4743 necessitati
2634 4701 2743 4740 non
2779 4688 3063 4741 attendens
3113 4686 3313 4756 judex,
3366 4676 3470 4743 etsi

1896 4789 2145 4834 coactum
2179 4776 2315 4833 diris
2342 4777 2603 4832 devovet?
2630 4777 2722 4831 Va:
2737 4778 2883 4831 enim
2915 4777 3120 4831 homini
3151 4778 3469 4849 illi,inquit,

1896 4887 1992 4942 per
2022 4886 2185 4942 quem
2225 4870 2481 4925 scandala
2511 4869 2793 4924 eveniunt.
2832 4868 2950 4923 Non
2995 4867 3138 4923 enim
3187 4872 3473 4940 oportebat

1898 4962 2191 5033 imprecari
2220 4969 2274 5017 et
2300 4962 2565 5016 insultare
2616 4959 2667 5014 ei
2726 4961 2816 5029 qui
2856 4960 3112 5029 injuriam
3169 4977 3365 5033 passus
3416 4973 3472 5019 et

1901 5055 2204 5125 tyrannidis
2237 5054 2416 5123 prazda
2448 5052 2628 5106 factus
2657 5060 2774 5114 est.
2810 5052 2904 5105 sed
2935 5052 3125 5129 potius
3162 5068 3285 5107 eum
3317 5069 3470 5108 com-

1900 5149 2157 5218 passione
2183 5146 2405 5217 dignum
2431 5145 2668 5209 habere;
2704 5158 2772 5197 ne
2804 5138 2980 5199 dicam
3013 5146 3324 5214 oportuisse
3346 5154 3471 5199 aute

1898 5240 2083 5294 omnia
2114 5238 2285 5293 Deum
2327 5237 2420 5291 tali
2452 5237 2723 5292 violentiae
2754 5237 3036 5306 proprium
3064 5237 3271 5305 plasma
3295 5238 3475 5307 eripe-

1898 5346 1980 5385 re.
2013 5329 2090 5384 lta
2112 5331 2257 5385 enim
2283 5338 2336 5384 et
2360 5329 2728 5385 abundantius
2759 5329 2958 5399 aliquis
2990 5344 3145 5383 suam
3173 5329 3477 5384 innecteret

1898 5424 2316 5478 dubitationem.
2347 5422 2567 5478 Initium
2618 5434 2797 5478 autem
2853 5424 3167 5489 solutionis,
3196 5424 3475 5495 inquiunt,

1897 5526 1982 5569 est
2017 5516 2130 5583 ipsa
2161 5514 2312 5569 dubii
2338 5515 2502 5583 hujus
2532 5515 2806 5585 praecipua
2828 5530 2975 5584 pars.
3009 5515 3165 5582 Quod
3194 5516 3339 5575 enim
3358 5517 3473 5571 ait:

1898 5603 2017 5661 Non
2052 5607 2336 5677 oportebat
2367 5606 2588 5675 proprio
2617 5606 2867 5675 plasmati
2896 5607 3203 5675 imprecari,
3237 5606 3331 5661 sed
3364 5620 3477 5674 paea

1902 5712 1984 5752 nae
2014 5697 2288 5768 subjicere
2311 5711 2533 5753 causam
2568 5696 2858 5761 violentiae,
2916 5706 2998 5751 est
3045 5696 3270 5766 perinde
3329 5710 3393 5750 ac
3430 5696 3478 5754 si
