3916 6192
430 297 530 362 103

1588 282 1851 346 ΡΗΟΤΙΙ
1890 280 2393 343 PATRIARCH/E
2423 288 2531 347 (ΣΡ.

3594 287 3699 352 1οι

425 410 572 461 dicat
605 423 619 459 ι
658 403 953 474 Oportebat
989 400 1125 456 diris
1175 415 1371 454 vovere
1417 396 1715 452 hominem.
1766 392 1824 445 Si
1862 390 2007 443 enim

2121 410 2233 459 γειν
2260 396 2397 461 ἀλλ’,
2436 398 2637 471 Ἐχρῆν
2668 401 2771 453 ὑπὸ
2796 401 3041 473 κατάραν
3070 400 3342 456 ποιεῖσθαι
3370 402 3460 455 τὸν
3483 402 3700 472 ἄνθρω-

429 499 672 564 aliunde,
700 512 877 567 neque
904 512 969 550 ex
998 504 1181 549 nostra
1213 504 1266 548 et
1297 494 1464 546 libera
1501 489 1778 544 voluntate
1803 500 2006 555 expan-

372 646 375 651 ,
428 596 633 645 duntur
657 588 937 651 scandala,
965 588 1161 641 merito
1191 599 1371 640 sermo
1390 584 1476 637 ille
1502 582 1634 652 petit
1662 595 1729 635 ne
1752 579 1876 650 quis
1909 579 2009 631 ho-

430 700 519 739 IIlO
550 682 1043 753 imprecationibus
1072 679 1433 749 subjiciatur;
1482 675 1529 728 si
1561 683 1745 729 autem
1778 671 2009 742 projicio

430 776 546 844 ipse
578 772 966 828 seandalorum
1004 770 1213 824 semina
1240 808 1254 833 ,
1299 773 1587 834 postquam
1623 770 1804 816 autem
1837 757 2006 813 semi-

431 877 555 922 nata
589 874 739 930 sunt,
776 877 999 917 necesse
1022 870 1107 915 est
1139 868 1197 913 ut
1232 858 1480 913 colantur
1512 864 1565 910 et
1587 855 1773 924 spinas
1807 850 2006 915 ferant,

429 973 531 1028 ego
580 955 674 1026 qui
711 954 846 1009 mibi
881 954 994 1022 ipse
1026 965 1240 1021 poenam
1278 965 1374 1019 per
1402 945 1784 1003 scandalorum
1823 942 2009 1012 spinas

428 1047 740 1113 coneiliavi,
769 1045 894 1116 jure
926 1061 1012 1100 me
1044 1052 1096 1098 et
1124 1041 1498 1113 imprecationi
1533 1047 1588 1094 et
1620 1052 1793 1109 poenae
1822 1035 2009 1105 subje-

428 1152 579 1196 ctum
610 1138 782 1194 eilicio
813 1155 826 1192 :
864 1151 971 1191 non
1000 1134 1329 1206 judicareris
1362 1140 1544 1187 autem
1576 1131 1775 1201 dignus
1800 1128 1892 1198 qui
1926 1143 2013 1182 ve-

432 1236 578 1289 niam
604 1246 697 1287 aut
715 1230 1149 1287 benevolentiam
1174 1227 1285 1281 ullo
1298 1235 1455 1296 pacto
1480 1222 2011 1294 implorares.Porro

432 1328 522 1379 illa
553 1324 811 1379 scandala
836 1333 965 1378 sunt
986 1335 1328 1392 quaecunque
1368 1316 1755 1387 impedimenta
1784 1329 2011 1368 moran-

432 1430 521 1473 tur
543 1417 688 1471 viam
711 1416 768 1470 in
792 1426 1054 1471 aeternam
1086 1414 1252 1468 vitam
1281 1412 1597 1467 ducentem.
1625 1409 1886 1475 Quaenam
1915 1424 2013 1462 au-

432 1520 540 1563 tem
572 1508 746 1563 sunt?
771 1505 1141 1568 Adulterium,
1176 1504 1435 1566 ebrietas,
1461 1500 1692 1564 furtum,
1734 1499 2011 1554 calumnia

436 1611 492 1656 et
517 1601 571 1654 in
610 1598 804 1669 primis
830 1596 1187 1652 homicidium
1219 1606 1271 1650 et
1293 1594 1544 1659 :Wal‘ilia,
1571 1601 1627 1646 et
1670 1606 2013 1662 quacunque

431 1693 536 1747 alia
572 1708 638 1746 ex
670 1691 739 1747 iis
773 1691 916 1745 mala
940 1690 1229 1751 oriuntur;
1284 1703 1407 1757 qtae
1447 1688 1689 1741 humana
1739 1700 1894 1740 mens
1945 1684 2013 1737 ad

436 1787 728 1857 imaginem
765 1783 856 1839 Dei
894 1782 1062 1847 facta,
1093 1781 1407 1835 indolentia:
1440 1790 1494 1835 ct
1542 1780 1785 1836 mollitiae
1811 1777 2011 1843 dedita,

435 1890 494 1933 ut
528 1880 581 1933 in
614 1876 879 1932 mundum
924 1875 1149 1929 veniant
1175 1873 1341 1940 facit;
1377 1883 1432 1927 et
1482 1888 1607 1928 cum
1654 1882 1840 1927 creata
1869 1882 2017 1926 esset

436 1984 494 2027 ut
521 1978 842 2042 operaretur
860 1973 1109 2031 virtutes,
1142 1966 1493 2035 sentetipsam
1511 1965 1689 2020 etl‘ecit
1709 1963 2015 2034 operariam

436 2067 809 2135 iniquitatum.
852 2059 1026 2115 Simul
1064 2070 1246 2113 autem
1285 2067 1448 2126 atque
1498 2073 1560 2113 ex
1615 2057 1774 2112 nobis
1808 2064 2015 2110 motum

436 2169 491 2213 et
516 2159 915 2212 incrementum
938 2153 1248 2209 istiusmodi
1288 2151 1615 2221 cupiditates
1639 2156 1923 2219 ceperunt,
1949 2164 2017 2203 ex

439 2250 768 2304 necessitate
799 2247 997 2303 deinde
1024 2248 1078 2300 in
1101 2253 1288 2299 nostra
1314 2244 1424 2297 vita
1446 2249 1732 2297 versantur
1758 2248 1811 2294 et
1829 2250 2014 2310 agunt.

438 2345 495 2400 Si
526 2345 671 2399 enim
700 2345 961 2414 antiquus
1002 2342 1173 2397 nostri
1208 2342 1424 2411 generis
1454 2340 1627 2395 liostis
1682 2337 1912 2408 impellit
1965 2343 2019 2390 et

436 2439 639 2493 excitat
695 2437 762 2491 ad
824 2438 1009 2507 pejora
1072 2444 1312 2490 nostram
1378 2443 1674 2505 naturam,
1738 2444 2016 2499 nunquam

442 2541 622 2583 tamen
652 2528 867 2583 videtur
888 2527 1047 2582 nobis
1074 2525 1262 2581 invitis
1288 2540 1466 2595 neque
1499 2523 1685 2595 pejora
1718 2522 1897 2577 facere
1922 2536 2019 2575 cu-

440 2620 716 2677 pientibus
754 2620 1053 2688 imperare;
1086 2617 1214 2671 dum
1255 2625 1440 2671 autem
1492 2613 1757 2685 quasdam
1812 2613 2021 2667 excita-

440 2716 617 2768 tiones
651 2721 705 2767 et
731 2712 888 2782 quasi
921 2710 1114 2766 solatia
1155 2708 1407 2764 alicunde
1428 2717 1831 2777 exspectamus,
1861 2703 1963 2775 ipsi
1990 2718 2020 2757 a

440 2806 581 2859 virili
612 2813 667 2860 et
694 2818 961 2875 generoso
1002 2803 1221 2858 virtutis
1246 2817 1413 2857 sensu
1443 2800 1804 2865 declinantes,
1839 2797 2019 2852 locum

439 2908 675 2968 Occupat
701 2898 904 2953 diaboli
936 2898 1249 2964 consilium,
1283 2906 1337 2951 et
1358 2897 1416 2950 tit
1450 2894 1746 2950 auxiliator
1776 2893 2018 2963 quidem,

440 2992 536 3045 sed
580 3006 687 3044 non
741 2989 952 3058 primus
992 3002 1157 3043 casus
1186 2985 1360 3041 nostri
1387 2995 1596 3039 auctor.
1632 2984 1788 3038 Patet
1816 2992 2019 3045 autem,

2109 505 2246 542 πον*
2282 491 2458 562 εἰμὲν
2500 493 2607 561 γάρ
2659 492 2883 547 ἄλλοθέν
2934 492 3099 545 ποθεν
3151 493 3246 547 καὶ
3295 494 3396 546 οὐκ
3442 490 3553 545 ἀπὸ
3590 492 3701 563 τῆς

2110 583 2385 656 ἡμετέρας
2404 585 2497 638 καὶ
2517 586 2911 639 αὐτοδεσπότου
2926 585 3152 655 γνώμης
3166 582 3406 656 ήπλοῦτο
3435 585 3502 637 τὰ
3529 584 3701 638 σκάν-

2108 673 2511 740 δαλα,είκότως
2536 693 2595 729 τε
2634 677 2700 730 ἀν
2739 677 2942 744 ὁλόγος
2974 677 3174 748 ἀπῄτει
3235 676 3369 746 μηδέ
3415 678 3578 747 ἀραῖς
3616 694 3701 729 τι-

2110 786 2177 821 να
2204 769 2312 821 τῶν
2339 769 2642 842 ἀνθρώπων
2695 769 3128 823 ὐποϐάλλεσθαι·
3164 771 3213 823 εἰ
3262 771 3319 823 δὲ
3367 769 3700 823 καταϐάλλω

2114 858 2214 929 μὲν
2252 858 2363 927 ἐγὼ
2394 860 2502 912 τῶν
2540 860 2854 914 σκανδάλων
2887 862 2957 915 τὰ
2992 860 3306 931 σπέρματα,
3338 863 3459 913 ἐπεὶ
3476 861 3533 914 δὲ
3557 876 3699 913 κατ·

2112 951 2337 1021 εϐλήθη,
2377 952 2591 1021 ἀνάγκη
2626 953 2718 1005 καὶ
2768 953 3157 1024 γεωργηθῆναι
3200 954 3295 1006 καὶ
3340 954 3701 1023 καρποφορῆ-

2116 1058 2206 1095 σαι
2247 1041 2348 1111 τὴν
2395 1042 2658 1099 ἄκανθαν.
2698 1045 2727 1095 ό
2777 1042 3119 1114 προξενήσας
3168 1043 3393 1114 ἐμαυτῷ
3440 1043 3530 1096 διά
3586 1043 3702 1094 τῶν

2115 1134 2426 1188 σκανδάλων
2454 1135 2556 1204 τῆς
2594 1133 2837 1205 ἀκάνθης
2870 1134 2932 1188 τὺ
2972 1135 3270 1205 ἐπιτίμιον,
3322 1134 3552 1195 εἰκότως
3602 1135 3702 1185 καὶ

2111 1229 2213 1298 τῆς
2242 1230 2381 1300 ἀρᾶς
2412 1230 2508 1283 καὶ
2543 1230 2640 1299 τῆς
2666 1228 2820 1298 δίκης
2852 1227 3085 1298 ἐμαυτὸν
3117 1228 3427 1299 παρίστημι
3471 1228 3657 1297 ἔνοχον
3685 1243 3699 1256 ·

2114 1319 2231 1372 ἀλλ’
2256 1322 2317 1373 οὐ
2356 1322 2691 1392 συγγνώμην
2714 1321 2876 1376 ποθὲν
2919 1323 3191 1387 ἀπαιτεῖν,
3234 1320 3357 1373 οὐδέ
3393 1320 3701 1390 φιλανθρωο

2115 1413 2246 1477 πίας
2273 1414 2538 1483 οὐμενοῦν
2567 1414 2807 1484 οὐδαμοῦ
2835 1414 3084 1485 κριθείης
3129 1411 3309 1476 agm-
3344 1410 3625 1464 σκάνδαλα
3654 1409 3703 1461 δ’

2114 1506 2179 1560 ἂν
2209 1508 2396 1563 ἐκεῖνα
2441 1509 2526 1577 εἴη
2559 1510 2661 1563 ὅσα
2710 1508 3009 1578 κωλύματα
3049 1506 3260 1575 γίνεται
3294 1506 3393 1573 τῆς
3423 1506 3562 1575 πρὸς
3599 1505 3704 1574 τὴν

2115 1601 2260 1674 ζωὴν
2298 1602 2540 1673 ἀγούσης
2573 1602 2693 1656 ὁδοῦ
2723 1603 2820 1673 τὴν
2846 1601 3096 1654 αἰώνιονο
3129 1601 3252 1654 τίνα
3276 1600 3322 1653 δ’
3344 1600 3461 1653 ἐστι
3480 1598 3659 1652 ταῦτα
3686 1615 3700 1663 ;

2116 1696 2366 1767 πορνεία,
2406 1695 2567 1766 μέθη,
2614 1694 2815 1765 κλοπὴ,
2848 1691 3172 1757 καταλαλιά,
3202 1692 3297 1745 καὶ
3353 1690 3462 1761 πρὸ
3490 1692 3705 1742 τούτων

2116 1788 2279 1857 φόνος
2313 1788 2408 1840 καλ⁵
2431 1788 2767 1859 φιλαργυρία
2805 1786 2899 1840 καὶ
2947 1786 3048 1838 ὅσα
3081 1783 3219 1838 ἄλλα
3263 1784 3409 1837 κακά
3449 1782 3540 1835 διὰ
3573 1780 3707 1833 τούς

2114 1899 2224 1935 των
2249 1897 2263 1911 ·
2299 1881 2444 1952 ἅπερ
2472 1883 2500 1934 ό
2531 1880 2874 1951 ἀνθρώπινος
2932 1879 3055 1932 κατ’
3086 1878 3273 1933 είκόνα
3306 1874 3443 1930 Θεοῦ
3485 1875 3708 1927 πεπλα-

2118 1974 2316 2045 σμένος
2349 1976 2474 2037 νοῦς
2515 1974 2759 2045 ῥαθυμίᾳ
2798 1974 2891 2026 καὶ
2933 1971 3188 2045 ῥαστώνῃ
3230 1969 3529 2040 παρασχὼν
3576 1968 3708 2020 ἐαυ-

2116 2070 2209 2122 τὸν
2240 2069 2321 2132 είς
2346 2068 2439 2122 τὸν
2483 2069 2691 2137 κόσμον
2749 2067 2927 2120 ἐλθεῖν
2982 2065 3392 2137 παρασκευάζει
3417 2079 3431 2092 '
3468 2062 3563 2116 καὶ
3594 2062 3708 2114 τῶν

2116 2160 2329 2231 ἀρετῶν
2369 2161 2607 2232 ἐργάτης
2655 2158 2919 2222 πλασθεὶς
2980 2158 3227 2230 γεωργὸν
3280 2156 3469 2210 ἐαυτὸν
3533 2170 3711 2207 κατα-

2120 2252 2381 2316 σκευάζει
2410 2252 2518 2305 τῶν
2541 2251 2761 2321 φαύλων
2788 2271 2801 2284 ·
2836 2252 3007 2323 ῥοπὴν
3037 2251 3094 2304 δὲ
3134 2249 3280 2315 ἅπαξ
3317 2248 3376 2315 ἐξ
3415 2248 3575 2319 ἡμῶν
3610 2249 3711 2300 καὶ

2122 2346 2358 2418 βλάστην
2398 2347 2467 2399 τά
2510 2347 2740 2400 τοιαῦτα
2785 2346 2894 2398 τῶν
2958 2345 3299 2413 παθημάτων
3359 2344 3615 2407 λαϐόντα,
3648 2341 3712 2406 ἐξ

2120 2438 2370 2506 ἀνάγκης
2400 2438 2460 2491 τὸ
2500 2436 2687 2491 λοιπὸν
2723 2437 3080 2509 ἐπιχωριάζει
3110 2454 3169 2491 τε
3198 2438 3294 2490 καὶ
3322 2435 3711 2507 παρρησιάζε-

2119 2546 2211 2583 ται
2245 2529 2325 2600 τῷ
2360 2529 2617 2599 ἡμετέρῳ
2653 2529 2774 2600 βίῳ.
2804 2530 2868 2583 Εἰ
2902 2529 3012 2600 γὰρ
3052 2530 3146 2581 καὶ
3174 2533 3203 2583 ὁ
3236 2530 3459 2599 ἀρχαῖος
3482 2528 3582 2580 τοῦ
3611 2527 3713 2594 γέ-

2121 2641 2247 2688 νους
2283 2624 2442 2695 ἡμῶν
2477 2623 2673 2695 ἐχθρὸς
2706 2626 2955 2678 ἀνακινεῖ
2998 2640 3059 2676 τε
3108 2623 3203 2677 καὶ
3243 2622 3515 2693 ἀνεγείρει
3572 2622 3712 2689 πρὸς

2119 2719 2190 2774 τὰ
2220 2718 2445 2791 χείρονα
2469 2719 2570 2791 τὴν
2602 2718 2785 2788 φύσιν,
2843 2716 2958 2771 ἀλλ’
2982 2716 3220 2787 οὐδαμοῦ
3269 2718 3523 2786 φαίνεται
3567 2731 3714 2784 κρα-

2120 2814 2228 2868 τῶν
2251 2814 2407 2886 ἡμῶν
2436 2813 2511 2885 μὴ
2536 2811 2896 2883 πειθομένων,
2932 2810 3067 2881 μηδέ
3096 2809 3163 2862 τὰ
3190 2810 3411 2879 χείρονα
3441 2807 3714 2878 πράττειν

2122 2907 2471 2980 ὡρμημένων
2493 2923 2507 2938 ο
2541 2905 2868 2977 ἐρεθισμοὺς
2893 2904 2951 2957 δέ
2979 2921 3132 2966 τινας
3168 2902 3264 2955 καὶ
3284 2899 3398 2954 οἷον
3420 2900 3714 2971 παρακλή-

2125 3022 2239 3067 σεις
2260 3002 2557 3074 ἀλλαχόθεν
2591 3000 2997 3071 ἀναμενόντων,
3049 2997 3207 3069 ἡμῶν
3234 2998 3289 3051 δὲ
3326 2996 3422 3050 τοῦ
3458 2997 3713 3067 ἀρῤενω·

441 3081 901 3152 quemadmodum
931 3080 1097 3133 vitam
1128 3079 1328 3134 bonam
1358 3079 1591 3147 perdunt
1619 3092 1685 3131 ac
1731 3077 2017 3130 destruunt

2127 3098 2230 3152 ποῦ
2268 3115 2325 3151 τε
2359 3096 2456 3150 κα)⁵
2492 3096 2745 3165 γενναίου
2786 3093 2887 3164 τῆς
2937 3092 3140 3164 ἀρετῆς
3188 3090 3710 3152 ὐπολισθαινόντων,

442 3174 755 3230 istiusmodi
797 3172 1055 3228 scandala
1110 3184 1164 3226 et
1194 3172 1542 3241 cupiditates,
1572 3170 1646 3223 ita
1676 3169 1841 3224 etiam
1868 3170 1940 3222 ita
1966 3180 2021 3222 et

443 3271 565 3341 pios
592 3282 877 3323 sermones
902 3266 1159 3321 invadere
1184 3274 1239 3321 et
1263 3273 1478 3321 vastare
1526 3264 1782 3318 lizcretica
1830 3272 1884 3316 et
1912 3263 2022 3316 dis-

442 3378 579 3421 sona
608 3363 902 3433 impiorum
937 3361 1189 3431 dogmata
1235 3367 1289 3413 et
1338 3359 1571 3430 cogitata
1604 3376 1618 3411 :
1654 3358 1747 3428 qui
1797 3373 1921 3412 cum
1956 3356 2024 3409 ab

444 3458 603 3512 initio
626 3454 811 3526 pravis
846 3453 963 3508 suis
1007 3452 1434 3523 cogitationibus
1471 3466 1536 3505 ea
1574 3451 1920 3521 collegissent
1972 3457 2027 3503 et

444 3551 501 3605 in
524 3552 700 3604 lucem
730 3548 1064 3613 edidissent;
1098 3562 1205 3601 non
1235 3545 1556 3601 necessitate
1585 3546 1677 3599 sed
1714 3544 2025 3598 voluntario

447 3644 679 3701 consilio
711 3652 765 3696 et
790 3641 1084 3708 sententia,
1109 3640 1481 3710 proximorum
1507 3654 1667 3694 aures
1685 3638 2023 3709 blasphemia

446 3737 849 3807 impleverunt,
878 3744 934 3790 et
964 3733 1213 3789 fecerunt
1245 3742 1303 3787 ut
1331 3748 1426 3803 per
1454 3747 1513 3787 se
1548 3742 1603 3786 et
1629 3744 1723 3787 eos
1768 3731 1861 3800 qui
1892 3730 2025 3798 ipsis

445 3832 815 3897 crediderunt,
866 3845 933 3884 ex
983 3828 1311 3883 necessitate
1355 3826 1612 3881 scandala
1660 3825 1714 3879 in
1757 3825 2025 3879 mundum

445 3926 737 3991 venirent;
769 3924 971 3993 quibus
1002 3933 1056 3976 et
1085 3921 1219 3975 illud
1254 3936 1365 3985 vae,
1424 3921 1738 3990 incorrupta
1778 3915 2025 3989 judiciali

444 4020 740 4084 sententia,
764 4019 1011 4074 divinum
1047 4015 1327 4071 decretum
1361 4014 1413 4068 in
1445 4029 1541 4069 eos
1568 4013 1807 4068 immittit
1839 4012 1933 4082 qui
1968 4025 2026 4065 se

446 4116 696 4185 indignos
715 4113 959 4185 qualibet
982 4108 1359 4165 misericordia
1384 4108 1770 4179 praestiterunt,
1804 4119 1864 4163 ut
1885 4118 1939 4163 et
1966 4108 2023 4161 in

445 4210 553 4263 alio
590 4210 711 4264 loco
744 4207 901 4272 dicit,
956 4204 1142 4258 talium
1202 4203 1468 4257 interesse
1519 4211 1575 4255 ut
1616 4203 1758 4255 mola
1786 4202 2025 4255 asinaria

447 4320 639 4361 eorum
702 4302 860 4358 collis
922 4299 1175 4369 alligetur
1229 4306 1286 4351 et
1337 4297 1388 4348 in
1443 4310 1592 4349 mare
1646 4295 2021 4365 projiciantur.

449 4397 642 4454 Sol-tta
676 4398 840 4466 igitur
871 4402 958 4448 est
987 4391 1277 4447 ditIicultas
1304 4403 1371 4444 ex
1405 4389 1472 4443 iis
1505 4388 1703 4459 quibus
1737 4388 2023 4443 videbatur

445 4489 798 4560 potissimum
834 4484 1104 4540 roborari.
1130 4480 1318 4553 Neque
1352 4482 1405 4536 in
1450 4481 1603 4535 illum
1632 4480 1885 4552 dirigitur
1916 4482 2022 4535 im-

443 4583 712 4655 precatio,
747 4580 843 4648 qui
888 4578 997 4633 vim
1030 4577 1251 4647 patitur,
1288 4575 1383 4632 sed
1410 4576 1466 4631 in
1495 4590 1618 4630 eum
1647 4575 1739 4645 qui
1769 4576 2024 4630 scandala

445 4674 680 4730 seminat
702 4679 757 4726 et
787 4686 884 4742 per
933 4685 1094 4740 quem
1128 4668 1429 4738 prodeunt;
1468 4667 1630 4723 simul
1677 4682 1740 4722 ac
1770 4668 2027 4723 scandala

442 4764 697 4835 projecit,
738 4778 805 4818 ex
832 4764 1160 4819 necessitate
1184 4762 1379 4817 deinde
1408 4761 1461 4815 in
1492 4760 1697 4815 mundo
1741 4771 2030 4817 versantur

441 4869 497 4914 et
528 4867 720 4929 agunt.

2050 4446 2098 4502 D

2124 3189 2395 3260 λαμϐάνει
2430 3187 2615 3259 χώραν
2642 3190 2673 3258 ὴ
2703 3186 2797 3240 τοῦ
2832 3183 3071 3254 πονηροῦ
3110 3182 3410 3253 συμϐουλὴ,
3444 3183 3541 3235 καὶ
3567 3180 3713 3249 γίνεο

2124 3300 2216 3336 ται
2248 3282 2511 3353 συνεργὸς
2543 3280 2658 3334 ἀλλ’
2688 3281 2787 3333 οὐκ
2820 3280 3061 3350 ἀρχηγὸς
3101 3275 3197 3331 τοῦ
3235 3275 3711 3346 παραπτώματος.

2125 3376 2286 3447 δῆλον
2312 3375 2369 3428 δὲ
2398 3376 2482 3428 ὅτι
2515 3374 2770 3444 καθάπερ
2803 3372 2880 3442 τῷ
2908 3370 3029 3425 κατ’
3058 3370 3259 3441 ἀρετὴν
3283 3368 3382 3439 βίῳ
3408 3368 3527 3420 ἐπι)
3541 3370 3713 3438 υμαί-

2126 3469 2276 3520 νεταί
2316 3484 2373 3521 τε
2410 3467 2504 3520 καὶ
2547 3466 2847 3536 ἀνατρέπει
2900 3465 2969 3518 τὰ
3014 3463 3242 3517 τοιαῦτα
3280 3461 3557 3515 σκάνδαλα
3621 3460 3711 3513 καὶ

2126 3561 2299 3630 πάθη,
2345 3558 2488 3611 οὕτω
2534 3558 2599 3629 δὴ
2643 3556 2786 3611 οὕτω
2833 3558 2928 3610 καὶ
2968 3556 3044 3627 τῷ
3081 3556 3203 3608 κατ’
3231 3554 3516 3607 εὐσέϐειαν
3568 3552 3717 3620 λόγῳ

2128 3654 2454 3726 ἐπιπροσθεῖ
2485 3671 2544 3707 τε
2584 3654 2677 3707 καὶ
2706 3650 3181 3721 καταληΐζεταιτά
3203 3648 3455 3719 αἱρετικά
3486 3647 3585 3701 καὶ
3610 3664 3713 3698 πα-

2126 3749 2303 3819 λίμφη
2312 3766 2389 3819 μα
2410 3747 2593 3813 τῶνξδυ
2603 3746 2940 3800 σσεϐούντων
2959 3744 3208 3813 δόγματα
3228 3744 3322 3795 καὶ
3337 3742 3672 3812 φρονήματα
3698 3758 3713 3770 ο

2129 3843 2289 3913 οἵπερ
2315 3841 2376 3906 ἐξ
2398 3841 2574 3911 ἀρχῆς
2626 3842 2749 3902 ταῖς
2784 3838 3050 3910 πονηραῖς
3070 3836 3252 3889 αὐτῶν
3286 3835 3551 3896 διανοίαις
3590 3834 3713 3886 συλ-

2126 3934 2541 4000 λαϐόντεςαύτά
2576 3936 2670 3989 καὶ
2702 3933 3065 3994 ἁποτεκόντεςη
3094 3931 3196 3983 οὐκ
3229 3930 3289 3995 ἐξ
3316 3930 3571 3998 ἀνάγκης
3593 3928 3715 3979 οὐδὲ

2128 4031 2239 4103 βίᾳ,
2280 4030 2623 4100 ἐκουσιότητι
2678 4027 2735 4080 δέ
2784 4026 2981 4097 βουλῆς
3028 4041 3088 4077 τε
3133 4023 3226 4076 καὶ
3250 4022 3496 4091 γνώμης,
3525 4021 3629 4083 τάς
3657 4035 3716 4071 τε

2127 4123 2235 4176 τῶν
2268 4122 2496 4193 πλησίον
2523 4120 2695 4183 ἀκοὰς
2741 4119 2842 4189 τῆς
2892 4115 3208 4187 δυσφημίας
3244 4113 3577 4183 ἐνέπλησαν,
3621 4114 3716 4162 καὶ

2127 4217 2187 4283 ἐξ
2211 4215 2459 4283 ἀνάγκης
2492 4213 2559 4266 δι’
2588 4211 2795 4266 ἐαυτῶν
2828 4227 2888 4263 τε
2940 4210 3034 4262 καὶ
3082 4208 3191 4260 τῶν
3250 4205 3715 4279 παραδεξαμένων

2126 4312 2207 4373 είς
2235 4310 2327 4363 τὸν
2365 4308 2570 4378 κόσμον
2599 4308 2773 4361 ἐλθεῖν
2800 4306 2870 4360 τὰ
2916 4304 3188 4358 σκάνδαλα
3248 4302 3679 4373 παρεσκεύασαν
3697 4319 3713 4333 ο

2128 4397 2210 4465 οἷς
2236 4402 2333 4455 καὶ
2370 4402 2431 4454 τδ
2465 4401 2610 4464 οὐαὶ,
2640 4400 2924 4470 ἀδεκάστῳ
2949 4400 3130 4469 κρίσει
3156 4398 3189 4468 ἡ
3228 4397 3350 4450 θεία
3380 4397 3565 4467 ψῆφος
3619 4399 3714 4449 ἑπ-

2136 4494 2366 4564 αφίησιν
2400 4492 2631 4554 ἑαυτοὺς
2661 4491 2913 4557 ἀναξίους
2934 4488 3379 4560 παρεσκευακόσι
3408 4487 3615 4549 παντὸς
3641 4490 3713 4539 oi-

2132 4586 2395 4658 κτιρμοῦ,
2419 4584 2495 4649 ὤς
2529 4600 2633 4638 που
2663 4585 2757 4637 καὶ
2782 4581 3043 4653 ἀλλαχόθι
3083 4580 3249 4650 φησὶν
3279 4580 3360 4634 δτι
3392 4583 3508 4644 τοῖς
3542 4580 3712 4633 τοιού-

2134 4696 2249 4742 τοις
2272 4676 2549 4749 συμφέρει
2584 4676 2671 4729 ἴνα
2702 4673 2869 4745 μύλος
2912 4673 3091 4735 ὀνικὸς
3127 4671 3256 4743 δεθῇ
3292 4671 3421 4742 περὶ
3466 4670 3560 4723 τὸν
3585 4670 3709 4740 τρά-

2134 4770 2299 4843 χηλον
2350 4768 2552 4835 αὐτῶν,
2604 4767 2699 4820 καὶ⁴
2745 4765 3126 4837 ἀπορῤιφῶσιν
3169 4766 3249 4828 εἰς
3279 4763 3376 4835 τὴν
3410 4762 3711 4816 θάλασσαν.

2138 4864 2372 4920 Λέλυται
2400 4862 2580 4916 τοίνυν
2591 4860 2795 4932 ἀπορία
2816 4860 2876 4924 ἐξ
2898 4852 2972 4913 ὧν
2988 4860 3163 4913 ἐδόκει
3180 4856 3553 4930 κρατύνεσθαι
3578 4874 3594 4887 ·
3626 4864 3710 4909 καί

443 4957 543 5027 οὐχ
582 4957 609 5009 ὁ
640 4954 883 5027 βιασθεὶς
907 4956 1021 5026 ἔχει
1049 4956 1147 5028 τὴν
1175 4958 1338 5029 ἀράν,
1362 4957 1478 5012 ἀλλ’
1499 4960 1528 5013 ό
1545 4962 1655 5014 τῶν
1677 4964 1990 5019 σκανδάλων
2020 4962 2318 5037 προϐολεύς
2345 4960 2411 5014 δι’
2444 4955 2505 5015 οὗ
2546 4958 2753 5029 προέϐη
2786 4958 2853 5011 τὰ
2885 4956 3155 5013 σκάνδαλα
3174 4974 3188 4987 ο
3211 4957 3406 5011 τούτου
3432 4958 3541 5029 γάρ
3582 4968 3709 5027 προ

445 5052 804 5125 ϐαλλομένου,
844 5049 904 5114 ἐξ
957 5050 1206 5121 ἀνάγκης
1267 5052 1454 5106 λοιπὸν
1511 5056 1770 5128 ἐπιδημεῖ
1826 5074 1886 5110 τε
1939 5056 2034 5111 καὶ
2072 5053 2511 5127 παρρησιάζεται
2539 5051 2618 5123 τῷ
2651 5051 2841 5121 κόσμῳ
2868 5050 2935 5104 τὰ
2965 5050 3254 5104 σκάνδαλα.
