3916 6192
241 261 344 326 105

813 379 1150 433 ΕΡιιτιιΣιΣ
1187 381 1279 446 ς’.

242 474 302 526 Τι’
345 472 418 532 δή
460 487 604 526 ποτε
649 471 876 539 Μωσῆς
921 471 1037 524 τῶν
1088 470 1364 538 οὐρανῶν
1408 473 1480 523 οὐ
1530 469 1824 538 μέμνηται

304 544 651 609 βασιλείας,
678 544 776 595 καί
799 560 887 596 τοι
908 543 1013 596 τοῦ
1040 539 1314 609 Σωτῆρος
1331 541 1400 593 ἐν
1416 540 1538 610 τοῖς
1559 544 1606 595 Ε
1615 544 1822 610 [turre-

306 616 466 678 λίοις
482 613 768 682 λαμπρῶς
783 614 1059 676 εἰπόντος
1082 613 1201 664 ἀπὸ
1218 609 1554 682 καταϐολῆς
1587 609 1821 680 κόσμου

314 683 438 750 τοῖς
477 681 733 750 δικαίοις
760 685 988 750 ταύτην
1019 681 1450 752 ἐτοιμασθῆναι
1471 681 1686 748 (27-28)
1715 699 1729 748 ἓ

1277 265 1378 324 ΑΙ)
1411 263 2008 324 AMPIIILOCIIIUM
2040 262 2388 334 QUIESTIO
2409 259 2507 324 VI.

3426 229 3526 325 10s

2492 373 2825 442 QUAZSTIU
2867 374 2958 430 Vl.

1931 470 2042 526 Cur
2073 471 2242 524 Moses
2302 471 2447 539 regni
2491 468 2740 522 citatorum
2793 468 2995 521 nullout
3028 469 3338 539 mentionem
3385 469 3524 537 fece-

2002 543 2094 605 rit,
2151 538 2456 610 quanquam
2499 539 2746 593 Servator
2794 541 2851 592 in
2898 538 3198 609 Evangeltis
3244 539 3528 607 manifeste

2002 613 2224 673 dimi“,
2253 631 2284 664 α
2319 611 2692 665 constitutione
2724 611 2906 664 mundi
2939 610 3071 664 illud
3103 627 3215 666 esse
3235 610 3398 679 justis
3427 626 3529 678 pa-

2001 695 2080 736 rat
2090 700 2119 736 tt
2129 700 2175 734 m
2187 721 2198 732 .

1381 773 1524 826 Edita
1542 789 1570 824 a
1595 773 1742 835 Maio,
1765 777 1896 827 Nov.
1928 775 2076 834 Colt.,
2099 784 2138 824 t.
2171 775 2211 833 Ι,
2235 789 2282 838 p.
2311 776 2388 824 43.

314 891 386 939 α’.
418 885 596 938 Πολλά
619 884 728 938 τῶν
755 883 964 954 νοητῶν
992 886 1020 938 6
1053 885 1195 946 θεῖος
1222 886 1430 958 Μωσῆς
1455 886 1673 957 παρῆκε
1694 903 1708 916 ·
1741 887 1836 941 καὶ

243 979 278 1047 ὴ
316 977 568 1048 βασιλεία
590 977 647 1030 δὲ
679 977 789 1031 τῶν
810 977 1056 1049 οὐρανῶν
1083 977 1367 1050 κρείττονα
1397 979 1493 1032 καὶ
1523 978 1621 1050 τὴν
1656 977 1837 1048 ῦπαρ-

246 1070 330 1134 ξιν
368 1071 465 1123 καὶ
504 1069 604 1139 τὴν
648 1068 952 1122 ἀπόλαυσιν
996 1070 1028 1139 ἢ
1075 1071 1198 1122 κατ’
1226 1070 1480 1140 αῖσοησιν
1522 1070 1668 1139 ἔχει’
1702 1073 1839 1139 φησὶ

246 1161 410 1233 γάρ,ι
454 1162 522 1213 Ἀ
542 1159 820 1230 ὀφθαλμὸς
850 1161 950 1213 οὐκ
983 1155 1090 1212 εἶδε
1123 1159 1217 1212 καὶ
1249 1159 1343 1222 οῦς
1363 1161 1464 1212 οὐκ
1505 1159 1708 1229 ἢκουσε
1746 1159 1841 1213 καὶ

247 1255 344 1307 ἐπὶ
391 1254 616 1323 καρδίαν
651 1252 940 1324 ἀνθρώπου
969 1253 1068 1305 οὐκ
1107 1252 1275 1324 ἀνέϐη
1300 1271 1314 1285 ο
1358 1272 1376 1304 ι
1408 1251 1559 1306 οὐδὲν
1584 1251 1679 1305 οὖν
1712 1250 1841 1304 θαυ-

253 1344 464 1412 μαστὸν
523 1345 832 1414 ἀσωμάτων
883 1342 1248 1414 δημιουργίαν
1289 1342 1575 1413 δυνάμεων
1615 1343 1730 1415 (29)
1767 1344 1842 1414 μὴ

248 1433 617 1500 ἐπεξελθόντα
675 1437 769 1488 τὸν
825 1435 1062 1506 θεὸπτην
1125 1435 1334 1506 Μωσῆν
1393 1435 1482 1488 διὰ
1517 1436 1616 1506 τὴν
1661 1435 1841 1506 παχύ-

247 1528 394 1594 τητά
415 1544 474 1579 τε
501 1527 594 1580 καὶ
613 1521 902 1581 ’ἀσθένειαν
928 1529 1035 1582 τῶν
1061 1530 1370 1600 ἀκροατῶν,
1398 1530 1533 1600 μηδὲ
1559 1531 1660 1600 τῆς
1701 1529 1844 1602 ὑπὲρ

251 1619 510 1688 αἴσθησιν
565 1617 845 1689 βασιλείας
898 1619 1008 1673 τῶν
1063 1620 1310 1692 οὐρανῶν
1363 1622 1617 1693 διήγησιν
1668 1639 1846 1691 παρα-

2019 889 2068 942 l.
2102 887 2301 943 Multas
2326 888 2500 942 Moses
2525 887 2922 942 intellectuales
2940 903 3028 943 res
3055 888 3277 944 silentio
3299 891 3527 959 pressit:

1946 996 2176 1049 regnum
2204 991 2386 1036 autem
2423 981 2688 1035 ecelorum
2723 989 2835 1033 tum
2866 988 3061 1034 natura
3094 995 3194 1036 sua
3226 990 3338 1036 tum
3365 983 3531 1038 etiam

1947 1074 2269 1145 gaudiorum
2316 1073 2631 1144 prazstantia
2678 1089 2877 1128 sensus
2923 1083 3238 1143 exsuperat.
3286 1073 3341 1128 ld
3384 1075 3531 1129 enim

1948 1168 2024 1222 rei
2054 1184 2246 1239 genus,
2284 1179 2345 1222 ut
2391 1168 2467 1222 ait
2494 1167 2808 1236 Scriptura,
2841 1183 2860 1216 ι
2917 1163 3105 1236 Neque
3148 1167 3343 1222 oculus
3375 1169 3534 1235 vidit,

1949 1277 2125 1332 neque
2154 1262 2305 1316 auris
2348 1259 2577 1321 audivit,
2627 1274 2802 1329 neque
2837 1260 2892 1312 in
2928 1275 3026 1315 cor
3063 1259 3308 1315 hominis
3340 1275 3535 1314 ascen-

1950 1355 2030 1411 dit
2071 1357 2138 1412 ⁷³.
2180 1375 2197 1407 ι
2235 1353 2319 1410 Nil
2350 1371 2480 1424 ergo
2515 1356 2713 1410 mirum
2748 1365 2866 1421 est,
2942 1356 2988 1409 si
3024 1369 3149 1410 cum
3179 1353 3277 1409 Dei
3309 1363 3536 1424 aspectu

1950 1449 2146 1519 dignus
2187 1447 2365 1504 Moses
2398 1449 2846 1517 incorporearum
2883 1447 3148 1501 virtutum
3199 1447 3533 1501 creationem

1953 1557 2060 1595 non
2094 1540 2396 1595 narraverit
2443 1548 2663 1609 propter
2695 1538 3038 1594 audientium
3071 1554 3260 1594 crassa
3312 1538 3534 1609 ingenia

1951 1648 2005 1693 et
2048 1638 2446 1703 inﬁrmitatem,
2494 1637 2756 1698 idemmet
2786 1653 2854 1692 ne
2895 1638 3163 1692 cmlorum
3197 1637 3420 1706 quidem
3452 1652 3538 1691 re-

253 1709 474 1775 θέσθαι,
498 1713 617 1764 κατ’
647 1712 900 1780 αἴσθησιν
926 1711 1127 1782 μᾶλλον
1151 1712 1183 1784 ἢ
1216 1714 1357 1768 κατά
1385 1715 1616 1785 θεωρίαν
1638 1713 1840 1784 βιοῦντι

1970 1745 2112 1796 gnum
2148 1728 2290 1798 apud
2321 1729 2584 1798 populum
2633 1729 2888 1783 sensibus
2944 1728 3118 1795 magis
3163 1744 3326 1798 quant
3376 1727 3538 1782 intel-

253 1802 373 1873 λαῴ
397 1819 409 1832 ’
441 1804 502 1857 τὸ
530 1804 640 1872 γὰρ
671 1804 914 1874 νομίζειν
945 1804 1096 1867 τινὰς
1118 1806 1195 1876 τῷ
1230 1807 1376 1859 κατὰ
1397 1806 1488 1859 τὸν
1516 1807 1850 1878 παράδεισον

255 1897 560 1968 διηγήματι
583 1897 1020 1968 συμπεριλαϐεῖν
1049 1899 1143 1952 καὶ
1173 1897 1271 1970 τὴν
1302 1898 1582 1969 βασιλείαν
1610 1901 1720 1954 τῶν
1758 1901 1850 1953 οὐ-

260 1991 464 2063 ρανῶν,
487 1991 608 2062 ἥτις
635 1994 712 2054 εἰς
735 1992 931 2060 ταύτὸν
965 1991 1182 2062 ἔρχεται
1211 1995 1276 2063 τῇ
1313 1991 1564 2063 βασιλείᾳ
1600 1991 1694 2046 τοῦ
1716 1994 1852 2066 Χρι-

260 2083 414 2148 στοῦ,
436 2083 537 2136 οὐκ
571 2082 638 2138 ἂν
671 2082 907 2155 ἀκριϐὴς
941 2082 1299 2152 παραδέξοιτο
1330 2084 1622 2154 λογισμόςο
1655 2102 1854 2139 ταπει-

255 2177 352 2228 vim
383 2176 493 2247 (⁵50)
532 2176 642 2244 γὰρ
674 2175 740 2229 ἂν
764 2175 852 2246 εἴη
880 2175 1041 2228 τοῦτο
1071 2175 1250 2246 πολλῷ
1289 2177 1386 2246 τῆς
1432 2177 1710 2248 βασιλείας
1744 2177 1852 2231 τῶν

258 2268 511 2339 οὐρανῶν
535 2284 548 2297 ·
577 2267 697 2336 ὕψει
723 2284 782 2320 τε
809 2267 918 2338 γὰρ
946 2269 974 2320 6
1001 2267 1328 2338 παράδεισος
1361 2267 1710 2339 καταληπτὺς
1735 2271 1856 2337 ἐγε-

259 2362 437 2430 γόνει,
478 2362 573 2414 καὶ
605 2361 825 2424 πολίτας
868 2360 994 2430 ἔσχε
1029 2361 1154 2423 τοὺς
1195 2361 1608 2431 πρωτογόνους’
1655 2362 1750 2414 καὶ
1792 2360 1855 2414 τὸ

261 2456 554 2510 κάλλιστον
581 2455 680 2526 μὲν
703 2457 812 2509 τῶν
835 2457 1212 2526 περικοσμίων
1239 2457 1376 2523 ἐστὶ,
1399 2460 1498 2527 τῆς
1519 2458 1621 2527 γῆς
1642 2458 1688 2511 δ’
1703 2459 1854 2528 ὅμως

267 2548 472 2619 μέρος·
513 2549 607 2601 καὶ
641 2551 829 2616 φυτοῖς
877 2549 974 2618 μὲν
1027 2548 1252 2616 ὡραίοις
1297 2552 1463 2620 κομᾷ,
1507 2551 1602 2604 καὶ
1638 2550 1854 2620 διαυγε-

267 2640 486 2702 στάτοις
552 2638 884 2710 κατάρδεται
941 2638 1170 2708 νάμασι,
1240 2639 1380 2710 πλὴν
1443 2641 1594 2694 οὐδὲν
1649 2641 1855 2694 τούτων

266 2731 606 2802 ὑψηλότερον
651 2729 852 2799 ὅψεως.
905 2730 1028 2784 οὐδὲ
1085 2731 1195 2783 τῶν
1239 2731 1600 2800 ἀνθρωπίνων
1652 2735 1851 2786 ἀνακε-

265 2824 492 2896 χὼρηκε
517 2824 818 2894 λογισμῶν,
853 2824 1044 2895 ῶσπερ
1083 2827 1115 2895 ἡ
1151 2825 1400 2896 βασιλεία
1431 2827 1540 2903 τῶν
1570 2827 1818 2898 οὐρανῶν
1839 2845 1850 2857 ·

269 2918 370 2970 καὶ
397 2917 499 2987 γῆς
527 2916 584 2969 δὲ
613 2917 706 2972 καὶ
731 2916 965 2988 οὐρανοῦ
1000 2918 1110 2971 οὐδ’
1131 2919 1280 2970 ἔστιν
1315 2918 1491 2970 εἰπεῖν
1520 2919 1644 2973 ὅσον
1672 2918 1733 2972 τὸ
1758 2920 1860 2991 μὲ-

270 3025 390 3062 σον.

349 3124 415 3194 β’.
452 3125 516 3177 El
565 3124 621 3177 δὲ
677 3124 810 3177 διότι
874 3122 970 3176 τοῦ
1033 3124 1283 3192 γενναίου
1344 3125 1592 3185 εἰπόντος
1633 3123 1859 3198 λῃστοῦ,

277 3238 299 3268 σ
329 3217 616 3287 Μνήσθητί
643 3234 768 3286 μου,
803 3215 997 3286 Κύριε,
1027 3217 1084 3269 ὲν
1110 3218 1174 3285 τῇ
1209 3215 1457 3287 βασιλείᾳ
1489 3233 1604 3277 σου,
1643 3236 1661 3268 ι
1689 3220 1716 3270 6
1747 3217 1863 3270 Σω-

269 3310 382 3381 τὴρ
426 3309 571 3380 αὐτῷ
619 3309 718 3380 τὴν
759 3310 839 3372 είς
885 3309 978 3362 τὸν
1026 3309 1354 3379 παράδεισον
1385 3308 1749 3379 ὑπισχνεῖται,
1775 3309 1864 3364 διὰ

271 3404 440 3457 τοῦτο
467 3403 566 3473 τὴν
606 3401 886 3473 βασιλείαν
920 3400 1027 3455 τῶν
1056 3401 1302 3470 οὐρανῶν
1345 3401 1446 3471 τὴν
1475 3399 1570 3454 τοῦ
1601 3402 1866 3474 παραδεί-

275 3512 375 3548 σου
395 3494 604 3547 τίθεται
630 3493 783 3563 λῆξιν
807 3495 887 3560 (οὐ
913 3494 1022 3562 γὰρ
1043 3492 1178 3547 ἄλλα
1201 3493 1299 3562 μὲν
1328 3494 1498 3546 αἰτεῖν
1520 3492 1612 3546 τὸν
1637 3492 1863 3562 λῃστὴν,

273 3586 416 3641 ἄλλα
445 3585 502 3639 δὲ
533 3584 834 3655 λαμϐάνειν
863 3585 1014 3654 παρὰ
1035 3582 1127 3634 τοῦ
1163 3580 1544 3652 μεγαλοδώρου
1575 3580 1710 3633 θεοῦ
1739 3582 1868 3635 ἀκό-

274 3686 472 3738 λουθον
504 3679 641 3736 εἶναι
670 3677 803 3750 φαίη
843 3676 952 3743 ειν),
977 3676 1154 3727 ὲκεῐνο
1182 3673 1381 3744 μᾶλλον
1415 3673 1684 3730 σκοπείτω
1709 3675 1784 3740 ὡς
1815 3676 1868 3729 τί

272 3779 343 3848 δή
383 3793 515 3829 ποτε
550 3777 649 3846 μὲν
682 3771 750 3846 ἦν
775 3777 808 3844 ἡ
837 3767 1084 3843 βασιλεία
1112 3767 1220 3819 τῶν
1250 3767 1520 3836 οὐρανῶν,
1547 3767 1686 3839 ὅπερ
1719 3769 1870 3823 ἐστὶν

272 3873 310 3940 ἡ
339 3868 434 3923 τοῦ
457 3868 714 3939 Χριστοῦ,
739 3867 990 3936 οὐδαμῶς
1016 3868 1044 3918 6
1070 3864 1273 3936 λῃστὴς
1296 3862 1658 3931 συνεγνὼκει·
1704 3863 1869 3916 πόθεν

274 3964 392 4034 γὰρ
422 3963 488 4016 ἂν
524 3961 756 4026 ἐξαιτεῖν
795 3957 1050 4030 προήχθη
1091 3958 1127 4012 ἃ.
1158 3960 1252 4011 καὶ
1291 3958 1386 4011 τοῦ
1417 3956 1728 4026 λογίζεσθαι
1769 3956 1870 4028 τὴν

279 4056 442 4125 ἰσχὺν
464 4055 639 4119 ἐνίκα,
671 4054 766 4106 καὶ
804 4053 902 4124 τὴν
943 4051 1293 4122 ἀνθρωπίνην
1333 4051 1574 4105 διάνοιαν
1605 4049 1872 4121 ὑπερϐαί-

276 4167 362 4201 νει
389 4167 404 4214 ;
438 4145 635 4200 οὐκουν
665 4146 718 4199 τί
754 4163 882 4198 ποτε
923 4144 1023 4215 μὲν
1055 4139 1178 4214 ἦνή
1217 4143 1467 4214 βασιλεία
1497 4143 1606 4195 τῶν
1625 4142 1871 4214 οὐρανῶν

274 4243 308 4294 ὁ
341 4240 544 4312 λῃστὴς
575 4239 827 4310 οὐδαμῶς
859 4236 1212 4307 συνεγνὼκει,
1245 4237 1365 4289 οὐδὲ
1397 4236 1533 4308 πρὸς
1562 4234 1871 4306 ὡρισμένον

275 4357 337 4390 τι
385 4339 480 4390 καὶ
523 4334 804 4406 γνώριμον
860 4335 950 4386 τὸν
1002 4332 1128 4386 νοῦν
1168 4329 1492 4386 ἀπευθύνων
1531 4328 1630 4399 τὴν
1656 4327 1872 4399 αἴτησιν

1953 1823 2092 1877 lectu
2151 1831 2393 1878 utentem
2431 1821 2968 1877 commemoraverit.
3020 1822 3158 1876 Nam
3200 1821 3347 1891 quod
3400 1836 3539 1875 non-

1953 1916 2085 1970 nulli
2125 1917 2473 1972 arbitrantur
2505 1917 2695 1970 Mosen
2737 1917 2790 1969 in
2841 1916 3078 1984 paradisi
3130 1915 3406 1970 mentione
3452 1932 3541 1968 re-

1953 2024 2119 2078 gnum
2137 2024 2357 2079 quoque
2389 2009 2658 2062 (Helorum
2685 2009 3046 2072 conclusisse,
3079 2008 3224 2077 quod
3249 2018 3334 2064 est
3360 2008 3540 2077 ipsum

1951 2101 2157 2157 Christi
2182 2116 2434 2171 regnum,
2474 2101 2638 2168 hanc,
2679 2101 2926 2169 inquam,
2963 2101 3276 2170 opinionem
3313 2117 3544 2156 accura-

1956 2206 2070 2249 tum
2107 2194 2456 2249 ratiocinium
2484 2210 2593 2248 non
2627 2194 2839 2264 recipit.
2876 2193 2967 2248 Ille
2999 2195 3146 2249 enim
3173 2195 3331 2249 valde
3368 2209 3542 2263 regno

1955 2289 2220 2344 caelorum
2270 2288 2496 2344 inferior
2540 2286 2814 2342 videbitur
2865 2305 2878 2341 :
2931 2285 3198 2356 siquidem
3240 2285 3543 2354 paradisus

1958 2383 2210 2438 sensibus
2247 2391 2365 2436 erat
2407 2380 2946 2451 comprehensibilis,
2989 2380 3306 2448 incolasque
3336 2381 3546 2448 primos

1957 2485 2211 2542 parentes
2251 2473 2443 2528 habuit
2492 2491 2506 2528 :
2557 2481 2614 2528 et
2647 2473 3046 2528 mundauarum
3092 2471 3314 2542 quidem
3362 2486 3545 2526 rerum

1959 2566 2321 2637 pulcherrima
2370 2573 2473 2628 est,
2508 2564 2606 2621 sed
2657 2574 2839 2619 tamen
2888 2573 3049 2618 teme
3075 2563 3242 2632 hujus
3286 2578 3413 2631 pars
3448 2581 3461 2617 :
3495 2571 3551 2615 et

1957 2675 2270 2730 quanquam
2292 2658 2535 2729 pulchris
2557 2657 2850 2712 arboribus
2882 2656 3038 2711 ﬂoret
3059 2672 3124 2711 ac
3150 2655 3549 2726 limpidissimis

1961 2751 2171 2820 rigatur
2203 2749 2402 2812 ﬂuviis,
2449 2747 2810 2803 nihilominus
2867 2747 3006 2803 nihil
3041 2747 3242 2801 visibili
3288 2747 3341 2800 vi
3377 2747 3550 2800 subli-

1961 2844 2106 2899 mius
2132 2844 2317 2908 habet,
2352 2856 2529 2910 neque
2557 2841 2861 2895 humanum
2893 2839 3228 2894 intellectum
3253 2837 3550 2899 excedens,

1963 2950 2020 2994 nt
2049 2954 2241 3009 reapse
2273 2947 2356 2993 est
2389 2953 2616 3008 regnum
2647 2937 2932 2992 caelorum.
2963 2936 3313 3004 Quantopere
3333 2935 3552 2988 demum

1967 3044 2109 3088 terra
2138 3033 2278 3088 crelo
2300 3032 2536 3096 differat,
2573 3030 2757 3085 verbis
2785 3029 3056 3085 declarari
3077 3045 3186 3083 non
3220 3037 3420 3098 potest.

2033 3123 2089 3177 2.
2131 3119 2285 3187 Quod
2313 3121 2358 3176 si
2388 3121 2518 3191 quia
2542 3120 2743 3175 dicenti
2773 3120 2968 3174 latroni
2998 3119 3141 3174 bono
3174 3136 3188 3172 :
3229 3139 3246 3171 ι
3281 3119 3556 3172 Memento

1967 3215 2095 3281 mei,
2120 3214 2370 3281 Domine,
2404 3216 2457 3269 in
2481 3229 2652 3284 regno
2678 3223 2772 3268 tuo
2803 3215 2870 3278 ⁷⁸,
2910 3232 2929 3264 ι
2955 3213 3212 3266 Servatur
3243 3211 3554 3281 paradisum

1967 3310 2242 3381 promisit,
2279 3310 2484 3366 idcirco
2513 3323 2740 3380 regnum
2772 3309 3035 3364 caelorum
3067 3309 3208 3360 idem
3252 3321 3374 3360 esse
3404 3313 3560 3374 putat

1965 3403 2168 3473 aliquis
2197 3403 2343 3474 quod
2373 3404 2613 3473 paradisi
2646 3403 2804 3460 sedes
2839 3401 3039 3472 (neque
3073 3402 3218 3455 enim
3267 3406 3560 3454 consenta-

1969 3514 2130 3552 neum
2161 3498 2266 3554 t‘uit
2302 3497 2450 3552 aliud
2483 3497 2751 3552 latronem
2785 3504 2988 3566 petere,
3033 3494 3180 3548 aliud
3222 3510 3252 3548 a
3297 3493 3561 3548 muniﬁco

1969 3594 2080 3648 Deo
2109 3592 2408 3660 accipere);
2456 3589 2591 3644 illud
2640 3589 2822 3660 potius
2850 3587 3181 3650 consideret,
3211 3586 3477 3652 caelorum
3505 3585 3559 3638 id

1969 3694 2054 3741 est
2083 3684 2287 3740 Christi
2326 3699 2553 3754 regnum
2596 3681 2796 3737 latroni
2837 3679 3174 3751 incognitum
3228 3677 3419 3732 fuisse.
3455 3676 3561 3742 Qui

1970 3786 2150 3832 autem
2174 3775 2289 3831 ﬁeri
2316 3782 2548 3845 poterat,
2572 3783 2632 3829 ut
2653 3773 2705 3828 id
2731 3773 2832 3828 sibi
2851 3773 3189 3841 deposceret,
3209 3769 3354 3840 quod
3383 3771 3561 3838 ipsqu

1971 3870 2243 3926 ratiocinii
2280 3884 2512 3924 acumen
2561 3866 2885 3938 eﬂ'ugiebat,
2931 3865 3246 3934 mentisque
3307 3865 3564 3918 humanae

1972 3965 2117 4020 vires
2154 3963 2480 4019 excedebat?
2521 3962 2692 4032 Igitur
2732 3961 2998 4032 quidnam
3043 3974 3230 4016 revera
3275 3968 3424 4016 esset
3476 3973 3564 4012 re-

1973 4072 2139 4129 gnum
2167 4056 2431 4112 caelorum
2467 4056 2609 4110 latro
2639 4054 2868 4111 omnino
2921 4052 3227 4123 ignorabat,
3285 4066 3464 4120 neque
3497 4051 3562 4105 ad

1973 4157 2183 4202 certum
2233 4145 2438 4216 aliquid
2475 4155 2774 4213 notumque
2825 4143 2928 4199 sibi
2978 4153 3217 4198 mentem
3272 4141 3565 4196 intendens

1973 4255 2164 4312 preces
2195 4239 2318 4295 illas
2347 4239 2571 4306 eﬂ‘udit;
2603 4238 2696 4293 sed
2730 4239 2860 4293 boni
2889 4238 3124 4309 alicujus
3158 4238 3439 4308 beataeque
3463 4250 3567 4293 vo-

1975 4335 2199 4406 luptatis
2254 4341 2558 4404 compotem
2614 4349 2674 4388 se
2722 4333 2836 4386 tieri
2894 4332 3210 4402 postulavit.
3265 4329 3382 4386 Jam
3437 4329 3568 4399 quia

279 4433 525 4483 ἐποιεῖτο
545 4448 558 4459 ο
591 4416 727 4480 ἀλλά
755 4427 842 4479 διὰ
864 4424 1122 4495 τοιαύτης
1156 4424 1428 4493 αἰτήσεως
1457 4420 1677 4488 ἀγαθῶν
1706 4438 1861 4473 τινων

1976 4429 2134 4482 bonis
2167 4427 2384 4483 caeteris
2434 4426 2620 4480 notior
2653 4427 2703 4480 ei
2739 4424 3028 4496 paradisus
3073 4433 3193 4479 erat
3231 4423 3380 4495 (cum
3422 4423 3566 4474 eiiim

282 4521 583 4592 μετασχεῖν
607 4519 702 4570 καὶ
733 4516 1012 4588 μακαρίας
1039 4513 1398 4577 ἀπολαύσεως
1425 4513 1610 4584 ᾐτεῖτο
1629 4528 1643 4542 ’
1675 4512 1799 4564 ἐπεὶ
1821 4511 1879 4565 δὲ

277 4613 396 4666 τῶν
449 4611 624 4664 ἄλλων
671 4611 928 4663 ἁπάντων
975 4608 1157 4662 καλῶν
1202 4605 1626 4677 γνωριμώτερος
1666 4603 1814 4674 αὐτῷ
1851 4606 1880 4657 ὁ

284 4706 619 4774 παράδεισος
673 4702 1026 4770 καθειστήκει
1057 4702 1142 4770 (εκ
1180 4700 1288 4769 γὰρ
1326 4699 1422 4767 τῆς
1461 4699 1764 4768 Μωσαῖκῆς
1797 4696 1877 4748 δι-

283 4794 586 4856 δασκαλίας
622 4792 700 4862 τῷ
747 4791 1020 4844 Ἰουδαίων
1059 4788 1559 4859 ὲπιγινωσκόμενος
1574 4787 1738 4856 ἔθνει)
1756 4785 1878 4840 οὐδὲ

283 4886 389 4954 τὴν
423 4884 636 4937 ἐκείνου
668 4883 895 4953 διέφυγε
927 4882 1153 4950 γνῶσιν,
1179 4881 1266 4934 διὰ
1295 4879 1452 4934 τοῦτο
1492 4881 1584 4932 τὸν
1614 4879 1876 4949 παράδει-

289 4998 388 5032 σον
423 4982 453 5032 6
498 4978 776 5046 Δεσπότης
811 4975 963 5046 αὐτῴ
1008 4976 1384 5042 κατεγγυᾶται
1407 4989 1421 5004 ο
1467 4974 1562 5025 καὶ
1583 4973 1683 5042 οὐχ
1715 4973 1879 5043 ἕτερα

288 5070 412 5124 ἀνθ’
436 5071 637 5140 ἐτέρων
669 5070 945 5138 δωρεῖται,
981 5066 1097 5120 ἀλλ’
1123 5060 1198 5119 ὦν
1233 5067 1419 5134 τυχεῖν
1451 5066 1479 5116 6
1499 5064 1882 5134 ἐξαιτούμενος

289 5162 558 5233 ἐπεθύμει
581 5179 594 5193 ⁸
625 5161 892 5232 ἐπεθύμει
916 5161 973 5213 δὲ
1005 5161 1228 5230 μνήμης
1250 5161 1435 5228 saxei:
1459 5161 1515 5212 ὲν
1545 5161 1610 5229 τῇ
1638 5158 1887 5228 βασιλείᾳ

289 5255 557 5328 Χριστοῦ,
593 5256 727 5326 ὅπερ
759 5255 909 5308 ἐστιν
934 5255 993 5306 ἐν
1021 5253 1248 5322 ἀγαθοῖς
1272 5269 1330 5305 τε
1357 5253 1450 5305 καὶ
1483 5253 1776 5323 μακαρίοις
1794 5269 1883 5320 γε·

373 5374 416 5403 ⁷⁸
453 5373 640 5428 Matth.
672 5389 799 5434 xxv,
829 5371 918 5426 54.
959 5369 1003 5401 ⁷⁸
1043 5369 1061 5424 i
1096 5369 1218 5424 Cor.
1255 5385 1313 5430 ιι.
1339 5368 1392 5423 9.
1436 5367 1478 5397 ⁷⁸⁵
1518 5363 1650 5420 Luc.
1694 5382 1848 5428 xxnt,
1874 5365 1964 5418 «5‘2.

1981 4521 2071 4576 hic
2098 4519 2265 4576 Mosis
2285 4520 2599 4590 magisterio
2616 4519 2858 4574 Judaica:
2880 4518 3027 4589 genti
3050 4518 3369 4587 exploratus
3399 4525 3569 4578 esset,

1979 4611 2101 4680 ejus
2136 4627 2203 4666 ne
2231 4611 2495 4664 latronem
2519 4610 2738 4680 quidem
2763 4609 2953 4664 notitia
2980 4609 3220 4676 latebat),
3249 4607 3454 4662 idcirco
3476 4622 3572 4675 pa-

1981 4703 2225 4757 radisum
2275 4703 2350 4756 illi
2400 4702 2665 4758 Dominus
2719 4703 2953 4770 spondet
3003 4719 3018 4755 :
3061 4715 3240 4770 neque
3291 4699 3436 4754 aliud
3474 4715 3573 4768 pro

1982 4795 2092 4849 alio
2121 4796 2367 4865 largitur,
2400 4795 2496 4850 sed
2529 4795 2581 4850 id
2617 4795 2844 4850 omnino
2880 4794 3026 4863 quod
3053 4794 3256 4864 petenti
3291 4802 3412 4847 erat
3435 4809 3571 4847 con-

1986 4890 2252 4958 cupitum.
2278 4888 2326 4943 ls
2352 4905 2479 4944 vere
2504 4887 2758 4958 cupiebat
2780 4897 2841 4942 ut
2870 4886 2955 4942 sui
2985 4888 3246 4940 memoria
3281 4887 3575 4940 haberetur

1987 4981 2043 5034 in
2073 4981 2277 5035 Christi
2308 4997 2496 5048 regno,
2531 4982 2582 5036 id
2607 4990 2692 5037 cst
2715 4989 2775 5036 ut
2801 4981 2960 5035 bonis
2996 4989 3160 5051 atque
3190 4980 3364 5034 beatis
3397 4996 3578 5035 annu—

1991 5085 2319 5130 meraretur.
2346 5073 2557 5139 Rcapse
2585 5076 2631 5130 is
2663 5074 2860 5130 deinde
2894 5074 3130 5144 paradisi
3168 5074 3405 5129 incolatu
3439 5074 3578 5142 poti-

1990 5173 2100 5229 tur,
2147 5180 2309 5234 quem
2363 5166 2578 5238 generis
2628 5165 2802 5220 nostri
2861 5174 3114 5220 auctores
3156 5176 3281 5219 antc
3313 5166 3574 5218 violatum

1994 5264 2321 5326 praeceptum
2355 5257 2531 5313 sortiti
2580 5256 2816 5313 fuerant.
2855 5256 3091 5323 Quodsi
3115 5257 3239 5326 quis
3265 5256 3576 5326 paradisum

1812 5484 2038 5541 NOTAE.

377 5585 585 5646 (ΞΠ-28)
601 5583 896 5654 Conspirat
922 5583 974 5637 in
1004 5580 1504 5654 hancksententiam
1523 5577 1885 5654 Hieronymus

295 5657 459 5725 epist.
519 5656 641 5720 159,
676 5655 709 5709 5
739 5650 767 5706 ί
813 5675 829 5706 ι
873 5655 1000 5708 Mihi
1061 5653 1112 5704 in
1152 5652 1445 5722 Evangelio
1497 5650 1887 5725 promittuntur

301 5720 470 5789 regna
507 5729 793 5787 (ar-lorum,
843 5742 961 5795 qtae
1006 5720 1430 5778 instrumentum
1476 5731 1628 5792 vetus
1663 5720 1886 5775 omnino

306 5816 416 5854 non
448 5798 713 5854 nominat.
752 5818 770 5849 ι

2065 5577 2176 5646 (29)
2201 5576 2402 5630 Confer
2434 5575 2688 5629 Photium
2718 5575 2768 5627 in
2797 5571 3099 5642 quaestione
3125 5570 3224 5623 10:2
3255 5569 3424 5637 (ιιιιιιρ
3444 5563 3579 5633 Ἰθμι

1998 5645 2196 5702 \Vollio
2221 5647 2384 5701 edita.

2070 5720 2181 5790 (50)
2216 5717 2395 5772 Malim
2425 5715 2838 5787 ταπεινώτερον.
