3916 6192
234 271 344 333 109

1221 286 1326 346 ΑΙ)
1344 287 1931 352 AMPIIILOCHIUM
1972 293 2315 365 ΟυιΕΞΤΙΟ
2342 296 2474 359 VII.

3392 290 3444 355 1'1
3455 292 3499 352 θΔ

225 385 755 458 καταμαραινόμενα
822 391 1070 463 λυπηρὰ,
1137 396 1252 451 ἀλλ’
1314 400 1416 454 ὅσα
1482 402 1548 455 δι’
1610 405 1804 468 αἰῶνος

1910 408 2035 463 \‘il:
2084 409 2245 463 sicuti
2293 410 2457 465 etiam
2514 425 2620 464 non
2676 408 3028 465 credentibus
3075 407 3487 465 demonstravit.

224 476 538 546 ἀπεράντου
588 485 1064 558 παρατεινομένην
1106 488 1290 561 ἔχουσι
1329 493 1427 564 τὴν
1460 499 1656 567 πεῖραν
1700 498 1807 551 τῶν

220 567 516 635 ἀλγεινῶν.

294 744 361 803 δ’.
399 749 461 800 Εἰ
496 748 560 819 δὴ
598 752 693 804 καὶ
738 753 1139 826 ἀγωνιστήριον
1180 755 1249 831 ἦν
1298 763 1327 814 6
1370 762 1722 833 παράδεισος,
1750 764 1808 819 ἐν

218 839 379 909 αὐτῷ
410 841 516 912 γὰρ
551 842 612 896 τὸ
639 846 942 914 γυμνάσιον
969 848 1048 919 τῷ
1076 851 1489 924 πρωτοπλάστῳ
1520 856 1809 924 προτέθει-

218 948 306 993 το,
347 932 461 996 πῶς
496 933 565 986 ἂν
590 935 675 1003 εἴη
711 936 787 1006 τῷ
826 939 975 1008 αὐτῷ
1015 942 1109 994 καὶ
1151 942 1404 1013 βραϐεῖον
1430 947 1525 999 καὶ
1556 949 1804 1015 στάδιον;

216 1023 423 1076 οὐκοῦν
444 1025 471 1076 6
492 1026 821 1095 παράδεισος
846 1031 1132 1101 προοίμιον
1157 1034 1255 1102 μέν
1275 1036 1374 1106 τῆς
1399 1037 1677 1106 βασιλείας
1700 1040 1809 1095 τῶν

214 1114 495 1183 οὐρανῶν,
525 1118 583 1169 οὐ
622 1117 868 1187 βασιλεία
900 1122 957 1175 δέ
982 1140 997 1154 ·
1030 1124 1127 1177 καὶ
1151 1126 1421 1197 μακάριον
1448 1128 1549 1198 μὲν
1580 1132 1677 1185 καὶ
1704 1149 1807 1185 πο-

213 1202 522 1275 λυέραστον
549 1209 956 1281 ἐνδιαιτηθῆναι
978 1215 1056 1285 τῷ
1077 1216 1284 1286 χωρίῳ,
1311 1219 1727 1293 μακαριώτερον
1749 1223 1807 1276 δὲ

215 1295 320 1347 καὶ
348 1298 758 1371 ἐρασμιώτερον
784 1303 845 1355 τὸ
872 1305 953 1368 εἰς
977 1308 1074 1369 τὰς
1098 1308 1358 1376 οὐρανίας
1389 1312 1601 1365 ἐκεῖθεν
1632 1331 1809 1385 παρα-

214 1388 544 1459 πεμφθῆναι
604 1396 805 1464 σκηνάς
827 1412 840 1427 ο
898 1398 994 1450 καὶ
1023 1400 1083 1453 τὸ
1116 1400 1359 1472 ἀρχηγὸν
1406 1404 1463 1456 δέ
1495 1407 1632 1473 φῶς,
1670 1407 1808 1478 ὅπερ

213 1481 588 1551 ἀναχεόμενον
645 1486 750 1555 πρδ
807 1489 907 1559 τῆς
953 1491 1045 1544 τοῦ
1086 1494 1235 1561 ἡλίου
1277 1495 1664 1567 δημιουργίας,
1708 1500 1807 1572 τὴν

213 1571 440 1641 ἡμέραν
467 1576 660 1643 ἐποίει,
695 1579 972 1649 βασιλείαν
992 1584 1238 1654 οὐρανῶν
1266 1588 1604 1659 ὑψηλοτέραν
1630 1609 1689 1645 τε
1716 1571 1808 1648 καὶ

215 1660 505 1734 θειοτέραν
543 1669 638 1721 καὶ
679 1670 754 1734 ὡς
791 1671 1008 1742 ἀληθῶς
1041 1675 1292 1745 οὐράνιον
1335 1679 1487 1750 λῆξιν
1536 1684 1683 1752 ἡμᾶς
1718 1686 1804 1738 ἐν-

215 1754 389 1815 νοεῖν,
419 1757 451 1824 ἦ
477 1757 568 1809 τὸν
593 1761 942 1830 παράδεισον,
988 1767 1283 1823 ἀπευθύνει
1305 1784 1319 1800 ⁶
1351 1767 1465 1845 ὲνῇ
1499 1776 1612 1838 τοῖς
1638 1777 1803 1843 ἀξιω-
1837 1758 1879 1811 Β

214 1844 550 1917 θησομένοις
604 1853 970 1913 ἐνδιαιτᾶσθαι
1015 1859 1116 1931 τὴν
1159 1864 1347 1931 χρείαν
1390 1844 1801 1938 ἀποπληρώσειο

216 1941 319 1992 καὶ
350 1940 433 2010 εῖη
472 1943 539 1996 ἂν
565 1946 735 2000 εἰκότι
771 1948 913 2020 λόγῳ
938 1951 1231 2022 ἀναλογίαν
1256 1955 1518 2021 διασῶζον
1545 1961 1607 2013 τὸ
1638 1962 1804 2033 οὐρά-

214 2048 337 2083 νιον
369 2033 529 2103 σῶμα
552 2038 688 2107 πρὸς
713 2040 811 2111 τὴν
837 2042 1115 2112 βασιλείαν
1141 2047 1250 2100 τῶν
1283 2050 1550 2121 οὐρανῶν,
1580 2054 1646 2124 ἢν
1683 2071 1805 2106 συν-

211 2123 478 2191 διασώζει
530 2130 668 2201 πρὸς
707 2134 877 2205 αὐτὴν
917 2137 950 2207 ἡ
995 2138 1064 2208 γῆ
1090 2157 1103 2170 σ
1135 2140 1317 2212 ἐκείνη
1344 2159 1403 2195 τε
1438 2144 1547 2216 γὰρ
1585 2123 1721 2216 πρὸς
1744 2146 1806 2200 τὸ

212 2215 499 2285 ὁρώμενον
520 2221 771 2293 οὐράνιον
791 2226 954 2290 κῦτος
970 2228 1123 2294 τάξιν
1147 2231 1375 2300 ἐδάφους
1396 2215 1666 2306 ἐπέχουσα
1687 2238 1806 2307 φαί-

215 2324 410 2362 νεται’
446 2312 607 2377 αὐτός
637 2332 697 2367 τε
734 2317 896 2372 πάλιν
933 2320 1163 2391 ἐδάφους
1196 2324 1580 2397 ἀναπληρώσει
1618 2328 1803 2400 χώραν

214 2404 334 2464 τοῖς
352 2405 409 2455 ἐν
426 2408 490 2476 τῇ
512 2406 623 2458 τῶν
643 2409 886 2479 οὐρανῶν
904 2412 1168 2486 βασιλείᾳ,
1184 2417 1283 2486 τὴν
1300 2418 1510 2473 δίαιταν
1528 2421 1802 2485 ἀξιωθεῖσι

213 2491 437 2564 λαχεῖνο
476 2497 628 2551 οὐδὲν
651 2496 743 2554 οὖν
766 2502 901 2570 ὅλως
931 2504 1078 2559 ἔστιν
1104 2511 1330 2578 ἀπορεῖν
1351 2511 1445 2564 τοῦ
1471 2512 1658 2567 λοιποῦ
1687 2516 1806 2578 πῶς

214 2587 318 2638 τοῦ
338 2590 614 2644 Δεσπὸτου
641 2593 877 2664 Χριστοῦ
903 2599 1044 2651 κατὰ
1062 2600 1161 2672 τὴν
1179 2603 1344 2656 αὐτοῦ
1371 2608 1638 2676 σωτήριον
1662 2625 1807 2677 παρ-

213 2679 415 2732 ουσίαν
442 2681 694 2753 οὐράνιον
716 2688 848 2757 ἡμῖν
871 2689 967 2742 καὶ
983 2690 1325 2757 διδάσκοντος
1349 2695 1444 2748 καὶ
1476 2697 1807 2766 ἐπαγγειλα-

220 2768 413 2861 μένου,
444 2771 747 2841 βασιλείαν,
783 2780 811 2831 6
860 2779 1115 2851 θεράπων
1160 2784 1325 2837 αὐτοῦ
1373 2787 1579 2857 Μωσῆς
1628 2789 1804 2861 ἢούδ’

216 2857 363 2922 ὅλως
391 2860 423 2931 ἢ
452 2862 528 2926 ὠς
560 2866 620 2918 ἐν
644 2866 925 2937 αἰνίγματι
958 2870 1162 2941 ταύτης
1188 2874 1433 2945 ἐμνήσθη
1456 2892 1469 2905 ⁸
1494 2877 1615 2930 οὐδέ
1643 2857 1804 2933 πότε·-

220 2966 319 3016 ρον
340 2954 532 3007 ταυτόν
554 2957 703 3011 ἐστιν
725 2959 757 3030 ἢ
782 2959 967 3031 ἕτερον
991 2964 1018 3016 6
1043 2963 1371 3035 παράδεισος
1393 2968 1536 3039 καὶὴ
1559 2968 1807 3038 βασιλεία

216 3047 333 3095 τῶν
364 3047 423 3098 οὐ
429 3048 631 3119 ρανῶν.

1911 502 2025 557 fore
2055 510 2113 557 ut
2135 502 2258 557 illos
2278 502 2420 558 haud
2439 502 2760 572 temporalis
2781 502 2865 555 vel
2894 499 3187 570 aliquando
3210 508 3485 553 cessatura

1908 606 2069 661 poena
2098 593 2352 663 excipiat,
2402 593 2497 649 sed
2538 609 2661 664 quae
2691 607 2911 647 sensum
2948 593 3131 663 potius
3172 590 3381 645 doloris
3430 590 3501 642 in.

1909 685 2180 740 inﬁnitum
2217 702 2393 741 aevum
2433 686 2717 742 extendat.

1979 779 2033 833 4.
2070 778 2224 846 Quod
2249 780 2294 833 si
2331 788 2591 849 praeterea
2623 778 2912 848 paradisus
2946 776 3307 831 certaminum
3346 789 3486 845 pra!-

1910 870 2079 925 mium
2109 880 2227 936 est;
2255 871 2366 925 illic
2395 871 2541 924 enim
2569 871 2747 941 primo
2778 868 2986 923 homini
3011 867 3346 939 pr0positum
3376 866 3488 920 vir-

1912 963 2039 1017 tutis
2065 962 2383 1018 exercitium
2407 961 2544 1028 fuit;
2568 962 2661 1032 qui
2687 962 2801 1016 ﬁeri
2823 968 3001 1031 potest
3020 969 3080 1014 ιιι
3110 959 3253 1013 idem
3279 957 3495 1013 homini

1909 1055 2060 1110 locus
2084 1055 2262 1125 palma
2285 1063 2431 1110 esset
2461 1061 2516 1109 et
2546 1054 2822 1108 stadium?
2857 1052 3117 1123 Sequitur
3138 1066 3267 1121 ergo
3302 1060 3361 1104 ιιι
3387 1066 3486 1119 pa-

1908 1148 2124 1202 radisus
2174 1147 2498 1217 prmludium
2529 1146 2747 1217 quidem
2780 1144 2933 1216 regni
2984 1144 3248 1200 coelorum
3304 1142 3487 1200 fuerit.

1907 1253 2016 1292 non
2050 1246 2230 1293 tamen
2263 1238 2442 1308 ipsum
2479 1253 2726 1306 regnum.
2760 1236 2826 1291 Et
2861 1237 2915 1290 in
2940 1250 3006 1290 eo
3032 1234 3253 1305 quidem
3281 1232 3490 1288 versari

1908 1328 2031 1383 loco
2060 1329 2277 1384 beatum
2314 1345 2379 1385 ac
2418 1328 2781 1384 desiderabile
2807 1336 2924 1392 est;
2953 1328 3127 1381 multo
3152 1332 3335 1380 tamen
3362 1324 3492 1378 bea-

1907 1422 2015 1476 tius
2055 1431 2220 1491 atque
2268 1421 2566 1491 optabilius
2616 1428 2700 1474 est
2750 1420 2815 1472 ad
2845 1419 3101 1473 caelestes
3151 1416 3307 1471 sedes
3340 1413 3491 1477 illim:

1906 1511 2101 1566 emitti.
2133 1511 2198 1566 Et
2226 1511 2449 1583 quidem
2476 1512 2567 1564 lux
2591 1511 2679 1565 illa
2711 1509 3056 1580 primigenia,
3085 1507 3244 1577 cujus
3272 1504 3488 1571 effusio,

1906 1611 2033 1657 ante
2058 1602 2230 1657 solem
2260 1602 2565 1665 conditum,
2607 1601 2749 1655 diem
2786 1599 3067 1661 emciebat,
3101 1597 3350 1667 exemplo
3395 1611 3493 1650 no-

1908 1692 1992 1747 bis
2022 1702 2123 1759 est,
2160 1704 2220 1748 ut
2260 1693 2631 1763 intelligamus
2656 1706 2886 1761 regnum
2925 1691 3190 1747 ctelorum
3218 1704 3343 1743 vere
3373 1702 3493 1743 esse

1908 1784 2127 1839 caeleste
2175 1785 2565 1851 habitaculum,
2602 1785 2884 1854 multoque
2922 1782 3192 1838 excelsius
3221 1780 3492 1836 divinius-

1907 1891 2035 1946 que,
2065 1892 2229 1947 quam
2264 1878 2575 1947 paradisus,
2611 1877 2667 1930 in
2699 1892 2811 1947 quo
2837 1876 3053 1947 quidem
3089 1873 3298 1931 cmlesti
3338 1873 3492 1927 habi-

1909 1971 2109 2034 taculo,
2137 1970 2193 2024 hi
2230 1970 2326 2040 qui
2362 1985 2427 2025 eo
2459 1970 2609 2040 digni
2646 1968 2868 2031 fuerint,
2916 1968 3028 2023 voti
3060 1967 3238 2022 omnis
3270 1982 3491 2035 compo-

1910 2073 1991 2119 tes
2041 2064 2189 2118 ﬁent.
2244 2063 2478 2118 Prorsus
2534 2062 2749 2117 videtur
2800 2062 2953 2131 iusta
3008 2062 3219 2116 ratione
3271 2060 3494 2115 caeleste

1908 2155 2311 2210 ﬁrmamentum
2361 2171 2482 2210 eam
2530 2155 2837 2225 analogiam
2885 2170 3014 2225 erga
3054 2170 3283 2226 regnum
3324 2151 3494 2209 emlo-

1908 2264 2029 2303 rum
2064 2249 2230 2313 tueri,
2258 2263 2421 2319 quam
2457 2262 2586 2319 erga
2611 2248 2793 2318 ipsum
2831 2248 3237 2301 firmamentum
3272 2244 3434 2299 tellus
3476 2260 3489 2295 :

1908 2340 2023 2395 h:rc
2049 2340 2193 2395 enim
2224 2340 2454 2403 cmlesti,
2489 2355 2651 2410 quem
2699 2338 3058 2408 suSpicimus.
3087 2336 3287 2392 fornici
3312 2337 3488 2391 vicem

1905 2432 2198 2501 pavimenti
2216 2440 2473 2503 praestare
2496 2432 2728 2487 videtur.
2758 2432 2970 2487 Rursus
2990 2430 3105 2501 ipse
3117 2428 3355 2485 cwlestis
3377 2428 3493 2483 for-

1906 2523 1999 2576 nix
2034 2525 2325 2592 pavimenti
2348 2524 2521 2580 instar
2542 2525 2645 2579 erit
2664 2524 2729 2578 iis
2752 2523 2844 2592 qui
2867 2504 3132 2577 cmlorum
3157 2537 3381 2590 regnum
3411 2520 3493 2573 in-

1906 2613 2119 2667 colendi
2139 2615 2286 2686 digni
2304 2623 2485 2669 erunt.
2516 2612 2662 2684 Ergo
2684 2614 2943 2682 deinceps
2970 2628 3077 2666 non
3094 2613 3196 2666 erit
3214 2611 3492 2679 ambigen-

1906 2703 2059 2769 dum,
2086 2720 2185 2760 cur
2212 2722 2336 2760 nam
2359 2705 2630 2771 Christus,
2657 2722 2767 2773 quo
2797 2716 3040 2775 tempore
3071 2706 3211 2759 inter
3245 2703 3493 2757 homines

1907 2797 2219 2851 salutariter
2248 2808 2500 2853 versatus
2555 2808 2657 2864 est,
2706 2798 2930 2852 caeleste
2974 2798 3133 2851 nobis
3184 2796 3496 2865 promiserit

1908 2885 2350 2956 nuntiaveritque
2385 2903 2649 2957 regnum;
2699 2888 2822 2957 ejus
2868 2902 2997 2941 vero
3040 2885 3279 2940 famulus
3312 2885 3493 2939 Moses

1907 2976 1995 3029 vel
2029 2978 2179 3031 nullo
2218 2979 2404 3044 modo,
2437 2979 2519 3033 vel
2554 2989 2701 3034 certe
2733 2995 2840 3033 non
2862 2980 2982 3034 sine
3011 2978 3302 3048 ienigmate
3341 2979 3493 3045 regni

1908 3069 2154 3140 ejusdem
2182 3072 2517 3125 mentionem
2555 3071 2764 3126 fecerit.
2816 3070 3004 3142 Neque
3029 3073 3262 3141 denique
3281 3078 3366 3126 est
3396 3070 3497 3124 du-

217 3139 511 3196 bitandum
540 3153 725 3201 utrum
769 3146 910 3202 idem
942 3151 1012 3203 sit
1041 3164 1110 3204 an
1142 3152 1270 3221 quid
1300 3153 1605 3219 diversum,
1641 3158 1930 3226 paradisus
1966 3171 2023 3220 et
2057 3179 2285 3236 regnum
2320 3165 2608 3220 caelorum.

787 3245 1124 3301 ΕΡΩΤΗΣΙΣ
1154 3251 1231 3306 Z'.

217 3338 293 3390 Ei
320 3336 400 3412 tit
423 3335 711 3412 16.271363“
742 3337 974 3412 αἰώνων
1000 3342 1089 3407 εἰς
1121 3340 1281 3411 ἡμᾶς
1309 3342 1715 3412 κατήντησεν,
1740 3348 1810 3401 ἐν

295 3409 490 3487 ςτοίρις
520 3408 735 3487 αἰῶσιν
766 3413 798 3463 ό
834 3409 938 3464 τοῦ
974 3408 1233 3479 Χριστοῦ
1260 3408 1527 3482 πλοῦτος
1541 3408 1630 3482 εἰς
1650 3417 1809 3487 ἡμᾶς

292 3477 775 3547 ἐπιδειχθήσεται
801 3495 820 3543 ;

2453 3258 2781 3327 ρυΑεδΤιο
2824 3259 2930 3315 VII.

1916 3353 1978 3411 Si
2005 3354 2129 3425 ﬁnis
2160 3352 2476 3425 simularunt
2500 3353 2650 3407 nobis
2681 3354 2912 3415 advenit,
2937 3354 3253 3425 quibusnam
3290 3352 3493 3407 saxum

2170 3425 2371 3480 Christi
2400 3423 2602 3479 divitia:
2632 3426 2685 3478 in
2720 3440 2814 3478 nos
2845 3424 3224 3478 ostendentur?

476 3618 615 3669 Edita
636 3634 663 3669 a
693 3620 835 3681 Maio,
860 3632 972 3671 nov.
1008 3619 1152 3683 Coll.,
1172 3626 1210 3672 t.
1238 3622 1319 3684 IX,
1344 3638 1393 3686 p.
1415 3623 1521 3674 5-6.
1553 3624 1804 3678 Conciliari

1920 3625 2061 3677 Pauli
2097 3625 2287 3677 verba]
2318 3627 2429 3680 Cor.
2452 3640 2503 3688 ι,
2536 3626 2747 3689 11,οιιαι
2777 3620 2946 3674 verbis
2975 3623 3103 3686 Eph.
3124 3635 3175 3681 ιι,
3196 3623 3244 3671 7.

292 3708 410 3761 Οὐκ
450 3708 655 3779 ἄπορον
701 3710 758 3762 δὲ
789 3711 898 3764 οὐδ’
929 3712 978 3763 εἰ
1020 3713 1090 3764 τὰ
1129 3711 1254 3783 τέλη
1294 3714 1402 3766 τῶν
1456 3714 1670 3768 αἰώνων
1727 3716 1811 3780 εἰς

1983 3714 2099 3771 Non
2125 3716 2395 3772 incertum
2414 3724 2498 3771 est
2518 3730 2759 3787 quoque,
2783 3714 2827 3769 si
2848 3713 2971 3767 linis
2990 3710 3313 3766 saeculorum
3338 3709 3509 3765 nobis.

216 3802 370 3870 ἡμᾶς
416 3802 778 3872 κατήντησεν,
812 3805 869 3856 ἐν
914 3807 1026 3868 τοῖς
1071 3806 1463 3876 ἐπερχομένοις
1508 3807 1669 3861 αἰῶσι
1717 3808 1804 3862 τὸν

1910 3810 2147 3874 advenit,
2163 3809 2379 3865 divitias
2393 3824 2524 3865 suas
2541 3809 2595 3862 in
2621 3824 2717 3862 nos
2732 3796 3036 3862 ostendisse
3053 3819 3397 3860 communem
3409 3819 3496 3873 ge-

214 3894 456 3948 πλοῦτον
485 3894 649 3949 αὐτοῦ
679 3896 1048 3961 ἐπιδείξασθαι
1078 3900 1157 3961 εἰς
1184 3900 1330 3968 ἡμᾶς
1372 3901 1461 3953 τὸν
1490 3900 1669 3954 κοινὸν
1708 3901 1803 3954 τοῦ

215 3986 416 4050 ξένους
445 3986 665 4056 σωτῆρα
693 3988 786 4039 καὶ
807 3987 1115 4058 λυτρωτήν.
1135 3987 1259 4041 Ἐπὶ
1291 3988 1389 4059 μὲν
1418 3990 1527 4061 γὰρ
1552 3990 1631 4062 τῷ
1660 3991 1805 4045 τέλει

213 4080 331 4131 τῶν
371 4078 583 4132 αἰώνων
612 4080 775 4149 ἡμεῖς
805 4081 995 4149 ἐσμεν,
1023 4082 1139 4134 ὅσοι
1176 4081 1270 4135 τὸν
1312 4084 1559 4154 παρόντα
1602 4086 1807 4155 κόσμον

212 4172 321 4241 ἤδη
342 4172 742 4242 μαραινόμενόν
764 4190 822 4225 τε
837 4176 932 4227 καὶ⁸
952 4175 1326 4246 καταρρέοντα
1352 4176 1487 4246 πρὸς
1506 4176 1657 4239 τέλος
1678 4178 1807 4230 ἐτα-

212 4264 435 4335 χθημεν
457 4269 858 4337 παραμετρεῖν,
891 4268 1299 4337 ἐπερχομένους
1341 4268 1396 4322 δέ
1421 4268 1627 4332 αἰῶνας
1660 4269 1804 4322 ὲκεί-

211 4376 346 4422 νους
395 4360 476 4412 δεῖ
530 4362 690 4425 νοεῖν,
747 4361 862 4413 ὅσοι
923 4364 989 4433 τῇ
1036 4361 1145 4415 τῶν
1185 4361 1487 4431 μελλόντων
1537 4362 1802 4432 ἀδιαδόχιρ

1908 3901 2057 3956 neris
2075 3901 2243 3956 nostri
2263 3900 2600 3955 Salvatorem
2614 3910 2667 3955 et
2684 3898 3124 3968 Redemptorem.
3145 3896 3204 3951 lo
3225 3896 3330 3949 line
3345 3895 3488 3949 enim

1906 3994 2230 4051 saeculorum
2244 3993 2867 4063 sunmsnosquicunque
2881 3990 2932 4045 in
2947 3990 3091 4044 hunc
3106 3986 3494 4057 mundumjam

1902 4082 2193 4141 ﬂaccidum
2204 4093 2257 4139 et
2270 4084 2337 4139 ad
2354 4083 2516 4138 linem
2540 4099 2701 4139 suum
2713 4089 3023 4152 vergentem
3044 4080 3196 4136 missi
3209 4095 3399 4136 sumus
3412 4079 3493 4134 in-

1902 4176 2215 4245 colendum;
2233 4176 2674 4247 supervenientia
2687 4185 2867 4230 autem
2882 4174 3077 4230 saecula
3097 4173 3327 4229 illaesse
3345 4174 3493 4243 cogi-

1903 4270 2128 4324 tandum
2141 4276 2224 4324 est
2236 4284 2358 4339 quae
2373 4276 2698 4323 internarum
2716 4268 2770 4320 in
2783 4264 2967 4320 futura
2981 4265 3297 4319 deliciarum
3317 4264 3485 4335 parti-

1900 4362 2135 4430 cipantia
2151 4371 2462 4430 protensam
2475 4360 2587 4415 obti
2598 4369 2929 4415 oenteorum
2941 4366 3215 4412 naturam.
3233 4357 3339 4413 Sed
3355 4358 3487 4412 milii

211 4451 643 4520 παραπολαύσει
669 4454 1257 4523 συμπαρατεινομένην
1295 4453 1479 4524 ἔχουσι
1521 4454 1684 4523 φύσιν
1705 4454 1804 4524 τὴν

1909 4463 1963 4507 ct
1984 4454 2065 4508 sic
2089 4453 2378 4508 considera
2401 4470 2414 4507 :
2435 4451 2651 4507 saeculis
2674 4450 2781 4505 illis
2795 4465 3029 4521 quorum
3045 4449 3172 4504 ﬁnis
3192 4450 3246 4509 in
3270 4465 3368 4505 nos
3392 4450 3491 4505 ad-

210 4544 452 4597 ὲαυτῶν.
488 4544 629 4613 Ὅρα
659 4544 715 4597 δέ
755 4562 844 4614 μοι
867 4545 962 4597 καὶ
988 4544 1162 4608 οὕτως
1184 4561 1199 4578 ο
1226 4545 1285 4598 ἐν
1320 4545 1419 4615 μὲν
1447 4548 1559 4610 τοῖς
1584 4546 1800 4611 αἰῶσιν,

211 4627 294 4685 ὧν
321 4635 400 4697 εἰς
434 4635 582 4704 ἡμᾶς
602 4635 670 4688 τὰ
705 4634 839 4704 τέλη
876 4637 1207 4705 κατήντησε,
1246 4636 1308 4689 τὸ
1334 4637 1439 4707 πρὸ
1462 4637 1569 4689 τῶν
1590 4637 1803 4690 αἰώνων

208 4725 438 4797 ὁρισθὲν
476 4728 775 4797 μυστήριον
804 4729 896 4781 ἐπὶ
927 4729 1081 4798 κοινῇ
1117 4727 1210 4781 τοῦ
1237 4728 1578 4799 ἀνθρωπίνου
1611 4729 1805 4798 γένους

212 4819 470 4890 σωτηρίᾳ
498 4820 669 4889 πέρας
697 4818 860 4873 ἔλαϐέ
892 4838 950 4873 τε
973 4821 1069 4873 καὶ
1098 4820 1351 4891 ἐτελέσθη
1375 4838 1389 4851 ·
1425 4822 1561 4892 ὅπερ
1588 4823 1735 4877 ἐστὶν
1763 4824 1795 4894 ἡ

209 4910 313 4964 τοῦ
352 4911 492 4964 Θεοῦ
543 4913 680 4983 πρὸς
726 4913 1049 4984 ἀνθρώπους
1080 4914 1274 4976 ἓνωσίς
1294 4932 1354 4967 τε
1381 4916 1473 4968 καὶ
1502 4916 1767 4986 ἐπιδημία
1786 4933 1799 4947 ’

209 5007 272 5058 ἐν
307 5004 364 5058 δέ
392 5008 504 5069 τοῖς
553 5006 942 5077 ἐπερχομένοις
984 5006 1358 5078 ἐπιτελεσθείη
1409 5006 1475 5061 ἂν
1516 5008 1682 5079 ἡτῶν
1705 5010 1801 5062 ἀν-

212 5096 458 5169 θρώπων
507 5098 641 5169 πρὸς
679 5100 812 5152 Θεὸν
857 5099 1041 5163 ἄνοδός
1082 5117 1142 5152 τε
1176 5101 1270 5153 καὶ
1330 5090 1638 5172 ὑψηλοτέρα
1674 5119 1802 5157 συν-

213 5193 387 5259 άφεια
408 5193 535 5247 ’καὶ
557 5193 617 5247 τὸ
643 5195 786 5248 κατὰ
815 5194 978 5266 χάριν
1006 5196 1157 5265 ἡμᾶς
1187 5194 1437 5262 γενέσθαι
1475 5195 1652 5262 θεοὺς,
1699 5213 1804 5267 μη-

212 5287 339 5339 κέτι
364 5286 499 5356 πρὸς
524 5286 593 5338 τὰ
630 5286 801 5357 χείρω
822 5287 918 5357 τὴν
964 5287 1271 5360 μεταϐολὴν
1299 5287 1643 5359 δεχομένους.
1681 5290 1803 5343 Ἔτι

211 5377 271 5431 δὲ
303 5377 361 5431 ἐν
388 5377 488 5448 μὲν
518 5380 632 5442 τοῖς
660 5378 873 5445 αἰῶσιν,
898 5373 973 5433 ὧν
1002 5382 1082 5444 εἰς
1106 5383 1173 5433 τὰ
1196 5380 1324 5450 τέλη
1350 5381 1800 5450 κατηντήσαμεν,

212 5470 316 5539 τὴν
342 5469 605 5541 ἐργασίαν
653 5470 761 5523 τῶν
802 5471 1029 5525 ἐντολῶν
1075 5471 1499 5542 ἁπαιτούμεθα·
1529 5474 1623 5526 καὶ
1666 5473 1803 5544 πρὸς

214 5560 279 5613 τὸ
311 5560 615 5630 γυμνάσιον
648 5561 995 5633 ἀποδυόμεθα
1020 5576 1035 5591 ⁸
1072 5563 1128 5615 ἐν
1162 5562 1220 5620 δὲ
1263 5567 1375 5627 τοῖς
1413 5563 1803 5634 ἐπερχομένοις

212 5654 287 5706 τά
310 5671 369 5707 τε
396 5654 504 5707 τῶν
534 5652 826 5723 πρακτέων
886 5655 1143 5726 ἐπίχειρα
1194 5654 1535 5726 κομιζόμεθα
1572 5657 1666 5708 καὶ
1695 5654 1802 5711 τῶν

221 5747 492 5820 βραϐείων
535 5745 854 5817 ὰξιούμεθα,
908 5748 997 5803 ὅτε
1041 5748 1107 5819 δὴ
1145 5749 1233 5807 ὅτε
1268 5750 1359 5806 καὶ
1392 5751 1419 5804 ό
1448 5748 1676 5813 πλοῦτος
1702 5748 1799 5820 τῆξ

1907 4544 2075 4606 venit,
2094 4543 2377 4598 deﬁnitum
2397 4552 2523 4597 ante
2538 4542 2736 4598 saecula
2757 4540 3081 4614 mysterium
3096 4557 3194 4610 pro
3211 4542 3489 4596 communi

1909 4636 2194 4689 hominum
2216 4634 2435 4706 generis
2466 4634 3291 4704 salute-terminnmaccepitet
3310 4632 3491 4703 perfe-

1906 4736 2052 4784 ctum
2064 4736 2169 4794 est;
2184 4727 2277 4798 qui
2292 4727 2560 4783 terminus
2593 4735 2677 4782 est
2691 4725 2782 4781 Dei
2799 4728 2942 4797 apud
2954 4726 3202 4781 homines
3218 4726 3428 4780 mansio
3440 4734 3495 4779 et

1905 4818 2214 4886 incolatus;
2246 4819 2754 4888 supervenientibus
2777 4827 2961 4872 autem
2982 4815 3511 4887 sareulisperl'ectus.

1906 4914 2010 4968 erit
2033 4913 2319 4968 hominum
2339 4913 2404 4967 ad
2424 4913 2593 4967 Deum
2611 4910 2890 4967 redituset
2917 4912 3081 4967 altior
3114 4928 3240 4967 cum
3259 4912 3351 4967 illo
3365 4927 3494 4967 con-

1900 5005 2135 5074 junctio.
2162 5005 2316 5061 Tunc
2336 5005 2499 5060 etiam
2521 5004 2823 5060 secundum
2840 5005 3070 5075 gratiam
3112 5003 3243 5059 facti
3285 5006 3493 5061 erimus

1905 5099 1980 5154 dii
1994 5112 2168 5169 neque
2179 5097 2246 5152 ad
2261 5096 2861 5167 pejoraconversionem
2878 5097 3177 5168 capientes.
3196 5097 3495 5153 Adliucau-

1904 5200 2014 5247 tem
2028 5192 2111 5246 his
2124 5193 2336 5248 sazculis
2347 5207 2579 5263 quorum
2591 5192 2965 5258 ﬁnisadvenit,
2983 5195 3494 5265 ambis-praecepto-

1904 5299 2026 5339 rum
2042 5283 2353 5353 adimpletio
2369 5285 2570 5355 exigitu
2582 5301 2624 5351 r,
2645 5294 2700 5340 et
2712 5286 2778 5340 ad
2798 5286 2998 5344 luctam
3016 5288 3378 5358 accingimur;
3396 5302 3491 5342 su-

1906 5377 2347 5447 pervenientibus
2361 5388 2541 5432 autem
2554 5394 2741 5433 eorum
2759 5394 2879 5449 qua!
2901 5380 3107 5449 agenda
3125 5390 3253 5433 sunt
3270 5379 3490 5448 praemia

1907 5468 2222 5538 accipimus,
2241 5470 3256 5541 etvictoria:laureadignijudicamur,
3271 5471 3491 5541 quando

1906 5570 1960 5615 et
1993 5561 2197 5615 divitiae
2225 5562 2511 5619 dominicae
2534 5561 2792 5617 bonitatis
2822 5570 2879 5617 et
2908 5561 3491 5633 Iargitionisinetlabili

1906 5654 2077 5709 verbo
2087 5663 2144 5709 et
2158 5654 2698 5724 incompreliensibili
2715 5655 2925 5711 ratione
2939 5654 3320 5725 copiosissime
3332 5652 3491 5707 nobis

1906 5744 2490 5803 subministrabuntur.
2517 5745 2574 5802 Si
2594 5748 2695 5813 vis,
2712 5747 3069 5818 prwsentibus
3086 5745 3305 5818 quidem
3322 5760 3491 5804 saecu-
