3916 6192
381 249 473 316 Ill

1537 255 1802 319 ΡΗΟΤΙΙ
1833 256 2246 318 PATRIARCI
2257 257 2348 316 [1E
2374 259 2488 317 CP.

3561 255 3674 322 112

378 368 447 423 lis
502 365 841 438 corruptibili
883 383 1112 441 corpore
1151 369 1316 425 vitam
1351 383 1590 426 nostram
1641 370 1974 442 perticimus,

2089 370 2414 440 Δεσποτικῆς
2437 368 2807 440 χρηστότητος
2837 371 2931 424 καὶ
2974 368 3291 440 φιλοτιμίας
3320 369 3547 442 ἀρρήτῳ
3572 370 3670 424 λό-

379 462 892 530 supervenientibus
921 473 1100 517 autem
1115 463 1519 530 corruptionem
1554 463 1969 532 incorruptione

379 564 677 621 mutantes,
693 555 1057 609 sicintinitum
1073 571 1248 610 zevum
1269 570 1675 626 percurremus.
1697 555 1761 609 Et
1779 570 1967 610 rursus

381 649 968 718 swculisprzesentibus
983 649 1335 720 insurgensin
1358 664 1459 706 nos
1477 657 1530 703 et
1547 665 1649 705 nos
1667 650 1968 720 impediens

384 751 662 808 peceatum
681 744 955 809 subimus;
971 743 1482 812 supervenientibus
1495 753 1698 806 autem,
1721 758 1895 811 neque
1913 743 1964 796 in

383 849 482 888 nos
508 849 768 904 pugnam,
795 845 886 896 aut
907 849 1074 907 agens
1097 843 1402 904 peccatum,
1433 836 1527 889 sed
1555 850 1732 904 neque
1753 834 1968 890 occulte

381 927 432 979 iu
461 927 618 982 nobis
636 937 787 982 stans
809 938 900 982 aut
931 935 1076 982 stare
1106 926 1291 980 valens
1322 925 1679 994 reperiemus.
1712 924 1884 986 Multa
1914 936 1971 981 et

377 1021 483 1074 alia
508 1031 762 1076 sexcenta
783 1021 868 1078 bis
885 1021 1009 1074 addi
1038 1029 1262 1090 possent
1278 1018 1480 1090 quibus
1501 1017 1803 1074 differentia
1827 1019 1972 1075 inter

378 1115 580 1169 directa
609 1114 676 1168 ad
714 1115 875 1170 ﬁnem
911 1115 1108 1170 sazcula
1136 1121 1189 1168 el
1212 1128 1273 1167 ea
1299 1127 1422 1182 qua
1447 1111 1500 1168 iu
1539 1111 1810 1166 inﬁnitum
1850 1127 1971 1167 ma.

381 1217 515 1271 nent
561 1206 722 1262 facile
753 1207 1107 1263 discernitur.
1140 1206 1316 1274 Atque
1352 1203 1426 1258 ita
1469 1204 1762 1273 przeposita
1808 1206 1971 1260 verba

381 1316 490 1354 non
516 1298 745 1354 invicem
781 1308 1151 1369 opponuntur,
1179 1311 1355 1366 neque
1383 1295 1524 1348 inter
1554 1307 1614 1346 sc
1643 1305 1907 1364 pugnant.

2076 479 2158 533 γῳ
2183 464 2276 516 καὶ
2313 462 2720 534 ἀκαταλήπτοις
2739 464 3024 534 λογισμοῖς
3054 465 3186 534 ἡμῖν
3205 464 3671 534 ἐπιδαψιλεύοιτο.

2076 555 2138 607 Ei
2173 553 2350 625 βούλει
2378 555 2515 608 δὲέν
2549 555 2648 625 μὲν
2683 558 2798 619 τοῖς
2830 557 3265 626 περατουμένοις
3291 557 3455 610 αίῶσι
3487 557 3673 628 φθαρ-

2074 646 2152 716 τῷ
2177 647 2390 717 σώματι
2419 647 2509 700 τὸν
2535 647 3142 719 βίονὴμῶνδιανύομεν,
3175 651 3233 702 ὲν
3254 650 3310 702 δὲ
3349 653 3463 712 τοῖς
3493 653 3670 719 ἐπερ-

2070 739 2325 810 χομένοις
2340 741 2439 811 τῆς
2456 740 2662 811 φθορᾶς
2682 742 2781 812 τὴν
2796 741 3105 810 ἀφθαρσίαν
3126 742 3322 812 ἀμειόό
3330 759 3502 810 μενοι,
3522 743 3672 795 οὕτω

2072 831 2164 884 τὸν
2184 831 2540 904 ἀτελεύτητον
2556 833 2907 904 διατελοῦμεν
2926 834 3116 888 αἰῶνα.
3138 837 3247 888 Καὶ
3286 835 3449 888 πάλιν
3467 838 3524 888 ὲν
3567 837 3672 905 μὲν

2065 927 2178 987 τοῖς
2199 924 2434 994 παροίσι
2467 927 2567 995 τὴν
2603 927 3136 997 κατεξανισταμένης]
3166 926 3324 996 ἡμῶν
3353 927 3452 998 τὴν
3481 929 3672 995 ἁμαρ-

2063 1019 2188 1073 τίαν
2229 1022 2324 1073 καὶ
2358 1019 3087 1090 διενοχλοῦσανύφιστάμεθα
3107 1039 3121 1054 ο
3161 1025 3219 1075 ἐν
3234 1021 3290 1074 δὲ
3311 1024 3420 1083 τοῖς
3438 1023 3532 1074 ἐπε
3545 1039 3672 1092 plo-

2070 1115 2252 1186 μένοις
2286 1115 2469 1171 οὐκέτι
2494 1117 3054 1190 καταστρατηγοῦσαν
3087 1117 3210 1170 οὐδὲ
3241 1117 3670 1188 ἐνεργουμένην,

2069 1207 2206 1261 ἀλλὰ
2221 1208 2357 1279 μηδὲ
2380 1209 2697 1278 ὑφεστῶσαν
2709 1211 2844 1274 ὅλως
2855 1211 3182 1282 εὑρήσομεν,
3205 1211 3340 1281 μηδὲ
3355 1209 3675 1281 δυναμένην

2071 1299 2426 1368 ὑφίστασθαι.
2447 1302 2625 1355 Πολλὰ
2639 1303 2684 1356 δ’
2701 1302 2766 1356 ἄν
2781 1320 2867 1367 τις
2881 1303 2974 1356 καὶ
2987 1303 3122 1358 ἄλλα
3143 1304 3311 1374 μυρία
3327 1304 3536 1366 τούτοις
3549 1304 3675 1357 ἐπι-

381 1395 524 1467 θείη,
542 1396 611 1450 δι’
633 1389 708 1450 ὧν
730 1396 764 1465 ἡ
797 1393 1031 1466 διαφορὰ
1057 1394 1168 1448 τῶν
1194 1411 1256 1447 τε
1279 1394 1414 1465 πρὸς
1444 1394 1598 1455 τέλος
1627 1391 2004 1462 ἐπειγομένων
2037 1396 2250 1451 αἰώνων
2285 1398 2507 1452 καὶτῶν
2526 1402 2606 1462 εἰς
2625 1400 2932 1468 ἀπέραντον
2945 1399 3310 1472 διαμενόντων
3336 1401 3534 1472 ῥᾳδίως
3572 1418 3676 1454 κα-

377 1487 784 1560 ταλαμϐάνεται
810 1505 824 1519 ο
857 1488 951 1540 καὶ
980 1486 1055 1552 ὡς
1083 1487 1152 1542 τὰ
1180 1485 1516 1557 προκείμενα
1549 1484 1688 1558 ῥητὰ
1718 1484 1839 1538 οὐδὲ
1865 1485 2118 1554 ἀλλήλοις
2135 1492 2547 1563 ἁντινομοθετεί
2569 1493 2690 1546 οὐδὲ
2722 1493 3070 1564 διαμάχεται.

928 1577 1263 1645 QUASSTIO
1296 1579 1433 1634 VIII.

378 1672 652 1737 Quomodo
689 1673 890 1724 dicitur
919 1671 1059 1736 [ilius
1085 1670 1182 1723 Dei
1213 1681 1488 1738 peccatum
1522 1687 1627 1724 non
1649 1671 1843 1739 facere,
1877 1671 1970 1740 qui

443 1745 600 1814 juxta
631 1744 870 1795 eamdem
905 1743 1240 1814 Scripturam
1275 1757 1340 1793 ea:
1368 1759 1507 1810 aqua
1532 1752 1580 1794 et
1613 1740 1818 1814 Spiritu
1871 1759 1969 1794 na-

448 1813 698 1876 SCttiztur;
733 1823 779 1866 et
809 1824 984 1864 tamen
1020 1813 1209 1866 multos
1252 1815 1484 1864 videmus
1513 1829 1606 1880 per
1637 1813 1965 1880 baptismum

448 1885 590 1956 filius
630 1885 722 1938 Dei
749 1885 961 1952 c/fectus
1000 1893 1272 1951 peccatum
1310 1884 1602 1951 facientes;

2639 1585 2982 1639 ΕΡΩΤΗΣΙΣ
3007 1583 3090 1636 η’.

2078 1676 2210 1741 Πῶς
2244 1677 2314 1730 τὰ
2352 1676 2537 1748 τέκνα
2582 1678 2689 1732 τοῦ
2742 1679 2892 1733 Θεοῦ
2935 1678 3172 1745 λέγεται
3223 1680 3524 1747 ἁμαρτιάν
3588 1681 3672 1748 μὴ

2140 1749 2356 1808 ποιεῖν.
2395 1747 2549 1803 εἶναι
2580 1749 2649 1802 δὲ
2671 1750 2858 1803 ταῦτα
2897 1751 2934 1817 ἡ
2961 1752 3116 1815 αὐτὴ
3157 1750 3322 1817 λέγει
3355 1751 3571 1819 Γραφῇ
3599 1747 3674 1804 τὰ

2150 1820 2222 1870 δι’
2251 1819 2470 1884 ὕδατος
2499 1820 2595 1872 καὶ
2628 1821 2978 1886 Πνεὺματος
3010 1820 3398 1889 γεννηθέντα,
3432 1824 3530 1882 καὶ
3559 1821 3677 1878 πάι

2141 1892 2245 1941 λιν
2285 1889 2558 1956 πολλοὺς
2608 1889 2838 1958 ὁρῶμεν
2878 1892 3017 1955 τοὺς
3089 1889 3186 1944 διὰ
3248 1893 3676 1959 ,βαπτίσματος

2133 1960 2589 2028 υίοποιηθέντίις
2614 1963 2731 2029 τὴν
2765 1962 3058 2030 ἁμαρτίαν
3081 1961 3624 2030 διαπραττομένους
3655 1982 3672 2024 ;

413 2051 550 2114 lidita
580 2065 608 2099 a
641 2051 786 2109 Maio,
816 2052 846 2100 1.
873 2064 916 2100 c.
946 2064 992 2112 p.
1025 2050 1127 2099 6-8.
1159 2049 1234 2098 De
1267 2048 1435 2099 verbis
1464 2049 1478 2098 l
1505 2050 1645 2099 Joan.
1671 2065 1741 2109 ιιι,
1772 2049 1840 2116 9;
1873 2052 2190 2116 etuquomodo
2231 2053 2312 2100 his
2334 2066 2432 2116 non
2471 2051 2656 2113 obStet,
2677 2055 2808 2116 quod
2831 2050 3120 2114 baptizatos,
3145 2052 3231 2115 qui
3268 2066 3386 2102 vere
3429 2052 3519 2102 ﬁlii
3542 2053 3639 2104 Dei

1362 2121 1479 2159 sunt
1503 2117 1666 2175 (Joan.
1690 2129 1762 2175 ιιι,
1796 2115 1846 2173 5)
1877 2114 2036 2162 adhuc
2068 2119 2331 2164 oeccantes
2353 2114 2629 2164 videamus.

450 2221 507 2276 Si
538 2222 852 2293 quicunque
883 2237 945 2274 ex
978 2235 1115 2288 aqua
1151 2228 1203 2274 et
1230 2219 1437 2286 Spiritu
1471 2230 1663 2276 sancto
1700 2237 1973 2292 generan-

381 2325 490 2380 tur,
523 2315 562 2370 ii
596 2323 728 2371 sunt
780 2315 875 2368 lilii
912 2315 1039 2380 Dei;
1070 2314 1166 2367 lilii
1197 2323 1378 2368 autem
1397 2313 1515 2378 Dei,
1543 2323 1602 2367 ut
1625 2313 1786 2369 divus
1807 2313 1975 2368 Joan-

379 2425 482 2473 nes
506 2409 731 2472 clamat,
759 2421 1046 2480 peccatum
1081 2423 1188 2461 non
1227 2406 1456 2471 faciunt,
1487 2407 1690 2476 quaeris
1720 2416 1775 2461 et
1796 2407 1974 2462 disce-

379 2514 499 2574 ptas
539 2503 842 2574 quomodo,
894 2510 1188 2572 postquam
1243 2517 1336 2567 per
1364 2499 1644 2555 lavacrum
1679 2515 1975 2570 regenera-

379 2597 546 2662 tionis
571 2605 721 2652 tanta
746 2595 920 2667 gratia
957 2594 1107 2666 digni
1140 2594 1307 2649 habiti
1347 2610 1558 2660 sumus,
1588 2593 1654 2648 ad
1685 2603 1972 2664 peceatum

377 2689 692 2746 deferamur
715 2726 733 2744 .
771 2687 876 2744 Sed
907 2698 1199 2759 antequam
1265 2687 1429 2741 verba
1467 2687 1806 2741 rcsolvamus
1848 2703 1970 2757 quae

377 2784 480 2838 sibi
517 2784 751 2838 invicem
805 2781 1185 2837 contradicere
1228 2781 1516 2846 videntur,
1575 2781 1758 2850 ipsum
1811 2779 1864 2833 in
1918 2795 1977 2834 se

380 2877 841 2948 Apostolidictum
866 2874 1289 2930 examinandum
1308 2881 1426 2930 est:
1448 2873 1726 2943 quomodo
1749 2871 1976 2926 omnino

380 2975 546 3025 Immo
581 2971 724 3027 filius
752 2969 846 3024 Dei
879 2968 1058 3023 factus
1097 2976 1382 3036 pet-catum
1411 2981 1519 3020 non
1551 2975 1730 3034 potest
1760 2963 1979 3019 facere?

378 3065 613 3132 Quidam
645 3064 811 3132 igitur
847 3063 1040 3118 dicunt
1089 3061 1223 3116 illud
1263 3063 1445 3130 ipsum
1495 3059 1763 3116 Joannem
1799 3057 1975 3128 expli-

378 3167 591 3216 cantem
620 3157 822 3212 addere
855 3175 868 3210 :
894 3155 1155 3226 quoniam
1182 3169 1367 3208 semen
1388 3153 1560 3221 ipsius
1592 3153 1646 3206 in
1671 3167 1738 3206 eo
1761 3161 1974 3217 manet;

383 3251 530 3324 quod
560 3251 780 3322 quidem
814 3265 998 3304 semen
1032 3258 1115 3303 est
1144 3263 1277 3303 sane
1307 3246 1539 3300 docendi
1575 3252 1813 3315 peritum
1855 3260 1979 3298 vcr-

381 3347 554 3412 bum;
585 3343 720 3400 exiit
747 3343 894 3398 enim
932 3340 1024 3413 qui
1063 3340 1301 3393 seminat
1327 3338 1626 3394 seminare.
1662 3335 1760 3391 Illo
1790 3345 1975 3391 autem

381 3439 592 3494 semine
638 3437 694 3491 in
742 3437 924 3490 anima
959 3433 1173 3488 radices
1208 3441 1402 3502 agente
1431 3440 1487 3486 et
1537 3441 1815 3494 manente,
1868 3443 1974 3482 non

382 3541 561 3604 potest
601 3545 830 3602 peccare
855 3527 950 3598 qui
984 3527 1088 3582 hoc
1114 3525 1322 3580 semine
1360 3521 1816 3579 assimilationcm
1847 3534 1972 3575 cum

382 3635 680 3698 generante
699 3624 821 3680 'Deo
844 3623 1110 3694 possidet.
1147 3620 1245 3675 llIo
1275 3629 1457 3675 autem
1495 3617 1706 3674 semine
1731 3631 1794 3670 ex
1825 3615 1974 3686 cogi-

383 3720 590 3775 tatione
613 3727 802 3774 nostra
833 3717 1032 3786 ejecto,
1067 3715 1254 3770 statim
1301 3711 1508 3767 diaboli
1540 3725 1727 3766 semen
1753 3708 1808 3762 in
1828 3707 1977 3761 illius

385 3813 571 3867 locum
608 3810 889 3880 injicitur,
917 3815 973 3864 et
1003 3807 1342 3862 zizaniorum
1379 3801 1710 3874 germinatio
1759 3797 1973 3867 incipit.

387 3904 578 3959 Plures
607 3902 826 3974 quidem
855 3903 936 3957 sic
962 3899 1214 3972 propius,
1254 3907 1312 3952 ut
1346 3895 1479 3950 mihi
1511 3893 1750 3958 videtur,
1783 3890 1850 3944 ad
1880 3905 1978 3943 ve-

389 3995 613 4050 ritatem
665 4001 938 4048 steterunt
975 3991 1109 4048 illud
1149 3989 1382 4062 apostoli
1439 3987 1646 4043 dictum
1701 3985 1976 4052 interpre-

388 4088 578 4142 tando.
619 4087 722 4140 Alii
759 4094 943 4142 autem
979 4085 1284 4156 simplicius
1316 4083 1507 4137 dicunt
1559 4094 1735 4150 neque
1767 4076 1976 4147 justum

386 4179 659 4251 justitiam
690 4181 1006 4246 colentem,
1062 4193 1242 4248 neque
1291 4175 1594 4246 sapientem
1649 4169 1977 4242 sapientiam

389 4273 803 4342 adimplcntem,
843 4286 1023 4342 neque
1050 4272 1218 4327 alium
1252 4283 1528 4340 quemque
1573 4281 1737 4322 suum
1780 4279 1978 4318 nomen

389 4365 647 4418 awirtute
681 4365 988 4418 trahentem
1017 4377 1085 4418 eo
1120 4361 1266 4432 quod
1291 4360 1438 4414 illam
1467 4365 1691 4429 peragat
1719 4363 1774 4411 et
1801 4353 1982 4410 adim-

388 4459 556 4533 pleat,
589 4473 836 4529 unquam
867 4457 1076 4528 peccati
1103 4455 1437 4510 exstiturum
1476 4452 1762 4506 factorem.

462 4637 570 4693 Sed
605 4636 710 4692 hoc
733 4634 1309 4706 quidem,quanquam
1357 4647 1388 4687 a
1417 4630 1753 4702 quibusdam
1775 4629 1983 4686 dictum

390 4739 496 4796 est,
534 4745 644 4786 non
677 4728 1024 4784 altitudinem
1073 4725 1392 4798 apostolica:
1442 4723 1729 4780 sententia:
1768 4721 1988 4776 videtur

2149 2223 2210 2276 ΕΞ
2241 2224 2306 2275 δι’
2337 2222 2530 2286 ὕδατος
2562 2223 2657 2276 καὶ
2689 2222 3008 2292 Πνεύματος
3039 2225 3088 2276 oi
3119 2223 3472 2294 γεννηθέντες
3503 2225 3677 2276 τέκνα

2077 2315 2213 2368 Θεοῦ
2242 2314 2666 2386 χρηματίζουσι,
2702 2315 2773 2368 τα
2797 2315 2855 2368 δὲ
2899 2315 3066 2368 τέκνα
3097 2315 3194 2369 τοῦ
3224 2315 3383 2381 Θεοῦ,
3424 2316 3498 2380 ῶς
3526 2319 3553 2370 ὁ
3580 2318 3676 2371 θε-

2079 2409 2302 2472 σπέσιος
2335 2409 2588 2480 Ἰωάννης
2627 2408 2748 2478 βοᾷ,
2787 2408 3067 2477 ἁμαρτίαν
3097 2409 3158 2462 οὐ
3188 2411 3353 2471 ποιεῖ,
3383 2411 3677 2480 ἐπερωτᾷς

2078 2503 2174 2554 καὶ
2206 2502 2488 2572 διαπορεῖς
2518 2499 2635 2564 πῶς
2665 2500 2782 2572 μεθ’
2803 2499 2831 2552 ὃ
2856 2499 2952 2554 τοῦ
2977 2499 3206 2572 λουτροῦ
3237 2504 3337 2571 τῆς
3368 2500 3674 2570 παλλιγγε-

2077 2598 2262 2660 νεσίας
2293 2596 2388 2650 τοῦ
2418 2596 2740 2668 τηλικούτου
2773 2598 3114 2669 χαρίσματος
3159 2596 3502 2667 ἠξιώθημεν,
3534 2597 3677 2668 προς

2078 2692 2358 2762 ἁμαρτίαν
2395 2691 2839 2762 καταφερόμεθα.
2887 2690 3052 2744 Ἀλλὰ
3085 2691 3192 2762 πρό
3224 2708 3288 2759 γε
3327 2691 3426 2762 τῆς
3465 2689 3678 2753 λύσεως

2078 2785 2187 2837 τῶν
2217 2784 2523 2839 δοκούντων
2547 2785 2634 2856 ἔχε
2645 2803 2692 2838 ιν
2713 2785 3067 2857 ἐναντιότητα
3087 2785 3373 2858 ῥημάτων,
3394 2786 3528 2840 αὐτὸ
3552 2785 3680 2839 καθ’

2079 2878 2213 2931 αὐτὸ
2244 2877 2307 2931 τὸ
2330 2879 2684 2933 ἁποστολικὶιν
2737 2880 3105 2932 ἐπισκεπτέον
3154 2880 3320 2951 ῥητόν
3342 2895 3355 2909 ⁸
3387 2879 3505 2942 πῶς
3539 2880 3679 2942 ὅλως

2081 2969 2180 3024 ἄνθ
2190 2987 2373 3040 ρωπος
2399 2971 2590 3025 τέκνον
2623 2971 2762 3024 Θεοῦ
2787 2969 3028 3040 γεγονὼς
3057 2973 3335 3044 ἁμαρτίαν
3357 2973 3416 3025 οὖ
3452 2973 3680 3026 δύναται

2082 3068 2287 3132 ποιεῖν;
2312 3066 2469 3128 Τινὲς
2520 3065 2620 3136 μὲν
2663 3065 2758 3118 οὖν
2791 3083 2976 3136 φασιν,
3017 3066 3094 3129 ὡς
3124 3065 3290 3130 αὐτὸς
3318 3068 3528 3128 ἐκεῖνος
3558 3068 3682 3118 ἐπι-

2082 3155 2345 3228 λυόμενος
2373 3157 2570 3225 ἐπάγει
2592 3157 2674 3222 τὸ,
2709 3157 2792 3209 ὅτι
2825 3157 3050 3226 σπέρμα
3084 3156 3251 3210 αὑτοῦ
3288 3159 3346 3210 ἐν
3374 3156 3527 3226 αύτῷ
3547 3173 3562 3186 ⁸
3583 3156 3683 3208 τοῦ

2081 3251 2191 3321 γὰρ
2223 3248 2546 3302 δεσποτικοῦ
2579 3250 2896 3320 σπέρματος
2927 3251 3046 3320 ἦτοι
3080 3247 3465 3303 διδασκαλικοῦ
3481 3249 3683 3315 λόγον’

2095 3343 2350 3414 Ἐξῆλθεν
2365 3343 2494 3414 γὰρ,
2519 3344 2706 3412 φησὶν,
2737 3346 2765 3394 ὁ
2789 3342 3030 3411 σπείρων
3055 3341 3150 3395 τοῦ
3187 3345 3409 3413 σπεῖραι
3434 3358 3449 3371 ·
3486 3344 3686 3395 τούτου

2082 3437 2146 3508 δὴ
2179 3437 2271 3490 τοῦ
2308 3436 2629 3506 σπέρματος
2657 3435 2713 3486 ἐν
2741 3437 2808 3505 τῇ
2833 3434 2981 3506 ψυχῇ
3017 3435 3341 3506 ῥιζωθέντος
3369 3435 3464 3487 καὶ
3496 3452 3685 3503 παρα-

2084 3530 2341 3602 μένοντος
2365 3529 2426 3582 ού
2459 3528 2686 3581 δύναται
2723 3530 2898 3579 ποιεῖν
2933 3528 3212 3600 ἁμαρτίαν
3248 3529 3276 3580 6
3315 3527 3531 3580 ἐκείνου
3583 3525 3687 3579 τοῦ

2080 3623 2287 3694 σπόρου
2316 3622 2414 3693 τὴν
2440 3621 2783 3692 ἁρομοίωσιν
2816 3621 2957 3692 πρὸς
2997 3621 3090 3673 τὸν
3135 3619 3508 3690 γεγεννηκότα
3545 3635 3687 3688 κτη-

2081 3715 2322 3784 σάμενος
2348 3713 2482 3766 Θεὸν
2509 3729 2522 3741 ·
2557 3711 2993 3783 παραιρεθέντος
3027 3712 3082 3764 δὲ
3111 3713 3206 3764 τοῦ
3237 3710 3484 3764 τοιούτου
3510 3709 3691 3781 σπέρ-

2085 3823 2254 3878 ματος
2280 3809 2344 3859 ὲκ
2377 3806 2477 3875 τῆς
2511 3804 2752 3866 διανοίας
2790 3803 2969 3874 ἡμῶν,
3018 3802 3216 3858 αὐτίκα
3261 3803 3290 3855 6
3338 3801 3432 3854 τοῦ
3480 3803 3688 3872 ἐχθροῦ

2081 3902 2610 3958 ἀντικαταϐάλλεται
2635 3900 2856 3972 σπόρος,
2884 3901 2978 3954 καὶ
3003 3901 3036 3970 ή
3059 3900 3168 3952 τῶν
3194 3898 3450 3965 ζιζανίων
3475 3897 3690 3968 βλάστη

2081 3998 2146 4050 λα
2155 3995 2350 4067 μ’ὁὰνει
2369 3995 2563 4066 ἀρχὴν.
2584 3993 2755 4047 Ἔνιοι
2777 3993 2876 4062 μὲν
2896 3993 3090 4054 οὕτως,
3108 3993 3180 4054 ὡς
3198 3991 3383 4061 ἔμοιγε
3400 3991 3569 4051 δοκεῖ,
3591 3991 3694 4042 καὶ

2081 4093 2179 4161 τῆς
2205 4089 2464 4161 ἀληθείας
2494 4088 2660 4155 ἐγγὺς
2677 4086 2738 4138 τὸ
2755 4084 3111 4140 ἁποστολικδν
3139 4083 3300 4155 ῥητὸν
3334 4083 3688 4152 νενοήκασιν.

2084 4187 2147 4240 Oi
2176 4183 2234 4238 δὲ
2266 4179 2635 4250 ἁπλούστερόν
2676 4194 2869 4246 φασιν,
2905 4176 2976 4240 ῶς
3012 4174 3135 4228 οὔτε
3166 4177 3193 4228 6
3247 4173 3456 4236 δίκαιος
3487 4174 3587 4243 τὴν
3613 4173 3693 4224 ξι-

2087 4275 2378 4346 καιοσύνην
2410 4277 2690 4342 πρέιττων,
2745 4270 2867 4323 οὔτε
2898 4270 2926 4321 ὁ
2958 4269 3192 4340 σώφρων
3208 4268 3308 4337 τὴν
3327 4265 3694 4336 σωφροσύνην

2087 4367 2372 4428 ἐπιτελῶν,
2400 4365 2462 4417 οὐ
2497 4363 2602 4434 μὴν
2629 4361 2744 4416 ἀλλ’
2777 4363 2885 4414 οὐδ’
2907 4362 3064 4424 ἄλλος
3095 4358 3431 4429 παρώνυμος
3455 4358 3563 4408 ἀπὸ
3588 4357 3699 4422 τῆς

2087 4460 2290 4531 ἀρετῆς
2322 4459 2380 4511 ἐν
2406 4450 2450 4526 ᾧ
2477 4453 2683 4526 ταύτην
2708 4455 2854 4506 τελεῖ
2869 4453 2960 4506 καὶ
2977 4453 3394 4521 διαπράττεται,
3418 4445 3694 4516 οΰμενουν

2089 4553 2189 4610 οὐκ
2221 4551 2286 4605 ἄν
2317 4565 2450 4604 ποτε
2471 4547 2692 4618 καὶτῆς
2721 4544 2998 4618 ἁμαρτίας
3032 4542 3294 4614 ὑπάρξειε
3324 4538 3690 4610 δημιουργός.

2174 4644 2336 4698 Ἀλλὰ
2367 4641 2532 4696 τοῦτο
2568 4640 2669 4711 μὲν
2696 4641 2742 4692 εἰ
2764 4637 2859 4693 καί
2883 4654 3026 4692 τισιν
3045 4634 3284 4706 εἴρηται,
3315 4629 3378 4686 οὕ
3412 4647 3506 4701 μοι
3538 4627 3699 4682 δοκεῖ

2090 4738 2186 4792 τοῦ
2211 4735 2377 4805 ὕψους
2403 4734 2502 4804 τῆς
2531 4730 2898 4801 ἁποστολικῆς
2926 4725 3237 4796 ἐφικεῖσθαι
3261 4723 3500 4783 διανοίας
3519 4737 3533 4752 ⁸
3566 4721 3697 4774 οὐδὲ

391 4823 657 4895 attigisse.
687 4823 808 4878 Non
825 4824 970 4879 enim
995 4823 1253 4887 callidum
1278 4819 1538 4884 estscire,
1568 4817 1664 4874 sed
1696 4831 1873 4887 neque
1890 4816 1975 4870 do-

2096 4833 2207 4904 γὰρ
2231 4830 2393 4899 σοφὸν
2417 4829 2639 4890 εἰδέναι,
2672 4825 2788 4879 ἀλλ’
2821 4822 2942 4877 οὐδὲ
2969 4821 3265 4884 διδάσκειν,
3321 4817 3399 4881 ὡς
3432 4819 3460 4869 6
3481 4815 3700 4878 δίκαιος

391 4934 519 4974 cere
543 4919 759 4995 justum
785 4919 932 4987 juste
971 4925 1223 4988 agentem
1281 4930 1393 4970 non
1425 4913 1756 4982 iniustitiam
1789 4911 1985 4966 admit-

395 5024 532 5078 tere,
585 5028 764 5082 ueque
809 5012 1113 5084 sapientem
1160 5012 1594 5082 intemperanter
1647 5021 1758 5062 non
1802 5006 1985 5059 vivere

393 5107 524 5163 dum
562 5107 728 5177 sapit.
760 5105 952 5174 Melius
997 5105 1137 5160 forte
1187 5113 1336 5161 esset
1357 5113 1412 5160 et
1444 5104 1549 5158 hoc
1578 5101 1742 5156 modo
1777 5097 1986 5152 intelli-

395 5215 523 5274 gere
563 5216 690 5256 eum
721 5201 817 5271 qui
861 5216 929 5255 ex
961 5199 1071 5258 Deo
1100 5209 1265 5260 natus
1292 5207 1377 5253 est
1407 5207 1461 5252 et
1493 5211 1679 5255 semen
1712 5192 1905 5264 ejusin
1927 5207 1988 5247 se

395 5295 516 5367 ipso
543 5296 818 5365 concepit,
856 5309 1053 5364 nempe
1080 5293 1339 5348 virtutem
1369 5293 1556 5360 (omne
1589 5290 1735 5344 enim
1777 5287 1985 5342 donqu

395 5387 698 5459 perfectum
732 5387 1025 5442 desursum
1054 5394 1159 5450 cst,
1195 5386 1534 5440 descendens
1563 5399 1590 5437 a
1626 5382 1786 5436 Patre
1824 5380 1990 5434 lumi-

398 5482 574 5554 num),
599 5491 656 5539 et
687 5481 962 5553 perfectus
1017 5490 1099 5535 est
1139 5480 1194 5535 in
1229 5495 1316 5542 ea,
1344 5479 1420 5534 ita
1457 5486 1518 5532 ut
1557 5477 1612 5530 in
1643 5475 1790 5530 illius
1829 5473 1990 5528 babi-

395 5583 512 5628 tum
577 5591 712 5645 pure
761 5572 1064 5637 transierit,
1105 5589 1214 5627 non
1268 5573 1476 5626 habens
1518 5568 1623 5623 sibi
1689 5566 1987 5621 admistum

399 5666 527 5723 mali
558 5683 768 5733 semen,
795 5683 946 5730 eum,
990 5669 1234 5736 inquam,
1263 5682 1370 5720 non
1404 5680 1565 5736 posse
1595 5673 1878 5734 peccatum
1911 5660 1988 5714 ia-

399 5774 522 5826 cere
547 5777 561 5832 ς
589 5759 638 5814 id
667 5769 774 5824 cst,
813 5775 917 5815 non
952 5758 1149 5823 habere
1175 5758 1508 5819 voluntatem
1543 5759 1607 5816 ad
1658 5756 1988 5829 cupiditates

2077 4920 2500 4992 δικαιοπραγῶν
2520 4919 2620 4971 οὐκ
2637 4918 2831 4977 ἀδικεῖ,
2859 4914 2976 4968 ἀλλ’
2997 4912 3118 4966 οὐδὲ
3145 4914 3172 4964 6
3193 4910 3425 4980 σώφρων
3440 4907 3541 4959 οὐκ
3560 4908 3700 4960 ἀκο-

2091 5015 2371 5070 λασταίνει
2406 5014 2464 5065 ὲν
2487 5012 2567 5084 τῷ
2608 5011 2944 5080 σωφρονείνο
2982 5005 3206 5074 ἄμεινον
3245 5002 3303 5061 δὲ
3341 5001 3407 5054 ἂν
3443 5000 3578 5062 ἴσως
3606 4999 3697 5070 εἴη

2094 5110 2316 5166 κάκεῖνο
2345 5103 2681 5166 συνιδεῖν,ῶς
2710 5103 2738 5153 ὁ
2762 5098 3164 5170 γεγεννημένος
3197 5099 3261 5149 ἐκ
3287 5094 3382 5148 τοῦ
3419 5092 3558 5145 Θεοῦ
3596 5093 3700 5146 καὶ

2094 5201 2155 5254 τὸ
2182 5199 2406 5270 σπέρμα
2439 5196 2609 5250 αὐτοῦ
2644 5195 2700 5246 ἐν
2731 5192 2912 5263 ἑαυτῷ
2945 5187 3229 5244 συλλαϐὼν
3253 5188 3374 5258 ἦτοι
3408 5186 3509 5258 τὴν
3570 5188 3702 5256 ἀρε-

2095 5295 2192 5364 τὴν
2255 5294 2384 5364 (πᾶν
2432 5290 2542 5362 γὰρ
2588 5287 2822 5359 δώρημα
2882 5287 3088 5340 τέλειον
3121 5283 3330 5338 ἄνωθεν
3373 5283 3486 5334 ὲστι
3522 5285 3699 5332 κατω-

2095 5389 2280 5442 6αῖνον
2307 5385 2416 5438 ἀπὸ
2445 5382 2539 5436 τοῦ
2573 5379 2786 5450 “ergo;
2817 5379 2927 5431 τῶν
2989 5377 3210 5445 φώτων)
3257 5375 3353 5428 καὶ
3382 5372 3702 5436 τελειωθεὶς

2093 5481 2152 5532 ὲν
2187 5479 2323 5548 αὐτῇ
2355 5476 2429 5538 ὡς
2465 5474 2559 5527 καί
2589 5471 2794 5541 ταύτης
2817 5469 3074 5538 καθαρῶς
3096 5471 3177 5533 είς
3209 5468 3324 5533 ἕξιν
3353 5467 3566 5531 ἐλάσαι,
3622 5465 3699 5536 μὴ

2093 5571 2236 5641 ἔχων
2262 5566 2704 5638 ἐπιμιγνυμένην
2734 5563 2914 5634 ἑαυτῴ
2951 5562 3043 5616 τοῦ
3077 5561 3249 5616 κακοῦ
3281 5561 3380 5630 τὴν
3406 5560 3645 5628 σπορὰν,
3665 5560 3696 5611 6

2093 5661 2336 5724 τοιοῦτος
2361 5660 2421 5712 ού
2448 5657 2673 5711 δύναται
2707 5658 2883 5709 ποιεῖν
2914 5655 3191 5726 ἁμαρτίαν
3213 5671 3227 5684 ο
3264 5654 3419 5706 τουτέ
3433 5668 3569 5710 στιν.
3593 5652 3699 5703 οὐκ

2670 5750 2942 5822 ῥέπουσαν
3008 5747 3146 5820 πρξς
3201 5745 3268 5801 τὰ
3315 5744 3497 5822 ΠπάΟη,
3569 5740 3696 5795 οὑέὲ

2095 5755 2206 5822 ἔχει
2243 5755 2341 5824 τὴν
2377 5750 2604 5823 γνώμην
2668 5772 2679 5824 ι
