3916 6192
181 268 288 336 113

1099 276 1198 335 ΑΙ)
1224 275 1820 339 AMPHILOCHIUM
1851 277 2202 352 QUIESTIO
2241 281 2408 356 VIII,
2451 284 2555 344 IX.

3385 285 3481 352 114

176 390 323 462 πρδς
355 391 540 445 ἐκεῖνα
559 393 652 444 τὸν
685 390 810 444 νοῦν
835 392 1320 462 ἐπιστρεφόμενον.
1349 393 1560 467 Ὥσπερ
1591 395 1702 467 γὰρ
1734 398 1763 466 ή

1876 405 2224 468 serpentem,
2284 414 2460 469 neque
2519 408 2753 454 mentem
2834 403 2901 456 ad
2958 401 3078 456 illas
3141 417 3483 460 conversam.

175 480 464 544 ἀδίδακτος
495 480 658 552 φύσις
691 481 912 552 ἰσχυρὸν
943 483 1010 536 τὰ
1050 484 1203 553 παρὰ
1236 483 1398 553 φύσιν
1430 486 1774 558 ἀποστρέφε-

177 572 328 633 σθαι,
363 571 595 642 οὕτωςὴ
629 574 696 626 ἐκ
729 572 1085 638 διδασκαλίας
1125 573 1213 626 διὰ
1245 575 1346 645 τῆς
1395 575 1505 629 τῶν
1548 577 1774 646 ἀγαθῶν

176 664 438 734 πράξεως
458 666 768 737 γυμνασίας
793 667 1153 737 ὲπιγινομένη
1187 668 1302 736 ἕξις
1336 669 1585 740 μεγάλην
1634 671 1775 739 λαμ-

173 759 334 814 ϐάνει
357 759 456 830 τὴν
490 759 644 830 ίσχυν
669 760 749 822 είς
773 759 836 812 τὸ
865 760 1004 831 πρὸς
1033 761 1200 831 μηδὲν
1230 760 1342 815 τῶν
1362 762 1584 832 φαύλων
1615 765 1775 835 ἐπιρ-

176 850 364 921 ρεπῶς
395 850 542 920 ἔχειν
573 851 666 904 καὶ
705 850 918 916 τούτοις
949 853 1250 924 ἐφήδεσθαι
1273 872 1288 886 ·
1319 854 1436 908 ἀλλ’
1468 857 1500 924 ὴ
1545 854 1647 926 μὲν
1672 854 1770 909 τοῦ

174 941 348 1012 ῥητοῦ
372 944 496 996 καθ’
527 943 728 1015 ἑαυτὴν
769 945 962 1015 σκέψις
989 931 1216 1018 τοιαύτη
1242 964 1328 1011 τις
1354 947 1421 1002 ἂν
1449 948 1570 1019 εἴη.⁵
1615 948 1774 1002 Ἐπι-

171 1041 358 1098 λύοιτο
382 1042 427 1096 δ’
455 1042 523 1096 ἂν
547 1044 642 1096 καὶ
675 1044 710 1115 ἡ
744 1045 886 1097 κατὰ
905 1044 1231 1115 συμπλοκὴν
1260 1046 1372 1100 τῶν
1410 1046 1592 1118 ῥητῶν
1633 1066 1772 1116 προ-

171 1133 406 1206 κειμένη
422 1135 626 1206 ἀπορία
640 1136 793 1190 οὺδὲν
809 1136 1030 1190 ἔλαττον
1061 1139 1154 1191 καὶ
1169 1137 1238 1191 δι’
1270 1140 1390 1204 ἑνὸς
1407 1141 1643 1195 ἑκάστου
1660 1142 1772 1196 τῶν

169 1227 491 1297 εἰρημένων
511 1244 525 1258 ο
569 1228 723 1282 οὐδὲν
755 1228 866 1300 γάρ
895 1229 1103 1299 ἄπορον
1131 1228 1258 1283 οῦτε
1292 1231 1384 1286 τὸν
1417 1231 1615 1303 ἔχοντα
1643 1235 1774 1298 τοὺς

172 1319 586 1390 σπερματικοὺς
605 1320 797 1386 λογοὺς
819 1321 875 1372 ὲν
897 1319 1074 1388 ἐαυτῷ
1104 1319 1524 1389 βλαστάνοντας,
1542 1324 1650 1375 εἴτε
1662 1321 1773 1375 τῶν

151 1410 388 1479 ιὰρετῶν
417 1412 629 1480 εἴησαν,
657 1410 767 1464 εἴτε
782 1411 882 1481 τῆς
907 1411 1190 1476 εὐσεϐείας
1214 1413 1270 1464 αί
1302 1412 1622 1476 καταϐολαὶ,
1651 1413 1772 1467 τότε

172 1502 276 1572 μὲν
301 1503 568 1574 μηδαμῶς
585 1501 944 1573 ἀποδέχεσθαι
965 1502 1377 1574 τὴνέπισποράν
1388 1503 1481 1557 τοῦ
1497 1504 1734 1575 πονηροῦ
1755 1523 1768 1538 ·

168 1595 397 1647 ἐπειδὰν
409 1595 465 1647 δὲ
478 1595 570 1647 τοῦ
585 1594 756 1648 κακοῦ
775 1594 875 1664 βλα
883 1596 979 1664 στή
988 1612 1154 1664 ματος
1166 1593 1263 1666 ἕρη
1273 1612 1365 1664 μοι
1383 1595 1768 1664 καταστῶμεν,

166 1687 293 1739 τότε
319 1687 456 1756 πρὸς
479 1687 576 1757 τὴν
610 1687 717 1741 τῶν
734 1685 989 1752 ζιζανίων
1028 1687 1303 1758 ὑποδοχὴν
1340 1703 1774 1757 παρασκευασα-

170 1781 373 1848 μένους
407 1781 637 1852 ὀρᾶσθαι
663 1797 676 1810 ·
708 1781 822 1834 ἀλλ’
845 1781 965 1834 οὐδὲ
990 1779 1080 1833 τὸν
1113 1782 1420 1850 πράττοντα
1444 1779 1542 1850 τὴν
1557 1780 1762 1850 ἀρετὴν

1883 490 2360 557 Quemadmodum
2386 491 2532 546 enim
2591 492 2810 547 indocta
2851 503 3045 548 natura
3097 495 3362 550 violenter
3416 513 3480 552 ea

1877 600 2000 654 qua:
2025 601 2189 654 supra
2215 595 2468 640 naturam
2500 599 2630 642 sunt
2665 596 2972 655 aversatur,
3004 590 3076 643 ita
3104 589 3196 642 ille
3241 605 3310 645 ex
3382 591 3484 644 do—

1879 676 2058 730 ctrina
2090 692 2187 747 per
2217 677 2486 732 bonarqu
2529 680 2805 734 actionum
2839 682 3156 736 exercitium
3192 682 3368 736 lactus
3389 683 3483 736 ha-

1877 767 2025 824 bitus
2077 769 2188 823 vim
2238 785 2493 838 magnam
2533 772 2730 841 accipit
2770 783 2830 828 ut
2876 775 3042 830 nullis
3088 774 3250 829 malis
3298 784 3482 841 serpat

1876 872 1971 915 aut
2000 862 2165 918 nullis
2202 863 2522 918 delectetur.
2570 865 2644 920 Ea
2691 867 2912 938 quidem
2948 875 3094 922 esset
3139 867 3306 935 huius
3345 867 3478 921 dicti

1878 953 1932 1006 in
1963 969 2022 1008 se
2048 953 2418 1026 investigatio.
2454 956 2774 1013 Solveretur
2804 969 2859 1014 et
2891 959 3180 1014 difﬁcultas
3203 960 3259 1013 in
3288 960 3483 1013 verbo-

1875 1059 1995 1098 rum
2020 1047 2362 1102 connexione
2406 1049 2508 1103 sita
2541 1065 2649 1104 non
2683 1052 2866 1107 minus
2899 1067 2992 1118 per
3047 1053 3480 1122 unumquodque

1874 1135 2172 1193 dictorum.
2211 1137 2334 1194 Non
2364 1141 2510 1196 enim
2567 1142 2795 1198 dubium
2827 1154 2912 1198 est
2939 1145 3068 1215 quin
3097 1144 3142 1198 is
3167 1145 3260 1214 qui
3315 1144 3482 1197 semi-

1873 1230 2018 1284 nalia
2049 1231 2212 1285 verba
2244 1231 2406 1286 habet
2429 1233 2481 1286 in
2507 1248 2566 1288 se
2594 1234 2713 1303 ipso
2741 1237 3126 1305 get-minantia,
3158 1237 3271 1290 sive
3299 1235 3478 1288 virtu-

1878 1330 1988 1374 tum
2026 1320 2156 1386 sint,
2179 1323 2295 1376 sive
2329 1323 2551 1392 pietatis
2589 1325 2735 1393 jacta
2774 1326 3007 1391 semina,
3061 1327 3284 1380 minime
3334 1325 3385 1378 in
3420 1341 3480 1380 se

1875 1414 1999 1466 mali
2034 1412 2302 1468 sationem
2337 1413 2628 1481 admittat;
2674 1432 2797 1472 cum
2837 1427 3018 1471 autem
3053 1419 3200 1471 malo
3236 1417 3481 1490 germine

1875 1507 2030 1559 vacui
2091 1514 2322 1571 stamus,
2381 1515 2512 1561 tunc
2561 1509 2616 1562 in
2665 1509 3002 1565 zizaniorum
3047 1509 3474 1578 accrptatiouem

1873 1596 2220 1667 accingeutes
2249 1615 2353 1654 nos
2398 1601 2702 1668 videamur,
2737 1603 2830 1656 sed
2865 1618 3038 1672 neque
3070 1618 3194 1656 eum
3238 1602 3330 1671 qui
3367 1602 3478 1654 vir-

1875 1693 2044 1739 tutem
2104 1687 2259 1756 agit,
2307 1689 2572 1744 adversus
2636 1691 2861 1758 malum,
2918 1691 3248 1746 inefficacem
3313 1706 3474 1755 esse;

1871 1792 1996 1831 eum
2026 1788 2209 1833 autem
2253 1781 2346 1850 qui
2381 1781 2639 1850 pulchros
2685 1793 2846 1837 actus
2919 1784 3142 1854 negligit
3169 1783 3236 1838 ad
3293 1783 3476 1852 pejora

167 1873 394 1926 ἐπειδὰν
417 1873 622 1941 ταύτην
645 1874 952 1946 εἰλικρινῶς
969 1874 1208 1946 πράττῃ,
1228 1874 1384 1927 ἀνενέ
1395 1891 1595 1944 ργητον
1615 1872 1763 1926 αὐτὸς

1885 1867 2111 1932 deferri,
2149 1886 2308 1926 nemo
2340 1875 2538 1942 estqui
2582 1873 2873 1942 disceptat.

167 1965 309 2036 πρὸς
323 1965 422 2036 τὴν
434 1965 630 2019 κακίαν
643 1961 811 2019 εἶναι’
827 1965 1181 2036 ἀμελήσαντα
1196 1966 1253 2019 δὲ
1275 1966 1382 2018 τῶν
1399 1965 1579 2019 καλῶν
1606 1964 1784 2036 ἔργων
1810 1959 1945 2027 πρὸς
1962 1961 2029 2014 τὰ
2060 1963 2281 2034 χείρονα
2297 1965 2709 2034 κατενεχθῆναι,
2727 1965 2903 2029 οὐδεὶς
2921 1964 2985 2018 ἂν
3001 1965 3088 2018 δια
3096 1966 3473 2038 μιρισϐητήσῃ.

239 2058 445 2128 Λυθείη
505 2059 604 2128 μὲν
657 2057 723 2111 ἂν
752 2059 942 2130 ὥσπερ
981 2060 1197 2130 εἴρηται
1247 2059 1338 2112 διὰ
1366 2059 1574 2112 τούτων
1599 2059 1696 2112 καὶ
1720 2059 1754 2128 ἡ

165 2149 404 2204 δοκοῦσα
435 2151 555 2203 κατ’
582 2151 755 2222 ἀρχὰς
775 2151 884 2204 τῶν
919 2152 1096 2223 ῥητῶν
1118 2153 1515 2220 ἐναντιολογία⁸
1547 2154 1760 2205 οἰκειω-

162 2243 305 2312 τέρα
338 2242 396 2295 δὲ
431 2243 526 2296 καὶ
571 2243 849 2308 ἰδιάζουσα
886 2243 1040 2307 λύσις
1057 2244 1142 2314 εἴη
1192 2244 1259 2298 ἂν
1287 2245 1424 2316 αὐτῇ
1483 2261 1760 2315 προσαγο-

167 2335 308 2405 μένη
340 2334 586 2406 τοιαύτη.
625 2336 811 2400 Διττὸς
849 2339 998 2390 ἐστιν
1039 2337 1067 2389 6
1115 2339 1213 2407 τῆς
1237 2337 1448 2392 ἀνωθεν
1483 2336 1758 2401 υἱοθεσίας

163 2429 401 2498 τρόποςο
455 2431 483 2482 6
510 2429 610 2498 μὲν
641 2432 704 2484 ἐκ
733 2431 903 2500 μόνης
937 2432 1038 2496 τῆς
1091 2430 1407 2500 φιλοτιμίας
1451 2430 1548 2484 τοῦ
1580 2429 1759 2484 υἱοθε-

161 2519 394 2584 τοῦντος
420 2521 890 2591 ἐπιδεικνύμενος,
923 2523 951 2574 6
979 2521 1037 2574 δὲ
1085 2521 1225 2591 μετά
1263 2523 1628 2589 συνεισφορᾶς
1659 2520 1758 2591 τῆς

161 2614 336 2684 ἡμετέ
346 2631 444 2684 ρας
461 2615 718 2683 σπουδῆς.
733 2615 856 2668 καθ’
881 2615 946 2686 ἢν
961 2615 995 2684 ἡ
1009 2613 1118 2666 τῶν
1138 2614 1350 2684 ἀρετῶν
1373 2614 1758 2682 συνεισάγεται

162 2707 404 2774 ἐργασία
428 2722 441 2736 ο
485 2707 577 2759 καὶ
598 2708 631 2776 ἠ
653 2707 868 2760 δοθεῖσα
897 2709 996 2775 τῆς
1029 2705 1306 2769 υἱοθεσίας
1342 2704 1552 2758 ἀνωθεν
1595 2704 1757 2774 χάρις

158 2801 229 2868 τῇ
255 2800 366 2852 ἀπὸ
394 2801 493 2871 τῆς
518 2801 746 2870 γνώμης
773 2798 1106 2853 συνελθοῦσα
1145 2797 1256 2850 τῶν
1285 2799 1499 2869 ἀρετῶν
1533 2795 1756 2867 πράξει,

158 2893 286 2946 ὅλον
315 2894 626 2963 ἀναμορφοί
653 2893 743 2945 τὸν
773 2890 1187 2962 υἱοθετούμενον
1207 2891 1342 2963 πρὸς
1367 2889 1466 2961 τὴν
1496 2891 1757 2960 ὁμοίωσιν

160 2987 260 3037 καὶ
295 2984 386 3037 τὸν
414 2983 763 3054 χαρακτῆρα,
793 2982 914 3035 καθ’
947 2985 1072 3036 ὅσον
1098 2983 1247 3035 ἐστὶν
1281 2981 1556 3053 ἀνθρώπῳ
1581 2981 1756 3051 μιμή-

161 3075 363 3130 σασθαι
393 3075 617 3129 δυνατὸν
655 3076 748 3129 τὸν
780 3074 1150 3145 γεγεννηκότα
1204 3073 1360 3128 Θεόν.
1436 3072 1626 3136 Οὕτως
1659 3073 1759 3144 μὲν

159 3165 309 3224 οὗνό
360 3169 504 3224 κατά
546 3169 737 3222 τοῦτον
769 3168 862 3221 τὸν
899 3167 1104 3238 τρόπον
1163 3166 1516 3237 χρηματίσας
1570 3167 1757 3220 τέκνον

157 3262 324 3326 Θεοῦ,
346 3264 439 3316 καὶ
457 3261 600 3315 οὕτω
631 3261 856 3331 βεϐαίαν
895 3260 990 3314 καὶ
1019 3259 1422 3330 ἀμετακίνητον
1448 3258 1546 3329 τὴν
1579 3258 1759 3311 υἱοθε-

1943 2056 2047 2113 Per
2108 2058 2223 2110 haec
2257 2057 2476 2126 quidem
2515 2058 2836 2122 solveretur,
2883 2067 2944 2112 ut
2983 2059 3186 2113 dictum
3225 2069 3344 2123 est,
3384 2060 3474 2113 illa

1860 2152 2039 2224 primo
2085 2151 2286 2204 intuitu
2337 2164 2607 2218 apparens
2657 2150 2967 2219 oppositio;
3017 2150 3191 2219 magis
3254 2152 3472 2218 propria

1859 2258 1992 2298 vero
2045 2252 2099 2296 et
2143 2243 2606 2298 accommodatior
2662 2254 2806 2299 esset
2864 2244 2939 2298 illi
3007 2246 3223 2298 admota
3271 2245 3474 2298 solutio

1861 2335 2006 2390 talis.
2048 2334 2248 2404 Duplex
2276 2346 2360 2390 est
2392 2335 2554 2401 hujus
2601 2335 2881 2390 filiationis
2913 2336 3106 2390 modus
3139 2360 3150 2390 ;
3180 2353 3322 2390 unus
3349 2337 3474 2405 qui-

1859 2428 1982 2484 dem
2027 2443 2090 2482 ea
2117 2427 2236 2482 sola
2281 2427 2594 2496 adoptantis
2615 2427 2904 2497 largitione
2931 2444 2996 2483 ac
3017 2429 3198 2484 studio
3247 2430 3475 2484 demon-

1860 2529 2106 2585 stratus;
2141 2519 2281 2572 alter
2315 2533 2464 2584 vero,
2499 2519 2758 2587 adjuncto
2785 2521 3004 2590 proprio
3054 2533 3242 2576 nostro
3265 2521 3469 2583 studio,

1858 2612 1911 2666 vi
1943 2612 2104 2681 cujus
2139 2610 2507 2666 introducitur
2538 2611 2802 2666 virtutum
2845 2613 3124 2682 operatio;
3152 2622 3203 2667 et
3230 2614 3355 2666 data
3379 2611 3477 2668 su"

1860 2721 2043 2776 perna:
2095 2704 2373 2758 tiliatiouis
2427 2704 2602 2773 gratia
2660 2721 2784 2758 cum
2835 2706 3142 2758 voluntaria
3200 2706 3468 2758 virtutum

1857 2798 2013 2868 praxi
2047 2799 2409 2860 conveniens,
2439 2807 2613 2852 totum
2648 2797 3007 2852 transformat
3038 2799 3207 2852 lilium
3251 2797 3475 2868 adopta-

1866 2906 1983 2961 tum
2014 2889 2081 2942 ad
2113 2887 2528 2943 similitudinem
2562 2897 2616 2942 et
2649 2889 3046 2954 characterem,
3076 2902 3340 2958 quantum
3374 2891 3464 2943 ho-

1861 2982 1995 3035 mini
2053 2981 2178 3037 licet
2229 2981 2433 3036 intueri
2469 2997 2592 3035 eum
2644 2981 2738 3051 qui
2777 2982 2962 3050 genuit
2995 2980 3186 3036 Deum.
3227 2980 3320 3036 Sic
3351 2982 3476 3051 qui-

1859 3074 1980 3127 dem
2019 3074 2107 3128 ille
2147 3073 2240 3144 qui
2293 3089 2352 3129 se
2411 3074 2514 3129 hoc
2571 3073 2737 3127 modo
2780 3073 2948 3128 lilium
2995 3074 3085 3129 Dei
3129 3075 3268 3146 gerit
3315 3085 3477 3143 atque

1862 3177 1934 3229 ita
1991 3167 2224 3221 solidam
2272 3175 2326 3220 ct
2371 3167 2772 3222 immutabilem
2817 3167 3164 3235 adoptionem
3212 3167 3474 3236 possidet.

1860 3259 2247 3314 inconcussam
2284 3259 2482 3328 accipit
2520 3259 2892 3312 habitudinem
2944 3258 3069 3311 boni
3105 3267 3158 3311 et
3185 3274 3214 3310 a
3253 3267 3477 3328 peccato

160 3356 288 3408 σίαν
316 3355 682 3425 κτησάμενος,
711 3353 1072 3407 ἀναλλοίωτον
1096 3351 1364 3422 λαμϐάνει
1389 3351 1486 3421 τὴν
1513 3349 1626 3415 ἕξιν
1655 3349 1750 3402 τοῦ

1873 3350 2139 3413 abhorret,
2165 3367 2265 3405 nec
2294 3351 2428 3404 illud
2467 3353 2584 3404 vult
2627 3366 2851 3421 quoquo
2904 3352 3068 3405 modo
3135 3351 3333 3406 facere.
3371 3350 3474 3416 Qui

157 3449 356 3511 καλοῦ,
375 3448 468 3502 καὶ
499 3450 648 3518 μισεῖ
672 3448 770 3518 τὴν
799 3447 1075 3517 ἁμαρτίαν
1093 3446 1187 3498 καὶ
1210 3445 1643 3515 ἀποστρέφεται,
1670 3442 1764 3495 καὶ

156 3541 263 3593 οῦκ
292 3539 464 3592 ἐθέλει
493 3539 700 3608 ταύτην
741 3538 950 3608 οὐδαμῆ
984 3539 1181 3590 ποιεῖν.
1228 3538 1286 3588 '0
1317 3535 1416 3606 μέν
1468 3534 1549 3588 τοί
1578 3552 1640 3601 γε
1662 3535 1764 3602 τῆς

155 3630 504 3699 Δεσποτικῆς
527 3628 842 3691 ἀπολαύσας
880 3627 1216 3698 φιλοτιμίας,
1249 3625 1416 3696 μηδὲν
1438 3624 1496 3677 δὲ
1513 3624 1764 3694 τηλικοῦ-

155 3743 255 3779 τον
287 3721 718 3790 συνεισενεγκὼν
739 3722 816 3784 ὡς
869 3720 1097 3791 βεϐαίαν
1133 3719 1232 3789 τὴν
1259 3717 1538 3771 υἱοθεσίαν
1563 3716 1761 3781 δεῖξαι,

155 3821 258 3873 καὶ
289 3817 482 3872 ἑαυτὸν
513 3816 663 3881 ἀξιον
695 3815 902 3884 ταύτης
927 3813 1013 3868 διά
1036 3812 1146 3865 τῶν
1178 3811 1358 3883 ἔργων
1379 3809 1753 3878 παραστῆσαι,

155 3905 321 3974 οὗτος
355 3909 422 3980 δὴ
451 3903 608 3969 οὗτος
642 3909 748 3963 κᾶν
782 3911 880 3979 τῆς
911 3906 1192 3969 υἱοθεσίας
1237 3905 1456 3974 ἔτυχεν,
1477 3902 1546 3972 ἥν
1574 3902 1607 3973 ἡ
1658 3901 1756 3960 Δε-

157 4004 400 4073 σποτικὴ
453 4001 740 4073 χαρίζεται
807 4000 1117 4071 φιλοτιμία,
1185 3998 1264 4070 τῷ
1318 3995 1526 4066 ταύτην
1581 3993 1760 4064 οἰκείᾳ

155 4097 356 4168 γνώμῃ
402 4099 497 4150 καὶ
528 4097 732 4167 σπουδῇ
765 4096 840 4168 μὴ
874 4096 1221 4167 συγκροτεῖν,
1254 4090 1501 4162 εὐχερῶς
1531 4087 1760 4160 φέρεται

155 4190 302 4258 πρὸς
333 4190 430 4251 τὰς
455 4189 567 4242 τῶν
618 4189 1040 4259 ἁμαρτημάτων
1095 4185 1324 4256 πράξεις
1357 4199 1369 4212 °
1401 4183 1463 4236 τὸ
1515 4182 1614 4253 μὲν
1649 4180 1758 4234 ἀπὸ

155 4282 258 4352 τῆς
287 4282 510 4351 χάριτος
532 4280 684 4334 δοθὲν
715 4281 961 4349 σπέρμα,
997 4274 1108 4332 οἷον
1125 4275 1562 4347 ἀτελεσφόρητον
1583 4291 1756 4327 κατα-

155 4371 336 4425 λιπὼν
355 4414 371 4438 ,
405 4371 467 4425 τὸ
491 4371 547 4424 δὲ
588 4372 697 4424 ἀπὸ
725 4369 821 4424 τοῦ
849 4370 1090 4442 πονηροῦ
1118 4368 1447 4439 ὲπισπαρὲν,
1500 4365 1760 4434 τελεσφο-

1867 3452 2050 3498 tamen
2089 3444 2177 3498 illa
2205 3443 2418 3498 Domini
2451 3444 2738 3514 largitione
2766 3443 2964 3498 fruitus
3011 3453 3095 3498 est
3135 3460 3310 3513 neque
3343 3444 3477 3496 satis

1863 3539 2076 3590 curavit
2121 3545 2178 3589 ut
2212 3536 2443 3590 solidam
2502 3537 2847 3604 adoptionem
2877 3536 3188 3593 ostenderet
3213 3545 3266 3589 et
3297 3550 3355 3588 se
3378 3535 3478 3587 hac

1861 3645 1983 3684 esse
2019 3628 2244 3700 dignum
2271 3628 2529 3698 operibus
2563 3627 2895 3692 ostenderet,
2951 3627 3042 3681 ille
3083 3641 3234 3688 sane,
3297 3642 3472 3695 quau-

1861 3735 2028 3789 quam
2055 3721 2403 3790 adoptionem
2433 3721 2659 3774 sortitus
2701 3729 2784 3775 est
2809 3736 2974 3790 quam
3001 3719 3217 3773 Domini
3248 3719 3478 3788 largitur

1863 3812 2100 3872 affectio,
2133 3814 2261 3882 quia
2299 3830 2406 3867 non
2441 3829 2562 3867 eam
2620 3815 2835 3883 propria
2881 3814 3161 3866 voluntate
3195 3821 3248 3865 et
3281 3811 3478 3864 ardore

1865 3901 2172 3965 confirmat,
2216 3902 2281 3955 ad
2321 3912 2666 3971 peccatorum
2712 3913 2868 3958 actus
2906 3902 3067 3958 facile
3135 3901 3328 3956 fertur.
3380 3902 3477 3955 lllo

1865 3993 2109 4061 quidem,
2142 3994 2286 4063 quod
2318 3997 2492 4064 gratia
2526 3996 2710 4049 dattun
2762 4005 2865 4058 est,
2907 3995 3114 4049 semine
3157 3993 3476 4062 imperfecto

1868 4085 2077 4151 relicto,
2110 4088 2253 4156 quod
2315 4103 2344 4140 a
2392 4088 2536 4142 malo
2581 4089 2906 4142 seminatum
2942 4098 3024 4142 est
3066 4088 3282 4157 propria
3315 4087 3476 4140 indo-

1864 4176 2031 4232 lentia
2082 4180 2363 4248 perlicitur
2408 4189 2461 4235 et
2493 4182 2726 4247 colitur;
2784 4181 2926 4250 quod
2976 4181 3028 4233 in
3081 4197 3139 4235 se
3188 4180 3476 4233 cenferens

1856 4271 2047 4338 homo,
2109 4273 2305 4326 merito
2350 4285 2583 4328 nonest
2645 4275 2788 4328 filius
2832 4272 2948 4338 Dei,
3008 4272 3102 4327 sed
3174 4273 3318 4326 filius
3343 4273 3473 4326 dia-

1860 4364 1968 4418 boli
1981 4403 1992 4416 .

159 4464 429 4535 ρούμενόν
492 4481 552 4517 τε
611 4464 706 4518 καὶ
751 4463 1169 4535 γεωργούμενον
1213 4463 1390 4533 οἰκείᾳ
1432 4460 1712 4534 ῥαθυμία-
1756 4458 1892 4528 ὅπερ
1934 4462 2028 4515 καὶ
2080 4462 2390 4532 περιφέρων
2416 4464 2471 4514 ἐν
2499 4459 2697 4529 ἑαυτῷ,
2723 4462 2947 4525 εἰκότως
2986 4462 3107 4514 ἀντὶ
3154 4460 3248 4512 τοῦ
3281 4459 3473 4511 τέκνον

154 4557 300 4614 εἶναι
329 4560 487 4627 Θεοῦ,
519 4561 708 4613 τέκνον
734 4560 1063 4631 χρηματίζει
1094 4560 1188 4614 τοῦ
1237 4559 1507 4613 διαϐόλου.

735 4675 1072 4730 ΕΡΩΤΗΣΙΣ
1105 4673 1184 4729 Θ’.

155 4769 295 4833 Πῶς
319 4769 428 4822 τοῦ
443 4768 812 4837 θεοπάτορος
834 4767 1016 4821 Δαϐὶδ
1043 4770 1343 4832 εἰπόντος,
1367 4785 1386 4818 t
1413 4768 1755 4830 Ἀνθρωπος

222 4841 369 4894 ὡσεὶ
402 4841 617 4906 χόρτος
636 4843 694 4892 αἱ
722 4838 1172 4906 ἡμέραιαύτοῦ,
1199 4858 1216 4888 ι
1242 4841 1336 4890 καὶ
1375 4838 1524 4906 ἑξῆς,
1551 4840 1584 4890 ὁ
1621 4837 1764 4900 τού-η

229 4929 339 4964 του
367 4909 504 4973 παῖς
533 4909 816 4976 Σολομὼν
844 4909 1260 4976 ἀποφαίνεται,
1287 4929 1305 4960 ι
1331 4907 1492 4977 Μέγα
1524 4906 1753 4974 ἅνθρω-

226 4997 344 5046 πος
385 4980 483 5034 καὶ
510 4980 704 5050 τίμιον
720 4979 905 5048 ἁνιξρς
939 4999 958 5031 ›

2438 4663 2768 4732 ρυΑῑεΤιο
2811 4661 2902 4717 tx.

1865 4759 2145 4827 Quomodo
2225 4757 2432 4810 Davide
2515 4756 2610 4810 Dei
2648 4765 2825 4827 patre
2875 4754 3108 4827 “dicente
3143 4767 3162 4804 :
3209 4771 3234 4827 Δι
3297 4749 3472 4827 [Ionio

1937 4842 2191 4899 tanquam
2243 4833 2418 4899 [cuum
2453 4827 2566 4899 dies
2599 4826 2744 4899 pejus,
2786 4845 2804 4875 ι
2865 4823 3121 4899 Salomon
3169 4823 3282 4890 ejus
3313 4822 3473 4899 ﬁlius

1931 4891 2168 4956 declarat
2201 4891 2269 4953 εἰ
2313 4898 2404 4951 list
2441 4891 2642 4965 aliquid
2682 4911 2929 4964 mag'tum
2968 4894 3145 4956 homo,
3187 4904 3233 4946 et
3269 4891 3471 4963 aliquid

1932 4975 2126 5026 honore
2155 4971 2373 5039 dignum
2401 4969 2480 5021 vir
2501 4969 2532 5026 ?.
2557 4987 2573 5017 ι

222 5095 367 5146 Edita
399 5110 426 5145 a
457 5094 603 5155 Maio,
625 5094 662 5144 1.
685 5109 713 5144 c
738 5131 752 5154 ,
773 5109 823 5156 p.
847 5095 952 5143 8-9.
980 5094 1236 5155 Quomodo
1259 5091 1462 5143 Davidis
1483 5092 1632 5141 verba
1659 5091 1790 5139 l‘sal.
1817 5089 1955 5201 ξιμιὶ
1973 5087 2012 5146 ι,
2040 5089 2118 5146 13,
2157 5099 2269 5135 cum
2292 5083 2574 5134 Salomonis
2607 5086 2775 5145 etfato,
2800 5084 2948 5133 Prov.
2975 5097 3062 5143 xx,
3085 5081 3117 5130 6
3143 5081 3301 5144 (juxta
3323 5079 3467 5141 LXX)

1625 5166 1815 5201 comen
1843 5166 1901 5199 an
1938 5188 1946 5196 .

1625 5167 1740 5202 C0!“
1755 5166 1946 5201 emant.

232 5241 348 5312 Τὴν
373 5241 482 5294 τῶν
503 5240 601 5293 ἀνθ
613 5239 810 5311 ρώπων
838 5239 1002 5309 φύσιν
1028 5241 1105 5302 ὼς
1127 5239 1196 5293 τὰ
1230 5238 1400 5292 πολλὰ
1435 5239 1530 5292 καὶ
1559 5241 1586 5291 6
1619 5239 1762 5300 θεῖος

157 5333 333 5389 -Δαϐὶδ
378 5333 800 5399 κατευτελίζων,
827 5333 922 5387 καὶ
957 5337 986 5387 6
1020 5333 1184 5401 σοφὸς
1237 5331 1556 5402 μεγαλύνων
1605 5329 1764 5383 Σολο-

166 5427 308 5498 μὼν,
349 5425 450 5478 οὐκ
498 5425 750 5479 ἐναντίαν
785 5425 1040 5496 ἀλλήλοις
1112 5423 1502 5492 ἀντεισάγουσι
1570 5421 1762 5486 δόξαν

160 5521 222 5573 οὐ
262 5519 375 5589 γάρ
403 5513 548 5572 οὗτοι
566 5519 724 5589 μόνον
743 5517 1002 5581 τοιαύτας
1045 5517 1353 5584 ἀποφάσεις
1393 5514 1525 5587 περὶ
1554 5514 1646 5566 τοῦ
1671 5516 1766 5566 ἀν-

163 5611 442 5682 θρωπείου
475 5610 668 5678 γένους
703 5610 1008 5674 ποιοῦνται,
1043 5609 1181 5662 ἀλλά
1221 5613 1315 5662 καὶ
1355 5606 1625 5676 πολλαχοῦ
1664 5606 1762 5673 ’ἧς

163 5703 321 5768 θείας
364 5702 592 5774 Γραφῆς
624 5702 902 5773 εὑρήσεις,
942 5701 1102 5756 τοῦτο
1155 5700 1254 5770 μὲν
1287 5700 1609 5769 ἐπαίρουσαι
1663 5698 1762 5766 τὴν

1952 5236 2257 5289 llumanam
2298 5242 2550 5285 naturam
2618 5231 2938 5300 plerumque
2992 5240 3046 5283 et
3109 5227 3330 5282 divinus
3364 5225 3470 5279 Da-

1872 5331 1957 5382 vid
1997 5325 2146 5398 parvi
2179 5323 2386 5378 faciens
2441 5333 2495 5376 et
2528 5324 2746 5394 sapiens
2795 5322 3054 5376 Salomon
3110 5319 3468 5388 magnificans

1876 5438 1983 5476 non
2017 5419 2300 5489 oppositas
2339 5417 2478 5470 inter
2509 5431 2567 5470 se
2590 5415 2892 5470 sententias
2942 5411 3320 5466 introducunt.
3344 5407 3464 5462 Non

1873 5514 2018 5568 enim
2052 5512 2126 5565 illi
2151 5507 2498 5565 solummodo
2519 5508 2585 5560 de
2612 5508 2852 5560 humano
2879 5519 3076 5576 genere
3111 5502 3240 5556 talia
3277 5501 3464 5556 decla-

1872 5614 2016 5669 rant,
2047 5605 2140 5657 sed
2178 5613 2231 5658 et
2259 5603 2311 5655 in
2359 5599 2638 5670 plerisque
2669 5612 2840 5652 sacrae
2867 5596 3167 5665 Scriptura:
3215 5594 3347 5647 locis
3380 5593 3465 5645 in-

1871 5699 2056 5752 vcuics
2101 5709 2222 5750 eam
2265 5693 2600 5749 attollentem
2660 5688 2882 5760 quidem
2908 5695 3149 5742 nostram
3184 5693 3458 5751 naturam,
