3916 6192
424 243 528 308 115

1585 241 1846 303 PHOTII
1885 241 2398 303 PATRIARCHIE
2429 243 2539 305 ΕΡ.

3608 244 3714 309 116

420 369 618 410 rursus
649 361 830 408 autem
858 366 980 408 eam
1011 351 1433 423 vilipendentem
1469 361 1522 405 et
1566 351 1965 422 deprimentem
1991 367 2011 417 ;

2130 353 2393 423 ἡμετέραν
2418 354 2604 422 φύσιν,
2637 354 2795 409 τοῦτο
2821 354 2880 410 δὲ
2919 356 3080 411 πάλιν
3110 355 3601 420 κατευτελίζουσαν
3619 361 3716 412 καὶ

421 459 524 500 nec
559 453 768 497 tantum
795 441 1105 511 Scriptura,
1140 442 1236 498 sed
1267 451 1324 496 et
1347 442 1662 512 quicunque
1693 447 2009 497 nostrorum

421 547 737 593 sanctorum
769 533 994 589 Patrum
1030 549 1217 590 veram
1264 534 1590 604 sapientiam
1618 532 1745 587 inde
1787 531 2014 604 mystice

420 631 568 686 docti
611 638 762 694 sunt,
809 629 1055 683 diversas
1098 628 1400 684 sententias
1443 628 1508 681 de
1543 606 1786 681 humano
1812 641 2014 696 genere

423 730 750 785 statuentes.
776 737 884 776 non
918 736 983 776 ea
1013 721 1414 776 sententiarum
1432 719 1737 775 differentia
1767 719 2015 774 rebellio-

425 831 550 871 nem
575 823 672 870 aut
696 815 937 885 pugnam
983 814 1036 868 iu
1071 828 1130 870 se
1157 815 1307 883 ipsos
1336 824 1391 867 et
1421 813 1473 867 in
1519 812 1657 866 alios
1709 811 2016 866 concitasse

425 908 700 974 videntur,
741 909 835 962 sed
877 905 1230 961 concordiam
1274 914 1329 960 et
1355 912 1684 960 concentum
1733 912 2016 958 servantes

423 1004 794 1074 reperiuntur.
818 999 1104 1067 Quomodo
1132 1009 1315 1054 autem
1346 1013 1439 1052 eas
1469 997 1780 1053 differentes
1796 1005 2018 1051 senten-

427 1099 533 1154 tias
568 1098 716 1152 nulla
740 1098 796 1151 in
830 1099 1112 1151 veritatem
1136 1110 1313 1165 pugna
1335 1093 2015 1162 autOppositiosequatur,

429 1192 557 1246 hinc
586 1189 747 1244 facile
778 1197 864 1243 est
892 1188 1214 1256 intelligere.
1246 1185 1526 1255 Duplieem
1567 1184 2018 1239 constitutionem

428 1285 592 1339 habet
621 1285 807 1348 horno,
839 1295 892 1336 et
915 1282 1189 1350 duplicem
1215 1280 1352 1333 vixit
1376 1279 1570 1343 vitam,
1605 1293 1769 1332 unam
1793 1277 2016 1347 quidem

430 1388 558 1431 ante
593 1376 1099 1446 praevaricationem
1133 1384 1186 1428 et
1221 1373 1451 1428 alteram
1487 1379 1610 1441 post
1657 1372 2016 1427 violationem

425 1469 582 1539 legis.
637 1468 766 1537 Ejus
808 1478 988 1522 autem
1029 1466 1348 1521 constitutio
1393 1481 1460 1520 ex
1515 1479 1618 1519 una
1649 1473 1804 1534 parte
1845 1465 2021 1520 lutum

427 1573 481 1619 et
510 1564 648 1620 cinis
676 1574 779 1630 est,
805 1579 870 1619 ex
898 1564 1068 1619 altera
1096 1579 1224 1618 vero
1239 1564 1665 1632 omnipotentem
1693 1573 1944 1618 naturam
1971 1572 2024 1619 et

429 1657 500 1712 iis
527 1657 781 1712 omnibus
808 1673 930 1726 qua:
958 1666 1085 1711 sunt
1135 1655 1498 1725 imperantem
1542 1656 1811 1711 imitatur.
1851 1655 2018 1723 Quaa-

429 1764 648 1819 cunque
669 1751 832 1820 igitur
847 1749 1120 1804 hominem
1146 1749 1403 1804 attollunt
1423 1760 1476 1802 et
1502 1765 1720 1804 sursum
1744 1759 2015 1815 statuunt,

431 1843 516 1896 vel
545 1842 594 1896 ei
620 1843 761 1896 datae
810 1842 1093 1910 dignitatis
1132 1842 1564 1912 magnitudinem
1607 1843 1890 1908 exhibent,
1937 1844 2022 1899 vel

431 1934 646 1989 beatam
706 1944 760 1988 et
800 1933 1014 1990 felicem
1057 1945 1183 1990 ante
1235 1937 1749 2005 praevaricationem
1808 1940 2020 2006 vitam;

431 2043 774 2100 quacunque
795 2038 974 2084 autem
1012 2031 1162 2084 illum
1187 2031 1489 2100 depretiant
1512 2042 1566 2088 et
1595 2034 1925 2103 deprimunt,
1956 2053 2024 2090 ex

436 2141 542 2179 una
579 2134 734 2193 parte
765 2126 909 2179 mala
945 2137 1069 2195 post
1103 2128 1600 2197 transgressionem
1625 2131 1809 2198 gravia
1834 2140 2023 2186 osten-

433 2217 591 2280 dunt,
618 2232 683 2271 ex
711 2219 880 2272 altera
914 2233 1045 2273 vero
1075 2219 1226 2273 illum
1255 2235 1379 2275 esse
1416 2221 1696 2289 pulverem
1738 2233 1794 2275 et
1818 2223 1874 2276 in
1915 2232 2026 2276 ter-

433 2326 553 2364 ram
594 2312 844 2375 dissolvi,
888 2313 1177 2368 manifeste
1220 2314 1620 2371 demonstrant.
1664 2315 1770 2372 Sed
1804 2318 1919 2372 haec
1949 2317 2026 2371 di-

436 2404 615 2456 cimus
646 2413 904 2472 tanquam
942 2407 1116 2473 prima
1151 2414 1205 2460 et
1228 2407 1568 2462 dominantia
1601 2409 1873 2478 principia
1931 2410 2026 2464 de-

437 2496 764 2550 scribentes.
801 2497 878 2550 Ex
901 2498 985 2552 his
1019 2509 1201 2553 autem
1243 2499 1411 2553 multa
1445 2510 1499 2554 et
1533 2499 1638 2554 alia
1671 2512 1974 2554 nascuntur
2009 2518 2024 2555 :

436 2590 850 2645 conterminum
899 2601 982 2645 est
1013 2593 1158 2644 enim
1186 2593 1462 2662 quomodo
1504 2593 1666 2647 homo
1699 2608 1824 2648 cum
1852 2592 2027 2648 factus

435 2682 507 2736 sit
532 2692 585 2735 et
623 2684 817 2752 possit,
849 2685 892 2737 si
930 2685 1076 2751 velit,
1111 2685 1249 2740 deus
1279 2686 1443 2750 effici,
1475 2702 1575 2740 nec
1606 2686 1805 2740 habeat
1840 2703 2030 2741 neces-

434 2778 674 2840 sitatem,
715 2777 758 2831 si
811 2778 972 2842 velit,
1021 2779 1086 2831 ad
1135 2778 1321 2849 pejora
1374 2779 1526 2832 illum
1569 2779 1827 2847 impetum
1867 2780 2028 2833 attol-

435 2869 634 2924 lentem
673 2881 901 2936 vertere,
937 2872 1086 2926 mille
1132 2871 1320 2927 laudes
1355 2872 1604 2926 obtinere
1659 2872 1858 2943 dignus
1917 2873 2027 2936 sit;

435 2964 670 3018 stolidus
742 2975 922 3018 autem
965 2975 1020 3019 et
1060 2967 1278 3029 brutus,
1311 2980 1378 3019 ne
1417 2965 1595 3019 dicam
1653 2966 2028 3035 improborum

432 3055 828 3112 daemoniorum
852 3060 1306 3116 malitizet-onsors
1328 3060 1574 3126 effectus,
1597 3063 1743 3116 mille
1768 3062 2028 3132 subjicia-
2057 3097 2099 3152 ο

433 3156 526 3201 tur
594 3151 1143 3218 exprobrationibus;
1209 3163 1263 3207 et
1321 3163 1448 3208 ante
1492 3155 1606 3210 tunc
1666 3157 1851 3210 omnia
1903 3159 2027 3213 vitae

436 3243 806 3312 voluptatibus
829 3261 893 3300 ac
914 3246 1126 3303 deliciis
1161 3260 1394 3304 mentem
1431 3265 1717 3318 exercens,
1749 3254 2026 3309 sexcentis

434 3333 681 3400 quotidie
704 3336 1376 3407 circumfundaturmalis,
1406 3344 1493 3395 vix
1519 3342 1821 3412 aliquando
1850 3345 1980 3400 illud
2010 3365 2022 3400 :

437 3423 661 3481 Vanitas
699 3429 996 3484 vanitatum
1030 3439 1084 3486 et
1111 3433 1294 3486 omnia
1313 3433 1579 3488 vanitas'o
1609 3434 1796 3490 valens
1826 3436 2028 3491 intelli-

435 3534 586 3589 gere.
613 3516 681 3573 Se
704 3530 883 3574 autem
917 3521 1126 3574 ratione
1148 3537 1177 3575 a
1208 3523 1408 3577 mundo
1425 3539 1719 3594 segregans
1743 3535 1795 3578 et
1813 3525 1883 3578 ab
1914 3540 2031 3578 om-

439 3613 602 3667 nibus
640 3629 762 3680 quae
791 3615 841 3665 in
886 3617 1090 3668 mundo
1139 3616 1503 3669 circumstant
1555 3615 1737 3685 nugis,
1787 3617 2030 3670 maxima

437 3703 641 3758 fruitur
689 3706 989 3774 voluptate,
1042 3717 1094 3760 et
1142 3719 1433 3776 antequam
1475 3706 1658 3760 futura
1704 3708 1844 3761 bona
1878 3725 2030 3762 asse-

435 3807 660 3864 quatur,
705 3803 964 3865 tanquam
993 3797 1227 3871 imagine
1267 3809 1321 3852 et
1358 3799 1621 3868 praeludit)
1655 3799 1801 3854 illius
1847 3800 2032 3854 multae

438 3889 715 3942 felicitatis
749 3891 1000 3957 praesenti
1052 3901 1299 3961 tempore
1340 3891 1562 3946 fruitur.
1627 3889 1813 3961 Neque
1868 3893 2032 3962 igitur

440 3995 593 4051 pater
641 3982 750 4036 lilio
791 3982 1135 4048 adversatur,
1188 3994 1363 4054 pater,
1404 3985 1652 4054 inquam,
1699 3983 1868 4039 David
1939 4002 2032 4040 sa-

442 4076 609 4146 pienti
643 4077 946 4138 Salumoni,
986 4075 1115 4131 dum
1158 4078 1296 4131 alter
1340 4077 1549 4142 laudat,
1583 4079 1719 4132 alter
1769 4094 1896 4133 vero
1936 4078 2035 4133 de-

443 4168 631 4235 primit
680 4167 980 4235 humineni,
1019 4185 1197 4238 neque
1241 4169 1428 4224 divina
1464 4169 1750 4240 Scriptura
1783 4172 1888 4226 sibi
1927 4172 2032 4242 ipsi

445 4265 668 4328 pugnat,
698 4258 792 4311 sed
819 4274 992 4328 neque
1021 4256 1247 4312 Patrum
1281 4269 1599 4314 nOstrorum
1658 4261 1877 4315 divinus
1898 4262 2034 4314 cho-

443 4367 541 4406 rus
594 4366 740 4406 nunc
773 4351 990 4420 quidem
1028 4351 1322 4406 humanam
1349 4363 1602 4408 naturam
1637 4353 2030 4418 deificantium,

2112 445 2555 509 κάτω,τιθείσαν
2575 446 2668 500 ὀὐ
2704 448 2866 517 μόνον
2892 449 2950 502 δὲ
2981 448 3116 504 ἀλλὰ
3149 450 3246 502 καὶ
3282 450 3398 502 ὅσοι
3437 449 3546 503 τῶν
3576 452 3716 519 ἡμεο

2111 537 2286 606 τὲρων
2327 537 2490 610 ίερῶν
2514 539 2775 610 Πατέρων
2805 540 3016 594 ἐκεῖθεν
3047 541 3150 614 τὴν
3179 541 3438 613 ἀληθινὴν
3470 545 3718 613 ἐμυστα-

2111 631 2448 702 γωγηθησαν
2485 633 2700 702 σοφίαν,
2724 636 2818 688 καὶ
2838 629 3288 708 οὗτοιδιαφόρους
3303 635 3460 701 δόξας
3492 636 3719 705 θέμενοι

2113 724 2244 795 περὶ
2321 725 2384 777 τὸ
2455 725 2818 797 ἀνθρώπινον,
2883 727 2984 781 οὐκ
3037 729 3096 781 ἐν
3155 728 3235 799 τῷ
3285 729 3532 799 διαφόρῳ
3603 728 3719 780 τῶν

2113 813 2486 886 ψηφισμάτων
2522 818 2778 889 στάσινῆ
2821 819 3004 891 μάχην
3049 821 3188 892 πρὸς
3213 823 3444 884 ἑαυτοὺς
3493 823 3524 893 ἢ
3575 822 3720 892 πρὸς

2116 908 2382 980 ἀλλήλους
2408 909 2692 979 φαίνονται
2737 913 3265 981 συνεισενεγκόντες,
3305 912 3422 966 ἀλλ’
3457 914 3721 984 ὁμόνοιάν

2115 1017 2177 1054 τε
2207 1003 2302 1055 καὶ
2335 1004 2657 1074 συμφωνίαν
2682 1005 2916 1076 ὁρῶνται
2945 1005 3440 1077 διαπεπραγμένοι.
3497 1007 3624 1068 Πῶς
3662 1006 3720 1059 ἱέ

2116 1093 2354 1166 διάφορα
2381 1096 2838 1168 ἀποφαινομένων
2867 1097 3094 1166 οὐδεμία
3128 1099 3280 1168 μάχη
3315 1098 3347 1170 ἥ
3393 1099 3721 1154 ἐναντίωσις

2119 1186 2260 1259 πρὸς
2292 1188 2393 1260 τὴν
2423 1189 2683 1260 ἀλήθειαν
2704 1189 3088 1255 ἐπακολουθεῖ,
3113 1190 3364 1244 ἐντεῦθεν
3417 1190 3570 1244 ἐστιν
3622 1192 3724 1261 ρᾁ

2120 1279 2232 1333 διον
2301 1279 2508 1333 λαϐεῖν.
2559 1281 2763 1352 Διπλῆν
2818 1280 2916 1351 τὴν
2961 1283 3313 1352 κατασκευὴν
3359 1284 3388 1335 6
3428 1283 3724 1354 ἄνθρωπος

2122 1371 2259 1443 ἔχει,
2293 1373 2390 1427 καὶ
2423 1372 2648 1427 διπλοῦν
2692 1374 3080 1427 ἐπολιτεύσατο
3119 1373 3270 1444 βίονο
3307 1373 3398 1426 τὸν
3456 1374 3557 1445 μὲν
3613 1375 3724 1443 πρὸ

2122 1466 2224 1535 τῆς
2259 1465 2646 1535 παραϐάσεως,
2687 1465 2781 1520 τὸν
2808 1467 2864 1520 δὲ
2901 1468 3040 1537 μετὰ
3070 1469 3172 1538 τὴν
3199 1465 3458 1539 ἀθέτησιν
3497 1468 3601 1538 τῆς
3632 1468 3725 1518 ἐνι-

2122 1557 2284 1628 τολῆς
2307 1573 2321 1588 ο
2348 1559 2381 1627 ἡ
2416 1557 2472 1610 δέ
2505 1557 2842 1629 κατασκευὴ.
2865 1559 2926 1612 τὸ
2953 1559 3052 1630 μέν
3085 1560 3248 1614 αὑτοῦ
3277 1560 3447 1631 πηλός
3479 1562 3599 1613 ἐστι
3629 1562 3726 1621 καὶ

2125 1653 2296 1715 κόνις,
2327 1652 2392 1704 τὸ
2445 1652 2503 1704 δὲ
2547 1653 2649 1722 τὴν
2681 1653 3197 1725 παντοκρατορικὴν
3251 1655 3348 1706 καὶ
3379 1654 3723 1722 δεσποτικὴν

2120 1745 2228 1798 τῶν
2245 1745 2414 1798 ὄντων
2437 1745 2690 1798 ἁπάντων
2713 1745 3027 1810 ἐξεικονίζει
3047 1745 3208 1816 φύσιν
3231 1763 3245 1777 ·
3271 1747 3368 1800 ὅσα
3381 1743 3475 1799 οὖν
3501 1746 3728 1814 ἐπαίρει

2119 1835 2213 1889 τὸν
2239 1837 2529 1905 ἄνθρωπον
2563 1837 2656 1888 καὶ
2685 1837 2798 1890 ἄνω
2822 1837 3056 1906 ἵστησιν,
3081 1836 3115 1908 ἢ
3147 1837 3242 1890 τοῦ
3271 1837 3521 1899 δοθέντος
3567 1837 3724 1905 αὐτῷ

2122 1927 2438 1998 ἀξιώματος
2491 1929 2552 1980 τὸ
2593 1927 2826 1998 μέγεθος
2865 1929 3226 1998 ὑπεμφαίνει,
3265 1928 3298 1999 ἢ
3331 1929 3422 1982 τὸν
3462 1929 3575 2000 πρὸ
3625 1929 3729 1996 τῆς

2123 2019 2493 2090 παραϐάσεως
2514 2019 2788 2091 μακάριον
2805 2021 2900 2073 καὶ¹
2928 2020 3221 2091 εὐδαίμονα
3243 2020 3354 2090 βίον
3373 2036 3388 2050 '
3420 2020 3524 2074 ὅσα
3545 2019 3604 2072 δέ
3634 2019 3728 2072 εὑ-

2123 2113 2324 2177 τελίζει
2353 2112 2447 2166 καὶ
2471 2113 2622 2166 κάτω
2643 2111 2848 2183 τίθησι,
2885 2113 3048 2166 τοῦτο
3078 2113 3178 2183 μὲν
3207 2114 3275 2166 τὰ
3303 2113 3442 2183 μετὰ
3477 2112 3582 2180 τὴν
3611 2129 3725 2166 πα-

2129 2204 2361 2275 ράϐασιν
2383 2203 2600 2273 τίθησιν
2639 2204 2889 2271 ἀλγεινὰ,
2927 2203 3085 2258 τοῦτο
3113 2204 3169 2258 δὲ
3197 2205 3293 2258 καὶ
3319 2206 3402 2257 ὅτι
3433 2205 3563 2274 χοῦς
3605 2205 3728 2257 ἐστι

2126 2299 2220 2350 καὶ
2252 2297 2330 2360 εἰς
2351 2299 2454 2367 γῆν
2487 2296 2727 2363 ἀναλύει,
2753 2297 3082 2367 παρίστησιν
3109 2295 3319 2365 σαφῶς.
3366 2295 3532 2348 Ἀλλὰ
3547 2295 3730 2349 ταῦτά

2127 2406 2308 2459 φαμεν
2343 2389 2507 2442 οἱονεὶ¹
2537 2388 2639 2452 τὰς
2688 2385 2916 2459 πρώτας
2949 2391 3046 2441 καὶ
3073 2389 3421 2458 κυριωτάτας
3473 2388 3730 2458 ἀναγρά-

2128 2495 2319 2549 φοντες
2348 2479 2548 2550 ἀρχάς.
2587 2480 2684 2534 Ἐκ
2708 2479 2766 2532 δὲ
2789 2481 2996 2534 τούτων
3010 2480 3180 2533 πολλὰ
3211 2481 3307 2534 καὶ⁴
3329 2479 3465 2533 ἄλλα
3487 2479 3728 2549 φύεται·

2131 2567 2384 2638 μεθόριον
2411 2569 2519 2640 γὰρ
2540 2568 2730 2639 ὥσπερ
2755 2571 2783 2622 ὁ
2805 2569 3090 2641 ἄνθρωπος
3111 2568 3352 2638 γεγονὼς
3375 2570 3468 2623 καὶ
3496 2570 3733 2639 δυνάμε-

2128 2680 2217 2724 νος
2259 2663 2419 2732 εἴπερ
2450 2661 2694 2731 βούλοιτο
2721 2663 3013 2733 Θεωθῆναι,
3063 2662 3163 2715 οὐκ
3207 2661 3348 2732 ἔχων
3375 2663 3431 2715 δὲ
3474 2662 3735 2732 ἀνάγκην

2129 2756 2193 2809 ἄν
2214 2771 2320 2827 περ
2343 2753 2587 2823 βούλοιτο
2615 2754 2752 2825 πρὸς
2781 2752 2851 2805 τὰ
2878 2753 3045 2823 χείρω
3081 2752 3244 2824 ῥέψαι
3285 2753 3734 2808 ἀναστέλλουσαν

2128 2850 2227 2920 τὴν
2259 2848 2455 2919 ὁρμὴν,
2489 2847 2782 2917 θεούμενος
2814 2848 2912 2918 μὲν
2934 2848 3040 2900 τῶν
3061 2847 3271 2918 μυρίων
3293 2847 3536 2901 ἐπαίνων
3573 2847 3736 2914 ἄξιός

2132 2942 2249 2992 ἐστι
2282 2941 2596 3010 τυγχάνειν,
2638 2939 3107 3011 ἁποθηριούμενος
3121 2941 3176 2993 δέ
3202 2941 3294 2993 καὶ
3317 2941 3603 3012 κτηνώδης
3636 2959 3735 3009 γε-

2132 3034 2378 3104 νόμενος,
2439 3035 2527 3087 ἵνα
2574 3032 2649 3104 μὴ
2709 3033 2856 3101 λέγω
2906 3037 2972 3104 τῇ
3004 3033 3114 3086 τῶν
3166 3033 3426 3105 πονηρῶν
3452 3034 3736 3105 δαιμόνων

2133 3125 2627 3197 παραμιλλὼμενος
2658 3126 2846 3197 κακία,
2873 3127 3089 3197 μυρίοις
3111 3127 3476 3182 ὑποϐάλλεται
3495 3127 3734 3198 ψόγοις·

2131 3221 2227 3276 καὶ
2265 3220 2371 3291 πρό
2388 3235 2453 3288 γε
2487 3217 2679 3272 τούτου
2707 3223 2836 3290 περὶ
2891 3221 2960 3272 τὰ
3017 3221 3076 3272 ἐν
3107 3220 3184 3290 τῷ
3225 3221 3323 3292 βίῳ
3366 3224 3580 3293 τερπνὰ
3633 3225 3734 3276 καὶ

2131 3315 2261 3386 ἡδέα
2293 3314 2385 3368 τὸν
2409 3312 2534 3366 νοῦν
2559 3312 3018 3384 ἐνησχολημένος,
3073 3315 3294 3385 μυρίοις
3329 3315 3454 3368 καθ’
3484 3317 3737 3389 ἑκάστην

2131 3405 2532 3475 περιαντλεῖται
2565 3406 2753 3467 κακοῖς
2777 3421 2792 3435 ’
2827 3404 2981 3473 μόλις
3013 3406 3146 3458 ποτέ
3164 3406 3225 3458 τὸ
3247 3406 3565 3477 ματαιότης
3626 3425 3736 3478 μα-

2129 3500 2451 3570 ταιοτήτων,
2476 3496 2544 3549 τὰ
2570 3497 2745 3550 πάντα
2773 3499 3092 3567 ματαιότης,
3124 3498 3415 3569 δυνάμενος
3459 3501 3696 3553 συνιδεῖν
3717 3519 3734 3532 ·

2133 3593 2324 3647 ἐαυτὸν
2354 3592 2412 3644 δέ
2439 3589 2682 3661 τῷλόγῳ
2726 3591 2977 3662 χωρίζων
3007 3591 3101 3644 τοῦ
3137 3593 3366 3664 κόσμου,
3410 3594 3506 3646 καὶ
3540 3594 3655 3646 τῶν
3676 3597 3736 3647 ἐν

2131 3686 2209 3757 τῷ
2233 3685 2426 3756 κόσμῳ
2451 3684 2830 3756 περιστάσεων
2883 3686 2979 3738 καὶ
3027 3685 3358 3756 ἁδολεσχιῶν
3381 3687 3481 3756 τῆς
3512 3688 3598 3740 ὅτι
3627 3687 3740 3756 μά-

2132 3779 2289 3832 λιστα
2321 3777 2670 3848 εὐδαιμονίας
2696 3776 2963 3830 ἀπολαύει
2988 3799 2999 3808 ·
3041 3779 3137 3830 καὶ
3168 3779 3274 3849 πρὸ
3296 3779 3388 3830 τοῦ
3413 3781 3600 3848 τυχεῖν
3628 3779 3740 3831 τῶν

2135 3871 2344 3924 ἐκεῖθεν
2371 3870 2445 3930 ὡς
2487 3871 2547 3922 ἐν
2612 3868 2783 3921 εἰκόνι
2809 3867 2888 3938 τῷ
2936 3869 3190 3940 παρόντι.
3226 3870 3320 3924 καὶ
3357 3872 3416 3923 ἐν
3461 3873 3741 3941 προοιμέῳ

2135 3963 2338 4032 πολλῆς
2364 3962 2462 4032 τῆς
2494 3960 2898 4032 μακαριότητος
2938 3962 3209 4032 ἐντρυφᾷ·
3254 3962 3397 4016 ὥστε
3419 3961 3544 4015 οὔτε
3580 3965 3608 4015 6
3635 3980 3742 4016 1m-

2133 4059 2238 4127 τὴρ
2265 4055 2342 4126 τῷ
2373 4055 2526 4108 παιδὶ
2575 4055 2831 4125 μάχεται,
2865 4055 2893 4105 ὁ
2925 4053 3237 4125 θεοπάτωρ.
3281 4057 3449 4125 φημὶ,
3473 4057 3642 4110 Δαϐὶδ
3666 4057 3742 4119 τῷ

2137 4147 2286 4218 σοφῴ
2340 4147 2666 4217 Σολομῶντι,
2700 4147 2729 4199 6
2764 4146 2862 4216 μὲν
2913 4146 3176 4211 ἐπαινῶν,
3215 4147 3244 4199 6
3272 4147 3328 4198 δέ
3351 4149 3614 4214 κατάγων
3645 4150 3742 4201 τὸν

2135 4240 2446 4309 ἄνθρωπον,
2484 4235 2608 4290 οὔτε
2631 4238 2664 4306 ἡ
2685 4236 2805 4290 θεία
2831 4237 3024 4309 Γραφὴ
3041 4237 3370 4308 διαμάχεται
3389 4239 3582 4309 ἑαυτῇ,
3611 4241 3742 4292 ἀλλ’

2135 4331 2256 4384 οὐδὲ
2287 4330 2394 4383 τῶν
2417 4330 2676 4400 Πατέρων
2696 4332 2728 4399 ἡ
2739 4330 2855 4400 μῶν
2886 4330 2915 4382 ὀ
2942 4328 3084 4394 θεῖος
3113 4330 3297 4403 χορὸς,
3329 4331 3462 4384 ποτέ
3511 4332 3615 4401 μὲν
3637 4335 3743 4404 τὴν

441 4455 589 4494 nunc
613 4450 794 4495 autem
823 4441 977 4511 parvi
999 4440 1374 4509 pendentium,
1400 4451 1454 4496 et
1485 4443 1551 4498 ad
1582 4443 1829 4497 ultimam
1855 4444 2025 4497 vilita-

2141 4422 2428 4496 ἀνθρώπου
2447 4423 2825 4488 ἐκθειάζοντες
2857 4423 3044 4492 φύσιν,
3081 4425 3213 4478 ποτὲ
3241 4425 3299 4478 δὲ
3329 4426 3744 4491 κατευτελίζον·

442 4542 550 4588 tem
580 4535 963 4602 redigeutium.
996 4533 1060 4587 Et
1092 4535 1348 4604 sepositis
1379 4551 1502 4605 qua:
1537 4536 1682 4591 dicta
1719 4545 1868 4603 sunt,
1896 4552 2036 4607 quo-

441 4627 606 4677 modo
684 4624 936 4694 corporis
995 4623 1310 4679 aflectiones
1367 4635 1422 4679 et
1471 4626 1786 4694 quotidiana
1851 4636 2037 4681 nostra

439 4715 643 4770 damna
697 4734 805 4770 non
891 4732 992 4771 nos
1057 4718 1471 4787 deprimerent?
1509 4718 1807 4772 Conversio
1852 4729 2036 4774 autem

442 4812 641 4864 mentis
671 4811 736 4865 ad
788 4811 1306 4880 contemplationem
1355 4819 1409 4864 et
1446 4827 1697 4880 superna:
1748 4811 2040 4881 voluptatis

443 4905 762 4973 puritatem,
812 4906 1092 4975 quumudo
1153 4915 1398 4959 nostram
1437 4905 1604 4959 vitam
1661 4921 1771 4961 non
1820 4906 2037 4961 beatam

441 5013 507 5054 ac
539 4996 752 5055 felicem
804 5001 1172 5070 prmstarent?

940 5157 1270 5226 QUASSTIO
1299 5157 1367 5213 Χ.

517 5254 693 5322 Quare
743 5255 1070 5309 dwmoniaco
1135 5255 1317 5306 morbo
1368 5263 1707 5322 mgrotanm,

942 5324 1263 5396 evangelista
1288 5334 1437 5382 voca!
1475 5329 1500 5382 ?

1778 5254 2040 5309 fanaticos

2139 4534 2232 4580 τες
2267 4519 2362 4569 καὶ
2385 4518 2466 4579 εἰς
2484 4515 2714 4586 ἔσχατον
2737 4515 3264 4584 συγκατακλείοντες
3307 4521 3710 4588 ταπεινότητος
3729 4535 3744 4549 ·

2139 4613 2235 4664 καὶ
2275 4609 2442 4680 χωρὶς
2492 4609 2549 4662 δέ
2579 4608 2690 4662 τῶν
2731 4609 3044 4679 εἰρημένων
3074 4608 3144 4663 τὰ
3188 4610 3323 4681 περὶ
3365 4610 3426 4664 τὸ
3461 4612 3746 4681 σωμάτιον

2141 4701 2294 4770 πάθη
2328 4703 2424 4753 καὶ
2446 4702 2502 4752 αἱ
2533 4699 2906 4770 καθημεριναὶ
2936 4700 3112 4755 λῶϐαι
3165 4700 3286 4765 πῶς
3334 4702 3396 4756 οὐ
3434 4703 3747 4756 κατευτελί-

2143 4792 2298 4856 ζουσι
2323 4791 2391 4844 τὰ
2420 4791 2708 4861 ἡμετερας
2737 4793 2771 4859 ἠ
2807 4791 2864 4845 δὲ
2883 4793 3020 4862 πρὸς
3051 4792 3284 4862 θεωρίαν
3304 4796 3617 4873 ἐπιστροφὴ
3650 4802 3745 4855 τοῦ

2147 4884 2241 4938 νοῦ
2283 4884 2379 4936 καὶ
2407 4883 2468 4936 τὸ
2492 4883 2704 4936 ἐκεῖθεν
2731 4883 2831 4954 τῆς
2857 4884 3052 4956 ἡδονῆς
3077 4886 3344 4958 καθαρὸν,
3399 4891 3523 4954 πῶς
3547 4893 3610 4945 οὗ
3637 4912 3748 4964 μι-

2151 4980 2350 5051 κκρίαν
2416 4977 2574 5048 ἡμῶν
2640 4977 2735 5030 καὶ⁵
2790 4977 3086 5049 εὐδαίμονα
3145 4981 3248 5052 τὴν
3300 4979 3582 5039 πολιτείαν
3612 4987 3749 5042 ὕπο-

2151 5073 2460 5126 δεικνύουσι
2486 5089 2500 5138 ;

2734 5164 3070 5218 ΕΡΩΤΠΣΙΣ
3097 5163 3159 5223 1'.

2157 5260 2216 5312 Τί
2244 5257 2320 5326 δή
2351 5255 2694 5333 ποτεῃτορς
2753 5255 3035 5333 δαιμονίᾳ
3089 5258 3258 5333 νόσῳ
3296 5263 3747 5333 κακουμένους,

2237 5326 2790 5397 σεληνιαζομένους
2819 5331 2850 5381 o'
2869 5329 3313 5398 εὐαγγελιστὴς
3342 5326 3620 5401 ὀνομὶὶζει
3645 5353 3663 5398 ;

568 5444 715 5498 Edita
745 5461 772 5495 a
802 5443 949 5505 Maio,
980 5446 1017 5494 l.
1049 5461 1093 5497 c.
1129 5461 1175 5510 p.
1211 5446 1358 5508 9-10;
1384 5448 1658 5510 explanans
1687 5461 1776 5497 cur
1802 5448 2025 5512 evangeli

2137 5446 2333 5510 (Matth.
2358 5459 2425 5506 tv,
2453 5445 2541 5507 u;
2564 5458 2685 5506 xvn,
2710 5443 2792 5507 14)
2815 5442 3149 5494 daemoniacos
3171 5455 3320 5496 vocet
3350 5445 3624 5499 lunaticos.

543 5553 838 5612 Lunaticos
858 5556 1194 5626 evangelista
1219 5573 1248 5612 a
1265 5558 1518 5612 daemone
1556 5555 1816 5611 obsessos
1868 5565 2053 5623 vocat,

447 5663 560 5706 non
607 5649 789 5704 lunam
831 5650 1136 5710 affectionis
1197 5667 1420 5710 causam
1490 5650 1802 5722 assignans,
1859 5662 2035 5719 neque

518 5764 570 5797 '°
601 5763 781 5824 Eccle.
820 5782 858 5836 ι,
898 5767 934 5821 2

2233 5553 2728 5624 Σεληνιαξομένους
2787 5553 2817 5606 6
2870 5551 3262 5622 εὑαγγελιστὴς
3311 5553 3440 5616 τοὺς
3489 5553 3752 5628 δαιμονίᾳ

2148 5645 2413 5716 κατὸχους
2475 5642 2734 5715 ὀνομάζει
2791 5644 2953 5714 νόσῳ,
3014 5642 3133 5713 οὐχὶ
3169 5641 3268 5714 τὴν
3307 5641 3544 5715 σελήνην
3565 5644 3750 5704 nitida
