3916 6192
140 279 247 344 117

1193 299 1287 357 AD
1313 299 1907 363 AMPHILOCHIUM
1951 302 2296 376 QUIESTIO
2321 305 2396 364 Χ.

3310 306 3412 366 118

138 393 241 485 τοὺ
274 393 480 460 πάθους
505 398 862 470 ἀναγράφων,
902 402 1010 456 οὐδ’
1039 404 1121 457 ὅτι
1155 407 1291 478 αὕτη
1330 408 1420 461 τὸν
1446 409 1730 480 ἄνθρωπον

1851 414 1959 484 [uia
1983 414 2220 485 maligno
2236 414 2511 469 hominem
2535 411 2832 482 occupandi
2853 409 3171 467 occasiones
3193 412 3417 482 praebet.

138 483 239 538 τοῦ
263 485 470 540 ἁλῶναι
509 489 588 560 τῷ
646 492 804 563 κακῷ
853 494 954 558 τάς
1005 497 1259 567 ἀφορμάς
1313 500 1563 572 παρέχει,
1610 503 1724 556 ἀλλ’

138 576 356 648 ἑθίμοις
383 578 458 650 τῷ
488 581 684 653 πλήθει
735 585 829 636 καὶ
875 587 1173 658 γνωρίμοις
1233 590 1462 661 ὀνόμασι
1493 594 1591 658 τὰς
1629 593 1724 648 τοῦ

140 669 416 724 Δεσπότου
447 671 895 746 θαυματουργίας
941 679 1256 744 σπουδάζων
1288 683 1592 753 διηγεῖσθαι
1618 701 1632 715 ⁶
1663 686 1724 739 οὑ

141 760 259 831 γὰρ
282 757 349 832 ἦν
373 763 523 833 αὐτῷ
556 767 743 837 σκοπῷ
771 769 1007 832 ἀττικῶς
1041 773 1236 834 εἰπεῖν,
1258 775 1395 828 ἀλλὰ
1424 777 1606 844 σαφῶς
1628 779 1725 847 τὴν

143 851 408 922 ἀλήθειαν
435 853 644 918 διδάξαι
664 871 678 886 ’
722 858 880 911 τοῦτο
933 860 978 912 δ’
1012 862 1077 912 ἀν
1112 861 1372 932 ὑπάρξαι,
1403 866 1451 917 εί
1479 869 1543 936 τῇ
1573 871 1724 938 κοινῇ

145 945 346 1013 χρήσει
365 947 473 999 τῶν
507 948 788 1017 ὀνομάτων
825 953 919 1004 καὶ
942 952 1017 1015 ὡς
1045 956 1394 1027 ἐπιχωριάζει
1422 958 1482 1010 τὸ
1513 957 1632 1022 ἔθος
1660 959 1728 1013 τὰ

144 1037 408 1102 γεγονότα
437 1056 519 1101 τις
552 1041 886 1108 ἀπαγγελεῖ·
939 1043 1115 1106 ἄλλως
1150 1063 1208 1098 τε
1255 1047 1311 1100 δὲ
1339 1048 1446 1100 οὐδ’
1474 1049 1728 1118 ἐμπεδῶν

145 1122 216 1194 ἦν
246 1126 340 1181 τοῦ
367 1131 607 1198 ῥήματος
651 1134 683 1201 ή
730 1136 926 1203 χρῆσις
975 1135 1055 1205 τῷ
1084 1137 1402 1208 κηρύγματι
1450 1140 1549 1211 τῆς
1574 1141 1730 1192 εὑσε-

147 1217 305 1282 ϐείας
327 1235 344 1248 ·
379 1223 502 1274 ἐπεὶ
549 1223 658 1292 γάρ
711 1225 896 1278 πολλοὶ
919 1227 1028 1279 τῶν
1052 1228 1185 1298 ήλίῳ
1219 1231 1312 1282 καὶ
1338 1230 1535 1302 σελήνῃ
1569 1231 1731 1284 λελα-

146 1312 460 1380 τρευκότων
515 1313 740 1385 ἔμελλον
773 1320 1036 1388 κατήκοοι
1074 1320 1182 1372 τῶν
1212 1324 1557 1376 Δεσποτικῶν
1582 1323 1730 1392 γίνε-

151 1404 280 1458 σθαι
313 1406 627 1476 θαυμάτων,
659 1412 723 1463 ἐκ
761 1412 860 1479 τῆς
893 1414 1022 1484 παρ’
1057 1415 1241 1476 αὐτοῖς
1292 1417 1611 1486 ὑπολήψεως
1639 1417 1733 1469 καὶ

148 1495 254 1561 τῆς
281 1496 391 1547 τῶν
426 1499 685 1567 ῥημάτων
711 1503 983 1570 χρήσεως,
1021 1503 1121 1572 τῆς
1168 1505 1404 1574 ἀρχαίας
1427 1506 1623 1568 αὑτοὺς
1641 1506 1734 1558 καὶ

150 1585 448 1651 δυσσεϐοῦς
466 1590 798 1645 ἀπαλλάττει
820 1594 1050 1664 πλάνης,
1074 1599 1354 1667 μονονουχὶ
1371 1597 1592 1661 τούτους
1608 1599 1738 1652 ἀνα-

152 1682 489 1750 καλούμενος
533 1687 626 1739 καὶ
669 1687 807 1757 βοῶν
830 1706 843 1719 ⁸
881 1691 1212 1762 Ἄνθρωποι,
1243 1694 1361 1756 πῶς
1417 1694 1612 1765 σελήνῃ
1642 1694 1737 1748 καὶ

1829 508 1922 562 sed
1960 508 2100 578 plebi
2132 508 2350 562 usitatis
2389 515 2442 561 et
2476 507 2619 560 notis
2668 504 2891 560 vocibus
2922 503 3130 556 Domini
3160 502 3420 557 miracula

1828 601 2008 653 nitens
2061 613 2348 668 exponere.
2403 595 2519 652 Non
2559 596 2702 651 enim
2766 594 3079 649 attendebat
3115 593 3280 646 attice
3333 591 3423 647 lo-

1828 691 1942 759 qui,
1971 691 2063 745 sed
2099 691 2244 745 clare
2273 690 2554 744 veritatem
2592 687 2806 750 docere,
2839 685 2982 756 quod
3012 683 3125 738 ﬁeri
3158 683 3417 752 debebat,

1830 780 1875 832 si
1911 779 2186 831 communi
2221 779 2503 831 nominum
2538 792 2640 830 usu
2671 783 2724 829 et
2784 784 2841 828 ut
2877 774 3097 828 solitum
3131 779 3234 836 est,
3269 769 3413 826 facta

1829 872 2278 925 enuntiarentur.
2329 869 2562 924 Aliunde
2620 884 2724 921 non
2772 867 3026 920 obstabat
3074 863 3225 919 verbi
3276 878 3411 917 usus

1831 960 2059 1029 pietatis
2108 959 2518 1012 annuntiationi
2559 971 2717 1012 :cum
2743 955 2886 1009 enim
2923 954 3078 1008 multi
3108 967 3295 1008 eorum
3326 945 3422 1022 qui

1831 1050 1929 1101 soli
1962 1059 2012 1102 et
2055 1048 2194 1100 lunae
2241 1047 2562 1111 servierant,
2633 1043 2849 1097 Domini
2893 1041 3160 1097 miracula
3226 1039 3422 1095 audire

1830 1139 2131 1196 deberent,
2191 1150 2256 1187 ex
2313 1148 2502 1187 eorum
2560 1131 2820 1202 opinione
2871 1139 2925 1186 et
2957 1130 3247 1185 verborum
3292 1143 3421 1190 usu.

1833 1226 1900 1279 ab
1925 1223 2150 1291 antiquo
2171 1229 2222 1275 et
2246 1219 2412 1288 impio
2436 1234 2621 1274 errore
2652 1233 2746 1273 eos
2770 1218 2984 1283 liberat,
3017 1216 3129 1271 fere
3144 1231 3241 1272 eos
3265 1215 3422 1269 invo-

1833 1327 1990 1375 cans,
2021 1321 2075 1365 et
2104 1311 2350 1366 clamans
2384 1327 2398 1363 :
2441 1308 2722 1372 Homines,
2750 1307 3023 1376 Quomodo
3047 1306 3189 1360 luna
3238 1313 3291 1358 et
3317 1295 3418 1360 soli

1837 1405 2074 1474 aliquam
2130 1402 2400 1456 adhibetis
2434 1399 2840 1455 venerationem
2889 1405 2943 1454 et
2983 1398 3115 1453 deos
3168 1407 3223 1452 et
3255 1397 3426 1451 bene-

1837 1498 2070 1551 factores
2093 1510 2189 1551 eos
2217 1494 2441 1565 putatis,
2469 1509 2538 1548 ex
2588 1493 2788 1564 quibus
2810 1501 2871 1546 ut
2894 1491 3014 1561 ipso
3038 1491 3203 1546 verbo
3242 1490 3424 1545 dicere

1836 1587 2116 1649 videmini,
2155 1597 2301 1641 tanta
2327 1585 2542 1656 quidem
2582 1585 2725 1640 mala
2751 1583 3021 1654 accipitis,
3053 1591 3263 1637 tantum
3325 1596 3425 1634 au-

1842 1693 1949 1737 tem
1981 1683 2206 1738 exitium
2237 1680 2519 1734 hominum
2549 1694 2722 1751 genus
2750 1677 2996 1749 depascit
3022 1677 3045 1731 ?
3072 1675 3297 1746 Oportet
3324 1689 3422 1729 vos

153 1776 293 1846 ἡλίῳ
317 1793 368 1828 τι
397 1777 562 1840 σέϐας
586 1780 855 1834 ἀνάπτετε
887 1784 982 1836 καὶ
1007 1784 1160 1848 θεοὺς
1189 1785 1283 1839 καὶ
1324 1785 1618 1855 εὐεργέτας
1653 1802 1737 1839 νο-

1851 1796 1872 1833 a
1904 1780 2027 1832 luna
2056 1788 2109 1832 et
2147 1776 2362 1832 cteteris
2383 1775 2648 1844 separari,
2680 1790 2804 1830 cum
2834 1785 2944 1828 tam
2980 1773 3120 1828 male
3143 1780 3195 1826 et
3217 1769 3428 1825 tamin-

206 1867 255 1901 τ’
323 1885 343 1898 ρ
419 1868 473 1902 ιε
539 1863 566 1888 ‘r
661 1873 674 1889 ο
763 1877 784 1890 π
873 1874 886 1892 ο
1128 1877 1139 1893 ο
1449 1877 1472 1889 ’⁸

157 1885 368 1936 μ.ζετε,
416 1885 474 1935 ες
531 1889 606 1924 ων
652 1891 812 1941 υμεις
858 1892 933 1937 ως
965 1874 1032 1928 ἂν
1080 1878 1238 1929 αυτολ⁵
1265 1877 1358 1930 καὶ
1404 1895 1484 1947 τῳ
1538 1878 1744 1948 ῥήματι

156 1962 354 2030 φαίητε
385 1963 688 2031 τηλικαῦτα
727 1965 825 2035 μὲν
890 1965 1190 2037 μαθήματα
1249 1966 1468 2038 φέρετε,
1507 1967 1746 2033 τοσαύτη

153 2055 213 2106 δὲ
238 2055 385 2125 λύμη
419 2057 496 2128 τῷ
526 2057 852 2127 ἀνθρωπίνῳ
904 2059 1053 2127 γένει
1093 2060 1450 2129 ὲπινέμεται;
1491 2059 1608 2113 δέον
1657 2076 1748 2111 σε-

160 2143 334 2215 λήνης
366 2152 458 2201 καὶ
486 2148 594 2200 τῶν
634 2148 808 2201 ἄλλων
866 2149 1326 2214 ἀπαλλάττεσθαι,
1376 2150 1547 2213 οὕτως
1575 2151 1749 2220 ¹χαλε-

156 2239 277 2298 πῶς
309 2239 403 2290 καὶ
430 2240 646 2302 ἀθλίως,
684 2241 759 2305 ὡς
783 2243 1142 2312 ὑπειλήφατε,
1171 2242 1522 2295 διατεθέντων
1554 2243 1736 2312 ὑμῶν’

153 2327 236 2396 τῷ
262 2328 319 2380 δὲ
343 2330 664 2384 καὶτούτων
713 2333 807 2384 καὶ
847 2333 1022 2386 ἄλλων
1069 2333 1280 2404 μυρίων
1312 2334 1502 2387 παθῶν
1525 2333 1739 2403 νέμοντι

1844 1871 2094 1936 feliciter,
2119 1878 2179 1923 ut
2225 1869 2330 1938 ipsi
2382 1867 2706 1938 opinamini,
2735 1865 2987 1934 dispositi
3019 1865 3141 1920 sitis
3172 1879 3189 1930 ;
3222 1863 3300 1916 illi
3327 1877 3427 1916 au-

1846 1973 1950 2018 tem
1974 1962 2065 2031 qui
2108 1962 2176 2015 ab
2219 1960 2340 2015 istis
2363 1969 2419 2014 et
2465 1959 2588 2014 aliis
2617 1959 2889 2012 sexcentis
2923 1957 3083 2012 malis
3124 1956 3319 2009 liberat
3373 1964 3430 2008 et

1845 2052 2085 2108 ctelestia
2113 2051 2255 2105 bona
2290 2049 2524 2120 largitur
2553 2059 2609 2103 et
2634 2047 3053 2102 venerationem
3085 2045 3342 2099 adbibere
3375 2051 3428 2097 et

1846 2160 2038 2216 puram
2071 2143 2446 2197 adorationem
2475 2140 2674 2195 offerre
2706 2157 2720 2194 :
2770 2139 2958 2208 itaque
2986 2137 3091 2206 piis
3140 2133 3425 2205 principiis

1847 2235 1983 2288 nihil
2047 2232 2368 2288 contradicit
2397 2231 2704 2288 communis
2765 2239 2816 2284 et
2847 2229 3060 2284 usitatae
3091 2227 3240 2281 vocis
3268 2225 3425 2280 adhi-

1851 2329 2009 2382 bitio.
2092 2353 2096 2357 ·
3221 2334 3223 2336 ’

155 2422 260 2489 τὴν
324 2423 636 2493 ἐλευθερίαν
689 2426 784 2478 καὶ
844 2425 912 2480 τά
982 2426 1177 2481 αἰώνια
1251 2426 1750 2496 ὲπιδαῲιλευομένῳ
1787 2422 1990 2492 ἀγαθά,
2055 2421 2249 2490 ἐκείνῳ
2306 2418 2400 2472 καὶ
2451 2416 2512 2470 τὸ
2567 2415 2730 2480 σέϐας
2767 2415 3028 2470 ἀνάπτειν
3061 2412 3158 2464 καὶ
3203 2410 3302 2480 τὴν
3329 2407 3427 2461 λα-

156 2513 351 2582 τρείαν
380 2517 683 2586 προσάγειν
714 2517 1006 2589 καθαρῶςο
1043 2517 1216 2584 οὑτως
1263 2517 1414 2570 οὐδὲν
1444 2517 1804 2590 προσίσταται
1839 2517 1937 2584 τῆς
1968 2513 2151 2582 κοινῆς
2206 2510 2304 2564 καὶ
2369 2507 2560 2578 ὲθίμου
2590 2505 2790 2571 λέξεως
2842 2506 2878 2576 ἠ
2941 2505 3136 2575 χρῆσις
3171 2502 3283 2559 τοῖς
3337 2497 3428 2550 εἶδ’

159 2605 348 2656 σεϐἑσι
376 2603 678 2674 λογισμοῖς.

237 2701 488 2752 Ἤκουσα
525 2700 580 2752 δέ
609 2718 768 2754 τινων
791 2702 1060 2768 λεγόντων
1089 2701 1164 2764 ὡς
1201 2703 1382 2756 ἄλλοτι
1412 2702 1472 2756 τὸ
1495 2699 1747 2771 σεληνιά-

1950 2692 2145 2747 Amlivt
2179 2689 2472 2744 nonnullos
2499 2687 2740 2742 dicentes
2771 2686 2915 2740 aliud
2951 2684 3252 2740 lunaticum
3306 2697 3428 2736 esse

161 2792 354 2855 ζεσθαι
387 2793 534 2860 παρά
577 2793 637 2843 τὸ
660 2791 921 2863 δαιμονᾷν
947 2796 974 2846 ὁ
1018 2794 1412 2864 εὑαγγελιστὴς
1476 2769 1619 2846 οἶδεν
1645 2810 1657 2822 ο
1686 2793 1747 2846 οὑ

1851 2792 1898 2838 et
1944 2780 2091 2835 aliud
2121 2795 2151 2833 a
2196 2779 2444 2832 daemone
2497 2775 2737 2830 obsideri
2773 2774 3162 2843 evangeliStam
3215 2769 3428 2838 signiti-

158 2884 274 2953 γὰρ
334 2882 398 2935 ἂν
465 2881 633 2935 εἰπὼν
688 2884 1191 2953 σεληνιαζομένους,
1252 2887 1310 2938 ὲν
1363 2885 1548 2953 ταὺτῷ
1580 2901 1747 2955 προσ-

1851 2866 2001 2930 casse
2027 2891 2040 2927 :
2071 2889 2176 2928 non
2209 2872 2377 2936 enim,
2424 2880 2710 2941 postquam
2766 2868 2903 2924 dixit
2959 2865 3247 2928 lunaticos,
3280 2863 3430 2933 adje-

160 2974 332 3045 έθηκε
363 2974 454 3025 καὶ
474 2973 955 3043 δαιμονιζομένους
977 2989 990 3002 ⁶
1029 2975 1123 3029 καὶ
1148 2972 1286 3030 εἶναι
1321 2977 1413 3030 τὸν
1439 2974 1747 3045 σεληνιαζό-

1855 2969 2020 3022 cisset
2049 2972 2105 3017 et
2143 2962 2473 3017 daemonium
2519 2959 2817 3013 habentes:
2855 2968 2909 3012 et
2955 2973 3076 3012 esse
3129 2955 3428 3008 lunaticunt

165 3083 329 3136 μενον
357 3067 454 3134 οὑχ
487 3065 590 3118 ὑπὸ
621 3064 874 3134 δαίμονος
899 3067 1310 3137 ἐνεργούμενον,
1336 3068 1452 3121 ἀλλ’
1478 3069 1581 3120 ὑπό
1604 3084 1747 3128 τινος

1853 3073 1960 3110 non
1983 3071 2013 3108 a
2045 3053 2293 3108 da’mone
2317 3052 2672 3121 exagitatum,
2703 3049 2796 3102 sed
2836 3048 2944 3102 alio
2969 3046 3205 3116 quodam
3238 3043 3429 3098 morbo

1932 3152 1939 3161 .
2046 3149 2056 3160 ι
2135 3149 2145 3159 -
2195 3147 2205 3157 -
2387 3160 2390 3161 ,
2477 3159 2490 3161 _
2517 3141 2703 3161 ηυγ-,9-
2736 3143 2782 3161 ε..
2833 3155 3051 3161 Α--..-..-
3111 3137 3429 3161 l...---.....:l.....

162 3159 357 3229 ἑτέρου
381 3158 712 3226 νοσήματος,
757 3157 785 3210 ὃ
831 3159 926 3219 τὰς
955 3159 1128 3229 ἀρχὰς
1174 3160 1280 3211 ἀπὸ
1308 3161 1414 3212 τῶν
1442 3161 1499 3212 ἐν
1535 3157 1747 3226 σώματι

165 3251 485 3320 σεσηπότων
537 3248 728 3318 χυμῶν
786 3249 1055 3319 λαμϐάνει
1083 3267 1097 3282 ο
1148 3245 1293 3305 οὑτοι
1334 3251 1390 3304 δὲ
1425 3249 1626 3320 μᾶλλον
1652 3247 1749 3303 aii-

163 3342 352 3417 ξονται
407 3344 499 3395 καὶ
556 3342 912 3412 σφοδρότερον
977 3342 1310 3395 ἐπιτίθενται
1372 3343 1473 3412 τῆς
1522 3343 1748 3410 σελήνης

166 3434 510 3506 πλησιφαοῦς
544 3433 711 3506 οὔσης
732 3450 744 3463 ·
781 3436 875 3487 καὶ
897 3433 1003 3504 γὰρ
1033 3433 1203 3487 πολλά
1233 3439 1340 3486 τῶν
1364 3433 1537 3489 ἄλλων
1569 3435 1750 3505 ὑγρῶν

164 3525 265 3588 καὶ
302 3525 359 3575 ὲν
388 3523 536 3594 ὑγρῴ
559 3523 953 3594 διαιτωμένων,
999 3523 1189 3595 ὥσπερ
1219 3525 1418 3595 ὄστρεά
1448 3540 1507 3576 τε
1555 3526 1650 3578 καὶ
1683 3526 1750 3578 τὰ

164 3615 418 3677 τοιαῦτα,
447 3616 567 3667 τότε
599 3614 798 3685 μᾶλλον
825 3616 1016 3680 ὁρᾶται
1046 3615 1183 3686 πρὸς
1208 3613 1360 3679 αὑξιν
1388 3615 1748 3678 ὲπιδιδοῦντα,

164 3710 271 3764 οὑκ
303 3708 684 3778 αὑτοδεσπότῳ
726 3709 917 3779 κράτει
965 3707 1066 3777 τῆς
1123 3708 1354 3777 σελήνης
1387 3707 1551 3759 τοῦτο
1580 3724 1754 3778 πρατ-

164 3797 386 3867 τούσης.
414 3798 617 3863 ἄπαγε,
641 3797 778 3851 ἀλλὰ
803 3798 900 3868 τῆς
927 3799 1242 3868 ἀπορρήτου
1265 3798 1623 3866 δημιουργίας
1655 3797 1750 3850 τοῦ

165 3894 355 3948 πάντα
378 3893 434 3944 ἐν
460 3893 623 3963 σοφίᾳ
649 3891 1006 3961 πεποιηκότος
1025 3891 1289 3954 τοιαύτας
1319 3891 1456 3962 αὑτῇ
1474 3894 1571 3954 τάς
1601 3892 1752 3962 ἐνερ-

166 3986 328 4054 γείας
387 3985 850 4054 ὲγκαταθεμένου.
900 3985 1010 4036 Καὶ
1056 3985 1186 4055 γὰρ,
1249 3983 1435 4054 φησὶν,
1494 3983 1570 4047 ὡς
1601 3984 1662 4037 τὸ
1697 3987 1754 4037 ὲν

165 4079 313 4147 αὐτῇ
354 4076 555 4146 θερμὸν
587 4076 803 4145 φύσεως
837 4077 1066 4146 χλιαρᾶς
1092 4077 1358 4147 ὑπάρχον,
1395 4077 1614 4130 ἐπειδὰν
1644 4077 1754 4130 τῶν

165 4168 461 4239 ἡμετέρων
493 4169 763 4237 σωμάτων
790 4172 910 4231 ταῖς
957 4167 1138 4238 βολαῖς
1169 4169 1449 4238 ὲπιψαύοι,
1493 4169 1755 4239 ἀνάχυσιν

171 4261 276 4332 μὲν
301 4261 409 4312 τῶν
440 4261 496 4312 ὲν
522 4261 652 4329 ήμῖν
713 4260 895 4330 ὑγρῶν
938 4261 1383 4331 παρασκευάζει,
1433 4262 1756 4332 διαφόρησιν

183 4353 229 4423 is
256 4352 352 4405 καὶ
382 4352 676 4420 ἀπόκρισιν
735 4353 843 4408 τῶν
881 4354 1258 4424 άναχυθέντων
1287 4354 1374 4408 διὰ
1418 4355 1478 4406 τὸ
1519 4354 1592 4423 μὴ
1621 4370 1754 4422 σφο-

1856 3152 1947 3221 qui
1979 3147 2304 3219 principium
2331 3160 2396 3199 ex
2437 3141 2707 3212 corruptis
2736 3143 2786 3193 in
2827 3155 3055 3210 corpore
3111 3137 3432 3192 humoribus

1857 3242 2038 3311 capit:
2090 3239 2166 3293 illi
2208 3246 2387 3290 autem
2465 3234 2653 3288 dicunt
2707 3232 2808 3287 hos
2859 3235 3115 3285 humores
3156 3229 3329 3298 magis
3377 3236 3432 3280 et

1863 3335 2050 3389 acrius
2082 3343 2394 3400 augescere,
2454 3343 2577 3381 cum
2598 3327 2725 3379 luna
2761 3325 2920 3394 plena
2954 3331 3054 3377 est.
3090 3321 3255 3376 Multa
3285 3319 3430 3373 enim

1861 3427 2091 3496 aliorum
2131 3422 2480 3477 humidorum
2531 3428 2585 3473 et
2627 3418 2678 3471 in
2736 3416 2958 3470 humido
3015 3414 3340 3474 viventium,
3374 3419 3434 3464 ut

1858 3531 1983 3574 sunt
2052 3527 2247 3570 ostraea
2304 3521 2357 3567 et
2399 3511 2505 3564 alia
2545 3507 2943 3578 hujuscemodi,
2980 3517 3107 3560 tunc
3169 3503 3431 3572 temporis

1859 3610 2093 3663 maxime
2119 3605 2372 3659 videntur
2399 3604 2796 3656 incrementum
2829 3598 3096 3666 accipere,
3147 3611 3254 3649 non
3307 3610 3431 3664 pro-

1858 3700 1975 3769 pria
2003 3697 2238 3766 potentia
2289 3694 2339 3746 id
2375 3700 2631 3761 operante
2678 3689 2826 3755 luna,
2898 3688 3059 3750 absit,
3101 3686 3193 3740 sed
3233 3701 3432 3739 arcana

1859 3789 2175 3860 Operatione
2199 3787 2318 3855 ejus
2373 3785 2465 3853 qui
2502 3782 2685 3836 omnia
2713 3783 2765 3835 in
2800 3781 3067 3852 sapientia
3126 3777 3254 3832 fecit
3293 3777 3435 3832 hanc

1862 3885 2115 3936 virtutem
2146 3879 2224 3934 illi
2277 3880 2424 3932 intus
2472 3877 2792 3946 deponente.
2841 3873 3071 3937 Etenim,
3103 3871 3297 3940 inquit,
3351 3879 3430 3923 te-

1861 3977 1997 4047 pida:
2035 3982 2239 4027 natura:
2288 3972 2378 4039 qui
2425 3969 2478 4022 in
2508 3983 2570 4022 ea
2601 3977 2683 4022 est
2715 3966 2882 4031 calor,
2923 3980 3046 4019 cum
3075 3971 3260 4018 nostra
3317 3977 3436 4015 Cur-

1862 4064 2220 4136 poraictibus
2274 4061 2388 4116 suis
2442 4059 2678 4128 attingit,
2733 4059 2988 4110 humores
3024 4054 3115 4123 qui
3171 4053 3224 4106 in
3275 4053 3433 4105 nobis

1863 4167 1990 4214 sunt
2019 4155 2326 4216 confundit,
2389 4153 2744 4207 conl'nsorum
2804 4157 2985 4202 autem
3018 4146 3431 4215 dissipatiouem

1861 4261 1916 4307 et
1945 4249 2330 4305 excretionem.
2359 4260 2425 4298 eo
2467 4244 2612 4313 quod
2644 4257 2749 4295 non
2785 4242 2917 4296 satis
2970 4239 3123 4293 ardet
3175 4240 3344 4298 calor,
3377 4247 3436 4290 nt

1864 4342 2016 4395 calor
2064 4338 2217 4401 solis,
2250 4351 2357 4390 nou
2389 4334 2539 4388 facit.
2564 4333 2659 4387 His
2689 4341 2870 4386 autem
2897 4330 3222 4384 humoribus
3269 4330 3342 4382 ita
3381 4330 3432 4381 in

166 4421 308 4516 δράν
346 4439 605 4514 εἶναιτὴν
644 4443 876 4515 θέρμην,
904 4420 1094 4516 ῶσπερ
1122 4445 1222 4515 τὴν
1267 4447 1332 4497 ἐκ
1361 4443 1456 4496 τοῦ
1490 4420 1747 4514 ήλίου,οὑ

1867 4445 2094 4499 corpore
2133 4426 2381 4483 confusis
2430 4433 2484 4479 et
2556 4423 2920 4486 conturbatis,
2955 4436 3021 4476 eo
3072 4421 3245 4489 magis
3295 4420 3436 4472 valet

171 4540 327 4592 ποιεῖ
346 4537 604 4590 ’τουτωνὶ
628 4537 685 4589 δὲ
713 4537 821 4589 τῶν
845 4537 1036 4607 χυμῶν
1071 4536 1244 4601 οὕτως
1291 4536 1670 4607 ἀναχυθέντων
1702 4538 1760 4589 ὲν

168 4629 250 4698 τῷ
267 4627 479 4699 σώματι
509 4630 602 4681 καὶ
627 4630 1129 4702 συνταραχθέντων,
1161 4630 1359 4701 μᾶλλόν
1382 4646 1440 4683 τε
1456 4629 1518 4682 τὸ
1548 4630 1761 4698 νόσημα

175 4718 384 4789 ἰσχύει,
429 4719 527 4773 καὶ
589 4719 788 4789 μᾶλλον
835 4721 1209 4790 ἐπιτιθέμενον
1241 4720 1319 4792 τῷ
1349 4720 1636 4790 ἐγκεφάλῳ
1666 4721 1761 4772 καὶ

169 4815 242 4882 τῇ
277 4812 514 4884 κεφαλῇ,
552 4813 866 4883 διαστρέφει
897 4831 956 4866 τε
1004 4814 1064 4866 τὺ
1100 4813 1260 4879 ζῶον,
1287 4815 1380 4867 καὶ
1405 4813 1627 4877 ἀλλοιοῖ,
1666 4813 1762 4866 καὶ

169 4906 277 4968 τὰς
305 4906 541 4973 φυσικάς
597 4906 970 4978 παραποδίζον
1024 4905 1307 4976 ἐνεργείας
1357 4906 1657 4978 ρήγνυσθαί
1700 4923 1760 4958 τε

173 4997 275 5049 καὶ
302 4994 714 5066 σπαράσσεσθαι
744 4995 1186 5067 παρασκευάζει·
1217 4996 1310 5048 καὶ
1339 4997 1429 5049 διά
1457 4995 1615 5048 τοῦτο
1659 4995 1764 5047 ὑπὸ

173 5086 427 5140 τοιούτου
481 5088 749 5157 κατόχους
777 5090 1086 5159 νοσήματος
1118 5089 1213 5141 καὶ
1254 5089 1315 5140 τὸ
1364 5087 1565 5156 πλῆθος
1597 5087 1760 5158 σελη-

176 5178 539 5248 νιαζομένους
558 5181 732 5246 καλεῖ,
765 5182 858 5232 καὶ
893 5179 1082 5232 καλεῖν
1110 5179 1260 5232 οὐδέν
1307 5180 1456 5232 ἐστιν
1485 5178 1756 5247 ἐμποδών.

178 5274 342 5334 Ἐστι
373 5272 432 5325 δέ
464 5290 547 5335 τις
570 5273 664 5325 καὶ
704 5272 856 5341 παρά
890 5271 1065 5324 ταῦτα
1091 5271 1249 5339 λόγος
1276 5271 1471 5340 ¹ἕτερος
1493 5285 1506 5299 ·
1539 5270 1611 5333 ὡς
1647 5271 1766 5323 δαι-

178 5364 413 5435 μονιῶσι
442 5365 542 5434 μὲν
565 5365 661 5417 καὶ
687 5359 834 5418 οὗτοι
861 5361 954 5426 οὒς
975 5364 1024 5416 οἱ
1049 5363 1235 5416 πολλοὶ
1262 5362 1481 5430 λέγουσι
1515 5362 1765 5429 σεληνια-

181 5456 449 5524 ζομένους
471 5474 484 5486 ο
516 5459 584 5509 τὰ
631 5454 885 5526 δαιμόνια
948 5455 1004 5508 δὲ
1052 5453 1360 5508 διαϐάλλειν
1387 5453 1455 5506 τὰ
1491 5452 1768 5520 κτίσματα

176 5549 279 5602 τοῦ
333 5547 680 5618 Δημιουργοῦ
743 5549 854 5610 τοῖς
911 5546 1220 5618 ἀνθρώποις
1260 5545 1454 5616 ἔχοντα
1511 5543 1766 5614 σπουδὴν,

177 5641 438 5710 ἐπιτηρεῖ
493 5638 591 5702 τὰς
645 5639 898 5708 αὐξήσεις
945 5639 1045 5708 τῆς
1086 5638 1349 5707 σελήνης·
1397 5637 1492 5689 καὶ
1523 5635 1643 5688 τότε
1669 5635 1769 5706 τὴν

180 5732 434 5789 ιπίθεσιν
455 5732 548 5793 καὶ
581 5731 641 5786 τὸ
670 5731 838 5794 πάθος
871 5729 1208 5799 ἐκδηλότεροι
1238 5731 1414 5782 ποιεῖ’
1447 5729 1536 5782 ἵνα
1582 5725 1768 5791 κακῶς

1865 4525 2123 4589 morbus;
2147 4533 2200 4576 et
2219 4522 2392 4588 magis
2418 4517 2642 4572 cerebro
2667 4523 2717 4568 et
2739 4515 2900 4581 capiti
2926 4513 3162 4574 additur,
3196 4518 3436 4577 torquet-

1863 4634 1969 4689 que
1997 4615 2201 4672 auimal
2237 4625 2290 4668 et
2328 4621 2524 4674 mutat,
2547 4618 2601 4664 et
2632 4610 2908 4663 naturales
2936 4607 3078 4660 vires
3111 4620 3234 4658 cum
3268 4604 3436 4670 impe-

1863 4711 2009 4773 diat,
2044 4704 2466 4774 eaafrunguntur
2497 4710 2549 4755 et
2591 4698 2946 4767 dissipantur.
2982 4693 3042 4748 Et
3067 4694 3270 4747 idcirco
3316 4691 3436 4745 illos

1864 4803 1958 4872 qui
1989 4798 2082 4853 tali
2123 4797 2317 4850 morbo
2349 4801 2604 4848 tenentur
2635 4791 2830 4860 vulgus
2863 4786 3134 4841 lunaticos
3167 4784 3434 4849 nominat,

1864 4904 1919 4949 et
1953 4893 2081 4962 quin
2105 4891 2185 4946 sic
2237 4903 2333 4942 eos
2361 4885 2602 4940 nominet
2639 4883 2772 4935 nihil
2829 4881 3028 4934 obstat.
3092 4877 3188 4933 Est
3210 4886 3264 4931 et
3298 4879 3436 4931 ultra

1868 4988 1980 5042 [an
2004 4986 2139 5040 alter
2169 4997 2350 5038 sermo
2376 4979 2472 5050 qui
2515 4977 2845 5033 daemonium
2899 4973 3100 5026 habere
3155 4969 3286 5024 dicit
3342 4984 3436 5024 eos

1862 5095 2001 5147 quos
2025 5075 2220 5145 vulgus
2259 5071 2530 5126 lunaticos
2562 5075 2750 5132 vocat;
2779 5062 3044 5118 daemonia
3077 5075 3206 5115 vero
3229 5060 3436 5114 calum-

1861 5169 2076 5224 niandis
2105 5163 2379 5220 Creatoris
2407 5160 2666 5231 operibus
2718 5157 2860 5226 apud
2909 5155 3160 5210 homines
3184 5153 3388 5206 intenta
3415 5188 3432 5214 ,

1865 5258 2507 5330 diligenteriucrementa
2541 5251 2680 5305 lunae
2710 5250 3024 5312 observare,
3071 5254 3124 5299 et
3162 5252 3290 5296 tunc
3320 5257 3436 5294 rna-

1866 5355 1979 5407 luut
2036 5366 2236 5420 augere
2291 5356 2344 5402 et
2418 5345 2723 5400 evidentius
2802 5340 3001 5402 facere,
3065 5350 3124 5392 ut
3170 5336 3436 5406 pessimas

1865 5459 2062 5500 causas
2100 5458 2222 5498 esse
2268 5441 2493 5511 pulchra
2531 5439 2624 5494 Dei
2658 5435 2875 5506 opiﬁcia
2939 5432 3152 5504 opinari
3211 5444 3435 5499 persua-

1864 5538 2026 5594 deant
2081 5544 2135 5590 et
2181 5536 2305 5590 inde
2361 5535 2672 5588 Creatorem
2716 5529 3114 5598 blaspbetnent.
3167 5522 3272 5578 Sed
3345 5522 3434 5577 hic

1861 5630 2078 5699 quidem
2114 5643 2292 5683 sermo
2329 5642 2433 5680 non
2455 5625 2719 5678 rationem
2736 5622 2894 5675 aliert
2924 5637 3022 5673 cur
3061 5619 3151 5671 tali
3192 5616 3433 5668 dictione

1863 5722 2081 5778 divinus
2130 5721 2420 5791 Apostolus
2479 5733 2609 5774 usus
2648 5717 2755 5783 sit;
2812 5716 2905 5772 ‘sed
2962 5709 3236 5784 quomodo
3301 5721 3432 5762 sme
