3810 6296
497 267 598 330 119

1651 277 1750 336 ΡΗ
1757 277 1916 337 ΟΤΙΙ
1953 279 2086 340 ΡΑἸ

2199 280 2460 354 ARCIL’E
2489 281 2598 342 CP.
3691 274 3774 336 Ῑὲῧ

491 387 759 442 dannonia
785 388 1122 457 speculantia
1159 391 1302 448 lunae
1317 392 1516 464 phases
1546 404 1676 450 tunc
1724 395 1884 450 nobis
1913 396 2086 454 acrius

2201 394 2352 447 αἴτια
2381 393 2450 447 τὰ
2479 393 2620 447 καλά
2679 391 2774 445 τοῦ
2831 391 2968 445 Θεοῦ
3020 391 3484 461 δημιουργήματα
3517 387 3773 441 πείσωσιν

493 477 756 533 insultent
782 488 836 534 et
879 480 932 534 in
973 496 1074 536 nos
1112 484 1454 554 tyrannidem
1487 495 1803 540 exerceant.
1831 486 2084 541 Attamen

494 570 622 634 quia
657 572 825 627 multa
849 573 988 628 dicta
1026 585 1175 642 sunt,
1214 576 1461 646 nihilque
1517 579 1623 647 piis
1676 578 1960 648 principiis
1988 579 2086 632 ad-

496 672 764 731 versetur,
796 665 1033 736 quisque
1070 682 1193 722 eam
1251 685 1417 740 quam
1481 671 1718 726 voluerit
1765 672 2080 741 opinionem

499 762 778 823 sequatur.

2187 486 2455 550 ὑπονοεῖν,
2489 485 2746 540 κάκεῖθεν
2781 484 3252 555 βλασφημήσωσιν
3281 484 3373 535 τὸν
3407 480 3771 551 Δημιουργόν.

2197 579 2335 632 Ἀλλ’
2365 575 2520 643 οὗτος
2553 579 2652 650 μὲν
2681 581 2710 632 6
2739 580 2895 646 λόγος
2924 579 2985 630 οὐ
3035 576 3126 630 διὰ
3151 577 3204 628 τί
3231 576 3498 645 κέχρηται
3555 572 3770 641 τοιαύτῃ

2182 668 2324 736 λέξει
2355 668 2384 720 6
2431 669 2574 732 θεῖος
2612 668 2909 730 ἀπόστολος
2962 667 3190 736 γνώμην
3247 666 3458 732 εἰσάγει
3483 679 3499 691 ·
3558 662 3698 716 ἀλλά
3738 668 3776 716 τί

2180 763 2380 834 δήποτε
2425 763 2788 832 ἐφεδρεύοντα
2817 761 2887 814 τὰ
2945 761 3198 828 δαιμόνια
3226 758 3327 828 τῆς
3374 757 3622 827 σελήνης
3667 755 3774 814 τοὺς

499 846 744 916 καιροὺς,
777 849 899 900 τότε
957 847 1081 901 καθ’
1104 849 1260 920 ήμῶν
1313 848 1670 920 σφοδρότερον
1714 849 1960 920 ἐπιπηδᾷ
1991 849 2084 902 καὶ
2119 851 2219 921 τὴν
2246 853 2536 924 τυραννίδα
2558 851 2838 924 κρατύνει.
2869 850 3015 921 Πλὴν
3051 847 3260 901 πολλῶν
3317 847 3643 918 εἰρημένων
3701 847 3776 894 xxi

498 937 711 1000 οὐδενὸς
770 937 846 1008 τῷ
894 938 1209 995 εὐσεϐοῦντι
1273 941 1680 1010 διαμαχομένου
1723 940 2006 1010 λογισμῷ,
2041 940 2101 993 τὸ
2135 941 2327 995 δοκοῦν
2354 943 2570 1013 ἑκάστῳ
2591 940 2750 994 τοῦτο
2781 940 2878 994 καὶ
2909 938 3204 1010 κρατείτω.

1066 1055 1395 1122 QUIESTIO
1421 1057 1509 1113 XI.

503 1142 682 1220 Quare
713 1161 832 1220 cunt
857 1146 1096 1220 Adamus
1120 1165 1383 1216 peccasset
1411 1162 1460 1204 et
1483 1154 1666 1206 mortis
1697 1168 1902 1220 poenam
1923 1153 2103 1206 incur-

579 1215 748 1277 risset,
779 1218 1062 1293 eiusﬁlius
1087 1215 1175 1289 qni
1203 1237 1304 1274 non
1323 1225 1552 1290 peccavit
1578 1215 1749 1278 tamen
1777 1234 1897 1276 ante
1927 1225 2099 1293 ipsum

577 1296 796 1339 mortem
825 1288 1040 1342 subierit
1057 1306 1079 1354 ;

2760 1053 3094 1110 ΕΡΩΤΗΣΙΣ
3125 1053 3230 1106 1Ᾱ’.

2206 1152 2308 1207 Διά
2337 1150 2516 1225 21ng
2557 1148 2740 1225 Ἀδὰμ
2781 1147 3198 1225 ᾑμαρτηκότος
3227 1143 3323 1225 καί
3354 1143 3422 1196 τὸ
3462 1141 3584 1222 τοᾷ
3615 1143 3772 1225 dare}.

2275 1240 2380 1276 του
2410 1212 2744 1286 δεξαμένού
2777 1212 3096 1296 ἐπιτίμιρν,
3145 1219 3176 1269 ὀ
3219 1215 3432 1268 τούτου
3459 1212 3616 1278 παῖς
3644 1212 3775 1278 μηδέ

2277 1291 2626 1361 ἡμαρτηκὼς
2662 1291 3030 1358 προτελευτςῖ
3058 1303 3076 1350 ;

1678 1442 1819 1491 Edita
1849 1457 1876 1491 a
1908 1439 2051 1499 .‘ilaio,
2075 1440 2152 1488 loc
2193 1433 2299 1495 cit.,
2332 1449 2382 1496 p.
2416 1433 2578 1482 10—12.

522 1557 524 1559 ‘
581 1538 904 1596 Prol‘undior
933 1554 986 1599 et
1010 1547 1277 1604 excelsior
1303 1549 1371 1605 de
1412 1551 1514 1607 hac
1568 1569 1627 1608 re
1675 1570 1855 1610 sermo
1910 1554 2095 1608 fersan

508 1631 716 1700 ingredi
764 1635 997 1692 libenter
1024 1641 1076 1693 in
1103 1641 1414 1698 divinorum
1454 1646 1784 1715 judiciorum
1837 1646 2093 1717 abyssum

508 1722 645 1785 vult,
705 1724 972 1782 humanas
1024 1733 1320 1790 sententias
1379 1751 1671 1805 superans,
1731 1739 1973 1806 exceptis
2029 1739 2096 1792 iis

508 1828 630 1880 qum
679 1816 744 1869 ad
789 1827 1033 1874 nostram
1085 1826 1450 1894 cognitionem
1495 1830 1850 1885 devenerunt.
1888 1832 2097 1901 Accipit

510 1905 729 1972 quidem
791 1910 1034 1967 Adamus
1077 1931 1232 1969 suam
1264 1935 1504 1988 poenam,
1540 1923 1714 1976 oritur
1754 1934 1935 1979 autem
1974 1925 2094 1994 ejus

511 1997 675 2066 titius,
722 2011 779 2054 ut
833 2003 947 2073 ipse
976 2007 1103 2062 mali
1132 2020 1322 2065 auctor
1370 2015 1488 2068 suis
1531 2016 1707 2071 oculis
1733 2018 1922 2072 mortis
1962 2034 2096 2087 pon-

509 2091 613 2145 dus
642 2099 696 2146 et
721 2095 1063 2152 aﬂlictionem
1113 2101 1352 2172 intuens,
1419 2107 1484 2160 ad
1533 2109 1942 2177 intelligentiam
1975 2110 2093 2164 cul-

509 2193 592 2247 pae
632 2183 805 2252 magis
837 2185 1087 2241 deveniat
1128 2207 1143 2255 ;
1201 2201 1260 2245 ut
1317 2205 1462 2250 metu
1504 2207 1557 2252 et
1607 2213 1811 2268 angore
1871 2215 2096 2268 pressus

510 2273 825 2340 ptenitentia
868 2287 921 2332 et
958 2280 1144 2336 dolore
1164 2284 1383 2342 sceleris
1410 2289 1514 2343 sibi
1562 2291 1866 2345 molliorem
1906 2294 2096 2348 reddat

511 2375 750 2428 ptenam.
780 2363 974 2422 Omnis
1004 2369 1150 2424 enim
1194 2376 1569 2437 comminatio.
1600 2380 1780 2433 omnis
1830 2382 2092 2437 intentata

511 2467 669 2520 poena
697 2464 826 2510 tunc
859 2459 1109 2514 timidum
1149 2466 1326 2520 reddit
1353 2509 1367 2533 ,
1389 2482 1513 2521 cum
1547 2470 1802 2526 alicunde
1823 2474 2090 2528 malorum

509 2546 846 2609 experientia
875 2551 928 2604 in
956 2569 1171 2609 reorum
1194 2559 1442 2612 notitiam
1494 2563 1664 2616 venit.
1724 2563 1913 2634 Neque
1945 2566 2090 2620 enim

509 2637 553 2691 si
590 2654 698 2692 non
763 2651 1036 2699 mortuum
1088 2649 1330 2704 Adamus
1392 2653 1562 2706 lilium
1617 2656 1878 2724 novisset,
1918 2675 2094 2725 neque

508 2731 690 2784 omnia
724 2748 846 2802 quae
899 2753 1046 2791 mors
1111 2755 1298 2795 secum
1352 2743 1509 2799 aﬂert
1564 2745 1832 2802 horrenda
1881 2752 2093 2805 consci-

507 2821 695 2889 vissct,
745 2842 852 2881 non
899 2828 1049 2884 illutn
1147 2849 1400 2904 magnum
1449 2846 1503 2891 et
1552 2839 1754 2894 auxilio
1817 2851 2091 2897 carentem

2280 1547 2338 1600 '0
2365 1546 2462 1616 μὲν
2514 1542 2816 1614 βαρύτερος
2862 1540 2959 1593 καὶ
3009 1538 3342 1609 ὑψηλότερος
3407 1538 3547 1607 περὶ
3604 1536 3774 1589 τούτου

2205 1640 2362 1707 λόγος
2411 1638 2811 1707 ἐμφιλοχωρείν
2841 1635 2974 1696 ἴσως
3015 1635 3097 1696 εἰς
3124 1631 3222 1702 τὴν
3249 1631 3358 1683 τῶν
3389 1630 3561 1683 θείων
3594 1632 3775 1698 κρίμα-

2197 1748 2305 1785 των
2359 1729 2532 1783 ἐθέλει
2583 1728 2839 1790 ἄϐυσσον,
2869 1727 2997 1789 τοὺς
3038 1723 3409 1794 ἀνθρωπίνους
3431 1723 3622 1775 λιπὼν
3652 1722 3772 1788 λογι-

2199 1827 2393 1895 σμοὺς,
2425 1823 2562 1893 πλὴν
2586 1823 2688 1875 ὅσα
2727 1821 2822 1874 καί⁸
2881 1821 2962 1881 εἰς
2995 1816 3270 1887 ἡμετέραν
3315 1814 3528 1884 γνῶσιν
3563 1815 3773 1877 κατέϐη.

2196 1917 2478 1989 Λαμϐἀνει
2507 1914 2606 1985 μέν
2643 1913 2814 1983 Ἀδὰμ
2845 1912 2906 1963 τὸ
2953 1909 3251 1978 ἐπιτίμιον,
3281 1907 3632 1979 προτελευτᾷ
3671 1907 3720 1957 δὲ
3753 1910 3774 1956 ὁ

2194 2011 2385 2064 τούτου
2420 2011 2569 2069 παῖς,
2597 2007 2685 2059 ἶνα
2707 2007 2818 2067 τοῖς
2869 2002 3170 2072 ὀφθαλμοῖς
3191 2001 3218 2052 6
3251 1999 3562 2058 ὑπεύθυνος
3595 1998 3655 2048 τὸ
3695 1996 3772 2046 τοῦ

2197 2102 2428 2155 θανάτου
2460 2098 2596 2170 βαρὺ
2631 2098 2724 2150 καὶ
2758 2094 3027 2148 ἐπώδυνον
3072 2093 3342 2163 καθορῶν,
3375 2093 3453 2154 εἰς
3483 2089 3772 2155 συναίσθη-

2197 2212 2282 2247 σιν
2319 2195 2418 2264 μέν
2455 2191 2657 2262 μᾶλλον
2699 2188 2795 2242 τοῦ
2852 2188 3248 2257 ἁμαρτήματος
3279 2186 3558 2254 καταστῇ,
3595 2185 3671 2243 εἰς
3696 2182 3773 2249 :36-

2196 2285 2289 2338 ϐον
2326 2285 2383 2338 δὲ
2446 2286 2539 2338 καὶ
2584 2282 2824 2350 ἀγωνίαν
2863 2279 3059 2348 ἐμϐὰς,
3095 2276 3426 2347 μεταμελείᾳ
3469 2277 3575 2328 καὶ
3605 2273 3773 2326 πένθει

2194 2377 2287 2432 τοῦ
2328 2376 2689 2447 τολμηθέντος
2750 2372 2923 2443 ἐαυτῷ
2985 2371 3347 2442 καταπραΰνῃ
3412 2367 3519 2438 τὴν
3567 2370 3771 2434 ποινήν

2195 2471 2291 2524 καὶ
2317 2469 2426 2539 γὰρ
2451 2470 2602 2521 πᾶσα
2633 2467 2729 2538 μὲν
2756 2465 2975 2533 ἀπειλὴ,
3013 2465 3166 2516 πᾶσα
3217 2462 3274 2514 δὲ
3313 2459 3769 2527 ἐπανατεινομέιιη

2194 2565 2315 2634 δίκη
2341 2563 2463 2616 τότε
2485 2561 2809 2616 καθίσταται
2852 2559 3104 2632 φοϐερὸν,
3151 2556 3313 2626 ἡνίκα
3346 2555 3516 2608 ποθὲν
3549 2557 3584 2623 ἡ
3627 2557 3771 2622 πεῖρα

2191 2656 2301 2710 τῶν
2325 2655 2517 2710 δεινῶν
2563 2657 2644 2719 εἰς
2697 2654 2898 2724 γνῶσιν
2931 2653 3076 2705 ἔλθοι
3120 2649 3231 2703 τῶν
3269 2648 3632 2702 ὑπευθύνων·
3667 2647 3768 2700 οὐδὲ

2194 2750 2305 2820 γὰρ
2330 2749 2443 2802 οὐδ’
2495 2749 2542 2801 εἰ
2600 2748 2673 2818 μὴ
2727 2746 3029 2815 τεθνηκότα
3056 2747 3084 2798 ό
3131 2742 3306 2812 ’Λδάμ
3331 2741 3450 2813 ᾔδει
3473 2741 3572 2793 τὸν
3599 2739 3768 2798 παῖδα,

2194 2841 2303 2893 οὐδ’
2323 2841 2386 2893 ἀν
2413 2838 2522 2892 οὐδ’
2549 2840 2689 2892 ὃσαὸ
2713 2838 2941 2898 θάνατος
2965 2833 3386 2902 συνεπιφέρεται
3417 2832 3633 2900 φρικτὰ
3662 2846 3768 2881 συν.

507 2930 757 2987 agonem,
802 2935 908 2975 non
943 2925 1145 2980 utentis
1197 2929 1589 2998 turbationem,
1620 2949 1729 2986 non
1763 2934 1882 3004 ejus
1909 2951 1939 2989 a
1966 2951 2086 2990 cor-

2199 2933 2331 3004 ῄδει,
2366 2933 2428 2986 οὐ
2455 2932 2546 2985 τὸν
2581 2931 2748 2983 πολὺν
2779 2932 2987 2982 ἐκεῖνον
3017 2929 3108 2980 καὶ
3153 2926 3459 2997 ἀϐοήθητον
3487 2923 3696 2994 ἀγῶνα,
3719 2923 3768 2973 ού

510 3024 640 3077 pore
668 3015 1086 3082 separationem,
1121 3035 1227 3074 non
1285 3038 1626 3094 quzeeunque
1649 3028 1753 3080 alia
1790 3041 2091 3096 sequuntur

507 3101 925 3160 dissolutionem
966 3119 1020 3163 et
1054 3112 1528 3180 putrefaotionem,
1561 3119 1899 3185 pestilentem
1958 3122 2091 3175 odo-

507 3207 642 3259 rem,
673 3203 727 3248 et
758 3197 1057 3268 pulverem,
1113 3211 1167 3256 et
1196 3207 1403 3260 saniem
1430 3217 1485 3262 et
1517 3225 1750 3270 vermes.
1791 3211 1947 3266 Videt
1989 3214 2085 3284 igi-

511 3292 599 3339 tur
642 3288 882 3345 Adamus
906 3291 960 3345 in
988 3294 1096 3347 alio
1141 3297 1406 3368 quidquid
1454 3301 1596 3357 inest
1634 3303 1687 3357 in
1721 3306 1941 3374 propria
1972 3323 2089 3376 [NB-

508 3391 578 3429 na
629 3379 872 3433 terribile
921 3391 976 3437 et
1046 3385 1430 3457 intolerabile;
1490 3393 1634 3461 quod
1670 3395 1881 3460 videns,
1918 3399 2091 3468 magis

507 3480 710 3538 quanta
747 3472 909 3529 fuerit
951 3477 1106 3548 culpa
1138 3481 1426 3553 intelligit;
1467 3495 1522 3540 et
1582 3487 1705 3541 ideo
1734 3504 1896 3543 manu
1935 3490 2092 3545 duci-

505 3571 596 3617 tur
623 3565 691 3618 ad
739 3569 1136 3637 paenitentiam,
1173 3585 1227 3628 et
1281 3575 1392 3630 lilio
1451 3580 1679 3633 orbatus
1723 3581 1834 3650 jam
1897 3584 2092 3639 animae

506 3670 618 3710 sua:
666 3659 894 3715 salutem
955 3664 1234 3721 lucratnr.
1295 3667 1350 3722 Si
1417 3663 1539 3740 quis
1585 3689 1714 3728 vero
1755 3691 1861 3728 non
1918 3687 2093 3731 morte

505 3751 723 3818 propria
763 3754 1177 3814 tolerabiliorem
1219 3762 1426 3817 Adamo
1494 3764 1588 3818 lilii
1626 3779 1854 3821 mortem
1888 3771 2092 3835 cogita-

505 3851 607 3904 ret,
651 3843 918 3901 inveniret
965 3850 1161 3905 multos
1222 3864 1401 3922 patres
1445 3857 1564 3910 talis
1620 3847 1961 3927 cogitationis
2009 3872 2090 3917 te-

506 3941 635 3997 stes,
665 3935 756 4002 qui
790 3938 1064 3994 multoties
1103 3945 1396 4000 morientes
1423 3947 1523 4016 ipsi
1559 3948 1650 4002 lilii
1683 3951 1764 4003 sui
1793 3951 2091 4020 saepissime

506 4026 734 4081 salutem
802 4040 1008 4086 emunt.
1061 4032 1328 4092 Praevenit
1385 4039 1550 4110 igitur
1610 4041 1878 4096 Atlamum
1937 4042 2090 4112 juxta

508 4119 653 4174 hunc
682 4138 982 4178 sermonem
1031 4138 1085 4182 et
1145 4142 1273 4184 ante
1323 4142 1576 4196 mortem,
1631 4133 1724 4187 lilii
1774 4151 1932 4204 poma
1991 4135 2090 4204 ipsi

505 4211 747 4275 detinita,
776 4215 1012 4281 graviori
1084 4220 1193 4274 ictu
1237 4237 1402 4290 quam
1440 4240 1586 4279 mors
1613 4234 1716 4289 est,
1751 4226 2091 4280 intoleranda

507 4317 700 4372 nempe
731 4305 948 4361 tristitia
981 4323 1311 4380 correptum.

576 4486 658 4544 Tu
688 4506 816 4545 vero
835 4493 965 4546 mihi
987 4502 1041 4548 et
1072 4497 1288 4550 tertium
1332 4498 1433 4553 hoc
1460 4499 1748 4570 diligenter
1777 4505 2082 4559 considera.
2119 4510 2161 4562 D

505 4580 639 4638 Tres
663 4585 809 4640 viros
839 4591 1238 4644 totttsmundus
1263 4601 1391 4645 tttne
1429 4593 1816 4650 babebatcives
1845 4614 1858 4662 ;
1889 4596 2088 4652 femina

506 4681 686 4724 autem
713 4688 837 4727 cum
868 4674 1004 4742 ipsis
1028 4676 1244 4731 vivebat
1270 4679 1451 4734 unica.
1487 4679 1733 4746 Quorum
1753 4683 1841 4736 alii
1868 4685 2088 4753 quidem

505 4764 780 4833 genitores
801 4806 816 4830 ,
843 4767 932 4820 alii
958 4783 1086 4821 vero
1117 4768 1214 4822 lilii
1238 4781 1394 4824 erant
1416 4774 1814 4841 generantium.
1846 4776 2090 4832 Adamus

506 4853 721 4930 quidem
758 4869 864 4909 non
911 4857 1201 4927 subjicitur
1241 4874 1435 4926 pmnre,
1489 4873 1712 4932 propter
1762 4881 1880 4919 eam
1924 4883 2087 4936 quam

507 4957 686 4997 sermo
716 4959 936 5000 causam
972 4949 1172 5002 attulit.
1203 4950 1269 5004 Et
1297 4951 1406 5006 Eva
1429 4969 1493 5007 ex
1529 4969 1633 5006 una
1685 4968 1840 5025 parte
1873 4971 2088 5026 propter

505 5035 753 5090 catndem
785 5053 1006 5094 causam
1039 5044 1201 5097 morti
1235 5060 1341 5098 non
1397 5047 1709 5117 subjicitur,
1751 5065 1818 5103 ex
1857 5050 1961 5103 alia
1987 5067 2089 5104 au-

506 5135 613 5179 tem
638 5137 809 5196 parte,
831 5133 956 5199 quia
981 5150 1105 5187 cum
1139 5152 1246 5190 una
1273 5149 1417 5193 esset
1447 5138 1671 5207 femina,
1702 5142 1818 5212 ejus
1840 5144 2086 5197 absentia

506 5227 675 5272 totum
708 5236 903 5291 genus,
961 5231 1310 5294 generatione
1348 5232 1582 5295 sublata,
1622 5250 1746 5287 cum
1785 5251 1848 5289 ea
1885 5235 2086 5289 traxis-

505 5319 587 5365 set
617 5312 670 5366 in
701 5314 949 5370 exitium.
988 5318 1238 5374 Attamen
1293 5337 1467 5391 neque
1515 5323 1651 5378 Cain
1675 5325 1857 5379 datam
1896 5341 1958 5381 ex
1998 5326 2084 5379 in-

505 5403 659 5460 sidiis
690 5417 915 5462 mortem
957 5411 1142 5464 subire
1167 5415 1487 5481 oportebat;
1526 5416 1677 5484 pejor
1710 5418 1928 5487 quidem
1961 5431 2082 5475 erat

503 5495 612 5561 ille,
666 5499 857 5555 melior
885 5513 1066 5557 autem
1100 5514 1218 5559 erat
1261 5505 1431 5574 Abel;
1465 5517 1518 5561 et
1548 5511 1821 5577 quomodo
1864 5523 2081 5581 poterat

505 5593 615 5651 ﬁeri
649 5604 706 5649 ut
728 5596 774 5651 is
803 5597 896 5668 qui
925 5601 994 5654 ab
1023 5601 1170 5655 onmi
1195 5601 1323 5656 dolo
1361 5611 1415 5658 et
1443 5604 1647 5659 invidia
1675 5615 1730 5661 et
1765 5608 1870 5662 alia
1896 5610 2078 5678 quali-

502 5686 595 5744 ιρι
646 5689 858 5760 malitia
909 5693 1146 5749 mundus
1198 5705 1336 5763 erat,
1409 5697 1712 5754 homicidas
1759 5700 1811 5755 in
1857 5701 2077 5757 lratretn

2197 3027 2284 3079 τὸν
2312 3025 2542 3094 θόρυϐον
2587 3025 2688 3093 τῆς
2736 3022 2937 3092 ψυχῆς,
2963 3021 3025 3074 οὐ
3056 3021 3146 3073 τὸν
3179 3017 3447 3090 μερισμὸν
3474 3017 3651 3086 αὐτῆς
3678 3014 3768 3068 ἀπὸ

2197 3115 2290 3169 τοῦ
2329 3116 2600 3186 σώματος,
2639 3115 2745 3168 οὐδ’
2794 3117 2896 3168 ὅσα
2942 3112 3078 3166 ἄλλα
3110 3112 3324 3174 ἕπεται,
3352 3110 3534 3174 λύσις,
3563 3111 3658 3163 καὶ
3686 3108 3768 3175 σῆ-

2195 3208 2310 3278 ψις,
2332 3210 2424 3261 καὶ
2448 3207 2700 3272 δυσωδία,
2722 3208 2815 3260 καὶ
2834 3205 2982 3276 χοῦς,
3006 3207 3099 3258 καὶ
3119 3204 3338 3273 ἰχῶρες.
3360 3203 3456 3255 καὶ
3478 3202 3766 3271 σκώληκες.

2213 3301 2344 3370 Ὁρᾷ
2366 3301 2545 3354 τοίνυν
2575 3302 2603 3353 ὁ
2637 3299 2805 3369 Ἀδὰμ
2826 3303 2882 3352 ἐν
2913 3299 3086 3368 ἑτέρῳ
3116 3297 3210 3349 τοῦ
3250 3296 3378 3349 ἰδίου
3413 3297 3696 3363 ἐπιτιμίου
3721 3295 3768 3343 τὺ

2198 3391 2427 3462 φοϐερδιν
2449 3392 2542 3442 καί⁸
2572 3391 2943 3442 ἀνυπόστατον
2963 3405 2976 3420 ⁸
3025 3388 3120 3440 καὶ
3141 3388 3304 3456 ὁρῶν,
3349 3387 3557 3456 μᾶλλον
3591 3386 3650 3439 τὸ
3682 3385 3768 3455 μὲ-

2197 3483 2356 3551 γεθος
2389 3482 2488 3535 τοῦ
2516 3482 2855 3553 πταίσματος
2883 3481 3301 3535 συναισθάνεται
3322 3498 3334 3510 ⁶
3367 3481 3464 3533 καὶ
3499 3481 3591 3534 διὰ
3629 3480 3768 3532 τοῦτο

2197 3578 2624 3646 χειραγωγεῖται
2684 3575 2821 3645 πρὸς
2868 3574 2968 3644 τὴν
3000 3573 3324 3644 μετάνοιανο
3379 3573 3475 3626 καὶ
3507 3573 3766 3644 κερδαίνει

2197 3666 2385 3719 λοιπὸν
2425 3665 2611 3728 παιδὸς
2658 3664 2962 3735 στερηθεὶς,
2998 3666 3095 3734 τῆς
3143 3666 3338 3718 ἑαυτοῦ
3369 3666 3553 3737 ψυχῆς
3582 3666 3642 3717 τὸ
3676 3682 3765 3716 σω-

2198 3759 2405 3829 τήριον.
2434 3759 2496 3809 Εἰ
2526 3757 2582 3810 δὲ
2617 3759 2710 3810 καὶ
2741 3759 2972 3811 θανάτου
3013 3775 3098 3820 τις
3119 3757 3268 3810 οὐδὲν
3299 3757 3659 3828 ἀνεκτότερον
3683 3756 3767 3820 τὴν

2199 3850 2473 3920 ἀποϐολὴν
2501 3850 2596 3901 τοῦ
2629 3850 2815 3911 παιδὸς
2847 3849 3212 3918 ἐπιλογίσοιτο
3250 3848 3328 3919 τῷ
3375 3850 3575 3920 Ἄδαμ,
3617 3849 3764 3916 εὑρέ,-

2201 3961 2283 3996 σοι
2315 3942 2545 4003 πολλοὺς
2568 3942 2814 4011 πατέρας
2841 3942 2940 4010 τῆς
2988 3942 3248 4012 τοιαύτης
3285 3941 3528 4004 διανοίας
3577 3945 3765 4010 μάρτυο

2203 4053 2322 4105 ρας,
2358 4036 2407 4089 οἳ
2443 4034 2652 4088 πολλῶν
2678 4035 2822 4088 ἰδίων
2851 4036 3098 4090 θανάτων
3126 4036 3227 4106 τὴν
3261 4035 3356 4089 τοῦ
3385 4037 3577 4100 παιδὸς
3603 4033 3763 4089 αὐτῶν

2199 4129 2460 4189 πολλάκις
2490 4129 2761 4200 σωτηρίαν
2818 4129 3174 4183 ἀλλάσσονται
3199 4147 3214 4160 ο
3257 4131 3447 4198 φθάνει
3489 4127 3764 4197 τοιγαροῦν

2198 4222 2290 4275 τὸν
2324 4222 2494 4291 Ἀδὰμ
2525 4222 2666 4275 κατά
2692 4221 2781 4273 τὸν
2804 4221 2961 4289 λόγον
2986 4221 3175 4275 τοῦτον
3209 4222 3302 4275 καὶ
3331 4221 3436 4292 πρὸ
3477 4220 3578 4274 τοῦ
3617 4220 3760 4276 θανάο

2185 4331 2302 4377 του,
2331 4312 2427 4366 τοῦ
2452 4313 2642 4376 παιδὸς
2668 4311 2728 4365 τὸ
2766 4313 3057 4382 ἀφορισθὲν
3091 4312 3241 4381 αὐτῷ
3276 4311 3573 4382 ἐπιτίμιον,
3611 4311 3760 4381 βαρυ-

2191 4410 2323 4480 τέρᾳ
2365 4409 2595 4462 θανάτου
2620 4408 2822 4479 πληγῇ,
2850 4411 2915 4478 τῇ
2939 4408 3199 4479 ἀφορήτῳ
3226 4407 3370 4479 λύπῃ
3401 4409 3759 4479 ἁλισκόμενον.

2262 4507 2333 4558 Συ
2366 4506 2420 4558 δέ
2454 4522 2544 4575 μοι
2577 4506 2671 4559 καὶ
2718 4506 2901 4576 τρίτον
2950 4503 3271 4576 ἐπιθεώρει·
3317 4507 3468 4575 τρεῖς
3513 4506 3707 4576 ἄνδρας
3739 4505 3761 4554 ὁ

2191 4599 2414 4670 σύμπας
2461 4599 2664 4668 κόσμος
2716 4597 2940 4660 πολίτας
2991 4593 3104 4668 εἶχε
3136 4599 3256 4650 τότε
3285 4616 3297 4629 ·
3328 4598 3465 4669 γυνὴ
3512 4599 3558 4652 δ’
3593 4599 3759 4657 αὐτοῖς

2190 4692 2635 4746 συνεπολιτεύετο
2677 4692 2810 4762 μία’
2875 4685 2950 4745 ὧν
3003 4695 3052 4744 οί
3107 4693 3207 4761 μὲν
3249 4693 3598 4763 γεννήτορες,
3644 4689 3760 4742 οἰδὲ

2187 4785 2374 4849 παῖδες
2431 4782 2569 4857 ἦσαν
2611 4785 2720 4837 τῶν
2760 4785 3208 4855 γεννησαμένων.
3249 4784 3307 4836 Ὀ
3350 4785 3450 4854 μὲν
3483 4785 3652 4853 Ἀδὰμ
3674 4783 3759 4850 οὐχ

2188 4879 2462 4948 ὑπάγεται
2485 4881 2552 4950 τῇ
2597 4879 2744 4951 δίκῃ,
2765 4878 2835 4931 δι’
2866 4879 2931 4950 ἣν
2963 4880 2991 4931 ό
3017 4877 3176 4946 λόγος
3207 4878 3406 4931 ἔδωκεν
3435 4878 3616 4930 αἰτίαν
3637 4894 3650 4908 ⁶
3677 4878 3759 4928 καὶ

2187 4971 2220 5039 ἡ
2248 4969 2360 5022 Εὕα
2386 4970 2444 5022 δὲ
2477 4968 2635 5022 τοῦτο
2672 4970 2771 5039 μὲν
2819 4967 2907 5020 διὰ
2939 4966 3037 5039 τὴν
3088 4967 3255 5038 αὐτὴν
3289 4969 3471 5020 αἰτίαν
3510 4970 3608 5037 οὐχ
3637 4967 3754 5018 ὕπο-

2185 5062 2438 5115 6ἀλλεται
2495 5060 2573 5124 τῷ
2627 5060 2860 5130 θανάτῳ,
2903 5059 3061 5112 τοῦτο
3113 5060 3169 5112 δὲ
3200 5061 3282 5112 ὅτι
3310 5062 3403 5113 καὶ
3449 5064 3576 5130 μιᾶς
3600 5057 3755 5125 οΰσης

2183 5154 2464 5221 γυναικὸς,
2488 5155 2516 5206 6
2543 5152 2750 5222 ταύτης
2784 5153 3093 5222 ἀφανισμὸς
3117 5152 3236 5206 ὅλον
3260 5153 3319 5205 τὸ
3355 5152 3531 5221 γένος,
3556 5154 3652 5221 τῆς
3675 5167 3754 5218 γε-

2180 5244 2382 5308 νέσεως
2409 5243 2784 5315 ἀνῃρημένης,
2818 5243 3150 5314 συνήλαυνεν
3183 5246 3261 5306 εἰς
3295 5244 3522 5314 φθοράν.
3557 5245 3630 5297 Ού
3657 5244 3753 5311 μὴν

2181 5336 2316 5389 ἀλλὰ
2345 5335 2466 5388 οὐδὲ
2488 5336 2579 5389 τὸν
2610 5335 2750 5389 Κάῖν
2789 5337 2818 5388 6
2859 5337 2918 5402 ἐξ
2944 5336 3238 5406 ἐπιϐουλῆς
3264 5331 3378 5405 εἶχε
3405 5337 3563 5406 λόγον
3591 5337 3753 5389 διαδέ-

2187 5425 2380 5491 ξασθαι
2410 5427 2639 5490 θάνατος
2664 5444 2678 5457 ·
2707 5426 2909 5498 χείρων
2944 5426 3043 5497 μὲν
3089 5428 3198 5497 γάρ
3255 5424 3428 5492 οὗτος,
3462 5430 3694 5497 ἀμείνων
3713 5427 3753 5478 δι

2183 5517 2254 5593 ἦν
2309 5521 2506 5574 ’Δϐελο
2572 5525 2662 5574 καὶ
2709 5521 2826 5584 πῶς
2857 5517 2968 5573 οἷόν
3024 5538 3081 5572 τε
3115 5517 3182 5591 ἦν
3225 5521 3316 5574 τὸν
3355 5525 3448 5575 καὶ
3481 5523 3634 5576 δίλου
3668 5522 3748 5572 καὶ

2188 5613 2383 5682 φθόνου
2449 5612 2542 5664 καὶ
2583 5612 2682 5681 τῆς
2716 5611 2882 5682 ἄλλης
2917 5611 3115 5676 κακίας
3141 5613 3518 5684 καθαρεύοντα
3552 5607 3774 5684 μιαιτό·Δ

2190 5722 2311 5768 νους
2344 5706 2634 5773 ἐπαφεῖναι
2656 5705 2846 5774 χεῖρας
2875 5705 2952 5776 τῷ
2985 5706 3500 5776 ἀδελφῷςλείπεται
3526 5707 3588 5777 δὴ
3624 5707 3749 5759 ἐκεῖ·
