3916 6192
172 261 268 327 121

1103 268 1201 327 AD
1243 268 1841 331 AMPHILOCHIUM
1882 268 2227 341 QUIESTIO
2255 273 2362 346 XI,
2393 275 2532 333 XII.

3350 281 3457 348 1‘22

167 391 262 427 νον
287 374 369 436 είς
392 371 483 427 τὸν
530 373 589 439 ἐξ
615 373 913 444 ἐπιϐουλῆς
957 374 1199 446 ὁρμῆσαι
1230 374 1462 430 θάνατον
1481 376 1576 429 τοῦ
1605 377 1761 430 ἀδελ-

1870 393 2066 433 manus
2107 379 2395 448 injiceret'?
2434 381 2624 438 Restat
2653 393 2714 438 ut
2747 385 2836 440 ille
2865 395 3097 442 mortem
3139 402 3206 444 ex
3237 391 3455 448 insidiis

168 465 302 536 φοῦ,
332 467 391 530 ὃς
415 467 510 518 καὶ
536 467 643 538 πρὸ
697 466 796 537 τῆς
823 465 1065 535 ἀθέσμου
1098 465 1306 535 ταύτης
1332 467 1607 538 πράξεως,
1639 466 1763 520 ἐλύ-

169 577 267 614 πει
301 561 401 630 μὲν
423 555 506 623 οἷς
529 559 900 631 ἐκαρποφόρει
928 559 1082 622 Θεὸν,
1121 561 1198 623 εἰς
1225 559 1420 628 φθόνον
1447 561 1504 614 δὲ
1532 560 1628 614 τοῦ
1659 579 1765 632 μη-

165 653 260 706 δὲν
299 652 625 722 ἠδικηκότος
676 652 1026 724 ἀνηρέθιστο,
1071 653 1286 724 πονηρᾷ
1339 652 1396 706 66
1436 654 1630 724 γνώμῃ
1667 653 1762 705 καὶ

169 745 340 816 βουλῇ
371 746 522 818 δολία
542 747 642 808 τὰς
671 746 865 798 ἐαυτοῦ
900 748 1090 817 χεῖρας
1119 747 1199 808 είς
1223 748 1322 816 τὴν
1337 745 1760 815 ἀδελφοκτονίαν

137 893 140 898 ,
167 837 490 908 ηὐτρέπιξε.
549 838 656 891 Καὶ
710 839 810 908 δρα
838 854 927 907 μοι
957 838 1236 892 κάνταῦθα
1260 838 1359 908 τῆς
1403 838 1668 910 Προνοίας
1700 837 1761 890 1:6

169 932 338 999 σοφόν
370 948 428 984 τε
489 932 584 984 καὶ
619 931 1025 1001 ἀνεξιχνίαστον
1047 947 1061 962 ο
1098 931 1167 983 δι’
1197 923 1271 984 ὧν
1304 930 1414 1002 γὰρ
1448 929 1700 999 ἐνόμιζεν
1731 932 1760 984 6

166 1025 411 1096 πονηρὸς
445 1026 666 1096 κρατεῖν
715 1024 814 1088 τὰς
874 1026 1063 1094 χεῖρας
1095 1027 1238 1078 κατὰ
1280 1024 1390 1078 τῶν
1450 1023 1758 1094 ἀμεινόνων

164 1118 504 1180 ἐπανιστῶν,
534 1117 600 1170 δι’
625 1117 852 1170 ἐκείνων
878 1116 1027 1187 αὑτῴ
1069 1117 1137 1169 τὰ
1168 1111 1395 1188 προοίμι
1471 1119 1570 1188 τῆς
1591 1135 1760 1172 κατα-

165 1211 412 1280 στροφῆς
456 1210 712 1280 ἁπαντᾷο
766 1211 1041 1278 συγχωρεί
1098 1208 1196 1278 μὲν
1255 1209 1367 1280 γὰρ
1412 1209 1441 1261 6
1477 1209 1580 1278 τῆς
1607 1208 1759 1273 θείας

164 1315 228 1351 τε
264 1301 359 1352 καὶ
389 1300 528 1369 ὑπὲρ
558 1299 766 1352 ἔννοιαν
791 1297 1102 1368 οἰκονομίας
1146 1298 1324 1366 λόγος,
1358 1298 1519 1371 ἔργον
1553 1299 1757 1352 ἀδίκων

167 1390 267 1443 καὶ
293 1393 594 1461 μιαιφόνων
621 1390 823 1462 χειρῶν
868 1389 960 1443 τὸν
989 1390 1155 1442 Ἀϐελ
1190 1390 1465 1459 γενέσθαι,
1500 1389 1595 1444 καὶ
1629 1405 1758 1460 προ-

169 1481 366 1550 φθάνει
418 1486 510 1535 τ’,ν
552 1483 726 1552 φύντα
754 1482 844 1534 ἐπὶ
873 1481 951 1551 τῷ
982 1481 1198 1552 θανάτῳ
1225 1483 1254 1534 6
1295 1485 1446 1545 παῖς.
1484 1481 1645 1534 Ἀλλά
1670 1481 1756 1548 γί-

166 1592 325 1628 νεται
354 1576 449 1628 τοῦ
478 1575 604 1646 ᾅδου
666 1575 726 1629 τὸ
780 1577 982 1646 κράτος
1008 1575 1105 1628 καὶ
1146 1578 1180 1647 ή
1223 1574 1420 1646 πρώτη
1473 1574 1753 1645 καταϐολὴ

167 1665 441 1736 ἀσθενήςο
489 1667 538 1718 εἱ
597 1664 696 1737 μὲν
755 1665 864 1736 γὰρ
912 1665 1006 1717 τὸν
1052 1664 1223 1735 Ἀδὰμ
1261 1662 1480 1727 ἐδέξατο
1514 1661 1750 1732 πρῶτον,

1867 467 1919 518 in
1981 464 2206 522 fratrem
2238 471 2607 540 aggrediatur.
2639 473 2729 543 qui
2753 485 2806 530 et
2827 484 2954 530 ante
2991 476 3138 531 illam
3191 480 3451 548 injustam

1863 559 2169 626 actionem,
2203 576 2270 616 ex
2293 562 2361 617 iis
2413 579 2536 634 qua:
2574 564 2688 619 Deo
2712 565 2882 622 frater
2907 568 3189 634 oderebat,
3215 588 3454 628 interore

1864 651 2220 719 alliciebatur,
2248 657 2656 714 ctininvidiam
2705 662 2824 731 ejus
2864 662 3087 732 quinon
3129 663 3333 719 fecerat
3362 667 3452 720 in-

1857 742 2475 815 juriam'excitabatur,
2518 753 2757 821 pessima
2809 765 2989 810 autem
3043 766 3222 811 mente
3251 767 3305 811 et
3326 773 3453 828 per-

1861 838 1971 893 lido
2022 841 2252 895 consilio
2285 856 2414 897 suas
2456 859 2651 899 manus
2686 846 2739 898 in
2780 845 2968 902 fratris
3001 863 3186 903 necem
3220 865 3454 904 convcr-

1863 933 1948 987 tit.
1980 933 2043 988 Et
2068 934 2188 989 vide
2229 936 2360 989 mibi
2390 945 2441 990 et
2477 937 2531 990 in
2575 937 2680 991 boc
2712 937 3076 994 Providentia:
3126 941 3450 1010 sapientiam

1860 1025 2290 1096 investigabilem
2321 1045 2335 1082 :
2366 1027 2434 1084 iis
2475 1028 2620 1083 enim
2658 1031 2858 1099 quibus
2909 1033 3135 1102 putabat
3177 1035 3450 1103 pessimus

1860 1129 1922 1169 se
1984 1118 2254 1171 victurmn
2314 1133 2511 1176 manus
2554 1129 2744 1174 contra
2802 1123 3056 1178 meliores
3109 1124 3446 1194 erigentem,

1863 1207 2058 1262 iisdem
2091 1210 2171 1263 illi
2220 1213 2466 1279 prolusio
2503 1215 2884 1284 catastrophes
2921 1216 3182 1269 occurrit.
3212 1216 3449 1270 Permit-

1859 1297 1925 1351 tit
1957 1298 2102 1352 enim
2155 1299 2354 1356 divinae
2400 1313 2452 1357 et
2473 1320 2638 1374 supra
2687 1306 3071 1374 cogitationem
3127 1308 3450 1361 reconomiaa

1863 1386 2007 1439 ratio
2035 1397 2094 1440 ut
2121 1397 2272 1458 opus”
2298 1389 2628 1460 injustarum
2665 1402 2718 1446 et
2753 1381 3152 1447 homicidarum
3185 1410 3448 1448 manuum

1856 1472 1992 1527 Abel
2044 1476 2183 1542 liat;
2238 1485 2293 1530 et
2336 1480 2594 1548 pracedit
2645 1482 2945 1549 genitorem
2999 1482 3066 1534 ad
3105 1491 3332 1536 mortem
3390 1484 3451 1535 li-
3524 1513 3533 1520 -

1856 1564 2003 1633 lius;
2057 1568 2150 1622 sed
2209 1569 2514 1626 infirmatur
2545 1572 2601 1626 in
2650 1573 2827 1642 primo
2863 1574 2954 1628 illo
2983 1574 3092 1627 ictu
3124 1574 3318 1628 inferni
3349 1591 3450 1644 po-

1855 1659 2047 1711 tentia.
2066 1657 2122 1712 Si
2144 1661 2288 1714 enim
2306 1663 2576 1718 Adamum
2600 1666 2834 1736 primmn
2866 1667 3179 1730 invasisset,
3209 1667 3446 1722 solidum

173 1751 395 1821 ἰσχυρὸς
419 1750 483 1803 ἂν
515 1751 664 1822 αὐτῷ
687 1753 715 1804 6
735 1750 985 1821 θεμέλιος
1006 1750 1300 1821 ἐπήγνυτο,
1329 1749 1419 1801 τὸν
1443 1747 1565 1817 θεία
1593 1763 1757 1800 κατα-

1870 1750 1936 1804 illi
1990 1749 2404 1808 fundamentum
2433 1756 2601 1812 ﬁxum
2630 1771 2797 1826 esset,
2818 1776 2942 1814 cum
2976 1761 3120 1814 hunc
3136 1761 3319 1813 divino
3351 1759 3446 1812 dc-

167 1843 500 1897 δικασθέντα
529 1843 695 1914 ψήφῳ
725 1843 915 1897 τοῦτον
938 1841 1458 1913 ὑποδεξαμένουλκαὶ
1486 1839 1704 1910 πρῶτον
1737 1879 1751 1893 .

185 1945 342 1996 Ἐπεὶ
367 1944 422 1997 δὲ
444 1945 537 1996 τὸν
573 1943 813 1997 ἀναίτιον
845 1943 905 2009 ἐξ
926 1943 1189 2014 ἐπηρείας
1213 1941 1570 2005 ὑπεδάλλετο,
1595 1939 1756 1992 αὑτό-

173 2037 267 2088 θεν
294 2037 454 2088 αὐτοῦ
488 2038 972 2107 ἀνατετραμμένον
998 2035 1155 2108 ιοοιι.
1178 2033 1293 2106 νου]
1318 2034 1379 2087 τὸ
1408 2033 1610 2104 κράτος
1669 2032 1762 2084 εὐ-

176 2130 425 2197 ρίσκεται
463 2129 537 2192 ώς
569 2125 766 2201 σαθρὸν
807 2130 865 2197 ἐξ
913 2130 1089 2200 ἀρχῆς
1131 2126 1569 2197 ὑποϐαλλομένου
1600 2122 1758 2194 θεμέο

171 2221 307 2274 λιονο
331 2222 425 2274 καὶ
455 2223 661 2290 γίνεται
684 2222 968 2293 προοίμιον
985 2223 1082 2290 τῆς
1099 2219 1396 2284 παντελοῦς
1415 2217 1765 2279 καταλύσεως

169 2313 270 2367 τοῦ
298 2314 422 2385 ᾷίου
452 2318 480 2367 6
500 2313 592 2367 τοῦ
621 2315 826 2368 δικαίου
859 2314 918 2379 ἐξ
944 2314 1206 2384 ἐπηρείας
1234 2313 1482 2375 θάνατος.

728 2455 1062 2510 ΕΡΩΤΗΣΙΣ
1101 2456 1200 2509 lB'.

168 2575 312 2646 Περὶ
340 2574 445 2629 τοῦ
475 2571 563 2627 ὅτι
587 2575 658 2628 οὐ
675 2574 929 2646 μάχεται
979 2571 1103 2642 κᾶν,
1126 2586 1248 2646 τισι
1281 2568 1432 2646 δοκῇ
1469 2569 1556 2629 τὸ,
1593 2585 1612 2646 ι
1643 2569 1748 2646 Είς

243 2640 420 2716 ἇιρῖμα
440 2647 553 2712 ἐγὼ
577 2640 810 2710 είς-τὸν
855 2640 1423 2716 κόσμονλέλήᾼυθα,
1464 2658 1481 2689 ι
1501 2641 1622 2716 ’καί
1652 2640 1749 2716 τὸ,

248 2709 431 2770 (ύὺκ
465 2709 657 2788 ἧλθωὲ
706 2716 808 2767 ἵνα
841 2709 1022 2783 κρίνίω
1061 2713 1169 2767 τὸν
1201 2714 1456 2781 κόσμον,
1482 2709 1622 2764 ἀλλ’
1652 2710 1755 2762 ἵνα

243 2790 425 2842 σώσω
445 2793 555 2842 τὸν
575 2788 826 2856 κόσμον.
861 2806 880 2836 ι
1293 2805 1296 2808 ·

1864 1853 2013 1898 creto
2033 1845 2349 1900 damnatum
2388 1851 2722 1920 suscepisset
2746 1854 3084 1921 etprimum;
3118 1868 3242 1906 cum
3266 1863 3448 1905 autem

1863 1937 2138 1992 insontem
2180 1954 2247 1993 eo
2281 1939 2480 2011 injuria
2531 1943 2810 2014 dejiceret,
2858 1945 2984 1998 inde
3009 1945 3129 2013 ejus
3178 1959 3449 1999 concussa

1863 2033 2103 2101 potentia
2130 2036 2402 2103 reperitur
2431 2045 2692 2106 tanquam
2729 2038 2798 2090 ab
2823 2037 2978 2091 initio
3010 2038 3282 2106 putridum
3322 2052 3452 2104 snp-

1865 2122 2121 2191 ponentis
2150 2122 2565 2179 fundamentum
2597 2142 2612 2191 ;
2648 2135 2703 2179 et
2726 2125 2787 2179 fit
2814 2125 3142 2195 prowmium
3185 2124 3450 2178 absolutae

1866 2214 2068 2275 inferni
2088 2218 2465 2274 dissolutionis
2478 2219 2612 2290 justi
2646 2235 2794 2274 mors
2823 2235 2890 2274 ex
2944 2218 3166 2288 injuria.

2405 2439 2737 2508 QUASSTlO
2774 2438 2892 2493 ΧΠ.

1855 2561 1979 2617 Νοη
2041 2561 2250 2616 exsistit
2304 2560 2673 2626 contradictio,
2733 2559 2832 2612 etsi
2891 2559 3208 2629 quibusdam
3276 2561 3452 2614 ridea-

1928 2637 2202 2697 tur,inter
2251 2630 2384 2684 illud
2410 2647 2488 2700 .‘Hl
2520 2629 2589 2682 In
2641 2630 2903 2697 judicium
2947 2647 3039 2700 ego
3093 2632 3145 2682 in
3197 2638 3451 2684 mundum

1924 2707 2058 2766 veni,
2074 2723 2090 2753 ι
2112 2717 2155 2756 et
2174 2703 2305 2754 illud
2322 2717 2340 2753 :
2365 2721 2381 2751 ι
2405 2699 2528 2753 Νοη
2549 2699 3270 2770 υεηίίαιῙυάὶεεηιίηιωιιιιιηι,
3287 2707 3373 2755 sed
3393 2711 3449 2754 ut

1932 2777 2127 2827 solvent
2151 2772 2424 2828 mundum.
2464 2789 2483 2822 ι

329 2931 471 2979 Edita
489 2943 514 2977 a
547 2925 691 2988 Maio,
717 2927 750 2976 l.
773 2940 839 2986 c.,
871 2939 921 2988 p.
949 2923 1110 2974 12-15.
1134 2924 1209 2973 De
1230 2928 1504 2986 apparente
1535 2912 1930 2968 contradictione
1953 2919 2091 2962 inter
2115 2909 2261 2959 verba
2283 2909 2464 2962 Christi
2483 2909 2626 2960 Joan.
2659 2923 2730 2970 ιι,
2763 2910 2825 2960 39
2849 2915 2902 2960 et
2931 2911 3074 2960 Joan.
3098 2923 3188 2972 xu,
3211 2910 3292 2960 47.

248 3041 345 3105 T6,
383 3060 401 3092 ι
435 3039 526 3102 Εἰς
556 3043 734 3108 κρῖμα
795 3034 907 3104 ἐγὼ
939 3036 1018 3098 εἰς
1060 3033 1154 3086 τὸν
1205 3033 1412 3102 κόσμον
1442 3027 1698 3101 ἐλήλυθα·
1735 3046 1754 3079 ι

169 3137 270 3190 καὶ
301 3134 383 3200 τὸ,
423 3153 440 3184 ι
479 3134 592 3186 Οὐκ
623 3127 788 3203 ἦλθον
813 3130 899 3182 ἵνα
939 3129 1112 3198 κρίνω
1143 3126 1232 3178 τὸν
1267 3125 1492 3194 κόσμον,
1518 3121 1633 3176 ἀλλ’
1673 3122 1761 3174 ἵνα

173 3227 340 3283 σώσω
397 3227 490 3280 τὸν
516 3226 745 3295 κόσμον,
783 3242 801 3275 ι
836 3221 897 3276 οὐ
929 3222 1086 3292 μόνον
1118 3217 1376 3288 οὐδεμίαν
1404 3216 1760 3284 ἐναντιότητα

170 3321 315 3391 πρὸς
337 3318 540 3389 ἄλληλα
567 3319 849 3387 φέρουσιν,
895 3313 1032 3366 ἀλλὰ
1073 3311 1272 3382 μᾶλλον
1309 3310 1403 3362 καὶ
1432 3307 1635 3376 πολλὴν
1661 3308 1761 3374 τὴν

172 3413 500 3467 ἀκολουθίαν
540 3412 635 3464 καὶ
683 3410 782 3467 τὴν
839 3405 1158 3467 συμφωνίαν
1211 3402 1569 3456 δεικνύουσιν.
1609 3417 1627 3450 ι
1667 3399 1760 3460 Είς

717 3410 782 3479 ὴν
839 3410 1158 3477 συμφωνίαν
1211 3410 1569 3456 δεικνύουσιν.
1609 3417 1627 3450 ι
1667 3410 1760 3460 ιρις
1790 3439 1833 3497 Γ
1865 3410 1921 3444 et
1945 3410 2272 3444 concentum
2312 3410 2632 3442 ostenuunt.
2679 3410 2696 3437 ι
2744 3410 2801 3440 ιιι
2842 3410 3110 3456 juutctum
3158 3410 3327 3449 erum,
3363 3410 3450 3436 ιιι-

718 3543 731 3551 ,
765 3499 878 3551 ἐγὼ
903 3501 978 3551 εἰς
1001 3498 1091 3549 τὸν
1124 3497 1329 3551 κόσμον
1365 3493 1627 3551 ἐλήλυθα’
1665 3511 1684 3544 ι
1711 3493 1759 3544 οἱ
1814 3478 1834 3499 ⁸
1865 3482 2006 3550 quit,
2031 3495 2131 3551 ego
2162 3481 2216 3534 in
2247 3482 2512 3534 mundum
2537 3481 2699 3545 veni;
2730 3499 2748 3531 ι
2786 3480 2878 3547 qui
2911 3478 3113 3532 debent
3135 3479 3278 3532 enim
3303 3477 3451 3546 aspi-

171 3508 356 3577 κρῖμα
376 3504 510 3573 γὰρ.
545 3502 732 3573 φησὶν,
765 3499 878 3568 ἐγὼ
903 3501 978 3560 εἰς
1001 3498 1091 3549 τὸν
1124 3497 1329 3567 κόσμον
1365 3493 1627 3564 ἐλήλυθα’
1665 3511 1684 3544 ›
1711 3493 1759 3544 οἱ

171 3599 289 3669 γὰρ
330 3598 634 3667 ὀφείλοντες
680 3593 900 3664 βλέπειν
932 3591 1147 3652 ἑκόντες
1203 3587 1638 3658 τυφλώττουσιν·
1669 3585 1763 3638 καὶ

171 3695 294 3746 ὅσοι
315 3691 642 3762 τυφλώττειν
661 3689 991 3759 ἐνομίζοντο,
1017 3685 1153 3757 πρὸς
1173 3684 1233 3736 τὸ
1251 3686 1364 3752 φώς
1379 3681 1479 3749 τῆς
1505 3677 1764 3749 ἀληθείας

172 3785 499 3854 ἐδείχθησαν
531 3783 821 3853 βλέποντες
844 3796 856 3809 ·
913 3781 962 3831 οἱ
994 3779 1093 3847 μὲν
1116 3778 1225 3846 γὰρ
1251 3776 1350 3846 τὴν
1379 3774 1658 3845 σωτηρίαν
1699 3772 1761 3824 οὐ

173 3879 564 3949 προσήκαντοο
633 3875 682 3927 οἱ
745 3874 800 3926 δὲ
867 3870 1289 3942 παραγενομένῃ
1346 3868 1759 3939 προσέδραμονο

171 3975 321 4028 ὥστε
352 3971 455 4025 κᾶν
509 3973 542 4040 ἡ
603 3969 734 4039 ἐμὴ,
775 3967 961 4037 φησὶν,
1003 3964 1216 4026 ἐλευσις
1266 3964 1360 4016 ἐπὶ
1391 3961 1634 4032 σωτηρίᾳ
1669 3958 1762 4011 τοῦ

171 4066 389 4135 κόσμου
421 4062 735 4132 γεγένηται,
770 4059 883 4113 ἀλλ’
914 4055 1008 4112 οὖν
1037 4061 1085 4111 oi
1118 4056 1430 4126 ἐθελοκάκῳ
1461 4057 1599 4126 ῥοπῇ
1625 4052 1763 4124 πρὸς

170 4159 274 4229 τὴν
312 4157 446 4209 ἰδίαν
463 4152 994 4221 ἀπαυθαδιαζόμενοι
1033 4149 1391 4212 λυσιτέλειαν,
1428 4150 1601 4218 κρῖμα
1635 4148 1762 4198 ἐαυ-

171 4251 294 4311 τοῖς
316 4247 414 4317 τὴν
439 4247 577 4316 ἐμὴν
599 4243 905 4316 παρουσίαν
957 4240 1394 4310 κατεπράξαντο.
1419 4239 1482 4291 Τί
1507 4239 1568 4291 οὐ
1601 4236 1761 4310 [Cod.

171 4334 298 4410 οὖν]
337 4336 448 4408 πῦρ
483 4337 768 4403 κατάγεις,
808 4333 932 4386 οὐδὲ
967 4333 1066 4404 τὴν
1103 4333 1207 4402 γῆν
1239 4332 1424 4394 αὐτοῖς
1454 4329 1762 4391 ἀνασείεις;

170 4431 302 4485 οὐδὲ
344 4433 472 4493 τοὺς
513 4428 906 4500 καταρράκτας
949 4424 1044 4479 τοῦ
1098 4423 1332 4495 οὐρανοῦ
1377 4423 1636 4490 ἁνοίγεις,
1671 4420 1766 4474 καὶ

175 4525 419 4598 βυθίζεις
462 4522 644 4575 αὐτῶν
680 4522 782 4590 τὴν
844 4519 1136 4584 ἀπόνοιαν;
1193 4517 1277 4569 ὅτι
1336 4535 1354 4566 ι
1411 4515 1525 4567 Οὐκ
1576 4509 1762 4584 ἦλθον,

174 4618 340 4688 φησὶ,
369 4618 555 4684 κρῖναι
577 4614 669 4666 τὸν
701 4607 926 4682 κόσμον,
973 4610 1109 4663 ἀλλὰ
1142 4609 1335 4673 σῶσαι,
1372 4626 1390 4658 ι
1418 4605 1534 4660 ἁλλ’
1557 4608 1766 4660 ἀνακα-

172 4707 440 4762 λέσασθαι
459 4723 473 4738 ο
508 4705 600 4759 διὰ
622 4703 783 4758 τοῦτο
813 4700 1175 4773 μακροθυμῶ,
1197 4699 1286 4754 διὰ
1315 4698 1474 4752 τοῦτο
1503 4697 1766 4768 ταμιεύο-

1933 3018 2108 3074 Illud:
2144 3037 2164 3070 ι
2202 3021 2260 3071 ln
2303 3017 2576 3088 judicium
2621 3031 2722 3087 ego
2750 3017 2806 3071 in
2850 3016 3112 3071 mundum
3148 3014 3293 3076 veni,
3338 3033 3358 3066 ι
3393 3022 3450 3070 et

1863 3114 2018 3182 illud:
2046 3111 2196 3168 «Non
2229 3115 2346 3167 veni
2375 3125 2432 3166 ut
2448 3112 2690 3181 judicem
2715 3111 3000 3175 mundum,
3026 3109 3122 3165 sed
3162 3121 3220 3163 ut
3242 3109 3446 3164 sali-em

1865 3207 2155 3271 mundum,
2207 3223 2227 3257 ι
2287 3220 2398 3258 non
2454 3205 2620 3258 modo
2686 3203 2890 3256 nullam
2953 3201 3450 3256 contradictiontm

1865 3299 2008 3352 inter
2041 3311 2099 3350 sc
2137 3297 2350 3359 ferunt,
2388 3295 2482 3348 sed
2529 3304 2722 3348 contra
2761 3294 2987 3346 multant
3033 3291 3447 3362 congruentiam

1865 3399 1921 3444 et
1945 3399 2272 3444 concentum
2312 3387 2632 3442 ostendunt.
2679 3406 2696 3437 ι
2744 3385 2801 3440 ln
2842 3386 3110 3456 judicium
3158 3384 3327 3449 enim,
3363 3386 3450 3436 in—

1866 3589 2011 3640 cere,
2053 3573 2300 3628 volentes
2361 3576 2729 3636 obcaecantur,
2761 3581 2814 3625 ct
2854 3571 2948 3640 qui
2987 3570 3248 3624 obcwcati
3287 3579 3448 3638 puta-

1863 3667 2086 3731 bantur,
2132 3666 2315 3720 lumen
2372 3666 2617 3720 veritatis
2660 3666 2946 3718 monstrati
2977 3670 3107 3718 sunt
3149 3663 3445 3715 intuentes.

1862 3760 1970 3814 Alii
2019 3759 2239 3829 quidem
2289 3761 2521 3814 salutem
2576 3774 2686 3813 non
2731 3766 3083 3827 acceperunt,
3133 3755 3226 3810 alii
3265 3763 3448 3808 autctn

1863 3853 2117 3907 adducta:
2158 3852 2323 3906 Saluti
2359 3860 2751 3917 accurrerunt;
2788 3851 2862 3903 ita
2911 3859 2993 3914 ut,
3023 3848 3126 3901 etsi
3158 3861 3334 3910 meus,
3365 3845 3449 3898 in-

1864 3946 2002 4014 quit,
2037 3945 2304 3998 adventus
2339 3959 2437 4013 pro
2469 3943 2660 3997 mundi
2711 3942 2886 3995 salute
2933 3941 3112 3994 factus
3157 3940 3248 4005 sit,
3294 3939 3387 3992 sed
3409 3937 3448 3990 ii

1864 4041 1957 4106 qui
1993 4053 2158 4108 prava
2194 4037 2491 4091 voluntatis
2518 4035 2876 4091 inclinatione
2924 4036 2990 4088 ad
3045 4033 3318 4103 pr0priam
3355 4047 3449 4086 ar-

1863 4141 2192 4201 rogantersc
2215 4140 2502 4199 gesserunt
2528 4129 3118 4199 utilitatem,judicium
3141 4128 3242 4181 sibi
3271 4139 3448 4181 meam

1865 4224 2208 4292 praesentiam
2282 4223 2579 4278 elfcccrint.
2655 4222 2794 4289 Quid
2851 4223 3017 4292 igitur
3101 4222 3280 4290 ignem
3338 4234 3448 4272 non

1865 4316 2135 4382 immittis,
2174 4331 2348 4386 neque
2377 4328 2576 4371 terram
2610 4317 2718 4372 illis
2752 4317 3023 4379 concutis,
3068 4329 3243 4383 neque
3296 4325 3448 4368 cata-

1865 4418 2048 4463 ractas
2073 4409 2197 4464 cmli
2219 4409 2399 4478 aperis
2421 4419 2475 4462 et
2506 4408 2779 4479 demergis
2806 4409 3024 4461 illorum
3075 4405 3452 4461 dementiam?

1865 4502 1994 4570 quia
2033 4519 2051 4552 ι
2099 4517 2211 4554 non
2244 4502 2392 4567 veni,
2438 4502 2637 4570 inquit,
2676 4501 2996 4570 utjudicem
3031 4500 3320 4561 mundum,
3354 4499 3449 4553 scd

1865 4604 1927 4646 ut
1954 4592 2183 4656 salvem,
2226 4611 2244 4644 ι
2285 4593 2378 4648 sed
2408 4607 2634 4647 sursum
2673 4606 2799 4645 eum
2848 4607 3058 4656 vocem;
3119 4601 3452 4659 quapropter

1866 4687 2129 4757 patientia
2171 4698 2295 4742 ulor
2320 4728 2336 4754 ,
2398 4696 2734 4756 quapropter
2763 4685 2955 4740 differo
2991 4685 3299 4755 judicium;
3340 4703 3452 4741 non
3502 4681 3507 4686 ’

178 4821 282 4876 μαι
308 4802 406 4869 τὴν
446 4799 624 4872 κρίσιν
644 4817 658 4830 ·
684 4799 746 4852 οὐ
773 4797 880 4866 γὰρ
910 4795 1146 4866 κρίσεως
1187 4793 1383 4862 καιρὸς
1411 4793 1510 4861 τῆς
1541 4791 1761 4862 πρώτης

1872 4785 2018 4838 enim
2055 4783 2250 4853 judicii
2297 4792 2533 4853 tempus,
2565 4782 2727 4851 primi
2761 4781 3030 4836 adventus
3073 4782 3178 4835 mei
3217 4789 3450 4851 tempus,

179 4915 289 4970 μου
319 4894 620 4967 παρουσίας
668 4895 696 4946 6
726 4891 938 4961 καιρὸς,
979 4887 1115 4942 ἀλλὰ
1167 4885 1602 4956 φιλανθρωπίας,
1631 4885 1768 4938 ἀλλὰ

178 4989 555 5061 συμπαθείας,
609 4984 726 5040 ἀλλ’
791 4981 1116 5053 εὐμενείας,
1193 4977 1332 5033 ἀλλὰ
1388 4977 1766 5048 ἀνακλήσεως.

176 5085 372 5144 Οὕτως
405 5081 467 5134 οὺ
498 5079 660 5151 μόνον
691 5075 950 5146 οὐδεμίαν
983 5075 1167 5145 μάχην
1192 5071 1445 5143 ἀλλήλοις
1469 5071 1766 5140 ἐπιφέρου-

178 5197 267 5232 σιν
297 5177 348 5230 οἱ
377 5173 733 5245 προκείμενοι
764 5169 897 5223 θεῖοι
925 5168 1184 5239 χρησμοὶ,
1206 5165 1342 5221 ἀλλὰ
1379 5165 1472 5220 καὶ
1498 5163 1769 5228 πλεῖστον,

176 5273 258 5335 ὡς
289 5270 446 5341 ὁρᾷς,
481 5266 544 5318 τὸ
602 5264 930 5335 ἐναρμόνιον
985 5259 1342 5324 διασώζουσιν
1364 5274 1377 5288 °
1427 5257 1602 5320 ἄλλως
1632 5275 1692 5310 τε
1715 5257 1771 5309 66

179 5364 278 5416 καὶ
310 5362 483 5430 κρῖμα
508 5359 606 5412 καὶ
643 5356 826 5428 κρίσις
881 5353 1260 5426 συμφέρονται
1303 5353 1403 5424 μὲν
1435 5354 1492 5404 ἐν
1532 5350 1770 5416 πολλοῖς,

181 5455 540 5524 ἀναδέχονται
587 5452 644 5506 66
702 5451 799 5505 καὶ
849 5449 1150 5519 διαφοράν·
1187 5447 1247 5501 τὸ
1289 5447 1387 5516 μὲν
1445 5443 1556 5514 γὰρ
1598 5448 1773 5515 κρῖμα

184 5548 393 5620 μᾶλλον
422 5546 570 5617 δηλοῖ
590 5545 652 5599 τὸ
683 5545 1026 5615 κατάκριμα,
1057 5545 1090 5612 ή
1125 5541 1184 5594 66
1227 5540 1408 5611 κρίσις
1447 5540 1524 5602 εἰς
1558 5537 1656 5608 τὴν
1679 5539 1772 5590 τοῦ

183 5641 562 5710 προσήκοντος
620 5635 878 5690 ἁπονεύει
926 5634 1281 5703 διανέμησιν·
1326 5631 1406 5693 εἰς
1448 5630 1623 5700 κρῖμα
1681 5627 1774 5682 οὖν

185 5732 453 5804 ἐλήλυθεν
503 5731 531 5783 6
586 5727 778 5800 Σωτὴρ
831 5728 908 5792 εἰς
957 5726 1050 5780 τὸν
1075 5725 1312 5794 κόσμον,
1367 5721 1650 5776 τουτέστιν
1695 5723 1777 5785 εἰς

1875 4877 1970 4931 sed
2012 4876 2422 4939 misericordiae,
2461 4875 2556 4930 sed
2588 4874 3011 4942 compassionis,
3077 4873 3172 4928 sed
3211 4873 3452 4928 benevo—

1875 4969 2076 5031 lentiae,
2106 4968 2200 5022 sed
2249 4967 2602 5022 bortationis.
2637 4966 2838 5036 Sicque
2883 4979 2994 5020 non
3045 4967 3210 5020 modo
3244 4967 3453 5020 nullam

1875 5078 2112 5132 pugnam
2189 5065 2329 5115 inter
2400 5075 2460 5116 se
2527 5058 2708 5113 ferunt
2779 5059 3034 5128 prmdicta
3111 5060 3294 5114 divina
3339 5077 3457 5115 ora-

1875 5155 2000 5208 cula
2041 5155 2134 5210 sed
2173 5155 2494 5218 maximum,
2528 5163 2584 5208 nt
2616 5153 2792 5220 vides,
2831 5163 3159 5208 concentum
3209 5163 3452 5207 servant.

1875 5246 2113 5300 Aliunde
2181 5255 2364 5300 autem
2426 5244 2693 5313 judicium
2777 5245 2996 5317 (κρῖμα)
3073 5254 3128 5298 et
3188 5243 3456 5313 judicatio

1877 5343 2107 5413 (κρίσις)
2155 5340 2490 5396 concordant
2531 5340 2751 5408 quidem
2799 5340 2852 5391 in
2904 5339 3114 5405 multis,
3160 5342 3457 5394 admittunt

1874 5447 2057 5492 tamen
2086 5447 2140 5492 et
2163 5435 2548 5492 diﬂ‘ercntiam.
2566 5434 2843 5488 Judicium
2870 5435 3014 5488 enim
3032 5435 3202 5506 magis
3219 5436 3455 5490 ostendit

1880 5533 2305 5594 damnationem,
2323 5531 2588 5600 judicatio
2611 5540 2794 5584 autem
2821 5531 2872 5583 in
2900 5529 3066 5584 debiti
3094 5533 3319 5586 inclinat
3343 5533 3452 5584 dis-

1885 5627 2262 5681 tributionem.
2309 5625 2365 5679 ln
2414 5626 2683 5696 judicium
2735 5641 2867 5693 ergo
2917 5626 3062 5680 venit
3097 5625 3347 5679 Salvator
3401 5627 3455 5688 in

1885 5720 2174 5784 mundum,
2217 5719 2269 5775 id
2297 5719 2461 5774 estin
2501 5719 2910 5773 damnationem
2951 5719 3128 5772 factus
3154 5729 3237 5772 cst
3270 5719 3335 5774 iis
3362 5721 3458 5789 qui
