3916 6192
471 248 575 314 123
1636 245 1903 307 ΡΗΟΤΠ
1936 247 2017 308 ΡΑ

2213 247 2446 311 ΒΕΗῶ
2483 251 2594 311 CP.
3653 241 3759 307 124

467 370 768 426 noluerunt
799 365 865 421 ad
893 380 1052 421 suam
1089 363 1380 420 utilitatem
1408 363 1677 435 aspicere,
1716 379 1892 435 neque
1931 364 2013 418 dil?

2211 365 2478 436 ιτάκριμα
2504 366 2728 434 γέγονεν
2774 363 3006 426 ἐκείνοις
3043 361 3159 416 ὅσοι
3191 361 3266 433 μὴ
3294 359 3582 431 διαϐλέψαι
3615 361 3757 433 πρὸς

467 462 708 534 gentiam
734 458 1110 514 adhibuerunt
1142 467 1203 512 ut
1220 473 1374 512 suam
1401 457 1829 527 redemptionem
1887 471 2013 526 agnt

2209 463 2261 531 'rjv
2307 460 2517 513 ἑαυτῶν
2565 458 2840 529 ἠθέλησαν
2900 455 3269 527 λυσιτέλειαν,
3335 455 3470 525 μηδὲ
3531 454 3755 509 σύνεσιν

467 563 707 609 scerent.
745 551 860 606 Illis
897 550 1065 620 igitur
1104 549 1443 620 injudicium
1481 549 1659 604 factus
1690 558 1776 604 est
1809 563 2013 602 comunt

2210 553 2442 622 αρέσχον
2470 553 2770 621 ἐπιγνῶναι
2797 551 2894 622 τὴν
2925 549 3136 605 ἑαυτῶν
3175 547 3590 620 ἀπολύτρωσινο
3623 548 3756 602 τού-

465 646 555 699 nis
598 652 846 699 nostrum
903 641 1153 697 omnium
1220 639 1526 707 Salvator;
1584 655 1692 694 non
1743 639 1884 709 quod
1944 639 2011 703 ip:

2206 661 2277 707 at;
2305 640 2399 698 οὖν
2436 645 2518 707 εἰς
2547 645 2719 714 κρῖμα
2743 643 2968 711 γέγονεν
3007 643 3036 696 ὁ
3081 640 3261 703 κοινὸς
3318 639 3475 708 ἡμῶν
3517 640 3752 710 Σωτήρ·

467 752 686 806 poenam
744 751 842 790 eos
892 735 1190 788 incurrisse
1240 742 1435 788 auctor
1501 734 1593 796 sit,
1645 732 1736 787 sed
1785 731 1930 802 quod
1954 731 2013 801 ip:

2203 740 2264 794 ὑκ
2290 737 2453 802 αὐτὸς
2479 737 2652 802 αῐτιος
2675 736 2770 790 τοῦ
2807 736 2963 806 δίκην
2992 733 3226 804 ὀφείλειν
3256 733 3454 796 αὐτοὺς
3483 733 3749 800 γεγονὼς,

463 845 618 884 suam
657 828 890 883 salutem
930 827 984 880 in
1021 825 1367 880 mortiferum
1399 825 1506 879 sibi
1540 824 2009 880 transformaverit

2210 834 2277 886 λλ’
2315 831 2540 886 ἐκείνων
2566 830 2630 884 τὸ
2659 831 2928 900 σωτήριον
2955 827 3035 891 εἰς
3061 827 3304 897 ὀλέθριον
3339 828 3552 886 ἑαυτοῖς
3585 843 3756 895 μετα-

470 938 772 978 venenum.
807 921 940 976 Illud
996 922 1166 986 enim,
1218 930 1276 974 ut
1331 922 1584 985 videntes,
1636 930 1742 975 etc.
1809 936 1916 976 non
1976 936 2016 974 et

2207 925 2586 994 κευασαμένων
2614 923 2926 993 φάρμακον.
2969 921 3043 974 Τὸ
3081 921 3214 991 γὰρ,
3242 920 3330 972 ἵνα
3364 919 3415 972 οἰ
3451 917 3753 987 βλέποντες

467 1030 650 1068 causae
698 1013 986 1076 iudicatio,
1014 1013 1108 1066 sed
1163 1027 1355 1066 eorum
1409 1013 1757 1068 annuntiatio
1788 1013 1879 1082 qui
1913 1011 2013 1066 mal

2210 1017 2256 1070 xl.
2285 1014 2434 1085 ἑξῆς,
2470 1014 2569 1068 οὐκ
2600 1015 2781 1076 αἰτίας
2837 1013 2983 1065 ἐστὶν
3041 1010 3290 1077 ἔνδειξις,
3340 1009 3656 1078 ἀπαγγελία
3700 1008 3756 1061 δὲ

465 1109 749 1161 voluntate
771 1115 825 1159 et
843 1113 1022 1159 mente
1045 1105 1231 1174 pejora
1253 1105 1574 1160 melioribus
1601 1114 2006 1174 anteposuerun

2209 1110 2269 1162 Iw
2321 1107 2634 1176 έθελοκάκῳ
2675 1104 2870 1179 γνώμῃ
2916 1105 2986 1158 τὰ
3048 1103 3216 1173 χείρω
3249 1102 3358 1154 τῶν
3425 1102 3755 1172 κρειττόνων

464 1215 525 1254 se
576 1202 725 1270 ipsos
777 1198 920 1252 enim
967 1197 1248 1266 subjectos
1298 1197 1508 1267 judicio
1543 1199 1825 1253 declarare
1883 1211 2010 1266 neqt

2210 1199 2546 1270 οιησαμένων
2605 1196 2956 1268 ἐπίπροσθεν.
3023 1195 3096 1248 Τὸ
3129 1195 3228 1266 μὲν
3255 1189 3349 1248 οὖν
3383 1195 3600 1265 ἐνόχους
3626 1195 3756 1247 ἐαυ-

464 1306 818 1345 communem
863 1289 1200 1344 Salvatorcm
1227 1291 1581 1359 accipientes,
1621 1291 1840 1345 malitiae
1867 1304 2010 1343 COI‘UI

2210 1294 2285 1354 ab;
2315 1292 2583 1362 κρίματος
2615 1291 2895 1360 ἀποφῆναι
2922 1289 3016 1342 καὶ
3055 1287 3128 1359 μὴ
3156 1286 3644 1357 παραδεξαμένους
3663 1289 3756 1338 τὸν

464 1395 549 1438 est
577 1383 854 1446 revelatio,
891 1383 1026 1436 nihil
1074 1394 1256 1436 autem
1289 1383 1357 1437 ad
1401 1383 1672 1438 dicentem
1705 1383 1946 1452 pertinet
1994 1395 2010 1435 ε

2209 1385 2350 1438 οινδν
2383 1385 2633 1456 Σωτῆρα,
2663 1384 2765 1454 τῆς
2791 1382 3015 1436 ἐκείνων
3061 1380 3179 1434 ἐστί
3208 1378 3510 1450 μοχθηρίας
3537 1378 3755 1432 ἀπόδει-

463 1477 680 1531 venisse
712 1492 821 1530 non
863 1475 1149 1546 utjudicet
1179 1475 1466 1542 mundum,
1498 1476 1663 1530 sedut
1715 1476 1908 1531 salvet.

2209 1492 2281 1537 ,ς’
2307 1476 2620 1528 ἀντιπίπτει
2665 1474 2721 1527 δὲ
2775 1474 2928 1526 οὐδὲν
2972 1473 3109 1542 πρὸς
3165 1470 3258 1523 τὸν
3307 1470 3533 1523 εἰπόντα
3577 1468 3755 1521 ὲλθεῖν

2160 1570 2260 1622 ούκ
2289 1570 2384 1622 ὲπί
2412 1570 2472 1621 τὸ
2501 1571 2682 1639 κρῖναι
2710 1566 2804 1620 τὸν
2835 1565 3040 1635 κόσμον
3063 1563 3179 1622 ἀλλ’
3212 1565 3291 1626 εἰς
3323 1563 3385 1615 τὸ
3405 1562 3599 1616 σῶσαι.

537 1656 740 1708 Contra
765 1670 895 1707 vero
929 1663 1158 1710 testatur
1182 1654 1442 1710 bonitatis
1463 1655 1691 1726 pelagus
1722 1656 2054 1713 immensum

2230 1661 2553 1714 Τούναντίον
2585 1656 2678 1715 οὖν
2714 1660 2983 1731 μαρτυρεῖ
3034 1656 3449 1727 φιλανθρωπίας
3503 1654 3753 1722 πέλαγος

467 1763 527 1800 se
571 1748 768 1802 utullus
801 1747 870 1800 ab
898 1764 1086 1802 errore
1124 1750 1441 1816 retraxisse,
1473 1759 1526 1804 et
1563 1764 1671 1802 non
1716 1759 2013 1819 parentesc

2207 1769 2409 1824 πειρον,
2445 1753 2525 1805 ὅτι
2555 1768 2615 1804 τε
2647 1751 2877 1813 πολλοὺς
2917 1750 3017 1820 τῆς
3044 1748 3254 1817 πλάνης
3285 1747 3598 1812 ἀνείλκυσε,
3658 1748 3753 1799 καὶ

465 1854 525 1892 sc
571 1842 673 1893 sub
726 1840 994 1910 judicium
1047 1852 1320 1920 ponentes.
1366 1859 1475 1897 non
1541 1844 1804 1908 multare,
1876 1859 2011 1912 nequ

2208 1846 2570 1915 πειθήσαντας
2607 1845 2702 1898 καί.
2734 1845 2842 1898 ὑπὸ
2863 1845 3044 1914 κρῖμα
3079 1841 3271 1904 θέντας
3299 1840 3529 1901 ἑαυτοὺς
3551 1840 3754 1892 ούκεύ-

463 1933 684 2001 punire,
745 1949 920 2003 neque
967 1936 1262 2002 damnare,
1323 1936 1418 1990 sed
1463 1951 1590 2006 erga
1641 1951 1738 1992 eos
1793 1937 1888 2006 qui
1945 1954 2009 1992 no

2207 1935 2466 1997 ύνει,ούδὲ
2498 1937 2738 2001 κολάζει,
2767 1933 2886 1988 ούδὲ
2901 1933 3244 2002 κατακρίνει,
3263 1932 3397 1986 ἀλλὰ
3423 1931 3558 2002 πρὸς
3591 1932 3753 1984 ἀπει-

464 2033 658 2094 parent
684 2025 977 2096 benignum
1007 2043 1129 2082 esse
1169 2046 1184 2084 :
1221 2047 1238 2078 ‹
1265 2027 1458 2082 Totam
1481 2028 1623 2083 diem
1651 2030 1820 2092 enim,
1855 2029 2004 2099 inqui

2211 2028 2386 2092 ὤντας
2409 2029 2772 2101 χρηστεύεται
2798 2045 2812 2060 ο
2844 2027 2966 2082 οὐδὲ
2995 2028 3122 2099 ὅλην
3149 2027 3278 2096 γὰρ,
3301 2027 3456 2095 φησὶ,
3493 2024 3592 2095 τὴν
3615 2025 3757 2094 ὴμέ-

468 2119 692 2173 extendi
741 2136 938 2173 manus
989 2137 1138 2175 meas
1195 2121 1261 2175 ad
1317 2122 1573 2191 populum
1604 2137 1710 2176 non
1773 2131 2014 2192 parentet

2206 2141 2266 2175 αν
2295 2122 2598 2187 ἐξεπέτασα
2625 2121 2723 2185 τὰς
2749 2120 2943 2192 χεῖράς
2974 2137 3075 2190 μου
3091 2119 3226 2189 πρὸς
3253 2117 3380 2170 λαὸν
3416 2115 3752 2169 ἀπειθοῦντα

466 2218 520 2261 et
553 2212 1046 2265 contradicentem.
1077 2233 1096 2263 ι
1142 2210 1428 2266 Damnatio
1469 2213 1635 2282 igitur
1666 2213 1722 2266 [it
1753 2213 1893 2283 apud
1931 2229 2012 2267 no:

2207 2215 2260 2268 αὶ
2299 2215 2668 2284 ἀντιλέγοντα.
2729 2215 3066 2284 Κατάκριμα
3095 2212 3187 2265 οὖν
3229 2210 3440 2280 γίνεται
3503 2225 3753 2281 παραγε-

465 2312 718 2355 versatus
773 2302 1023 2357 Salvator
1078 2303 1286 2357 malitia
1341 2318 1533 2358 eorum
1571 2304 1664 2373 qui
1715 2303 1893 2374 ipsum
1949 2318 2011 2356 ac

2205 2307 2333 2372 ονὼς
2367 2311 2394 2362 ὁ
2418 2309 2609 2376 Σωτὴρ
2651 2306 2740 2360 διὰ
2798 2305 3101 2377 μοχθηρίας
3139 2301 3250 2356 τῶν
3283 2298 3751 2371 παραδεξαμένων

465 2403 750 2462 ceperunt,
790 2411 896 2448 non
941 2395 1154 2464 judicat
1205 2396 1326 2450 illos
1372 2411 1550 2465 neque
1591 2396 1766 2466 punit,
1798 2405 2004 2450 extrem

2206 2403 2328 2456 ύτόν
2357 2419 2370 2434 °
2403 2403 2464 2456 ού
2503 2401 2678 2474 κρίνει
2716 2401 2773 2454 δὲ
2803 2399 3030 2461 τούτους
3083 2397 3208 2450 οὐδὲ
3267 2397 3596 2466 τιμωρεῖται
3664 2393 3752 2446 διὰ

466 2484 817 2551 benignitatis
845 2487 1040 2553 gratia,
1071 2493 1125 2539 et
1156 2486 1284 2554 quia
1318 2486 1553 2554 priorem
1606 2485 1726 2554 ejus
1764 2484 2012 2538 adventui

2208 2495 2577 2569 ιλανθρωπίαν
2627 2495 2824 2565 ἄκραν,
2861 2493 2953 2546 καί
3001 2492 3064 2545 τὸ
3127 2490 3224 2557 τὴν
3261 2490 3534 2561 προτέραν
3579 2488 3749 2542 αὐτοῦ

465 2591 576 2629 non
604 2575 795 2644 judicii
832 2585 1068 2646 tempus,
1100 2577 1194 2632 sed
1224 2577 1544 2631 oeconomiae
1582 2585 1636 2631 et
1659 2575 2004 2647 compassion

2212 2589 2471 2659 αρουσίαν
2504 2587 2578 2657 μὴ
2629 2585 2864 2656 κρίσεως
2899 2581 3089 2654 καιρὸν
3139 2580 3251 2634 ἀλλ’
3292 2579 3609 2649 οἰκονομίας
3659 2577 3752 2630 καὶ

466 2669 758 2722 ostendere
793 2670 843 2722 ei
889 2680 971 2722 est
1003 2671 1056 2723 in
1100 2671 1304 2724 animo.
1342 2669 1396 2723 Si
1439 2673 1562 2740 quis
1596 2680 1775 2724 autem
1809 2671 1935 2724 velit
1963 2671 2012 2740 ju

2204 2678 2506 2749 υμπαθείας
2561 2675 2826 2740 ἐπιδεῖξαι
2891 2671 3162 2742 βούλεται.
3233 2669 3295 2720 Εἰ
3352 2666 3411 2720 δέ
3438 2683 3522 2727 τις
3573 2665 3750 2717 ἐθέλοι

465 2760 720 2815 veniliter
752 2764 860 2816 vim
907 2762 1193 2817 intendere
1223 2772 1278 2817 et
1306 2772 1520 2817 mutare
1559 2763 1827 2832 judicium
1858 2765 1911 2818 in
1941 2765 2011 2818 di:

2208 2771 2557 2840 εανικώτερον
2586 2765 2968 2830 ἐκϐιάσασθαι,
2999 2763 3095 2816 καὶ
3131 2759 3460 2831 μεταλαϐεῖν
3481 2761 3543 2812 τὸ
3575 2761 3754 2828 κρῖμα

470 2856 769 2908 cretionem
797 2866 852 2909 et
869 2857 1298 2926 separationem.
1317 2859 1370 2911 in
1397 2859 1569 2912 sacris
1590 2858 1808 2928 quidem
1835 2856 2016 2912 Litteri

2201 2867 2242 2929 ἰς
2275 2863 2546 2934 διάκρισιν
2575 2861 2670 2914 καὶ
2705 2856 3097 2929 διαχωρισμὸν,
3122 2852 3272 2925 παρὰ
3303 2852 3403 2922 μὲν
3431 2853 3545 2914 τοῖς
3583 2850 3747 2922 ἱεροῖς

468 2963 600 3012 non,
640 2957 699 3000 ut
725 2947 984 3012 arbitror,
1018 2949 1158 3002 hanc
1186 2965 1375 3003 vocem
1425 2949 1478 3003 id
1515 2960 1828 3014 sonantem,
1862 2958 2014 3004 contr

2205 2953 2621 3028 ράμμασιν,οὐκ
2637 2953 2702 3006 ἂν
2719 2945 2873 3020 οἶμαι
2901 2950 3001 3018 τὴν
3017 2945 3160 3012 λέξιν
3190 2946 3347 2999 τοῦτο
3371 2945 3751 3016 σημαίνουσαν

471 3055 631 3092 usum
667 3038 885 3093 ﬁrmum
919 3042 1194 3107 inveniet;
1228 3043 1464 3111 reperiet
1495 3041 1728 3096 fortasse
1751 3041 1925 3110 quoad
1958 3041 2017 3096 lto

2205 3047 2311 3100 ατὰ
2339 3046 2534 3116 χρῆσιν
2558 3045 2898 3099 ἀδιάπτωτον
2929 3041 3079 3112 εὖροι
3100 3053 3112 3066 ’
3147 3037 3434 3109 εὑρήσειδ’
3465 3039 3602 3100 ἴσως
3633 3036 3749 3090 δια-

471 3149 666 3188 sensus
698 3133 1056 3203 cogitationes
1088 3150 1195 3188 non
1227 3137 1360 3189 satis
1381 3138 1695 3204 probantes,
1725 3145 1819 3189 ut:
1857 3133 2017 3188 «Nolil

2205 3139 2316 3201 οἰας
2502 3133 2910 3203 ἀποφαινούσας
2942 3101 3080 3203 πρὸς
3101 3132 3168 3185 τὰ
3197 3101 3423 3184 τοιαῦτα
3479 3128 3751 3198 σημαινό-

475 3227 703 3281 credere
748 3227 875 3296 quia
926 3228 1046 3281 veni
1098 3227 1317 3283 mittere
1366 3244 1552 3298 pacem
1602 3245 1768 3299 super
1814 3239 2014 3282 terram

2205 3246 2306 3282 ενα
2335 3244 2349 3258 ⁸
2381 3222 2490 3280 οἷον
2522 3227 2597 3297 μὴ
2613 3226 2870 3297 νομίσητε
2902 3227 2982 3278 ὅτι
3012 3219 3176 3295 ἦλθον
3206 3222 3389 3293 βαλεῖν
3405 3221 3638 3292 εἰρήνην
3659 3222 3751 3273 ἐπὶ

474 3336 580 3372 non
635 3319 760 3372 veni
812 3335 1000 3388 parem
1051 3322 1269 3374 mittere
1309 3330 1403 3375 sed
1437 3321 1720 3389 gladium;
1759 3322 1882 3376 veni
1915 3323 2020 3376 cnil

2199 3323 2265 3395 ὴν
2297 3323 2422 3393 γῆν,
2456 3321 2555 3376 οὐκ
2583 3317 2747 3390 ἦλθον
2779 3319 2962 3390 βαλεῖν
2985 3319 3228 3388 εἰρήνην,
3262 3315 3399 3368 ἀλλὰ
3432 3316 3745 3385 μάχαιραν·

471 3411 774 3480 dijudicare
801 3410 1077 3465 hominem
1105 3422 1291 3466 contra
1318 3421 1528 3481 patrem
1589 3414 1727 3481 ejus,
1766 3421 1820 3465 et
1861 3427 2017 3465 llUl‘lll

2203 3417 2333 3478 λθον,
2357 3415 2466 3487 γὰρ
2489 3413 2710 3468 δικάσαι
2735 3411 3021 3482 ἄνθρωπον
3043 3410 3184 3463 κατὰ
3215 3407 3308 3461 τοῦ
3333 3407 3544 3478 πατρὸς
3577 3403 3747 3458 αὑτοῦ

477 3514 674 3558 contra
739 3519 958 3558 socrum
1016 3521 1200 3570 suam;
1253 3513 1329 3571 et,
1382 3505 1540 3575 cujus
1592 3505 1955 3559 ventilabrum
2006 3505 2019 3558 i

2203 3509 2257 3561 αἰ
2289 3507 2564 3578 θυγατέρα
2584 3506 2725 3559 κατὰ
2752 3505 2850 3573 τῆς
2883 3502 3089 3574 μητρὸς
3123 3500 3317 3570 αὐτῆς,
3373 3499 3471 3552 καί.
3525 3498 3749 3567 νύμφην

472 3613 638 3652 mantt
670 3597 813 3666 ejus,
852 3606 906 3651 et
953 3598 1405 3668 purgabitaream
1436 3613 1615 3663 suam,
1639 3609 1691 3652 et
1731 3598 2018 3652 frumentut

2201 3602 2304 3655 ατὰ
2334 3603 2432 3671 τῆς
2474 3599 2742 3671 πενθερᾶς
2765 3598 2935 3668 αὐτῆς
2962 3613 2975 3626 ·
3003 3596 3117 3660 καί,
3172 3585 3233 3647 οὗ
3281 3592 3343 3646 τὺ
3380 3592 3551 3646 πτύον
3591 3594 3651 3644 ὲν
3680 3594 3747 3659 τῇ

472 3692 695 3761 quidem
749 3691 1108 3762 congregabit
1164 3692 1216 3745 in
1271 3692 1554 3756 horreum,
1613 3692 1823 3760 paleam
1879 3700 2018 3745 auter

2201 3695 2308 3765 ειρὶ
2335 3693 2524 3756 αὐτοῦ,
2567 3693 2661 3746 καὶ
2701 3689 3044 3761 διακαθαριεῖ
3073 3688 3172 3759 τὴν
3204 3687 3389 3741 ἆλωνα
3427 3684 3621 3747 αὐτοῦ,
3655 3686 3747 3736 καὶ

473 3785 758 3837 Comburet
789 3783 913 3852 igne
941 3783 1374 3854 inexstinguibili
1394 3800 1438 3848 ;›
1466 3794 1520 3838 et
1536 3784 1781 3852 quaedam
1800 3781 2019 3852 hujusce

2199 3787 2251 3841 ὸν
2283 3789 2380 3859 μὲν
2418 3791 2562 3840 σῖτον
2601 3785 2817 3850 συνάξει
2847 3786 2926 3847 εἰς
2957 3783 3057 3854 τὴν
3084 3780 3391 3850 ἀποθήκην,
3422 3781 3482 3830 τὸ
3520 3776 3578 3830 δὲ
3609 3776 3745 3845 ἄχυ-

473 3875 619 3928 modi
653 3875 780 3928 alia.
813 3875 1068 3930 Attamen
1117 3891 1297 3946 neque
1345 3877 1417 3930 ita
1448 3891 1730 3931 sacrorum
1767 3877 2019 3930 verborut

2199 3897 2253 3932 ον
2287 3878 2622 3935 κατακαύσει
2679 3877 2812 3948 πυρὶ
2851 3876 3140 3944 ἀσϐέστῳ⁶
3192 3872 3287 3925 καί
3338 3888 3460 3926 τινα
3518 3869 3745 3922 τοιαῦτα

473 3982 652 4037 pugna
683 3967 759 4020 illi
783 3967 878 4037 qui
911 3969 990 4022 sic
1034 3984 1152 4022 eam
1186 3970 1429 4035 instruit,
1459 3969 1597 4023 inter
1628 3969 1783 4033 illud,
1813 3968 2019 4037 inquan

2199 3990 2343 4046 τερα.
2403 3973 2552 4042 Πλὴν
2583 3971 2691 4024 οὐδ’
2719 3970 2891 4030 οὕτως
2925 3971 2957 4038 ἡ
2986 3967 3096 4019 τῶν
3125 3964 3288 4032 ἱερῶν
3321 3965 3586 4035 ῥημάτων
3640 3961 3745 4030 μά·

480 4078 500 4109 ι
533 4057 589 4112 In
619 4060 888 4128 judicium
917 4076 1016 4132 ego
1052 4063 1104 4115 in
1133 4063 1279 4116 hunc
1308 4063 1572 4116 mundum
1605 4063 1752 4125 veni,
1779 4080 1797 4112 ι
1827 4071 1880 4115 et
1904 4061 2026 4114 illud

2196 4067 2331 4139 ητῷ
2377 4065 2584 4136 ταύτην
2611 4060 3093 4130 διασκευαζομένῳ
3138 4058 3283 4126 λέγω
3330 4057 3394 4127 δὴ
3443 4055 3504 4108 τό
3523 4073 3607 4117 τε,
3645 4055 3742 4116 Εἰς

481 4148 626 4204 «Non
648 4151 768 4204 veni
791 4151 1039 4220 judicare
1057 4153 1374 4220 mundum,»
1401 4153 1508 4206 ullo
1527 4153 1689 4208 modo
1709 4151 2027 4207 conﬂabitur

2201 4163 2331 4229 ρῖμα
2359 4157 2468 4226 ἐγὼ
2497 4159 2574 4221 εἰς
2597 4157 2686 4208 τὸν
2710 4156 2913 4225 κόσμον
2941 4151 3177 4222 ἐλήλυθα
3205 4167 3221 4180 ·
3253 4149 3348 4202 καὶ
3373 4149 3452 4212 τὸ,
3489 4148 3606 4201 Οὐκ
3640 4143 3741 4220 ἧλ-

475 4243 726 4296 Salvator
754 4243 900 4297 enim
935 4255 992 4298 ut
1020 4247 1284 4299 mundum
1320 4247 1636 4316 paciﬁcaret
1667 4256 1721 4301 et
1764 4246 1912 4300 Patri
1970 4261 2021 4299 re

2196 4268 2250 4304 ον
2282 4253 2462 4321 κρῖναι
2492 4249 2580 4303 τὸν
2627 4248 2836 4316 κόσμον
2891 4245 3025 4299 ἀλλὰ
3065 4243 3258 4306 σῶσαι,
3288 4241 3554 4312 ούμενουν
3578 4241 3742 4294 0156a-

472 4335 791 4389 cunciliaret
840 4351 934 4390 eos
979 4336 1076 4406 qui
1119 4339 1248 4390 olim
1298 4339 1375 4392 illi
1413 4338 1613 4393 infensi
1660 4347 1837 4404 erant,
1873 4338 2018 4390 venit

2195 4341 2276 4404 ,ῶς
2311 4339 2836 4410 συγκροτηθήσεται.
2889 4335 2946 4388 '0
2980 4335 3077 4406 μὲν
3114 4333 3224 4404 γὰρ
3259 4331 3443 4401 σωτὴρ
3485 4329 3741 4400 εἰρηνεῦ-

471 4425 788 4493 etquidem
840 4427 1080 4480 medium
1137 4429 1400 4497 parietem
1457 4429 1781 4482 munimenti
1831 4429 2016 4482 solven

2195 4453 2246 4487 αι
2299 4433 2392 4486 τὸν
2447 4432 2650 4502 κόσμον
2705 4430 2801 4482 καὶ
2861 4425 3195 4492 καταλλάξαι
3247 4421 3323 4493 τῷ
3381 4423 3557 4492 Πατρὶ
3609 4421 3741 4485 τοὺς

483 4533 606 4572 cum
641 4519 706 4572 iis
737 4533 860 4587 qua:
889 4520 1146 4574 deorsum
1176 4530 1305 4576 sunt
1351 4521 1439 4574 illa
1481 4535 1602 4591 quae
1629 4535 1844 4573 sursum
1881 4520 2023 4572 univi

2194 4525 2717 4596 κπεπολεμωμένους
2754 4523 2919 4576 πάλαι
2949 4520 3096 4588 αύτῷ
3119 4536 3193 4572 πα
3204 4517 3464 4588 ραγέγονε
3484 4531 3498 4545 ·
3534 4517 3634 4568 καὶ
3676 4515 3740 4585 δὴ

472 4618 527 4664 et
567 4610 620 4663 in
671 4627 804 4679 pace
841 4613 1168 4677 constituit;
1221 4613 1267 4667 si
1308 4629 1437 4666 vero
1481 4614 1702 4682 quidam
1757 4627 1944 4682 pacem
2002 4613 2012 4664 i

2195 4621 2249 4672 αἰ
2287 4619 2348 4672 τὸ
2381 4617 2692 4689 μεσότοιχον
2717 4615 2810 4668 τοῦ
2840 4612 3097 4685 φραγμοῦ
3122 4609 3410 4680 περιελὼν,
3444 4611 3558 4671 τοῖς
3582 4608 3741 4661 κάτω

474 4703 822 4757 inimicitiam
868 4712 1240 4768 mutaverunt,
1273 4715 1323 4759 et
1370 4705 1626 4758 unionem
1667 4705 1721 4758 in
1759 4705 2020 4758 tumultur

2193 4711 2222 4764 ὰ
2260 4711 2372 4764 ἅνω
2399 4709 2603 4781 συνῆψέ
2637 4725 2697 4761 τε
2747 4708 2842 4760 καί⁹
2878 4703 3288 4776 εἰρηνοποίησεν
3312 4716 3325 4729 ·
3383 4702 3431 4753 εἰ
3480 4701 3540 4754 δέ
3589 4715 3739 4763 τινες

473 4796 744 4858 fecerunt,
777 4811 886 4849 non
939 4797 992 4849 in
1042 4811 1208 4852 causa
1245 4805 1330 4850 est
1365 4797 1458 4866 qui
1515 4812 1704 4866 pacem
1739 4797 1972 4864 praabuit
2000 4811 2019 4846 ε

2191 4805 2367 4867 αυτοῖς
2400 4803 2500 4874 τὴν
2524 4803 2750 4873 εἰρήνην
2787 4803 2865 4865 εἰς
2899 4799 3098 4870 ἔχθραν
3119 4796 3475 4866 μετέστησαν,
3512 4793 3611 4845 καὶ
3638 4793 3737 4863 τὴν

473 4890 757 4952 unionem,
790 4887 884 4942 sed
916 4887 991 4942 illi
1023 4888 1116 4958 qui
1148 4904 1204 4943 se
1237 4889 1386 4959 ipsos
1418 4889 1487 4943 ab
1533 4889 1598 4942 iis
1624 4889 1714 4957 qui
1743 4887 1886 4942 Patri
1912 4902 2014 4941 con

2191 4895 2446 4965 ιαλλαγὴν
2480 4897 2558 4958 εἰς
2600 4895 2881 4948 διάστασιν
2910 4888 3337 4959 ἀπειργάσαντο,
3365 4884 3488 4955 οὐχὶ
3513 4885 3609 4938 τοῦ
3637 4887 3737 4958 τὴν

465 4980 645 5050 juncti
691 4993 846 5036 erant
881 4991 934 5036 et
981 4982 1132 5052 pacis
1171 4983 1330 5037 bonis
1382 4981 1723 5045 fruebantur,
1753 4992 2011 5050 separave

2189 4987 2377 5057 ἰρήνην
2407 4991 2783 5060 παρασχόντος
2808 4988 2928 5041 οὐδὲ
2956 4987 3050 5041 τοῦ
3087 4984 3522 5049 καταλλάξάντος
3556 4984 3590 5054 ἠ
3645 4983 3735 5035 αι-

468 5084 618 5128 runt.
2151 5079 2259 5144 τία,
2279 5080 2415 5135 ἀλλὰ
2443 5083 2551 5136 τῶν
2567 5083 2982 5141 διασπασάντων
2995 5089 3219 5155 ἑαυτοὺς
3249 5094 3344 5146 καὶ
3353 5087 3736 5158 διακοψάντων

468 5170 577 5224 ἀπὸ
605 5171 712 5224 τῶν
744 5170 1197 5241 καταλλαγέντων
1250 5169 1324 5241 τῷ
1359 5172 1554 5243 Ila-cpt,
1585 5171 1677 5225 ml.
1697 5171 1808 5225 τῶν
1832 5169 1932 5239 τῆς
1963 5171 2189 5245 εἰρήνης
2223 5177 2676 5235 ἀπολελαυκότων
2703 5183 2945 5252 ἀγαθῶν.
