3916 6192
225 235 331 298 1‘25

791 350 1129 405 ΕΡΩΤΗΣΙΣ
1157 348 1254 405 II".

222 445 294 498 Et
318 444 387 497 τὸ
412 443 485 496 ἐν
515 442 767 498 κολάσει
795 442 1066 509 διηνεκεῖ
1090 439 1245 496 εἶναι
1294 441 1505 506 πολλῷ
1539 440 1815 511 χαλεπώ-

292 530 489 582 τερον,
525 514 632 567 τοῦ
663 512 810 584 [cod.
847 511 935 584 τὸ]
974 514 1083 581 γὰρ
1108 512 1407 584 ἀλγηδόσι
1431 513 1533 584 καὶ
1569 513 1815 584 ὀδύναις

293 582 789 662 ιιιιιτιιτείνεονθαιι
813 584 882 662 to
920 582 1089 654 lead.
1118 583 1250 662 τορ]
1290 582 1486 662 μηδὲν·
1540 583 1817 662 τοιοῦτον

294 655 561 723 πάσχειν
586 653 798 719 πολλῷ
826 652 1095 723 ἄμεινον.
1124 652 1254 719 πῶξ
1291 658 1321 707 d
1351 653 1498 718 Θεὸς
1548 654 1692 718 τοὺς
1739 652 1810 705 ἐν

288 727 624 793 ἁμαρτίαις,
668 724 840 793 φασὶ,
869 725 1215 793 μέλλοντας
1246 724 1516 789 τὸνρίον
1542 723 1818 791 κατατρί-

291 800 419 848 ῢειν
450 797 781 865 παρήγαγε,
814 796 881 849 τὸ
912 794 1116 865 χεῖρον
1149 796 1187 864 ἣ
1221 796 1288 848 τὸ
1359 797 1608 864 ἀμεινον
1661 810 1805 863 προ-

287 866 579 935 ελόμενος
604 882 624 931 ;

1216 236 1318 297 AD
1347 236 1943 298 AMPHILOCHIUM
1978 237 2326 310 QUIESTIO
2356 240 2528 300 XIII.

3396 241 3498 309 126

2430 352 2762 419 QUAESTIO
2798 352 2939 408 XIII.

1918 439 1978 495 Si
2016 442 2069 495 in
2103 453 2302 517 «eterna
2341 460 2494 511 pana
2518 448 2715 517 versari
2755 446 2926 517 inulto
2962 446 3304 517 deteriusest
3336 463 3496 517 quam

1988 514 2203 566 omnino
2230 518 2336 567 vita
2365 532 2465 567 non
2499 516 2576 566 uti
2610 515 2761 582 (nihil
2794 518 2932 567 enim
2966 517 3079 582 pati
3107 516 3268 568 multo
3307 514 3495 570 melius

1985 592 2061 655 est
2097 600 2255 653 quam
2303 585 2573 637 doloribus
2603 588 3027 653 cruciatibusque
3078 588 3364 655 rliuexari),
3401 603 3498 640 cur

1996 654 2131 707 Deus
2163 655 2399 709 homines
2429 657 2552 709 illos
2578 659 2668 725 qui
2700 659 2752 710 in
2771 657 3000 724 peccatis
3033 657 3196 709 vitam
3248 674 3497 709 consum-

1986 727 2537 833 pturt‘9erant,crearit
2562 766 2576 788 ,
2611 743 2714 780 rem
2731 728 2962 797 pejorem
2990 743 3102 795 pra:
3136 727 3352 781 meliore
3394 727 3495 781 eii-

1988 811 2107 833 non:

1986 811 2107 864 gens
2129 811 2141 849 ι

1362 976 1503 1026 Edita
1526 990 1554 1025 a
1578 972 1704 1023 Maio
1730 972 1990 1023 Nov.Coll.
2025 980 2045 1023 t
2092 974 2172 1033 IX,
2196 975 2272 1035 Η,
2308 976 2379 1026 15.

288 1068 357 1117 α’.
385 1062 507 1115 ’Ὁτι
534 1061 632 1131 μὲν
670 1055 762 1114 οὖν
793 1059 1001 1131 βέλτιον
1038 1056 1108 1131 ἦν
1166 1064 1280 1124 τοῖς
1322 1061 1400 1124 εἰς
1453 1058 1801 1130 χαλεπότητα

220 1158 581 1226 πταισμάτων
609 1154 903 1226 ὲληλακόσι
931 1155 993 1208 τὸ
1029 1155 1153 1225 μηδ’
1176 1155 1313 1219 ὅλως
1334 1155 1610 1223 γενέσθαι,
1638 1152 1801 1215 αὐτὸς

210 1254 238 1304 ό
294 1252 488 1321 Σωτὴρ
514 1248 672 1319 ἡμῶν
718 1250 775 1301 ὲν
804 1250 915 1310 τοῖς
948 1246 1300 1315 Εὐαγγελίοις
1328 1245 1567 1309 ἐδίδαξεν
1595 1243 1763 1297 εἰπών
1782 1258 1797 1273 ⁸

217 1362 239 1395 ι
278 1341 456 1395 Καλὸν
482 1337 550 1412 ἦν
580 1340 732 1410 αὐτῷ
768 1341 817 1393 εἰ
846 1344 945 1393 οὐκ
992 1338 1224 1409 ἐγενήθη
1255 1339 1284 1391 ὁ
1310 1337 1602 1407 ἄνθρωπος
1653 1336 1800 1387 ἐκεῖ·

208 1452 303 1497 νος
325 1450 340 1464 ⁸
378 1452 397 1483 ι
428 1432 542 1485 ἀλλ’
590 1432 763 1504 Ἰούδᾳ
797 1431 896 1500 μὲν
926 1432 1023 1484 καὶ
1068 1433 1179 1493 τοῖς
1207 1430 1328 1483 κατ’
1360 1429 1520 1481 αὐτὸν
1572 1427 1800 1497 ἄμεινον

1981 1060 2031 1113 1.
2071 1058 2221 1125 Quos
2244 1077 2374 1115 sane
2399 1063 2593 1120 melius
2620 1062 2811 1123 fuisset
2835 1081 3177 1136 nequaquam
3197 1081 3290 1121 eos
3318 1067 3493 1132 nasci,

1909 1154 2001 1222 qui
2035 1155 2268 1210 summis
2296 1156 2597 1213 sceleribus
2629 1167 2803 1213 semet
2827 1159 3147 1215 obstricturi
3178 1167 3356 1226 erant,
3380 1161 3496 1229 ipse

1912 1244 2172 1300 Servator
2202 1259 2391 1302 n0ster
2426 1250 2477 1303 in
2512 1250 2800 1321 Evangelia
2842 1253 3026 1308 docuit
3054 1254 3243 1309 dicens
3276 1272 3290 1309 :
3333 1272 3351 1305 ι
3386 1254 3494 1308 Βο-

1909 1354 2039 1393 num
2074 1348 2193 1394 erat
2223 1341 2272 1395 ei
2326 1341 2371 1395 si
2409 1354 2570 1398 natus
2608 1362 2715 1399 non
2771 1344 2967 1401 fuisset
3010 1346 3176 1401 homo
3230 1348 3320 1401 ille
3359 1347 3426 1400 ⁸⁸.
3468 1365 3487 1397 ι

1909 1427 2161 1485 Profecto
2205 1430 2358 1486 Judae
2398 1449 2461 1489 ac
2504 1436 2779 1493 similibus
2829 1438 2948 1507 ejus
2982 1438 3177 1492 melius
3209 1447 3329 1493 erat
3381 1455 3490 1492 non

207 1520 280 1595 ἧν
310 1524 406 1577 τοῦ
433 1523 691 1591 γενέσθαι
719 1501 779 1575 τὸ
804 1522 877 1593 μὴ
922 1520 1178 1591 γενέσθαι
1211 1537 1226 1552 ⁸
1258 1521 1321 1574 οὗ
1348 1521 1454 1591 μὴν
1479 1520 1539 1572 δὲ
1567 1519 1757 1580 ἁπλῶς
1783 1534 1798 1548 ⁸

1916 1522 2059 1576 nasci
2096 1538 2109 1575 :
2142 1537 2231 1578 res
2254 1532 2431 1578 tamen
2463 1528 2762 1593 generatim
2788 1542 2894 1581 non
2929 1528 3001 1582 ita
3030 1543 3089 1582 se
3115 1529 3280 1583 habet
3312 1546 3323 1580 :
3362 1544 3490 1582 nam

210 1615 330 1669 ἀλλ’
365 1616 487 1669 οὐδὲ
523 1616 641 1686 Θεῷ
670 1616 893 1687 ἄμεινον
912 1631 928 1646 ⁸
954 1615 1086 1667 ὅπου
1118 1631 1180 1682 γε
1206 1614 1269 1666 τὸ
1302 1613 1401 1683 μὲν
1447 1614 1527 1676 εἰς
1558 1610 1803 1665 ἀπόλαυ-

211 1725 302 1760 σιν
327 1708 451 1773 ἀγει
480 1707 572 1761 τοῦ
596 1707 769 1770 ὄντος.
803 1706 896 1759 καὶ
924 1706 1021 1775 τῆς
1055 1705 1206 1767 Θείας
1241 1703 1501 1776 προνοίας
1544 1702 1642 1756 καὶ
1711 1701 1805 1771 δη-

213 1798 510 1870 μιουργίας
539 1798 689 1850 ἐστὶν
722 1795 1107 1865 ὲξαγγελτικόν
1134 1813 1147 1825 ⁸
1178 1795 1239 1848 τὸ
1266 1796 1323 1849 δὲ
1362 1794 1454 1848 τοῦ
1481 1794 1632 1857 ὄντος
1659 1791 1807 1856 ἅπαξ

208 1891 493 1957 διαπεσδν,
537 1889 676 1961 μετά
722 1887 818 1942 τοῦ
877 1888 1048 1959 μηδὲν
1089 1886 1451 1941 ἐκκαλύπτειν
1502 1887 1601 1954 τῆς
1634 1885 1805 1955 ὑπερ-

178 1982 181 1983 ⁷
211 1984 387 2053 φυοῦς
417 1984 610 2051 σοφίας
636 1980 729 2035 τοῦ
757 1981 912 2047 Θεοῦ,
946 1981 1070 2034 οὐδὲ
1094 1980 1202 2034 τῶν
1236 1979 1420 2033 καλῶν
1471 1995 1617 2042 τινος
1673 1994 1803 2048 μετ-

210 2077 360 2146 έχειν
390 2074 614 2129 δύναται
641 2092 655 2106 ⁸
688 2073 885 2128 οὐκοῦν
917 2074 1039 2127 ἐπεὶ
1070 2072 1391 2141 τὸγενέσθαι
1425 2073 1521 2124 τοῦ
1554 2070 1628 2142 μὴ
1653 2068 1804 2139 γενέ-

212 2168 343 2221 σθαι
374 2170 632 2238 κρεῖσσον
656 2166 823 2219 καὶτὸ
851 2161 989 2217 εἶναι
1019 2165 1113 2217 τοῦ
1140 2164 1215 2234 μὴ
1245 2158 1404 2227 εἶναι,
1435 2162 1542 2215 ἔδει
1570 2163 1631 2213 τὸ
1660 2162 1803 2213 θεῖον

209 2262 295 2323 είς
343 2258 706 2331 δημιουργίαν
750 2258 941 2311 ἀπιδδν
976 2256 1051 2327 μὴ
1114 2255 1210 2309 τοῦ
1251 2254 1494 2326 χείρονος
1548 2251 1803 2322 γενέσθαι

208 2352 274 2406 τό
313 2354 369 2406 δὲ
402 2356 652 2423 κρεῖττον
684 2349 1127 2421 ἀπεργάζεσθαι·
1173 2348 1348 2411 οὕτως
1400 2343 1494 2400 οὖν
1548 2345 1803 2415 οὐδαμῶς

210 2450 331 2500 ἐστι
358 2446 478 2517 Θεῷ
504 2445 737 2517 πρέπον,
775 2445 898 2498 ἀντὶ
925 2444 1025 2513 τῆς
1066 2443 1144 2505 εἰς
1178 2441 1241 2494 τὸ
1274 2436 1416 2495 εἶναι
1469 2438 1804 2511 προαγωγῆς

209 2540 322 2594 τῶν
349 2539 649 2610 ἐσομένων,
678 2540 711 2608 ἡ
745 2539 826 2600 είς
851 2535 912 2589 τὸ
949 2535 1025 2607 μὴ
1062 2534 1122 2587 ὃν
1153 2531 1538 2602 ἐγκατάλειψις
1574 2546 1586 2559 ⁸
1622 2532 1672 2583 εἰ
1709 2528 1803 2582 καὶ

208 2633 291 2704 τῷ
322 2633 562 2705 προδότῃ
599 2633 658 2683 ὲν
685 2631 838 2701 νόμῳ
867 2627 1306 2698 ταλανιζομένων
1357 2627 1391 2697 ὴ
1421 2624 1803 2694 φιλάνθρωπος

210 2728 319 2797 ἔφη
356 2728 536 2793 σοφία,
571 2724 735 2778 καλὸν
771 2718 840 2793 ἦν
877 2721 1027 2791 αὐτῷ
1078 2722 1127 2772 εί
1175 2719 1252 2790 μὴ
1283 2718 1579 2788 ἐγεγένητο
1611 2732 1626 2745 ⁸
1678 2715 1802 2768 ἐπεὶ

1908 1610 2020 1666 Deo
2073 1622 2221 1668 certe
2264 1614 2318 1668 id
2360 1616 2556 1670 melius
2600 1632 2707 1672 non
2734 1627 2818 1672 est
2852 1636 2866 1672 :
2911 1619 3178 1691 siquidem
3214 1621 3388 1685 nasci,
3422 1621 3487 1672 ad

1906 1704 2241 1760 exsistentiae
2275 1708 2681 1775 possessionem
2714 1710 2982 1780 perducit,
3009 1712 3318 1781 divinaeque
3361 1727 3490 1782 pro-

1905 1795 2161 1853 videntia:
2185 1806 2238 1851 et
2270 1800 2566 1855 creationis
2608 1802 2921 1871 praedicatio
2949 1810 3053 1857 est.
3121 1802 3274 1869 Quod
3306 1812 3489 1857 autem

1905 1887 2229 1942 exsistentia
2260 1901 2431 1955 caret,
2469 1902 2856 1962 praeterquam
2900 1895 3047 1964 quod
3078 1909 3350 1948 summam
3396 1894 3491 1949 Dei

1907 1982 2230 2051 sapientiam
2267 1985 2419 2039 nullo
2449 1987 2613 2040 modo
2644 1987 2929 2057 praedicat,
2975 2004 3043 2042 ne
3085 1988 3228 2041 bona
3269 1989 3488 2057 quidem

1906 2072 2018 2125 ulla
2071 2076 2334 2145 consequi
2389 2085 2591 2147 potest.
2619 2077 2790 2148 Igitur
2812 2079 2941 2148 quia
2973 2080 3125 2135 nasci
3165 2080 3362 2133 melius
3407 2089 3492 2134 est

1906 2179 2073 2233 quam
2119 2181 2230 2220 non
2261 2168 2435 2235 nasci,
2466 2180 2671 2225 etesse
2720 2171 2917 2226 melius
2968 2188 3134 2241 quam
3192 2188 3303 2226 non
3334 2164 3485 2232 esse.

1906 2256 2152 2325 oportuit
2180 2257 2351 2313 Deum
2381 2260 2448 2315 de
2487 2261 2764 2316 creatione
2787 2264 3118 2333 cogitantem
3142 2264 3369 2318 meliora
3393 2279 3491 2333 po-

1904 2352 2017 2405 tius
2046 2362 2208 2420 quam
2237 2354 2510 2409 deteriora
2535 2369 2715 2423 agere.
2758 2353 2853 2410 Sic
2882 2371 3014 2425 ergo
3046 2355 3215 2411 Deum
3254 2372 3362 2411 non
3393 2358 3489 2411 de-

1905 2443 2042 2506 cuit,
2087 2444 2295 2499 omisso
2338 2446 2561 2501 creandi
2611 2448 2866 2514 consilio,
2914 2464 3027 2502 rem
3082 2448 3224 2501 hanc
3256 2461 3308 2504 et
3337 2449 3488 2503 illam

1905 2530 2204 2586 increatam
2255 2534 2607 2605 relinquere:
2642 2538 2894 2607 quamvis
2926 2537 2994 2591 de
3043 2539 3327 2608 proditore
3375 2538 3491 2593 cle-

1904 2637 2059 2677 mens
2090 2625 2362 2694 sapientia
2393 2627 2774 2683 miserantium
2813 2630 2920 2683 ritu
2946 2630 3166 2697 dixerit,
3197 2631 3394 2687 melius
3436 2633 3486 2686 ei

1904 2712 2079 2768 fuisse
2114 2715 2160 2770 si
2205 2726 2368 2793 natus
2417 2733 2521 2771 non
2554 2728 2724 2774 esset.
2773 2718 2911 2774 Nam
2951 2730 3005 2775 et
3030 2722 3234 2791 alioqui
3285 2722 3487 2793 jucun-

210 2790 319 2873 καὶ.
357 2790 534 2881 ἄλλως
588 2817 716 2879 τοὺς
763 2790 1181 2885 ἁμαρτάνοντας
1226 2813 1338 2874 τοῖς
1390 2809 1800 2881 ἀναμαρτήτοις

1916 2803 2198 2859 dissimum
2239 2790 2627 2876 peccatoribus
2665 2809 2825 2876 foret,
2875 2813 2921 2866 si
2951 2813 3066 2882 pari
3102 2814 3224 2867 loco
3254 2829 3378 2868 cum
3410 2829 3489 2869 tn-

207 2914 269 2965 ὲν
300 2912 403 2981 ἴσῳ
428 2908 711 2979 τετάχθαι,
752 2906 1107 2977 χαριέστατον
1143 2902 1241 2973 μὲν
1271 2902 1336 2955 ἂν
1382 2900 1466 2971 εἴη
1492 2916 1506 2930 ⁸
1570 2899 1706 2952 Θεοῦ
1741 2898 1800 2951 δὲ

209 3002 393 3073 κρίσει
422 3001 483 3053 οὺ
511 3001 611 3070 μὲν
661 2994 753 3052 οὖν
776 2997 1028 3067 οὐδαμῶς
1073 2994 1297 3049 ἀνεκτὸν
1339 2992 1460 3046 οὐδὲ
1492 2991 1640 3056 ἄξιον
1660 3008 1673 3021 ⁸
1706 2990 1800 3043 καὶ

208 3095 270 3148 τὸ
301 3092 378 3164 μὴ
407 3090 589 3145 δοῦναι
623 3091 781 3161 δίκην
817 3088 1154 3159 ὀφείλοντας,
1188 3086 1443 3157 δεύτερον
1477 3085 1575 3156 μὲν
1614 3084 1799 3146 αὐτοῖς

206 3185 419 3254 ἀγαθόν
449 3202 465 3212 ⁸
497 3184 611 3237 ἀλλ’
647 3184 769 3237 οὐδὲ
787 3183 947 3236 τοῦτο
975 3181 1072 3251 τῆς
1095 3178 1491 3249 δικαιοκρισίας
1513 3176 1681 3246 ἐγγὺς
1701 3173 1796 3228 τοῦ

207 3278 348 3331 Θεοῦ
374 3294 388 3308 ⁸
415 3280 510 3331 καὶ
542 3276 713 3347 μυρία
746 3274 905 3329 ἄλλα.

280 3370 351 3442 β’.
392 3370 553 3424 Κατά
578 3370 669 3422 τὸν
692 3368 859 3421 αὐτὸν
911 3366 968 3419 δὲ
1012 3366 1211 3437 τρόπον
1257 3364 1477 3418 καὶτὸν
1521 3360 1796 3431 ἀμετάθε-

205 3483 301 3519 τον
330 3463 522 3535 εῑρμὺν
550 3461 647 3515 τοῦ
678 3461 858 3530 λόγου,
893 3459 986 3513 καὶ
1009 3458 1166 3529 ἡτῶν
1190 3456 1464 3525 ἐσομένων
1495 3454 1794 3523 προαγωγὴ

206 3558 399 3620 αὐτοῖς
427 3572 489 3608 τε
524 3554 732 3625 βέλτιον
786 3552 883 3606 καὶ⁵
924 3550 1043 3621 Θεῷ
1103 3548 1579 3621 πρεπωδέστατον,
1608 3549 1656 3599 εί
1702 3544 1797 3598 καί

206 3665 355 3711 τινες
394 3647 507 3699 τῶν
541 3644 926 3716 προαχθέντων
983 3641 1162 3714 χρόνῳ
1198 3640 1426 3710 ὕστερον
1484 3639 1796 3710 αὐθαιρέτῳ

206 3736 408 3811 γνώμῃ
436 3736 544 3791 τῶν
580 3736 907 3807 κρειττόνων
949 3734 1017 3788 τά
1050 3733 1272 3804 χείρονα
1326 3730 1645 3801 ἠλλάξαντο,
1700 3730 1797 3783 καὶ

204 3833 308 3900 τὴν
334 3829 656 3899 θαυμαστὴν
688 3826 784 3879 καὶ
824 3826 1097 3897 σωτήριον
1135 3823 1504 3894 δημιουργίαν
1537 3823 1630 3876 τοῦ
1660 3823 1795 3876 Θεοῦ

208 3921 491 3991 σφαλερὰν
517 3920 703 3983 αὐτοῖς
772 3918 1201 3988 κατεστήσαντο,
1253 3916 1314 3969 τὸ
1376 3916 1598 3986 ἄριστον
1658 3932 1796 3988 προ-

207 4017 441 4082 αγαγεῖν
466 4014 944 4083 φιλονεικήσαντες
966 4013 1048 4075 εἰς
1078 4011 1139 4065 τὸ
1173 4011 1446 4083 χείριστον
1469 4026 1482 4041 ⁸
1534 4011 1613 4064 ἔτι
1660 4012 1717 4064 δὲ
1747 4013 1796 4064 εἰ

204 4107 268 4159 τὸ
301 4104 398 4175 μὲν
431 4105 571 4158 θεῖον
600 4104 687 4158 ἀεί
714 4104 775 4157 τέ
812 4103 1046 4156 ἐστικαὶ
1075 4102 1133 4157 ἐν
1162 4102 1455 4174 ἀτρέπτοις
1489 4101 1583 4156 καὶ
1632 4100 1797 4155 ἀναλ-

1909 2898 2236 2954 nocentibus
2282 2900 2617 2956 haberentur
2649 2920 2662 2956 :
2692 2904 2840 2974 quod
2894 2915 3075 2960 tamen
3123 2905 3217 2961 Dei
3261 2906 3493 2977 justitiae

1910 3002 2090 3058 neque
2135 2990 2423 3049 tolerabile
2465 3010 2644 3063 neque
2673 2995 2935 3051 decorum
2986 3008 3090 3053 est.
3116 2996 3256 3052 Tum
3296 3014 3489 3068 poenas

1907 3100 2016 3139 non
2048 3086 2181 3142 dare
2209 3103 2356 3153 reos,
2395 3105 2617 3145 rursum
2662 3091 2749 3147 bis
2789 3093 2994 3148 bonum
3026 3104 3212 3161 esset;
3248 3104 3486 3149 attamen

1905 3178 1958 3231 id
2006 3194 2036 3232 a
2058 3180 2209 3248 justo
2259 3181 2354 3237 Dei
2401 3183 2631 3239 consilio
2653 3176 2844 3255 procul
2877 3187 3052 3242 abest.
3087 3186 3353 3242 Sexcenta
3383 3188 3489 3242 bu-

1899 3269 2139 3338 jusmodi
2173 3272 2279 3326 dici
2312 3285 2539 3342 queunt.

1976 3364 2029 3418 2.
2074 3363 2187 3421 Iloc
2222 3367 2415 3422 eodem
2450 3384 2582 3424 sane
2613 3371 2775 3426 modo
2806 3371 3071 3451 ﬁrmaque
3100 3374 3376 3429 ratiocinii
3401 3391 3489 3430 se-

1904 3456 2089 3525 quela,
2122 3455 2436 3513 futurorum
2476 3461 2759 3517 hominum
2803 3466 3007 3520 creatio
3045 3474 3098 3519 et
3130 3466 3263 3535 ipsis
3296 3466 3488 3519 melior

1904 3557 1989 3602 est
2020 3560 2073 3603 et
2105 3547 2217 3605 Deo
2255 3552 2777 3608 convenientissima
2812 3572 2824 3607 :
2863 3572 3181 3625 quanquam
3236 3556 3487 3611 nonnulli

1904 3641 2120 3697 labente
2153 3652 2420 3716 tempore,
2453 3648 2770 3704 voluntario
2796 3651 2967 3704 animi
3000 3651 3234 3706 consilio
3262 3652 3485 3706 meliora

1904 3731 2268 3791 deterioribus
2298 3740 2688 3794 commutaturi
2715 3740 2861 3803 sint;
2893 3744 3203 3812 mirumque
3235 3758 3298 3798 ac
3339 3744 3488 3797 salu-

1908 3833 2023 3879 tare
2067 3824 2162 3880 Dei
2193 3842 2354 3897 opus,
2382 3830 2759 3898 perniciosum
2794 3833 2899 3887 sibi
2927 3834 3204 3901 eﬂecturi;
3256 3850 3487 3904 remque

1906 3918 2171 3987 optimam
2220 3921 2467 3977 studiose
2495 3926 2836 3991 ,conversuri
2883 3926 2938 3979 in
2972 3928 3289 3997 pessimam.
3346 3928 3486 3981 Prae-

1907 4019 2054 4065 terea
2081 4010 2129 4065 si
2170 4013 2315 4068 Deus
2338 4022 2578 4071 aeternus
2605 4028 2687 4070 εει
2712 4027 2877 4086 atque
2900 4018 3259 4073 immutabilis
3291 4020 3485 4073 tinnis-

1905 4119 2012 4175 que
2046 4104 2247 4160 ﬁnibus
2273 4116 2483 4161 natura:
2520 4123 2634 4163 sua:
2677 4109 2860 4175 nixus,
2888 4126 3050 4165 omne
3098 4122 3279 4166 autem
3336 4113 3483 4183 quod

204 4198 455 4261 λοιώτοις
484 4198 632 4268 ὅροις
660 4196 759 4266 τῆς
788 4195 922 4259 ἰδίας
955 4196 1169 4265 ἵδρυται
1196 4195 1435 4265 φύσεως,
1486 4195 1594 4247 πᾶν
1638 4194 1695 4247 δὲ
1736 4195 1796 4247 τὸ

1916 4196 2189 4251 :iativitate
2243 4200 2510 4267 procedit,
2567 4202 2870 4258 innumeris
2926 4206 3323 4261 mutationibus
3382 4209 3484 4262 ob-

206 4292 299 4345 διά
327 4293 594 4360 γενέσεως
624 4287 885 4360 προελθὸν
902 4288 1223 4359 μεταϐολαῖς
1251 4286 1475 4358 μυρίαις
1508 4287 1795 4357 ὑπηρετεῖ-

206 4405 301 4440 ται
333 4386 427 4439 καὶ
454 4384 827 4445 ἀλλοιώσεσιν,
860 4383 889 4433 ὁ
916 4383 1043 4445 τοὺς
1106 4383 1399 4453 μέλλοντας
1459 4381 1799 4452 ἀμαρτήσειν

209 4477 403 4544 ἀξιῶν,
438 4476 513 4547 μὴ
546 4475 655 4527 δεῖν
694 4477 1032 4546 προαγαγεῖν
1070 4474 1161 4527 τὸν
1188 4473 1343 4538 Θεδν,
1401 4472 1434 4546 ἢ
1499 4471 1607 4525 οὐδ’
1660 4472 1799 4533 ὅλως

205 4572 311 4640 τὴν
351 4568 702 4639 ἀνθρωπίνην
735 4568 897 4637 φύσιν
926 4566 1229 4637 νσμοθετεῖ,
1265 4565 1297 4636 ἢ
1327 4565 1596 4636 ἄτρεπτον
1629 4563 1798 4632 αὐτὴν

208 4660 555 4734 προαχθῆναι
590 4659 687 4713 καὶ
716 4658 1076 4712 ἀναλλοίωτον
1100 4674 1115 4690 ⁸
1134 4658 1195 4711 τὸ
1219 4657 1275 4710 δέ
1307 4659 1476 4721 ἐστιν,
1507 4656 1540 4727 ἢ
1575 4655 1798 4724 σύμπαν

206 4755 269 4807 τὺ
308 4753 656 4823 ἀνθρώπινον
690 4753 850 4821 γένος
875 4752 977 4820 τῆς
1003 4748 1371 4821 δημιουργίας
1415 4748 1715 4818 διατεμεῖν,
1762 4746 1798 4817 ἢ

204 4848 462 4901 ἀπαιτεῖν
491 4844 627 4898 Θεοῦ
654 4843 817 4914 φύσιν
849 4843 1043 4914 ἔχοντα
1068 4842 1158 4897 τὸν
1173 4841 1458 4913 ἄνθρωπον
1490 4838 1793 4912 προελθεῖν

206 4935 285 4993 ὧν
327 4938 612 5006 ἑκάτερον,
652 4938 732 5000 είς
757 4937 882 4990 ὅσον
927 4935 1187 4998 ἀπονοίας
1215 4933 1313 4987 καὶ
1355 4931 1650 4996 δυσσεϐοῦς
1674 4934 1798 5003 ἥκει

206 5031 462 5102 γνώμης,
490 5028 724 5082 αὐτόθεν
753 5028 902 5081 ἔστιν
938 5027 1066 5081 ἰδεῖν
1085 5027 1186 5098 τὴν
1246 5026 1452 5096 στήλην
1498 5026 1796 5096 ἱσταμένην

205 5124 601 5190 ἀνεξάλειπτον
630 5136 644 5151 ⁸
678 5121 854 5183 ἄλλως
885 5138 945 5173 τε
962 5120 1019 5173 δὲ
1042 5119 1103 5171 τὸ
1128 5119 1227 5190 μὲν
1252 5118 1373 5190 μηδ’
1408 5118 1545 5181 ὅλως
1567 5134 1799 5186 γεγενη-

210 5215 375 5285 μένον
409 5213 548 5283 μήτε
585 5210 667 5275 δν,
700 5209 799 5263 οὐκ
831 5208 896 5262 ἂν
922 5207 1143 5261 δύναται
1193 5202 1333 5260 εἶναι
1383 5206 1586 5275 ἀγαθόν
1617 5222 1631 5237 ⁸
1685 5209 1712 5259 ὁ
1742 5206 1798 5259 δὲ

203 5309 265 5360 ἐν
297 5303 603 5375 ἁμαρτίαις
633 5298 1105 5371 ἀναστρεφόμενος
1135 5297 1356 5352 δύναται
1395 5297 1798 5367 γενέσθαιὰγα-

204 5399 300 5462 θός
325 5414 339 5428 ⁸
371 5397 431 5450 τὸ
458 5396 515 5450 δὲ
549 5393 755 5463 ἀγαθὸν
801 5390 897 5445 τοῦ
924 5389 1147 5458 ἔκδηλον
1197 5390 1358 5462 φέρει
1414 5390 1793 5462 μακαριζόμε-

208 5508 301 5545 νον
335 5489 398 5543 τὸ
444 5488 724 5559 διάφορον.
1386 5490 1389 5493 ‘

275 5591 326 5653 γ’
356 5583 543 5653 Χωρὶς
570 5581 625 5634 δὲ
657 5582 766 5635 τῶν
797 5580 1105 5653 εἰρημένων
1130 5580 1159 5632 ὁ
1196 5578 1372 5647 λέγων
1398 5576 1534 5631 διότι
1560 5576 1784 5647 ἔμελλόν

273 5698 319 5730 ⁸¹
354 5696 551 5751 Matth.
578 5712 724 5762 xxvr,
753 5696 842 5750 9.4.

1902 4288 2128 4342 noxium
2162 4298 2246 4343 est
2280 4305 2345 4345 ac
2377 4292 2765 4350 varietatibus:
2808 4295 2855 4349 si
2895 4296 3020 4366 quis
3051 4310 3237 4353 censet
3262 4314 3357 4354 eos
3388 4300 3483 4371 qui

1901 4385 2179 4451 peccaturi
2211 4397 2364 4450 sunt,
2402 4403 2511 4441 non
2542 4388 2714 4444 fuisse
2749 4406 2777 4444 ιι
2806 4391 2914 4445 Deo
2943 4394 3241 4459 creandos;
3275 4395 3364 4450 hic
3390 4407 3484 4451 aut

1900 4476 2080 4530 nullas
2117 4477 2370 4533 humana:
2408 4488 2620 4536 naturae
2663 4483 2809 4554 leges
2839 4486 3120 4553 ponendas
3154 4486 3329 4542 fuisse
3361 4504 3483 4543 cre-

1899 4564 2011 4631 dit;
2043 4579 2136 4621 aut
2166 4584 2287 4622 eam
2320 4571 2720 4626 immutabilem
2752 4576 3044 4628 crcandam
3076 4584 3131 4629 et
3156 4576 3275 4629 sine
3309 4578 3484 4631 varie-

1902 4663 2051 4709 tate:
2098 4656 2202 4713 hoe
2247 4668 2330 4714 est
2380 4660 2463 4714 vel
2494 4662 2813 4717 universum
2869 4665 3174 4719 humanum
3230 4681 3402 4735 genus
3450 4682 3482 4721 a

1898 4749 2178 4807 creatione
2229 4764 2494 4819 removet,
2543 4766 2639 4810 aut
2686 4759 2959 4813 hominem
3009 4775 3133 4815 cum
3166 4759 3258 4815 Dei
3284 4771 3481 4816 natura

1899 4842 2017 4897 ﬁeri
2048 4845 2332 4913 postulat:
2368 4864 2489 4916 qua:
2531 4864 2620 4903 res
2654 4859 2883 4917 utraque
2923 4850 3048 4920 quia
3097 4850 3154 4906 in
3204 4867 3481 4907 summam

1900 4935 2171 4992 insaniam
2220 4939 2663 5011 impietatemque
2704 4941 2925 5007 decidit,
2978 4942 3105 4998 inde
3147 4959 3479 5015 cognoscere

1899 5028 2027 5083 licet
2067 5029 2199 5097 legis
2246 5031 2486 5085 tabulam
2535 5044 2782 5102 perstare
2828 5035 3199 5090 indelebilem.
3248 5037 3479 5108 Insuper

1900 5122 2047 5189 quod
2094 5124 2321 5178 omnino
2370 5140 2545 5195 neque
2580 5124 2786 5181 factum
2817 5139 2901 5182 est
2950 5143 3126 5200 neque
3159 5130 3392 5195 exsistit,
3425 5131 3476 5185 id

1900 5214 2105 5268 bonum
2130 5231 2253 5269 esse
2270 5217 2459 5287 nequit
2482 5235 2497 5271 :
2517 5219 2607 5287 qui
2640 5228 2822 5274 autem
2854 5220 2908 5273 in
2934 5220 3173 5290 peccatis
3204 5230 3478 5290 versatur,

1901 5308 1948 5361 is
1974 5306 2152 5362 bonus
2183 5308 2298 5363 ﬁeri
2330 5321 2528 5379 potest.
2560 5310 2774 5367 Bonum
2808 5321 2990 5369 autem
3016 5314 3084 5368 ab
3106 5329 3173 5369 eo
3203 5315 3352 5385 quod
3382 5315 3480 5370 bo-

1902 5416 2032 5455 num
2066 5417 2175 5457 non
2206 5414 2310 5471 est,
2346 5403 2576 5460 feliciter
2615 5406 2733 5461 sine
2763 5407 2933 5462 dubio
2960 5408 3161 5462 differt.

1976 5579 2030 5634 5.
2081 5584 2271 5640 Verum
2300 5593 2352 5640 et
2385 5582 2469 5639 bis
2496 5584 2751 5652 omissis;
2793 5588 2884 5658 qui
2915 5587 3009 5655 ait,
3037 5597 3320 5660 propterea
3341 5589 3486 5661 quod
