3916 6192
441 218 542 307 127

1602 251 1867 311 ΡΗΟΤΙΙ
1897 251 2405 311 PATRIARCIL‘E
2442 252 2550 312 (ΣΡ.

3618 241 3725 306 128

440 361 694 416 homines
732 359 982 414 nonnulli
1045 358 1253 429 lapsuri
1320 360 1374 413 in
1433 371 1716 430 peccatum
1739 373 1916 428 erant,
1943 363 2025 416 id-

2135 379 2285 425 τινες
2329 362 2442 416 τῶν
2485 361 2791 433 ἀνθρώπων
2843 362 2925 424 εἰς
2980 359 3258 430 ἁμαρτίας
3304 357 3718 424 ἐξολισθαίνειν,

438 454 585 509 circo
613 467 710 507 eos
737 467 841 506 non
889 451 1064 508 fuisse
1102 453 1388 518 creandos,
1439 454 1544 521 hic,
1596 455 1838 526 inquam,
1889 456 2026 510 nihil

439 545 587 600 aliud
629 542 882 607 afﬁrmat,
952 541 1058 596 nisi
1087 553 1371 612 peccatum
1433 544 1676 598 nondum
1717 545 1894 615 ipsum
1928 561 2028 600 tta-

441 651 557 691 tum
597 636 692 690 Dei
745 636 1120 690 creationibus
1172 636 1448 689 dominari
1496 637 1772 692 debuisse.
1811 637 1947 692 Nam
1979 638 2026 693 si

439 728 567 798 quia
604 727 856 781 nonnulli
889 726 1170 796 peccaturi
1222 736 1398 790 erant,
1434 728 1556 783 ideo
1595 729 1759 793 Deus,
1811 731 2025 800 quomi-

440 838 546 875 nus
581 835 678 874 eos
701 828 936 883 crearet,
971 819 1350 888 prohibendus
1382 820 1503 884 fuit,
1535 823 1786 892 sequitur
1817 833 1876 878 ut
1903 840 2028 894 pec-

440 911 546 964 cati
569 911 742 978 major
770 926 932 979 quam
968 909 1166 963 divinae
1193 910 1452 965 ellicacize
1483 915 1724 981 potentia
1756 915 1847 969 sit.
1873 914 2026 970 Adde

437 1001 585 1069 quod
616 1014 843 1068 peccare
877 1001 1129 1053 humanae
1154 999 1450 1056 voluntatis
1484 1012 1566 1056 cst
1597 1013 1760 1072 atque
1787 1005 2023 1070 arbitrii,

441 1091 648 1145 creatio
697 1101 876 1145 autem
927 1091 1174 1146 factoris.
1209 1091 1320 1149 Cur
1351 1108 1484 1164 ergo
1513 1096 1785 1166 quispiam
1821 1098 2027 1152 omisso

440 1183 647 1254 peccati
691 1200 808 1248 reo,
860 1186 916 1238 id
980 1184 1033 1238 in
1084 1186 1383 1240 innocuum
1453 1189 1749 1243 transferre
1800 1190 2028 1244 nititur?

443 1275 629 1344 Neque
657 1292 787 1329 vero
817 1277 885 1329 ab
918 1277 1018 1330 hac
1051 1277 1263 1331 insania
1289 1278 1614 1344 absolvitur,
1646 1282 1692 1334 si
1728 1282 1853 1350 quis
1884 1283 2028 1336 forte

441 1369 540 1431 ait,
591 1379 916 1436 peccaturos
968 1371 1352 1424 tantummodo
1403 1371 1656 1427 homines
1697 1389 1804 1426 non
1858 1389 2024 1444 opor-

438 1462 610 1513 tuisse
643 1477 671 1512 a
723 1462 982 1514 Creatore
1026 1461 1366 1517 nativitatem
1415 1464 1602 1517 sortiri
1642 1480 1819 1535 neque
1853 1467 1906 1519 in
1943 1467 2027 1521 lu-

440 1551 608 1604 minis
640 1566 808 1604 auras
831 1553 1097 1620 protrahi.
1118 1552 1252 1606 Nam
1276 1565 1332 1607 et
1361 1553 1450 1608 hic
1471 1555 1687 1609 videtur
1714 1572 1857 1624 aegre
1882 1555 2027 1612 ferre

441 1644 485 1697 si
504 1645 650 1712 quis,
678 1645 802 1714 quia
833 1654 917 1698 est
948 1659 1102 1708 reus,
1126 1659 1320 1714 ptenas
1346 1646 1647 1716 dependat;
1676 1651 1898 1705 studere
1926 1666 2026 1704 au-

2131 453 2221 507 διά
2250 454 2407 508 τοῦτο
2452 455 2560 508 ἔδει
2611 454 2840 517 τούτους
2882 453 2956 524 μὴ
2994 453 3050 504 δὲ
3101 452 3375 521 γενέσθαι,
3403 455 3431 506 6
3469 453 3723 516 τοιοῦτος

2129 544 2282 596 οὐδὲν
2312 544 2501 615 ἕτερον
2522 543 2694 612 λέγει,
2725 545 2758 616 ἢ
2797 545 2880 596 ὅτι
2917 545 3022 597 ἔδει
3054 544 3153 613 τὴν
3185 544 3460 615 ἁμαρτίαν
3489 546 3584 596 καὶ
3607 546 3721 614 μή·

2131 651 2220 685 πω
2250 633 2639 703 γεγενημένην
2673 634 2771 703 τῆς
2799 633 2893 686 τοῦ
2925 634 3060 687 Θεοῦ
3087 635 3454 704 δημιουργίας
3485 639 3722 705 ἐπικρα-

2127 727 2262 778 τεῖν.
2290 726 2354 778 Εἰ
2388 725 2498 795 γὰρ
2528 727 2610 778 ὅτι
2639 725 2866 796 ἔμελλόν
2894 742 3040 788 τινες
3073 726 3431 797 ἁμαρτάνειν,
3460 727 3567 779 ἔδει
3618 726 3722 797 τὴν

2129 817 2218 868 ἐπ’
2244 816 2441 879 αὐτοὺς
2469 816 2840 885 δημιουργίαν
2877 815 3195 868 πεπαῦσθαι
3243 814 3338 867 τοῦ
3371 815 3530 877 Θεοῦ,
3557 815 3721 884 δῆλον

2128 907 2290 960 ὅτιτὸ
2322 907 2524 977 κράτος
2545 911 2645 977 τῆς
2679 906 2954 976 ἁμαρτίας
2984 904 3050 958 ἂν
3098 905 3186 975 εἴη
3230 905 3262 975 ἦ
3297 905 3398 974 τῆς
3430 906 3722 974 ἐνεργείας

2127 999 2222 1052 τοῦ
2255 998 2390 1051 Θεοῦ
2419 1015 2432 1028 ·
2462 997 2544 1052 ἔτι
2565 999 2617 1051 δέ
2650 999 2712 1051 τὸ
2742 1001 2840 1069 μὲν
2884 998 3244 1069 ἁμαρτάνειν,
3299 997 3403 1066 τῆς
3438 997 3724 1067 ἀνθρωπί-

2128 1107 2227 1160 νης
2255 1090 2374 1142 ἐστὶ
2405 1089 2630 1160 γνώμης
2653 1091 2748 1142 καὶ
2779 1091 3178 1160 προαιρέσεως,
3221 1092 3255 1159 ἠ
3294 1089 3351 1141 δέ
3385 1090 3722 1160 δημιουργία

2126 1181 2221 1233 τοῦ
2264 1181 2602 1243 πλάσαντος.
2639 1181 2704 1233 Τί
2748 1177 2840 1233 οῦν
2891 1198 2976 1243 τις
3024 1181 3189 1250 ἀφεὶς
3236 1181 3338 1252 τὴν
3392 1181 3577 1234 αἰτίαν
3622 1180 3722 1231 τοῦ

2129 1273 2490 1344 ἁμαρτάνειν,
2519 1275 2598 1336 εἰς
2618 1272 2711 1324 τὸν
2742 1273 2981 1326 ἀναίτιον
3026 1273 3233 1344 ταύτην
3273 1275 3516 1343 ἐγχειρεῖ
3555 1291 3725 1342 μετα-

2132 1366 2324 1435 φέρειν
2352 1381 2366 1430 ;
2398 1365 2520 1418 οὐδὲ
2549 1365 2754 1437 ταύτης
2778 1365 2832 1417 δὲ
2861 1365 2961 1434 τῆς
3000 1365 3186 1428 ἀνοίας
3220 1366 3520 1419 ἀπολύεται
3548 1368 3577 1418 6
3607 1366 3720 1435 ψῆ-

2129 1475 2231 1526 φον
2273 1459 2514 1527 εἰσάγων
2560 1460 2642 1511 ὅτι
2692 1476 2799 1530 περ
2849 1461 2978 1522 τοὺς
3031 1459 3326 1530 μέλλοντας
3383 1459 3726 1530 ἁμαρτάνειν

2128 1547 2294 1618 ἐχρῆν
2343 1547 2468 1618 μηδ’
2514 1548 2651 1612 ὅλως
2698 1549 2854 1620 παρά
2904 1548 2999 1600 τοῦ
3043 1548 3396 1618 Δημιουργοῦ
3450 1549 3725 1617 γενέσεως

2133 1642 2450 1709 μετασχεῖν.
2491 1637 2524 1710 ἢ
2575 1638 2714 1709 πρὸς
2749 1639 2924 1708 αὐγάς
2968 1639 3121 1709 ἡλίου
3167 1639 3543 1710 προαχθῆναιο
3576 1640 3726 1690 ἔοικε

451 1747 555 1790 tem
583 1747 640 1790 ut
678 1738 770 1806 qui
794 1747 1017 1806 peccato
1034 1748 1204 1802 caret,
1233 1740 1280 1793 is
1309 1739 1570 1795 damnum
1598 1741 1755 1797 ferat.
1793 1743 1853 1796 Id
1880 1745 2024 1798 enim

2131 1730 2242 1799 γὰρ
2273 1729 2567 1794 ότοιοῦτος
2614 1731 2985 1802 δυσχεραίνειν
3045 1730 3145 1800 μὲν
3193 1733 3286 1784 ἐάν
3330 1749 3413 1794 τις
3459 1731 3726 1800 ἁμαρτιέιν

452 1844 640 1897 reapse
663 1829 894 1898 contigit
923 1830 967 1884 si
1002 1830 1279 1898 peccaturi
1312 1831 1598 1887 nativitate
1628 1841 1682 1887 et
1707 1835 2024 1888 exsistentia

446 1920 752 1988 priventur,
808 1920 949 1974 Deus
991 1929 1172 1973 autem
1223 1935 1252 1973 a
1295 1921 1534 1976 creando
1557 1923 1902 1992 impediatur.
1939 1923 2027 1978 ln-

445 2027 609 2080 supcr
658 2012 818 2064 datur
865 2027 1029 2080 opera
1081 2020 1142 2065 ut
1191 2012 1391 2068 divina:
1454 2014 1811 2082 przescientiae
1858 2031 2025 2070 causa

447 2103 780 2156 damnentur
812 2104 846 2155 ii
871 2103 963 2173 qui
997 2119 1196 2157 noxam
1232 2105 1569 2160 contracturi
1602 2116 1730 2161 sunt
1767 2123 1780 2159 :
1811 2122 2029 2162 rursus-

441 2206 550 2259 que
595 2199 652 2243 ut
698 2191 884 2257 iidem,
926 2203 1218 2261 postquam
1265 2194 1637 2262 peccaverint,
1680 2196 1748 2250 ab
1774 2195 2024 2250 animad-

441 2283 696 2337 versione
721 2293 1081 2354 protegantur
1116 2304 1130 2338 :
1160 2301 1281 2355 quae
1313 2301 1402 2340 res
1441 2303 1616 2357 neque
1654 2287 1896 2342 humano
1933 2303 2027 2342 ne-

445 2391 552 2443 que
585 2375 771 2428 divino
810 2376 936 2444 jure
968 2376 1081 2430 fieri
1118 2377 1386 2432 creditur.
1421 2376 1633 2432 Etenim
1663 2389 1721 2434 ut
1749 2396 1776 2432 a
1809 2379 2026 2434 nemine

440 2477 566 2523 ante
593 2469 809 2538 culpam
837 2479 1162 2539 reposcatur
1189 2486 1374 2540 pcena,
1407 2473 1716 2525 communis
1740 2472 2025 2526 hominum

438 2563 708 2616 sententia
743 2571 826 2616 est
872 2561 1186 2632 divinisque
1227 2562 1436 2633 legibus
1466 2574 1854 2620 consentanea.
1882 2563 2025 2619 Tum

438 2676 568 2713 vero
597 2661 664 2714 de
697 2660 959 2729 pertinaci
996 2669 1217 2729 peccato
1239 2677 1432 2731 poenas
1457 2678 1695 2726 sumere,
1748 2663 1800 2716 id
1831 2663 2028 2718 divinae

444 2768 733 2808 nemeseos
776 2752 1117 2822 justitiaeque
1167 2755 1562 2810 demonstratio
1607 2766 1709 2810 est.
1747 2755 1858 2811 Cur
1895 2772 2027 2829 ergo

442 2845 646 2915 aliquis
683 2846 833 2910 velit,
880 2862 1002 2916 qua:
1047 2849 1262 2903 cunctis
1296 2858 1447 2902 recta
1477 2849 1749 2915 videntur,
1780 2849 1865 2904 his
1895 2865 2028 2904 con-

441 2939 603 2992 traria
659 2937 880 2993 facere?
919 2955 991 3004 ea
1034 2955 1188 3004 vero,
1245 2956 1366 3010 quae
1392 2940 1560 2995 Deum
1611 2943 1883 2997 vindicem
1940 2943 2030 3012 ju-

449 3041 707 3100 stumque
745 3033 1140 3099 demonstrant,
1211 3033 1268 3087 in
1336 3035 1514 3104 pretio
1575 3037 1774 3090 habere
1844 3036 2028 3090 nolit?

438 3123 632 3178 Nonne
663 3125 749 3179 hic
783 3141 1011 3180 summa:
1063 3127 1315 3181 amentiae
1355 3136 1519 3197 atque
1551 3128 1851 3198 impietatis
1878 3145 2028 3182 reum

442 3233 500 3271 se
545 3217 716 3271 facit?
753 3217 864 3272 Cur
903 3219 986 3272 ais
1027 3219 1303 3274 hominem
1344 3230 1614 3289 oportere,
1657 3238 1767 3291 quo
1810 3238 2028 3292 pmnam

442 3309 599 3373 vitet,
640 3307 705 3361 ad
730 3309 946 3378 culpam
973 3310 1196 3364 minime
1222 3312 1369 3365 nasci
1395 3313 1638 3367 labilem?
1660 3313 1852 3368 Nonne
1883 3315 2027 3368 enim

439 3413 629 3472 aperte
686 3402 843 3467 dicis,
885 3403 1100 3458 etiamsi
1138 3404 1361 3459 minime
1389 3405 1562 3472 dicas,
1598 3407 2031 3476 upon-tuisseho-

440 3497 643 3549 minem
686 3497 860 3550 creari
915 3497 1367 3567 impeccabilem,
1412 3515 1480 3554 ne
1509 3501 1717 3555 scilicet
1759 3502 1982 3556 coronis
2011 3542 2026 3565 ,

441 3606 675 3658 quarum
711 3591 880 3659 gratia
922 3589 1090 3643 fortes
1137 3600 1360 3660 peccato
1387 3593 1698 3661 superiores
1741 3594 1899 3655 fiunt,
1932 3594 2030 3647 d0-

441 3671 641 3736 nctur?
690 3681 832 3736 Sane
881 3683 925 3736 si
972 3685 1096 3752 quis
1145 3685 1342 3738 mentis
1393 3701 1505 3740 sua:
1555 3700 1799 3756 compos,
1850 3701 2028 3755 neque

452 3773 747 3827 vehemens
790 3774 999 3840 peccati
1047 3783 1282 3836 amator,
1323 3785 1376 3828 et
1407 3775 1752 3830 cruciatuum
1791 3777 2025 3840 timens;

437 3866 483 3919 si
522 3866 589 3928 is,
618 3867 865 3934 inquam,
892 3881 922 3918 e
948 3866 1161 3918 duobus
1189 3867 1518 3919 alterutrum
1545 3867 1778 3935 eligendi
1811 3869 2023 3936 copiam

444 3957 691 4022 haberet,
729 3971 924 4026 nempe
961 3958 1040 4010 vel
1073 3958 1162 4026 (ne
1195 3959 1290 4027 qui
1326 3956 1462 4011 forte
1497 3969 1780 4028 peccantes
1813 3974 2027 4027 pennam

438 4050 673 4119 luerent)
709 4065 946 4103 coronas
979 4051 1250 4118 capitibus
1278 4059 1630 4104 strenuorum
1665 4051 2023 4116 detrahendi;

437 4141 518 4194 vel
547 4142 792 4210 (propter
825 4155 920 4194 eos
948 4142 1040 4210 qui
1069 4142 1219 4210 juste
1243 4143 1604 4196 certaminum
1635 4143 1857 4209 praemia
1887 4141 2028 4197 refe-

435 4232 586 4302 runt)
616 4247 684 4286 ne
718 4243 1001 4302 peccatum
1037 4233 1258 4301 quidem
1290 4233 1409 4287 sine
1439 4248 1597 4303 poena
1623 4249 1744 4288 esse
1781 4233 2022 4298 sinendi;

433 4341 616 4379 nonne
644 4325 732 4380 hic
758 4327 928 4379 multo
961 4327 1144 4378 mallet
1169 4326 1337 4380 fortes
1360 4327 1592 4382 athletas
1623 4328 1842 4380 coronis
1862 4341 2026 4379 orna-

2131 1821 2288 1891 δίκην
2319 1819 2394 1890 δῷ
2446 1835 2460 1851 ο
2491 1819 2817 1888 φιλονεικεῖν
2852 1820 2908 1873 δὲ
2961 1820 3113 1890 παρὰ
3144 1821 3254 1873 τῶν
3296 1821 3464 1891 μηδὲν
3495 1820 3726 1891 μηδέπω

2134 1912 2578 1984 ἁμαρτησάντων
2609 1912 2883 1984 τιμωρίαν
2918 1913 3102 1966 λαϐεῖν
3127 1931 3140 1944 ο
3182 1911 3344 1966 τοῦτο
3370 1914 3478 1982 γάρ
3515 1915 3634 1964 ἐστι
3663 1914 3726 1964 τὸ

2131 2008 2259 2071 τοὺς
2292 2008 2586 2078 μέλλοντας
2615 2007 2954 2078 ἁμαρτάνειν
2987 2007 3257 2075 γενέσεως
3310 2008 3405 2058 καὶ
3433 2007 3725 2076 ὑπάρξεως

2133 2103 2479 2172 ἀποστερεῖν,
2502 2103 2597 2155 καὶ
2613 2100 2714 2171 τῆς
2735 2101 3100 2171 δημιουργίας
3117 2100 3411 2153 ἐκκόπτειν
3432 2100 3526 2152 τοῦ
3547 2099 3687 2152 Θεοῦ
3707 2116 3723 2130 ·

2133 2194 2270 2248 ἀλλὰ
2301 2195 2410 2265 γὰρ
2439 2197 2534 2247 καὶ
2560 2194 2670 2246 ἀπὸ
2707 2193 2805 2263 τῆς
2847 2193 2996 2254 Θείας
3033 2192 3400 2263 προγνώσεως
3427 2192 3726 2245 καταδικά-

2132 2287 2248 2350 ζειν
2275 2285 2374 2355 μὲν
2400 2285 2686 2356 βούλεσθαι
2711 2286 2836 2348 τοὺς
2860 2285 3304 2354 ἀμαρτήσοντας,
3340 2285 3397 2335 ἐν
3428 2284 3622 2344 αὑταῖς
3662 2281 3723 2335 δὲ

2132 2383 2255 2442 ταῖς
2283 2377 2519 2450 πράξεσι
2553 2379 2957 2449 γεγενημένους
2989 2377 3171 2448 ζητεῖν
3202 2377 3459 2445 ἀφίεσθαι
3489 2376 3598 2428 τῶν
3625 2393 3721 2428 κο-

2132 2473 2342 2526 λάσεων
2368 2489 2382 2501 ·
2421 2474 2558 2543 ὅπερ
2588 2472 2712 2524 οὔτε
2759 2469 3101 2541 ἀνθρώπινον
3150 2469 3274 2522 οὔτε
3313 2469 3458 2522 θεῖον
3493 2469 3727 2521 ἐπίστα-

2132 2583 2222 2617 ται
2242 2565 2475 2619 δίκαιον.
2508 2565 2620 2618 Καὶ
2642 2563 2704 2616 τὸ
2734 2564 2831 2632 μὲν
2864 2561 2967 2632 πρὸ
3019 2562 3126 2614 τῶν
3161 2560 3581 2633 ἁμαρτημάτων
3617 2577 3726 2629 μη-

2133 2659 2261 2712 δένα
2293 2657 2449 2728 δίκην
2479 2659 2748 2718 ἀπαιτεῖν,
2779 2656 2930 2725 κοινή
2965 2672 3024 2706 τε
3055 2656 3223 2707 πᾶσιν
3253 2652 3566 2725 ἀνθρώποις
3603 2652 3727 2724 κρί-

2136 2767 2219 2814 σις
2245 2751 2340 2802 καὶ⁸
2367 2749 2530 2811 θείοις
2553 2749 2739 2820 νόμοις
2769 2748 3030 2819 ἁρμόδιον
3058 2762 3070 2775 ·
3099 2748 3351 2800 ἀπαιτεῖν
3375 2747 3432 2800 δὲ
3453 2747 3598 2816 μετά
3623 2746 3725 2817 τὴν

2135 2842 2532 2911 ἀνεπίστροφον
2566 2839 2841 2910 ἁμαρτίαν
2882 2837 2980 2906 τὴν
3008 2837 3188 2908 δίκην,
3230 2838 3328 2906 τῆς
3377 2837 3531 2901 θείας
3565 2855 3727 2906 μισε-

2135 2932 2398 3002 πονηρίας
2428 2931 2524 2985 καὶ
2552 2931 2902 3004 δικαιοσύνης
2926 2931 3226 2997 ἀπόδειξις.
3254 2930 3378 2992 Πῶς
3406 2926 3500 2985 οῦν
3542 2931 3612 2985 ἄν
3639 2949 3726 2996 τις

2138 3025 2463 3095 μελετήσας,
2499 3023 2534 3078 ἃ
2563 3025 2661 3095 μὲν
2696 3026 2831 3077 πᾶσι
2863 3026 3030 3088 δοκεῖ,
3057 3024 3266 3078 τούτων
3295 3024 3559 3078 τάναντία
3589 3042 3723 3094 φρο-

2133 3120 2242 3169 νεῖν
2265 3135 2279 3183 ;
2304 3117 2340 3170 ἃ
2365 3117 2421 3168 δὲ
2444 3118 2814 3189 μισοπόνηρον
2838 3119 2934 3171 καὶ
2960 3119 3169 3171 δίκαιον
3191 3117 3430 3170 δείκνυσι
3453 3119 3545 3170 τὸν
3563 3118 3724 3180 Θεὸν,

2131 3210 2302 3262 ταῦτα
2335 3210 2410 3281 μὴ
2467 3210 2755 3280 ἀνέχεσθαι
2813 3213 3015 3282 τιμᾷνς
3048 3206 3181 3263 Εἶτα
3235 3205 3390 3274 οὗτος
3443 3211 3570 3280 οὐχὶ
3623 3211 3728 3279 τῆς

2133 3305 2367 3374 ἐσχάτης
2401 3304 2494 3356 καὶ
2528 3304 2912 3373 παραπληξίας
2933 3305 3028 3358 καὶ
3055 3303 3374 3366 δυσσεϐείας
3403 3305 3569 3366 αὐτὸς
3595 3305 3725 3355 ἐαυ-

2134 3395 2222 3448 τὸν
2249 3395 2432 3462 ἔνοχον
2460 3397 2606 3447 ποιεῖ
2631 3411 2644 3460 ;
2671 3395 2722 3447 τί
2746 3395 2924 3464 λέγεις
2940 3398 3220 3466 ἄπρεπτον
3253 3398 3392 3466 πρὸς
3418 3397 3722 3466 ἁμαρτίαν,

2135 3487 2221 3540 ἵνα
2256 3488 2425 3558 αὐτὴν
2455 3489 2676 3540 κόλασιν
2712 3489 2973 3559 διαφύγῃ,
3000 3490 3090 3541 τὸν
3118 3489 3406 3560 ἄνθρωπον
3431 3491 3610 3561 ἐχρῆν
3631 3506 3728 3557 γε-

2131 3579 2416 3648 γενῆσθαι,
2460 3580 2554 3632 καὶ
2606 3581 2724 3644 πῶς
2779 3581 2900 3650 οὐχί
2938 3581 3212 3652 λαμπρῶς
3262 3582 3464 3650 λέγεις,
3504 3584 3612 3635 κᾶν
3652 3584 3727 3652 μὴ

2132 3675 2315 3744 λέγῃς,
2344 3673 2417 3735 ὡς
2447 3675 2718 3744 ἄτρεπτον
2763 3677 2931 3746 ἐχρῆν
2963 3677 3098 3746 πρὸς
3151 3677 3426 3748 ἁμαρτίαν
3456 3678 3728 3748 δημιουρ-

2133 3764 2375 3833 γηθῆναι
2401 3763 2492 3815 τὸν
2523 3764 2830 3833 ἄνθρωπον,
2867 3765 2955 3818 ἵνα
2989 3767 3062 3836 μὴ
3086 3767 3194 3819 τῶν
3232 3768 3539 3836 στεφάνων,
3571 3767 3633 3833 ἐξ
3651 3764 3726 3822 ὧν

2133 3853 2530 3924 ἀγωνιζόμενοι
2568 3856 2844 3925 κρατῶσιν
2902 3856 3092 3927 αὐτῆς,
3139 3857 3440 3928 ἁξιωθείης
3477 3862 3573 3912 καὶ
3615 3861 3724 3932 μὴν

2131 3951 2290 4014 εἴτις
2322 3969 2386 4020 γε
2420 3952 2510 4004 νοῦ
2539 3954 2804 4024 μετέχων,
2822 3956 2915 4007 καὶ⁴
2949 3955 3023 4025 μὴ
3060 3955 3157 4025 τῆς
3189 3957 3463 4027 ἁμαρτίας
3490 3959 3577 4029 εἴη
3607 3960 3726 4027 ἅμα

2129 4060 2188 4095 τε
2219 4041 2422 4113 θερμὸς
2458 4044 2718 4117 ἐραστὴς,
2758 4046 2851 4098 καὶ
2879 4047 2982 4109 τάς
3014 4046 3282 4117 βασάνους
3312 4049 3555 4119 φεύγων,
3609 4051 3726 4104 ἐλέ-

2133 4137 2256 4190 σθαι
2286 4137 2513 4208 θάτερον
2543 4138 2652 4190 τῶν
2689 4138 2784 4191 δύο
2819 4139 2918 4210 τὴν
2944 4140 3193 4205 ἐξουσίαν
3228 4144 3280 4195 εἴ
3323 4159 3431 4212 περ
3477 4142 3719 4213 εἰλήφει,

2129 4230 2356 4302 πότερον
2381 4232 2469 4283 ἵνα
2495 4233 2567 4302 μή
2591 4249 2737 4294 τινες
2763 4233 3178 4303 ἁμαρτήσαντες
3195 4235 3326 4288 δῶσι
3345 4236 3525 4306 δίκην,
3551 4239 3721 4307 ἐχρῆν

2128 4325 2253 4385 τοὺς
2273 4323 2568 4391 στεφάνους
2591 4324 2699 4376 τῶν
2724 4324 2977 4392 κεφαλῶν
2997 4325 3216 4394 ἀφελεῖν
3236 4327 3345 4378 τῶν
3368 4328 3722 4400 ἀνδραγαθη-

431 4431 515 4470 tos
550 4431 794 4482 cernere,
825 4432 1060 4485 reosque
1089 4417 1253 4471 simul
1288 4417 1501 4471 meritis
1543 4417 1824 4486 suppliciis
1849 4418 2025 4471 tradi?

2135 4419 2367 4480 σάντων,
2397 4419 2428 4488 ἧ
2465 4417 2552 4471 διὰ
2578 4420 2703 4481 τοὺς
2735 4417 2961 4482 δικαίως
2985 4420 3092 4472 τῶν
3139 4420 3234 4473 ἐπὶ
3262 4422 3378 4484 τοῖς
3409 4421 3596 4485 ἄθλοις
3628 4439 3720 4488 γε-

431 4504 541 4577 ρῶν
563 4505 1190 4577 ἁξιωθησομένους,μηδ’
1210 4507 1560 4578 ἀτιμώρητον
1577 4509 1676 4577 τὴν
1702 4508 1976 4580 ἁμαρτίαν
1996 4510 2151 4579 ὀρᾷν,
2170 4509 2286 4570 πῶς
2308 4509 2409 4560 οὐκ
2439 4509 2506 4561 ἂν
2538 4507 2720 4579 πολλῷ
2740 4509 3024 4580 ποιήσαιτο
3052 4511 3363 4581 ἔμπροσθεν
3396 4516 3512 4576 τοῖς
3536 4531 3596 4568 τε
3620 4516 3718 4582 τῆς

429 4596 798 4668 ἀνδραγαθίας
819 4596 1104 4664 στεφάνοις
1119 4596 1244 4659 τοὺς
1262 4598 1503 4666 ἀθλητὰς
1525 4599 1656 4669 ὁρᾷν
1678 4600 2152 4669 κεκοσμημένους,
2173 4599 2267 4650 καὶ
2280 4601 2404 4660 τοὺς
2424 4599 2720 4671 ὑποχρέους
2737 4599 2844 4652 τῶν
2860 4600 3189 4671 ὀφλημάτων
3208 4605 3674 4674 κατατιθεμένους
3699 4627 3714 4674 ;

500 4717 554 4770 4.
617 4715 723 4770 Sed
753 4727 949 4785 praeter
994 4716 1260 4769 hactenus
1298 4717 1469 4780 dicta,
1513 4733 1643 4770 num
1679 4729 1731 4770 te
1765 4717 1885 4772 sola
1925 4716 2022 4771 ho-

430 4812 639 4865 minum
668 4809 874 4862 creatio
916 4807 1238 4876 perturbat?
1297 4825 1366 4861 an
1399 4810 1848 4878 incorporearum
1881 4825 2021 4878 quo-

427 4918 536 4971 que
596 4915 660 4954 ac
717 4901 836 4954 sine
873 4901 1111 4954 materia
1141 4910 1461 4954 naturarum
1495 4911 1549 4954 et
1586 4900 2023 4955 inunortalitatis

431 5009 658 5048 munere
720 4992 1148 5062 perl’rnentinm,
1219 4994 1271 5046 in
1299 4997 1547 5047 eamdem
1606 4993 2020 5063 perplexitatem

427 5089 650 5157 dejicit?
675 5086 810 5142 Nam
841 5097 895 5142 et
918 5105 982 5142 ex
1007 5089 1074 5140 iis
1098 5087 1416 5143 ctelestibus
1435 5086 1722 5141 ordinibus
1747 5087 2015 5155 beatoque

427 5179 646 5248 fastigio
675 5189 868 5247 sponte
894 5179 982 5232 ille
1015 5179 1292 5246 delapsus,
1321 5179 1577 5248 princeps
1604 5179 1820 5232 malitia:
1839 5176 2015 5230 factus

426 5279 512 5327 est
548 5271 800 5324 diabolus
857 5289 868 5325 :
929 5281 984 5325 et
1033 5269 1201 5324 simul
1262 5279 1530 5340 quotquot
1592 5281 1828 5324 tuentem
1864 5285 2020 5324 suam

429 5365 678 5434 partibus
705 5365 853 5420 illius
883 5366 1289 5435 applicuerunt,
1347 5365 1628 5418 meliorem
1655 5365 2020 5419 conditionem

427 5458 613 5526 pejore
645 5466 1080 5512 commutat-unt.
1141 5457 1354 5527 lleliqui
1388 5467 1569 5511 autem
1597 5473 1662 5510 ex
1692 5457 1760 5510 iis
1795 5458 2022 5511 imtnor-

427 5548 630 5602 talibus
671 5548 1000 5618 inclytisque
1048 5550 1237 5603 choris
1301 5550 1358 5602 in
1415 5547 1702 5603 devotione
1733 5548 2022 5618 debitaque

431 5641 700 5695 modestia
733 5653 1070 5707 constantes,
1126 5642 1257 5695 nihil
1292 5642 1359 5695 de
1389 5657 1487 5695 sua
1522 5641 1924 5710 pulchritudine
1959 5656 2022 5693 ac

431 5736 693 5803 diénitate
722 5735 1067 5791 amiserunt:
1106 5737 1196 5790 sed
1248 5737 1528 5791 communi
1571 5733 1800 5790 Domino
1851 5734 2018 5789 Crea-

2193 4717 2255 4771 δ’.
2288 4715 2430 4786 Πρὸς
2462 4716 2518 4768 δέ
2542 4733 2604 4784 γε
2634 4719 2744 4776 τοῖς
2776 4719 3109 4788 εἰρημένοις,
3144 4715 3256 4790 ἆρα
3312 4722 3449 4791 μόνη
3500 4739 3560 4775 σε
3605 4726 3717 4775 τιὶν

2125 4807 2432 4880 ἀνθρώπων
2460 4810 2492 4879 ἡ
2527 4809 2859 4879 δημιουργία
2888 4812 3200 4883 θορυϐεῖςῆ
3231 4814 3451 4866 καὶτῶν
3477 4817 3715 4886 ἀσωμά-

2123 4920 2230 4954 των
2258 4901 2353 4954 καὶ
2389 4902 2569 4954 άΰλων
2600 4901 2816 4972 φύσεων
2843 4904 2937 4955 καὶ
2969 4904 3104 4973 πρὸς
3153 4904 3251 4974 τὴν
3275 4905 3577 4959 ἀθανασίαν
3615 4912 3716 4961 ἀν-

2123 4996 2400 5066 ηγμένων,
2443 4996 2521 5059 είς
2553 4996 2651 5065 τὴν
2694 4996 2865 5066 αὑτήν
2907 5013 2965 5048 σε
3007 4997 3250 5068 ταραχὴν
3291 4999 3588 5068 ἐμϐάλλει;
3620 5003 3717 5054 καὶ

2124 5089 2232 5156 γὰρ
2265 5088 2470 5138 τούτων
2494 5087 2600 5140 τῶν
2625 5088 2893 5157 οὐρανίων
2935 5091 3234 5157 ταγμάτων
3265 5092 3359 5144 καὶ
3391 5093 3491 5160 τῆς
3528 5111 3713 5162 μακα-

2125 5179 2243 5249 ρίας
2268 5179 2487 5248 ἐκείνης
2533 5178 2760 5248 λήξεως,
2815 5181 2842 5232 6
2880 5181 2979 5250 μὲν
3016 5182 3223 5234 ἐκεῖθεν
3267 5182 3409 5236 ἑκὼν
3463 5185 3709 5254 ἐκρυεὶς,

2121 5271 2363 5340 ἀρχηγὸς
2393 5273 2592 5334 κακίας
2619 5272 2842 5338 γέγονεν
2874 5273 2902 5324 6
2936 5272 3201 5340 διάϐολος,
3233 5276 3328 5328 καὶ
3354 5277 3468 5329 ὅσοι
3490 5279 3589 5346 τὴν
3615 5281 3713 5348 ρο-

2122 5364 2228 5434 πὴν
2259 5364 2394 5434 πρὸς
2429 5365 2526 5434 τὴν
2559 5363 2770 5418 ἐκείνου
2799 5365 3024 5436 γνώμην
3046 5367 3396 5438 τρεψάμενοι.
3430 5371 3489 5421 τὸ
3527 5373 3714 5439 χεῖρον

2121 5457 2244 5508 ἀντὶ
2277 5456 2373 5508 τοῦ
2407 5457 2719 5525 κρείττονος
2762 5461 3215 5528 μεθηρμόσαντο·
3251 5462 3299 5512 οἱ
3349 5461 3405 5512 δέ
3449 5477 3513 5528 γε
3557 5463 3714 5515 ἄλλοι

2129 5549 2238 5601 τῶν
2281 5549 2566 5603 ἀθανάτων
2595 5551 2818 5603 ἐκείνων
2849 5551 2942 5603 καὶ
2977 5551 3279 5606 θεσπεσίων
3307 5554 3485 5624 χορῶν
3511 5572 3715 5623 7:90:0-

2129 5645 2226 5710 οχῇ
2269 5642 2365 5695 καὶ
2397 5641 2661 5712 σπουδαί-α⁴
2693 5642 2874 5712 νήψει,
2911 5645 3062 5694 οὐδὲν
3092 5645 3190 5712 τῆς
3213 5646 3419 5707 οἰκείας
3447 5646 3715 5712 καλλονῆς

2129 5733 2161 5802 ἢ
2193 5734 2402 5800 τάξεως
2425 5735 2837 5803 ἀλλοιῶσαντες,
2865 5735 3001 5790 ἁλλά
3034 5740 3166 5808 πρὸς
3189 5736 3277 5790 τὸν
3303 5737 3482 5792 κοινὸν
3505 5741 3718 5793 Δεσπό-
