3916 6192
231 261 337 325 129

1191 257 1292 317 AD
1329 249 1920 315 AMPIIILOCIIIUM
1974 250 2319 323 QUAESTIO
2357 254 2532 315 XIII.

3385 255 3486 321 130

224 395 332 449 την
359 374 453 429 καὶ
483 370 828 443 Δημιουργδν
849 368 1145 433 ἀνενδότως
1166 370 1391 433 ἑαυτοὺς
1413 368 1798 428 ἀνατείνοντες,

1914 365 2126 435 torique
2165 366 2394 422 llrmiter
2435 367 2798 432 adhaerentes,
2854 380 3033 438 neque
3074 365 3281 424 fontem
3307 372 3494 427 omnis
3562 358 3567 363 ’

225 469 327 522 καὶ
375 466 536 536 κόρον
584 463 685 533 τῆς
725 462 1058 531 ἀγαθοδότου
1089 463 1279 527 οὐσίας
1308 462 1408 515 οὐκ
1442 460 1679 531 ἔχοντες,
1710 456 1811 511 οὐκ

225 559 388 613 αὐτοὶ
413 559 575 626 μόνον
616 553 812 623 ἀγαθοὶ
842 552 982 607 κατά
1016 553 1250 624 μετοχὴν
1280 552 1647 623 διαμένουσιν,
1672 548 1809 604 ἀλλὰ

227 649 327 702 καὶ
380 646 457 716 τῷ
501 645 610 700 τῶν
665 645 971 715 ἀνθρώπων
1018 644 1166 713 γένει
1203 644 1303 715 τὴν
1333 643 1482 698 θείαν
1505 644 1608 696 κάν
1634 642 1809 711 τούτῳ

228 736 732 809 ὲξυπηρετούμενοι
788 735 1064 807 βούλησιν,
1129 735 1494 806 ἀγαθοεργίας
1558 736 1809 805 συνεργοὶ

224 835 323 885 καὶ
355 831 640 901 ἐπίκουροι
669 828 915 896 γίνονται
940 844 955 857 ο
990 829 1085 882 καὶ
1120 830 1169 881 οί
1212 830 1310 899 μὲν
1342 830 1457 882 ὅσοι
1481 829 1804 893 κατέπεσον,

225 923 325 977 καὶ
359 923 523 976 αὐτὸν
549 922 642 974 τὸν
676 920 851 973 τύπον
881 919 977 973 τοῦ
1010 920 1248 992 σταυροῦ
1278 920 1689 992 χαρασσόμενον
1714 921 1807 991 ὀρ-

223 1016 393 1083 γάνου
447 1011 625 1084 τύπῳ,
671 1011 739 1065 δι’
773 1006 834 1066 οὗ
880 1012 943 1064 τὸ
996 1014 1265 1083 σωτήριον
1305 1012 1560 1081 ἐτελέσθη
1613 1012 1803 1077 πάθος,

222 1105 565 1173 φρίττοντες,
600 1103 889 1173 τρέμουσι,
923 1103 1020 1156 καὶ
1040 1102 1114 1166 ώς
1144 1103 1805 1176 πορρωτάτωιδραπετεύ-

218 1212 407 1248 ουσινο
442 1195 492 1248 οί
520 1194 578 1247 δὲ
606 1195 683 1265 τῷ
711 1194 841 1265 θείῳ
871 1194 1049 1265 θρόνῳ
1103 1195 1518 1265 περιιστάμενοι
1564 1197 1664 1264 τῆς
1699 1211 1807 1264 μα-

218 1286 426 1357 καρίας
457 1284 673 1355 ἐκείνης
698 1287 792 1339 καὶ
822 1285 1063 1355 φοόερᾶς
1094 1284 1221 1347 θέας
1260 1285 1386 1338 ὅσον
1433 1287 1666 1357 ἐγχωρεῖ
1700 1283 1803 1354 φύ-

218 1396 309 1432 σει
339 1382 557 1449 κτιστῇ,
602 1379 705 1441 τὰς
748 1376 1121 1449 μαρμαρυγὰς
1150 1378 1502 1448 ὑποδέχονται
1524 1395 1538 1410 ·
1567 1378 1663 1432 καὶ¹
1691 1380 1805 1442 τοῖς

222 1474 326 1541 μὲν
353 1468 436 1532 οἷς
456 1471 624 1543 δρῶσί
650 1488 713 1524 τε
745 1470 838 1523 καὶ
884 1471 1200 1543 δεδράκασι,
1232 1472 1343 1543 πῦρ
1384 1472 1711 1542 ἡτοίμασται
1741 1471 1803 1524 τὸ

216 1564 491 1634 ἐξώτερον
517 1580 529 1593 ·
556 1564 607 1617 οί
630 1563 687 1616 δὲ
711 1564 778 1617 δι’
812 1559 888 1618 ὧν
920 1564 981 1617 τὸ
1009 1564 1467 1635 αὑτοκρατορικὺν
1500 1564 1603 1633 τῆς
1630 1564 1803 1635 ῥοπῆς

217 1660 281 1710 ἐν
316 1660 437 1720 ταῖς
482 1655 731 1727 ἀμείνοσι
773 1660 1079 1728 προκοπαῖς
1117 1657 1213 1711 καὶ
1264 1656 1562 1711 ἀναϐάσεσι
1604 1673 1802 1728 συντη-

218 1748 381 1820 ροῦσι
394 1749 486 1803 καὶ
503 1750 896 1821 συνετήρησαν,
926 1751 984 1802 ὲν
1008 1751 1287 1821 ἀδιηγήτῳ
1302 1753 1481 1822 τρυφῇ
1504 1750 1597 1803 καῖ
1609 1749 1804 1822 αίωνίᾳ

213 1838 499 1907 διαμένειν
547 1837 845 1893 ἀπολαύσει
890 1837 990 1902 τὰς
1025 1837 1241 1909 ψήφους
1274 1838 1372 1910 ἤδη
1458 1839 1800 1907 κατέχουσιν.

293 1930 357 1986 ε’.
400 1929 577 2000 Ἐρεῖς
593 1928 690 1984 οὖν
715 1929 953 1995 πάντως,
999 1930 1098 1983 Διά
1149 1931 1201 1983 τί
1235 1930 1458 1999 γέγονεν
1497 1930 1527 1983 δ
1566 1928 1801 2001 πονηρὸς

216 2025 451 2089 ἐκεῖνος,
503 2022 599 2076 καὶ
636 2023 759 2075 ὅσαι
810 2022 960 2093 αὐτῷ
1027 2024 1213 2093 μοῖραι
1279 2022 1799 2094 συναπεστάτησαν;

216 2117 390 2188 ἐχρῆν
422 2114 534 2186 γὰρ
566 2115 661 2168 τὸν
689 2115 822 2169 Θεὸν
844 2115 1047 2183 ἀγαθὸν
1077 2114 1225 2181 ὄντα,
1274 2116 1375 2186 τῆς
1412 2115 1603 2178 οὐσίας
1667 2131 1802 2187 προ·

217 2206 502 2272 εξελέσθαι
520 2208 614 2260 καὶ
637 2204 959 2276 προανελεῖν
984 2205 1053 2259 τὰ
1077 2205 1298 2259 τοιαῦτα
1313 2205 1797 2277 δημιουργήματα·

216 2300 443 2369 ἄμεινον
477 2298 587 2369 γὰρ
616 2298 813 2362 αὐταῖς
851 2294 942 2369 ἦν,
975 2296 1009 2368 ἢ
1039 2297 1177 2368 πρὸς
1217 2298 1592 2371 ἀπαραίτητον
1623 2315 1802 2370 παρα-

220 2387 543 2459 πέμπεσθαι
578 2388 814 2458 βάσανον
841 2405 855 2419 ⁸
889 2384 1010 2442 είτα
1054 2388 1165 2442 τῶν
1190 2390 1369 2442 αὐτῶν
1402 2407 1461 2444 σε
1491 2391 1801 2463 περιέργων

216 2481 498 2552 λογισμῶν
524 2482 588 2535 τὸ
615 2480 929 2546 ἀκόλουθον,
961 2487 1056 2538 καὶ
1081 2487 1176 2537 ἐπὶ
1212 2484 1283 2537 τὰ
1330 2483 1494 2538 λοιπά
1530 2484 1637 2537 τῶν
1677 2502 1798 2537 κτι-

218 2576 447 2644 σμάτων
472 2571 873 2643 παραπέμψειο
903 2574 1012 2627 ἔδει
1051 2574 1161 2645 γὰρ
1210 2574 1308 2646 τὴν
1351 2574 1459 2645 γῆν
1507 2574 1801 2646 προαχθεῖ-

218 2682 322 2718 σαν
346 2664 381 2735 ῆ
409 2663 590 2733 μένειν
617 2663 874 2734 ἀκίνητον
911 2665 1005 2719 ἐπὶ
1058 2666 1158 2737 τῆς
1186 2665 1542 2737 προαγωγῆς,
1592 2667 1687 2720 καὶ⁹
1718 2665 1801 2736 τῷ

216 2756 485 2826 ἀτρέπτῳ
551 2753 1036 2824 περιτειχίζεσθαι,
1078 2755 1113 2828 ἢ
1162 2756 1247 2811 ἵνα
1293 2755 1364 2810 τὰ
1417 2755 1554 2812 ἄλλα
1593 2756 1801 2827 ταύτης

219 2842 374 2913 πάθη
416 2841 516 2896 καὶ
542 2844 643 2906 τὰς
663 2842 982 2909 ἀλλοιώσεις
1029 2845 1196 2910 ὲάσω,
1234 2845 1311 2919 μὴ
1353 2849 1469 2908 τοῖς
1513 2846 1721 2914 ὕδασιν,
1750 2850 1799 2902 εί

218 2935 319 2987 καὶ
346 2934 424 3004 μὴ
453 2933 576 2990 καθ’
607 2935 758 3008 ὃλην,
788 2936 933 2992 κατὰ
977 2935 1149 2989 πολλά
1188 2936 1245 2991 δὲ
1284 2937 1394 2994 τῶν
1425 2938 1609 3010 μερῶν
1637 2956 1799 3010 περι-

1911 454 2040 509 honi
2072 456 2437 512 substantiam
2478 456 2839 524 fastidientes,
2904 470 3015 513 non
3066 459 3241 515 solum
3290 460 3393 531 ipsi
3432 463 3488 517 in

1910 546 2172 603 bonitatis
2234 549 2628 604 communione
2681 557 3022 614 manserunt,
3072 558 3260 605 verum
3324 551 3491 605 etiam

1910 639 2194 694 hominum
2251 642 2459 712 generi,
2513 642 2714 697 divinae
2752 643 2959 712 pariter
2993 643 3050 697 in
3086 644 3189 697 hoc
3218 642 3487 698 voluntati

1909 730 2295 802 obsequentes.
2358 733 2624 787 bonorum
2661 748 2887 803 operum
2935 733 3215 804 adjutores
3243 734 3487 803 sociique

1908 831 2217 876 evaserunt.
2248 822 2313 877 Et
2338 822 2374 877 ii
2397 838 2530 879 sane
2562 823 2655 894 qui
2679 823 3028 888 exciderunt,
3061 824 3234 894 ipsam
3267 836 3487 895 quoque

1907 914 2087 969 crucis
2119 914 2437 985 imaginem,
2490 914 2543 969 in
2585 915 2705 986 ejus
2748 915 3098 972 instrumenti
3126 916 3301 971 forma
3331 918 3487 972 exhi-

1906 1005 2074 1060 bitam
2120 1020 2230 1075 quo
2285 1005 2593 1062 Servatoris
2661 1008 2845 1077 passio
2901 1017 3120 1079 peracta
3166 1009 3303 1074 l‘uit,
3357 1025 3483 1065 cum

1908 1098 2140 1154 horrore
2162 1099 2531 1155 extimescunt
2562 1115 2625 1156 ac
2657 1100 2977 1173 longissime
3010 1102 3225 1174 fugiunt
3258 1120 3271 1156 :
3303 1105 3484 1159 caueri

1906 1201 2089 1247 autem
2124 1192 2367 1246 divinum
2417 1191 2618 1247 solium
2662 1192 3101 1259 circumstantes,
3139 1194 3309 1249 beata:
3338 1194 3486 1249 illius

1905 1300 1969 1340 ac
2023 1285 2321 1340 tremendae
2370 1285 2622 1353 visionis,
2683 1294 2948 1356 quantum
3001 1294 3201 1342 creatte
3274 1294 3485 1343 naturae

1904 1375 2053 1442 licet,
2081 1376 2264 1433 radios
2293 1377 2590 1445 excipiunt.
2654 1377 2765 1434 Illis
2811 1377 2882 1434 ob
2934 1393 3000 1434 ea
3050 1394 3173 1450 qua:
3199 1390 3367 1449 agunt
3400 1379 3482 1434 fe-

1903 1477 2225 1540 ceruntque,
2300 1469 2441 1539 ignis
2477 1461 2736 1525 'exterior
2797 1479 3023 1542 paratus
3075 1481 3200 1540 est;
3278 1474 3333 1527 bi
3386 1473 3482 1543 qui

1902 1561 2135 1616 liberum
2163 1561 2452 1617 arbitrium
2483 1577 2644 1617 suum
2677 1562 2730 1615 in
2754 1562 3079 1619 melioribus
3099 1566 3483 1635 progressibus

1905 1651 2275 1722 gradibusque
2305 1650 2572 1707 faciendis
2626 1653 3018 1709 continuerunt
3067 1664 3122 1708 et
3175 1653 3480 1716 continent,

1908 1743 2354 1798 inenarrabilium
2387 1744 2710 1814 gaudiorum
2757 1753 2923 1814 atque
2957 1753 3178 1801 aeternae
3206 1744 3482 1802 beatitatis

1900 1843 2102 1891 sortem
2125 1833 2349 1889 decreto
2378 1834 2563 1889 divino
2588 1834 2855 1890 obtinent.
3490 1853 3494 1855 λ

1973 1925 2026 1979 5.
2046 1925 2216 1980 Porro
2232 1925 2381 1980 dices
2401 1944 2415 1981 :
2436 1925 2547 1981 Cur
2569 1940 2691 1979 nam
2717 1926 2806 1981 ille
2827 1924 3108 1996 improbus
3123 1933 3340 1983 creatus
3356 1926 3480 1990 fuit.

1901 2026 1957 2073 et
1993 2026 2264 2088 quotquot
2307 2032 2432 2072 cum
2485 2032 2551 2071 eo
2586 2017 2809 2073 ordines
2831 2019 3119 2088 apostatici
3147 2021 3481 2075 evaserunt?

1906 2110 2186 2166 Decuisset
2234 2111 2381 2165 enim
2440 2108 2535 2164 Dei
2585 2110 2812 2165 bonitati
2854 2126 2884 2164 a
2914 2127 3098 2167 rerum
3133 2120 3331 2167 natura
3363 2113 3479 2182 pri-

1902 2200 2071 2255 mitus
2127 2200 2371 2255 eximere
2417 2200 2517 2256 has
2558 2212 2840 2258 creaturas
2866 2211 3031 2273 atque
3059 2204 3370 2260 excludere.
3420 2203 3477 2259 Id

1900 2292 2045 2347 enim
2101 2292 2296 2347 melius
2343 2301 2463 2348 erat
2517 2292 2603 2348 his
2636 2308 2799 2363 quam
2846 2295 3167 2350 inexorabili
3208 2298 3475 2352 cruciatui

1900 2384 2184 2455 deputare.
2243 2384 2407 2455 Atqui
2452 2385 2575 2439 vani
2610 2385 2777 2457 hujus
2816 2386 3088 2443 ratiocinii
3128 2389 3347 2460 sequela
3383 2405 3481 2460 per

1900 2488 2131 2534 czeteras
2188 2492 2408 2548 quoque
2462 2494 2552 2534 res
2598 2489 2813 2535 creatas
2874 2488 2927 2535 te
2975 2481 3179 2550 pariter
3224 2482 3476 2538 deducet.

1900 2567 2184 2624 Decuisset
2228 2570 2372 2622 enim
2431 2568 2677 2624 tellurem
2727 2584 2951 2640 quoque
2978 2583 3217 2626 creatam
3250 2588 3478 2628 manere

1902 2661 2235 2716 immobilem
2269 2661 2323 2715 in
2357 2670 2500 2715 statu
2536 2675 2639 2716 suo
2653 2672 2707 2717 et
2741 2661 3005 2718 ﬁrmitate
3039 2663 3478 2735 munirizneque

1904 2753 1998 2824 (ut
2052 2763 2276 2808 caateras
2332 2752 2451 2822 ejus
2502 2754 2787 2823 passiones
2842 2755 3285 2826 mutationesque
3342 2771 3480 2826 prae-

1902 2848 2144 2914 leream)
2179 2845 2339 2915 aquis
2371 2844 2419 2900 si
2458 2846 2638 2900 minus
2670 2846 2983 2902 universam
3013 2856 3160 2904 certe
3182 2848 3476 2903 maximam

1900 2946 2113 3007 partem
2150 2936 2407 2992 inundari
2435 2954 2451 3003 ;
2514 2936 2750 3007 paulove
2772 2937 2954 2994 minus
2981 2953 3147 3008 quam
3178 2953 3303 2993 cum
3332 2939 3477 2995 invi-

218 3025 522 3090 κλύζεσθαι
549 3042 564 3057 ·
606 3028 704 3082 κα)⁸
730 3029 930 3098 μικροῦ
980 3026 1150 3099 μηδὲν
1207 3028 1428 3084 ἔλαττον
1456 3030 1489 3101 ἢ
1518 3031 1606 3083 ὅτε
1633 3031 1798 3102 ἀόρα-

1904 3029 2080 3085 sibilis
2104 3038 2221 3085 erat
2242 3039 2296 3084 et
2320 3029 2594 3095 informis,
2623 3026 2879 3085 ﬂuctibus
2906 3029 3084 3085 obrui.
3118 3030 3312 3086 Aerem
3340 3046 3479 3102 quo-

219 3136 316 3183 τος
341 3120 437 3172 καὶ
463 3118 953 3183 ἀκατασκεύαστος
981 3115 1051 3190 ἦν
1078 3123 1143 3191 τῇ
1186 3121 1532 3195 πλημμυρίδι
1570 3123 1803 3195 συγκρύ-

219 3211 493 3265 πτεσθαι·
527 3212 747 3266 καὶτὸν
782 3212 923 3283 ἀέρα
960 3210 1017 3265 δὲ
1065 3213 1302 3286 καθαρόν
1357 3232 1415 3267 τε
1466 3215 1563 3268 καὶ
1622 3216 1802 3285 πάσης

219 3305 649 3376 ἀπηλλαγμένον
678 3304 836 3358 νόθου
866 3304 1180 3375 μετουσίας,
1212 3305 1480 3377 σωτήριόν
1508 3323 1568 3358 τε
1590 3306 1802 3378 ἀνθρώ-

218 3401 347 3460 παῑς
376 3397 473 3449 καὶ
498 3398 615 3460 τοῖς
642 3396 825 3460 ἀλλοις
848 3393 1008 3459 ζώοις
1032 3395 1362 3462 ὑποστάντα,
1395 3397 1499 3450 οὐκ
1532 3397 1641 3450 ἔδει
1664 3397 1803 3468 πρὸς

216 3490 464 3561 λοιμώδη
496 3492 588 3544 καὶ
615 3489 924 3565 φθαρτικὴν
952 3490 1060 3545 τῶν
1094 3490 1421 3562 σωζομένων
1465 3491 1801 3547 κατάστασιν

219 3583 609 3653 μεταπίπτειν.
644 3583 711 3637 Et
747 3584 805 3638 δὲ
824 3583 1000 3638 ταῦτα
1030 3585 1427 3656 προαγομένοις
1458 3585 1643 3648 αὐτοῖς
1675 3586 1802 3657 ὅρος

217 3676 466 3745 ὲνεπάγη
511 3675 945 3746 μεταϐάλλεσθαι
970 3675 1068 3747 τὴν
1103 3676 1285 3745 φύσιν,
1330 3678 1393 3731 οὐ
1423 3678 1594 3732 ταῦτα
1615 3678 1672 3733 δὲ
1698 3680 1799 3749 μό-

217 3783 334 3833 νον,
366 3766 508 3821 ἀλλά
536 3766 629 3820 καὶ
648 3766 717 3820 τὰ
740 3766 956 3829 τούτοις
985 3766 1265 3837 σύστοιχα,
1287 3766 1512 3839 ἄμεινον
1534 3764 1604 3840 ἦν
1631 3769 1799 3839 μηδὲν

211 3857 426 3912 τούτων
455 3857 536 3920 είς
566 3857 899 3928 προαγωγὴν
921 3858 1205 3928 ἐνεχθῆναι
1228 3876 1241 3889 ·
1283 3855 1403 3913 εἶτα
1422 3861 1458 3927 ,ὁ
1496 3859 1594 3932 τὴν
1616 3860 1799 3916 κτίσιν

208 3947 343 4018 ὃλην
372 3944 545 4009 οὕτως
575 3947 983 4013 ἀνασκευάζων,
1007 3948 1109 4018 ὅση
1138 3966 1197 4002 τε
1235 3950 1293 4003 ὲν
1314 3952 1545 4021 νοητοῖς,
1571 3951 1667 4005 καὶ
1694 3952 1793 4023 ὃση

208 4040 269 4090 ὲν
302 4036 607 4107 αἰσθητοῖς,
641 4037 734 4090 καὶ
754 4038 890 4109 μηδὲ
912 4038 1021 4093 τῶν
1043 4039 1267 4111 ἀψύχων
1297 4041 1631 4112 φειδόμενος,
1658 4042 1795 4098 ἀλλὰ

212 4129 398 4182 πάντα
442 4128 653 4198 πικρῶς
675 4129 818 4183 οὕτω
868 4131 1240 4199 ζυγοστατῶν,
1276 4134 1370 4187 καὶ
1400 4137 1466 4204 τῇ
1516 4134 1623 4206 ίδίᾳ
1658 4134 1791 4189 καθ-

207 4216 536 4271 υποὸάλλων
559 4218 668 4273 τῶν
695 4220 969 4292 λογισμῶν
1003 4222 1202 4294 κρίσει,
1235 4224 1330 4277 καὶ
1366 4225 1559 4295 μηδενὶ
1586 4227 1792 4280 τούτων

212 4310 707 4381 συναρεσκόμενος,
730 4314 785 4366 τί
821 4316 1007 4381 ποιεῖ;
1048 4316 1179 4386 περὶ
1210 4316 1311 4386 τῆς
1354 4317 1448 4370 τοῦ
1498 4317 1789 4390 ἀνθρώπου

1905 3137 2013 3191 que
2041 3121 2318 3177 decuisset
2364 3136 2562 3191 purum
2602 3136 2729 3177 esse
2782 3130 2948 3191 atque
2979 3121 3127 3176 omni
3158 3122 3482 3178 humiditate

1902 3228 2157 3280 vacuum,
2191 3214 2510 3270 hominibus
2541 3214 2875 3285 caaterisque
2924 3215 3294 3270 animantibus
3327 3215 3480 3272 salu-

1904 3316 2106 3371 tarem;
2165 3320 2275 3360 non
2327 3314 2510 3361 autem
2540 3306 2609 3361 ad
2658 3308 2999 3378 pestilentem
3031 3307 3481 3380 mortiferamque

1900 3400 2205 3453 viventibus
2231 3397 2600 3454 conditionem
2632 3400 2905 3455 converti.
2962 3400 3118 3468 Quod
3147 3401 3222 3455 'si
3262 3401 3381 3457 haec
3405 3402 3480 3456 ita

1900 3502 2153 3565 generata
2188 3502 2335 3557 sunt,
2369 3501 2429 3547 ut
2476 3502 2730 3547 naturam
2767 3492 2983 3547 variare
3021 3494 3273 3559 soleant;
3301 3510 3482 3564 neque

1900 3582 2013 3636 haec
2036 3580 2418 3635 tantummodo
2454 3581 2548 3635 sed
2580 3580 2689 3635 alia
2733 3580 3044 3650 ejusmodi;
3104 3584 3280 3637 satius
3334 3592 3472 3645 erat.

1898 3673 2078 3745 inquit
2113 3674 2332 3743 aliquis,
2381 3673 2498 3728 haec
2535 3672 2762 3728 omnino
2811 3688 2923 3728 non
2965 3673 3160 3730 creari.
3210 3674 3303 3730 Sic
3342 3690 3477 3745 ergo

1899 3769 2003 3823 iste
2034 3766 2350 3822 universam
2382 3776 2634 3820 naturam
2687 3764 3041 3831 labefactans,
3105 3766 3221 3822 sive
3266 3782 3389 3838 qua:
3417 3767 3472 3822 in

1896 3859 2352 3916 intellectualibus
2377 3868 2460 3915 est
2486 3860 2600 3914 sive
2649 3875 2775 3930 quae
2812 3860 2866 3914 in
2898 3859 3272 3925 sensibilibus,
3325 3870 3381 3917 et
3405 3877 3474 3916 ne

1895 3950 2152 4006 inanimis
2181 3949 2402 4021 quidem
2442 3950 2608 4004 rebus
2638 3965 2893 4019 parcens,
2927 3951 3022 4007 sed
3060 3960 3257 4007 cuncta
3278 3956 3475 4009 acerbe

1894 4044 1974 4099 sic
2005 4058 2316 4113 exzequans,
2352 4043 2546 4112 suique
2585 4043 2857 4098 ratiocinii
2887 4043 3097 4113 judicio
3129 4044 3432 4115 subjiciens
3453 4088 3469 4113 ,

1893 4136 2138 4206 nihilque
2179 4138 2373 4191 horum
2424 4136 2689 4207 probans,
2747 4137 2880 4206 quid
2936 4137 3157 4193 demum
3197 4140 3348 4211 agit?
3404 4140 3474 4196 de

1892 4229 2131 4284 hominis
2156 4230 2453 4296 creatione,
2490 4230 2635 4299 quod
2677 4245 2845 4284 unum
2874 4239 2959 4285 est
2985 4244 3017 4287 e
3041 4232 3242 4287 creatis
3259 4233 3474 4301 generi-

1891 4323 1995 4378 bus
2014 4321 2271 4392 ambigit;
2303 4322 2389 4375 vel
2419 4322 2585 4376 Deum
2622 4322 2789 4376 alium
2824 4332 3240 4394 creatorentque
3273 4325 3472 4394 quaerit

204 4404 575 4477 δημιουργίας
616 4405 736 4468 ἐνὸς
780 4406 955 4471 εἴδους
998 4408 1108 4461 τῶν
1154 4409 1455 4478 γεγονότων
1502 4410 1785 4481 διαπορεῖ·

1901 4412 1962 4484 {0
1992 4411 2135 4466 Deus
2167 4412 2371 4481 bone!)
2427 4427 2587 4480 quem
2637 4412 2765 4467 dum
2819 4414 3071 4484 ignarum
3122 4414 3199 4469 rei
3226 4416 3469 4471 melioris

205 4495 243 4564 ἢ
273 4494 408 4545 Θεὸν
455 4494 643 4565 ἕτερον
694 4497 787 4551 καὶ
847 4498 1176 4571 δημιουργὸν
1213 4502 1463 4573 ἐπιζητεῖ
1499 4501 1683 4572 (ἵλεως
1728 4504 1787 4558 δὲ

1901 4518 1955 4558 ea
1977 4518 2098 4572 quae
2128 4502 2367 4556 diximus
2401 4502 2595 4557 iecisse
2625 4504 2723 4565 ait,
2754 4503 2971 4558 ellronti
2995 4505 3143 4557 vultu
3175 4506 3470 4575 linguaque

201 4588 344 4657 ἡμῖν
374 4588 485 4657 εἴη)
520 4588 710 4661 ἀμαθῆ
744 4590 802 4643 δὲ
829 4590 924 4644 τοῦ
960 4592 1269 4662 κρείττονος
1320 4595 1410 4647 τὸν
1440 4595 1614 4649 ταῦτα
1646 4614 1786 4668 προ-

202 4679 491 4748 αγαγόντα
516 4681 695 4735 πάντα
723 4682 929 4736 ἀναιδεῖ
959 4682 1235 4754 προσώπῳ
1251 4685 1345 4739 καὶ
1368 4686 1636 4757 ἀπυλώτῳ
1664 4688 1758 4741 στό
1776 4714 1790 4729 ο

204 4786 343 4838 ματι
398 4769 764 4841 διακωμῳδεῖ.
801 4772 866 4823 Τί
911 4771 968 4823 δὲ
1006 4772 1149 4841 λέγω
1195 4773 1326 4826 Θεὸν
1354 4773 1540 4845 ἕτερον
1572 4775 1665 4827 καὶ
1692 4775 1789 4845 δη·-

204 4860 473 4930 μιουργὸν
507 4859 788 4932 ὲπιζητεῖ;
824 4862 987 4915 αὑτὸν
1024 4862 1136 4933 γάρ
1172 4864 1335 4927 αὐτὸς
1368 4864 1600 4929 καθίσας
1622 4868 1680 4919 ὲν
1707 4864 1785 4936 τῷ

202 4951 304 5021 τῆς
329 4952 592 5014 ἀπονοίας
630 4953 723 5005 καὶ
746 4953 933 5016 ἀνοίας
960 4951 1083 5024 ὕψει
1111 4955 1220 5007 τῶν
1239 4955 1539 5023 γεγονότων
1562 4956 1788 5027 διορθω-

198 5043 325 5113 τὴν,
353 5043 573 5111 ἀφελεῖν
601 5044 894 5108 σπουδάζει
923 5046 1205 5111 παντελῶς
1230 5046 1329 5117 τὴν
1358 5049 1486 5118 περὶ
1531 5048 1665 5102 Θεοῦ
1696 5050 1786 5102 έν·-

204 5152 375 5199 νοιαν,
417 5136 484 5205 ἣν
515 5135 615 5206 τῆς
656 5136 791 5201 ίδίας
846 5138 1235 5207 προαφείλετο,
1284 5137 1395 5191 τῶν
1427 5139 1787 5211 ἀνθρωπίνων

194 5225 390 5296 ψυχῶν
412 5241 427 5256 ·
458 5226 595 5281 ἀλλά
625 5226 797 5280 ταῦτα
827 5229 926 5296 μὲν
950 5229 1025 5293 ὡς
1050 5229 1192 5283 κατά
1224 5229 1384 5297 λόγον
1432 5230 1785 5303 κεφαλαιώδη

200 5317 365 5371 ἱκανά
385 5311 538 5389 οἶμαι
558 5318 651 5371 καὶ
661 5318 771 5371 τῶν
795 5320 1312 5394 παραλελειμμένων
1333 5324 1411 5386 είς
1428 5322 1635 5377 ἔννοιαν
1652 5323 1786 5375 ἀνα-

194 5410 411 5475 γαγεῖνο
432 5410 528 5461 καὶ
559 5410 683 5474 τοὺς
699 5412 998 5481 ἀντιλέγειν
1012 5414 1180 5467 πάλαι
1225 5413 1678 5486 θρασυνομένους,
1711 5414 1787 5479 ὼς

193 5499 618 5573 βοῦς(51)ὲπέ6η
642 5503 742 5575 τὴν
762 5504 1082 5575 παροιμίαν,
1101 5505 1195 5559 καὶ
1217 5508 1401 5559 πεῖσαι
1427 5503 1784 5575 μεταμαθεῖν.

1888 4596 2079 4651 eﬂ‘reni
2106 4595 2290 4650 omnia
2326 4593 2650 4649 subsannat.
2688 4594 2791 4649 Sed
2818 4610 2918 4649 cur
2943 4594 3054 4649 dixi
3092 4594 3264 4650 Deum
3299 4596 3467 4651 alium

1886 4697 2303 4756 creatoremque
2356 4687 2424 4741 ab
2466 4702 2534 4741 eo
2591 4686 2804 4756 quasri?
2862 4687 2983 4757 Ipse
3010 4690 3191 4757 potius
3217 4704 3275 4743 se
3302 4688 3355 4743 in
3385 4690 3471 4744 in-

1887 4781 2060 4836 saniae
2124 4776 2480 4848 stultitiaque
2544 4777 2762 4848 fastigio
2835 4779 3112 4835 collocatis
3171 4781 3470 4838 creationis

1892 4872 2340 4935 emendatorem,
2397 4886 2615 4924 omnem
2674 4867 2772 4924 Dei
2832 4869 3085 4924 notitiam
3148 4886 3213 4925 ex
3270 4873 3470 4930 animis

1893 4963 2202 5028 hominum,
2243 4976 2408 5031 quam
2430 4960 2497 5015 de
2519 4974 2617 5014 suo
2644 4958 2758 5028 jam
2778 4960 3008 5030 expulit,
3043 4960 3229 5017 delere
3252 4962 3466 5019 nititur.

1894 5053 2000 5110 Sed
2060 5055 2323 5109 hactenus
2393 5051 2734 5121 capitulatim
2778 5052 3053 5123 disputata
3093 5054 3365 5111 sulIiciunt
3397 5058 3468 5112 ad

1891 5149 2387 5221 prtetermissorum
2414 5147 2601 5213 etiam,
2657 5156 2718 5202 ut
2762 5156 2913 5217 puto,
2956 5150 3320 5206 rel'ricandam
3357 5167 3470 5206 me-

1894 5240 2168 5305 moriam;
2205 5252 2369 5307 atque
2422 5246 2482 5291 ut
2538 5238 2573 5292 ii
2611 5241 2706 5309 qui
2740 5240 2869 5296 olim
2888 5243 3265 5298 contradicere
3301 5244 3471 5298 aude--

1896 5333 2047 5398 bant,
2082 5338 2340 5399 tanquam
2365 5329 2409 5383 si
2442 5329 2542 5385 bos
2567 5331 2876 5401 irrupisset,
2902 5342 2960 5387 ut
2990 5336 3065 5388 ait
3092 5336 3491 5403 proverbium,

1895 5424 2174 5480 dediscere
2204 5436 2312 5476 non
2346 5431 2618 5477 recusent.

264 5659 380 5731 (3|)
413 5658 568 5729 Diog.
598 5673 752 5729 prov.
790 5668 935 5714 cent.
980 5659 1072 5727 Ill,
1126 5659 1189 5715 61
1233 5678 1246 5715 :
1303 5659 1439 5725 Βοῦς
1471 5660 1680 5731 ἐπέϐη·
1742 5662 1798 5714 ετ

1901 5659 1984 5714 λῶν
2024 5656 2285 5731 ἐξαίφνης
2330 5658 2682 5715 σιωπώντων·
2734 5660 2799 5714 τὸ
2854 5661 2963 5733 γὰρ
3007 5662 3275 5733 ἀργύριον
3333 5661 3464 5734 βοῦν

434 5774 711 5834 ΡΑτιιοι..
741 5776 854 5838 Gn.
895 5774 979 5835 CI.

3027 5774 3060 5832 5
