3916 6192
1568 231 1836 295 ΡΗΟΤΙΙ
1869 231 2012 292 ΡΑΤ

2124 228 2380 291 \RCH/E
2412 230 2523 290 CP.
3370 272 3377 275 .
3590 219 3702 282 13:2

938 345 1266 415 QUASSTIO
1318 345 1459 401 xw.
2023 346 2075 405 A

410 446 551 514 Quid
592 453 671 499 est
708 442 876 498 illud:
926 461 943 493 ι
986 443 1167 508 Aperti
1207 453 1329 494 sunt
1358 458 1538 493 eorum
1580 440 1753 514 oculi,
1797 458 1815 491 ι
1848 438 1986 514 Gen.

484 532 569 578 III,
589 515 642 581 7,
667 535 685 567 ι
718 524 768 568 et
791 514 1051 581 quomodo
1079 514 1431 583 transgressio
1460 514 1562 565 vim
1592 510 1772 564 habuit
1815 510 1994 565 oculos

480 587 749 658 aperiendi
766 585 788 625 9

409 236 511 303 131
1568 236 1836 295 ΡΗΟΤΙΙ
1869 236 2012 292 PAT

938 345 1030 391 nn
1048 345 1266 391 ESTIO
1318 345 1457 391 xw-

2124 236 2380 291 \RCH/E
2412 236 2523 290 (ΖΡ.

2669 334 3007 391 ΕΡΩΤΗΣΙΣ
3035 337 3133 391 lA'.

2102 436 2163 492 Τί
2190 434 2322 487 ἐστι
2350 433 2438 498 τὸ,
2468 450 2487 484 ι
2514 432 2962 499 Διηνοίχθησαν
2998 427 3199 483 αὐτῶν
3233 430 3287 482 oi
3319 426 3639 499 ὀφθαλμοί·
3676 446 3696 479 ι

2172 506 2265 557 καὶ
2304 502 2430 569 πῶς
2468 504 2507 571 ἠ
2546 498 2886 571 παράϐασις
2931 499 3117 569 ἰσχὺν
3169 499 3320 569 ἔσχε
3362 498 3686 566 διανοίγειν

2176 574 2569 644 ὀφθαλμούςς

1463 697 1600 745 Edlta
1649 712 1676 746 a
1702 696 1845 755 Maio,
1880 696 2011 745 Nov.
2039 691 2184 752 σθω,
2212 696 2251 741 t.
2284 690 2368 750 IX,
2395 690 2472 749 14,
2506 688 2583 738 15.

2177 802 2250 855 Τὸ
2276 800 2356 866 δὲ,
2382 819 2400 852 ι
2422 797 2818 870 Διηνοίχθησαν
2840 798 2888 850 οἱ
2907 792 3174 865 ὀφθαλμοὶ
3194 793 3304 847 τῶν
3324 792 3471 856 δύα»
3497 793 3599 863 οὐχ
3618 793 3703 846 ὅτι

417 906 565 974 quod
610 902 979 973 transgressio
1022 902 1295 972 aperuerit
1331 916 1520 956 eorum
1566 906 1780 964 oculos,
1824 899 2000 962 absit;

2124 895 2143 964 ἡ
2184 892 2501 967 παράϐασις
2531 890 2798 961 διήνοιξεν
2822 888 3013 941 αὐτῶν
3040 888 3167 950 τοὺς
3194 885 3528 956 ὀφθαλμοὺς,
3555 884 3701 938 άπαο

412 1016 521 1052 non
547 999 696 1053 enim
733 1000 1000 1067 scriptum
1047 1004 1130 1051 est
1160 996 1278 1065 ipsa
1320 996 1761 1065 transgressione
1807 1008 2001 1049 eorum

2124 1000 2179 1051 γε
2221 1000 2235 1013 ’
2274 982 2397 1035 οὐδὲ
2424 981 2535 1053 γὰρ
2566 980 2675 1034 οὐδ’
2712 981 2770 1034 ἐν
2816 978 2955 1050 αὐτῇ
2993 981 3061 1050 τῇ
3115 977 3429 1049 παραϐάσει
3497 978 3706 1045 γέγρα-

412 1091 605 1146 oculos
653 1100 872 1159 apertos
928 1089 1121 1153 fuisse,
1165 1087 1259 1143 sed
1311 1097 1436 1157 post
1479 1086 1997 1155 transgressionem.

2124 1094 2242 1131 τται
2265 1077 2390 1139 τοὺς
2416 1075 2727 1146 ὀφθαλμοὺς
2758 1072 2937 1128 αὐτῶν
2964 1072 3355 1143 διανοιχθῆναι,
3391 1070 3526 1126 ἀλλὰ
3562 1072 3708 1142 μετὰ

417 1184 559 1240 lticit
587 1184 734 1238 enim
762 1200 776 1236 :
815 1202 833 1235 ι
870 1180 935 1236 Ει
962 1192 1253 1252 postquam
1284 1180 1492 1250 accepit
1518 1180 1733 1246 mulier,
1763 1179 1832 1234 de
1851 1180 2001 1233 fruc-

2124 1170 2205 1241 ςὴν
2240 1169 2577 1240 παράϐασιν·
2613 1168 2747 1238 φησὶ
2775 1168 2902 1239 γάρ·
2931 1185 2952 1219 ι
2974 1166 3085 1221 Καὶ
3108 1165 3349 1219 λαϐοῦσα
3378 1167 3412 1236 ἡ
3436 1165 3575 1234 γυνὴ
3594 1166 3706 1218 ἀπὸ

416 1286 475 1331 ιιι
537 1277 796 1342 comedit,
824 1284 878 1330 et
906 1276 1079 1347 aperti
1119 1285 1248 1330 sunt
1278 1275 1421 1329 oculi
1451 1275 1777 1339 amborum;
1810 1292 1828 1323 ι
1858 1270 2003 1342 quod

2124 1266 2201 1320 :05
2233 1265 2451 1338 καρποῦ
2487 1264 2654 1318 αὑτοῦ
2682 1263 2855 1335 ἔφαγε
2912 1264 3008 1317 καὶ
3068 1262 3238 1315 ἔδωκε
3278 1262 3375 1315 καὶ
3414 1259 3494 1332 τῷ
3544 1260 3706 1330 ἀνδρὶ

416 1370 525 1424 tale
572 1368 850 1438 quoddam
895 1378 1019 1423 est:
1054 1366 1185 1423 Post
1220 1367 1484 1439 peccandi
1529 1374 1739 1428 actum,
1787 1373 1847 1418 ut
1888 1364 2002 1433 ple-

2124 1359 2308 1430 ιύτῆς,
2342 1358 2439 1411 καὶ
2468 1356 2673 1427 ἔφαγον
2696 1358 2790 1411 καὶ
2805 1355 3195 1427 διηνοίχθησαν
3222 1355 3273 1408 οἱ
3295 1353 3568 1424 ὀφθαλμοὶ
3593 1352 3705 1405 τῶν

416 1475 651 1530 rumque
697 1460 904 1530 peccati
956 1460 1197 1530 cognitio
1249 1458 1613 1529 supervenit,
1662 1466 1717 1511 et
1763 1456 2007 1511 audaciae

2124 1448 2202 1501 δύο
2228 1464 2243 1479 ·
2279 1467 2298 1500 ι
2335 1449 2473 1520 ὅπερ
2506 1447 2748 1502 τοιοῦτόν
2788 1451 2941 1502 ἐστι’
2980 1447 3138 1502 Μετὰ
3162 1447 3260 1518 τὴν
3294 1446 3575 1519 ἁμαρτίαν
3628 1445 3708 1508 ὡς

418 1552 737 1623 magnitudo
766 1552 939 1623 magis
972 1552 1311 1622 agnoscitur.
1342 1551 1653 1620 Cupiditate
1713 1550 1859 1605 enim
1885 1564 2008 1617 quae

2124 1541 2179 1593 τὰ
2217 1539 2390 1594 πολλὰ
2414 1541 2446 1611 ἡ
2480 1540 2775 1611 ἐπίγνωσις
2792 1541 2888 1595 τοῦ
2913 1542 3315 1612 ἁμαρτήματος
3344 1539 3576 1609 γίνεται,
3607 1539 3707 1591 καὶ

419 1643 486 1697 ad
518 1646 854 1713 peccandum
889 1642 1222 1711 impellebat,
1264 1650 1315 1694 et
1363 1639 1590 1694 stimulo
1630 1638 1723 1708 qui
1762 1639 2006 1690 animum

2124 1632 2172 1685 τὸ
2204 1632 2440 1703 μέγεθος
2468 1633 2560 1688 τοῦ
2592 1634 2944 1706 τολμήματος
2988 1637 3115 1688 τότε
3181 1634 3382 1705 μᾶλλον
3442 1635 3708 1702 ἐπιγινώ-

420 1732 683 1804 agitabat,
700 1744 822 1801 post
852 1731 1093 1799 exlegem
1119 1738 1299 1783 actum
1322 1737 1573 1783 cessante
1593 1735 1647 1782 et
1665 1725 2003 1797 quiescente,

2124 1741 2299 1778 τκεται
2319 1741 2332 1755 ·
2351 1726 2446 1779 τοῦ
2476 1726 2586 1798 γὰρ
2607 1725 3115 1798 ἐπιπροσωθοῦντος
3146 1727 3354 1791 πάθους
3374 1727 3469 1781 καὶ
3485 1726 3708 1781 xwon-

420 1836 553 1882 tunc
595 1841 728 1882 sane
780 1835 1042 1894 tanquam
1096 1839 1194 1893 per
1245 1824 1387 1878 hanc
1440 1821 1669 1875 multam
1718 1818 2007 1889 caliginem

2124 1834 2198 1880 ξος
2232 1807 2449 1888 οἴστρου
2485 1819 2624 1890 πρὸς
2657 1820 2755 1891 τὴν
2788 1820 3087 1892 ἁμαρτίαν,
3125 1823 3266 1891 μετά
3308 1820 3407 1891 τὴν
3433 1819 3708 1888 ἔκθεσμον

421 1920 769 1992 perspiciens
803 1919 945 1972 ratio
975 1927 1029 1972 et
1081 1916 1440 1986 resipiscens,
1471 1929 1534 1969 ea
1566 1928 1690 1983 quae
1728 1920 1850 1965 acta
1880 1919 2011 1965 sunt

2124 1911 2310 1980 πρᾶξιν
2345 1913 2700 1982 πεπαυμένον
2730 1931 2791 1967 τε
2822 1914 2920 1968 καὶ⁵
2940 1914 3299 1985 ἠρεμοῦντος,
3326 1914 3445 1966 τότε
3472 1912 3539 1985 δὴ
3582 1915 3706 1967 τότε

421 2013 688 2076 intuetur,
731 2020 786 2065 et
833 2011 889 2064 in
924 2024 1086 2080 quem
1136 2017 1340 2064 statum
1383 2016 1436 2061 et
1476 2022 1504 2060 a
1550 2021 1661 2075 quo
1696 2014 1903 2059 mutata
1939 2005 2011 2058 sit

2124 2001 2302 2073 ’ὣσπερ
2344 2003 2617 2074 διακύψας
2648 2006 2747 2076 τῆς
2804 2005 3005 2077 πολλῆς
3039 2007 3238 2077 ἀχλύος
3276 2007 3496 2077 ἐκείνης
3540 2007 3569 2058 ό
3616 2004 3709 2058 λο-

481 809 620 866 lllud
656 817 863 877 autem,
898 826 917 861 ι
943 807 1128 878 Aperti
1165 816 1293 863 sunt
1323 808 1606 862 amborum
1652 807 1853 871 oculi,»
1894 822 2003 860 non

425 2105 599 2176 magis
623 2102 909 2173 intelligit;
936 2111 990 2156 et
1017 2117 1141 2156 cum
1192 2099 1529 2155 conscientia
1560 2099 1732 2168 ipsam
1762 2097 2011 2151 vulneret

422 2208 477 2251 et
506 2203 777 2266 torqueat,
814 2195 962 2250 clare
984 2194 1250 2249 discernit
1270 2208 1355 2258 ea,
1387 2207 1531 2262 quae,
1568 2190 1867 2260 cupiditate
1906 2190 2010 2242 im-

422 2290 679 2361 pellente,
738 2303 847 2342 non
898 2286 1151 2341 similiter
1196 2285 1478 2339 cernebat.
1524 2283 1758 2337 Aliunde
1826 2290 2009 2336 autem

425 2383 659 2453 quisque
688 2387 912 2451 peccato
936 2379 1158 2438 cedens,
1185 2377 1251 2430 iis
1281 2376 1482 2444 quibus
1507 2374 1761 2428 diabolus
1784 2373 2012 2427 titillans

424 2484 479 2530 rt
518 2474 765 2527 mulcens
798 2486 897 2524 nos
914 2469 1188 2523 clIeminat
1215 2477 1267 2521 et
1300 2468 1538 2522 tenebris
1565 2467 1754 2536 replet,
1782 2466 2011 2519 innexos

425 2566 583 2637 quasi
624 2565 730 2620 fert
766 2580 899 2619 suos
937 2578 1154 2625 sensus,
1182 2572 1239 2618 et
1276 2562 1457 2632 quoad
1505 2561 1615 2613 vim
1663 2557 2009 2615 discernendi

430 2658 733 2711 inutilatos.
784 2657 913 2711 Post
974 2656 1247 2710 actionem
1308 2664 1489 2708 autem
1543 2654 1645 2708 sub
1705 2653 1899 2707 oculos
1956 2652 2010 2706 id

427 2750 572 2820 quod
614 2756 876 2804 tentatum
903 2757 987 2801 est
1017 2745 1261 2807 adducit,
1293 2756 1348 2799 et
1392 2745 1589 2799 acerbe
1644 2744 1821 2814 aperit
1862 2745 2011 2813 quod

428 2844 583 2912 prius
632 2841 822 2896 multis
866 2839 1118 2893 artiﬁciis
1157 2839 1449 2893 celaverat.
1497 2836 1629 2891 Dein
1686 2837 1755 2891 iis
1805 2836 2011 2907 quibus

436 2932 660 2987 sceleris
694 2930 901 2985 molem
930 2928 1385 2997 comprehensam
1432 2925 1627 2988 reddit,
1666 2924 1721 2979 in
1753 2923 2011 2994 despera-

429 3026 632 3079 tionem
663 3037 790 3077 eum
824 3020 918 3090 qui
949 3020 1195 3091 peccavit
1225 3019 1505 3088 impellere
1528 3026 1781 3072 conatur.

2110 2094 2308 2163 γισμὸς
2337 2096 2433 2149 καὶ
2484 2096 2768 2167 ἀνανήψας
2820 2099 2995 2168 ἐφορᾷ
3049 2098 3119 2151 τά
3168 2098 3564 2170 πεπραγμένα,
3611 2100 3708 2151 καὶ

2112 2188 2196 2249 εἰς
2225 2188 2343 2241 οἵαν
2372 2190 2708 2244 κατάστασιν
2737 2192 2833 2245 καὶ
2857 2192 2918 2257 ἐξ
2938 2192 3057 2256 οἵας
3089 2191 3426 2263 μετηνέχθη,
3456 2191 3560 2263 τὴν
3588 2209 3709 2245 συν·

2112 2277 2367 2349 αίσθησιν
2404 2282 2608 2350 μᾶλλον
2638 2281 2927 2353 λαμϐάνει,
2959 2284 3053 2337 καὶ
3101 2285 3163 2337 τὸ
3214 2284 3455 2349 συνειδὸς
3500 2285 3709 2356 τιτρῶ-

2115 2386 2245 2425 σκον
2291 2373 2453 2426 αὑτὸν
2493 2375 2586 2427 καὶ
2612 2375 2877 2447 διεγεῖρον
2909 2376 3070 2447 ἔχων,
3102 2376 3385 2432 διαϐλέπει
3432 2379 3649 2450 τρανῶς
3669 2378 3708 2433 ἃ.

2113 2463 2207 2517 τοῦ
2236 2466 2447 2531 πάθους
2475 2469 2990 2540 ἐπιπροσωθοῦντος
3039 2471 3139 2542 οὐχ
3170 2472 3376 2542 ὁμοίως
3422 2472 3651 2526 ἔϐλεπεν
3684 2489 3700 2503 ·

2112 2555 2290 2622 ἄλλως
2341 2576 2402 2612 τε
2454 2560 2514 2613 δὲ
2560 2562 2695 2632 πρὸς
2747 2562 2847 2632 τὴν
2898 2564 3177 2633 ἁμαρτίαν
3229 2566 3461 2629 ἕκαστος
3508 2568 3707 2637 χωρῶν

2112 2643 2195 2712 οἷς
2220 2650 2248 2702 ὁ
2286 2651 2525 2723 πονηρὸς
2551 2652 2991 2725 διαγαργαλίζων
3019 2672 3077 2707 τε
3095 2655 3186 2709 καὶ
3214 2656 3531 2726 ὑποθέλγων
3555 2659 3708 2727 ἡμᾶς

2116 2740 2402 2811 ἐκθηλύνει
2441 2745 2535 2796 καὶ
2580 2746 2782 2813 γνόφου
2822 2744 3021 2816 πληροῖ
3049 2749 3473 2817 κεχειρωμένους
3513 2746 3709 2819 ὥσπερ

2115 2832 2273 2903 φέρει
2306 2834 2435 2899 τοὺς
2462 2835 2758 2905 λογισμοὺς
2792 2838 2887 2891 καὶ⁴
2919 2840 3358 2910 πεπηρωμένους
3395 2841 3457 2892 τὸ
3478 2840 3709 2894 όπτικὺν

2115 2925 2215 2996 τῆς
2258 2925 2583 2999 διακρίσεως
2610 2944 2625 2959 ⁸
2676 2929 2816 3000 μετὰ
2846 2930 2903 2983 δὲ
2934 2931 3033 3002 τὴν
3063 2931 3262 3004 πρᾶξιν
3290 2932 3381 2985 ὑπ’
3410 2932 3535 3001 ὄψιν
3583 2932 3708 2999 ἄγει

2037 3008 2082 3072 C
2115 3016 2179 3070 τὸ
2202 3017 2496 3090 τολμηθὲν,
2543 3023 2638 3077 καὶ
2691 3024 3065 3079 ἀνακαλύπτει
3098 3022 3313 3095 πικρῶς
3362 3025 3391 3078 ὃ
3434 3026 3712 3097 πρότερον

429 3122 655 3184 πολλαῖς
680 3121 949 3190 μηχαναῖς
980 3116 1387 3170 συνεκάλυπτεν
1412 3132 1425 3145 ·
1492 3110 1610 3169 εἶτα
1670 3114 1738 3167 δι’
1782 3106 1859 3167 ὧν
1917 3112 2251 3185 κατάφωρον
2312 3117 2404 3171 τὸν
2462 3119 2626 3189 ὄγκον
2678 3120 2937 3175 ἀποτελεῖ
2986 3119 3082 3175 τοῦ
3140 3122 3518 3193 τολμήματος,
3570 3121 3711 3191 πρὸς

429 3215 741 3284 ἀπόγνωσιν
762 3211 926 3265 ὠθεῖν
979 3212 1239 3281 πειρᾶται
1269 3211 1359 3263 τὸν
1384 3209 1803 3279 ἁμαρτήσαντα.

503 3311 636 3364 lllud
660 3308 845 3380 igitur,
868 3328 887 3359 ι
912 3308 1097 3378 Aperti
1121 3316 1248 3363 sunt
1269 3322 1458 3363 eorum
1479 3307 1676 3370 oeuli,»
1702 3323 1806 3361 non
1836 3308 2018 3364 relati-

348 3390 365 3407 ”
430 3420 495 3457 ve
525 3403 592 3456 ad
620 3401 952 3457 antecedens
978 3410 1216 3470 tempus,
1244 3414 1421 3470 neque
1438 3400 1756 3469 priusquam
1815 3416 1846 3455 a
1898 3401 2017 3472 lege

431 3494 567 3565 ipsis
595 3493 852 3564 imposita
880 3492 1213 3555 deciderent,
1243 3491 1714 3561 interpretandum
1740 3501 1857 3559 est;
1885 3503 2015 3549 tunc

430 3590 576 3644 enim
612 3586 804 3642 oculos
841 3586 1013 3658 magis
1040 3594 1262 3656 apertos
1295 3585 1587 3650 trahebant,
1620 3587 1861 3641 nondum
1895 3604 2014 3643 ser-

430 3679 611 3750 pentis
641 3676 1116 3732 susurrationihus
1152 3675 1386 3746 decepti,
1417 3685 1469 3729 et
1492 3675 1804 3746 vigilantem
1839 3678 1904 3731 ad
1930 3679 2015 3733 vi-

429 3772 668 3828 dendum
703 3772 834 3841 quid
892 3769 1204 3826 faciendum
1253 3777 1422 3833 esset,
1473 3778 1707 3823 mentem
1748 3769 2012 3827 ferebant.

430 3863 551 3922 Non
589 3866 754 3936 igitur
787 3864 965 3919 visum
1001 3879 1109 3916 non
1146 3862 1433 3923 habentes,
1462 3874 1745 3931 peccatum
1778 3864 2018 3919 admise-

432 3968 581 4022 runt,
600 3957 694 4012 sed
717 3963 907 4011 contra
929 3955 983 4009 in
1006 3953 1340 4010 admittendo
1376 3964 1597 4023 peccato
1633 3956 2015 4024 caecutientes;

431 4060 721 4121 postquam
749 4059 929 4103 autem
955 4058 1232 4117 peccatum
1259 4046 1377 4109 fuit,
1399 4046 1575 4101 visum
1604 4058 2015 4117 recuperarunt.

431 4144 643 4199 l'ravus
694 4143 860 4213 igitur
910 4153 965 4197 et
1009 4142 1078 4196 ab
1137 4142 1294 4195 initio
1327 4140 1503 4195 malus
1555 4149 1759 4197 nostra:
1807 4150 2019 4195 natura:

433 4234 609 4289 hostis
646 4236 828 4290 sciens
878 4243 932 4288 et
967 4234 1082 4302 ipse
1109 4248 1174 4287 ex
1210 4234 1277 4287 iis
1301 4248 1425 4303 qua:
1477 4248 1672 4302 passus
1718 4242 1855 4297 erat,
1892 4242 2020 4304 post

435 4326 633 4380 malam
673 4326 945 4380 actionem
981 4325 1253 4380 exsistere
1276 4324 1457 4379 delicti
1490 4307 1931 4394 intelligentiam,
1964 4332 2019 4379 et

433 4418 612 4487 ipsum
660 4430 769 4471 non
822 4431 882 4471 se
926 4417 994 4471 ad
1041 4416 1476 4486 resipiscentiam
1527 4416 1907 4481 convertisse;
1964 4423 2019 4470 et

431 4525 557 4565 cum
596 4510 931 4579 experientia
966 4509 1219 4565 didicerit
1268 4518 1556 4580 peccantes
1586 4518 1711 4579 post
1734 4519 2013 4579 peccatum

2192 3309 2267 3363 Τὸ
2295 3307 2448 3378 γοῦν,
2487 3325 2506 3359 ι
2546 3308 2939 3380 Διηνοίχθησαν
2973 3307 3157 3363 αὐτῶν
3180 3310 3230 3362 οἱ
3260 3308 3556 3380 ὀφθαλμοὶ,
3590 3330 3609 3360 ι
3643 3311 3707 3363 οὗ

2118 3401 2260 3473 πρὸς
2282 3401 2375 3455 τὸν
2409 3400 2723 3471 ἔμπροσθεν
2752 3400 2965 3472 χρόνον,
2996 3400 3121 3455 οὐδὲ
3144 3401 3274 3473 πρὶν
3296 3401 3329 3472 ἢ
3355 3402 3455 3473 τῆς
3480 3392 3708 3473 ἐντολῆς

2117 3496 2315 3559 αὐτοὺς
2344 3496 2601 3548 ἐκπεσεῖν
2624 3493 3032 3566 παραληπτέον·
3055 3493 3177 3548 ὥτε
3194 3495 3300 3565 γὰρ
3321 3496 3711 3567 ἡνεῳγμένουε

2117 3606 2179 3642 τε
2214 3588 2417 3659 μᾶλλον
2446 3583 2616 3658 εἶχον,
2667 3589 2834 3659 μήπω
2857 3588 2953 3642 τοῦ
2978 3588 3156 3659 ὄφεως
3187 3591 3303 3654 τοῖς
3345 3589 3712 3663 ψιθυρισμοῖς

2119 3682 2550 3747 ὑποκλαπέντες,
2583 3682 2680 3735 καὶ
2714 3683 2947 3754 συνορᾷν
2992 3683 3055 3735 τὸ
3084 3683 3359 3753 πρακτέον
3400 3684 3711 3755 ἐγρήγορον

2119 3772 2314 3844 ἔφερον
2342 3773 2440 3845 τὴν
2464 3773 2729 3828 διάνοιαν.
2758 3773 2873 3827 Οὐκ
2907 3768 3002 3828 οὖν
3050 3772 3112 3827 τὸ
3143 3771 3366 3844 βλέπειν
3406 3775 3507 3826 οὐκ
3556 3774 3713 3845 ἕχον-

2119 3884 2230 3934 τες,
2262 3867 2358 3921 ἐπὶ
2382 3868 2483 3938 τῆς
2508 3866 2787 3938 ἁμαρτίας
2821 3864 3086 3921 ἀνέλαϐον
3111 3881 3126 3897 ⁸
3148 3865 3463 3920 τούναντίον
3520 3866 3580 3919 δὲ
3608 3868 3709 3937 τὴν

2121 3957 2397 4030 ἁμαρτίαν
2423 3960 2481 4012 ἐν
2499 3958 2578 4029 τῷ
2595 3959 2855 4031 πράττειν
2878 3956 3301 4028 τυφλώττοντες·
3326 3959 3710 4029 πεπαυμένης,

2119 4049 2219 4120 τὴν
2247 4050 2436 4120 ὅρασιν
2475 4051 2846 4120 ἀνεκτήσαντο
2873 4068 2888 4084 ο
2918 4050 2946 4103 ό
2983 4047 3115 4116 γοῦν
3160 4048 3397 4119 πονηρὸς
3422 4050 3519 4102 καὶ
3547 4050 3714 4119 ἀρχέ-

2122 4159 2294 4206 κακος
2320 4141 2479 4214 ἡμῶν
2509 4144 2608 4212 τῆς
2646 4142 2867 4212 φύσεως
2912 4141 3108 4213 ἐχθρὸς
3130 4139 3288 4206 εἰδὼς
3315 4144 3411 4195 καὶ
3442 4142 3608 4206 αὐτὸς
3651 4143 3711 4210 ἐξ

2120 4229 2197 4289 ὧν
2239 4235 2550 4300 ἐπεπόνθει,
2606 4235 2682 4299 ὡς
2732 4235 2873 4307 μετὰ
2921 4235 3026 4307 τὴν
3064 4232 3159 4287 τοῦ
3208 4232 3382 4288 κακοῦ
3432 4231 3636 4306 πρᾶξιν
3679 4238 3714 4306 η

2123 4327 2473 4399 συναίσθησις
2525 4328 2817 4396 ἐφίσταται
2869 4327 2967 4380 τοῦ
3028 4327 3515 4399 πλημμελήματος
3546 4369 3562 4393 ,
3617 4330 3714 4381 καὶ

2122 4418 2285 4482 αὐτὸς
2317 4420 2417 4473 οὐκ
2461 4420 2781 4491 ἐπεστράφη
2824 4419 2963 4492 πρὸς
2996 4419 3099 4491 τὴν
3125 4419 3396 4490 ἀνάνηψιν
3417 4437 3435 4452 ο
3468 4423 3565 4474 καὶ
3595 4422 3716 4475 πεί-

2127 4528 2197 4584 ρᾳ
2230 4511 2417 4584 μαθὼν
2448 4513 2525 4577 ὡς
2550 4513 2742 4567 ἕπεται
2767 4516 2883 4579 τοῖς
2911 4514 3295 4585 ἁμαρτάνουσι
3327 4513 3387 4566 τὸ
3423 4514 3562 4584 μετά
3611 4515 3715 4584 τὴν

433 4602 588 4673 sequi
612 4603 965 4658 conscientiae
993 4601 1301 4667 stimulum,
1329 4611 1383 4656 et
1410 4601 1680 4655 Adamum
1713 4601 2012 4656 adhortans

2125 4581 2404 4676 ἁμαρτίαν
2424 4604 2649 4677 κέντρον
2674 4606 2773 4676 τῆς
2799 4581 3177 4678 συνειδήσεως,
3201 4607 3295 4660 καὶ
3322 4581 3438 4671 τοῖς
3466 4609 3599 4679 περὶ
3621 4581 3716 4661 τδν

430 4704 493 4748 ιιι
513 4709 610 4764 per
629 4693 1263 4765 legistransgressionem
1284 4703 1468 4763 peccet
1492 4710 1505 4746 :
1531 4711 1549 4744 ι
1576 4690 1694 4758 Qua
1713 4692 1910 4762 inquit,
1927 4692 2017 4748 die

432 4800 502 4840 ex
526 4800 593 4841 eo
621 4786 937 4852 comedetis,
984 4786 1299 4857 aperientur
1324 4785 1489 4840 vestri
1552 4784 1695 4840 oculi
1724 4801 1739 4850 ;
1772 4804 1790 4836 ι
1819 4784 2017 4840 deinde

433 4892 562 4933 cum
585 4878 656 4933 sit
674 4879 742 4931 ab
761 4878 917 4932 initio
940 4878 1067 4931 mali
1088 4877 1437 4932 machinator
1464 4887 1518 4931 et
1541 4875 1813 4931 mendacii
1836 4885 2012 4946 pater,

432 4970 755 5025 commiscet
769 4971 1016 5025 veritatis
1036 4970 1307 5042 ellychnio
1338 4985 1530 5023 omnes
1564 4969 1830 5024 mendacii
1859 4980 2014 5024 tene-

431 5060 582 5124 bras,
612 5073 665 5116 et
715 5062 824 5116 ait:
868 5082 887 5112 ‹
918 5063 1083 5117 Eritis
1123 5063 1268 5118 sicut
1309 5062 1409 5126 dii,
1447 5062 1687 5117 scientes
1727 5063 1931 5117 bonum
1960 5071 2015 5118 et

434 5152 663 5207 malum.
699 5170 717 5203 ι
744 5152 849 5208 Sed
883 5155 1346 5223 quemadmodum
1429 5155 1703 5223 peccando
1757 5154 2011 5224 ~quidem

432 5244 752 5308 cmcutiunt,
807 5247 1263 5317 transgressionis
1301 5262 1511 5312 amore,
1552 5257 1677 5318 post
1726 5258 2015 5318 peccatum

430 5336 849 5408 intelligentiam
890 5350 943 5394 et
974 5341 1405 5409 resipiscentiam
1456 5341 1638 5396 delicti
1671 5351 2014 5412 ret-cperunt.

2138 4697 2312 4767 Ἀδάμ
2340 4697 2609 4768 ἁμαρτεῖν
2636 4697 2725 4752 διὰ
2746 4699 3114 4770 παραϐάσεως
3149 4699 3559 4769 ὑποτιθέμενος,
3593 4720 3613 4752 ι
3633 4695 3715 4773 ¹ᾙ

2123 4788 2169 4842 δ’
2202 4788 2287 4853 ἂν,
2332 4790 2519 4860 φησὶν,
2556 4790 2739 4863 ἡμέρᾳ
2788 4792 3000 4863 φάγητε
3039 4792 3137 4846 ἀπ’
3167 4791 3355 4857 αὑτοῦ,
3397 4792 3716 4862 διανοιχθῆ-

2127 4898 2311 4935 σονται
2329 4881 2483 4951 ὑμῶν
2507 4883 2556 4935 οἱ
2573 4882 2865 4953 ὀφθαλμοῖο
2891 4900 2911 4935 ι
2942 4878 3062 4938 εἶτα
3092 4885 3478 4955 κακομήχανος
3506 4882 3584 4936 ὢν
3616 4884 3715 4937 ἀπ’

2122 4973 2298 5044 ἀρχῆς
2329 4974 2426 5027 καὶ
2464 4974 2696 5044 Ψεύδους
2725 4975 2929 5047 πατὴρν
2966 4976 3436 5047 συγκαταμιγνῠει
3498 4979 3568 5047 τῇ
3611 4977 3719 5045 τῆς

2123 5062 2383 5134 ἀληθείας
2413 5063 2689 5134 θρυαλλίδι
2717 5066 2838 5119 ὅλον
2866 5067 2927 5120 τὸ
2963 5066 3059 5120 τοῦ
3092 5066 3323 5136 ψεύδους
3373 5066 3569 5130 σκότος
3622 5067 3718 5120 καί

2123 5173 2319 5227 φησιν·
2357 5156 2617 5209 ι”Εσεσθε
2635 5158 2711 5222 ὡς
2742 5158 2875 5224 θεοὶ,
2904 5158 3266 5227 γινώσκοντες
3296 5160 3463 5212 καλὸν
3494 5160 3591 5212 καὶ
3620 5177 3720 5213 πο-

2125 5247 2312 5320 νηρόν·
2350 5267 2368 5300 ι
2414 5247 2529 5302 ἀλλ’
2557 5248 2631 5311 ὡς
2672 5251 2728 5303 ἐν
2759 5250 2837 5321 τῷ
2868 5250 3207 5322 ἁμαρτάνειν
3239 5251 3339 5322 μὲν
3370 5250 3718 5319 τυφλώττον-

2124 5358 2236 5406 τες,
2304 5339 2384 5410 τῷ
2439 5339 2537 5410 τῆς
2594 5342 2959 5411 παραϐάσεως
3025 5342 3188 5413 ἔρωτι
3223 5359 3234 5371 ·
3301 5343 3442 5413 μετὰ
3495 5344 3553 5396 δὲ
3613 5345 3717 5414 τὴν

1975 5460 2214 5517 NOTAE.

426 5562 543 5647 εἶχε
570 5570 682 5647 τῶν
702 5572 1023 5647 Ἀθηναίων’
1044 5573 1153 5629 οἷον
1184 5578 1234 5629 οξ
1252 5575 1710 5647 διυροδοκοὺμενοι
1736 5576 2009 5647 ἐσιώπων.

428 5640 535 5697 Bos
562 5644 779 5709 irruvit,
810 5640 965 5700 deiis
1018 5647 1213 5700 dicitur
1236 5640 1571 5717 gni'repente'
1614 5657 1808 5701 tacent.
1848 5640 2013 5702 ἈιἸιε-

2068 5584 2075 5589 ’
2121 5577 2387 5651 niensium
2426 5576 2564 5651 enim
2620 5580 2846 5645 pecunia
2894 5580 3017 5637 bove
3069 5580 3325 5651 insignita
3377 5581 3500 5649 fuit.
3546 5578 3717 5637 Sileni

2122 5657 2296 5700 autem
2328 5646 2478 5700 donis
2508 5650 2761 5717 corrupti.
