3916 6192
223 254 320 319 133

1143 260 1246 320 AD
1278 257 1869 320 AthliIIDCIiIUM
1898 217 2246 331 nmmo
2284 265 2436 339 xn',
2470 267 2596 327 xv.

3406 269 3511 337 134

216 371 499 445 ἁμαρτίαν
534 371 888 444 συναίσθησιν
911 371 1008 427 καὶ
1031 369 1299 443 άνάνηψιν
1315 371 1412 426 τοῦ
1441 372 1810 443 τολμηθέντος

1931 375 2103 441 Quare
2146 387 2327 434 autem
2379 392 2679 451 postquam
2718 379 2891 451 aperti
2937 390 3068 437 sunt
3116 397 3307 440 eorum
3336 390 3506 453 oculi.

218 465 614 536 ἀναλαϐόμενοι
635 482 649 496 ·
682 464 771 518 διὰ
799 463 855 517 τί
883 465 942 518 δὲ
986 465 1126 536 μετὰ
1149 463 1211 518 τὸ
1258 462 1629 535 διανοιχθῆναι
1685 466 1813 529 τοὺς

218 558 536 629 ὀφθαλμοὺς
558 542 760 621 αὐτῶν,
793 557 1013 630 πρῶτον
1053 558 1153 628 τὴν
1191 556 1475 628 γύμνωσιν
1525 557 1635 610 τῶν
1684 575 1813 612 παι-

220 650 456 717 δογὸνων
488 650 696 722 μορίων
725 651 1076 705 αἰσθάνονται
1099 650 1195 703 καὶ
1242 648 1626 719 αἰσχύνονται;
1689 650 1812 704 Ὅτι

218 758 279 794 τε
315 742 647 813 δριμύτερον
710 743 1021 797 ἐπιτίθεται
1051 743 1162 795 τῶν
1183 741 1362 796 ἄλλων
1397 742 1811 813 ἁμαρτημάτων

219 836 443 904 θεσμοῖς
468 836 828 908 σωφροσύνης
857 836 918 889 ού
973 834 1542 908 χαλιναγωγούμενον,
1604 836 1665 887 τὸ
1717 835 1809 889 διὰ

220 926 427 981 τούτων
452 928 667 992 πάθος·
716 930 813 983 καὶ
876 929 961 983 ὅτι
1023 927 1343 999 κινηθείσης
1397 926 1497 995 τῆς
1555 926 1696 980 κατά
1745 928 1818 980 τὰ

219 1019 514 1089 ἀφροδίσια
540 1021 597 1075 ὲν
623 1020 702 1092 τῷ
729 1019 855 1091 ζώῳ
883 1019 1204 1085 διαθέσεως,
1249 1019 1343 1071 καὶ
1395 1018 1463 1070 τὰ
1496 1015 1659 1071 λοιπά
1707 1017 1819 1071 τῶν

221 1112 415 1165 παθῶν
440 1113 880 1183 συναναιρύεσθαι
910 1112 1095 1176 εἴωθε,
1129 1111 1227 1164 καὶ
1247 1110 1380 1163 διότι
1404 1108 1465 1173 ὲξ
1492 1108 1705 1163 ἐκείνου
1723 1109 1818 1164 τοῦ

220 1206 417 1277 χρόνου
448 1208 542 1259 καὶ
564 1207 633 1260 τὰ
661 1207 799 1262 ἄλλα
843 1208 1024 1262 πάντα
1078 1205 1188 1258 τῶν
1247 1200 1666 1274 ἁμαρτημάτων
1715 1202 1821 1256 ὑπὸ

220 1299 409 1369 κρίσιν
436 1301 668 1367 ἄγεται·
694 1300 763 1354 τὰ
794 1300 904 1371 γὰρ
940 1299 1048 1369 πρὸ
1080 1295 1290 1351 ἐκείνου
1321 1294 1398 1357 ὡς
1439 1292 1645 1346 ἐπίπαν
1687 1312 1821 1367 φρε-

220 1391 331 1443 νῶν
358 1391 646 1464 ἀρρωστία
670 1394 767 1445 καὶ
792 1391 1081 1463 νηπιότητι
1111 1390 1139 1442 ὃ
1165 1404 1226 1441 τε
1255 1384 1630 1457 πνευματικὸς
1654 1386 1820 1456 νόμος

220 1483 321 1536 καὶ
349 1486 378 1536 ὁ
398 1483 487 1537 διὰ
516 1487 616 1551 τῆς
652 1485 937 1547 πολιτείας
970 1481 1315 1551 ἀνατίθησιν.

1921 470 2160 540 primum
2206 472 2428 542 quidem
2488 474 2868 543 generantium
2914 476 3154 545 partium
3204 479 3508 536 nuditatem

1917 563 2235 634 intelligunt
2297 573 2353 619 et
2399 566 2778 621 erubescunt?
2823 567 2964 634 Quia
3020 569 3208 625 acrius
3270 571 3510 641 imperat

1920 669 2088 724 quam
2141 665 2362 721 caetera,
2426 656 2531 711 nisi
2588 658 2861 729 cupiditas
2936 661 3219 729 sapientia:
3296 662 3510 734 legibus

1920 750 2245 815 refrenetur,
2272 768 2367 823 per
2395 768 2488 809 eas
2516 763 2699 823 partes
2737 754 3030 825 cupiditas.
3063 756 3131 811 Et
3155 757 3283 827 quia
3310 758 3362 812 in
3399 759 3512 813 ani-

1915 844 2067 905 mali,
2107 854 2386 900 commota
2445 846 2513 901 ad
2548 861 2779 902 venerea
2804 846 3186 919 dispositione,
3219 859 3273 905 et
3301 858 3514 906 caetera:

1917 936 2248 1006 cupiditates
2292 953 2603 994 recrescere
2637 939 2840 1008 solent,
2886 950 2940 996 et
2966 942 3096 1012 quia
3137 957 3204 996 ex
3242 942 3336 997 illo
3375 954 3515 997 tent-

1916 1043 2048 1098 pore
2075 1031 2263 1084 omnia
2310 1029 2419 1085 alia
2450 1040 2671 1101 peccata
2716 1033 2821 1088 sub
2848 1032 3120 1103 judicium
3188 1035 3510 1101 ducantur;

1920 1120 2037 1175 haec
2064 1134 2194 1175 vero
2228 1130 2354 1176 ante
2382 1122 2517 1177 illud
2555 1133 2772 1195 tempus
2812 1126 3080 1180 mentium
3124 1126 3427 1181 infirmitati
3459 1136 3513 1180 et

1922 1212 2189 1279 infantia),
2240 1223 2356 1269 tum
2423 1216 2507 1270 lex
2566 1217 2891 1285 spiritualis,
2944 1229 3062 1275 tum
3119 1220 3205 1275 lex
3244 1235 3368 1291 qua:
3416 1235 3514 1290 per

1920 1306 2049 1361 vita:
2073 1306 2343 1363 rationem
2373 1317 2458 1363 est
2486 1308 2821 1378 imponebat.

760 1664 810 1719 J.
852 1662 1495 1721 HERGENROETHERI
1533 1662 1855 1723 MONITUM
1896 1662 1965 1718 IN
2007 1663 2483 1734 QUA‘ISTIONEM
2529 1661 2975 1731 SEQUENTEM.

296 1821 355 1874 ln
383 1821 805 1891 quatuordecim
864 1820 1060 1890 primis
1102 1819 1507 1890 quaestionibus
1547 1831 1694 1891 ,tres
1747 1819 1989 1880 codices.
2022 1819 2340 1886 Vaticanus,
2381 1821 2756 1878 Coislinianus
2785 1830 2840 1874 et
2900 1818 3283 1888 Taurinensis,

3326 1825 3512 1894 quoad

223 1890 476 1946 ordinem
510 1900 565 1947 et
593 1906 855 1947 numeros
900 1892 1065 1959 plane
1096 1893 1478 1946 consentiunt.
1522 1890 1764 1962 Quaestio
1809 1906 1952 1962 vero,
1971 1906 2210 1962 sequens
2244 1894 2456 1947 decima
2494 1894 2710 1962 quinta,
2763 1907 2887 1959 quae
2923 1893 2977 1944 in
3026 1893 3151 1947 cod.
3187 1893 3309 1948 Vat.
3345 1890 3510 1957 1923,

230 1962 326 2018 fol.
356 1963 522 2017 30-31
561 1973 741 2017 exstat
772 1972 827 2016 et
858 1978 1004 2016 nunc
1033 1962 1209 2031 prima
1243 1962 1357 2031 vice
1386 1977 1493 2015 una
1522 1978 1647 2015 eum
1680 1961 1901 2031 Antonii
1927 1961 2157 2017 Catifori
2186 1961 2378 2017 Latina
2425 1961 2679 2017 versione
2709 1962 3045 2031 publicatur,
3082 1973 3196 2017 tum
3233 1981 3261 2016 a
3315 1964 3514 2020 Coisli-

227 2035 397 2086 niano
437 2044 550 2087 tum
583 2050 610 2087 a
649 2032 976 2087 Taurinensi
1010 2030 1183 2086 abest.
1231 2030 1372 2087 Hinc
1415 2032 1491 2095 fit,
1525 2040 1585 2084 ut
1607 2047 1730 2101 qua:
1760 2033 1815 2086 in
1850 2030 2113 2088 Vaticano
2145 2043 2231 2087 est
2280 2035 2516 2102 quaestio
2546 2030 2758 2088 decima
2792 2042 2970 2102 sexta,
3004 2048 3068 2087 ea
3101 2034 3155 2087 in
3180 2034 3266 2088 his
3298 2037 3515 2090 duobus

227 2104 302 2175 sit
333 2106 545 2158 decima
574 2106 791 2173 quinta,
825 2112 881 2156 et
913 2103 996 2157 sic
1029 2102 1289 2172 deinceps
1320 2117 1497 2171 usque
1519 2103 1585 2156 ad
1622 2099 2081 2173 Septuagesimam
2111 2099 2346 2169 sextam,
2377 2120 2499 2174 qua:
2534 2104 2586 2158 in
2619 2104 2703 2158 his
2728 2099 3252 2174 cst'septuagcsima
3297 2108 3511 2175 quinta,

232 2173 532 2229 Vaticanus
559 2178 726 2230 codex
758 2190 865 2228 uno
900 2189 1119 2241 semper
1149 2188 1380 2227 numero
1403 2176 1675 2242 praecedat
1699 2184 1952 2228 cmteros.

303 2243 475 2300 Porro
505 2261 566 2298 ea
616 2262 779 2314 quam
812 2259 955 2315 nunc
998 2259 1065 2297 ex
1116 2243 1380 2297 Vaticano
1437 2243 1633 2299 damus
1686 2245 1917 2312 quaestio
1959 2245 2170 2300 decima
2218 2247 2409 2315 quinta
2454 2246 2701 2315 ejusdem
2740 2244 3053 2315 argumenti
3094 2253 3178 2299 est
3222 2259 3512 2312 acsexta;

225 2316 411 2371 aﬂinis
447 2304 859 2385 quodammodo
905 2314 991 2369 his
1044 2320 1129 2369 est
1175 2315 1581 2383 septuagesima
1614 2304 1776 2379 nona,
1826 2315 1914 2369 ubi
1957 2316 2024 2371 de
2052 2304 2276 2386 Angelis
2307 2317 2362 2371 in
2411 2304 2709 2371 creationis
2749 2304 2978 2370 historia
3015 2315 3164 2371 haud
3196 2304 3515 2375 memoratis

227 2402 416 2443 SBI‘IDU
436 2399 543 2442 εει.

811 2538 1147 2595 ΕΡΩΤΗΣΙΣ
1174 2539 1274 2595 lE'.

235 2636 299 2690 Τί
356 2635 582 2700 δήποτε
648 2631 906 2699 Μωῦσῆς
955 2634 1024 2685 ἐν
1065 2630 1137 2699 τῇ
1185 2630 1819 2700 κοσμογονίᾳτῆςβα-

302 2708 539 2770 σιλείας
591 2703 711 2757 τῶν
757 2703 1030 2772 οὐρανῶν
1072 2702 1322 2771 μνήμην
1350 2703 1423 2754 οὐ
1476 2702 1814 2772 πεποίηται,

302 2779 497 2830 καίτοι
526 2776 632 2829 τοῦ
668 2771 944 2842 Σωτῆρος
973 2772 1285 2842 λέγονζτος.
1322 2771 1443 2826 ἀπὸ
1468 2771 1814 2842 καταϐολῆς

303 2850 539 2918 κόσμου
563 2848 791 2914 ταύτην
824 2840 1277 2913 ’ἑτοιμασθῆναι
1335 2842 1460 2907 τοῖς
1511 2840 1767 2908 δικαίοις
1791 2860 1812 2907 ;

2481 2541 2810 2610 ΟΙΜΞΞΤΙΟ
2843 2541 2961 2600 XV.

1928 2633 2037 2690 Cur
2071 2634 2244 2690 Moses
2269 2638 2326 2690 in
2356 2639 2696 2707 cosmogom'a
2726 2639 2871 2706 regni
2917 2638 3169 2693 caelorum
3197 2640 3514 2694 mentionem

1994 2721 2098 2759 non
2127 2708 2268 2776 fecit,
2304 2708 2546 2775 quamvis
2577 2706 2827 2762 Salvator
2845 2708 3009 2772 dicat,
3034 2710 3171 2763 illud
3201 2727 3233 2762 a
3266 2721 3519 2765 constitu-

1997 2778 2355 2852 t_i_one_mundi
2380 2788 2631 2852 paratum
2653 2795 2762 2834 esse
2776 2778 2978 2847 justis?
3015 2779 3168 2851 (Gen.
3205 2796 3245 2846 ι,
3283 2782 3307 2835 1
3358 2798 3512 2852 seqq.

1998 2846 2191 2902 Matth.
2228 2864 2355 2915 xxv,
2388 2848 2503 2919 54.)

1298 2955 1441 3006 Nunc
1460 2956 1675 3019 primum
1709 2954 1848 3007 edita
1867 2958 1930 3009 ab
1960 2960 2007 3011 J.
2032 2961 2463 3025 Hergenroelher.

303 3076 375 3134 α’.
411 3075 568 3138 Τινὲς
597 3073 695 3144 μὲν
723 3071 814 3125 οὖν
838 3086 1022 3140 φασιν,
1055 3067 1131 3131 ὡς
1153 3066 1371 3121 ἀτελέσι
1404 3067 1499 3120 καὶ
1530 3064 1824 3137 προσύλοις

229 3172 350 3233 τοῖς
392 3166 665 3228 Ἰουδαίοις
695 3159 816 3217 οὖσι
851 3162 946 3216 καὶ
1012 3158 1150 3230 πρὸς
1203 3157 1273 3211 τὰ
1327 3156 1822 3229 εἰσαγωγικώτερα

229 3262 345 3316 τῶν
378 3258 716 3331 μαθημάτων
731 3254 933 3327 μᾶλλον
960 3249 1239 3303 νενευκόσι
1258 3249 1354 3304 καὶ
1379 3249 1440 3303 τὸ
1458 3245 1620 3321 ἦττον
1638 3248 1823 3320 ἔχουσι

229 3356 266 3425 ἦ
294 3354 387 3409 διὰ
420 3352 529 3405 τῶν
561 3351 765 3422 νοερῶν
794 3346 1092 3418 ὀφθαλμῶν
1117 3346 1231 3409 τοῖς
1263 3340 1405 3415 ὑπὲρ
1424 3342 1682 3412 αἴσθησιν
1705 3344 1826 3396 ἐπι-

229 3445 476 3507 6άλλειν,
515 3442 604 3495 διὰ
638 3439 795 3494 τοῦτο
817 3438 914 3509 τὴν
949 3437 1078 3508 περί
1109 3436 1209 3506 τῆς
1252 3433 1534 3505 βασιλείας
1560 3432 1669 3485 τῶν
1728 3432 1822 3485 οὺ-

235 3532 421 3604 ρανῶν
492 3529 784 3599 εἰσήγησιν
814 3527 842 3579 ὁ
874 3527 1120 3596 Μωῦσῆς
1176 3524 1359 3586 αὐτοῖς
1408 3522 1820 3591 ἀπεσιώπησεν,

230 3627 325 3680 ἵνα
357 3624 433 3696 μὴ
462 3624 671 3692 προστῇ
702 3620 883 3683 αὐτοῖς
918 3618 1244 3689 ἀρχομένοις
1277 3616 1569 3687 μανθάνειν
1629 3615 1721 3669 τοῦ
1761 3632 1822 3668 τε

230 3718 445 3787 κόσμου
497 3716 596 3785 τὴν
626 3712 845 3781 γένεσιν
878 3709 971 3764 καὶ
1000 3709 1111 3763 τῶν
1140 3711 1199 3761 ὲν
1227 3707 1378 3777 αὐτῷ
1419 3706 1710 3779 θειοτέρων
1762 3724 1822 3761 τε

229 3812 331 3865 καὶ
361 3808 501 3881 ὑπὲρ
530 3805 729 3867 αὐτοὺς
763 3804 799 3875 ἡ
856 3801 1176 3873 παράδοσις,
1217 3799 1512 3855 κάντεῦθεν
1564 3799 1704 3871 πρὸς
1723 3798 1823 3871 τὴν

236 3903 343 3955 τῶν
370 3898 575 3953 λοιπῶν
601 3896 867 3970 ἀκρόασιν
891 3892 1178 3948 διατεθῶσι
1200 3934 1215 3960 ,
1272 3891 1643 3965 ῥᾳθυμότερον
1667 3908 1683 3923 ο
1743 3890 1825 3944 δεῖ

1988 3072 2040 3125 1.
2082 3070 2282 3127 Dicunt
2344 3071 2558 3142 aliqui,
2602 3069 2805 3127 Judatis
2862 3070 3202 3142 imperfectis
3246 3071 3426 3127 adhuc
3463 3081 3519 3127 et

1913 3164 2155 3220 materia:
2204 3164 2437 3220 addictis
2481 3165 2771 3235 potiusque
2824 3167 2894 3220 ad
2943 3164 3163 3220 rudiora
3204 3165 3517 3235 disciplina-

1914 3272 2036 3311 rum
2072 3257 2227 3312 initia
2274 3259 2564 3328 propensis
2614 3273 2717 3314 nec
2763 3258 2897 3313 satis
2938 3257 3139 3313 virium
3186 3258 3520 3314 habentibus

1914 3349 1980 3403 ad
2011 3363 2074 3403 ea
2102 3364 2195 3419 per
2225 3349 2424 3404 mentis
2452 3348 2642 3403 oculos
2680 3348 2965 3412 intuenda,
3011 3364 3135 3418 quae
3184 3364 3352 3419 supra
3385 3364 3518 3403 seu-

1916 3458 2035 3497 Sum
2068 3452 2384 3513 assurgunt,
2433 3442 2636 3496 idcirco
2675 3441 2980 3497 doctrinam
3019 3442 3083 3497 de
3132 3457 3300 3511 regno
3341 3443 3521 3497 ccelo-

1930 3550 2050 3588 rum
2084 3549 2113 3587 a
2164 3532 2313 3589 Mose
2344 3549 2451 3588 non
2481 3532 2653 3588 fuisse
2691 3532 3019 3603 expositam.
3052 3548 3119 3586 ne
3157 3533 3287 3601 ipsis
3327 3534 3516 3586 mundi

1929 3639 2227 3694 rerumque
2251 3625 2307 3678 in
2331 3638 2396 3678 eo
2415 3623 2748 3678 exstantium
2778 3631 2961 3676 ortum
2996 3622 3210 3677 discere
3251 3622 3519 3690 incipien-

1931 3718 2077 3772 tibus
2104 3733 2168 3770 ea
2200 3716 2445 3771 obstaret
2474 3714 2696 3770 traditio
2743 3713 3078 3784 segniusque
3133 3713 3259 3768 inde
3306 3713 3516 3783 reliqua

1930 3810 2332 3874 auscultarent;
2363 3807 2612 3863 doctrina
2653 3808 2801 3862 enim
2846 3807 3057 3863 viribus
3093 3806 3257 3861 etiam
3297 3805 3516 3860 audito-

1930 3914 2051 3952 rum
2118 3898 2390 3953 metienda
2444 3908 2550 3954 est.
2612 3895 2757 3964 Quid
2806 3906 3017 3963 autem,
3070 3898 3348 3967 inquiunt,
3406 3896 3516 3953 illis

230 4001 345 4067 γὰρ
379 3995 578 4065 μέτρον
602 3993 702 4063 τῆς
735 3986 1085 4050 διδασκαλίας
1118 3987 1217 4041 καὶ
1248 3987 1347 4059 τὴν
1371 3986 1482 4041 τῶν
1531 3986 1820 4059 ἀκροατῶν

1931 3993 2142 4047 obstare
2168 4000 2380 4060 poterat
2412 3990 2559 4046 clara
2584 3989 2654 4046 de
2684 4004 2852 4061 regno
2884 3989 3152 4044 caelorum
3190 3988 3518 4044 instructio?

232 4088 393 4158 ἰσχὺν
445 4084 735 4139 ποιεῖσθαι.
801 4080 963 4135 Ἀλλὰ
1012 4080 1123 4150 γὰρ
1173 4079 1262 4143 τί,
1327 4079 1514 4149 φασὶν,
1572 4077 1825 4148 ἐμποδῶν

230 4180 423 4241 αὐτοῖς
453 4173 523 4250 ἦν
550 4178 585 4248 ὴ
620 4177 750 4247 περὶ
780 4175 880 4245 τῆς
909 4173 1018 4228 τῶν
1049 4173 1296 4246 οὐρανῶν
1350 4172 1631 4243 βασιλείας
1692 4190 1827 4227 κατ-

229 4275 435 4345 ήχησις
456 4288 472 4338 ;
505 4271 572 4323 δι’
604 4270 722 4323 ἴσου
748 4268 858 4339 γὰρ
890 4268 1028 4338 πρὸς
1056 4284 1116 4320 τε
1144 4265 1244 4338 τὴν
1272 4266 1476 4335 γνῶσιν
1504 4265 1604 4337 τῆς
1626 4281 1829 4335 κοσμο-

229 4367 454 4435 γενείας
517 4362 615 4415 καὶ
639 4361 775 4432 πρὸς
809 4358 1116 4429 κατάληψιν
1140 4358 1240 4429 τῆς
1265 4358 1377 4411 τῶν
1424 4357 1671 4430 οὐρανῶν
1723 4355 1824 4428 βα-

231 4455 469 4517 σιλείας,
516 4454 621 4505 κᾶν
650 4450 719 4503 τὰ
745 4451 845 4517 μὲν
879 4449 985 4502 ὑπὸ
1028 4449 1125 4520 τὴν
1154 4448 1406 4519 αἴσθησιν
1436 4446 1635 4518 πίπτῃ,
1662 4446 1729 4500 τὰ
1768 4446 1826 4500 δὲ

229 4548 474 4619 κρείττω
538 4544 847 4614 καθέστηκε
905 4542 1004 4613 τῆς
1037 4540 1369 4611 αἰσθήσεως,
1435 4540 1498 4593 τὸ
1556 4539 1827 4610 Ἐϐραίων

230 4644 392 4711 γένος
422 4638 797 4711 ἀφεστηκότες
830 4638 1130 4708 ἐτύγχανον
1158 4654 1173 4668 ο
1193 4637 1302 4691 ἔδει
1330 4637 1386 4691 δὲ
1416 4642 1526 4708 ἄρα
1538 4637 1636 4692 καὶ
1658 4654 1828 4709 προσ-

231 4737 397 4796 ὑλους
444 4734 603 4795 ὄντας
643 4735 736 4785 καὶ
764 4731 892 4801 περ)⁴
920 4729 989 4782 τὰ
1039 4730 1201 4800 γήϊνα
1234 4729 1633 4799 στρεφομένους
1692 4747 1825 4799 μετ-

230 4826 466 4895 αρσίους
498 4822 699 4893 μᾶλλον
729 4824 824 4875 καὶ
855 4820 1096 4890 ὑψηλοὺς
1127 4823 1195 4892 τῇ
1229 4819 1337 4873 τῶν
1359 4820 1539 4873 ἁΰλων
1566 4819 1664 4874 καὶ
1687 4820 1828 4891 ὑπὲρ

229 4920 335 4989 τὴν
373 4917 629 4985 αἴσθησιν
653 4914 964 4985 ἐπαγγελίᾳ
1002 4914 1096 4968 καὶ
1131 4913 1455 4983 διδασκαλίᾳ
1511 4914 1827 4984 ἀπεργάζε-

233 5010 369 5064 σθαι
402 5024 414 5037 ’
446 5006 771 5062 διδασκάλου
798 5005 907 5076 γάρ
931 5006 1031 5076 τὴν
1071 5005 1269 5075 τέχνην
1336 5004 1621 5074 ἀμείνονος
1656 5022 1828 5058 κατα-

238 5101 513 5173 μιγνύντα
542 5102 655 5161 τοῖς
688 5098 1012 5167 συντρόφοις
1043 5097 1136 5150 καὶ
1174 5097 1244 5150 τὰ
1278 5096 1420 5167 ὑπὲρ
1444 5093 1697 5166 αἴσθησιν
1725 5114 1828 5150 κα-

230 5200 303 5251 τὰ
352 5196 550 5268 μικρὸν
581 5194 783 5259 ἐθίζειν
816 5195 953 5265 πρὸς
983 5194 1082 5263 τὴν
1108 5192 1218 5245 τῶν
1249 5191 1541 5263 θειοτέρων
1591 5191 1825 5245 σπουδά-

231 5291 353 5354 ζειν
406 5288 689 5341 ἐπίϐασιν.
741 5285 833 5339 Διὸ
876 5286 969 5338 καὶ
999 5286 1175 5338 εἰπεῖν
1207 5283 1521 5356 ἐθάρρησαν
1551 5284 1601 5336 οἰ
1650 5283 1829 5337 τοιοῦ-

1928 4083 2109 4155 {Eque
2138 4083 2283 4139 enim
2311 4099 2435 4139 cum
2466 4099 2499 4138 a
2537 4082 2725 4138 mundi
2752 4082 2964 4153 origine
2994 4081 3362 4151 agnoscenda,
3398 4090 3515 4136 tum

1927 4189 2152 4247 aregno
2194 4175 2468 4230 caelorum
2516 4172 3059 4246 comprehendendo,
3113 4171 3335 4228 tametsi
3383 4171 3517 4226 illud

1927 4267 2145 4336 quidem
2177 4267 2280 4322 sub
2314 4280 2538 4323 sensum
2574 4267 2757 4329 cadat,
2793 4265 2899 4322 hoc
2926 4260 3318 4323 vero‘sensum
3352 4282 3518 4338 supe-

1927 4366 2028 4422 ret,
2054 4356 2364 4413 Judaeorum
2401 4374 2535 4430 gens
2571 4367 2691 4415 erat
2729 4359 2943 4414 dissita.
2981 4356 3280 4428 Oportebat
3332 4366 3515 4411 autem

1926 4449 2073 4514 illos,
2117 4466 2243 4505 cum
2296 4451 2540 4505 materiae
2590 4451 2791 4507 addicti
2838 4460 2893 4506 et
2935 4453 3002 4506 ad
3048 4459 3266 4507 terrena
3323 4452 3516 4506 intenti

1926 4552 2136 4610 essent,
2185 4544 2459 4599 sublevari
2514 4544 2697 4614 potius
2738 4553 2904 4615 atque
2945 4545 3000 4598 in
3054 4543 3290 4599 sublime
3329 4542 3517 4598 extolli

1928 4653 2112 4693 rerum
2158 4637 2604 4693 immaterialium
2654 4645 2709 4693 et
2751 4637 3120 4707 spiritualium
3154 4635 3519 4704 explicatione

1930 4747 1993 4786 ac
2035 4731 2320 4797 doctrina;
2354 4740 2442 4786 est
2462 4731 2609 4785 enim
2640 4728 2886 4799 magistri
2917 4738 3036 4782 arte
3064 4728 3400 4797 praestantis,
3422 4742 3514 4782 re-

1931 4825 2033 4878 bus
2073 4822 2437 4878 familiaribus
2482 4837 2547 4877 ea
2606 4836 2727 4891 quae
2759 4836 2983 4875 sensum
3025 4819 3295 4875 excedunt
3338 4817 3518 4874 admi-

1932 4918 2133 4972 scendo
2158 4916 2439 4970 auditores
2457 4912 2869 4978 consuefacere,
2896 4924 2954 4966 ut
2985 4911 3247 4981 paulatim
3284 4912 3349 4966 ad
3375 4912 3520 4965 divi-

1932 5010 2086 5062 niora
2120 5006 2485 5060 conscendere
2529 5004 2869 5059 adnitantur.
2929 5003 3301 5070 Quamobrem
3353 5004 3520 5058 etiam

1931 5114 2179 5155 asserere
2218 5096 2306 5153 isti
2338 5107 2466 5152 sunt
2500 5097 2644 5161 ausi,
2680 5095 2882 5150 Mosem
2912 5096 3139 5166 figurate
3165 5110 3229 5148 ac
3259 5109 3357 5164 per
3388 5093 3521 5148 aeui-

1932 5207 2055 5263 gnta
2090 5207 2314 5262 regnum
2344 5190 2606 5245 caalorum
2644 5189 2936 5243 indicasse.
2989 5186 3227 5241 Ubinam
3270 5186 3418 5240 hoc?
3462 5185 3519 5239 In

1934 5283 2052 5352 ipso
2097 5281 2345 5342 exordio,
2405 5280 2682 5349 inquiunt,
2735 5279 2829 5333 ubi
2878 5278 3058 5331 dicit:
3094 5276 3202 5329 «In
3252 5276 3523 5345 principio

230 5399 344 5445 τοι,
377 5382 453 5444 ὡς
482 5378 731 5440 τυπικῶς
788 5378 885 5431 καὶ
937 5377 1003 5429 δι’
1066 5374 1387 5447 αἰνίγματος
1432 5375 1525 5429 καί⁸
1585 5375 1822 5444 Μωῦσῆς

1934 5372 2142 5429 ereavit
2178 5371 2318 5425 Deus
2361 5371 2559 5424 malum
2588 5380 2641 5424 et
2673 5379 2896 5422 terram.
2939 5388 2956 5420 ι
2995 5367 3118 5422 Mox
3161 5368 3305 5421 enim
3362 5367 3523 5435 Opiﬁ-

230 5474 335 5545 τὴν
365 5474 475 5526 τῶν
516 5471 763 5541 οὐρανῶν
795 5469 1073 5540 βασιλείαν
1114 5470 1467 5539 εἰσηγήσατο.
1502 5466 1611 5521 Ποῦ
1640 5466 1830 5532 coite;

247 5566 340 5619 Ἐν
371 5565 523 5635 αύτῴ
569 5563 647 5634 τῷ
695 5562 988 5635 προοιμίῳ,
1019 5561 1174 5631 φασὶ,
1230 5560 1426 5629 λέγων·
1471 5578 1489 5610 ι
1542 5560 1630 5613 Ἕν
1687 5562 1829 5631 ἀρχῇ

235 5658 500 5729 ἐποίησεν
529 5660 558 5710 ὁ
585 5657 716 5720 Θεὸς
746 5656 840 5708 τὸν
861 5655 1091 5725 οὐρανὸν
1124 5654 1214 5707 καὶ
1245 5651 1342 5724 τὴν
1372 5654 1495 5723 γῆν.
1534 5670 1550 5703 t
1601 5651 1830 5720 Ἐφεξῆς

240 5752 343 5821 μὲν
377 5753 489 5823 γὰρ
517 5751 617 5819 τὴν
656 5750 985 5819 ὑπουράνιον
1016 5747 1113 5800 καὶ
1143 5744 1439 5815 ὲγκόσμιον
1463 5743 1826 5815 δημιουργίαν

1940 5465 2085 5517 ciunt
2113 5462 2347 5530 explicat
2377 5462 2523 5530 quod
2563 5460 2666 5514 sub
2715 5459 2852 5514 coelo
2881 5468 2936 5512 et
2978 5460 3029 5511 in
3068 5458 3201 5512 orbe
3251 5468 3522 5512 terrarum

1939 5565 2157 5621 exstat;
2205 5556 2309 5609 sub
2342 5554 2463 5609 coeli
2517 5562 2699 5608 autem
2757 5551 2978 5622 nomine
3012 5561 3139 5604 ante
3182 5549 3287 5603 alia
3336 5548 3522 5602 omnia

1937 5651 2205 5706 collocato
2232 5658 2432 5703 statum
2466 5663 2647 5701 rerum
2677 5646 2815 5698 ultra
2840 5645 2917 5713 (et
2941 5645 3087 5713 ante)
3119 5642 3523 5697 firmamentum

1936 5753 1986 5795 ct
2024 5756 2187 5810 supra
2216 5739 2480 5793 mundum
2521 5736 2826 5806 positarum
2874 5734 3263 5789 subindicavit.
3314 5735 3380 5785 At
3420 5732 3523 5786 hoc
