3916 6192
409 248 511 312 1Ίὸ

1556 234 1822 297 ΡΗΟΤΙΙ
1862 231 2366 297 ΡΑΤΒΙΑΠΟΗᾸΞ
2412 238 2521 298 CP.

3569 238 3675 305 13%}

407 379 514 415 non
569 362 639 414 ita
691 358 849 415 facile
888 357 1089 414 veritas
1124 353 1457 427 probaverit.
1497 362 1610 407 tum
1659 353 1788 423 quia
1823 351 1984 405 nimis

2090 351 2459 405 ἀναπτύσσει⁸
2500 353 2592 405 τὸν
2630 354 2859 424 οὐρανὸν
2886 354 2944 408 δὲ
2976 355 3252 427 προτάξας
3298 356 3400 427 τὴν
3422 356 3529 427 πρὸ
3574 358 3675 410 τοῦ

405 465 711 509 contortum
744 467 847 518 est,
885 464 997 508 tum
1030 454 1157 524 quia
1195 452 1426 507 dicendo
1470 450 1733 505 cmlorum
1759 446 1990 501 creatio-

405 562 529 601 nem
559 546 626 600 de
651 546 862 602 caelesti
903 562 1069 617 regno
1095 544 1315 600 Judteos
1340 543 1475 599 nihil
1497 542 1682 599 minus
1709 539 1985 594 illumina-

404 639 504 703 vit,
538 654 703 710 quam
736 640 782 695 si
814 640 1043 695 omnino
1084 639 1461 702 conticuisset,
1506 647 1622 692 tum
1654 634 1783 706 quia
1814 632 1986 688 multa

405 731 534 786 item
568 732 675 786 alia
711 732 840 788 huic
868 730 1112 802 opinioni
1138 731 1518 786 adversantur.

2096 441 2476 513 στερεώματος
2501 443 2595 497 καὶ
2627 444 2767 515 ὐπέρ
2812 447 3036 516 κόσμιον
3074 448 3407 501 κατάστασιν
3438 448 3524 502 διὰ
3568 448 3675 516 τῆς

2091 534 2285 588 τούτου
2314 537 2588 607 ποιήσεως
2620 538 2987 609 ὑπεδήλωσεν.
3030 540 3192 593 Ἀλλὰ
3231 541 3389 594 τοῦτο
3444 543 3542 611 μὲν
3571 543 3677 595 οὐκ

2089 624 2156 679 ἂν
2173 626 2370 697 ῥᾳδίως
2382 628 2689 699 ἀγαπήσῃή
2718 629 2965 700 ἀλήθεια,
2985 632 3067 683 ὅτι
3079 649 3137 684 τε
3162 633 3282 685 λίαν
3297 633 3674 695 ἐκόεὸίασται,

2089 717 2183 772 καὶ
2206 718 2287 771 ὅτι
2328 716 2496 770 εἰπὼν
2514 718 2992 791 οὐρανῶνοποίησιν
3019 724 3148 793 περὶ
3173 725 3272 793 τῆς
3296 724 3406 776 τῶν
3427 725 3676 796 οὐρανῶν

409 824 688 895 βασιλείας
753 825 881 887 τοὺς
927 822 1220 886 Ἰουδαίους
1245 821 1398 875 οὐδὲν
1433 817 1596 894 ἦττον
1630 816 1911 889 ὠφέλησεν
1937 813 1973 885 ἦ
2008 813 2056 865 ει
2078 808 2358 873 παντελῶς
2377 808 2734 882 ἀπεσιώπησε
2762 827 2777 843 ·
2804 815 2897 866 καὶ
2924 813 3094 885 πολλὴ
3137 814 3270 886 άλλη
3301 815 3439 887 πρὸς
3467 817 3676 887 ταύτην

405 919 508 989 τὴν
551 915 823 987 ὑπόληψιν
893 913 1307 983 ὑπεναντίωσις.

473 1016 527 1071 2.
570 1015 673 1069 Alii
698 1029 829 1068 vero
861 1014 913 1067 in
946 1011 1183 1083 paradisi
1208 1010 1556 1073 enarratione
1594 1008 1783 1063 dicunt
1816 1005 1983 1059 etiam

406 1126 635 1180 regnum
686 1108 952 1163 cmlorum
997 1105 1236 1166 includi;
1272 1119 1400 1175 pars
1447 1103 1591 1157 enim
1658 1108 1984 1155 aeternorum

405 1204 675 1258 bonorum
715 1208 769 1253 et
808 1196 1161 1252 beatitudinis
1222 1194 1496 1265 perceptio
1544 1192 1825 1262 paradisus
1867 1198 1983 1253 est;

407 1294 528 1349 ideo
557 1301 612 1345 et
640 1290 835 1344 latroni
871 1287 1159 1358 flagitanti,
1194 1295 1253 1339 ut
1291 1285 1344 1339 in
1384 1300 1548 1355 regno
1590 1282 1679 1337 Dei
1723 1280 1985 1345 memoria

407 1386 491 1439 sui
540 1383 855 1445 haberetur,
908 1378 1199 1451 paradisus
1250 1376 1573 1431 incolendus
1633 1373 1890 1429 tribuitur
1945 1371 1984 1424 ¹.

410 1478 609 1531 Verum
645 1473 973 1535 cavendum,
1008 1486 1075 1527 ne
1122 1471 1229 1525 hoc
1279 1470 1450 1525 multo
1479 1468 1620 1523 infra
1669 1467 1987 1536 dignitatem

406 1568 556 1639 regni
585 1567 850 1622 cmlorum
879 1564 970 1619 sit.
1003 1563 1323 1617 Plantarum
1354 1562 1499 1617 enim
1533 1560 1695 1614 ﬂores
1725 1567 1779 1612 et
1810 1572 1984 1611 venue

409 1670 598 1722 statcs,
632 1658 893 1727 ﬂuviique
925 1671 990 1711 ac
1007 1656 1199 1710 latices
1220 1654 1399 1709 locum
1438 1651 1591 1705 illum
1620 1650 1986 1705 circumluen-

406 1762 514 1813 tes,
567 1750 955 1818 fructuumque
992 1746 1348 1817 pulchrorum
1414 1743 1653 1799 varietas
1699 1752 1752 1797 et
1808 1741 1988 1795 herbae

410 1842 737 1897 suavitatem
780 1839 1055 1909 spirantes
1094 1852 1160 1891 ac
1193 1837 1448 1907 gratiam,
1495 1843 1551 1890 et
1592 1833 1777 1888 modis
1803 1832 1987 1888 omni-

411 1930 513 1985 bus
537 1940 691 1983 terrae
716 1928 883 1982 facies
921 1936 1182 1982 exornata
1205 1941 1270 1981 ac
1300 1926 1578 1990 decorata,
1611 1932 1665 1978 et
1694 1925 1834 1978 aeris
1860 1931 1990 1976 tem-

410 2023 588 2091 peries
615 2036 749 2090 pura
774 2027 936 2090 atque
960 2017 1231 2088 pellucida
1262 2017 1576 2087 primosque
1606 2017 1739 2071 solis
1798 2014 1987 2070 radios

410 2114 736 2184 suscipiens,
768 2126 950 2166 nonne
971 2111 1085 2165 haec
1114 2119 1279 2164 totam
1310 2109 1585 2179 regionem
1613 2108 1758 2163 illam
1786 2110 1988 2177 jucun—

409 2210 576 2261 ditate
596 2221 660 2261 ac
676 2205 952 2273 voluptate
991 2203 1247 2258 sensibus
1276 2201 1678 2271 permulcendis
1728 2211 1849 2270 apta
1877 2215 1989 2270 prae

410 2301 517 2353 alio
556 2312 885 2369 quocunque
948 2295 1071 2350 loco
1132 2294 1637 2363 praestantissimam
1700 2292 1986 2348 efficiunt?

416 2391 805 2446 Verumtamen
851 2388 1003 2459 regni
1052 2387 1311 2442 ctelorum
1356 2388 1497 2443 bona
1531 2386 1799 2441 immenso
1839 2385 1985 2439 illam

408 2490 739 2551 exsuperant
775 2478 1081 2534 intervallo.
1118 2497 1137 2531 ι
1184 2477 1370 2550 Neque
1419 2478 1564 2533 enim
1610 2477 1802 2533 oculos
1832 2477 1984 2541 vidit,

410 2589 587 2642 neque
619 2572 772 2627 auris
799 2570 1028 2637 audivit,
1058 2584 1235 2640 neque
1273 2571 1329 2625 in
1366 2586 1461 2626 cor
1496 2570 1732 2625 hominis
1760 2569 1989 2623 descen-

409 2668 508 2727 dit,
536 2680 657 2735 quae
685 2663 1008 2734 praeparavit
1037 2664 1177 2717 Deus
1198 2663 1544 2734 diligentibus
1564 2665 1679 2718 se'.
1713 2680 1734 2713 ι
1758 2660 1988 2716 Ριιεευιό

410 2760 503 2811 ιίιιι
538 2771 660 2810 cum
697 2756 905 2810 Adamo
929 2754 1213 2825 paradisus
1246 2772 1351 2809 non
1386 2764 1505 2810 erat
1557 2766 1817 2824 tanquam
1852 2769 1988 2824 pra:-

410 2848 578 2902 mium
618 2847 977 2902 certaminum
1005 2854 1058 2901 et
1080 2846 1326 2902 laborum
1350 2848 1681 2920 assignatus,
1705 2847 1798 2902 sed
1826 2845 1984 2916 quasi

408 2943 657 3004 italaestra
684 2940 863 3007 potius
893 2954 955 2991 ac
977 2940 1215 2994 stadium
1252 2940 1497 3006 virtutis;
1536 2940 1753 3010 prtemia
1783 2955 1910 2994 vero
1934 2948 1989 2993 et

406 3048 623 3087 coronae
672 3030 932 3102 majorem
978 3032 1182 3101 ubique
1220 3042 1277 3086 et
1318 3031 1697 3101 perfer-liorem
1751 3031 1986 3087 afferunt

2164 999 2229 1069 β’.
2270 996 2453 1053 ’Δλλοι
2481 995 2539 1051 δέ
2574 996 2632 1050 ἐν
2652 997 2718 1067 τῇ
2752 994 2883 1066 περὶ
2908 996 3240 1066 παραδείσου
3267 997 3515 1068 διηγήσει
3570 1018 3676 1069 φα..

2094 1091 2148 1144 oi
2192 1089 2288 1144 καὶ
2325 1088 2418 1161 τὴν
2459 1088 2570 1142 τῶν
2595 1087 2843 1159 οὐρανῶν
2870 1086 3149 1157 βασιλείαν
3211 1089 3625 1158 συνεισάγεσθαι
3654 1106 3672 1121 ο

2094 1180 2262 1254 μέρος
2288 1182 2397 1251 γὰρ
2425 1180 2534 1234 τῶν
2558 1180 2793 1234 αἰωνίων
2844 1179 3066 1248 ἀγαθῶν
3125 1180 3220 1235 καὶ
3267 1185 3675 1253 μακαριότητος

2090 1274 2391 1338 ἀπόλαυσις
2420 1274 2450 1328 ό
2476 1274 2802 1345 παράδεισος
2825 1291 2839 1305 ο
2876 1273 2956 1327 διὸ
2995 1277 3090 1328 καὶ
3126 1274 3205 1347 τῷ
3236 1275 3407 1349 λῃστῇ
3439 1278 3675 1344 αἰτησα-

2098 1365 2249 1437 μένῳ
2280 1365 2339 1421 ἐν
2362 1366 2426 1437 τῇ
2460 1364 2706 1436 βασιλείᾳ
2734 1364 2828 1419 τοῦ
2856 1365 2993 1419 Θεοῦ
3031 1368 3255 1438 μνήμης
3283 1371 3488 1438 τυχεῖν,
3518 1369 3553 1439 ή
3575 1368 3673 1422 τοῦ

2092 1456 2420 1528 παραδείσου
2448 1457 3046 1529 διατριϐὴάποδίδοται.
3093 1458 3253 1512 Ἀλλὰ
3283 1462 3493 1530 μήποτε
3512 1459 3676 1513 τοῦτο

2091 1553 2191 1622 τῆς
2212 1554 2319 1605 τῶν
2374 1553 2622 1623 οὐρανῶν
2647 1552 2925 1623 βασιλείας
2974 1552 3109 1606 πολὺ
3160 1553 3225 1606 ἂν
3287 1555 3673 1623 ταπεινότερον

2090 1644 2177 1717 ετη
2202 1660 2219 1675 ο
2271 1645 2453 1714 φυτῶν
2483 1645 2583 1715 μὲν
2620 1644 2730 1717 γὰρ
2754 1645 2886 1713 ἄνθη
2914 1645 3009 1700 καὶ
3040 1644 3234 1712 κάλλη,
3286 1644 3523 1713 ποταμοὶ
3575 1645 3675 1695 καὶ

2089 1738 2306 1807 νάματα
2352 1737 2411 1790 τὸ
2432 1736 2630 1808 χωρίον
2663 1737 3044 1809 περιρῤέοντα,
3082 1736 3312 1806 καρπῶν
3358 1753 3418 1789 τε
3451 1735 3675 1806 ὡραίων

2088 1830 2332 1884 ποικιλία
2381 1832 2476 1883 καὶ
2517 1829 2755 1899 βοτανῶν
2798 1830 2991 1899 φύσεις
3038 1829 3135 1902 ήδύ
3198 1847 3259 1882 τε
3304 1830 3402 1882 καὶ
3444 1830 3674 1899 ἐπίχαρι

2088 1923 2368 1987 πνέουσαι,
2400 1924 2496 1976 καὶ
2526 1922 2615 1975 διὰ
2652 1923 2867 1993 πάντων
2899 1923 2961 1974 τὸ
2987 1922 3274 1993 πρόσωπον
3301 1922 3399 1993 τῆς
3444 1924 3548 1992 γῆς
3578 1939 3677 1975 κο·-

2090 2015 2397 2086 σμούμενόν
2425 2032 2485 2068 τε
2523 2014 2619 2069 καὶ
2643 2014 3031 2086 ὼραῖζόμενον,
3051 2015 3145 2068 καὶ
3175 2015 3335 2085 ἀέρος
3372 2016 3569 2086 κρᾶσις
3590 2016 3674 2078 είς

2087 2108 2441 2181 καθαρότητα
2505 2108 2600 2162 καὶ
2660 2107 2938 2176 διαύγειαν
2989 2106 3358 2178 ἀνηπλωμένη
3419 2108 3516 2160 καὶ
3568 2108 3675 2171 τὰς

2090 2202 2315 2274 πρώτας
2343 2203 2567 2265 ἀκτῖνας
2600 2201 2966 2273 ὑποδεχομένη
3006 2200 3100 2254 τοῦ
3146 2201 3320 2270 ἡλίου,
3375 2201 3493 2264 πῶς
3547 2201 3674 2270 οὐχὶ

2087 2297 2147 2348 τὸ
2180 2294 2377 2367 χωρίον
2408 2294 2528 2347 ὅλον
2578 2293 2905 2349 ἀποτελοῦσι
2937 2294 3303 2364 τερπνότητός
3334 2309 3389 2346 τε
3422 2294 3517 2346 καὶ
3548 2293 3676 2364 ἡδο-

2087 2388 2204 2456 νῆς,
2235 2387 2336 2457 ὅση
2364 2386 2616 2457 γοητεύει
2644 2385 2743 2448 τὰς
2775 2385 3076 2457 αἰσθήσεις,
3108 2385 3330 2438 πάντων
3362 2385 3553 2455 φέρειν
3606 2384 3675 2438 τὸ

2087 2478 2428 2549 ἀκρότατον;
2464 2477 2613 2550 Πλὴν
2642 2477 2780 2532 ἀλλά
2806 2494 2871 2546 γε
2896 2478 2995 2549 τῆς
3038 2477 3318 2548 βασιλείας
3368 2476 3440 2530 τά
3487 2476 3674 2546 ἀγαθά

2088 2569 2301 2641 ἀπείρῳ
2365 2569 2549 2640 μέτρῳ
2600 2569 3058 2641 ὐπερανέστηκεν.
3102 2588 3121 2622 ι
3157 2570 3288 2623 Οὐδὲ
3318 2569 3426 2639 γὰρ
3467 2568 3675 2638 ὀφθαλ-

2094 2663 2193 2733 μὸς
2226 2660 2385 2726 εἶδεν,
2418 2660 2542 2716 οὔτε
2571 2657 2662 2725 οῦς
2688 2663 2940 2734 ἤκουσεν,
2970 2661 3093 2715 οὔτε
3150 2662 3243 2715 ἐπὶ
3281 2662 3510 2734 καρδίαν
3570 2664 3673 2715 ἀν-

2089 2753 2309 2825 θρώπου
2340 2754 2529 2825 ἀνέϐη,
2560 2753 2596 2809 δι
2632 2754 2928 2825 ἡτοίμασεν
2977 2754 3007 2807 ό
3049 2754 3182 2818 Θεὸς
3213 2756 3325 2818 τοῖς
3380 2754 3674 2823 ἀγαπῶσιν

2088 2848 2272 2901 αὐτόν.
2313 2865 2331 2899 ι
2366 2846 2573 2911 ’Δλλως
2619 2864 2679 2900 τε
2728 2847 2785 2901 δὲ
2818 2848 2913 2901 καὶ
2953 2828 3035 2900 δτι
3076 2845 3156 2917 τῷ
3199 2847 3370 2918 Ἀδὰμ
3417 2849 3446 2900 ὁ
3482 2847 3672 2918 παρά-

2088 2944 2263 3007 δεισος
2301 2942 2361 2996 οὐ
2394 2941 2666 3013 βραϐείων
2705 2941 2798 2994 καὶ
2842 2940 3092 2995 ἐπάθλων
3118 2940 3286 3011 γέρας
3317 2942 3671 3011 ἐγνωρίζετο,

2088 3036 2388 3106 γυμνάσιον
2414 3034 2472 3089 δὲ
2504 3034 2705 3105 μᾶλλον
2728 3035 2789 3086 τδ
2818 3033 3018 3104 χωρίον
3049 3033 3344 3104 προῦκειτο
3390 3035 3487 3087 καὶ
3536 3036 3672 3088 στά-

406 3124 794 3179 oblectationis
822 3139 1006 3189 usum,
1037 3133 1091 3178 et
1109 3122 1347 3178 stadium
1376 3138 1539 3177 nemo
1568 3123 1748 3179 adhuc
1779 3125 1984 3194 praemii

2090 3128 2201 3182 διον
2231 3130 2431 3199 ἀρετῆς
2450 3144 2464 3158 ·
2499 3128 2566 3181 τὰ
2593 3127 2649 3181 δὲ
2684 3127 2891 3181 ἔπαθλα
2916 3128 3011 3182 καὶ
3057 3128 3107 3180 οἱ
3144 3127 3395 3197 στέφανοι
3425 3128 3672 3199 δηλονότι

408 3220 584 3271 locum
625 3216 875 3271 obtinere
910 3215 1138 3270 audivit.
1182 3214 1511 3269 Conceditur
1552 3226 1735 3271 autem
1789 3217 1984 3272 latroni

2090 3220 2261 3291 μείζω
2291 3220 2386 3273 καὶ
2415 3219 2753 3292 τελειοτέραν
2779 3222 2876 3291 τήν
2912 3219 3214 3275 ἀπόλαυσιν
3266 3220 3518 3291 φέρουσι,
3574 3221 3671 3273 καὶ

407 3308 698 3379 paradisus
729 3308 879 3361 velut
909 3308 1074 3360 arrha
1109 3307 1357 3376 quaedam
1382 3316 1435 3361 et
1471 3308 1782 3363 futurorum
1818 3310 1984 3365 bono«

2090 3313 2304 3368 στάδιον
2338 3314 2514 3372 οὐδεὶς
2545 3313 2759 3367 οὐδέπω
2786 3312 3058 3385 βραϐείων
3085 3315 3178 3368 καὶ
3208 3315 3462 3368 ἐπάθλων
3504 3314 3670 3383 φύσιν

407 3417 526 3454 rum
567 3398 925 3469 prommium;
967 3412 1090 3451 cum
1133 3398 1276 3451 enim
1326 3406 1459 3452 tunc
1508 3400 1782 3454 communi
1826 3410 1984 3455 aeter-

2090 3404 2367 3474 μετελθεῖν
2395 3403 2504 3457 οὐδ’
2534 3404 2702 3476 ἀκοὴν
2724 3398 2851 3476 εὗρε
2879 3404 3218 3459 διδάσκαλον.
3254 3405 3551 3473 Είσάγεται
3606 3405 3667 3457 δὲ

404 3509 604 3549 norum
634 3493 898 3548 bonorum
947 3489 1290 3545 retributioni
1343 3491 1583 3544 nondum
1636 3501 1780 3547 esset
1807 3492 1981 3556 locus,

2090 3480 2223 3567 πρὸς
2251 3495 2344 3549 τὸν
2375 3496 2703 3567 παράδεισον
2736 3499 2765 3550 ὁ
2797 3495 3001 3570 λῃστὴς
3028 3491 3139 3551 οἷον
3173 3498 3490 3568 ἀρῤαὸῶνός
3519 3516 3671 3563 τινος

405 3602 514 3640 non
545 3594 920 3654 eratmquum,
950 3591 1005 3635 ut
1030 3582 1145 3650 ipse
1167 3582 1320 3636 solus
1358 3596 1425 3636 ex
1470 3583 1747 3647 omnibus,
1782 3585 1875 3654 qui
1917 3584 1984 3638 ab

2090 3589 2176 3641 καὶ
2199 3588 2486 3660 προοιμίου
2503 3590 2611 3642 τῶν
2639 3589 2938 3659 μελλόντων
2960 3589 3176 3657 ἀγαθῶν
3188 3588 3505 3659 ἀξιούμενος
3525 3591 3666 3660 (32)*

404 3677 559 3729 initio
588 3676 741 3728 chari
773 3672 1019 3743 gratique
1054 3669 1161 3725 Deo
1190 3670 1424 3738 fuerant,
1451 3673 1517 3725 ad
1539 3671 1701 3727 finem
1729 3686 1984 3730 extremae

2090 3682 2269 3751 ὲπείγε
2298 3682 2400 3752 τῆς
2429 3681 2617 3752 κοινῆς
2646 3682 3053 3747 άνταποδόσεως
3079 3681 3188 3734 τῶν
3239 3683 3476 3735 αἰωνίων
3521 3685 3668 3752 ἀγα-

404 3766 760 3820 beatitudinis
796 3774 1106 3835 perveniret
1140 3774 1195 3819 et
1231 3766 1350 3821 sine
1374 3767 1676 3824 innumeris
1701 3768 1810 3824 illis
1855 3785 1983 3824 san-

2090 3774 2191 3827 θῶν
2217 3777 2382 3845 μήπω
2410 3775 2533 3826 τότε
2564 3773 2755 3843 καιρὸν
2783 3772 3038 3844 ἐχούσης,
3069 3773 3352 3838 οὒδάὐτὸς
3373 3770 3440 3845 ἦν
3457 3774 3673 3839 δίκαιος

402 3867 612 3911 ctorum
642 3857 884 3913 coetibus
913 3869 1411 3927 consummaretur,
1442 3869 1501 3913 ut
1524 3868 1578 3915 et
1600 3861 1759 3916 divus
1776 3860 1979 3918 Paulus

2090 3868 2241 3939 μόνος
2271 3868 2335 3920 ἐκ
2364 3866 2580 3920 πάντων
2627 3866 2735 3919 τῶν
2785 3867 2879 3920 ἀπ’
2932 3866 3127 3929 αἰῶνος
3176 3867 3670 3939 εὐαρεστησάντων

403 3957 759 4010 protestatur.

2090 3959 2194 4031 9εῷ
2222 3959 2357 4030 πρὸς
2376 3958 2602 4021 τὸτέλος
2628 3958 2833 4029 φθάσαι
2862 3959 2961 4028 τῆς
2991 3959 3226 4030 ἐσχάτης
3267 3963 3672 4032 μακαριότητος

401 4044 495 4095 καὶ
518 4044 686 4113 χωρὶς
714 4043 823 4097 τῶν
847 4043 1059 4115 μυρίων
1088 4043 1313 4099 ἐκείνων
1344 4046 1520 4117 χορῶν
1546 4047 1653 4101 τῶν
1680 4048 1848 4118 ἁγίων
1870 4052 2239 4127 τελειωθῆναι,
2258 4055 2333 4120 ὥς
2353 4074 2454 4110 που
2480 4054 2575 4109 καὶ
2601 4055 2629 4106 ὁ
2654 4053 2938 4118 θεσπέσιος
2969 4054 3179 4118 Παῦλος
3207 4055 3671 4129 διαμαρτύρεται.⁸

465 4137 518 4190 3.
557 4134 764 4190 Horum
808 4136 978 4207 igitur
1006 4154 1128 4208 qua:
1172 4139 1412 4193 diximus
1454 4141 1633 4209 aliqua
1682 4159 1789 4197 non
1822 4146 1978 4214 pauci

2163 4155 2234 4219 γ’.
2268 4150 2390 4201 Τῶν
2419 4148 2597 4202 τοίνυν
2631 4146 2937 4219 εἰρημένων
2969 4146 3086 4200 ἔνια
3111 4151 3211 4202 οὐκ
3239 4150 3407 4219 ὀλίγοι
3441 4153 3544 4222 μὲν
3560 4152 3672 4205 τῶν

403 4238 527 4279 ante
552 4243 648 4280 nos
681 4238 739 4281 ut
769 4243 967 4283 causas
990 4229 1320 4294 retulerunt,
1347 4245 1444 4283 cur
1467 4233 1613 4287 nulla
1639 4234 1789 4303 regni
1817 4239 1984 4291 uelo-

2093 4242 2201 4314 πρὸ
2226 4244 2258 4313 ή
2269 4241 2385 4312 μῶν
2415 4241 2490 4306 ὡς
2527 4241 2706 4306 αἰτίας
2732 4240 2826 4296 τοῦ
2862 4242 2936 4313 μὴ
2965 4243 3149 4314 τυχεῖν
3185 4244 3406 4313 μνήμης
3426 4245 3528 4314 τὴν
3558 4245 3674 4298 τῶν

406 4335 523 4370 rum
570 4322 773 4372 mentio
811 4319 955 4374 facta
1003 4319 1168 4375 fuerit
1205 4322 1296 4375 ubi
1344 4321 1519 4377 Moses
1568 4326 1752 4379 mundi
1798 4338 1979 4384 ortum

401 4419 455 4461 et
476 4410 920 4465 constitutionem
940 4410 1135 4466 litteris
1152 4414 1455 4480 mandavit;
1487 4430 1591 4470 non
1621 4418 1774 4487 pauci
1803 4428 1982 4475 tamen

405 4502 456 4553 in
495 4501 723 4554 dubium
757 4517 820 4555 ea
853 4514 1201 4559 revocarunt.
1235 4504 1497 4575 Eﬂ'ugcrit
1522 4519 1704 4563 autem
1752 4511 1983 4569 fortasse

402 4591 599 4661 aliquis
630 4608 793 4648 ansas
830 4594 951 4649 illas
972 4595 1222 4660 dicendo,
1256 4607 1542 4667 propterea
1590 4600 1797 4657 Mosem
1830 4606 1982 4674 regni

401 4684 666 4735 cmlorum
702 4699 811 4737 non
838 4685 1174 4751 meminisse,
1206 4687 1335 4756 quia
1369 4687 1654 4757 Scriptura
1677 4701 1731 4744 et
1752 4692 1837 4746 lex
1868 4710 1899 4747 a
1924 4712 1983 4749 se

401 4788 511 4826 non
552 4782 766 4842 poterat
808 4775 1071 4829 caelorum
1125 4791 1355 4847 regnum
1412 4777 1618 4848 largiri.
1663 4778 1803 4846 Quid
1835 4784 1982 4838 enim

401 4879 522 4918 mea
580 4864 825 4927 interest,
855 4866 1118 4921 caelorum
1172 4883 1403 4938 regnum
1457 4868 1763 4938 addiscere,
1812 4874 1857 4927 si
1889 4874 1981 4927 illo

399 4973 497 5026 per
530 4957 665 5026 legis
700 4959 1011 5013 institutum
1039 4961 1204 5028 potiri
1248 4962 1501 5031 nequeo?
1526 4964 1847 5022 Communis
1877 4982 1980 5021 au-

400 5058 508 5102 tem
535 5047 798 5104 Dominus
827 5059 880 5104 et
914 5050 1182 5118 Salvator,
1223 5055 1483 5121 quoniam
1530 5056 1637 5110 tale
1666 5057 1825 5113 nobis
1867 5068 1980 5114 tra-

398 5142 537 5195 didit
568 5144 900 5212 institutum,
934 5159 994 5199 se
1033 5146 1210 5214 ipsum
1243 5150 1297 5201 in
1320 5149 1628 5219 exemplum
1673 5167 1980 5222 proponens

400 5234 654 5305 (habetur
687 5236 829 5290 enim
857 5237 910 5291 in
945 5236 1245 5308 Scripturis
1278 5258 1291 5294 :
1321 5259 1339 5292 ι
1382 5240 1486 5297 Ubi
1517 5245 1683 5314 coepit
1715 5246 1896 5303 facere
1926 5256 1980 5303 et

469 5348 488 5379 ¹
542 5345 678 5420 Luc,
720 5365 878 5418 χχιιι,
927 5351 1018 5420 42,
1068 5352 1159 5408 43.
1236 5356 1257 5385 ³
1298 5354 1315 5408 l
1365 5356 1494 5411 Cor.
1541 5372 1601 5423 ιι,
1662 5357 1716 5413 9.

2080 4334 2327 4407 οὐρανῶν
2361 4332 2662 4404 βασιλείαν,
2689 4336 2748 4388 ἐν
2777 4330 2822 4403 ᾧ
2879 4330 3121 4406 Μωῦσῆς
3177 4334 3277 4407 τὴν
3314 4335 3409 4389 τοῦ
3458 4336 3673 4408 κόσμου

2082 4425 2391 4497 καταδολὴν
2423 4424 2479 4493 ἔγ
2491 4425 2682 4495 ραψεν,
2705 4424 3133 4491 ἀποδεδώκασιν,
3156 4427 3257 4480 οὐκ
3284 4427 3454 4496 ὀλίγοι
3486 4428 3545 4481 δὲ
3575 4430 3675 4483 καὶ

2081 4518 2160 4579 είς
2179 4516 2595 4591 ἀμφισϐήτησιν
2643 4518 3052 4587 περιείλκυσαν.
3095 4520 3254 4581 Ἴσως
3286 4520 3332 4573 δ’
3356 4521 3421 4575 ἀν
3448 4538 3535 4585 τις
3592 4524 3669 4575 elo

2082 4604 2201 4659 πὼν
2229 4606 2459 4675 ἐκφύγοι
2492 4607 2593 4670 τὰς
2622 4608 3034 4680 προειρημένας
3071 4608 3263 4673 λαϐὰς.
3300 4611 3376 4674 ὠς
3430 4612 3671 4684 ἐπείπερ

2082 4696 2116 4765 ή
2140 4695 2232 4749 τοῦ
2258 4696 2542 4762 Μωῦσέως
2567 4699 2858 4770 συγγραφὴ
2882 4700 2977 4752 καὶ
3019 4700 3309 4770 νομοθεσία
3339 4703 3437 4772 οὐχ
3484 4705 3578 4756 οἵα
3609 4721 3671 4757 τε

2085 4781 2154 4855 ἦν
2181 4783 2460 4855 βασιλείαν
2493 4788 2741 4859 οὐρανῶν
2796 4788 3139 4859 χαρίζεσθαι,
3193 4791 3279 4844 διὰ
3335 4792 3498 4845 τοῦτο
3543 4796 3671 4847 οὐδὲ

2084 4876 2290 4948 ταύτης
2346 4881 2426 4942 εἰς
2453 4880 2673 4952 μνήμην
2701 4881 2949 4950 ἀφίκετο.
2982 4882 3047 4935 Τί
3062 4883 3172 4955 γάρ
3200 4902 3268 4955 με
3292 4884 3373 4938 δεῖ
3386 4886 3673 4956 βασιλείαν

2084 4969 2332 5041 οὐρανῶν
2371 4971 2561 5041 μαθεῖν
2593 4973 2660 5044 ἢν
2685 4975 2750 5026 ἐκ
2782 4973 2882 5045 τῆς
2914 4975 3059 5029 κατὰ
3077 4976 3241 5047 νόμον
3264 4977 3542 5042 πολιτείας
3563 4982 3672 5035 οὐκ

2083 5062 2197 5117 ἔστι
2227 5081 2318 5134 μοι
2347 5064 2535 5120 λαϐεῖν
2568 5084 2582 5131 ;
2627 5066 2686 5119 '0
2719 5068 2777 5121 δὲ
2803 5069 2978 5133 κοινὸς
3017 5072 3291 5144 Δεσπότης
3321 5074 3415 5125 καὶ
3446 5075 3668 5146 Σωτὴρ,

2083 5156 2203 5207 ἐπεὶ
2228 5156 2485 5228 τοιαύτην
2536 5159 2667 5228 ἡμῖν
2713 5162 3085 5232 κατεστήσατο
3135 5162 3435 5230 πολιτείαν,
3466 5166 3670 5220 ἑαυτὸν

2088 5249 2438 5320 παράδειγμα
2468 5251 2711 5322 προθείς
2753 5272 2770 5304 ι
2800 5245 2899 5306 Ὧν
2926 5256 3034 5325 γὰρ
3061 5256 3453 5327 ἦρξατο,φησὶ,
3488 5261 3672 5313 ποιεῖν

1920 5475 2156 5535 NOTAE.

470 5579 1169 5676 lia-iiwfirzecorum_
1196 5588 1510 5676 opinionem
1588 5591 1825 5651 innuunt
1892 5595 1961 5651 de
2003 5597 2265 5658 dilatione
2306 5601 2677 5676 beatitudinis,

394 5663 613 5720 peracto
640 5654 990 5722 perfruantur
1022 5654 1305 5714 beatorum
1339 5662 1552 5715 auium.

2732 5622 2837 5679 qua
2893 5608 3111 5667 nonnisi
3157 5619 3402 5670 extremo
3455 5610 3674 5684 judicio
