3916 6192
264 322 366 389 131

1230 329 1329 389 AD
1356 329 1951 391 AMPHILOCHIUM
1973 325 2322 402 QUrESTIO
2360 327 2515 389 XVI.

3426 322 3529 388 138

257 452 321 488 τε
351 440 447 489 καὶ
464 435 760 505 διδάσκειν,
794 457 814 491 ι
852 438 921 493 δι’
951 433 1020 512 ἦς
1052 440 1168 495 ἔστι
1198 443 1299 513 τῆς
1326 443 1435 497 τῶν
1462 445 1713 517 οὐρανῶν
1743 444 1841 516 βα-

1962 443 2137 497 locere
2155 442 2197 507 ³,
2227 442 2275 512 ι)
2307 457 2404 513 per
2431 441 2579 512 quod
2616 439 2975 513 (institutum)
3005 451 3090 495 est
3122 439 3177 494 in
3220 441 3373 511 regni
3415 456 3531 496 cae-

262 527 470 591 σιλείας
498 530 591 582 τὸν
621 530 824 601 κλῆρον
865 531 1142 599 ὑπελθεῖν,
1174 535 1402 599 εἰκότως
1450 537 1531 599 εἰς
1585 534 1846 605 τοιαύτην

261 620 412 687 ἡμᾶς
459 620 827 690 ἐπαναγαγὼν
866 620 1143 678 πολιτείαν
1200 626 1295 679 καὶ
1346 628 1476 698 περὶ
1526 628 1697 698 αὑτῆς
1745 626 1847 696 τῆς

262 709 372 762 τῶν
409 710 655 781 οὐρανῶν
685 712 965 782 βασιλείας
994 719 1341 789 σαφεστάτην
1371 720 1463 772 καὶ
1515 720 1846 774 ἁδίστακτον

263 799 363 870 τὴν
388 800 740 858 διδασκαλίαν
766 805 865 859 καὶ
892 806 994 878 τὴν
1056 809 1353 881 ὑπόσχεσιν
1413 810 1725 881 ἐχαρίσατο.
1780 812 1844 866 Εἰ

260 894 321 946 δέ
360 912 443 959 τις
469 898 607 967 πρὸς
636 898 897 968 ἀμείνονα
920 900 1154 974 θεωρίαν
1181 903 1276 957 τοῦ
1329 904 1696 975 προκειμένου
1752 901 1846 974 ζη-

262 988 329 1051 τή
339 1004 507 1057 ματος
534 988 744 1054 ἀναϐάς
774 992 979 1064 ταύτην
1010 984 1299 1061 ἐκδιδάξει,
1331 995 1393 1047 τὸ
1420 994 1672 1050 εὐκταῖον
1693 989 1849 1060 οὗτος

265 1078 334 1131 ἂν
364 1080 490 1150 ἐμοὶ
518 1080 777 1151 πράττων
802 1083 889 1154 εἴη
920 1084 1015 1138 καὶ
1038 1087 1425 1158 χαριέστατον.

790 1196 1127 1251 sparum
1175 1202 1293 1268 ις’.

263 1283 368 1338 Διὰ
404 1284 465 1339 τί
510 1286 771 1357 ἀόρατον
822 1288 940 1360 τὴν
985 1289 1107 1360 γῆν
1149 1294 1183 1345 ὀ
1211 1292 1436 1363 Μωσῆς
1483 1294 1843 1364 ὠνόμασεν;

1946 536 2097 591 lestis
2154 535 2524 590 haereditatem
2557 533 2762 603 ingredi
2800 549 2815 585 :
2858 532 3053 587 merito
3081 532 3245 587 etiam
3290 532 3357 586 de
3414 530 3532 600 ipso

1946 630 2211 686 caelorum
2272 644 2463 697 regno,
2490 643 2617 683 cum
2660 626 2713 681 in
2755 626 2861 681 tale
2917 642 3018 681 nos
3050 625 3362 680 institutum
3409 639 3537 692 pro-

1946 723 2208 786 vexisset,
2236 720 2601 776 clarissimam
2633 727 2688 774 et
2716 718 2995 773 indubiam
3031 716 3339 771 doctrinam
3367 724 3534 783 atque

1946 814 2367 885 promissionem
2400 812 2627 883 largitus
2665 822 2766 866 est.
2800 809 2959 877 Quod
2997 809 3045 862 si
3087 809 3210 877 quis
3250 807 3533 860 meliorem

1948 906 2240 977 prepositae
2266 904 2587 975 quaestionis
2616 900 3027 972 intelligentiam
3092 906 3379 954 assecutus
3412 911 3536 951 eam

1950 997 2317 1069 proposuerit,
2368 998 2417 1054 is
2466 1012 2583 1052 rem
2636 995 2771 1051 mibi
2822 1009 2990 1065 quam
3034 991 3401 1061 gratissimam
3457 989 3537 1045 fe-

1951 1091 2108 1146 cerit.

2166 1198 2497 1268 QUESTIO
2527 1198 2667 1255 XVI.
2702 1197 2891 1270 [CoisL
2927 1197 3148 1251 Taurin.
3180 1193 3325 1266 XV.]

2062 1289 2174 1346 Cur
2207 1289 2523 1345 inuisibilem
2555 1298 2752 1343 terram
2803 1287 3016 1358 Moyses
3050 1286 3378 1355 nuncupavit
3408 1285 3434 1338 ?

1158 1411 1352 1464 Editaa
1385 1410 1531 1472 Maio,
1576 1414 1706 1463 Nov.
1735 1406 1862 1461 Coll.
1899 1411 1939 1457 t.
1966 1405 2053 1466 IX,
2080 1404 2245 1456 15-16.
2269 1406 2328 1455 In
2362 1404 2485 1455 Gen.
2511 1418 2549 1464 1,
2577 1404 2625 1451 2.

347 1488 605 1559 ’Λόρατον
625 1492 726 1563 τὴν
754 1495 858 1565 γῆν
885 1494 1090 1567 ἔφησεν
1109 1500 1377 1571 ὁΜωσῆς,
1402 1498 1526 1553 ἐπεὶ
1537 1499 1708 1569 τὸτῆς
1724 1496 1855 1562 θέας

262 1577 473 1636 δίκαιον
513 1584 612 1653 τῆς
636 1585 747 1639 τῶν
773 1587 984 1642 ὑδάτων
1008 1590 1350 1663 πλημμύρας
1378 1609 1510 1663 κεχυ
1521 1592 1694 1664 μένης
1744 1593 1843 1647 αὖ·

2032 1492 2367 1549 Invisibilem
2434 1501 2639 1547 terram
2678 1489 2857 1546 Moses
2889 1490 3049 1554 dixit,
3076 1487 3298 1559 quando
3322 1494 3537 1557 specta-

1953 1583 2064 1639 culi
2117 1582 2532 1655 perfectionem,
2578 1596 2850 1653 aquarum
2907 1580 3272 1635 inundatione
3324 1580 3379 1632 in
3415 1593 3537 1633 eam

263 1671 332 1741 τῇ
367 1668 519 1725 οὔπω
549 1668 696 1745 εἶχεν
731 1677 1082 1734 ἀπολαϐοῦσα
1114 1697 1129 1711 ·
1161 1681 1279 1735 ἀλλ’
1308 1677 1378 1754 ἦν
1407 1684 1440 1753 ή
1477 1683 1633 1753 ἰσχὺς
1665 1682 1846 1736 καὶτὸ

1962 1675 2167 1743 diffusa,
2187 1675 2433 1731 nondum
2464 1684 2789 1745 acceperat;
2822 1673 2917 1730 sed
2943 1680 3061 1728 erat
3081 1672 3163 1728 vis
3210 1680 3267 1727 ct
3295 1671 3539 1742 potentia

263 1764 466 1831 κράτος
506 1766 606 1835 τῆς
647 1767 909 1835 ἀϐύσσου,
964 1771 1122 1825 τοῦτο
1181 1773 1281 1844 μὲν
1318 1773 1416 1843 τὴν
1457 1772 1698 1843 ἔμφυτον
1749 1774 1851 1846 τῆς

263 1854 373 1922 γῆς
406 1855 677 1928 ξηρότητα
702 1863 1175 1934 περινοτιζούσης,
1206 1864 1364 1919 τοῦτο
1384 1866 1442 1919 δὲ
1470 1865 1563 1919 τὸν
1597 1866 1729 1920 ἴδιον
1760 1867 1852 1920 κό-

266 1958 406 2010 σμον
434 1945 726 2001 ἀπολαϐεῖν
754 1952 855 2005 οὑκ
884 1952 1156 2023 ἐώσης,ὃς
1188 1954 1251 2026 δὴ
1275 1954 1459 2024 φυτῶν
1486 1950 1556 2027 ἦν
1589 1955 1722 2028 γένη
1754 1956 1851 2011 καὶ

266 2034 509 2102 βοτανῶν
537 2040 633 2092 καὶ
659 2040 690 2111 ἡ
717 2041 850 2113 άλλη
883 2044 993 2097 τῶν
1023 2045 1229 2099 ἀνθέων
1257 2046 1351 2099 καὶ
1378 2050 1607 2118 καρπῶν
1653 2048 1853 2119 ὡραιό-

262 2143 368 2196 της
407 2143 420 2156 ’
445 2128 525 2181 ἔτι
554 2130 609 2184 δὲ
629 2132 859 2202 ἀόρατος
889 2130 1007 2208 ἦνή
1038 2139 1109 2208 γῆ
1139 2140 1221 2192 ὅτι
1253 2140 1419 2210 μήπω
1446 2143 1629 2213 παρῆν
1657 2142 1685 2194 ὁ
1720 2139 1853 2195 ταύ-

262 2232 374 2288 την
415 2219 552 2292 όρᾷν
582 2222 871 2295 ἄνθρωπος
919 2227 1102 2281 λαϐὼν
1130 2228 1275 2299 ὄψιν.
1314 2229 1427 2283 Καὶ
1480 2230 1709 2300 προσέτι
1761 2230 1852 2283 ἀό-

268 2329 433 2380 ρατος
454 2315 653 2382 λέγοιτ’
673 2316 740 2369 ἂν
763 2319 879 2371 είκό
891 2337 1010 2385 τως,
1037 2320 1119 2374 ὅτι
1158 2320 1256 2375 τοῦ
1286 2322 1468 2391 φωτὸς
1503 2321 1657 2376 οὑπω
1687 2338 1852 2391 γενη-

267 2403 453 2469 θέντος
475 2406 543 2460 δι’
573 2401 634 2460 οῦ
660 2410 722 2462 τὸ
748 2411 942 2481 ὁρατὸν
970 2415 1036 2484 τῇ
1066 2413 1186 2483 ὄψει
1214 2414 1719 2485 καταλαμϐάνεται,
1743 2414 1853 2468 οὐδ’

265 2497 408 2568 αὑτὴ
435 2497 533 2570 τὴν
562 2500 758 2572 αῑγλην
784 2496 899 2573 εἶχε
925 2498 1073 2577 δι’ἧς
1096 2505 1163 2558 ἂν
1190 2505 1605 2577 ὑπηρετεῖτοτῴ
1619 2506 1850 2577 ὄμματι*

266 2588 415 2642 ὥστε
445 2591 493 2642 εί
524 2593 616 2644 καὶ
640 2594 753 2657 τοῖς
782 2593 1004 2659 οἰκείοις
1035 2594 1257 2660 κόλποις
1283 2598 1316 2668 ἡ
1342 2595 1579 2661 ἄϐυσσος
1604 2613 1855 2667 καταμε-

271 2680 519 2749 ρισθεῖσα
552 2683 951 2751 συνεστέλλετο,
982 2686 1076 2739 καὶ
1109 2690 1221 2750 τοῖς
1260 2689 1449 2756 φυτοῖς
1481 2687 1577 2742 καὶ
1606 2686 1684 2759 τῷ
1711 2688 1856 2759 ἄλλῳ

269 2772 464 2844 κόσμῳ
493 2775 527 2846 η
560 2774 633 2844 γῆ
665 2776 1026 2848 ἐκεκόσμητο,
1062 2779 1156 2831 καὶ
1184 2778 1212 2830 ό
1286 2777 1497 2850 μέλλων
1559 2778 1692 2849 όρᾷν
1766 2779 1859 2848 ἐφ-

267 2865 498 2935 εστήκει
545 2864 857 2938 ἄνθρωπος,
889 2868 1046 2923 οὔπω
1073 2868 1132 2923 δέ
1162 2870 1260 2923 τοῦ
1296 2870 1476 2938 φωτὸς
1500 2871 1534 2941 ή
1574 2869 1737 2940 φύσις
1770 2869 1857 2935 ἐξ·

268 2957 541 3029 ἐλαμπεν,
557 2959 667 3013 οὐδ’
695 2959 869 3025 οὕτως
893 2961 958 3015 ἂν
988 2961 1360 3034 ἐχρημάτιζεν
1381 2962 1552 3034 ὁρατή
1578 2978 1594 2993 ο
1624 2958 1781 3034 δῆλον
1800 2962 1857 3017 δὲ

269 3049 362 3149 ὡς.
378 3050 521 3103 κατὰ
551 3050 642 3103 τὸν
660 3051 773 3105 ῐσον
789 3050 991 3122 τρόπον
1008 3053 1118 3105 οὐδ’
1132 3053 1293 3117 αὑτὸς
1320 3053 1430 3123 ἀὴρ
1446 3053 1505 3117 ὃς
1525 3053 1624 3125 τὴν
1661 3055 1855 3108 ἀκτῖνα
1883 3087 1930 3149 c

266 3138 366 3192 τοῦ
432 3141 610 3209 φωτὸς
648 3142 939 3214 δεχόμενος
992 3143 1092 3215 τὴν
1145 3144 1242 3197 τοῦ
1300 3144 1540 3216 ὁρῶντος
1571 3144 1856 3217 ἐνέργειαν

266 3231 351 3300 τῷ
376 3232 638 3303 ὁρωμένῳ
670 3234 936 3288 συνάπτει
976 3234 1140 3305 μέσος
1171 3235 1456 3307 γινόμενος
1484 3252 1499 3267 ·
1540 3236 1651 3290 ούδ“
1694 3236 1859 3302 αὐτὸς

267 3323 366 3377 οὖν
397 3324 519 3379 οὑδὲ
549 3326 611 3379 τὸ
642 3326 789 3397 ὕδωρ
818 3326 914 3382 τοῦ
943 3327 1121 3398 φωτὸς
1158 3329 1219 3381 οὑ
1259 3329 1519 3393 λαϐόντος
1555 3329 1859 3385 ὑπόστασιν

268 3418 373 3468 οὑκ
411 3418 478 3469 ἂν
510 3417 808 3488 ἐτύγχανεν
835 3421 1032 3490 ὁρατός
1054 3437 1069 3451 ο
1096 3420 1274 3474 καίτοι
1332 3437 1395 3491 γε
1429 3424 1570 3493 μήτε
1600 3422 1691 3493 ὑφ’
1739 3423 1860 3477 ἐτέ-

274 3527 387 3581 ρων
414 3511 917 3582 ἐπιπροσθούμενος
944 3511 1133 3587 ῶσπερ
1180 3514 1289 3567 οὐδ’
1338 3517 1371 3587 ἡ
1425 3515 1682 3582 ἄϐυσσος,
1724 3517 1860 3589 μηδὲ

272 3602 481 3666 κόσμου
511 3602 654 3665 τινὸς
685 3602 899 3658 οἴκοθεν
915 3603 1413 3674 ἀποστερούμενος.
1444 3605 1545 3659 Διὰ
1572 3605 1732 3660 τοῦτο
1752 3607 1862 3678 ἄρα

271 3695 371 3746 καὶ
401 3696 606 3767 Μωσῆς
629 3695 723 3749 τὸν
751 3696 890 3767 ἀέρα
936 3696 1095 3761 εἰδὼς
1144 3696 1222 3767 τῷ
1255 3696 1409 3751 ὕδατι
1465 3699 1861 3770 ἑποχούμενον,

269 3789 336 3839 τὸ
359 3788 544 3841 ἐπάνω
564 3787 663 3859 τῆς
712 3788 953 3842 ἀϐύσσου
1015 3788 1209 3853 σκότος
1263 3788 1557 3860 ὠνόμασε·
1600 3792 1695 3863 τῆς
1752 3792 1862 3864 γὰρ

272 3880 621 3952 ᾳωτιζούσης
646 3883 824 3953 αὐγῆς
852 3884 940 3937 διά
956 3882 1058 3953 τῆς
1087 3884 1273 3954 ἀερίου
1296 3885 1512 3955 φύσεως
1539 3887 1602 3940 οὑ
1630 3886 1864 3942 διϊκνου-

277 3974 458 4044 μὲνης
490 3974 664 4045 (οὔπω
695 3977 801 4047 γὰρ
823 3977 946 4030 οὑδὲ
977 3977 1037 4029 τὸ
1068 3976 1319 4048 πηγάζον
1348 3978 1558 4051 ταύτην
1601 3976 1715 4051 εἶχε
1761 3982 1863 4053 τὴν

274 4066 533 4136 ὓπαρξιν,
568 4066 691 4120 οὔτε
724 4067 887 4121 αὑτὸν
920 4067 1116 4140 ὁρατὸν
1150 4066 1290 4123 εἶναι
1343 4070 1434 4124 τὸν
1487 4071 1646 4143 ἀέρα,
1682 4071 1864 4143 πολλῷ

272 4159 337 4210 δὲ
369 4159 571 4228 μᾶλλον
610 4159 729 4212 οὑδέ
753 4164 854 4231 τὴν
887 4160 1146 4226 ἄϐυσσον,
1178 4165 1264 4232 ἐφ’
1289 4157 1357 4235 ἦς
1383 4166 1559 4233 ἐχεῖτο
1588 4164 1650 4217 τὸ
1680 4167 1866 4236 ἀέριον

276 4247 521 4320 πνεῦμα,
549 4249 847 4319 ἐνεδέχετο·
888 4249 967 4303 διὸ
1002 4250 1099 4303 καὶ
1116 4252 1307 4312 σκότος
1330 4252 1559 4315 εἰκότως
1592 4252 1866 4323 ἐπονομά-

276 4337 457 4399 ζεται.
491 4336 565 4390 Τὸ
589 4336 697 4407 γὰρ
728 4337 907 4406 λέγειν
935 4337 999 4392 τὸ
1054 4338 1198 4393 θεῖον
1260 4336 1402 4395 εἶναι
1451 4341 1677 4413 Πνεῦμα
1696 4341 1759 4395 τὸ
1794 4343 1861 4413 τῇ

1951 1768 2155 1840 abyssi,
2186 1782 2310 1838 quas
2345 1775 2459 1822 tum
2510 1766 2819 1821 naturalem
2859 1775 3019 1820 terra:
3071 1764 3377 1820 siccitatem
3432 1762 3542 1817 cir-

1953 1858 2396 1929 cumspargebat,
2442 1868 2558 1913 tum
2611 1857 2963 1927 impediebat,
3011 1856 3146 1927 quin
3202 1872 3363 1912 suum
3404 1870 3538 1925 pro-

1953 1951 2134 2022 prium
2160 1958 2416 2005 ornatum
2441 1949 2713 2013 indueret,
2746 1964 2911 2019 quem
2962 1964 3096 2004 sane
3131 1947 3543 2004 constituebant

1952 2042 2266 2111 plantarum
2298 2056 2494 2111 genera
2539 2049 2594 2096 et
2639 2040 2956 2103 herbarum,
3004 2049 3059 2096 et
3094 2041 3200 2094 alia
3242 2039 3435 2094 florum
3486 2049 3543 2095 et

1954 2134 2231 2189 fructuum
2279 2143 2562 2190 venustas.
2626 2133 2822 2189 Adhuc
2869 2142 2988 2189 erat
3045 2133 3338 2190 invisibilis
3393 2144 3541 2189 terra

1953 2229 2081 2299 quia
2114 2227 2355 2282 nondum
2391 2227 2581 2282 aderat
2608 2228 2702 2297 qui
2733 2243 2855 2282 eam
2881 2227 3190 2297 adspiceret
3222 2227 3408 2291 homo,
3457 2227 3539 2281 vi-

1955 2335 2075 2373 sum
2108 2319 2358 2374 sortitus.
2384 2316 2452 2373 Et
2493 2319 2720 2387 insuper
2760 2318 3058 2373 invisibilis
3089 2317 3289 2372 merito
3323 2318 3539 2372 dicere-

1957 2417 2067 2472 tur,
2100 2409 2253 2479 quia.
2292 2408 2415 2463 luce
2467 2408 2713 2463 nondum
2766 2406 2910 2463 facta
2971 2423 3071 2478 per
3118 2424 3284 2477 quam
3322 2408 3551 2463 visibile

1954 2497 2075 2552 visu
2141 2498 2466 2568 percipitur,
2510 2512 2622 2552 non
2674 2498 2833 2553 illum
2894 2499 3130 2552 habebat
3189 2498 3540 2568 splendorem

1956 2604 2066 2657 quo
2097 2589 2272 2644 oculis
2303 2588 2819 2645 subministraretur
2845 2632 2861 2657 ,
2894 2590 2967 2645 ita
3000 2599 3059 2644 ut
3086 2591 3301 2646 etiamsi
3335 2592 3387 2645 in
3413 2607 3544 2661 pro-

1955 2683 2092 2752 priis
2118 2681 2255 2738 locis
2285 2682 2533 2751 seiuncta
2580 2685 2812 2754 abyssus
2845 2685 3194 2749 coercitetur,
3239 2693 3292 2738 et
3341 2684 3544 2754 plantis

1957 2783 2012 2828 et
2043 2773 2152 2826 alio
2185 2783 2383 2828 ornatu
2414 2773 2683 2829 instructa
2720 2783 2892 2839 esset,
2929 2784 2984 2829 et
3018 2774 3185 2829 homo
3217 2790 3339 2830 eam
3384 2791 3543 2845 aspe-

1958 2874 2149 2921 cturus
2197 2865 2506 2931 extitisset,
2541 2867 2788 2920 nondum
2820 2881 2955 2922 vero
2994 2866 3137 2923 lucis
3191 2878 3385 2922 natura
3440 2868 3545 2921 mi-

1958 2958 2187 3017 cuisset.
2241 2973 2350 3012 non
2395 2957 2559 3012 etiam
2610 2965 2743 3013 tunc
2807 2957 3007 3015 fuisset
3070 2959 3325 3015 visibilis.
3388 2957 3547 3015 Patet

1960 3055 2141 3101 autem
2172 3044 2328 3116 juxta
2380 3046 2635 3101 eumdem
2670 3047 2889 3103 modum
2945 3065 3123 3120 neque
3154 3051 3332 3120 ipsum
3393 3066 3549 3116 aera,

1960 3141 2055 3210 qui
2094 3140 2279 3196 radios
2315 3140 2457 3197 lucis
2512 3141 2789 3211 accipiens
2843 3142 2953 3197 vim
2994 3144 3231 3200 videntis
3282 3145 3363 3199 rei
3413 3145 3549 3201 visae

1960 3234 2634 3305 conjungitintermedius
2659 3235 2860 3300 factus,
2912 3252 3013 3292 nec
3049 3238 3252 3308 ipsum,
3295 3238 3551 3308 inquam,

1960 3332 2136 3396 neque
2159 3341 2380 3396 aquam,
2423 3325 2544 3382 luce
2575 3327 2935 3382 substantiam
2967 3344 3073 3383 non
3107 3330 3358 3391 habente,
3380 3328 3555 3385 fuisse

1959 3420 2258 3474 visibilem.
2290 3419 2357 3473 Et
2382 3428 2528 3474 certe
2574 3434 2750 3490 neque
2796 3421 2903 3474 alia
2963 3436 3087 3474 eum
3138 3432 3235 3475 aut
3280 3421 3542 3491 abyssum

1961 3511 2313 3579 invaserunt,
2338 3526 2513 3581 neque
2549 3524 2878 3567 ornamento
2917 3513 3150 3582 quodam
3174 3515 3397 3583 proprio
3436 3516 3550 3584 pri-

1961 3614 2121 3660 vatus
2151 3614 2255 3661 est.
2294 3604 2505 3661 Idcirco
2533 3605 2699 3676 igitur
2752 3617 2805 3661 et
2837 3606 3014 3661 Moses
3064 3622 3190 3661 aera
3251 3622 3407 3676 aquae
3462 3608 3550 3661 iu-

1962 3706 2175 3751 vectuin
2205 3696 2407 3760 sciens,
2437 3697 2584 3765 quod
2610 3710 2775 3765 supra
2808 3696 3070 3767 abyssum
3115 3705 3234 3750 erat
3292 3698 3550 3752 tenebras

1963 3788 2287 3843 nominavit.
2324 3787 2675 3842 Illumiuante
2717 3788 2861 3842 enim
2910 3787 3202 3857 splendore
3261 3803 3358 3856 per
3404 3788 3550 3842 aeris

1963 3880 2328 3935 substantiam
2377 3880 2622 3934 nondum
2664 3879 2814 3934 illato
2866 3880 2974 3948 (vis
3030 3881 3177 3934 enim
3222 3880 3368 3933 hunc
3425 3896 3549 3935 sca-

1965 3972 2203 4028 luriendi
2234 3988 2342 4027 non
2368 3972 2781 4030 illisubstanliae
2821 3973 3044 4044 inerat),
3078 3989 3255 4041 neque
3283 3988 3407 4027 aera
3427 3990 3552 4029 esse

1963 4066 2234 4121 visibilem
2264 4060 2482 4133 licebat,
2528 4082 2705 4136 neque
2762 4080 2794 4120 a
2853 4064 3066 4122 fortiori
3118 4066 3378 4136 abyssum
3430 4083 3554 4136 qum

1964 4161 2260 4215 aethereum
2295 4159 2506 4215 ferebat
2544 4160 2822 4231 spiritum.
2864 4159 3209 4231 Quapropter
3252 4160 3451 4214 merito
3479 4172 3555 4213 te-

1966 4255 2149 4307 nebrae
2179 4261 2385 4307 vocatae
2431 4262 2581 4308 sunt.
2624 4252 2682 4308 Si
2731 4254 2853 4323 quis
2892 4262 3075 4309 autem
3128 4253 3378 4308 divinum
3430 4270 3553 4307 esse

1970 4343 2229 4414 Spiritum
2284 4345 2430 4399 dicat
2507 4346 2603 4415 qui
2664 4361 2830 4416 super
2908 4346 3173 4416 abyssum
3250 4344 3550 4409 ferebatur,

275 4428 504 4498 ἁϐύσσῳ
539 4430 991 4499 περιφερόμενον,
1025 4433 1236 4502 μήποτε
1264 4435 1359 4487 καὶ
1388 4434 1739 4506 περιγραφὴν
1767 4433 1858 4488 τοῦ

1971 4450 2154 4489 nonne
2179 4440 2235 4489 et
2263 4433 2691 4504 descriptionem
2724 4435 3071 4504 indescriptas
3110 4436 3184 4490 rei
3213 4435 3551 4499 introducat,

275 4520 699 4591 ἀπεριγράπτου
727 4521 1039 4589 συνεισάγει
1067 4538 1083 4589 ;
1113 4524 1340 4576 καὶτῶν
1367 4523 1869 4595 άλλωνκτισμάτων

275 4608 363 4673 οἷς
412 4612 513 4666 οὐκ
543 4614 843 4684 ἐπεφέρετο
870 4612 969 4684 τὴν
998 4614 1150 4668 θείαν
1174 4615 1432 4684 πρόνοιαν
1491 4616 1585 4670 καὶ
1638 4616 1869 4687 ἐποψίαν

279 4704 564 4757 συστέλλει
590 4721 605 4771 ;
642 4706 775 4769 ἴσως
802 4706 845 4757 δ’
872 4704 938 4759 ἂν
962 4705 1063 4759 οὑκ
1088 4704 1155 4759 ἂν
1182 4707 1266 4777 εἴη
1301 4707 1582 4775 θεολογίας
1634 4708 1859 4773 ἐπάξιον

278 4797 342 4847 ἐν
370 4797 436 4865 τῇ
467 4795 566 4866 τῆς
602 4795 834 4859 κτίσεως
860 4796 1135 4867 καταϐολῇ
1162 4799 1231 4867 τῇ
1265 4798 1508 4869 ἀκτίστῳ
1542 4799 1639 4853 καὶ
1687 4799 1870 4869 μακά-

281 4887 379 4957 ρίᾳ
406 4885 565 4954 φύσει
582 4887 700 4956 ἦτοι
721 4887 798 4958 τῷ
816 4888 1068 4957 παναγίῳ
1095 4887 1370 4958 ιΙνεύματι
1399 4889 1582 4959 χώραν
1596 4890 1868 4960 ἐκνέμειν’

278 4983 330 5034 εἰ
356 4979 412 5033 δὲ
427 4981 521 5033 καὶ
538 4979 687 5053 Σύρα
704 4981 925 5049 γλῶσσα
947 4982 1007 5035 τὸ
1021 4981 1287 5050 πανάγιον
1308 4981 1534 5051 Πνεῦμα
1550 4984 1663 5046 τοῖς
1683 4982 1871 5038 ὕδασιν

277 5073 601 5146 ἐποχεῖσθαι
627 5074 897 5144 βούλεται,
910 5076 1006 5129 καὶ
1020 5070 1131 5129 οἷον
1146 5073 1419 5139 ὲπωάζειν
1434 5074 1607 5128 ταῦτα
1620 5075 1714 5129 καὶ
1736 5077 1870 5141 ζωο-

280 5168 486 5234 γονεῖν,
518 5167 618 5220 οὑκ
655 5167 722 5220 ἂν
764 5167 1097 5237 καταγνοίην
1122 5166 1343 5239 ’ἀρκεῖν
1372 5164 1482 5236 γὰρ
1514 5166 1713 5221 ειδέναι
1733 5166 1872 5231 τέως

279 5260 347 5311 τὸ
374 5258 640 5327 πανάγιον
673 5259 898 5329 Πνεῦμα
926 5258 1050 5314 ὅθεν
1077 5259 1145 5314 ἄν
1169 5258 1263 5314 καὶ
1284 5260 1553 5326 δύναιντο,
1600 5260 1868 5331 ζωογόνου

281 5368 346 5404 τε
372 5351 469 5403 καὶ
493 5352 891 5423 δημιουργικῆς
923 5353 1189 5423 ὑπάρχειν
1214 5352 1403 5416 οὐσίας
1433 5352 1531 5405 καὶ
1561 5352 1867 5423 δυνάμεωςο

297 5445 561 5515 ’Ᾱόρατος
588 5444 680 5500 οῦν
714 5446 749 5516 ἡ
778 5444 851 5515 γῆ
873 5446 967 5499 καὶ
992 5444 1064 5499 τὰ
1091 5446 1254 5500 λοιπά
1282 5444 1393 5498 τῶν
1421 5444 1704 5515 στοιχείων
1729 5443 1874 5498 κατά

284 5556 348 5590 τε
378 5537 477 5608 τὴν
499 5538 805 5609 εἰρημένην
833 5538 1014 5593 αἰτίαν
1040 5538 1137 5591 καὶ
1166 5537 1265 5600 τὰς
1286 5536 1706 5607 προδεδομένας,
1729 5535 1873 5607 πλὴν

289 5631 444 5700 μιᾶς·
492 5629 575 5682 ὅτι
605 5628 666 5681 τὸ
705 5627 1071 5699 ἐπιπροσθοῦν
1104 5627 1205 5682 οὑκ
1235 5622 1383 5697 εἶχον
1432 5625 1557 5680 οὔτε
1606 5625 1670 5680 τὸ
1726 5626 1874 5698 ὕδωρ

282 5722 411 5776 οὔτε
437 5723 467 5774 ό
495 5722 627 5791 ἀήρ.
653 5721 727 5774 Τὸ
764 5721 949 5791 μέντοι
986 5720 1177 5785 σκότος
1197 5720 1251 5773 εί
1278 5736 1364 5783 τις
1394 5717 1470 5791 μὴ
1496 5717 1754 5790 στέρησιν
1773 5719 1870 5774 τοῦ

362 5838 383 5868 ³
437 5836 558 5891 Act.
604 5853 655 5899 ι,
708 5838 751 5888 ι.

1972 4533 2026 4579 et
2058 4525 2288 4578 aliarum
2337 4532 2714 4580 creaturarum
2765 4526 2819 4579 in
2873 4527 3073 4596 quibus
3116 4533 3220 4580 nou
3278 4524 3556 4579 ferebatur

1971 4615 2371 4686 providentiam
2422 4625 2475 4671 et
2511 4616 2906 4687 iuspectionem
2961 4616 3386 4672 noncocrceat?
3419 4614 3555 4670 For-

1972 4719 2117 4761 tasse
2150 4723 2256 4761 non
2295 4716 2441 4762 esset
2481 4706 2757 4777 theologia
2817 4708 3041 4779 dignum
3098 4707 3393 4763 creationis
3428 4724 3555 4777 pro-

1972 4800 2225 4855 ductione
2260 4800 2515 4863 iucreatze
2557 4815 2622 4856 ac
2659 4799 2990 4855 beatissima!
3036 4808 3268 4864 naturae,
3327 4801 3555 4855 sanctis-

1972 4892 2113 4945 simo
2134 4892 2341 4946 scilicet
2375 4891 2624 4960 Spiritui,
2667 4891 2847 4945 locum
2893 4891 3212 4960 assignare:
3250 4906 3376 4946 cum
3424 4907 3553 4947 vero

1974 4983 2196 5054 Syriaca
2225 4984 2418 5038 Glossa
2478 4982 2890 5039 sanctissimum
2954 4982 3221 5053 Spiritum
3254 4984 3553 5054 vultaquis

1972 5073 2126 5140 ferri,
2152 5084 2207 5129 et
2237 5074 2398 5145 quasi
2445 5073 2527 5128 eis
2560 5073 2821 5129 incubare
2849 5089 3054 5143 easque
3106 5074 3409 5141 vivificare,
3443 5090 3551 5129 non

1974 5167 2357 5236 reprehendo;
2398 5167 2601 5221 docent
2629 5166 2777 5221 enim
2836 5166 2983 5221 unde
3037 5177 3093 5222 et
3152 5176 3385 5238 possunt
3430 5167 3555 5236 Spi-

1973 5260 2141 5314 ritum
2162 5266 2414 5315 sanctum
2447 5259 2777 5314 vivificantis
2814 5274 2938 5315 esse
2958 5271 3012 5315 et
3034 5260 3273 5315 creantis
3293 5261 3552 5315 substan-

1974 5352 2064 5406 the
2090 5360 2145 5406 et
2193 5350 2466 5421 potentiae.
2498 5348 2800 5405 Invisibilis
2850 5349 3020 5418 igitur
3053 5348 3199 5403 terra
3238 5358 3292 5403 et
3351 5360 3546 5402 caetera

1975 5446 2247 5499 elementa
2296 5443 2451 5511 juxta
2487 5451 2541 5496 et
2572 5442 2888 5511 praedictam
2921 5456 3146 5495 causam
3175 5448 3229 5494 et
3268 5440 3401 5495 alias
3428 5451 3554 5494 ante

1975 5537 2153 5600 datas,
2181 5545 2403 5604 excepta
2433 5550 2540 5588 una
2573 5552 2587 5599 ;
2623 5535 2759 5604 quia
2795 5533 3147 5598 superfusum
3191 5531 3396 5600 aliquid
3443 5547 3551 5584 non

1977 5628 2253 5683 habebant
2312 5643 2487 5695 neque
2524 5642 2663 5696 aqua
2720 5640 2898 5692 neque
2948 5639 3064 5677 aer.
3122 5621 3399 5676 Tenebras
3437 5621 3555 5689 qui-

1976 5719 2100 5775 dem
2154 5719 2199 5774 si
2234 5718 2359 5788 quis
2392 5734 2497 5771 nou
2536 5716 2893 5787 privationem
2932 5714 3095 5778 lucis,
3144 5713 3239 5768 sed
3282 5712 3559 5767 malorum
