3810 6330
387 284 489 350 139
1541 285 1805 349 ΡΗΟΤΙῘ
1850 292 2125 353 PATRIA
2138 295 2355 356 RCHAZ
2389 297 2496 357 (ΖΡ.

3598 296 3701 360 lto

381 408 662 455 auctorem
702 398 983 456 diabolum
1024 398 1292 467 crederet,
1365 400 1624 471 abyssum
1681 417 1814 457 vero
1874 418 1954 457 ea:

2104 408 2273 472 ;ωτὺς,
2301 408 2439 462 ἀλλά
2466 408 2558 462 τὸν
2581 409 2895 479 ἀρχέκακον
2908 410 3156 465 διάϐολον
3185 411 3495 475 ὑπολάϐοι,
3519 411 3709 465 ἄϐυσ-

381 510 504 563 quae
541 494 645 549 sub
679 494 775 549 illo
818 503 950 550 sunt
974 503 1299 566 potestates,
1340 494 1502 566 longe
1539 512 1570 549 a
1604 496 1830 551 veritate
1874 497 1954 552 ille

2104 518 2163 555 ον
2204 502 2260 554 δὲ
2314 503 2413 566 τὰς
2449 503 2540 556 ὑπ’
2572 505 2739 557 αὐτὸν
2782 506 3027 576 πονηρὰς
3059 505 3343 577 δυνάμεις,
3368 506 3602 575 πὸρῤω
3644 522 3702 556 τε

383 587 687 649 aberraret,
736 594 793 641 et
842 586 1009 657 impia
1059 587 1259 657 plenus
1318 596 1464 643 esset
1519 586 1799 657 opinione,
1834 588 1954 658 quia

2104 595 2167 663 ἧς
2193 594 2453 665 ἀληθείας
2472 588 2629 660 οὗτος
2648 595 3008 667 πλανώμενος
3042 598 3127 668 εἴη
3161 596 3256 651 καὶ⁸
3284 596 3704 665 δυσσεϐοῦς-ης

384 679 581 734 seriem
636 678 972 734 narrationis
1008 694 1116 735 non
1175 688 1359 750 potest
1413 679 1741 749 intelligere,
1787 694 1954 750 neque

2104 687 2356 750 vinitam;
2392 688 2573 759 δόξης,
2604 690 2741 759 μετὰ
2769 689 2864 742 τοῦ
2893 691 2968 759 μὴ
2993 690 3256 744 δύνασθαι
3276 693 3543 761 συνορᾷν
3578 694 3703 757 εἱρ-

381 771 628 825 nrdinem
677 780 774 826 aut
795 772 1269 827 enumerationem
1307 788 1522 837 eorum,
1558 788 1680 843 qum
1706 773 1954 828 sensibus

2104 780 2173 831 μὸν
2195 780 2502 850 διηγήσεως
2536 783 2630 834 καὶ
2658 781 2813 846 τάξιν
2851 783 2945 835 καὶ
2970 782 3348 854 ἀπαρίθμησιν
3383 783 3523 836 τῶν
3574 782 3704 835 κατ’

382 863 732 933 percipienda
760 862 907 920 facta
937 875 1373 937 sunt;quorum
1440 865 1621 922 Moses
1675 866 1954 921 historiam

2109 869 2325 941 ἴσθησιν
2348 872 2614 939 γενητῶν,
2656 865 2731 926 ῶν
2764 874 2792 926 ό
2820 874 3027 943 Μωσῆς
3068 874 3169 944 τὴν
3227 874 3490 944 ἱστορίαν
3564 891 3705 926 aov-

380 956 734 1026 conscripsit,
768 971 949 1027 neque
999 958 1336 1028 incorporeas
1372 966 1429 1013 et
1498 958 1812 1028 spiritualis
1864 974 1954 1013 na-

2104 963 2329 1033 γραψεν,
2358 965 2453 1016 καὶ
2483 966 2778 1034 ἀσωμάτου
2807 965 2903 1018 καὶ
2927 967 3120 1036 νοερᾶς
3147 966 3361 1035 φύσεως
3390 967 3705 1037 δημιουρ-

379 1056 518 1101 tnrae
544 1054 600 1102 et
644 1048 978 1105 creationem
1013 1057 1068 1105 et
1106 1050 1414 1105 doctrinam
1463 1058 1519 1103 et
1557 1057 1778 1120 tempus
1819 1052 1954 1119 quod

2112 1056 2196 1110 ίαν
2237 1073 2297 1109 τε
2333 1057 2427 1110 καὶ
2467 1055 2703 1128 θεωρίαν
2736 1058 2830 1110 καὶ
2863 1058 3055 1128 καιρὸν
3090 1058 3149 1122 ὃς
3193 1060 3502 1131 ἀφορίζειν
3545 1053 3705 1111 οἶδεν

379 1138 521 1193 miro
575 1139 771 1196 ordine
830 1140 899 1197 de
953 1140 1041 1196 his
1082 1142 1249 1197 rebus
1278 1142 1629 1197 traditionem
1690 1141 1954 1198 deﬁnivit.

2104 1142 2348 1204 ὑτάκτως
2383 1144 2483 1215 τὴν
2521 1146 2649 1216 περὶ
2672 1144 2883 1200 τούτων
2914 1148 3215 1218 παράδοσιν
3246 1165 3261 1180 ο
3324 1149 3586 1218 πνεῦμα
3647 1149 3705 1199 δὲ

381 1230 625 1301 Spiritus
656 1231 751 1288 Dei
779 1247 873 1289 aer
898 1233 1081 1290 dictus
1113 1246 1218 1301 est,
1246 1236 1715 1306 quemadmodum
1766 1244 1819 1290 et
1845 1235 1954 1289 alia

2104 1235 2201 1287 leo?)
2231 1238 2261 1290 ὁ
2288 1236 2396 1306 ἀὴρ
2425 1237 2642 1308 εἴρηται
2667 1253 2680 1269 ·
2714 1237 2968 1308 καθάπερ
2999 1238 3092 1291 καὶ
3118 1238 3188 1292 τὰ
3253 1238 3423 1292 λοιπά
3480 1232 3588 1291 οἷα
3634 1237 3704 1309 δὴ

377 1325 635 1392 «μιωιὶιιθι
660 1325 804 1396 ejus,
830 1335 1098 1383 creaturae
1122 1337 1178 1383 et
1212 1344 1380 1399 opera
1413 1344 1430 1384 :
1477 1348 1497 1381 ι
1535 1329 1758 1384 Emittet
1795 1328 1954 1391 enim,

2104 1327 2275 1397 τίσμα
2303 1328 2397 1380 καὶ
2425 1328 2637 1398 ποίημα
2662 1328 2827 1382 αὐτοῦ
2850 1345 2863 1358 ·
2898 1347 2917 1379 ‹
2941 1328 3327 1396 Ἐξαποστελεῖ
3345 1329 3493 1401 γὰρ,
3528 1331 3703 1398 φησι.

380 1417 580 1487 inquit,
636 1420 862 1474 verbum
912 1436 1075 1476 suum
1108 1432 1162 1476 et
1195 1420 1511 1487 liquefaciet
1576 1437 1744 1484 eam;
1813 1420 1954 1474 ﬂabil

2104 1418 2156 1472 ὺν
2176 1419 2333 1487 λόγον
2360 1418 2529 1471 αὐτοῦ
2562 1419 2655 1472 καὶ
2686 1419 2838 1489 τήξει
2872 1419 3042 1488 αὐτήν
3064 1436 3077 1450 ’
3118 1419 3340 1473 πνεύσει
3360 1419 3426 1472 τὸ
3448 1418 3702 1488 πνεῦμα

377 1510 605 1579 spiritus
634 1510 777 1581 ejus,
799 1522 850 1567 et
875 1511 1045 1567 liuent
1062 1528 1218 1583 aqua:
1237 1513 1293 1546 ”‘
1320 1531 1335 1581 ;
1358 1532 1378 1565 ι
1407 1513 1555 1585 quod
1574 1514 1641 1568 de
1668 1512 1954 1583 liquefacta

2105 1509 2232 1563 ὐτοῦ
2267 1510 2361 1563 καὶ
2388 1511 2650 1581 ρυήσεται
2680 1510 2880 1566 ὕδατα·
2912 1533 2929 1564 ι
2965 1512 3096 1583 περὶ
3124 1512 3440 1584 τηκομένης
3470 1513 3553 1565 ὲκ
3586 1513 3704 1565 τῶν

377 1602 716 1657 australibus
764 1604 939 1659 ventis
971 1613 1114 1661 terra
1167 1606 1403 1661 canebat
1450 1604 1641 1661 David.
1684 1605 1750 1660 Et
1781 1603 1954 1660 dictus

2104 1604 2259 1656 οτίων
2289 1604 2617 1673 πνευμάτων
2651 1604 2824 1672 λέγων
2863 1605 3039 1676 χιόνος
3067 1607 3095 1658 ὁ
3121 1604 3285 1657 Δαόίδ
3308 1620 3324 1635 ·
3348 1604 3446 1659 καὶ
3488 1604 3594 1673 εἴη
3632 1605 3703 1659 ἂν

377 1693 813 1765 fuissetspiritus
834 1696 928 1752 Dei
961 1698 1015 1753 in
1045 1699 1237 1755 eodem
1265 1714 1431 1755 sensu
1459 1715 1524 1754 ac
1554 1698 1688 1753 illud
1713 1714 1727 1753 :
1763 1715 1782 1749 ι
1816 1695 1954 1752 Fecit

2104 1696 2359 1768 ίρημένον
2382 1697 2599 1769 πνεῦμα
2624 1698 2760 1752 Θεοῦ
2792 1701 2849 1751 ὲν
2887 1699 2986 1768 ἴσῳ
3013 1699 3093 1763 τὸ,
3122 1717 3141 1750 ‹
3180 1697 3473 1769 Ἐποίησεν
3500 1699 3537 1750 ὁ
3556 1698 3702 1761 Θεὸς

377 1785 522 1841 Deus
553 1788 752 1842 coelum
774 1797 829 1843 et
847 1798 1089 1855 terram;
1120 1810 1139 1841 ι
1176 1800 1232 1846 et
1254 1800 1316 1846 ut
1352 1791 1445 1846 illa
1470 1791 1690 1861 quidem
1722 1800 1851 1844 sunt
1876 1787 1951 1842 De

2108 1791 2167 1845 ὸν
2206 1791 2435 1863 οὐρανὸν
2491 1793 2587 1847 καὶ
2623 1792 2722 1864 τὴν
2754 1793 2859 1862 γῆν
2890 1812 2906 1823 ν
2950 1810 2969 1843 ι
3000 1792 3229 1846 κάκεῖνα
3262 1791 3371 1862 γάρ
3400 1790 3565 1845 Θεοῦ
3618 1791 3699 1855 ὡς

376 1888 667 1945 creaturae,
697 1888 752 1935 et
779 1880 870 1935 ille
902 1882 1157 1937 similiter
1191 1892 1443 1938 creatura
1467 1892 1555 1938 est
1575 1892 1630 1937 et
1652 1896 1791 1952 opus
1807 1882 1954 1953 ejus:

2104 1886 2380 1956 ποιήματα,
2413 1887 2506 1939 καὶ
2542 1886 2700 1939 τοῦτο
2729 1884 2930 1955 ὁμοίως
2946 1884 3153 1954 κτίσμα
3176 1882 3313 1937 Θεοῦ
3330 1885 3423 1938 καὶ⁵
3450 1884 3696 1954 ποίημα

377 1971 499 2027 ideo
533 1972 673 2028 bene
694 1974 1001 2043 appellatus
1036 1986 1121 2032 est
1139 1977 1363 2046 spiritus
1389 1975 1507 2033 Dei.

738 2087 1067 2156 QUASSTIO
1106 2091 1249 2148 xvu
1289 2093 1389 2166 [αι.
1422 2092 1589 2165 XVI].

428 2204 539 2261 Cur
570 2204 810 2275 prohibet
844 2209 973 2279 quin
1004 2226 1190 2265 carnes
1223 2227 1255 2264 a
1292 2211 1420 2279 feris
1453 2219 1634 2277 captas
1674 2207 1910 2262 homines

1020 2282 1298 2335 comedam
1315 2283 1341 2334 7

452 2397 778 2468 Discrepare
816 2398 1077 2469 praesenti
1113 2407 1385 2468 praecepto
1425 2397 1568 2453 Deus
1594 2398 1783 2453 statuit
1815 2395 1963 2450 fera-

378 2507 497 2543 rum
519 2499 575 2545 et
597 2492 882 2545 hominum
912 2492 1079 2545 vitam
1111 2507 1125 2545 :
1154 2490 1354 2561 quibus
1378 2491 1523 2547 enim
1547 2491 1869 2561 prohibetur
1898 2503 1964 2543 ne

377 2584 448 2640 sit
481 2600 586 2638 una
626 2594 680 2638 et
714 2585 902 2639 eadem
946 2600 1159 2651 mensa,
1196 2598 1293 2638 eos
1318 2590 1373 2638 et
1427 2584 1567 2638 alios
1618 2597 1809 2637 omnes
1844 2595 1966 2635 mo-

379 2696 465 2733 res
496 2690 549 2733 et
573 2679 697 2733 vita:
715 2678 1023 2733 institutum
1053 2687 1108 2733 et
1137 2687 1318 2731 motus
1339 2687 1393 2731 et
1420 2685 1578 2731 actus
1600 2675 1834 2730 multum
1863 2670 1968 2727 dif-

380 2770 521 2827 ferre
550 2773 637 2827 lex
668 2771 914 2827 addocet.
941 2770 1100 2840 Rapit
1128 2769 1240 2824 fera
1271 2782 1324 2824 et
1365 2770 1523 2824 avida
1554 2779 1639 2823 est
1667 2777 1723 2822 et
1757 2769 1821 2821 ad
1848 2780 1966 2820 mo-

379 2875 469 2919 tus
515 2872 600 2919 est
646 2864 1085 2934 petulantissima
1136 2863 1392 2933 legesque
1436 2871 1490 2916 et
1522 2860 1874 2931 benignitatis
1914 2867 1970 2913 et

379 2954 792 3010 communitatis
843 2964 899 3009 et
951 2952 1389 3008 mansuetudinis
1448 2952 1623 3006 nescit
1684 2969 1698 3005 :
1759 2950 1829 3004 ab
1885 2948 1970 3002 liis

378 3046 639 3103 omnibus
688 3061 887 3117 purum
935 3055 990 3100 et
1046 3046 1277 3101 liberum
1329 3059 1453 3099 esse
1483 3042 1965 3107 hominemdecet;

2075 1970 2172 2025 τοῦ
2206 1973 2372 2027 αὑτοῦ
2405 1990 2420 2004 ⁸
2451 1974 2534 2029 διὸ
2585 1974 2771 2039 καλῶς
2799 1976 3015 2046 εἴρηται
3041 1974 3259 2045 πνεῦμα
3284 1974 3448 2031 Θεοῦ.

2625 2093 2959 2148 ΕΡΩΤΗΣΙΣ
2992 2096 3091 2149 ΙΖ’.

2071 2200 2175 2255 Διὰ
2207 2205 2265 2256 τί
2287 2203 2622 2272 θηριάκωτα
2661 2205 2809 2273 κρέα
2859 2206 3003 2271 τοὺς
3032 2206 3384 2275 ἀνθρώπους
3434 2203 3694 2259 ἐσθίειν

2668 2277 3009 2331 ἀποκωλύει
3024 2294 3043 2342 ;

2145 2392 2608 2465 Παρηλλαγμένον
2634 2395 2735 2449 διάῑ
2765 2396 2859 2449 τοῦ
2901 2395 3175 2467 παρόντος
3232 2395 3690 2467 προστάγματος

2071 2488 2360 2558 νομοθετεῖ
2393 2489 2488 2542 τὸν
2520 2489 2631 2543 τῶν
2672 2490 2879 2561 θηρίων
2908 2485 3049 2544 εἶναι
3097 2490 3300 2562 τρόπον
3326 2489 3554 2542 καὶτὸν
3580 2491 3679 2541 ἀν-

2071 2579 2344 2651 θρώπινον
2366 2581 2482 2653 βίον
2501 2598 2515 2612 ·
2547 2578 2629 2646 οἷς
2644 2581 2752 2651 γὰρ
2772 2584 2803 2652 ἡ
2823 2583 3078 2653 τράπεζα
3096 2581 3366 2635 κωλύεται
3392 2582 3495 2652 μία
3524 2582 3629 2634 καὶ
3653 2582 3684 2648 ἡ

2070 2671 2209 2742 αὐτὴ
2242 2668 2405 2738 εἶναι,
2437 2672 2649 2736 τούτοις
2683 2674 2776 2727 καὶ
2806 2674 2873 2727 τὰ
2899 2673 3036 2728 ἄλλα
3068 2674 3250 2727 πάντα
3294 2672 3399 2744 ἥθη
3458 2690 3529 2726 τε
3590 2672 3685 2725 καὶ

2071 2763 2254 2820 δίαιτα
2282 2766 2376 2819 καὶ
2406 2766 2578 2837 ὁρμαὶ
2616 2768 2714 2820 καὶ
2739 2766 2969 2837 πράξεις
2999 2768 3142 2821 κατά
3177 2767 3313 2821 πολὺ
3366 2767 3679 2835 διαφέρειν

2078 2858 2463 2926 συνεισάγεται
2498 2858 2663 2928 νόμος
2693 2873 2706 2888 ⁶
2743 2858 2985 2931 ἁρπάζει
3018 2858 3080 2912 τὸ
3110 2858 3299 2931 θηρίον
3349 2862 3444 2913 καὶ
3471 2860 3683 2912 πλεον-

2072 2952 2239 3015 εκτεῖ,
2276 2950 2376 3004 καὶ
2407 2950 2544 3021 πρὸς
2571 2950 2670 3014 τὰς
2694 2952 2871 3023 ὁρμάς
2898 2953 3017 3004 ἐστι
3064 2952 3539 3024 προπετέστατον,
3581 2952 3685 3005 καὶ

2075 3041 2277 3109 νόμους
2335 3040 2439 3094 οὐκ
2469 3036 2582 3095 οἶδε
2631 3038 3047 3113 φιλανθρωπίας
3080 3044 3178 3097 καὶ
3238 3044 3529 3107 κοινωνίας
3581 3045 3681 3095 καὶ

381 3141 508 3193 item
539 3153 669 3193 vero
695 3146 749 3193 et
778 3138 846 3192 ad
867 3137 1004 3192 alios
1022 3137 1248 3193 affectus
1265 3136 1634 3205 intemperans
1661 3143 1743 3188 est
1761 3133 1954 3188 animal

2114 3135 2416 3206 μερότητος
2440 3151 2454 3165 ·
2479 3108 2688 3189 τούτων
2713 3108 2971 3189 ἁπάντων
2999 3136 3239 3208 καθαρὸν
3269 3135 3364 3190 καὶ
3384 3135 3684 3204 ἀπηλλαγ-

380 3242 433 3285 et
489 3228 847 3285 infrenatum.
890 3229 1079 3299 Itaque
1127 3229 1407 3283 hominum
1464 3226 1659 3296 agendi
1699 3225 1840 3280 ratio
1874 3241 1969 3295 per

383 3323 803 3392 temperantiam
835 3331 891 3378 et
920 3322 1320 3378 institutionem
1353 3321 1653 3391 procedens
1687 3319 1777 3373 illa
1834 3334 1970 3387 pra:-

384 3423 556 3469 staret
576 3414 894 3471 diﬂ‘erentiaa
915 3416 1107 3485 signa;
1138 3414 1189 3469 id
1210 3429 1339 3469 vero
1365 3414 1509 3482 quod
1544 3427 1649 3466 non
1668 3412 1769 3466 hos
1797 3411 1971 3480 signis

383 3508 659 3579 signatum
688 3516 743 3563 et
774 3517 1021 3563 notatum
1051 3508 1158 3563 erit
1187 3516 1446 3577 tanquam
1477 3504 1652 3561 ferum
1686 3517 1739 3560 et
1772 3520 1800 3559 a
1840 3503 1971 3567 feris

383 3612 602 3670 captum
633 3601 762 3674 quid
789 3610 841 3655 et
866 3610 1209 3655 mansuetam
1241 3598 1736 3669 rationabiletnque
1761 3613 1971 3653 exuens

388 3706 638 3751 naturam
694 3697 995 3767 rejicietur.
1034 3695 1089 3750 Si
1140 3696 1265 3767 quis
1307 3705 1493 3750 autem
1544 3694 1609 3749 ad
1669 3695 1968 3763 puritatem

387 3789 658 3843 instruere
716 3799 771 3843 ct
837 3790 1109 3844 adducere
1162 3788 1370 3843 diceret
1435 3803 1530 3858 per
1586 3786 1971 3841 abstinentiam

385 3876 633 3929 carnrium
681 3892 709 3929 a
759 3874 890 3933 feris
933 3886 1219 3946 captarum
1266 3874 1398 3930 illud
1426 3875 1493 3929 ad
1536 3874 1830 3944 imaginem
1878 3872 1971 3927 Dei

386 3969 680 4023 formatum
718 3983 878 4039 opus,
910 3978 965 4024 ct
996 3970 1176 4025 omnis
1218 3967 1572 4039 turpitudinis
1622 3980 1818 4035 expers
1854 3966 1973 4020 red-

384 4066 515 4119 dere
558 4080 679 4132 qua:
724 4074 943 4134 gustum
990 4065 1184 4134 polluit
1214 4074 1268 4119 et
1303 4078 1426 4134 quae
1472 4078 1567 4132 per
1602 4060 1740 4116 alios
1774 4074 1973 4115 sensus

386 4157 629 4226 procedit
650 4158 837 4226 (unius
863 4158 1007 4212 enim
1037 4174 1237 4214 sensus
1261 4156 1517 4212 custodia
1548 4163 1603 4211 et
1636 4152 1970 4215 observatio,

383 4262 438 4305 et
469 4252 610 4306 alios
649 4250 903 4305 similiter
951 4251 1020 4305 ab
1054 4252 1203 4305 omni
1259 4250 1576 4320 impuritate
1623 4256 1678 4302 et
1734 4246 1972 4314 turpitu—

383 4343 510 4399 dine
543 4345 777 4401 mundos
807 4360 903 4415 per
930 4345 1083 4399 illum
1126 4343 1302 4414 facit),
1336 4344 1388 4399 id
1435 4358 1543 4398 non
1592 4356 1623 4395 a
1648 4338 1797 4394 civili
1844 4352 1973 4406 pro-

385 4436 623 4491 videntia
656 4446 710 4491 et
744 4446 934 4493 sancta
976 4437 1316 4491 institutione
1340 4444 1486 4491 esset
1509 4435 1771 4489 alienum.

2072 3228 2233 3298 μένον
2306 3229 2571 3300 προσήκει
2630 3227 2722 3281 τὸν
2803 3225 3093 3298 ἄνθρωπον
3168 3222 3345 3280 εἶναι’
3396 3226 3674 3287 ὡσαύτως

2069 3322 2126 3376 δὲ
2156 3322 2250 3375 καὶ¹
2275 3322 2419 3376 κατὰ
2440 3320 2510 3374 τὰ
2541 3320 2677 3374 ἄλλα
2704 3320 2814 3374 τῶν
2835 3319 3048 3384 παθῶν,
3075 3319 3319 3390 ἀκρατὲς
3341 3320 3459 3372 ὲστι
3485 3320 3554 3371 τὸ
3577 3317 3682 3384 θη-

2073 3418 2188 3490 ρίον
2216 3416 2311 3469 καὶ
2321 3414 2653 3485 ἀχαλίνωτον
2668 3431 2683 3446 ·
2709 3412 2903 3467 οὐκοῦν
2922 3412 3080 3484 ἡτῶν
3102 3412 3199 3466 ἀνθ
3208 3410 3403 3482 ρώπων
3422 3410 3679 3463 πολιτεία

2070 3510 2141 3565 δι’
2155 3511 2487 3581 ἐγκρατείας
2511 3509 2603 3562 καὶ
2622 3507 3003 3576 παιδαγωγίας
3015 3508 3299 3566 ὁδεύουσα,
3311 3504 3485 3558 ταῦτα
3497 3503 3683 3574 παρά-

2074 3624 2192 3677 σχοι
2226 3608 2327 3676 τῆς
2364 3604 2627 3675 διαφορᾶς
2655 3603 2725 3655 τὰ
2762 3601 3126 3672 γνωρίσματα
3147 3617 3162 3631 °
3193 3602 3291 3655 καὶ
3343 3600 3501 3667 τόνγε
3556 3598 3679 3650 τού-

2071 3717 2186 3763 τοις
2215 3699 2319 3770 ἀσή
2331 3697 2529 3767 μαντόν
2550 3713 2611 3749 τε
2637 3696 2733 3749 καὶ
2759 3694 3165 3762 ἀνεπίγνωστον
3193 3695 3309 3755 τοῖς
3337 3693 3678 3764 γνωρίσμα-

2076 3808 2161 3843 σιν
2205 3790 2281 3852 ὼς
2326 3788 2517 3858 θηρίον
2555 3787 2652 3840 καὶ
2679 3786 3021 3857 θηριάλωτον
3051 3784 3274 3854 καὶτῆς
3321 3785 3537 3854 ἡμέρου
3584 3781 3676 3836 καὶ

2074 3882 2301 3952 λογικῆς
2329 3878 2809 3949 καταψευδόμενον
2861 3877 3078 3947 φύσεως
3125 3878 3565 3948 ὲκτραπήσεται.
3615 3876 3676 3928 Et

2074 3973 2130 4027 δὲ
2156 3973 2294 4043 πρὸς
2310 3971 2720 4043 καθαρειότητα
2751 3970 3035 4025 παιδεύειν
3067 3987 3127 4023 τε
3158 3971 3252 4023 καὶ
3283 3971 3510 4038 ἀνάγειν
3533 3969 3671 4038 φαίη

2074 4084 2160 4130 τις
2190 4065 2281 4119 διὰ
2303 4064 2405 4135 τῆς
2438 4066 2651 4135 ἀποχῆς
2683 4064 2796 4118 τῶν
2824 4062 3187 4135 θηριαλώτων
3229 4065 3291 4116 τὸ
3327 4064 3448 4117 κατ’
3485 4063 3675 4115 εἰκόνα

2074 4156 2214 4213 Θεοῦ
2250 4158 2729 4228 διαπεπλασμένον
2780 4156 3181 4228 φιλοτέχνημα,
3239 4156 3334 4209 καὶ
3381 4154 3671 4226 βδελυρίας

2076 4253 2301 4322 ἁπάσης
2334 4249 2771 4314 κατασκευάζειν
2800 4250 3099 4319 ἀμέτοχον,
3136 4250 3233 4318 ὅση
3263 4265 3323 4300 τε
3352 4246 3670 4317 διαμολύνει

2074 4344 2175 4415 τὴν
2216 4341 2405 4411 γεῦσιν
2439 4344 2532 4395 καὶ
2569 4340 2667 4411 ὅση
2699 4340 2787 4394 διὰ
2812 4340 2922 4393 τῶν
2968 4339 3145 4394 ἄλλων
3189 4339 3501 4411 αἰσθήσεων
3541 4339 3670 4410 πρόο

2078 4454 2214 4491 εισιν
2233 4452 2247 4466 ⁸
2273 4439 2306 4508 ὴ
2338 4436 2447 4506 γὰρ
2479 4435 2571 4489 ἐπὶ
2601 4435 2699 4505 τῆς
2729 4435 2857 4505 μιᾶς
2886 4434 3261 4506 παραφυλακὴ
3324 4435 3419 4487 καὶ
3474 4433 3672 4502 συντή-

387 4549 565 4601 ρησις,
597 4531 693 4585 καὶ
737 4531 837 4600 τάς
882 4529 1046 4593 ἄλλοις
1084 4530 1284 4599 ὁμοίω;
1326 4529 1426 4599 τῆς
1458 4528 1803 4599 ἀκαθαρσίας
1868 4530 1963 4586 καὶ
2006 4530 2289 4601 βδελυρίας
2345 4526 2677 4598 καθαρεύειν
2737 4527 2805 4581 δι’
2861 4529 3079 4597 ἐκείνης
3122 4526 3514 4596 ἀσφαλίζεται,
3547 4526 3668 4582 οὐδὲ

384 4630 542 4684 τοῦτο
563 4628 630 4685 ἂν
655 4627 742 4699 εἴη
795 4628 895 4699 τῆς
930 4625 1215 4697 πολιτικῆς
1262 4625 1519 4696 προνοίας
1556 4626 1651 4679 καὶ
1709 4626 2081 4699 ἁγιοπρεποῦς
2112 4626 2393 4697 ἀλλότριον
2423 4623 2837 4686 καταστάσεως.

850 4719 1180 4788 QU/ESTIO
1217 4719 1382 4775 xvm
1423 4718 1636 4791 {XVII}.

389 4836 663 4902 Quomodo
701 4836 1099 4906 intelligendum
1144 4834 1299 4898 illud,
1349 4852 1368 4885 ι
1397 4831 1529 4906 Non
1571 4833 1849 4901 apparebis
1889 4850 1978 4888 co-

902 4924 1018 4960 ram
1052 4922 1133 4961 me
1168 4904 1411 4960 vacuus?
1457 4922 1475 4955 ι

2005 4794 2058 4853 D

2626 4717 2965 4771 ΕΡΩΤΗΣΙΣ
2993 4718 3101 4772 lH’.

2084 4830 2218 4899 Πῶς
2237 4830 2493 4900 νοητέον
2521 4831 2588 4886 τὸ
2618 4872 2633 4897 ,
2671 4850 2690 4884 ι
2751 4833 2874 4884 Οὐκ
2903 4832 3149 4903 ὀφθήσῃ
3190 4832 3369 4899 κενὸς
3394 4833 3669 4888 ἐναντίον

2763 4918 2918 4972 μου;
2940 4921 2959 4953 ι

1010 4998 1153 5049 Edita
1173 5012 1198 5046 a
1225 4995 1369 5057 Maio,
1393 4997 1427 5045 l.
1451 5009 1517 5055 c.,
1539 5009 1590 5058 p.
1617 4995 1693 5057 l7,
1729 4994 1781 5046 in
1800 4996 1954 5046 Exod.

2108 5031 2122 5055 ,
2146 4994 2243 5055 15;
2285 5008 2460 5055 xxnv,
2484 4994 2571 5056 10;
2594 4996 2805 5045 Denter.
2843 5008 2946 5056 xvr,
2968 4994 3047 5044 16.

461 5084 698 5152 Quidam
743 5084 909 5151 igitur
934 5084 1125 5139 dicunt
1165 5099 1292 5138 eum
1341 5083 1436 5153 qui
1473 5082 1643 5137 Deum
1689 5083 1978 5138 adoratum

392 5179 545 5231 venit
571 5185 827 5247 oportere
867 5184 924 5230 et
960 5176 1101 5230 dona
1134 5175 1347 5230 liberali
1376 5192 1543 5232 manu
1600 5176 1798 5232 oll‘erre
1824 5194 1839 5244 ;
1866 5192 1977 5231 non

396 5284 655 5341 tauquam
689 5270 831 5333 Deus
862 5270 948 5325 bis
998 5268 1263 5338 indigeat,
1290 5268 1512 5341 (quibus
1537 5270 1684 5324 enim
1721 5269 1865 5325 Deus
1894 5270 1980 5324 in-

394 5363 578 5433 digere
610 5362 848 5433 possit?)
904 5361 1000 5417 sed
1044 5372 1305 5431 tanquam
1344 5362 1608 5415 beuelicia
1648 5372 1777 5417 tunc
1829 5364 1979 5416 acci-

396 5453 509 5523 piat
539 5453 584 5507 is
613 5452 707 5523 qtti
739 5468 968 5507 munera
998 5452 1177 5507 olTet‘t.
1203 5450 1432 5518 Quando
1461 5453 1586 5521 quis
1611 5453 1755 5505 enim
1780 5452 1978 5521 dignus

397 5555 657 5600 «ευιιεοῑιιι-
676 5544 774 5614 qui
802 5543 910 5599 Deo
935 5544 1147 5600 fructus
1181 5544 1395 5607 olfcrat,
1426 5552 1479 5597 ct
1508 5544 1776 5597 internam
1815 5542 1982 5613 pieta-

398 5650 508 5693 tem
542 5656 637 5709 per
682 5649 908 5695 externa
943 5640 1162 5704 rcvclet,
1216 5648 1269 5694 ct
1315 5638 1686 5693 mediautibus
1716 5636 1981 5707 placami«

476 5756 531 5790 "
554 5756 705 5813 Psal.
744 5772 911 5823 ιινιι,
960 5758 1043 5811 18.

2155 5081 2313 5145 Τινὲς
2364 5082 2464 5153 μὲν
2517 5076 2612 5135 οὖν
2645 5099 2810 5152 φασιν
2869 5081 2945 5145 ὡς
2999 5081 3236 5136 ἀπιόντα
3292 5085 3669 5154 προσκυνῆσαι

2084 5174 2206 5245 Θεῷ
2233 5174 2318 5228 δεῖ
2359 5175 2454 5228 καὶ
2475 5175 2623 5246 δῶρα
2672 5174 2971 5246 προσάγειν
2983 5168 3059 5228 ὧν
3090 5175 3124 5246 ἠ
3152 5176 3275 5246 χεὶρ
3299 5173 3551 5245 εὔπορος,
3576 5176 3669 5243 οὐχ

2084 5269 2161 5331 ὡς
2185 5269 2243 5321 ὲν
2259 5268 2419 5338 χρείᾳ
2433 5267 2636 5321 τούτων
2652 5268 2998 5332 καθεστῶτος
3016 5268 3175 5321 Θεοῦ·
3201 5269 3347 5331 τίνος
3368 5268 3477 5337 γὰρ
3496 5268 3563 5320 ἂν
3585 5267 3663 5335 εἴη

2086 5360 2221 5424 Θεὸς
2252 5360 2556 5430 προσδεής;
2588 5359 2717 5413 ἀλλ’
2763 5361 2839 5424 ὡς
2890 5361 3354 5432 εὐεργετούμενον
3396 5358 3666 5413 κάνταῦθα

2084 5453 2180 5506 τοῦ
2200 5454 2591 5523 προσάγοντος
2624 5455 2680 5506 ὲν
2702 5446 2747 5521 ᾧ
2772 5454 2877 5525 γάρ
2900 5471 2982 5519 τις
3011 5454 3258 5520 ἀξιοῦται
3293 5453 3661 5523 καρποφορεῖν

2085 5545 2243 5617 Θεῷ,
2276 5547 2371 5599 καὶ
2413 5545 2521 5599 τῶν
2563 5545 2709 5599 ἔνδον
2759 5546 2849 5600 διὰ
2895 5546 3004 5600 τῶν
3056 5547 3215 5611 ἐκτὸς
3264 5544 3661 5599 ἀνακαλύπτειν

2092 5637 2407 5704 εὐσέϐειαν,
2435 5637 2531 5691 καὶ
2567 5636 2936 5693 συνάπτεσθαι
2964 5635 3053 5691 διά
3102 5639 3283 5709 μέσων
3324 5635 3434 5690 τῶν
3465 5634 3663 5706 μειλιγ-
