3916 6192
254 309 353 374 141

1000 318 1097 377 AD
1120 315 1713 377 AMPHILOCIIIUM
1750 312 2098 387 QUIESTIO
2135 314 2321 388 XVII,
2364 313 2586 389 XVIII,
2628 315 2789 376 XIX.

3442 314 3543 381 ΜΞ).

254 426 442 491 μάτων
463 424 522 477 τὸ
539 424 765 497 πλάσμα
779 426 857 498 τῷ
874 427 1162 493 πλάσαντι,
1180 428 1271 482 τοῦ
1296 430 1393 499 μὲν
1411 429 1539 483 ἵλεω
1550 427 1838 498 δεχομένου

1966 428 2126 482 nibus
2171 435 2481 481 creaturam
2530 427 2824 499 coniungat
2865 426 3151 496 Creatori,
3199 431 3370 487 altero
3420 435 3544 502 qui-

246 516 344 569 τνῦ
368 519 423 570 δὲ
440 519 643 583 πιστῶς
676 520 771 571 καὶ
794 519 1093 591 προθύμως
1124 520 1404 591 φέροντος,
1427 521 1547 585 πῶς
1561 521 1661 575 οὐκ
1689 520 1754 575 ἂν
1770 521 1855 592 εἴη

250 611 574 679 θαυμαστῆς
602 612 862 680 προνοίας
890 613 984 666 καὶ
1018 614 1337 684 εὐεργεσίας
1384 614 1687 677 ἀπόλαυσις
1713 656 1727 679 ,
1759 613 1856 667 καὶ

248 704 303 754 τί
331 703 397 755 ἂν
431 702 558 756 ἄλλο
590 704 639 755 εί
666 702 741 774 μὴ
769 703 926 757 τοῦτο
956 705 1042 775 εἴη
1082 705 1219 776 πρὸς
1239 705 1560 777 εὐεργεσίαν
1594 705 1690 758 καὶ
1716 705 1852 775 πρό-

248 811 400 845 νοιαν
444 794 518 864 τῷ
554 793 756 865 λογικῷ
804 794 928 866 ζώω
983 797 1399 869 σπουδαιότερον
1448 814 1508 850 τε
1539 797 1635 850 καὶ
1660 796 1854 866 τιμιώ-

247 904 410 956 τερον
436 888 524 950 ςτί
554 888 609 941 δὲ
634 889 989 962 χαριέστερόν
1039 908 1099 943 τε
1136 892 1230 944 καὶ
1268 890 1530 962 ήδύτερον
1560 907 1576 957 ;
1605 890 1689 960 εἴη
1720 890 1766 943 δ’
1788 889 1854 943 ἂν

248 978 348 1031 καὶ
423 979 864 1050 προσφιλέστερον
940 981 1139 1052 μᾶλλον
1186 981 1285 1045 τὰς
1353 980 1557 1053 ἀρετὰς
1620 979 1853 1034 ἐνταῦθα

255 1071 353 1123 καὶ
382 1071 481 1141 τὴν
506 1071 792 1124 εὐσέϐειαν
841 1072 1065 1134 ἐννοεῖν,
1093 1064 1167 1126 ὧν
1196 1074 1257 1125 οὐ
1291 1072 1446 1125 κενὸν
1486 1071 1741 1124 οὐδέποτε
1773 1070 1854 1124 δεῖ

248 1163 593 1217 κατενώπιον
647 1164 879 1235 όρᾶσθαι
902 1164 1059 1217 Θεοῦ·
1103 1167 1131 1217 6
1163 1162 1271 1235 γὰρ
1319 1163 1523 1234 ἀρετῆς
1552 1164 1647 1217 καὶ
1692 1164 1851 1216 εὐσε-

245 1255 400 1318 Gaia;
451 1257 829 1327 κεκενωμένος
863 1299 878 1324 ,
936 1259 1041 1311 κᾶν
1069 1258 1200 1328 δοκῇ
1237 1256 1522 1329 προσιέναι
1551 1255 1689 1328 Θεῷ,
1736 1255 1850 1310 οὔτ’

244 1348 315 1401 ἂν
366 1349 558 1416 ὄψεται
617 1349 752 1402 Θεὸν
799 1348 924 1402 οὔτε
983 1350 1279 1421 ὀφθήσεται
1327 1350 1421 1402 ὐπ’
1465 1348 1652 1402 αὐτοῦ·
1684 1351 1711 1403 ό
1742 1350 1850 1419 γὰρ

241 1441 451 1509 ἀσεϐὴς
516 1442 618 1494 οὐκ
665 1440 857 1510 ὄψεται
913 1441 1071 1508 δόξαν
1104 1441 1262 1494 Θεοῦο
1309 1440 1433 1495 οὐδὲ
1476 1440 1849 1511 διηγήσεταιό

240 1532 571 1604 ἁμαρτωλὸς
620 1533 691 1586 τὰ
740 1532 1086 1604 δικαιώματα
1145 1531 1309 1587 αὐτοῦ
1334 1550 1347 1563 ·
1386 1531 1501 1585 ἀλλ’
1531 1531 1652 1585 οὐδὲ
1683 1529 1849 1600 γινὼ-

242 1641 367 1677 σκει
414 1623 618 1696 Κύριος
668 1625 791 1679 οὐδ’
830 1626 1119 1696 εὐμενείας
1164 1624 1372 1695 ὄμματι
1400 1625 1495 1678 καὶ
1523 1624 1850 1689 οῖκειώσεως

242 1713 457 1785 καθορᾷ
498 1716 628 1778 τοὺς
682 1714 782 1785 τῆς
813 1714 1045 1786 ἀνομίας
1071 1715 1333 1787 ἐργάτας.
1374 1713 1701 1783 Ἀναγκαῖον
1748 1713 1842 1768 οὖν

240 1806 317 1868 ὼς
347 1805 498 1875 δῶρα
558 1807 659 1871 τὰς
714 1807 916 1877 ἀρετὰς
971 1807 1068 1861 καὶ
1120 1806 1218 1876 τὴν
1269 1805 1555 1859 εὐσέϐειαν
1580 1808 1638 1859 ἐν
1689 1807 1837 1877 ψυχῇ

241 1899 535 1970 φέροντας,
565 1898 708 1952 οὕτω
764 1899 1049 1968 προσιέναι
1098 1898 1219 1967 Θεῴ
1262 1899 1360 1952 καὶ
1407 1898 1471 1951 τὸ
1508 1899 1838 1969 πρόσταγμα

240 1992 491 2063 πληροῦν
528 1991 591 2045 τὸ
620 1990 942 2045 δεσποτικὸν
989 1991 1049 2045 τὸ
1076 1990 1587 2061 παρακελευόμενον
1617 2033 1631 2057 ,
1670 2009 1687 2042 ι
1724 1991 1839 2045 Οὐκ

238 2088 458 2158 όφθήσῃ
484 2085 641 2150 κενὸς
692 2087 935 2143 ἐναντίον
968 2103 1094 2156 μου.
1122 2104 1141 2137 ι
1170 2085 1381 2155 Πρέποι
1425 2084 1483 2138 δ’
1503 2083 1569 2138 ἂν
1595 2085 1696 2138 κάν
1725 2087 1841 2149 τοῖς

240 2179 375 2249 περὶ
405 2176 542 2231 Θεοῦ
598 2178 695 2231 καὶ
731 2178 893 2231 θείων
928 2177 1152 2249 ζήτημα
1206 2179 1283 2247 μὴ
1342 2175 1501 2231 κενὸν
1550 2176 1839 2240 εὐλαϐείας

243 2272 385 2343 μηδὲ
414 2271 789 2342 πνευματικῆς
833 2269 1172 2341 ἀνακρίσεως
1201 2264 1365 2323 εἶναι’
1395 2270 1424 2322 ὁ
1447 2268 1557 2339 γὰρ
1607 2268 1839 2339 ψυχικὸς

240 2362 340 2415 ἄνθ
350 2377 527 2431 ρωπος
550 2361 611 2414 οὐ
632 2360 849 2430 δέχεται
874 2360 945 2413 τὰ
961 2358 1057 2413 τοῦ
1079 2359 1409 2430 πνεύματος,
1428 2358 1548 2412 οὐδὲ
1574 2360 1602 2412 ό
1628 2358 1840 2430 ἰταμῶς

239 2455 586 2527 ὲπιρρίπτων
635 2454 828 2508 ἑαυτὸν
858 2457 969 2517 τοῖς
1015 2452 1346 2523 θεοπρεπέσι
1400 2452 1710 2525 ζητήμασιν
1743 2452 1838 2506 οὐ·

244 2563 443 2615 μενουν
463 2546 564 2599 οὐκ
593 2546 658 2598 ἂν
678 2545 968 2617 ἀνιχνεύσῃ
989 2545 1085 2616 τὴν
1102 2545 1384 2618 ἀλήθειαν,
1413 2564 1434 2598 ι
1461 2548 1684 2616 Ζητεῖτε
1707 2546 1838 2617 γὰρ,

242 2638 404 2706 φησι,
433 2638 529 2691 καὶ
554 2637 613 2690 οὐ
641 2636 974 2708 λαμϐάνετε,
1007 2637 1142 2692 διότι
1164 2637 1350 2702 κακῶς
1375 2638 1613 2709 ζητεῖτε.
1653 2638 1712 2694 ’0
1740 2639 1842 2709 μέν

239 2750 325 2784 τοι
350 2731 719 2802 πνευματικὸς
744 2732 840 2785 σὺν
861 2731 1117 2804 εὐλαϐείᾳ
1136 2731 1448 2786 διασκοπῶν
1463 2749 1521 2784 τε
1547 2733 1642 2786 καὶ
1656 2732 1843 2803 ἐπιζη-

240 2824 354 2874 τῶν
374 2823 441 2876 τὰ
463 2822 557 2876 τοῦ
589 2823 922 2892 πνεύματος,
941 2816 1095 2887 οὗτος
1112 2824 1191 2886 είς
1213 2820 1433 2892 εὒρεσιν
1453 2823 1553 2893 τῆς
1573 2822 1839 2895 ἀληθείας

242 2915 497 2982 ἀφίξεται
553 2916 650 2968 καὶ
690 2916 790 2985 τῆς
812 2916 1049 2987 σπουδῆς
1082 2916 1142 2969 οὐ
1176 2914 1656 2987 διαψευσθήσεται·
1679 2915 1846 2986 ἀψευ-

240 3008 339 3076 δὴς
379 3007 485 3076 γάρ
515 3009 662 3060 ἐστιν
691 3008 719 3061 ό
758 3008 1150 3080 ὑποσχόμενος·
1194 3027 1213 3061 ι
1244 3008 1457 3063 Αἰτεῖτε
1483 3049 1499 3075 ,
1531 3009 1628 3063 καὶ
1680 3008 1853 3080 δοθήον

245 3117 400 3152 σεται
438 3100 590 3170 ὑμῖν·
616 3099 869 3173 κρούετε,
903 3103 999 3156 καὶ
1025 3103 1384 3175 ἀνοιγήσεται
1412 3103 1559 3174 ὑμῖν.
1599 3121 1619 3150 ι

764 3217 1102 3271 ΕΡΩἸἩΣΙΣ
1155 3218 1257 3272 1Θ’.

240 3336 380 3402 Πῶς
408 3338 518 3389 οὐκ
547 3338 718 3389 ἔστιν
748 3336 1027 3389 ἐναντίον
1055 3336 1121 3388 τὸ
1152 3334 1356 3403 λέγον,
1395 3356 1414 3388 ι
1454 3334 1613 3390 Ἰδοὺ
1644 3332 1843 3387 πάντα

317 3410 476 3459 καλὰ
506 3409 668 3466 λίαν,
698 3426 715 3457 ι
750 3408 938 3459 καὶτὸ
969 3408 1119 3475 μετὰ
1149 3407 1336 3459 ταῦτα
1361 3405 1708 3469 ἐπιδιελεῖν,
1738 3404 1839 3458 καὶ

316 3478 517 3545 τὰμὲν
534 3477 651 3530 τῶν
666 3476 823 3537 ζώων
845 3477 1074 3544 καθαρὰ
1086 3475 1307 3545 λέγειν,
1323 3479 1391 3531 τὰ
1408 3478 1475 3529 δὲ
1493 3475 1799 3544 ἀκάθαρτα
1815 3492 1835 3540 ;

1957 517 2078 573 dem
2129 518 2289 572 hilari
2316 518 2471 572 vultu
2508 519 2833 588 accipiente,
2885 521 3057 575 altero
3085 530 3265 577 autem
3308 522 3544 579 ﬁdeliter

1956 618 2011 663 et
2037 608 2295 663 ardenter
2328 608 2609 676 all‘erente,
2655 612 2932 680 quomodo
2970 628 3078 667 non
3123 628 3188 668 eo
3217 624 3363 669 esset
3392 615 3543 670 mira:

1955 700 2313 770 providentia)
2367 711 2424 756 et
2474 702 2831 772 benignitatis
2858 700 3086 757 fruitio?
3135 703 3199 758 Et
3228 705 3359 776 quid
3388 706 3539 760 aliud

1957 792 2205 847 beneﬁcii
2252 802 2345 848 aut
2371 794 2748 863 providentur,
2786 794 3100 849 rationabili
3133 806 3402 851 creaturae
3443 798 3540 853 de—

1956 886 2312 940 siderabilius
2343 898 2397 940 et
2423 887 2722 957 pretiosius
2752 889 2938 943 esset?
2960 888 3101 955 Quid
3138 900 3319 944 autem
3361 905 3537 946 ama:-

1954 980 2081 1034 nius
2132 990 2185 1035 et
2233 980 2487 1034 dulcius?
2526 979 2718 1050 Aptius
2767 990 2949 1035 autem
2991 991 3137 1037 esset
3183 983 3257 1036 ibi
3311 983 3539 1040 virtutes

1952 1082 2007 1127 et
2056 1073 2310 1142 pietatem
2368 1073 2691 1144 intelligere,
2738 1073 2939 1143 quibus
2980 1090 3261 1144 nunquam
3300 1090 3535 1131 vacuum

1954 1172 2169 1234 Oportet
2216 1178 2401 1218 coram
2459 1161 2569 1217 Dec
2599 1178 2900 1233 apparere;
2945 1163 3037 1234 qui
3068 1165 3212 1217 enim
3249 1165 3452 1219 virtute
3483 1174 3538 1219 et

1951 1250 2152 1320 pietate
2190 1259 2357 1314 caret,
2393 1252 2643 1320 quamvis
2668 1251 2915 1307 videatur
2943 1255 3011 1307 ad
3055 1253 3221 1307 Deum
3250 1256 3534 1317 accedere,

1952 1359 2131 1414 neque
2160 1344 2278 1414 ipse
2307 1346 2513 1399 videbit
2545 1345 2736 1411 Deum,
2792 1361 2969 1415 neque
3002 1361 3034 1401 a
3065 1346 3174 1401 Deo
3222 1348 3532 1413 videbitur;

1954 1436 2157 1505 impius
2185 1438 2331 1491 enim
2368 1454 2477 1492 non
2508 1439 2712 1493 videbit.
2734 1440 2965 1511 gloriam
2992 1438 3084 1494 Dei
3114 1459 3129 1507 ;
3160 1457 3337 1510 neque
3370 1458 3533 1495 enar-

1950 1529 2098 1584 rabit
2130 1538 2387 1599 peccator
2433 1530 2678 1600 justitias
2716 1535 2854 1600 ejus.
2894 1532 3082 1603 Neque
3129 1543 3318 1589 noscet
3350 1534 3536 1588 Domi-

1948 1638 2054 1678 nus
2080 1638 2259 1693 neque
2288 1623 2682 1678 benevolentia:
2728 1633 2783 1679 et
2827 1626 3085 1680 amicitia:
3130 1627 3312 1681 oculis
3349 1625 3533 1681 intue-

1949 1710 2098 1766 bitur
2131 1726 2226 1767 eos
2259 1714 2354 1782 qui
2402 1711 2607 1781 injuste
2643 1722 2833 1785 agunt.
2866 1714 3102 1771 Necesse
3128 1724 3212 1772 est
3238 1716 3406 1786 igitur
3437 1731 3535 1773 eos

1872 1782 1916 1840 Β
1944 1804 2037 1874 qui
2071 1819 2170 1871 pro
2207 1806 2369 1861 donis
2398 1806 2628 1863 virtutes
2656 1782 2712 1862 et
2758 1808 3016 1878 pietatem
3047 1814 3102 1864 in
3135 1782 3321 1865 animo
3352 1810 3535 1867 ferunt

1936 1896 2003 1951 ad
2032 1895 2198 1951 Deum
2223 1897 2483 1954 accedere
2502 1908 2557 1954 et
2586 1908 2923 1971 praeceptum
2952 1900 3299 1958 Dominieum
3348 1903 3534 1958 adim-

1936 1989 2106 2060 plere,
2129 1992 2210 2045 sic
2235 1991 2531 2046 adhortans
2557 2008 2571 2045 :
2606 2011 2624 2044 ‹
2650 1991 2768 2048 Non
2793 1995 3081 2064 apparebis
3109 2010 3296 2051 coram
3320 2011 3407 2050 me
3436 2011 3535 2051 va-

1937 2097 2097 2139 cuus.
2148 2102 2168 2137 ι
2208 2083 2437 2140 Deceret
2484 2093 2665 2140 autem
2724 2096 2778 2141 et
2831 2088 3162 2156 quaestiones
3210 2088 3277 2143 de
3316 2087 3428 2142 Deo
3481 2098 3537 2145 et

1938 2176 2140 2232 divinis
2183 2192 2294 2232 non
2338 2177 2626 2248 prudentia
2662 2187 2718 2234 et
2749 2179 3026 2248 spirituali
3062 2178 3272 2251 judicio
3320 2196 3532 2236 carere.

1937 2268 2206 2326 Animalis
2236 2270 2381 2325 enim
2422 2271 2586 2327 homo
2616 2286 2726 2327 non
2760 2272 2999 2342 percipit
3020 2287 3083 2326 ea
3115 2289 3238 2343 quae
3264 2280 3393 2328 sunt
3420 2273 3534 2343 spi-

1938 2362 2100 2428 ritus,
2129 2378 2305 2433 neque
2328 2363 2421 2434 qui
2447 2378 2505 2419 se
2530 2372 2734 2420 temere
2755 2364 2808 2418 in
2832 2364 3044 2420 divinas
3066 2365 3239 2436 injicit
3268 2367 3533 2435 quaestio-

1937 2471 2035 2511 nes
2072 2456 2419 2525 investigab'it
2452 2459 2760 2514 veritatem.
2817 2457 3073 2526 Quaeritis
3120 2458 3289 2525 enim,
3329 2458 3533 2528 inquit,

1938 2558 1995 2604 et
2039 2564 2148 2603 non
2194 2550 2495 2620 percipitis,
2553 2550 2683 2620 quia
2731 2551 2874 2607 male
2906 2551 3171 2621 quaeritis.
3218 2551 3537 2620 Spirituails

1940 2643 2161 2713 quidem
2201 2644 2498 2714 prudenter
2527 2645 2851 2699 examinans
2889 2653 2945 2700 et
2982 2645 3271 2715 inquirens
3296 2661 3360 2699 ea
3407 2662 3531 2717 qua:

1942 2746 2072 2793 sunt
2094 2737 2340 2807 spiritus,
2360 2737 2449 2792 ille
2471 2736 2540 2792 ad
2554 2738 2802 2794 veritatis
2833 2739 3206 2794 inventionem
3233 2740 3533 2808 perveniet.

1943 2846 2044 2885 nec
2072 2847 2206 2887 suus
2227 2846 2351 2886 eum
2374 2831 2536 2886 ardor
2560 2830 2916 2887 frustrabitur
2946 2850 2960 2887 :
2993 2847 3105 2888 non
3135 2832 3280 2887 enim
3301 2833 3537 2888 mendax

1943 2934 2029 2979 est
2054 2924 2141 2979 ille
2168 2926 2259 2995 qui
2284 2926 2561 2996 pollicitus
2591 2935 2677 2983 est
2710 2945 2723 2981 :
2754 2945 2773 2979 ι
2796 2925 2994 2996 Petite,
3020 2935 3075 2983 et
3103 2926 3323 2984 dabitur
3348 2927 3538 2997 vobis;

1945 3019 2184 3089 pulsate,
2219 3027 2273 3075 et
2311 3019 2591 3090 aperietur
2622 3020 2780 3076 vobis
2810 3021 2879 3075 ει.
2918 3041 2939 3074 ι

2298 3214 2632 3285 οιῐΑῑεΤιο
2669 3215 2793 3271 xxx
2835 3216 2933 3291 [αι.
2973 3217 3187 3293 XVIII].

1956 3330 2232 3397 Quomodo
2278 3348 2382 3385 non
2423 3333 2558 3386 inter
2589 3349 2644 3386 se
2697 3334 3052 3389 adversantur
3079 3350 3099 3388 :
3139 3353 3157 3385 ι
3196 3333 3333 3390 Ecce
3358 3336 3539 3389 omnia

2018 3403 2243 3475 pulchra
2272 3404 2451 3475 nimis,
2489 3424 2506 3453 ι
2538 3412 2587 3457 et
2609 3420 2726 3473 quia
2749 3405 2986 3475 sequitur
3010 3405 3221 3467 divisio,
3249 3422 3369 3459 cum
3399 3408 3537 3460 diri-

2020 3484 2107 3527 tur
2137 3473 2248 3526 alia
2287 3474 2497 3540 quidem
2535 3488 2600 3527 ea:
2651 3473 2972 3529 animalibus
3007 3491 3117 3529 esse
3162 3478 3385 3543 munda,
3420 3479 3538 3531 alia

2008 3560 2125 3598 vero
2158 3545 2469 3599 immunda?

769 3660 911 3710 Edita
934 3676 960 3710 a
982 3657 1128 3719 Maio,
1152 3661 1185 3709 l.
1231 3672 1296 3716 c.,
1318 3671 1368 3721 p.
1404 3656 1568 3706 18-20.
1592 3660 1669 3706 An
1693 3655 1761 3707 sit
1792 3653 2117 3708 contradictio
2147 3652 2280 3705 inter
2302 3656 2428 3707 Gen.
2452 3668 2485 3714 ι,
2512 3656 2568 3704 5t
2607 3660 2662 3705 et
2688 3656 2815 3706 Gen.
2845 3670 2928 3717 vn,
2955 3656 2986 3703 Ξ

320 3766 497 3821 Πολλά
528 3766 625 3836 μὲν
658 3764 750 3818 οὖν
781 3764 846 3818 ἀν
863 3782 947 3828 τις
976 3766 1120 3818 εἴποι
1154 3764 1282 3833 περὶ
1302 3762 1508 3831 ταύτης
1537 3762 1638 3831 τῆς
1672 3762 1841 3833 ζητή-

2018 3760 2191 3815 Multa
2238 3760 2461 3831 quidem
2501 3760 2568 3815 de
2630 3761 2733 3817 hac
2783 3763 3088 3832 quaestione
3131 3762 3241 3818 dici
3291 3774 3503 3831 possen‘

241 3877 404 3924 σεως”
436 3859 529 3912 καὶ
550 3860 656 3928 γὰρ
679 3859 774 3911 κα)¹
800 3857 907 3910 τῶν
936 3858 1042 3928 πρὸ
1072 3856 1229 3927 ἡμῶν
1284 3857 1383 3908 οὐκ
1416 3855 1585 3920 ὀλίγοι
1633 3852 1842 3924 ταύτην

1950 3851 2159 3906 Etenim
2188 3861 2243 3907 et
2270 3863 2397 3907 ante
2424 3868 2523 3908 nos
2557 3868 2664 3906 non
2695 3855 2851 3922 pauci
2889 3870 3010 3909 eam
3048 3854 3358 3909 solverunt.
3416 3854 3523 3908 Nor

239 3953 596 4008 ἐπελύσαντο·
625 3954 768 4005 εῐποι
795 3951 840 4004 δ’
862 3951 927 4005 ἀν
953 3967 1039 4013 τις
1085 3951 1145 4004 οὐ
1199 3948 1389 4019 ττάρρω
1424 3950 1524 4018 τῆς
1552 3946 1841 4016 ἀκριϐείας

1950 3943 2106 4014 longe
2153 3959 2185 3999 a
2232 3946 2464 3999 veritate
2512 3945 2731 3999 abesset
2775 3946 2870 4016 qui
2924 3947 3131 4002 diceret
3161 3948 3305 4002 inter
3337 3964 3395 4003 se
3428 3965 3494 4003 ne

240 4048 574 4119 φερόμενος,
635 4046 711 4110 ὡς
746 4045 846 4097 οὐκ
877 4043 1131 4114 ἀλλήλοις
1158 4041 1218 4095 τό
1268 4059 1328 4094 τε
1355 4040 1601 4111 καθαρὸν
1635 4041 1730 4094 καὶ
1781 4038 1840 4093 τὸ

1950 4037 2146 4107 opponi
2196 4038 2460 4092 mundum
2489 4050 2543 4093 et
2585 4039 2919 4109 pulchrum;
2962 4040 3191 4110 pulchro
3224 4042 3370 4095 enim
3417 4058 3488 4099 ni;

238 4141 431 4194 καλόν·
455 4139 532 4209 τῷ
568 4138 664 4209 μὲν
696 4137 806 4207 γὰρ
842 4135 991 4206 καλῷ
1024 4135 1085 4188 τὸ
1123 4134 1316 4198 κακὸν,
1343 4132 1423 4204 τῷ
1454 4132 1500 4186 δ’
1534 4130 1832 4200 ἀκαθάρτῳ

1950 4128 2093 4195 lum,
2144 4130 2430 4185 immundo
2488 4141 2671 4186 autem
2728 4134 2993 4187 mundum
3022 4149 3087 4189 ex
3124 4132 3355 4189 adverso
3411 4144 3498 4190 est

238 4234 304 4284 τὸ
327 4230 563 4302 καθαρὸν
576 4230 921 4301 διαμάχεται·
943 4226 1253 4298 ἀκάθαρτον
1271 4225 1327 4279 δὲ
1345 4226 1439 4279 καὶ
1455 4224 1621 4277 καλὸν
1641 4223 1742 4276 οὐκ
1764 4223 1832 4277 ἂν

1955 4220 2277 4276 inmundum
2301 4239 2432 4277 vero
2458 4232 2512 4278 et
2540 4225 2831 4294 pulchrum
2860 4242 2967 4279 non
3002 4236 3259 4280 accurate
3289 4242 3507 4297 oppone

239 4327 332 4392 εἴη
371 4342 436 4393 τε
483 4326 548 4396 τῇ
586 4341 649 4393 γε
684 4321 940 4393 ἀκριϐείᾳ
970 4320 1302 4391 μαχόμενον·
1336 4320 1383 4371 εἰ
1418 4319 1517 4387 μὲν
1543 4316 1635 4371 οὖν
1663 4315 1833 4369 εἰπὼν

1950 4324 2144 4368 -entur.
2175 4315 2232 4369 Si
2254 4332 2384 4384 ergo
2410 4326 2711 4387 postquam
2744 4318 2957 4373 dixerat
2986 4336 3000 4372 :
3028 4337 3047 4371 ι
3081 4318 3278 4374 Omnia
3307 4320 3539 4389 pulchra

242 4416 576 4487 ἔμπροσθεν,
609 4435 626 4467 ι
655 4415 839 4468 Πάντα
874 4412 1017 4467 καλά
1048 4412 1191 4479 λίαν,
1221 4430 1238 4461 ι
1261 4410 1487 4480 ὕστερον
1504 4409 1752 4480 ἐπήγαγε
1767 4407 1835 4460 τὰ

1950 4407 2107 4473 valde,
2139 4426 2158 4460 ι
2191 4407 2385 4463 deinde
2417 4410 2740 4480 subjeeisset
2761 4412 2866 4466 alia
2899 4410 3119 4482 quidem
3141 4428 3262 4467 esse
3285 4412 3536 4481 pulchra,

245 4508 349 4579 μὲν
373 4507 550 4560 αὐτῶν
574 4502 712 4558 εἶναι
732 4502 893 4564 καλὰ.
920 4504 989 4557 τά
1006 4503 1063 4557 δὲ
1076 4502 1273 4573 φαῦλα,
1296 4500 1454 4555 τοῦτο
1482 4502 1548 4556 ἂν
1565 4501 1652 4572 εἴη
1689 4516 1836 4571 παρ-

1950 4498 2041 4552 ilia
2100 4510 2283 4554 autem
2352 4500 2514 4566 mala,
2544 4501 2669 4556 inde
2698 4511 3019 4557 nasceretur
3043 4501 3365 4569 diliicultas;
3393 4519 3533 4572 quo-

239 4602 366 4671 έχον
381 4600 440 4652 τὸ
456 4600 678 4669 ἄπορονο
694 4596 818 4649 ἐπεὶ
841 4596 897 4649 δὲ
920 4594 1064 4649 καλά
1084 4594 1204 4647 λίαν
1230 4592 1403 4647 είπὼν
1432 4593 1501 4648 τὰ
1531 4592 1630 4664 μὲν
1658 4590 1840 4645 αὐτῶν

237 4694 412 4761 ἔφησε
441 4691 656 4760 καθαρᾶ
677 4690 773 4755 ,τὰ
791 4689 846 4741 δὲ
870 4687 1181 4758 ἀκάθαρτα,
1203 4685 1304 4757 τὴν
1334 4685 1515 4757 μάχην
1558 4684 1838 4753 διέφυγεν·

238 4780 386 4834 οὔτω
420 4781 517 4850 μὲν
558 4780 622 4833 ἂν
670 4778 978 4849 κοινότερον
1022 4777 1088 4831 ἀν
1125 4793 1211 4839 τις
1262 4776 1408 4830 εἴποι
1457 4776 1555 4830 καλ⁸
1608 4774 1842 4844 λογικώ-

236 4890 423 4944 τερον.
454 4873 659 4924 Ἐκεῖνο
674 4871 731 4924 δὲ
752 4870 930 4934 δεῖτις
961 4868 1212 4935 συνιδεῖν,
1234 4866 1309 4932 ὡς
1330 4868 1390 4921 τὸ
1415 4868 1513 4938 μὲν
1546 4867 1690 4920 καλά
1719 4866 1841 4920 λίαν

238 4968 426 5020 πάντα
467 4960 606 5017 εῖναι
637 4964 730 5016 ἐπὶ
768 4964 867 5033 τῆς
908 4962 1018 5015 τῶν
1062 4958 1578 5031 δημιουργηθέντων
1626 4957 1841 5027 φύσεως

1874 4573 1916 4626 Ῑ)
1947 4590 2091 4643 niam
2124 4605 2279 4653 vero,
2303 4601 2591 4661 postquam
2621 4592 2759 4648 dixit
2787 4594 3015 4662 pulchra
3051 4593 3234 4659 nimis,
3258 4594 3363 4647 alia
3393 4594 3535 4647 atIir-

1946 4684 2117 4736 mavit
2139 4698 2260 4737 esse
2285 4685 2487 4739 munda
2510 4692 2563 4739 et
2592 4685 2697 4739 alia
2724 4686 3008 4739 immunda
3047 4700 3270 4740 omnem
3303 4694 3532 4739 contra-

1944 4775 2239 4830 dictionem
2288 4777 2567 4846 praeeavit.
2624 4776 2781 4843 Quod
2833 4777 3055 4847 quidem
3096 4777 3448 4832 communitis
3477 4788 3535 4833 et

1944 4867 2322 4923 rationabilius
2349 4867 2457 4923 diei
2490 4878 2692 4939 posset.
2728 4868 2957 4939 Oportet
2985 4880 3167 4924 autem
3198 4878 3252 4924 et
3294 4869 3400 4925 hoc
3444 4869 3536 4924 iu-

1949 4958 2211 5028 telligere,
2250 4959 2383 5014 illud
2415 4960 2637 5028 quidem
2669 4960 2857 5015 omnia
2892 4960 3118 5030 pulchra
3139 4976 3261 5016 esse
3282 4960 3351 5016 de
3373 4976 3532 5016 crea-

240 5058 477 5129 εἴρηται⁹
500 5057 557 5111 τὸ
576 5057 632 5111 δὲ
656 5057 893 5128 καθαρὸν
909 5057 1004 5109 καὶ
1022 5053 1328 5125 ἀκάθαρτον
1352 5051 1443 5105 ἐπὶ
1462 5052 1557 5122 τῆς
1581 5050 1731 5118 παρά
1745 5049 1844 5103 τῶν

1956 5061 2202 5105 turarum
2218 5062 2409 5105 natura
2429 5053 2633 5107 dictum
2654 5071 2670 5120 ;
2695 5054 3031 5108 iunmundum
3048 5069 3178 5109 vero
3194 5063 3249 5109 et
3264 5056 3534 5110 mundum

240 5151 549 5225 ἀνθρώπων
576 5151 846 5223 χρήσεως·
895 5149 1090 5219 χρῆσις
1112 5147 1170 5200 δὲ
1221 5146 1314 5199 καὶ
1336 5145 1498 5214 φύσις
1524 5142 1844 5214 παμπόλλην

1950 5141 2018 5197 de
2050 5160 2149 5197 usu
2198 5145 2266 5197 ab
2299 5144 2615 5201 hominibus
2650 5144 2918 5202 faciendo.
2968 5146 3110 5207 Usus
3143 5149 3293 5203 enim
3339 5156 3393 5202 et
3432 5164 3534 5203 na-

239 5250 429 5315 ἓχουσι
446 5243 543 5315 τὴν
562 5243 826 5314 διαφοράν
847 5257 863 5274 ο
882 5240 1054 5294 πολλὰ
1073 5239 1171 5310 μὲν
1191 5237 1300 5310 γὰρ
1322 5242 1390 5309 τῇ
1405 5237 1562 5305 φύσει
1582 5238 1698 5289 ἐστὶ
1725 5235 1844 5289 λίαν

1950 5246 2067 5291 tura
2116 5238 2345 5291 multum
2402 5240 2544 5292 inter
2567 5254 2625 5294 se
2654 5240 2932 5295 differunt.
2989 5241 3155 5295 Multa
3210 5256 3406 5310 nempe
3436 5256 3533 5295 na-

237 5338 479 5412 χρηστὰ.
519 5338 630 5399 τοῖς
674 5334 978 5406 χρωμένοις
1017 5334 1075 5386 δὲ
1115 5332 1326 5402 γίνεται
1354 5330 1472 5383 λίαν
1504 5328 1735 5400 πονηρὰ,
1776 5328 1839 5382 οὐ

1950 5337 2065 5384 tura
2102 5329 2257 5384 valde
2297 5331 2436 5384 bona
2469 5341 2618 5394 sunt,
2651 5335 2932 5388 utentibus
2963 5345 3143 5388 autem
3194 5334 3332 5388 ﬁunt
3375 5334 3532 5388 valde

240 5431 398 5504 παρὰ
420 5432 533 5494 τοῖς
553 5430 653 5498 τὴν
672 5429 879 5481 ἑαυτῶν
910 5426 1092 5495 φύσιν,
1114 5425 1251 5478 ἀλλὰ
1282 5424 1431 5494 παρὰ
1448 5424 1549 5491 τὴν
1578 5422 1683 5474 τῶν
1705 5437 1837 5490 χρω·

1950 5421 2109 5486 mala,
2142 5437 2247 5475 non
2280 5434 2500 5491 propter
2546 5425 2790 5495 ipsorum
2841 5436 3119 5491 naturam,
3164 5426 3259 5482 sed
3304 5437 3530 5497 propter

244 5525 425 5597 μένων
455 5520 788 5592 φαυλότητα*
823 5518 915 5572 καὶ
946 5519 1031 5571 ἵνα
1058 5519 1169 5581 τοῖς
1194 5516 1578 5587 προκειμένοις
1600 5514 1634 5585 ἡ
1654 5514 1836 5576 πίστις

248 5620 339 5673 ιιαὶ
375 5615 642 5685 ἑτέρωθεν
666 5614 887 5683 ἐπιστῇ,
913 5611 1111 5665 αὐτίκα
1142 5610 1169 5662 ὁ
1193 5607 1419 5679 οὐρανὸς
1439 5607 1499 5661 τὸ
1526 5605 1838 5677 θαυμαστὸν

314 5799 358 5828 ⁸¹
403 5795 596 5850 Matth.
628 5809 726 5863 vn,
766 5794 817 5849 7.

1947 5515 2217 5569 utentium
2278 5516 2564 5572 malitiam.
2615 5516 2682 5570 Et
2730 5527 2789 5571 ut
2844 5519 3277 5586 praecedentibus
3305 5518 3440 5573 lides
3472 5527 3529 5573 et

1948 5606 2166 5662 aliunde
2191 5606 2535 5675 adhibeatur,
2570 5610 2770 5665 malum
2815 5612 2999 5666 statim
3031 5611 3187 5668 adest
3213 5610 3529 5666 mirandum
