3916 6192
398 278 504 344 H3
1554 297 1818 358 PHOTII
1860 296 2370 357 PATRIARCHIE
2396 296 2507 356 cr.
3573 291 3679 357 144

390 407 444 448 et
478 395 774 464 perlectum
802 413 943 470 opus
975 400 1117 457 inter
1143 418 1205 458 ea
1228 420 1359 476 quae
1384 406 1543 466 valde
1574 410 1801 479 pulchra
1824 420 1971 467 sunt.

2080 408 2237 463 τοῦτο
2266 410 2361 462 καὶ
2396 409 2560 479 σοφὸν
2604 404 2977 477 φιλοτέχνημα
3020 402 3130 458 τῶν
3160 399 3280 459 λίαν
3310 403 3429 458 ἐστὶ
3471 404 3676 460 καλῶν·

390 487 461 541 lis
492 498 679 546 autem
710 492 805 563 qui
837 493 966 550 illud
997 496 1259 569 ellingunt
1302 501 1504 557 animal
1550 503 1745 561 videns
1786 513 1842 561 et
1883 520 1971 561 ra-

2080 503 2191 565 τοίς
2216 502 2275 555 δὲ
2298 501 2438 566 ζῶον
2468 499 2712 573 ἔμψυχον
2734 498 2867 552 αὐτὸ
2890 499 2982 552 καὶ
3010 496 3229 567 λογικὸν
3264 498 3361 550 xui.
3389 498 3523 553 Θεὸν
3547 501 3699 568 ἀνασ,

392 584 541 641 tione
569 586 857 657 prmditum
889 596 945 645 et
986 588 1182 657 Deum,
1203 593 1408 665 quique
1436 611 1546 653 non
1581 597 1850 664 Creatori,
1881 599 1971 657 sed

2080 593 2338 660 πλάσασι,
2364 594 2461 648 xui.
2488 592 2609 647 ἀντὶ
2639 590 2735 646 τοῦ
2759 588 3102 662 Δημιουργοῦ
3124 588 3204 659 τῷ
3229 589 3682 661 δημιουργήματι

389 689 659 735 creatura:
688 682 1093 739 venerationem
1130 696 1413 759 praestant,
1460 696 1515 743 et
1540 690 1743 759 quibus
1774 691 1971 748 licebat

2080 687 2141 741 τὸ
2198 686 2364 751 σέϐας
2414 685 2697 755 ἀνάψασι,
2733 684 2830 738 καὶ
2874 676 2957 747 οἷς
2994 682 3114 747 ἐξὸν
3158 682 3257 753 μὲν
3316 682 3562 752 χρῆσθαι
3591 683 3668 745 ὡς

388 788 454 825 cu
503 774 578 829 uti
605 776 1067 844 quemadmodum
1120 790 1375 837 creatura
1432 783 1604 837 utitur
1651 799 1971 854 conservus,

2080 777 2344 848 κτίσματι
2380 777 2472 831 τὸν
2498 775 2817 848 ὁμόδουλον,
2842 773 3052 836 τούτοις
3088 773 3154 843 δὴ
3210 771 3423 835 τούτοις
3448 772 3510 824 τὸ
3540 772 3680 825 xul-

389 864 443 917 ill
453 866 497 919 is
524 880 658 921 sane
680 868 827 937 quod
858 878 1069 925 natura;
1091 871 1524 940 pulcherrimum
1538 886 1678 941 erat,
1694 875 1971 931 funestum

2080 869 2262 923 λιστον
2315 872 2385 941 τῇ
2439 868 2647 938 φύσει,
2684 866 2930 939 ὀλέθριόν
2984 882 3042 918 τε
3078 866 3173 918 καὶ
3236 864 3500 918 κάκιστον
3548 867 3677 920 ἁνα-

385 967 441 1010 rt
474 958 777 1026 pessimum
817 964 1196 1028 constituitur,
1236 965 1372 1020 nihil
1403 967 1622 1036 quidem
1651 969 1887 1039 propria:
1920 978 1971 1024 et

2080 961 2351 1015 δείκνυται
2389 1000 2406 1027 ,
2453 959 2608 1015 οὐδὲν
2673 957 2771 1027 μὲν
2822 956 2954 1010 αὐτὸ
3011 955 3111 1024 τῆς
3156 955 3365 1018 οἰκείας
3417 957 3513 1008 xui.
3563 957 3669 1024 ἐμ-

388 1048 649 1117 iugenita:
670 1052 1100 1120 pulchritudinis
1135 1058 1419 1125 amittens,
1446 1060 1539 1114 sed
1563 1069 1787 1130 propter
1823 1062 1971 1116 insa-

2080 1053 2247 1123 φύτου
2283 1051 2550 1123 καλλονῆς
2604 1049 2880 1105 ἀποϐαλὸν
2905 1087 2922 1112 ,
2968 1047 3117 1119 παρά
3173 1047 3231 1099 δὲ
3257 1045 3356 1116 τὴν
3379 1046 3681 1117 ἀγνώμονα

387 1154 515 1193 nam
550 1155 953 1199 conservorum
980 1147 1266 1203 audaciam
1300 1157 1356 1204 et
1393 1149 1627 1206 abusum
1662 1161 1971 1207 extremum

2080 1147 2184 1199 τῶν
2208 1144 2518 1216 ὁμοδούλων
2541 1143 2749 1213 τόλμαν
2787 1142 2882 1195 καὶ
2908 1140 3262 1211 παράχρησιν
3299 1139 3533 1209 ἔσχατον
3576 1140 3680 1193 αὑ-

388 1232 594 1287 malum
646 1234 754 1290 illis
798 1234 1001 1292 factum
1041 1255 1054 1291 :
1090 1237 1276 1309 itaque
1303 1239 1452 1294 aliud
1482 1250 1567 1295 est
1592 1250 1805 1296 naturae
1848 1243 1971 1311 pul-

2080 1242 2187 1302 τοῖς
2220 1238 2389 1293 κακὸν
2419 1238 2663 1307 γεγονός·
2687 1235 2861 1298 οὕτως
2893 1233 3082 1303 ἓτερον
3138 1232 3257 1285 ἐστι
3294 1231 3512 1301 φύσεως
3544 1231 3681 1285 καλ-

387 1322 665 1392 cbritudo,
685 1327 900 1383 ctaliud
926 1344 1129 1398 pravus
1159 1330 1323 1401 hujus
1342 1342 1555 1387 natura:
1577 1350 1728 1389 usus.
1770 1332 1970 1395 Omnia

2080 1335 2203 1406 λονὴ
2234 1335 2331 1389 καὶ
2383 1335 2577 1406 χρῆσις
2628 1334 2996 1401 ἀπρόσφορος·
3048 1328 3231 1383 πάντα
3282 1328 3383 1398 μὲν
3417 1324 3512 1381 οὖν
3557 1328 3683 1380 λίαν

388 1416 556 1488 igitur
594 1420 806 1476 ratione
851 1430 1061 1477 naturae
1105 1423 1262 1479 valde
1294 1424 1521 1494 pulchra
1578 1437 1737 1492 sunt;
1778 1443 1971 1482 eorum

2080 1430 2217 1484 καλά
2244 1429 2322 1500 τῷ
2349 1428 2494 1495 λόγῳ
2516 1428 2617 1497 τῆς
2649 1427 2886 1495 φύσεωςο
2918 1425 2953 1490 ἡ
2982 1422 3039 1476 δὲ
3064 1420 3273 1476 τούτων
3312 1422 3510 1492 χρῆσις
3552 1420 3683 1474 οὔτε

387 1524 519 1565 vero
534 1527 665 1568 usus
683 1529 790 1569 non
809 1515 1068 1571 omnibus
1091 1516 1291 1580 bonus,
1310 1533 1485 1588 neque
1507 1518 1755 1574 omnium
1774 1520 1971 1577 similis

2080 1524 2210 1579 πᾶσι
2258 1522 2420 1594 καλὴ,
2447 1519 2572 1576 οὔτε
2604 1520 2824 1573 πάντων
2868 1516 3053 1589 ὁμοία,
3084 1516 3147 1569 ού
3192 1515 3353 1585 μόνον
3404 1516 3539 1583 πρὸς
3578 1515 3682 1585 τὴν

388 1617 496 1656 non
529 1604 693 1660 modo
722 1605 950 1661 relative
973 1607 1039 1663 ad
1069 1607 1371 1665 humanam
1402 1618 1681 1675 naturam,
1712 1610 1810 1667 sed
1832 1610 1971 1667 alio-

2080 1614 2425 1686 ἀνθρωπίνην
2498 1611 2960 1683 παραϐαλλομένη
3015 1608 3181 1679 φύσιν
3206 1649 3222 1674 ,
3254 1608 3385 1663 ἀλλ’
3417 1608 3541 1662 ούδὲ
3569 1607 3683 1661 τῶν

386 1710 507 1749 rum
548 1696 617 1755 ad
650 1698 777 1754 alia.

2080 1706 2253 1761 ἄλλων
2278 1704 2417 1777 πρὸς
2447 1703 2681 1772 ἄλληλα.

459 1783 709 1843 Forsitan
734 1801 920 1847 autem
954 1790 1044 1847 illa
1072 1791 1275 1848 solutio
1309 1792 1376 1848 ad
1404 1793 1682 1864 propriam
1716 1794 1971 1864 pervenit

2145 1802 2300 1871 Τάχα
2326 1800 2384 1855 δὲ
2418 1800 2528 1856 οὐδ’
2564 1800 2597 1869 ὴ
2631 1797 2787 1862 λύσις
2840 1796 2979 1869 αὕτη
3023 1797 3159 1868 πρὸς
3210 1795 3308 1865 τὴν
3365 1792 3679 1858 ἰδιάζουσαν

385 1878 864 1971 perspicuitatem;
922 1886 1019 1947 sed
1069 1885 1251 1941 adhuc
1300 1888 1528 1958 propius
1568 1888 1810 1945 eundum
1860 1897 1966 1949 est.

2080 1893 2309 1965 κατῆλθε
2365 1893 2688 1962 σαφήνειαν,
2742 1889 2874 1945 ἀλλ’
2908 1891 2990 1943 ἐτι
3018 1890 3101 1943 δεῖ
3139 1888 3390 1943 κατιέναι
3420 1886 3680 1957 πλησιαί-

385 1972 573 2043 Itaque
619 1976 853 2035 dicimus
893 1979 1013 2043 hoc,
1069 1980 1253 2034 omnia
1306 1996 1502 2051 nempe
1544 1996 1668 2038 esse
1712 1983 1854 2038 bona
1898 1982 1966 2038 ad

2080 1999 2249 2054 τερον·
2281 1981 2363 2035 διό
2393 1996 2574 2052 φαμεν
2602 1978 2665 2032 τὸ
2704 1978 2801 2049 μὲν
2830 1974 2973 2032 καλὰ
3010 1977 3130 2032 λίαν
3178 1972 3320 2030 εἶναι
3351 1976 3552 2039 πάντα,
3585 1977 3666 2038 είς

384 2067 686 2124 rreationis
736 2080 791 2137 et
843 2082 1051 2127 natura:
1082 2072 1353 2127 rationem
1387 2072 1619 2139 referri;
1666 2073 1796 2129 illud
1835 2090 1967 2130 vero

2080 2076 2161 2128 τὸν
2199 2075 2297 2143 τῆς
2325 2072 2692 2143 δημιουργίας
2721 2072 2816 2125 καὶ
2838 2071 3057 2139 φύσεως
3081 2070 3241 2138 λόγον
3270 2069 3671 2141 ἀναφέρεσθαι·

384 2158 491 2212 alia
524 2174 714 2215 eorum
758 2176 881 2218 esse
926 2163 1152 2233 munda,
1190 2172 1243 2220 et
1269 2165 1373 2219 alia
1410 2164 1692 2221 immunda
1747 2181 1853 2221 non
1897 2183 1965 2221 an

2080 2168 2129 2221 τὸ
2157 2167 2214 2221 δὲ
2244 2167 2312 2220 τὰ
2353 2166 2455 2235 μὲν
2510 2164 2690 2221 αὐτῶν
2714 2161 2856 2216 εἷναι
2884 2162 3121 2235 καθαρὰ,
3168 2162 3235 2219 τὰ
3266 2162 3322 2216 δὲ
3353 2161 3667 2232 ἀκάθαρτα,

382 2252 679 2309 creationis
708 2270 884 2325 neque
926 2264 1157 2324 naturae,
1208 2257 1303 2313 sed
1354 2256 1422 2312 ad
1472 2258 1731 2314 sacriticii
1776 2268 1831 2314 et
1864 2259 1967 2314 bu-

2080 2259 2190 2313 ιύδὲ
2218 2260 2299 2323 είς
2328 2258 2420 2311 τὸν
2450 2257 2552 2326 τῆς
2580 2254 2971 2327 δημιουργίας,
3026 2253 3150 2308 οὔτε
3190 2254 3298 2326 μὴν
3334 2255 3417 2317 είς
3453 2253 3547 2307 τὸν
3577 2255 3677 2323 τῆς

381 2358 559 2400 mana:
586 2348 860 2416 opinionis
891 2348 1203 2414 rationem;
1265 2350 1473 2406 creatio
1523 2361 1707 2407 autem
1754 2361 1808 2407 et
1865 2368 1966 2406 na-

2080 2352 2305 2422 ρύσεως,
2344 2348 2461 2402 ἀλλ’
2491 2350 2573 2409 εἰς
2598 2347 2691 2401 τὸν
2716 2347 2818 2416 τῆς
2869 2344 3065 2409 θυσίας
3114 2346 3210 2400 καὶ
3238 2346 3338 2416 τῆς
3388 2344 3678 2413 ἀνθρωπί-

381 2445 505 2492 tura
532 2438 598 2493 ad
628 2441 940 2510 opinionem
973 2452 1024 2501 et
1050 2446 1387 2502 sacrificium
1423 2463 1532 2503 non
1559 2457 1676 2501 rata
1704 2463 1965 2503 mensura

2080 2459 2169 2511 νης
2196 2440 2539 2511 ὑπολήψεως⁸
2559 2437 2893 2508 δημιουργία
2911 2436 2967 2491 δὲ
2994 2436 3092 2491 xui.
3120 2436 3284 2507 φύσις
3312 2436 3445 2506 πρὸς
3474 2437 3681 2504 ὑπόλη-

380 2529 758 2600 dirinmntur,
817 2540 1121 2603 praesertim
1172 2539 1459 2596 sacriﬁciis
1513 2548 1567 2594 et
1612 2539 1966 2609 Opinionibus

2080 2532 2159 2605 ἶνιν
2177 2534 2272 2586 καὶ
2294 2530 2507 2590 θυσίαν,
2522 2530 2642 2582 οὐδὲ
2667 2527 2815 2601 ῥητῷ
2838 2527 3025 2599 μέτρῳ
3052 2526 3484 2599 διατειχείςεται,
3513 2526 3678 2594 μάλι-

381 2636 492 2675 non
524 2622 716 2680 iisdem
749 2628 979 2684 omnino
1024 2628 1080 2684 in
1109 2630 1301 2687 eodem
1329 2630 1541 2702 judicio
1570 2632 1880 2699 stantibus;
1911 2641 1969 2689 et

2080 2627 2173 2683 στά
2189 2643 2253 2696 γε
2272 2624 2379 2679 τῶν
2402 2624 2604 2677 θυσιῶν
2625 2622 2720 2676 καὶ
2734 2622 2842 2675 τῶν
2873 2620 3192 2692 ὑπολήψεων
3220 2621 3339 2691 οὐχὶ
3363 2620 3471 2675 τῶν
3492 2619 3676 2672 αὐτῶν

380 2714 508 2784 quia
544 2732 653 2772 non
702 2720 773 2775 ab
812 2720 968 2777 initio
996 2723 1295 2779 creationis
1338 2724 1447 2781 alia
1478 2726 1702 2795 quidem
1740 2741 1878 2796 pura
1912 2735 1969 2782 et

2080 2720 2156 2775 5ιά
2186 2718 2386 2782 παντὸς
2414 2717 2506 2770 ἐπὶ
2526 2717 2625 2787 τῆς
2644 2714 2813 2785 αὐτῆς
2839 2714 3145 2784 ἱσταμένων
3172 2712 3430 2786 κρίσεως
3465 2714 3561 2767 xu‘t
3592 2713 3677 2767 ὅτι

382 2809 489 2866 alia
518 2811 733 2883 impura
763 2814 1280 2887 distinguebantur,
1314 2833 1380 2873 ex
1413 2820 1651 2889 quadam
1684 2835 1811 2876 vero
1851 2819 1965 2876 cir-

2080 2811 2189 2866 ιύδ¹
2211 2810 2307 2864 ἀπ’
2330 2809 2505 2882 ἀρχῆς
2521 2810 2621 2879 τῆς
2649 2805 3014 2878 δημιουργίας
3040 2806 3109 2858 τά
3133 2805 3233 2873 μὲν
3258 2803 3494 2871 καθαρά,
3514 2803 3585 2857 τὰ
3618 2803 3676 2857 δὲ

381 2906 714 2961 cumstantia
766 2907 908 2969 hanc
952 2909 1319 2969 dill'erentiam
1361 2920 1713 2982 acceperunt.
1758 2912 1968 2984 (Egyp-

2080 2902 2362 2971 ὶκάθαρτα
2393 2897 2751 2953 διεστέλλετω
2783 2897 2893 2952 ἀπό
2912 2914 3056 2962 τινος
3086 2896 3145 2949 δὲ
3171 2896 3556 2984 περιστάσεως
3574 2896 3676 2965 τὴν

384 2996 474 3051 tiis
504 2999 651 3053 enim
677 3001 821 3069 apud
849 3017 989 3073 quos
1015 3002 1317 3060 Israelitica
1334 3020 1469 3077 gens
1491 2981 1765 3061 serviebat
1794 2981 1967 3061 multa

2080 2992 2337 3064 διαφορὰν
2366 2989 2573 3061 ταύτην
2629 2989 2868 3054 ἐδέξατο.
2908 2989 3221 3059 Αἰγυπτίων
3249 2989 3357 3063 γάρ
3399 2989 3457 3041 έν
3499 2981 3583 3051 οἷς
3615 2987 3674 3041 τὸ

383 3091 644 3147 animalia
676 3103 734 3147 ut
764 3096 895 3151 deos
928 3098 1348 3161 venerantibus,
1381 3113 1506 3153 cum
1539 3097 1608 3153 iis
1636 3099 1793 3154 valde
1835 3114 1969 3154 sane

2087 3082 2480 3154 Ἰσραηλιτικὺν
2530 3081 2682 3145 ἔθνος
2738 3080 2964 3151 ὲθήτευε
3030 3079 3201 3135 πολλά
3250 3080 3358 3134 τῶν
3397 3080 3555 3145 ζώων
3596 3083 3677 3144 είς

384 3184 632 3252 pulchris
657 3186 798 3241 male
840 3196 1145 3253 uterentur,
1195 3206 1266 3245 ne
1310 3200 1367 3246 et
1400 3189 1695 3247 lsraclitica
1730 3207 1864 3262 gens
1911 3192 1964 3248 in

2080 3175 2215 3229 θεῶν
2237 3171 2620 3244 ἀναφερόντων
2670 3172 2859 3237 σέόας,
2876 3172 3178 3245 ἐπειδήπερ
3213 3173 3395 3236 αὐτοῖς
3413 3171 3537 3225 λίαν
3558 3171 3676 3226 οὖσι

388 3276 535 3332 hunc
568 3277 868 3348 pessimum
900 3296 1058 3335 usum
1086 3282 1452 3339 abduceretur
1479 3294 1534 3340 et
1559 3284 1806 3339 divinum
1850 3285 1971 3340 cul-

2080 3268 2257 3330 καλοῖς
2276 3265 2465 3326 κακῶς
2484 3264 2826 3337 εὲκέχρηντο,
2852 3264 2939 3318 ἴνα
2963 3265 3039 3336 μὴ
3063 3267 3159 3318 xui.
3185 3264 3247 3318 τὸ
3280 3265 3677 3337 Ἱσραηλιτικδν

387 3376 503 3422 tum
537 3368 715 3425 brutis
745 3372 1053 3440 adhiberet,
1081 3373 1362 3431 immunda
1394 3376 1484 3430 illa
1517 3376 1795 3447 legislator
1820 3375 1971 3448 Moy-

2080 3359 2232 3428 γένος
2251 3357 2331 3420 είς
2352 3354 2568 3424 ἐκείνην
2595 3354 2693 3426 τὴν
2718 3354 2931 3425 φαύλην
2954 3356 3227 3426 ἀπενεχθῇ
3254 3354 3474 3424 χρῆσιν,
3494 3354 3591 3406 xui.
3613 3354 3677 3406 τὸ

386 3476 478 3515 ses
524 3462 720 3518 merito
780 3467 1149 3536 nuncupavit;
1210 3483 1318 3523 non
1371 3467 1517 3523 enim
1575 3484 1642 3523 ex
1694 3468 1971 3524 creatione

2080 3448 2217 3503 θεῖον
2253 3448 2416 3513 σέδας
2452 3450 2565 3511 τοῖς
2594 3446 2810 3515 ἀλόγοις
2847 3448 3091 3519 περιάψῃ
3122 3488 3138 3513 ,
3181 3446 3468 3517 ἀκάθαρτα
3496 3444 3676 3499 ταῦτα

389 3552 751 3610 immunditiae
808 3557 1238 3629 participabant,
1297 3561 1481 3625 absit,
1538 3574 1717 3630 neque
1772 3570 1972 3615 natura

387 3646 674 3705 immunda
725 3661 904 3716 erant,
957 3654 1055 3709 sed
1091 3670 1202 3709 non
1261 3655 1484 3720 munde,
1522 3652 1752 3725 profane
1783 3664 1970 3709 autem

388 3754 438 3797 ct
471 3744 635 3815 impie
688 3746 855 3804 nimis
882 3747 1208 3820 Egyptiaca
1248 3751 1397 3806 natio
1432 3750 1500 3806 iis
1535 3751 1809 3806 utebatur.
1854 3747 1972 3804 Etsi

389 3848 519 3890 vero
548 3837 797 3906 quaedam
828 3855 1019 3897 eorum
1044 3858 1165 3911 qum
1198 3844 1341 3913 apud
1383 3843 1671 3915 Egyptios
1700 3844 1777 3898 dii
1805 3844 1973 3900 babe-

388 3928 610 3995 bautur,
643 3942 701 3985 ut
732 3933 919 3987 bovem
949 3943 1003 3990 et
1034 3934 1272 4002 hircum,
1300 3937 1355 3989 in
1401 3938 1733 3991 mundorum
1776 3953 1973 3992 nume-

390 4039 508 4076 rum
541 4022 753 4094 Moyses
790 4027 994 4089 retulit.
1024 4028 1159 4083 nihil
1196 4040 1389 4085 contra
1416 4031 1733 4100 pradictam
1763 4031 1970 4088 doctri-

387 4132 514 4172 nam
580 4133 762 4187 neque
816 4127 1006 4175 contra
1066 4122 1349 4192 proprium
1416 4138 1642 4192 scopum
1706 4122 1968 4193 perfecit;

386 4208 588 4263 etenim
612 4224 801 4265 eorum
831 4227 950 4282 qua:
989 4212 1133 4282 apud
1160 4228 1255 4269 eos
1284 4222 1344 4267 ut
1374 4213 1451 4268 dii
1477 4214 1819 4278 colebantur,
1864 4215 1970 4269 alia

387 4301 608 4370 quidem
654 4302 934 4358 immunda
980 4320 1202 4370 vocans,
1242 4306 1347 4360 alia
1379 4314 1561 4361 autem
1602 4305 1966 4360 immolationi

385 4405 444 4448 et
481 4395 733 4466 sanguini
786 4406 842 4451 et
876 4398 1036 4453 morti
1066 4414 1289 4463 vovens,
1335 4398 1405 4452 ab
1455 4414 1648 4455 eorum
1697 4398 1846 4454 cultu
1892 4396 1971 4454 ls-

386 4487 629 4557 raclitas,
648 4498 704 4546 et
718 4504 749 4544 a
765 4489 964 4546 damno
983 4490 1094 4547 illis
1113 4491 1236 4546 inde
1255 4500 1510 4547 nascente
1521 4508 1589 4561 pa
1599 4492 1729 4547 riter
1744 4492 1966 4555 avertit;

385 4570 530 4652 quod
560 4582 705 4637 enim
754 4583 1182 4640 abominandum
1237 4594 1321 4639 est
1372 4592 1429 4639 et
1476 4584 1875 4640 immolandum
1918 4596 1973 4642 et

384 4673 546 4742 epulo
575 4685 965 4744 praeparatum,
1017 4692 1124 4729 non
1166 4674 1320 4731 credi
1364 4685 1548 4746 potest
1576 4690 1701 4731 esse
1729 4675 1862 4729 deus
1902 4676 1973 4731 ab

386 4766 455 4822 ἱιε
484 4766 578 4838 qui
617 4765 690 4827 ita
717 4768 903 4823 animo
925 4767 1257 4823 amciuntur.

452 5003 622 5074 Igitur
650 5004 857 5059 creatio
891 5002 981 5057 Dei
1010 5019 1176 5073 opera
1200 5005 1383 5060 omnia
1406 5006 1561 5060 valde
1591 5006 1818 5076 pulchra
1846 5020 1970 5076 pro-

384 5096 568 5161 duxit;
597 5104 652 5150 et
673 5105 863 5150 natura
894 5097 1137 5150 omnium
1164 5108 1247 5152 est
1269 5099 1511 5167 Optima;
1545 5099 1825 5152 hominum
1840 5114 1970 5153 vero

385 5188 569 5243 insani
600 5197 655 5243 et
676 5189 895 5259 exleges
932 5205 1065 5244 usus
1094 5192 1262 5245 multa
1293 5208 1357 5246 ex
1394 5192 1592 5247 creatis
1630 5190 1971 5262 profananth

384 5282 492 5337 alia
553 5280 776 5351 quidem
844 5282 1145 5337 existimari
1220 5292 1275 5337 et
1344 5280 1610 5354 appellari
1688 5282 1970 5337 immunda

388 5373 655 5434 fceerunt,
688 5372 794 5428 alia
825 5388 977 5439 vero,
1009 5374 1109 5429 etsi
1136 5376 1277 5429 banc
1312 5376 1381 5429 ab
1418 5375 1762 5431 immunditia
1801 5376 1974 5431 deuo-

386 5464 746 5520 tninationem
820 5465 1149 5537 ell‘ugerunt,
1206 5477 1391 5521 tamen
1454 5468 1614 5521 iidem
1679 5484 1814 5521 usus
1878 5467 1974 5520 Dei

387 5559 568 5614 amico
618 5574 841 5615 causam
892 5560 1237 5629 praebuerunt
1284 5560 1453 5615 altera
1506 5560 1762 5615 mctbodo
1814 5559 1973 5613 intel-

2073 3540 2378 3611 νομοθετῶν
2409 3543 2437 3594 ὁ
2460 3541 2666 3610 Μωσῆς
2690 3540 2917 3604 δικαίως
2968 3540 3247 3610 ὠνόμασε·
3283 3539 3514 3610 μέτοχον
3550 3538 3665 3608 γὰρ

2079 3633 2428 3703 ἀκαθαρσίας
2455 3633 2556 3685 ούκ
2583 3632 2692 3687 ἀπὸ
2732 3633 2834 3703 τῆς
2869 3632 3254 3704 δημιουργίας,
3295 3632 3501 3701 ἄπαγε,
3549 3632 3675 3685 οὐδ’

2074 3728 2109 3802 η
2141 3726 2303 3797 φύσις
2330 3723 2447 3797 εἶχε
2485 3727 2547 3780 τὸ
2572 3724 2885 3797 ἀκάθαρτον
2908 3765 2924 3791 ,
2955 3724 3071 3778 ἀλλ’
3120 3725 3203 3778 ὅτι
3257 3725 3318 3777 ού
3387 3724 3673 3794 καθαρῶς,

2078 3818 2279 3890 μᾶλλον
2307 3818 2364 3871 δὲ
2400 3817 2647 3889 βεδήλως
2689 3817 2812 3869 λίαν
2842 3818 2936 3870 xui.
2978 3817 3237 3888 ἀνιέρως,
3268 3816 3331 3869 τὸ
3353 3817 3677 3885 Αἰγυπτίων

2074 3913 2227 3976 ἔθνος
2276 3912 2487 3975 τούτοις
2536 3909 2900 3981 ὲπεχρήσατο.
2936 3908 3001 3962 Ei.
3030 3910 3086 3963 δὲ
3122 3908 3217 3963 καί
3252 3927 3373 3962 τινα
3411 3910 3524 3963 τῶν
3555 3910 3681 3963 θεο-

2075 4003 2421 4073 ποιουμένων
2452 4002 2604 4075 παρὰ
2648 4005 2759 4067 τοῖς
2812 4002 3139 4070 Αἰγυπτίοις
3170 4005 3199 4056 ὁ
3225 4002 3434 4070 Μωσῆς
3483 4001 3678 4071 ὥσπερ

2071 4095 2164 4150 τὸν
2192 4095 2318 4167 βοῦν
2356 4097 2449 4150 καὶ¹
2479 4096 2573 4150 τὸν
2619 4097 2824 4167 τράγον
2866 4098 2945 4160 είς
2974 4095 3072 4168 τὴν
3107 4095 3216 4149 τῶν
3244 4094 3500 4164 καθαρῶν
3522 4094 3677 4157 τάξιν

2072 4190 2390 4261 ἀπέκρινεν,
2425 4188 2578 4242 οὐδὲν
2617 4189 2744 4240 οὐδὲ
2797 4189 2953 4259 παρὰ
2983 4190 3084 4258 τὴν
3130 4186 3500 4257 προκειμένην
3533 4186 3679 4237 θεω-

2075 4284 2218 4350 ρίαν,
2247 4282 2370 4334 ούδὲ
2409 4281 2563 4351 παρὰ
2594 4281 2688 4335 τὸν
2730 4282 2930 4334 οἰκεῖον
2958 4283 3155 4334 σκοπὸν
3186 4280 3546 4351 διεπράξατο·
3574 4277 3678 4330 καὶ

2072 4372 2182 4444 γὰρ
2215 4375 2325 4427 τῶν
2349 4372 2718 4443 θειαζομένων
2744 4376 2870 4444 παρ’
2912 4374 3095 4435 αὐτοῖς
3145 4372 3213 4426 τὰ
3263 4371 3364 4444 μὲν
3405 4370 3678 4442 βδελυκτὰ

2076 4466 2314 4531 καλέσας
2342 4507 2357 4531 ,
2397 4468 2467 4520 τά
2513 4465 2571 4519 δὲ
2630 4469 2811 4536 σφαγῇ
2854 4468 2945 4519 καὶ
2997 4466 3189 4535 αἵματι
3231 4466 3325 4517 καὶ
3389 4464 3677 4535 ἀναιρέσει

2004 4559 2222 4624 υδοὺς,
2274 4558 2377 4627 τῆς
2440 4557 2647 4611 τούτων
2706 4557 2967 4628 λατρείας
3010 4556 3135 4620 τοὺς
3201 4556 3543 4626 Ἰσραηλίτας
3580 4556 3680 4608 καὶ

2079 4652 2180 4722 τῆς
2230 4650 2459 4705 αὐτόθεν
2506 4650 2693 4705 αὐτοῖς
2768 4650 3154 4721 ἀναφυομένης
3210 4648 3411 4719 βλάὸης
3467 4648 3679 4717 ὁμοίως

2078 4743 2458 4800 ἀπεκώλυσενο
2489 4743 2613 4797 οὔτε
2647 4742 2755 4815 γάρ
2783 4742 2845 4797 τὸ
2895 4742 3187 4813 βδελυκτὸν
3239 4740 3366 4794 οὔτε
3401 4741 3463 4794 τὸ
3520 4758 3672 4811 σφα-

2079 4834 2404 4907 γιαζόμενον
2452 4836 2546 4889 καὶ
2572 4834 2727 4909 θοίνῃ
2756 4833 3120 4906 προκείμενον
3165 4832 3265 4886 οὐκ
3294 4831 3361 4885 ἂν
3388 4830 3677 4903 νομισθείη

2081 4929 2192 4990 τοῖς
2220 4926 2366 4979 οὓτω
2413 4925 2543 4997 περὶ
2581 4926 2719 4981 αὐτὰ
2764 4924 3132 4995 διακειμένοις
3172 4922 3313 4985 θεός.

2162 5018 2225 5071 Ἡ
2255 5013 2497 5087 μὲν“οὗν
2538 5017 2869 5089 δημιουργία
2904 5016 3000 5069 τοῦ
3049 5015 3183 5069 Θεοῦ
3222 5015 3288 5068 τὰ
3330 5014 3678 5084 δημιουργῇ-

2081 5126 2227 5182 ματα
2246 5111 2424 5164 πάντα
2445 5108 2565 5161 λίαν
2584 5107 2723 5162 καλά
2748 5106 3129 5181 προηγάγετοο
3162 5105 3257 5158 xui.
3282 5107 3316 5176 ἡ
3348 5104 3509 5173 φύσις
3536 5105 3681 5157 πάν-

2078 5220 2188 5254 των
2222 5199 2332 5270 ἔχει
2383 5200 2443 5252 τὸ
2488 5198 2747 5271 ἄριστον·
2789 5196 3096 5270 ἀνθρώπων
3148 5196 3203 5249 δὲ
3239 5194 3543 5265 παράλογοι
3581 5195 3681 5247 καὶ

2081 5292 2339 5361 έκθεσμοι
2368 5291 2595 5362 χρήσεις
2620 5287 2793 5343 πολλά
2826 5288 2935 5342 τῶν
2964 5286 3481 5360 δημιουργηθέντων
3512 5284 3681 5355 βεϐη-

2076 5383 2342 5447 λώσασαι,
2372 5382 2443 5434 τὰ
2466 5380 2568 5451 μὲν
2599 5378 2889 5451 ἀκάθαρτα
2936 5379 3028 5433 καὶ
3064 5375 3387 5447 νομίζεσθαι
3421 5377 3516 5429 xui.
3568 5392 3678 5427 κα·-

2078 5472 2287 5525 λείσθαι
2311 5470 2728 5542 παρεσκεύασαν
2749 5488 2761 5499 ’
2794 5470 2862 5525 τὰ
2899 5469 2957 5522 δὲ
2983 5468 3085 5523 κᾶν
3118 5469 3216 5539 τὴν
3248 5467 3358 5520 ἀπὸ
3392 5466 3490 5537 τῆς
3531 5465 3678 5517 ἀκα-

2080 5563 2310 5633 θαρσίας
2334 5563 2525 5633 κλῆσιν
2558 5562 2833 5632 διέφυγεν,
2862 5562 2976 5615 ἀλλ’
3009 5556 3102 5614 οὖν
3126 5560 3403 5630 παρέσχον
3442 5556 3521 5626 τῷ
3552 5555 3679 5609 θεό-

390 5650 612 5720 ligendi,
642 5658 698 5707 et
739 5666 802 5708 ea
836 5668 870 5706 a
914 5653 1295 5727 profanatione
1344 5653 1649 5718 eximendi;
1706 5662 1763 5706 et
1809 5662 1971 5706 utro-

2082 5670 2191 5725 πτῃ
2250 5655 2431 5707 αίτίαν
2477 5655 2710 5707 συνιδεῖν
2761 5654 2926 5725 ἑτέρα
2963 5652 3191 5723 μεθόδῳ,
3227 5653 3321 5705 καὶ
3366 5649 3543 5703 ταῦτα
3571 5650 3679 5724 τῆς

392 5759 501 5813 que
554 5745 721 5803 modo
763 5762 831 5803 ex
885 5747 1257 5805 lsraelitarum
1310 5759 1494 5803 mente
1551 5747 1975 5819 polytheismum

2086 5746 2439 5817 βεδηλώσεως
2463 5748 2716 5818 ἐκτεμεῖν
2740 5764 2751 5777 ·
2781 5746 2875 5800 καὶ
2907 5747 2976 5798 δι’
3021 5746 3282 5815 ἑκατέρου
3327 5744 3529 5812 τρόπου
3565 5742 3681 5797 τῶν
