3808 6294
434 306 525 371 147

1573 312 1803 373 PIIOTI
1810 313 1837 372 Ι
1868 312 2372 373 PATRIARCELE
2409 314 2517 375 CP.

3573 314 3695 378 H‘fs

428 420 702 482 conversi,
750 420 939 476 vident
992 422 1426 479 misericordiam
1473 425 1735 480 benevole
1776 443 1872 481 eos
1911 442 1982 480 re-

2116 428 2572 492 ιεταναστάντες,
2613 426 2855 497 εὐμενῶς
2905 427 3093 491 αὐτοῖς
3137 428 3338 498 ἐρῶσιν
3405 430 3505 497 τὴν
3548 449 3697 489 cm:-

429 515 771 584 spieientem.
796 513 901 579 Qui
930 530 1060 569 vero
1086 516 1153 569 ab
1185 517 1341 570 initio
1369 533 1427 569 se
1457 518 1594 570 male
1612 533 1772 588 agere
1796 520 1996 583 sciunt,

424 609 567 660 r-tad
605 607 805 659 malum
855 623 1014 661 suum
1064 609 1302 662 animum
1351 610 1589 675 firmant,
1622 611 1900 665 conversis
1930 611 1998 664 ad

427 700 801 769 pmuitentiam
823 700 1046 753 multam
1072 710 1261 754 contra
1287 700 1434 769 ipsos
1462 706 1826 770 przestantiam
1852 720 1993 774 pra:-

428 796 573 846 lieut.
599 792 704 846 Alii
732 794 876 845 enim
904 792 1060 845 bonis
1112 792 1396 847 desideriis
1423 796 1789 856 adlneserunt,
1816 805 1870 849 et
1900 810 1999 848 n0-

427 887 595 939 le..tes
636 886 685 937 in
732 888 1063 939 contrariam
1114 886 1366 939 abierunt
1410 894 1647 954 partem;
1682 886 1770 938 alii
1814 896 1995 940 autem

425 979 494 1029 ab
526 977 682 1030 initio
730 978 873 1030 mala
913 978 1215 1047 elegerunt,
1247 991 1300 1032 et
1329 994 1517 1032 eorum
1552 980 1815 1033 sententia
1848 994 1997 1033 mors

427 1067 492 1121 iis
534 1069 760 1133 accidit;
797 1070 918 1125 aliis
962 1071 1181 1139 quidem
1232 1071 1497 1139 optimum
1534 1072 1819 1125 videbatur
1848 1071 1995 1140 quod

424 1160 743 1225 laudabant,
772 1161 842 1214 ita
867 1168 926 1215 ut
962 1162 1220 1230 opinione
1250 1178 1347 1215 sua
1373 1163 1739 1231 superbirent,
1767 1174 1819 1217 et
1847 1177 1997 1216 mor-

424 1259 531 1303 tem
570 1248 707 1303 l'orte
736 1250 916 1319 potius
948 1251 1199 1305 subirent
1249 1268 1415 1321 quam
1460 1268 1555 1305 sua
1598 1254 1849 1321 dogmata
1897 1253 1997 1307 de-

422 1350 713 1411 negarent;
768 1340 861 1396 alii
918 1356 1046 1396 vero
1095 1343 1297 1396 malum
1350 1344 1487 1397 adeo
1546 1345 1883 1406 noscebant,
1937 1353 1997 1399 ut

422 1433 640 1487 nemine
660 1434 824 1487 etiam
853 1434 1083 1499 sciente,
1131 1436 1185 1489 in
1228 1450 1286 1490 se
1319 1436 1533 1489 actione
1567 1451 1666 1489 sua
1706 1436 1996 1491 erubesce-

419 1532 563 1589 rent,
594 1536 649 1580 et
682 1525 897 1581 dilﬁrile
924 1527 1028 1582 sibi
1058 1527 1453 1597 persuaderent
1483 1543 1540 1582 se
1563 1544 1755 1583 omnes
1782 1527 1991 1599 fugere.

418 1614 554 1671 Cum
589 1616 756 1686 igitur
786 1616 855 1670 ab
884 1617 1040 1671 initio
1063 1616 1239 1672 bonus
1275 1626 1425 1673 esset
1465 1632 1687 1687 scapus,
1730 1618 1818 1691 (ad
1845 1620 1992 1688 opti-

416 1723 567 1761 mum
612 1708 758 1762 enim
809 1709 1124 1774 tendebant)
1175 1719 1229 1765 et
1279 1711 1509 1764 mutatio
1557 1724 1654 1779 per
1705 1711 1990 1766 scientiam

413 1799 591 1855 solido
639 1799 984 1855 munimento
1035 1802 1378 1870 imponetur,
1432 1816 1559 1857 vera
1602 1801 1987 1872 dijudicatione

413 1908 534 1946 eam
570 1892 908 1955 stabiliente,
951 1894 1258 1960 immotam,
1309 1901 1367 1947 ut
1411 1893 1731 1962 plurimum,
1767 1909 1881 1949 sua:
1918 1895 1987 1950 ad

414 1985 671 2051 pietatem
700 1983 1077 2039 conversionis
1099 1983 1208 2038 vim
1250 1994 1489 2039 servant.
1538 1984 1674 2039 Aliis
1707 2000 1840 2039 vero
1870 2001 1988 2039 ma-

414 2076 526 2129 lum
572 2076 793 2131 eratab
834 2075 956 2145 ipso
1003 2074 1232 2130 exordio
1279 2074 1631 2130 desiderium.
1684 2074 1799 2130 Non
1838 2077 1984 2131 enim

411 2182 505 2221 eos
533 2165 773 2236 fugiebat
795 2181 855 2221 se
878 2167 946 2221 ad
970 2165 1279 2219 inordinata
1302 2167 1581 2229 accedere,
1602 2174 1656 2220 et
1678 2167 1839 2235 etiam
1864 2184 1988 2236 per~

410 2269 531 2310 acta
570 2256 861 2311 conversio
902 2271 1012 2311 non
1051 2256 1493 2310 immutabilitate
1522 2256 1809 2313 solidatur.
1839 2258 1984 2313 Nihil

409 2350 557 2402 ottim
601 2348 675 2401 illi
705 2349 772 2404 iis
802 2363 926 2418 qua:
956 2356 1116 2402 antea
1147 2348 1393 2403 sciebant
1416 2348 1754 2417 adjecerunt,
1784 2351 1984 2419 quibus

412 2441 624 2495 lirmius
686 2440 1093 2504 stabilirentur,
1151 2440 1245 2495 sed
1311 2442 1533 2509 propria
1604 2441 1849 2496 libertate
1915 2443 1983 2496 ad

413 2542 704 2600 utrumque
741 2540 1130 2600 prorumpente
1174 2531 1472 2598 voluntate,
1517 2548 1616 2588 nec
1658 2543 1805 2588 certe
1845 2536 1985 2589 scire

410 2637 575 2692 quam
607 2623 671 2675 ad
702 2631 907 2690 partem
939 2620 1267 2675 inclinatura
1293 2622 1366 2676 sit
1398 2623 1631 2687 sinente,
1679 2639 1787 2678 non
1825 2624 1985 2679 facile

413 2714 492 2767 eis
528 2712 839 2767 omnimoda
888 2712 1175 2767 adhibetur
1206 2713 1337 2767 ﬁdes
1383 2715 1427 2767 si
1463 2714 1646 2768 dicant
1677 2731 1737 2771 se
1771 2733 1880 2770 non
1914 2715 1982 2772 ad

412 2803 651 2872 priorem
706 2804 969 2857 vilitatem
1023 2804 1294 2858 redituros
1346 2822 1484 2859 esse.
1518 2808 1687 2872 Adde,
1735 2811 1779 2863 si
1830 2812 1982 2873 velis,

410 2901 465 2946 et
498 2892 637 2945 hanc
668 2893 933 2946 rationem
970 2910 983 2946 :
1016 2892 1160 2962 apud
1192 2895 1327 2947 alios
1353 2906 1406 2948 et
1442 2896 1590 2964 prior
1628 2906 1682 2951 et
1712 2904 1985 2967 posterior

314 2990 317 2993 ‘
412 2983 596 3052 opinio
621 2983 810 3036 eodem
847 2986 1030 3048 modo,
1066 2999 1135 3038 ne
1167 2985 1345 3039 dicam
1378 2988 1731 3054 posteriorem
1785 2989 1983 3046 fortius

2101 520 2326 588 γνώμην
2358 521 2771 573 ἐπιϐλέπουσαν·
2805 520 2854 573 οἱ
2879 518 2935 573 δὲ
2968 519 3170 588 φαῦλον
3213 521 3312 587 μὲν
3344 520 3543 585 εἰδότες
3581 519 3695 574 ἀπ’

2100 612 2273 681 ἀρχῆς
2305 612 2366 663 τὸ
2392 612 2781 680 πραττόμενον,
2822 613 2956 681 πρὸς
2999 613 3197 663 ἐκεῖνο’
3216 611 3273 663 δὲ
3303 610 3395 662 τὸν
3419 611 3544 663 νοῦν
3580 614 3697 665 ἁττ-

2099 705 2418 773 ερείδοντες,
2451 704 2653 774 πολλὴν
2682 704 2802 756 κατ’
2832 704 3012 755 αὐτῶν
3049 704 3378 773 παρέχονται
3405 707 3518 767 τοῖς
3546 706 3697 775 πρὶς

2099 795 2381 847 εὐσέϐειαν
2406 794 2894 865 μεταϐαλλομένοις
2917 794 3013 863 τὴν
3044 795 3341 863 ὑπεροχήν·
3375 797 3422 846 οἱ
3456 796 3553 864 μὲν
3572 798 3696 863 γὰρ

2098 884 2276 955 ὁρμῆς
2304 885 2610 955 ἀντείχοντο
2660 885 2759 954 τῆς
2791 884 3021 953 άγαθῆς,
3054 886 3133 947 εἰς
3160 886 3472 938 τούναντίον
3523 887 3576 939 δὲ
3606 889 3695 954 μὴ

2098 976 2256 1029 τοῦτο
2282 977 2603 1047 προθέμενοι
2634 976 3043 1047 παρεσύρησαν·
3078 981 3189 1039 τοῖς
3215 978 3271 1030 δὲ
3312 977 3419 1029 τῶν
3447 995 3507 1029 τε
3546 980 3698 1047 φαύ-

2098 1069 2204 1121 λων
2228 1065 2296 1138 ἦν
2333 1071 2365 1139 ἡ
2398 1070 2518 1121 κατ’
2564 1069 2737 1140 ἀρχάς
2766 1070 2997 1138 αἵρεσις,
3031 1072 3125 1122 καὶ
3149 1071 3289 1122 κατὰ
3325 1072 3527 1123 σκοπὸν
3554 1090 3697 1123 συν-

2098 1161 2312 1213 έϐαινεν
2348 1163 2382 1232 ἡ
2427 1160 2690 1214 ἀπώλειαο
2750 1162 2985 1223 καὶτοῖς
3018 1162 3115 1231 μὲν
3154 1161 3326 1221 οὕτως
3387 1162 3565 1213 ἐδόκει
3620 1163 3691 1213 τὸ

2096 1251 2451 1322 δοξαζόμενον
2501 1253 2796 1321 βέλτιστον,
2833 1252 2909 1315 ὡς
2956 1253 3284 1323 ἐπιγαυριᾷν
3339 1270 3399 1304 τε
3444 1256 3510 1321 τῇ
3551 1254 3692 1325 δόξῃ

2096 1343 2191 1396 καὶ
2219 1344 2445 1397 θάνατον
2480 1343 2626 1397 ἔστιν
2681 1343 2768 1396 ὅτε
2802 1344 3181 1412 προαιρεῖσθαι
3217 1344 3325 1395 τῶν
3357 1344 3693 1413 δεδοξασμέ-

2096 1450 2203 1488 νων
2247 1434 2350 1504 τῆς
2402 1434 2740 1504 ἑξομόσεωςο
2767 1436 2879 1498 τοῖς
2918 1434 2975 1487 δὲ
3006 1436 3067 1486 τὸ
3097 1434 3264 1487 κακὸν
3308 1437 3398 1487 ἐπὶ
3422 1435 3691 1488 τοσοῦτον

2095 1526 2437 1595 ὲγνωρίζετο,
2466 1525 2541 1588 ὡς
2572 1529 2664 1578 καὶ
2695 1525 2923 1595 μηδενὸς
2948 1525 3147 1590 ἔξωθεν
3193 1527 3517 1591 συνειδότος,
3551 1527 3685 1579 καθ’

2095 1616 2321 1680 ἑαυτοὺς
2353 1616 2685 1688 ὲπερυθριᾷν
2714 1620 2778 1687 τῇ
2810 1618 3028 1687 πράξει,
3066 1618 3161 1669 καὶ
3183 1618 3350 1687 εὐχῆς
3389 1617 3559 1687 ἔργον
3597 1614 3689 1669 εῖ-

2093 1726 2180 1763 ναι
2214 1707 2453 1778 νομίζειν
2485 1708 2668 1763 λαθεῖν
2700 1708 2963 1772 ἅπαντας.
3004 1709 3094 1773 Ἐξ
3126 1702 3201 1762 ὧν
3244 1705 3336 1763 οὖν
3374 1710 3468 1763 ἀπ’
3497 1709 3686 1779 ἀρχῆς

2019 1768 2063 1824 Β
2090 1768 2293 1869 ἀγαθὸς
2333 1768 2401 1869 ην
2430 1800 2459 1852 ό
2501 1800 2724 1864 σκοπὸς,
2749 1800 2890 1870 πρὸς
2918 1768 3027 1872 γὰρ
3066 1768 3127 1854 τὸ
3160 1800 3377 1869 ἄριστον
3417 1801 3503 1853 ἔϐὶ

2087 1890 2183 1943 καὶ
2211 1891 2243 1959 ἡ
2271 1887 2539 1958 μεταϐολὴ
2567 1888 2832 1958 προϊοῦσα
2853 1888 2919 1942 δι’
2941 1890 3291 1958 ἐπιγνώσεως
3321 1892 3413 1943 ἐπὶ
3436 1893 3686 1961 στερρᾶς

2088 1982 2348 2051 κρηπῖδος
2372 1979 2648 2043 ἐϐάλλετο,
2693 1983 2794 2051 τῆς
2846 1980 3081 2051 ἀληθοῦς
3112 1982 3280 2050 αὐτὴν
3310 1982 3684 2051 πηγνυμένης

2085 2072 2434 2143 διακρίσεως,
2471 2071 2767 2125 ἀσάλευτον
2797 2066 2943 2126 οὗτοι
3003 2073 3145 2126 κατὰ
3196 2074 3258 2125 τὸ
3294 2072 3553 2125 πλεῖστον
3577 2090 3685 2144 τη-

2090 2163 2240 2234 ροῦσι
2266 2164 2364 2231 τῆς
2396 2163 2487 2216 ἐπὶ
2510 2162 2608 2233 τὴν
2635 2162 2918 2216 εὐσέϐειαν
2948 2163 3254 2235 μεταϐολῆς
3276 2164 3338 2217 τὸ
3381 2165 3676 2235 κραταίωο

2089 2272 2183 2325 μα’
2215 2256 2327 2316 τοῖς
2350 2254 2408 2307 δὲ
2436 2254 2615 2325 φαύλη
2645 2271 2704 2307 τε
2734 2249 2802 2324 ἧν
2827 2254 2885 2319 ἐξ
2918 2254 3090 2324 αὐτῆς
3145 2254 3415 2323 κινήσεως
3438 2256 3471 2325 ἡ
3496 2256 3680 2324 ὁρμήο

2084 2346 2144 2398 οὐ
2170 2346 2277 2417 γὰρ
2293 2346 2518 2415 ἠγνόουν
2538 2345 2737 2399 ἄτοπον
2758 2346 3073 2417 ἁπτόμενοι,
3093 2346 3188 2398 καὶ
3203 2346 3301 2416 τῆς
3322 2346 3681 2414 μεταθέσεως

2085 2437 2460 2508 γεγενημένης
2493 2438 2612 2506 μὲν,
2631 2438 2732 2490 οὐκ
2764 2438 2994 2508 ἐχούσης
3014 2438 3071 2490 δὲ
3102 2438 3180 2509 τῷ
3201 2436 3527 2506 ἀμεταθέτῳ
3546 2454 3684 2506 στη-

2087 2529 2352 2601 ρίζεσθαι·
2377 2529 2528 2582 οὐδὲν
2557 2529 2667 2601 γὰρ
2686 2523 2831 2584 οὗτοι
2863 2529 2970 2581 τῶν
2990 2529 3465 2600 προεγνωσμένων
3502 2529 3680 2582 πλέον

2086 2634 2598 2705 προσειλήφεσαν,ὲν
2608 2629 2689 2699 οἷς
2702 2634 2768 2688 ἂν
2782 2636 3093 2704 ὲδρασθεῖεν
3110 2635 3541 2711 σταθερώτεροιν,
3557 2636 3680 2688 ἀλλ’

2097 2725 2501 2794 ἐπισκιρτὼσης
2529 2724 2607 2794 τῷ
2634 2725 3009 2795 αὐτοδεσπότῳ
3030 2726 3128 2795 τῆς
3177 2724 3403 2794 γνώμης
3426 2726 3513 2794 ἐφ’
3534 2727 3680 2779 ἑκά·

2083 2833 2217 2887 τερα
2239 2816 2432 2887 ἄδηλόν
2457 2834 2516 2869 τε
2541 2816 2640 2886 τὴν
2664 2818 2845 2886 κρίσιν
2864 2818 3243 2887 παρεχομένης
3267 2819 3351 2885 ἐφ’
3373 2818 3401 2869 ὃ
3421 2817 3674 2887 ῥέψειεν,

2085 2907 2311 2967 εἰκότως
2337 2905 2437 2956 οὐκ
2462 2904 2607 2957 ἔστιν
2634 2905 2818 2967 αὐτοῖς
2848 2907 3032 2957 πίστιν
3065 2908 3191 2976 ῥᾷον
3231 2908 3558 2975 παρασχεῖν,
3594 2906 3676 2969 ὡς

2084 2998 2144 3051 οὐ
2166 2998 2361 3068 μηκέτι
2384 2997 2574 3067 εἴησαν
2595 2999 2673 3059 είς
2691 2998 2791 3067 τὴν
2814 2998 3087 3067 προτέραν
3110 2998 3423 3058 ἐπανιόντες
3458 2998 3677 3066 φαυλό-

411 3089 594 3143 agere,
636 3074 807 3128 libere
842 3075 1231 3141 ostenduntur;
1273 3080 1363 3131 sed
1403 3079 1566 3147 igitur
1604 3083 1842 3136 secunda
1877 3101 1981 3137 non

2119 3106 2240 3158 ητα.
2270 3087 2509 3158 Πρόσθες
2537 3090 2585 3140 εί
2606 3088 2785 3159 βούλει
2814 3088 3059 3142 καὶδιότι
3081 3093 3195 3152 τοῖς
3229 3089 3327 3158 μὲν
3354 3090 3451 3142 καὶ
3475 3092 3509 3159 ἡ
3529 3106 3675 3160 προ-

411 3168 553 3221 Cedit
583 3168 770 3235 priori,
802 3176 859 3219 nt
903 3168 1241 3222 multitudini
1286 3182 1409 3223 nota
1440 3171 1550 3234 liat,
1582 3172 1648 3226 de
1690 3175 1813 3228 aliis
1856 3192 1985 3231 vero

412 3275 570 3311 suum
606 3270 885 3327 peccaturo
920 3260 1253 3329 triumphum
1290 3263 1417 3330 agit.
1460 3263 1659 3319 Amant
1706 3268 1851 3321 enim
1887 3270 1983 3324 ho-

416 3354 592 3406 mines
632 3363 685 3405 et
715 3352 887 3406 aliena
934 3354 1203 3421 experiri;
1247 3370 1369 3423 qua:
1416 3372 1543 3411 vero
1591 3358 1641 3411 in
1677 3359 1893 3413 silentio
1931 3372 1984 3416 et

412 3442 702 3497 solitudine
727 3444 904 3514 agitur
936 3446 1253 3513 pmnitentia
1301 3463 1408 3500 non
1455 3450 1614 3502 modo
1659 3466 1756 3504 sua
1787 3452 1982 3507 obscu-

414 3535 572 3588 ritate
621 3538 880 3605 populum
933 3537 1088 3609 fugit,
1137 3540 1227 3593 sed
1279 3540 1536 3594 invidiam
1592 3542 1750 3598 habet
1797 3560 1981 3602 amare

414 3626 775 3695 inquirentem
804 3667 819 3689 .
878 3646 985 3684 non
1039 3640 1222 3685 autem
1264 3624 1541 3688 evidenter
1590 3645 1645 3689 et
1694 3638 1981 3694 manifeste

412 3720 846 3786 puriﬁcationem
897 3723 1258 3777 invenientcm
1292 3740 1306 3777 :
1349 3735 1563 3793 Oportet
1594 3737 1773 3782 autem
1802 3746 1980 3801 neque

412 3811 760 3876 parvulorum
800 3831 1129 3884 quemquam
1162 3818 1555 3873 scandalizare.

489 3902 604 3957 Non
636 3914 810 3958 tamen
830 3908 1083 3961 omnibus
1107 3908 1755 3966 exhibetconversionem
1789 3929 1982 3983 quem-

407 3997 702 4051 admodum
751 4007 1097 4065 peccatorum
1136 4000 1264 4054 olim
1304 4003 1669 4073 cognitionem
1713 4007 1977 4062 exhibuit.

2084 3177 2219 3247 τέρα
2238 3177 2364 3243 δόξα
2386 3177 2480 3229 καὶ
2499 3179 2532 3247 ἡ
2562 3195 2824 3247 μεταγενε
2834 3178 2997 3250 στέρα
3024 3177 3165 3231 κατά
3190 3180 3278 3229 τὸν
3303 3178 3415 3230 ἴσον
3436 3180 3673 3248 τρόπον,

2084 3270 2172 3323 ἵνα
2205 3272 2279 3340 μὴ
2312 3270 2455 3337 λέγω
2480 3270 2575 3322 καλ⁵
2622 3270 2879 3334 πολλάκις
2928 3271 3256 3342 προέχουσα,
3291 3270 3676 3341 παρρησιάζε-

2082 3380 2192 3417 ται*
2224 3361 2339 3415 ἀλλ’
2376 3362 2469 3415 οὖν
2508 3363 2609 3415 οὐκ
2661 3362 2807 3415 ἔστιν
2862 3364 2896 3432 ὴ
2950 3362 3182 3432 δευτέρα
3234 3365 3333 3433 τῆς
3389 3362 3675 3431 προτέρας

2086 3454 2343 3525 πρδςτὴν
2371 3454 2481 3508 τῶν
2526 3455 2735 3507 πολλῶν
2774 3455 3070 3523 ἐπίγνωσιν
3110 3454 3528 3526 δευτερεύουσα·
3554 3456 3672 3516 τοῖς

2082 3546 2215 3600 δὲτὸ
2239 3546 2337 3614 μὲν
2360 3544 2663 3616 ἁμάρτημα
2690 3544 3104 3614 θριαμϐεύεταιο
3138 3546 3290 3613 φίλον
3320 3543 3433 3613 γὰρ
3459 3544 3674 3614 ἀνθρώ-

2083 3654 2207 3698 ποις
2243 3634 2657 3698 διακωδωνίζειν
2702 3635 2769 3688 τὰ
2819 3634 3098 3704 ἀλλότρια·
3134 3635 3168 3702 ἡ
3214 3636 3272 3688 δὲ
3325 3635 3672 3704 μεταμέλεια

2084 3731 2141 3782 ὲν
2168 3729 2369 3800 ἡσυχίᾳ
2386 3744 2445 3780 τε
2478 3728 2572 3780 καὶ
2590 3730 2901 3797 καταμόνας
2932 3728 3288 3799 πραττομένη
3317 3728 3419 3797 οὐχ
3442 3730 3527 3781 ὅτι
3564 3731 3671 3799 μό-

2085 3838 2173 3873 νον
2205 3819 2281 3889 τῷ
2316 3818 2628 3871 λανθάνοντι
2665 3818 2922 3885 ἐκφεύγει
2971 3818 3098 3881 τοὺς
3147 3817 3398 3880 πολλοὺς,
3429 3819 3549 3871 ἀλλ’
3582 3822 3670 3874 ὄτι

2083 3913 2177 3966 καὶ
2214 3912 2305 3965 τὸν
2328 3910 2520 3981 φθόνον
2563 3912 2673 3979 ἔχει
2710 3910 2902 3978 πικρὸν
2948 3908 3264 3982 ἐξεταστὴν,
3306 3911 3405 3980 οὐχ
3450 3912 3537 3964 ὅτι
3566 3930 3669 3965 πε-

2089 4003 2292 4076 ριφανῆ
2319 4004 2414 4054 καὶ
2448 4000 2747 4070 κατάδηλον
2779 4000 2879 4070 τῆς
2910 4000 3238 4073 καθάρσεως
3269 4018 3282 4031 ⁸
3319 4002 3399 4053 δεῖ
3420 4002 3481 4054 δὲ
3531 4004 3671 4073 μηδὲ

406 4088 515 4140 τῶν
540 4087 750 4159 μικρῶν
773 4089 974 4159 μηδένα
1006 4091 1375 4157 σκανδαλίζειν
1407 4111 1420 4125 ο
1454 4095 1715 4165 οὐμενουν
1747 4100 1807 4151 οὐ
1837 4102 2136 4171 παρέχεται
2187 4093 2574 4166 παραπλησίαν
2632 4094 2800 4146 πᾶσιν
2850 4091 3043 4164 ὥσπερ
3094 4094 3159 4164 δὴ
3197 4094 3293 4147 τοῦ
3338 4094 3672 4166 ἐλαττώμα-

405 4195 500 4242 τος
522 4180 622 4249 τὴν
643 4180 960 4248 ἐπίγνωσιν.

782 4291 1110 4359 QUAES'I‘IO
1150 4294 1269 4350 xxr
1313 4297 1413 4368 ιαι.
1443 4298 1589 4371 XX].

407 4385 661 4459 Quanam
689 4388 739 4439 in
765 4388 1154 4459 nostrissacris
1195 4387 1411 4443 Litteris
1438 4391 1674 4459 subjecta
1707 4394 1849 4449 notio
1904 4397 1972 4449 sit

478 4458 727 4512 vocabulo
753 4457 1032 4529 respondit
1060 4473 1080 4520 ,'
1108 4468 1220 4511 tum
1268 4461 1366 4529 ipsi
1390 4457 1646 4524 videlicet,
1683 4474 1793 4515 tum
1847 4467 1972 4521 aliis

474 4531 544 4583 ad
570 4529 725 4598 hujus
748 4526 1145 4582 similitudinem
1175 4526 1521 4601 conformati;
1552 4534 1898 4601 dictionibus,

2611 4294 2837 4346 ΕΡΩἸἮ
2846 4297 2887 4347 Σ
2892 4294 2955 4346 IS
2988 4292 3099 4347 KA'
3113 4335 3127 4348 .

2076 4386 2209 4441 Ἐπί
2266 4386 2430 4450 τινος
2494 4384 3023 4453 παραλαμϐάνεται
3088 4387 3249 4454 παρὰ
3301 4386 3428 4452 τοῖς
3483 4388 3673 4455 ἱεροῖς

2140 4456 2332 4535 ἡμῶν.
2364 4456 2605 4535 λογίοις.
2648 4455 2686 4521 ἡ
2736 4455 2852 4535 ,τοῦ
2913 4457 3207 4535 ςιιπεκρὶθη⁸
3239 4457 3406 4535 saturi?
3435 4473 3447 4487 ’
3508 4459 3670 4526 αὐτή

2137 4524 2202 4578 τε
2238 4526 2338 4579 καὶ
2366 4524 2619 4596 τὰλπαρὰ
2642 4525 2870 4593 ταύτην
2903 4526 2973 4579 ἐκ
3003 4524 3111 4594 τῆς
3141 4524 3332 4594 αὐτῆς
3366 4524 3670 4596 σχηματιὲ

2141 4596 2354 4663 ζόμενα
2390 4594 2651 4661 λέξεως;

1488 4705 1629 4753 Edita
1656 4719 1683 4753 a
1710 4704 1851 4766 Maio,
1878 4708 2004 4757 Nov.
2032 4707 2246 4768 Collect.,
2274 4713 2310 4757 t.
2336 4708 2377 4768 Ι,
2409 4721 2459 4770 p.
2494 4706 2574 4757 59.

472 4818 667 4872 Ι.Ουιη
697 4818 867 4871 multa
888 4816 997 4871 sint
1024 4814 1341 4885 multiplicis
1366 4814 1784 4885 signiﬁcationis
1810 4831 1973 4871 voca-

398 4911 548 4973 bula,
581 4912 653 4964 ita
691 4920 748 4963 ut
779 4926 884 4963 non
917 4909 1073 4978 pauci
1096 4920 1347 4965 auctores
1374 4910 1566 4977 integri
1597 4909 1777 4979 operis
1813 4924 1975 4977 argu-

399 5014 641 5060 mentum
674 5006 739 5057 de
774 5005 859 5058 his
882 5004 1269 5057 elaborandum
1316 5003 1697 5067 susceperint;
1759 5001 1833 5054 nil
1869 5001 1972 5053 mi-

400 5113 520 5153 rum
577 5097 702 5160 erit,
756 5096 951 5148 nedum
1012 5096 1195 5164 aliqua
1265 5096 1637 5150 controversia
1715 5094 1966 5163 dignum,

398 5189 445 5244 si
472 5205 592 5258 qum
633 5186 899 5256 ejusmodi
950 5201 1112 5240 voces
1150 5186 1207 5240 in
1251 5189 1455 5241 nostris
1508 5200 1726 5257 quoque
1783 5185 1959 5239 sacris

398 5280 620 5335 Litteris
659 5279 1057 5333 contineantur.
1093 5275 1225 5331 Nam
1249 5287 1303 5331 et
1332 5279 1474 5347 apud
1514 5295 1629 5343 eos,
1666 5280 1760 5347 qui
1793 5278 1967 5331 Attica

398 5373 582 5442 lingua
644 5372 885 5425 studiose
946 5377 1195 5435 utuntur,
1251 5384 1358 5422 non
1427 5370 1601 5423 solum
1668 5378 1970 5424 occurrunt

395 5465 665 5520 dictiones
694 5463 898 5531 aliquot
924 5463 1038 5517 sive
1077 5464 1130 5516 in
1158 5461 1447 5530 epidictico
1474 5462 1588 5514 sive
1610 5461 1665 5514 in
1702 5462 1969 5515 historico

396 5555 611 5612 dicendi
640 5570 835 5626 genere
866 5571 987 5625 qua:
1018 5555 1371 5610 multifariam
1413 5556 1831 5625 signiticantiam
1871 5559 1969 5610 hac

399 5649 544 5709 bent,
570 5661 753 5699 verum
783 5646 947 5699 etiam
977 5661 1097 5715 qua:
1128 5646 1180 5699 in
1214 5647 1524 5701 contrarius
1558 5663 1753 5702 sensus
1801 5664 1967 5701 unum

399 5737 651 5808 idemque
691 5738 1014 5795 vocabulum
1056 5738 1474 5809 dispertiuntur.
1508 5737 1751 5809 Exempli
1786 5739 1955 5811 gratia

2152 4825 2221 4873 α’.
2269 4817 2487 4871 Πολλῶν
2525 4816 2694 4870 ὄντων
2737 4816 2934 4885 φωνῶν
2984 4814 3340 4885 πολυσήμων,
3378 4816 3521 4869 ὥστε
3565 4820 3669 4871 καὶ

2082 4907 2465 4977 πραγματείαν
2516 4906 2810 4977 ὁλόκληρον
2847 4906 2948 4959 οὐκ
2997 4905 3200 4973 ὀλίγοις
3247 4905 3493 4958 ἐπελθεῖν
3526 4909 3667 4976 περὶ

2079 4998 2257 5052 αὐτῶν
2288 4996 2674 5068 ἐξεργάσαθαι,
2710 4996 2863 5048 οὐδὲν
2898 4995 3124 5055 ἀπεικὸς
3152 4994 3220 5045 ἂν
3244 4994 3330 5063 εἴη
3375 4994 3497 5046 οὐδέ
3528 5010 3666 5047 τινα

2078 5092 2315 5162 παρέχον
2341 5089 2591 5160 άπωρίαν
2614 5086 2870 5149 τοιαύτας
2893 5086 3076 5154 φωνὰς
3101 5085 3295 5156 όρᾶθαι
3319 5086 3420 5137 κάν
3448 5087 3561 5148 τοῖς
3584 5087 3667 5138 is-

2078 5186 2194 5253 ροῖς
2221 5182 2375 5251 ἡμῶν
2396 5181 2634 5258 ,ἐνούσας
2654 5178 2879 5245 λογίοις·
2904 5178 2996 5229 καὶ
3022 5177 3131 5245 γὰρ
3150 5178 3277 5248 παρ’
3296 5171 3378 5240 οἷς
3402 5178 3433 5246 ἡ
3458 5178 3662 5251 ἀττικὴ

2072 5272 2429 5334 σπουδάζεται
2455 5270 2698 5340 γλῶσσα,
2753 5269 2814 5320 οὐ
2861 5268 3023 5338 μόνον
3060 5267 3207 5320 ἐστιν
3253 5268 3436 5338 εὑρεῖν
3468 5272 3664 5337 φωνάς

2072 5367 2215 5420 κατὰ
2257 5366 2384 5426 τοὺς
2418 5361 2813 5424 ἐπιδεικτικούς
2854 5378 2914 5413 τε
2948 5360 3042 5412 καὶ
3083 5360 3389 5430 ἱστορικοὺς
3422 5360 3531 5411 τῶν
3564 5360 3663 5413 λό-

2072 5476 2187 5527 γων
2217 5458 2276 5511 τὸ
2311 5456 2625 5525 πολύσημον
2653 5453 3077 5523 ὲμποιουμένας,
3106 5452 3244 5505 ἀλλὰ
3270 5452 3366 5505 καὶ
3396 5452 3533 5523 πρὸς
3556 5455 3662 5505 ἀν-

2072 5551 2387 5620 τικειμένας
2426 5547 2666 5610 διανοίας
2715 5546 2813 5617 τὴν
2857 5546 3024 5615 αὐτὴν
3056 5545 3241 5617 φωνὴν
3278 5545 3660 5615 ἀποσχιζομέ-

2076 5663 2202 5697 νων.
2232 5643 2438 5697 Αὐτίκα
2460 5641 2684 5694 Πλάτων
2710 5640 2807 5709 μὲν
2837 5639 3031 5708 ἄλοχον
3051 5639 3150 5710 τὴν
3185 5638 3456 5707 παρθένον
3478 5639 3656 5704 λέγει,

2079 5737 2171 5789 καὶ
2200 5736 2344 5788 δοκεῖ
2379 5751 2429 5787 τι
2458 5733 2619 5803 σοφὸν
2647 5732 2845 5799 λέγειν,
2882 5729 3032 5785 οὔπω
3078 5729 3186 5801 γὰρ
3228 5729 3402 5798 ἐπέϐη
3436 5728 3653 5798 λέχους·
