  <div class='ocr_page' id='page_1' title='image "/cluster/home/n/w/nwhite01/storage/ocr_20150623/101/hvd.32044018872879/098.png"; bbox 0 0 3888 6186; ppageno 0'>
   <div class='ocr_carea' id='block_1_1' title="bbox 224 317 333 383">
    <p class='ocr_par' dir='ltr' id='par_1_1' title="bbox 224 317 333 383">
     <span class='ocr_line' id='line_1_1' title="bbox 224 317 333 383; baseline -0.037 0"><span class='ocrx_word' id='word_1_1' title='bbox 224 317 333 383; x_wconf 72' lang='grc' dir='ltr'>ιιι)</span> 
     </span>
    </p>
   </div>
   <div class='ocr_carea' id='block_1_2' title="bbox 1203 322 2533 393">
    <p class='ocr_par' dir='ltr' id='par_1_2' title="bbox 1203 322 2533 393">
     <span class='ocr_line' id='line_1_2' title="bbox 1203 322 2533 393; baseline 0.002 -9"><span class='ocrx_word' id='word_1_2' title='bbox 1203 325 1294 384; x_wconf 81' lang='lat' dir='ltr'><strong>AD</strong></span> <span class='ocrx_word' id='word_1_3' title='bbox 1331 322 1929 384; x_wconf 78' lang='lat' dir='ltr'><strong>AMPHlLOCHIUM</strong></span> <span class='ocrx_word' id='word_1_4' title='bbox 1986 324 2332 393; x_wconf 66' lang='lat' dir='ltr'><strong>OUAESTIO</strong></span> <span class='ocrx_word' id='word_1_5' title='bbox 2376 327 2533 388; x_wconf 83' lang='lat' dir='ltr'><strong>XXI.</strong></span> 
     </span>
    </p>
   </div>
   <div class='ocr_carea' id='block_1_3' title="bbox 3406 322 3504 386">
    <p class='ocr_par' dir='ltr' id='par_1_3' title="bbox 3406 322 3504 386">
     <span class='ocr_line' id='line_1_3' title="bbox 3406 322 3504 386; baseline 0.01 -1"><span class='ocrx_word' id='word_1_6' title='bbox 3406 322 3504 386; x_wconf 84' lang='grc'><strong>150</strong></span> 
     </span>
    </p>
   </div>
   <div class='ocr_carea' id='block_1_4' title="bbox 219 437 1799 511">
    <p class='ocr_par' dir='ltr' id='par_1_4' title="bbox 219 438 1799 510">
     <span class='ocr_line' id='line_1_4' title="bbox 219 438 1799 510; baseline 0.001 -21"><span class='ocrx_word' id='word_1_7' title='bbox 219 438 356 490; x_wconf 76' lang='grc' dir='ltr'>ἀλλ’</span> <span class='ocrx_word' id='word_1_8' title='bbox 378 440 407 492; x_wconf 80' lang='grc' dir='ltr'><strong>ό</strong></span> <span class='ocrx_word' id='word_1_9' title='bbox 432 438 596 502; x_wconf 86' lang='grc' dir='ltr'>αὑτός</span> <span class='ocrx_word' id='word_1_10' title='bbox 623 457 685 493; x_wconf 84' lang='grc' dir='ltr'><strong>τε</strong></span> <span class='ocrx_word' id='word_1_11' title='bbox 710 440 874 494; x_wconf 86' lang='grc' dir='ltr'>πάλιν</span> <span class='ocrx_word' id='word_1_12' title='bbox 905 457 1002 494; x_wconf 88' lang='grc' dir='ltr'><strong>και</strong></span> <span class='ocrx_word' id='word_1_13' title='bbox 1037 438 1227 493; x_wconf 62' lang='grc' dir='ltr'>πολλοὶ</span> <span class='ocrx_word' id='word_1_14' title='bbox 1254 440 1405 494; x_wconf 77' lang='grc' dir='ltr'>ἄλλοι</span> <span class='ocrx_word' id='word_1_15' title='bbox 1428 440 1529 510; x_wconf 83' lang='grc' dir='ltr'>τὴν</span> <span class='ocrx_word' id='word_1_16' title='bbox 1553 443 1609 493; x_wconf 87' lang='grc' dir='ltr'>ὲν</span> <span class='ocrx_word' id='word_1_17' title='bbox 1637 440 1799 507; x_wconf 69' lang='grc' dir='ltr'>λόγοις</span> 
     </span>
    </p>
   </div>
   <div class='ocr_carea' id='block_1_5' title="bbox 1905 437 3498 511">
    <p class='ocr_par' dir='ltr' id='par_1_5' title="bbox 1922 437 3498 511">
     <span class='ocr_line' id='line_1_5' title="bbox 1922 437 3498 511; baseline -0.001 -18"><span class='ocrx_word' id='word_1_18' title='bbox 1922 438 2076 493; x_wconf 83' lang='lat' dir='ltr'><strong>Plato</strong></span> <span class='ocrx_word' id='word_1_19' title='bbox 2106 440 2299 511; x_wconf 87' lang='grc' dir='ltr'>ἄλοχον</span> <span class='ocrx_word' id='word_1_20' title='bbox 2329 441 2565 511; x_wconf 81' lang='lat' dir='ltr'><strong>appellat</strong></span> <span class='ocrx_word' id='word_1_21' title='bbox 2594 440 2880 509; x_wconf 73' lang='lat' dir='ltr'><strong>virginem,</strong></span> <span class='ocrx_word' id='word_1_22' title='bbox 2905 440 3227 508; x_wconf 70' lang='lat' dir='ltr'><strong>videturque</strong></span> <span class='ocrx_word' id='word_1_23' title='bbox 3279 437 3498 504; x_wconf 82' lang='lat' dir='ltr'><strong>sapien-</strong></span> 
     </span>
    </p>
   </div>
   <div class='ocr_carea' id='block_1_6' title="bbox 219 530 1815 604">
    <p class='ocr_par' dir='ltr' id='par_1_6' title="bbox 219 530 1815 604">
     <span class='ocr_line' id='line_1_6' title="bbox 219 530 1815 604; baseline 0.002 -22"><span class='ocrx_word' id='word_1_24' title='bbox 219 530 494 601; x_wconf 81' lang='grc' dir='ltr'><strong>δευτέραν</strong></span> <span class='ocrx_word' id='word_1_25' title='bbox 544 533 645 588; x_wconf 89' lang='grc' dir='ltr'><strong>οὑκ</strong></span> <span class='ocrx_word' id='word_1_26' title='bbox 695 533 915 604; x_wconf 78' lang='grc' dir='ltr'>ἔχοντες</span> <span class='ocrx_word' id='word_1_27' title='bbox 955 531 1132 597; x_wconf 80' lang='grc' dir='ltr'><strong>τάξιν,</strong></span> <span class='ocrx_word' id='word_1_28' title='bbox 1183 531 1285 603; x_wconf 79' lang='grc' dir='ltr'>τὴν</span> <span class='ocrx_word' id='word_1_29' title='bbox 1322 531 1616 586; x_wconf 82' lang='grc' dir='ltr'><strong>συνιοῦσαν</strong></span> <span class='ocrx_word' id='word_1_30' title='bbox 1657 533 1815 601; x_wconf 74' lang='grc' dir='ltr'>ἀνδρὶ</span> 
     </span>
    </p>
   </div>
   <div class='ocr_carea' id='block_1_7' title="bbox 219 622 1815 697">
    <p class='ocr_par' dir='ltr' id='par_1_7' title="bbox 219 622 1815 697">
     <span class='ocr_line' id='line_1_7' title="bbox 219 622 1815 697; baseline 0.002 -23"><span class='ocrx_word' id='word_1_31' title='bbox 219 622 366 692; x_wconf 80' lang='grc' dir='ltr'>πρὸς</span> <span class='ocrx_word' id='word_1_32' title='bbox 390 624 549 695; x_wconf 83' lang='grc' dir='ltr'>λέχος</span> <span class='ocrx_word' id='word_1_33' title='bbox 589 627 918 697; x_wconf 75' lang='grc' dir='ltr'><strong>σημαίνουσι</strong></span> <span class='ocrx_word' id='word_1_34' title='bbox 948 625 1024 695; x_wconf 82' lang='grc' dir='ltr'><strong>τῷ</strong></span> <span class='ocrx_word' id='word_1_35' title='bbox 1051 624 1301 694; x_wconf 82' lang='grc' dir='ltr'>ὀνόματι.</span> <span class='ocrx_word' id='word_1_36' title='bbox 1342 625 1512 679; x_wconf 88' lang='grc' dir='ltr'>Πάλιν</span> <span class='ocrx_word' id='word_1_37' title='bbox 1552 626 1815 694; x_wconf 81' lang='grc' dir='ltr'>σοφιστὴν</span> 
     </span>
    </p>
   </div>
   <div class='ocr_carea' id='block_1_8' title="bbox 224 714 1809 787">
    <p class='ocr_par' dir='ltr' id='par_1_8' title="bbox 224 714 1809 787">
     <span class='ocr_line' id='line_1_8' title="bbox 224 714 1809 787; baseline 0.001 -20"><span class='ocrx_word' id='word_1_38' title='bbox 224 714 381 768; x_wconf 78' lang='grc' dir='ltr'>ἔστιν</span> <span class='ocrx_word' id='word_1_39' title='bbox 435 714 658 769; x_wconf 78' lang='grc' dir='ltr'><strong>ἀκούειν</strong></span> <span class='ocrx_word' id='word_1_40' title='bbox 708 718 802 771; x_wconf 82' lang='grc' dir='ltr'>τὸν</span> <span class='ocrx_word' id='word_1_41' title='bbox 844 718 945 779; x_wconf 87' lang='grc' dir='ltr'><strong>τάς</strong></span> <span class='ocrx_word' id='word_1_42' title='bbox 966 718 1195 785; x_wconf 86' lang='grc' dir='ltr'>λογικὰς</span> <span class='ocrx_word' id='word_1_43' title='bbox 1228 717 1425 787; x_wconf 81' lang='grc' dir='ltr'><strong>τέχνας</strong></span> <span class='ocrx_word' id='word_1_44' title='bbox 1465 717 1809 771; x_wconf 81' lang='grc' dir='ltr'><strong>διδάσκοντα·</strong></span> 
     </span>
    </p>
   </div>
   <div class='ocr_carea' id='block_1_9' title="bbox 219 803 1808 881">
    <p class='ocr_par' dir='ltr' id='par_1_9' title="bbox 219 803 1808 881">
     <span class='ocr_line' id='line_1_9' title="bbox 219 803 1808 881; baseline 0.002 -22"><span class='ocrx_word' id='word_1_45' title='bbox 219 806 480 878; x_wconf 84' lang='grc' dir='ltr'>δεύτερον</span> <span class='ocrx_word' id='word_1_46' title='bbox 506 810 562 863; x_wconf 82' lang='grc' dir='ltr'>δὲ</span> <span class='ocrx_word' id='word_1_47' title='bbox 595 803 641 877; x_wconf 80' lang='grc' dir='ltr'>ᾧ</span> <span class='ocrx_word' id='word_1_48' title='bbox 668 810 729 863; x_wconf 79' lang='grc' dir='ltr'>τὸ</span> <span class='ocrx_word' id='word_1_49' title='bbox 754 810 1005 863; x_wconf 81' lang='grc' dir='ltr'>λεκτικὸν</span> <span class='ocrx_word' id='word_1_50' title='bbox 1033 805 1172 874; x_wconf 78' lang='grc' dir='ltr'>εἶδος</span> <span class='ocrx_word' id='word_1_51' title='bbox 1197 812 1531 881; x_wconf 78' lang='grc' dir='ltr'>ἐπήσκηται·</span> <span class='ocrx_word' id='word_1_52' title='bbox 1563 810 1659 864; x_wconf 87' lang='lat' dir='ltr'><strong>xui</strong></span> <span class='ocrx_word' id='word_1_53' title='bbox 1683 810 1808 879; x_wconf 84' lang='grc' dir='ltr'>τρί-</span> 
     </span>
    </p>
   </div>
   <div class='ocr_carea' id='block_1_10' title="bbox 219 901 1813 972">
    <p class='ocr_par' dir='ltr' id='par_1_10' title="bbox 219 901 1813 972">
     <span class='ocr_line' id='line_1_10' title="bbox 219 901 1813 972; baseline 0.002 -22"><span class='ocrx_word' id='word_1_54' title='bbox 219 917 321 953; x_wconf 81' lang='grc' dir='ltr'><strong>τον</strong></span> <span class='ocrx_word' id='word_1_55' title='bbox 361 901 421 964; x_wconf 82' lang='grc' dir='ltr'>ὃς</span> <span class='ocrx_word' id='word_1_56' title='bbox 452 919 537 965; x_wconf 85' lang='grc' dir='ltr'><strong>τις</strong></span> <span class='ocrx_word' id='word_1_57' title='bbox 566 902 667 972; x_wconf 82' lang='grc' dir='ltr'>τὴν</span> <span class='ocrx_word' id='word_1_58' title='bbox 698 905 756 955; x_wconf 82' lang='grc' dir='ltr'>ὲν</span> <span class='ocrx_word' id='word_1_59' title='bbox 786 906 902 966; x_wconf 81' lang='grc' dir='ltr'>τοῖς</span> <span class='ocrx_word' id='word_1_60' title='bbox 932 902 1113 971; x_wconf 83' lang='grc' dir='ltr'>λόγοις</span> <span class='ocrx_word' id='word_1_61' title='bbox 1159 902 1468 971; x_wconf 84' lang='grc' dir='ltr'>γυμνασίαν</span> <span class='ocrx_word' id='word_1_62' title='bbox 1516 902 1625 955; x_wconf 89' lang='grc' dir='ltr'><strong>τῶν</strong></span> <span class='ocrx_word' id='word_1_63' title='bbox 1674 901 1813 971; x_wconf 63' lang='grc' dir='ltr'>πλην</span> 
     </span>
    </p>
   </div>
   <div class='ocr_carea' id='block_1_11' title="bbox 186 988 1811 1067">
    <p class='ocr_par' dir='ltr' id='par_1_11' title="bbox 186 988 1811 1067">
     <span class='ocr_line' id='line_1_11' title="bbox 186 988 1811 1067; baseline 0.003 -23"><span class='ocrx_word' id='word_1_64' title='bbox 186 988 200 1013; x_wconf 81' lang='grc'>’</span> <span class='ocrx_word' id='word_1_65' title='bbox 224 995 528 1057; x_wconf 78' lang='grc' dir='ltr'>σιαζόντων</span> <span class='ocrx_word' id='word_1_66' title='bbox 567 996 707 1066; x_wconf 84' lang='grc' dir='ltr'>πρὸς</span> <span class='ocrx_word' id='word_1_67' title='bbox 750 997 849 1067; x_wconf 79' lang='grc' dir='ltr'>τὴν</span> <span class='ocrx_word' id='word_1_68' title='bbox 881 998 1301 1067; x_wconf 79' lang='grc' dir='ltr'>ὲπηρεάζουσαν</span> <span class='ocrx_word' id='word_1_69' title='bbox 1334 997 1447 1067; x_wconf 77' lang='grc' dir='ltr'>ἔριν</span> <span class='ocrx_word' id='word_1_70' title='bbox 1482 995 1811 1067; x_wconf 85' lang='grc' dir='ltr'>διέφθειρεν.</span> 
     </span>
    </p>
   </div>
   <div class='ocr_carea' id='block_1_12' title="bbox 239 1086 1809 1161">
    <p class='ocr_par' dir='ltr' id='par_1_12' title="bbox 239 1086 1809 1161">
     <span class='ocr_line' id='line_1_12' title="bbox 239 1086 1809 1161; baseline 0.001 -23"><span class='ocrx_word' id='word_1_71' title='bbox 239 1086 408 1141; x_wconf 78' lang='grc' dir='ltr'><strong>Ἀλλά</strong></span> <span class='ocrx_word' id='word_1_72' title='bbox 440 1089 549 1159; x_wconf 82' lang='grc' dir='ltr'>γὰρ</span> <span class='ocrx_word' id='word_1_73' title='bbox 583 1090 678 1142; x_wconf 86' lang='lat' dir='ltr'><strong>xui</strong></span> <span class='ocrx_word' id='word_1_74' title='bbox 724 1090 785 1143; x_wconf 83' lang='grc' dir='ltr'>τὸ</span> <span class='ocrx_word' id='word_1_75' title='bbox 830 1089 1090 1161; x_wconf 69' lang='grc' dir='ltr'>σταθερὸν</span> <span class='ocrx_word' id='word_1_76' title='bbox 1117 1090 1177 1143; x_wconf 88' lang='grc' dir='ltr'><strong>οὑ</strong></span> <span class='ocrx_word' id='word_1_77' title='bbox 1216 1089 1277 1142; x_wconf 85' lang='grc' dir='ltr'>τὸ</span> <span class='ocrx_word' id='word_1_78' title='bbox 1308 1089 1572 1159; x_wconf 88' lang='grc' dir='ltr'>στάσιμον</span> <span class='ocrx_word' id='word_1_79' title='bbox 1626 1088 1809 1157; x_wconf 87' lang='grc' dir='ltr'>μόνον,</span> 
     </span>
    </p>
   </div>
   <div class='ocr_carea' id='block_1_13' title="bbox 221 1177 1813 1252">
    <p class='ocr_par' dir='ltr' id='par_1_13' title="bbox 221 1177 1813 1252">
     <span class='ocr_line' id='line_1_13' title="bbox 221 1177 1813 1252; baseline 0.003 -22"><span class='ocrx_word' id='word_1_80' title='bbox 221 1177 367 1232; x_wconf 82' lang='grc' dir='ltr'>άλλά</span> <span class='ocrx_word' id='word_1_81' title='bbox 400 1180 584 1234; x_wconf 78' lang='grc' dir='ltr'>καὶτὸ</span> <span class='ocrx_word' id='word_1_82' title='bbox 628 1180 884 1252; x_wconf 81' lang='grc' dir='ltr'>ίσχυρὺν.</span> <span class='ocrx_word' id='word_1_83' title='bbox 933 1182 1030 1235; x_wconf 87' lang='lat' dir='ltr'><strong>xui</strong></span> <span class='ocrx_word' id='word_1_84' title='bbox 1058 1180 1282 1252; x_wconf 81' lang='grc' dir='ltr'>θερμὸν.</span> <span class='ocrx_word' id='word_1_85' title='bbox 1330 1180 1427 1234; x_wconf 81' lang='grc' dir='ltr'>καὶ</span> <span class='ocrx_word' id='word_1_86' title='bbox 1471 1179 1565 1245; x_wconf 84' lang='grc' dir='ltr'><strong>όξὺ</strong></span> <span class='ocrx_word' id='word_1_87' title='bbox 1610 1182 1813 1251; x_wconf 86' lang='grc' dir='ltr'>σημαῖ-</span> 
     </span>
    </p>
   </div>
   <div class='ocr_carea' id='block_1_14' title="bbox 218 1270 1812 1343">
    <p class='ocr_par' dir='ltr' id='par_1_14' title="bbox 218 1270 1812 1343">
     <span class='ocr_line' id='line_1_14' title="bbox 218 1270 1812 1343; baseline 0.003 -22"><span class='ocrx_word' id='word_1_88' title='bbox 218 1286 315 1321; x_wconf 84' lang='grc' dir='ltr'><strong>νον</strong></span> <span class='ocrx_word' id='word_1_89' title='bbox 346 1271 684 1342; x_wconf 83' lang='grc' dir='ltr'>εὑρίσκεται.</span> <span class='ocrx_word' id='word_1_90' title='bbox 727 1272 837 1325; x_wconf 73' lang='grc' dir='ltr'><strong>Καὶ</strong></span> <span class='ocrx_word' id='word_1_91' title='bbox 868 1272 933 1343; x_wconf 81' lang='grc' dir='ltr'>δὴ</span> <span class='ocrx_word' id='word_1_92' title='bbox 965 1272 1058 1326; x_wconf 87' lang='lat' dir='ltr'><strong>xui</strong></span> <span class='ocrx_word' id='word_1_93' title='bbox 1095 1272 1155 1326; x_wconf 80' lang='grc' dir='ltr'>τὸ</span> <span class='ocrx_word' id='word_1_94' title='bbox 1185 1271 1413 1341; x_wconf 82' lang='grc' dir='ltr'>φαῦλον,</span> <span class='ocrx_word' id='word_1_95' title='bbox 1456 1272 1518 1325; x_wconf 91' lang='grc' dir='ltr'><strong>οὑ</strong></span> <span class='ocrx_word' id='word_1_96' title='bbox 1549 1270 1611 1325; x_wconf 80' lang='grc' dir='ltr'>τὸ</span> <span class='ocrx_word' id='word_1_97' title='bbox 1640 1272 1812 1326; x_wconf 85' lang='grc' dir='ltr'>κακὸν</span> 
     </span>
    </p>
   </div>
   <div class='ocr_carea' id='block_1_15' title="bbox 222 1362 1833 1436">
    <p class='ocr_par' dir='ltr' id='par_1_15' title="bbox 222 1362 1833 1436">
     <span class='ocr_line' id='line_1_15' title="bbox 222 1362 1833 1436; baseline 0.001 -20"><span class='ocrx_word' id='word_1_98' title='bbox 222 1362 413 1434; x_wconf 82' lang='grc' dir='ltr'>μόνον,</span> <span class='ocrx_word' id='word_1_99' title='bbox 443 1365 563 1417; x_wconf 80' lang='grc' dir='ltr'>οὐδὲ</span> <span class='ocrx_word' id='word_1_100' title='bbox 596 1365 657 1418; x_wconf 86' lang='grc' dir='ltr'>τὸ</span> <span class='ocrx_word' id='word_1_101' title='bbox 691 1364 986 1435; x_wconf 72' lang='grc' dir='ltr'>μοχθηρὸν,</span> <span class='ocrx_word' id='word_1_102' title='bbox 1019 1365 1141 1419; x_wconf 81' lang='grc' dir='ltr'>οὑδὲ</span> <span class='ocrx_word' id='word_1_103' title='bbox 1168 1364 1229 1418; x_wconf 85' lang='grc' dir='ltr'>τὸ</span> <span class='ocrx_word' id='word_1_104' title='bbox 1260 1365 1527 1436; x_wconf 85' lang='grc' dir='ltr'>ἀπρεπές·</span> <span class='ocrx_word' id='word_1_105' title='bbox 1555 1364 1691 1417; x_wconf 84' lang='grc' dir='ltr'><strong>ἀλλά</strong></span> <span class='ocrx_word' id='word_1_106' title='bbox 1716 1366 1833 1418; x_wconf 90' lang='lat' dir='ltr'><strong>xui&#39;</strong></span> 
     </span>
    </p>
   </div>
   <div class='ocr_carea' id='block_1_16' title="bbox 216 1456 1808 1534">
    <p class='ocr_par' dir='ltr' id='par_1_16' title="bbox 216 1456 1808 1534">
     <span class='ocr_line' id='line_1_16' title="bbox 216 1456 1808 1534; baseline 0.004 -27"><span class='ocrx_word' id='word_1_107' title='bbox 216 1456 284 1507; x_wconf 82' lang='grc' dir='ltr'>τὸ</span> <span class='ocrx_word' id='word_1_108' title='bbox 322 1458 487 1526; x_wconf 86' lang='grc' dir='ltr'>μέγα,</span> <span class='ocrx_word' id='word_1_109' title='bbox 516 1458 609 1511; x_wconf 88' lang='lat' dir='ltr'><strong>xui</strong></span> <span class='ocrx_word' id='word_1_110' title='bbox 644 1459 704 1512; x_wconf 80' lang='grc' dir='ltr'>τὸ</span> <span class='ocrx_word' id='word_1_111' title='bbox 740 1460 954 1531; x_wconf 84' lang='grc' dir='ltr'>μικρόν·</span> <span class='ocrx_word' id='word_1_112' title='bbox 986 1458 1248 1522; x_wconf 84' lang='grc' dir='ltr'>ὡσαύτως</span> <span class='ocrx_word' id='word_1_113' title='bbox 1287 1460 1345 1513; x_wconf 74' lang='grc' dir='ltr'>δὲ</span> <span class='ocrx_word' id='word_1_114' title='bbox 1372 1463 1467 1513; x_wconf 85' lang='lat' dir='ltr'><strong>xui.</strong></span> <span class='ocrx_word' id='word_1_115' title='bbox 1496 1460 1555 1513; x_wconf 75' lang='grc' dir='ltr'><strong>τὸ</strong></span> <span class='ocrx_word' id='word_1_116' title='bbox 1597 1461 1808 1534; x_wconf 70' lang='grc' dir='ltr'>ῥᾴδιον,</span> 
     </span>
    </p>
   </div>
   <div class='ocr_carea' id='block_1_17' title="bbox 219 1547 1812 1621">
    <p class='ocr_par' dir='ltr' id='par_1_17' title="bbox 219 1547 1812 1621">
     <span class='ocr_line' id='line_1_17' title="bbox 219 1547 1812 1621; baseline 0.001 -22"><span class='ocrx_word' id='word_1_117' title='bbox 219 1547 317 1599; x_wconf 87' lang='lat' dir='ltr'><strong>xui</strong></span> <span class='ocrx_word' id='word_1_118' title='bbox 347 1548 409 1601; x_wconf 79' lang='grc' dir='ltr'>τὸ</span> <span class='ocrx_word' id='word_1_119' title='bbox 451 1549 661 1603; x_wconf 79' lang='grc' dir='ltr'>ἁπλοῦν</span> <span class='ocrx_word' id='word_1_120' title='bbox 707 1551 803 1604; x_wconf 86' lang='lat' dir='ltr'><strong>xui</strong></span> <span class='ocrx_word' id='word_1_121' title='bbox 851 1549 1146 1621; x_wconf 88' lang='grc' dir='ltr'>άπόνηρον,</span> <span class='ocrx_word' id='word_1_122' title='bbox 1172 1550 1268 1603; x_wconf 85' lang='lat' dir='ltr'><strong>xui</strong></span> <span class='ocrx_word' id='word_1_123' title='bbox 1298 1550 1361 1603; x_wconf 82' lang='grc' dir='ltr'>τὸ</span> <span class='ocrx_word' id='word_1_124' title='bbox 1396 1550 1581 1620; x_wconf 80' lang='grc' dir='ltr'>τυχὸν,</span> <span class='ocrx_word' id='word_1_125' title='bbox 1622 1551 1717 1603; x_wconf 88' lang='lat' dir='ltr'><strong>xui.</strong></span> <span class='ocrx_word' id='word_1_126' title='bbox 1749 1549 1812 1602; x_wconf 85' lang='grc' dir='ltr'>τὸ</span> 
     </span>
    </p>
   </div>
   <div class='ocr_carea' id='block_1_18' title="bbox 218 1640 1809 1713">
    <p class='ocr_par' dir='ltr' id='par_1_18' title="bbox 218 1640 1809 1713">
     <span class='ocr_line' id='line_1_18' title="bbox 218 1640 1809 1713; baseline 0.003 -20"><span class='ocrx_word' id='word_1_127' title='bbox 218 1640 411 1704; x_wconf 81' lang='grc' dir='ltr'>ἁπλῶς</span> <span class='ocrx_word' id='word_1_128' title='bbox 444 1642 787 1713; x_wconf 79' lang='grc' dir='ltr'>περιείληφε.</span> <span class='ocrx_word' id='word_1_129' title='bbox 824 1643 932 1696; x_wconf 88' lang='lat' dir='ltr'><strong>Nai</strong></span> <span class='ocrx_word' id='word_1_130' title='bbox 969 1641 1033 1711; x_wconf 83' lang='grc' dir='ltr'><strong>δὴ</strong></span> <span class='ocrx_word' id='word_1_131' title='bbox 1069 1642 1166 1695; x_wconf 82' lang='grc' dir='ltr'>καὶ</span> <span class='ocrx_word' id='word_1_132' title='bbox 1210 1644 1272 1695; x_wconf 86' lang='grc' dir='ltr'>τὸ</span> <span class='ocrx_word' id='word_1_133' title='bbox 1313 1642 1682 1697; x_wconf 85' lang='grc' dir='ltr'>πυνθάνεσθαι</span> <span class='ocrx_word' id='word_1_134' title='bbox 1721 1644 1809 1697; x_wconf 82' lang='grc' dir='ltr'>δο-</span> 
     </span>
    </p>
   </div>
   <div class='ocr_carea' id='block_1_19' title="bbox 216 1731 1806 1805">
    <p class='ocr_par' dir='ltr' id='par_1_19' title="bbox 216 1731 1806 1805">
     <span class='ocr_line' id='line_1_19' title="bbox 216 1731 1806 1805; baseline 0.002 -20"><span class='ocrx_word' id='word_1_135' title='bbox 216 1731 353 1785; x_wconf 74' lang='grc' dir='ltr'>κοῦν</span> <span class='ocrx_word' id='word_1_136' title='bbox 385 1732 522 1803; x_wconf 78' lang='grc' dir='ltr'>πρὸς</span> <span class='ocrx_word' id='word_1_137' title='bbox 555 1732 613 1786; x_wconf 83' lang='grc' dir='ltr'>ἓν</span> <span class='ocrx_word' id='word_1_138' title='bbox 644 1734 959 1805; x_wconf 82' lang='grc' dir='ltr'>ἀναφέρειν,</span> <span class='ocrx_word' id='word_1_139' title='bbox 992 1734 1267 1803; x_wconf 84' lang='grc' dir='ltr'>διαφόρων</span> <span class='ocrx_word' id='word_1_140' title='bbox 1298 1734 1447 1789; x_wconf 71' lang='grc' dir='ltr'>ἐστὶν</span> <span class='ocrx_word' id='word_1_141' title='bbox 1473 1735 1806 1802; x_wconf 81' lang='grc' dir='ltr'>ἀποφυάδων</span> 
     </span>
    </p>
   </div>
   <div class='ocr_carea' id='block_1_20' title="bbox 1928 531 3497 605">
    <p class='ocr_par' dir='ltr' id='par_1_20' title="bbox 1928 531 3497 605">
     <span class='ocr_line' id='line_1_20' title="bbox 1928 531 3497 605; baseline -0.001 -20"><span class='ocrx_word' id='word_1_142' title='bbox 1928 543 2009 585; x_wconf 87' lang='lat' dir='ltr'><strong>ter</strong></span> <span class='ocrx_word' id='word_1_143' title='bbox 2061 533 2230 603; x_wconf 85' lang='lat' dir='ltr'><strong>loqui.</strong></span> <span class='ocrx_word' id='word_1_144' title='bbox 2261 533 2386 603; x_wconf 83' lang='lat' dir='ltr'><strong>quia</strong></span> <span class='ocrx_word' id='word_1_145' title='bbox 2429 534 2579 588; x_wconf 82' lang='lat' dir='ltr'><strong>vocis</strong></span> <span class='ocrx_word' id='word_1_146' title='bbox 2632 534 2959 605; x_wconf 72' lang='lat' dir='ltr'><strong>etymologia</strong></span> <span class='ocrx_word' id='word_1_147' title='bbox 3012 532 3270 585; x_wconf 89' lang='lat' dir='ltr'><strong>feminam</strong></span> <span class='ocrx_word' id='word_1_148' title='bbox 3317 531 3497 584; x_wconf 90' lang='lat' dir='ltr'><strong>innuit</strong></span> 
     </span>
    </p>
   </div>
   <div class='ocr_carea' id='block_1_21' title="bbox 1924 622 3509 696">
    <p class='ocr_par' dir='ltr' id='par_1_21' title="bbox 1924 622 3509 696">
     <span class='ocr_line' id='line_1_21' title="bbox 1924 622 3509 696; baseline 0.001 -20"><span class='ocrx_word' id='word_1_149' title='bbox 1924 624 2028 678; x_wconf 88' lang='lat' dir='ltr'><strong>tori</strong></span> <span class='ocrx_word' id='word_1_150' title='bbox 2053 626 2232 679; x_wconf 88' lang='lat' dir='ltr'><strong>adhuc</strong></span> <span class='ocrx_word' id='word_1_151' title='bbox 2260 637 2563 696; x_wconf 82' lang='lat' dir='ltr'><strong>expertem.</strong></span> <span class='ocrx_word' id='word_1_152' title='bbox 2595 626 2702 680; x_wconf 90' lang='lat' dir='ltr'><strong>Sed</strong></span> <span class='ocrx_word' id='word_1_153' title='bbox 2730 634 2908 679; x_wconf 85' lang='lat' dir='ltr'><strong>tamen</strong></span> <span class='ocrx_word' id='word_1_154' title='bbox 2936 625 3074 678; x_wconf 90' lang='lat' dir='ltr'><strong>idem</strong></span> <span class='ocrx_word' id='word_1_155' title='bbox 3098 624 3274 687; x_wconf 83' lang='lat' dir='ltr'><strong>Plato,</strong></span> <span class='ocrx_word' id='word_1_156' title='bbox 3305 622 3509 691; x_wconf 78' lang='lat' dir='ltr'><strong>aliique</strong></span> 
     </span>
    </p>
   </div>
   <div class='ocr_carea' id='block_1_22' title="bbox 1922 716 3509 786">
    <p class='ocr_par' dir='ltr' id='par_1_22' title="bbox 1922 716 3509 786">
     <span class='ocr_line' id='line_1_22' title="bbox 1922 716 3509 786; baseline -0.001 -18"><span class='ocrx_word' id='word_1_157' title='bbox 1922 716 2106 785; x_wconf 89' lang='lat' dir='ltr'><strong>plures</strong></span> <span class='ocrx_word' id='word_1_158' title='bbox 2136 731 2242 770; x_wconf 90' lang='lat' dir='ltr'><strong>non</strong></span> <span class='ocrx_word' id='word_1_159' title='bbox 2278 718 2557 774; x_wconf 90' lang='lat' dir='ltr'><strong>inlerioris</strong></span> <span class='ocrx_word' id='word_1_160' title='bbox 2586 720 2831 773; x_wconf 84' lang='lat' dir='ltr'><strong>subsellii</strong></span> <span class='ocrx_word' id='word_1_161' title='bbox 2881 729 3156 779; x_wconf 87' lang='lat' dir='ltr'><strong>auctores.</strong></span> <span class='ocrx_word' id='word_1_162' title='bbox 3212 732 3328 771; x_wconf 85' lang='lat' dir='ltr'><strong>eam</strong></span> <span class='ocrx_word' id='word_1_163' title='bbox 3386 732 3509 786; x_wconf 76' lang='lat' dir='ltr'><strong>quae</strong></span> 
     </span>
    </p>
   </div>
   <div class='ocr_carea' id='block_1_23' title="bbox 1921 806 3508 876">
    <p class='ocr_par' dir='ltr' id='par_1_23' title="bbox 1921 806 3508 876">
     <span class='ocr_line' id='line_1_23' title="bbox 1921 806 3508 876; baseline -0.001 -17"><span class='ocrx_word' id='word_1_164' title='bbox 1921 806 2042 859; x_wconf 87' lang='lat' dir='ltr'><strong>viro</strong></span> <span class='ocrx_word' id='word_1_165' title='bbox 2084 808 2347 864; x_wconf 76' lang='lat' dir='ltr'><strong>societate</strong></span> <span class='ocrx_word' id='word_1_166' title='bbox 2401 809 2628 864; x_wconf 84' lang='lat' dir='ltr'><strong>thalami</strong></span> <span class='ocrx_word' id='word_1_167' title='bbox 2665 809 2957 876; x_wconf 84' lang='lat' dir='ltr'><strong>conjuncta</strong></span> <span class='ocrx_word' id='word_1_168' title='bbox 2983 815 3066 863; x_wconf 89' lang='lat' dir='ltr'><strong>est</strong></span> <span class='ocrx_word' id='word_1_169' title='bbox 3106 808 3209 861; x_wconf 87' lang='lat' dir='ltr'><strong>hoc</strong></span> <span class='ocrx_word' id='word_1_170' title='bbox 3242 806 3508 861; x_wconf 84' lang='lat' dir='ltr'><strong>vocabulo</strong></span> 
     </span>
    </p>
   </div>
   <div class='ocr_carea' id='block_1_24' title="bbox 1922 897 3507 973">
    <p class='ocr_par' dir='ltr' id='par_1_24' title="bbox 1922 897 3507 973">
     <span class='ocr_line' id='line_1_24' title="bbox 1922 897 3507 973; baseline 0 -21"><span class='ocrx_word' id='word_1_171' title='bbox 1922 899 2228 970; x_wconf 78' lang='lat' dir='ltr'><strong>iudigitaut.</strong></span> <span class='ocrx_word' id='word_1_172' title='bbox 2276 900 2406 956; x_wconf 88' lang='lat' dir='ltr'><strong>Item</strong></span> <span class='ocrx_word' id='word_1_173' title='bbox 2456 903 2716 973; x_wconf 83' lang='grc' dir='ltr'>σοφιστὴν</span> <span class='ocrx_word' id='word_1_174' title='bbox 2770 901 3005 956; x_wconf 86' lang='lat' dir='ltr'><strong>dicimus</strong></span> <span class='ocrx_word' id='word_1_175' title='bbox 3059 912 3173 955; x_wconf 91' lang='lat' dir='ltr'><strong>tum</strong></span> <span class='ocrx_word' id='word_1_176' title='bbox 3228 914 3351 952; x_wconf 87' lang='lat' dir='ltr'><strong>eum</strong></span> <span class='ocrx_word' id='word_1_177' title='bbox 3411 897 3507 967; x_wconf 90' lang='lat' dir='ltr'><strong>qui</strong></span> 
     </span>
    </p>
   </div>
   <div class='ocr_carea' id='block_1_25' title="bbox 1922 989 3506 1062">
    <p class='ocr_par' dir='ltr' id='par_1_25' title="bbox 1922 989 3506 1062">
     <span class='ocr_line' id='line_1_25' title="bbox 1922 989 3506 1062; baseline 0 -18"><span class='ocrx_word' id='word_1_178' title='bbox 1922 989 2126 1057; x_wconf 80' lang='lat' dir='ltr'><strong>logicas</strong></span> <span class='ocrx_word' id='word_1_179' title='bbox 2183 990 2497 1062; x_wconf 79' lang='lat' dir='ltr'><strong>disciplinas</strong></span> <span class='ocrx_word' id='word_1_180' title='bbox 2549 994 2733 1055; x_wconf 85' lang='lat' dir='ltr'><strong>tradit,</strong></span> <span class='ocrx_word' id='word_1_181' title='bbox 2769 1002 2884 1048; x_wconf 92' lang='lat' dir='ltr'><strong>tum</strong></span> <span class='ocrx_word' id='word_1_182' title='bbox 2937 994 3102 1048; x_wconf 84' lang='lat' dir='ltr'><strong>etiam</strong></span> <span class='ocrx_word' id='word_1_183' title='bbox 3153 992 3246 1062; x_wconf 88' lang='lat' dir='ltr'><strong>qui</strong></span> <span class='ocrx_word' id='word_1_184' title='bbox 3289 992 3506 1045; x_wconf 88' lang='lat' dir='ltr'><strong>dicendi</strong></span> 
     </span>
    </p>
   </div>
   <div class='ocr_carea' id='block_1_26' title="bbox 1922 1084 3509 1155">
    <p class='ocr_par' dir='ltr' id='par_1_26' title="bbox 1922 1084 3509 1155">
     <span class='ocr_line' id='line_1_26' title="bbox 1922 1084 3509 1155; baseline 0.001 -20"><span class='ocrx_word' id='word_1_185' title='bbox 1922 1090 2092 1136; x_wconf 84' lang='lat' dir='ltr'><strong>artem</strong></span> <span class='ocrx_word' id='word_1_186' title='bbox 2120 1084 2422 1151; x_wconf 84' lang='lat' dir='ltr'><strong>proﬁtetur,</strong></span> <span class='ocrx_word' id='word_1_187' title='bbox 2450 1086 2613 1140; x_wconf 85' lang='lat' dir='ltr'><strong>tertio</strong></span> <span class='ocrx_word' id='word_1_188' title='bbox 2634 1086 2871 1154; x_wconf 89' lang='lat' dir='ltr'><strong>denique</strong></span> <span class='ocrx_word' id='word_1_189' title='bbox 2897 1087 3048 1140; x_wconf 86' lang='lat' dir='ltr'><strong>illum</strong></span> <span class='ocrx_word' id='word_1_190' title='bbox 3086 1085 3179 1155; x_wconf 90' lang='lat' dir='ltr'><strong>qui</strong></span> <span class='ocrx_word' id='word_1_191' title='bbox 3217 1084 3509 1139; x_wconf 84' lang='lat' dir='ltr'><strong>scholasti-</strong></span> 
     </span>
    </p>
   </div>
   <div class='ocr_carea' id='block_1_27' title="bbox 1919 1176 3503 1234">
    <p class='ocr_par' dir='ltr' id='par_1_27' title="bbox 1919 1176 3503 1234">
     <span class='ocr_line' id='line_1_27' title="bbox 1919 1176 3503 1234; baseline -0.001 -5"><span class='ocrx_word' id='word_1_192' title='bbox 1919 1190 2045 1230; x_wconf 93' lang='lat' dir='ltr'><strong>cum</strong></span> <span class='ocrx_word' id='word_1_193' title='bbox 2095 1176 2407 1232; x_wconf 88' lang='lat' dir='ltr'><strong>auditorum</strong></span> <span class='ocrx_word' id='word_1_194' title='bbox 2456 1194 2687 1234; x_wconf 91' lang='lat' dir='ltr'><strong>suorum</strong></span> <span class='ocrx_word' id='word_1_195' title='bbox 2733 1180 3056 1234; x_wconf 82' lang='lat' dir='ltr'><strong>exercitium</strong></span> <span class='ocrx_word' id='word_1_196' title='bbox 3115 1178 3183 1233; x_wconf 89' lang='lat' dir='ltr'><strong>ad</strong></span> <span class='ocrx_word' id='word_1_197' title='bbox 3257 1177 3503 1231; x_wconf 82' lang='lat' dir='ltr'><strong>fallacem</strong></span> 
     </span>
    </p>
   </div>
   <div class='ocr_carea' id='block_1_28' title="bbox 1918 1268 3506 1327">
    <p class='ocr_par' dir='ltr' id='par_1_28' title="bbox 1918 1268 3506 1327">
     <span class='ocr_line' id='line_1_28' title="bbox 1918 1268 3506 1327; baseline -0.001 -5"><span class='ocrx_word' id='word_1_198' title='bbox 1918 1268 2322 1323; x_wconf 85' lang='lat' dir='ltr'><strong>contentionem</strong></span> <span class='ocrx_word' id='word_1_199' title='bbox 2344 1269 2534 1325; x_wconf 90' lang='lat' dir='ltr'><strong>vitiose</strong></span> <span class='ocrx_word' id='word_1_200' title='bbox 2562 1271 2851 1327; x_wconf 89' lang='lat' dir='ltr'><strong>traducere</strong></span> <span class='ocrx_word' id='word_1_201' title='bbox 2876 1272 3035 1326; x_wconf 90' lang='lat' dir='ltr'><strong>solet.</strong></span> <span class='ocrx_word' id='word_1_202' title='bbox 3075 1269 3343 1325; x_wconf 56' lang='lat' dir='ltr'><strong>Prwterea</strong></span> <span class='ocrx_word' id='word_1_203' title='bbox 3378 1284 3506 1321; x_wconf 86' lang='grc' dir='ltr'>στα-</span> 
     </span>
    </p>
   </div>
   <div class='ocr_carea' id='block_1_29' title="bbox 1920 1365 3505 1435">
    <p class='ocr_par' dir='ltr' id='par_1_29' title="bbox 1920 1365 3505 1435">
     <span class='ocr_line' id='line_1_29' title="bbox 1920 1365 3505 1435; baseline -0.001 -17"><span class='ocrx_word' id='word_1_204' title='bbox 1920 1365 2096 1435; x_wconf 71' lang='grc' dir='ltr'>θερδν,</span> <span class='ocrx_word' id='word_1_205' title='bbox 2130 1382 2236 1420; x_wconf 94' lang='lat' dir='ltr'><strong>non</strong></span> <span class='ocrx_word' id='word_1_206' title='bbox 2273 1366 2452 1421; x_wconf 89' lang='lat' dir='ltr'><strong>solum</strong></span> <span class='ocrx_word' id='word_1_207' title='bbox 2478 1367 2691 1430; x_wconf 87' lang='lat' dir='ltr'><strong>stabile,</strong></span> <span class='ocrx_word' id='word_1_208' title='bbox 2736 1382 2924 1422; x_wconf 88' lang='lat' dir='ltr'><strong>verum</strong></span> <span class='ocrx_word' id='word_1_209' title='bbox 2953 1366 3117 1421; x_wconf 88' lang='lat' dir='ltr'><strong>etiam</strong></span> <span class='ocrx_word' id='word_1_210' title='bbox 3162 1365 3399 1418; x_wconf 84' lang='lat' dir='ltr'><strong>validum</strong></span> <span class='ocrx_word' id='word_1_211' title='bbox 3450 1374 3505 1416; x_wconf 82' lang='lat' dir='ltr'><strong>et</strong></span> 
     </span>
    </p>
   </div>
   <div class='ocr_carea' id='block_1_30' title="bbox 1918 1452 3505 1526">
    <p class='ocr_par' dir='ltr' id='par_1_30' title="bbox 1918 1452 3505 1526">
     <span class='ocr_line' id='line_1_30' title="bbox 1918 1452 3505 1526; baseline -0.003 -19"><span class='ocrx_word' id='word_1_212' title='bbox 1918 1452 2208 1517; x_wconf 89' lang='lat' dir='ltr'><strong>fervidum,</strong></span> <span class='ocrx_word' id='word_1_213' title='bbox 2238 1463 2292 1509; x_wconf 87' lang='lat' dir='ltr'><strong>et</strong></span> <span class='ocrx_word' id='word_1_214' title='bbox 2313 1470 2439 1510; x_wconf 89' lang='lat' dir='ltr'><strong>acre</strong></span> <span class='ocrx_word' id='word_1_215' title='bbox 2453 1454 2765 1526; x_wconf 82' lang='lat' dir='ltr'><strong>significare</strong></span> <span class='ocrx_word' id='word_1_216' title='bbox 2781 1456 3173 1525; x_wconf 89' lang='lat' dir='ltr'><strong>comperimus.</strong></span> <span class='ocrx_word' id='word_1_217' title='bbox 3192 1453 3332 1508; x_wconf 88' lang='lat' dir='ltr'><strong>Tum</strong></span> <span class='ocrx_word' id='word_1_218' title='bbox 3364 1452 3505 1521; x_wconf 76' lang='grc' dir='ltr'>φαῦ-</span> 
     </span>
    </p>
   </div>
   <div class='ocr_carea' id='block_1_31' title="bbox 1917 1543 3502 1617">
    <p class='ocr_par' dir='ltr' id='par_1_31' title="bbox 1917 1543 3502 1617">
     <span class='ocr_line' id='line_1_31' title="bbox 1917 1543 3502 1617; baseline -0.001 -20"><span class='ocrx_word' id='word_1_219' title='bbox 1917 1543 2008 1599; x_wconf 91' lang='grc' dir='ltr'><strong>λον</strong></span> <span class='ocrx_word' id='word_1_220' title='bbox 2036 1561 2144 1600; x_wconf 92' lang='lat' dir='ltr'><strong>non</strong></span> <span class='ocrx_word' id='word_1_221' title='bbox 2175 1562 2401 1615; x_wconf 91' lang='lat' dir='ltr'><strong>pravum</strong></span> <span class='ocrx_word' id='word_1_222' title='bbox 2424 1547 2803 1602; x_wconf 85' lang='lat' dir='ltr'><strong>tantummodo</strong></span> <span class='ocrx_word' id='word_1_223' title='bbox 2828 1560 2883 1602; x_wconf 90' lang='lat' dir='ltr'><strong>et</strong></span> <span class='ocrx_word' id='word_1_224' title='bbox 2933 1546 3245 1617; x_wconf 88' lang='lat' dir='ltr'><strong>improbum</strong></span> <span class='ocrx_word' id='word_1_225' title='bbox 3302 1556 3358 1599; x_wconf 89' lang='lat' dir='ltr'><strong>et</strong></span> <span class='ocrx_word' id='word_1_226' title='bbox 3415 1544 3502 1597; x_wconf 90' lang='lat' dir='ltr'><strong>iu-</strong></span> 
     </span>
    </p>
   </div>
   <div class='ocr_carea' id='block_1_32' title="bbox 1916 1637 3498 1708">
    <p class='ocr_par' dir='ltr' id='par_1_32' title="bbox 1916 1637 3498 1708">
     <span class='ocr_line' id='line_1_32' title="bbox 1916 1637 3498 1708; baseline -0.004 -15"><span class='ocrx_word' id='word_1_227' title='bbox 1916 1637 2199 1700; x_wconf 88' lang='lat' dir='ltr'><strong>decorum,</strong></span> <span class='ocrx_word' id='word_1_228' title='bbox 2258 1638 2354 1693; x_wconf 87' lang='lat' dir='ltr'><strong>sed</strong></span> <span class='ocrx_word' id='word_1_229' title='bbox 2386 1640 2550 1693; x_wconf 84' lang='lat' dir='ltr'><strong>etiam</strong></span> <span class='ocrx_word' id='word_1_230' title='bbox 2620 1654 2904 1708; x_wconf 87' lang='lat' dir='ltr'><strong>magnum,</strong></span> <span class='ocrx_word' id='word_1_231' title='bbox 2951 1639 3063 1693; x_wconf 90' lang='lat' dir='ltr'><strong>imo</strong></span> <span class='ocrx_word' id='word_1_232' title='bbox 3112 1644 3161 1692; x_wconf 90' lang='lat' dir='ltr'><strong>et</strong></span> <span class='ocrx_word' id='word_1_233' title='bbox 3227 1650 3498 1705; x_wconf 84' lang='lat' dir='ltr'><strong>parvum;</strong></span> 
     </span>
    </p>
   </div>
   <div class='ocr_carea' id='block_1_33' title="bbox 1917 1716 3498 1801">
    <p class='ocr_par' dir='ltr' id='par_1_33' title="bbox 1917 1716 3498 1801">
     <span class='ocr_line' id='line_1_33' title="bbox 1917 1716 3498 1801; baseline -0.003 -16"><span class='ocrx_word' id='word_1_234' title='bbox 1917 1729 2157 1799; x_wconf 90' lang='lat' dir='ltr'><strong>itemque</strong></span> <span class='ocrx_word' id='word_1_235' title='bbox 2180 1729 2339 1786; x_wconf 81' lang='lat' dir='ltr'><strong>facile</strong></span> <span class='ocrx_word' id='word_1_236' title='bbox 2366 1739 2421 1785; x_wconf 88' lang='lat' dir='ltr'><strong>et</strong></span> <span class='ocrx_word' id='word_1_237' title='bbox 2451 1731 2682 1801; x_wconf 78' lang='lat' dir='ltr'><strong>simplex</strong></span> <span class='ocrx_word' id='word_1_238' title='bbox 2726 1741 2780 1786; x_wconf 90' lang='lat' dir='ltr'><strong>et</strong></span> <span class='ocrx_word' id='word_1_239' title='bbox 2812 1716 3097 1785; x_wconf 80' lang='lat' dir='ltr'><strong>innoxium</strong></span> <span class='ocrx_word' id='word_1_240' title='bbox 3124 1740 3178 1784; x_wconf 91' lang='lat' dir='ltr'><strong>et</strong></span> <span class='ocrx_word' id='word_1_241' title='bbox 3220 1728 3498 1784; x_wconf 89' lang='lat' dir='ltr'><strong>fortuitum</strong></span> 
     </span>
    </p>
   </div>
   <div class='ocr_carea' id='block_1_34' title="bbox 220 1806 1799 1895">
    <p class='ocr_par' dir='ltr' id='par_1_34' title="bbox 220 1821 1799 1895">
     <span class='ocr_line' id='line_1_34' title="bbox 220 1821 1799 1895; baseline 0.001 -18"><span class='ocrx_word' id='word_1_242' title='bbox 220 1821 371 1892; x_wconf 78' lang='grc' dir='ltr'><strong>ρἰα·</strong></span> <span class='ocrx_word' id='word_1_243' title='bbox 402 1823 768 1894; x_wconf 84' lang='grc' dir='ltr'>προϐάλλεται</span> <span class='ocrx_word' id='word_1_244' title='bbox 790 1824 900 1895; x_wconf 88' lang='grc' dir='ltr'>γὰρ</span> <span class='ocrx_word' id='word_1_245' title='bbox 931 1829 1053 1878; x_wconf 82' lang='grc' dir='ltr'>τότε</span> <span class='ocrx_word' id='word_1_246' title='bbox 1090 1824 1409 1893; x_wconf 83' lang='grc' dir='ltr'>μανθάνειν,</span> <span class='ocrx_word' id='word_1_247' title='bbox 1450 1826 1545 1878; x_wconf 89' lang='lat' dir='ltr'><strong>xui</strong></span> <span class='ocrx_word' id='word_1_248' title='bbox 1568 1826 1631 1879; x_wconf 82' lang='grc' dir='ltr'>τὸ</span> <span class='ocrx_word' id='word_1_249' title='bbox 1659 1826 1799 1879; x_wconf 87' lang='grc' dir='ltr'>ίστο-</span> 
     </span>
    </p>
   </div>
   <div class='ocr_carea' id='block_1_35' title="bbox 1905 1806 3501 1895">
    <p class='ocr_par' dir='ltr' id='par_1_35' title="bbox 1913 1818 3501 1891">
     <span class='ocr_line' id='line_1_35' title="bbox 1913 1818 3501 1891; baseline -0.003 -16"><span class='ocrx_word' id='word_1_250' title='bbox 1913 1820 2198 1890; x_wconf 88' lang='lat' dir='ltr'><strong>quodlibet</strong></span> <span class='ocrx_word' id='word_1_251' title='bbox 2232 1830 2287 1875; x_wconf 90' lang='lat' dir='ltr'><strong>et</strong></span> <span class='ocrx_word' id='word_1_252' title='bbox 2316 1821 2671 1891; x_wconf 81' lang='lat' dir='ltr'><strong>incogitatum</strong></span> <span class='ocrx_word' id='word_1_253' title='bbox 2719 1821 2962 1876; x_wconf 89' lang='lat' dir='ltr'><strong>denotat.</strong></span> <span class='ocrx_word' id='word_1_254' title='bbox 2998 1819 3063 1875; x_wconf 86' lang='lat' dir='ltr'><strong>Et</strong></span> <span class='ocrx_word' id='word_1_255' title='bbox 3112 1818 3333 1889; x_wconf 87' lang='lat' dir='ltr'><strong>quidem</strong></span> <span class='ocrx_word' id='word_1_256' title='bbox 3374 1833 3501 1872; x_wconf 88' lang='lat' dir='ltr'><strong>ver-</strong></span> 
     </span>
    </p>
   </div>
   <div class='ocr_carea' id='block_1_36' title="bbox 221 1915 1809 1989">
    <p class='ocr_par' dir='ltr' id='par_1_36' title="bbox 221 1915 1809 1989">
     <span class='ocr_line' id='line_1_36' title="bbox 221 1915 1809 1989; baseline 0.003 -23"><span class='ocrx_word' id='word_1_257' title='bbox 221 1915 363 1984; x_wconf 83' lang='grc' dir='ltr'>ρεῖν,</span> <span class='ocrx_word' id='word_1_258' title='bbox 401 1917 496 1969; x_wconf 84' lang='lat' dir='ltr'><strong>xui</strong></span> <span class='ocrx_word' id='word_1_259' title='bbox 531 1917 761 1988; x_wconf 74' lang='grc' dir='ltr'>ἐρωτᾷν,</span> <span class='ocrx_word' id='word_1_260' title='bbox 797 1918 894 1971; x_wconf 89' lang='lat' dir='ltr'><strong>xui</strong></span> <span class='ocrx_word' id='word_1_261' title='bbox 926 1918 1136 1973; x_wconf 79' lang='grc' dir='ltr'>τοιαῦθ’</span> <span class='ocrx_word' id='word_1_262' title='bbox 1161 1919 1344 1989; x_wconf 75' lang='grc' dir='ltr'>ἕτερα.</span> <span class='ocrx_word' id='word_1_263' title='bbox 1396 1917 1457 1971; x_wconf 90' lang='lat'><strong>&#39;0</strong></span> <span class='ocrx_word' id='word_1_264' title='bbox 1490 1918 1547 1972; x_wconf 85' lang='grc' dir='ltr'>δὲ</span> <span class='ocrx_word' id='word_1_265' title='bbox 1577 1918 1809 1983; x_wconf 85' lang='grc' dir='ltr'>πελανὸς</span> 
     </span>
    </p>
   </div>
   <div class='ocr_carea' id='block_1_37' title="bbox 217 2006 1807 2081">
    <p class='ocr_par' dir='ltr' id='par_1_37' title="bbox 217 2006 1807 2081">
     <span class='ocr_line' id='line_1_37' title="bbox 217 2006 1807 2081; baseline 0.002 -23"><span class='ocrx_word' id='word_1_266' title='bbox 217 2009 253 2075; x_wconf 83' lang='grc' dir='ltr'>ἡ</span> <span class='ocrx_word' id='word_1_267' title='bbox 282 2006 425 2071; x_wconf 81' lang='grc' dir='ltr'>λέξις</span> <span class='ocrx_word' id='word_1_268' title='bbox 447 2008 646 2078; x_wconf 77' lang='grc' dir='ltr'>πέμμα</span> <span class='ocrx_word' id='word_1_269' title='bbox 674 2026 732 2063; x_wconf 90' lang='grc' dir='ltr'><strong>τε</strong></span> <span class='ocrx_word' id='word_1_270' title='bbox 761 2009 820 2074; x_wconf 77' lang='grc' dir='ltr'><strong>ἐξ</strong></span> <span class='ocrx_word' id='word_1_271' title='bbox 843 2010 1076 2079; x_wconf 81' lang='grc' dir='ltr'>ἀλεύρου</span> <span class='ocrx_word' id='word_1_272' title='bbox 1112 2008 1327 2072; x_wconf 78' lang='grc' dir='ltr'>θυσίαις</span> <span class='ocrx_word' id='word_1_273' title='bbox 1361 2009 1679 2081; x_wconf 76' lang='grc' dir='ltr'>ἐπιτήδειον</span> <span class='ocrx_word' id='word_1_274' title='bbox 1707 2009 1807 2081; x_wconf 83' lang='grc' dir='ltr'>δη-</span> 
     </span>
    </p>
   </div>
   <div class='ocr_carea' id='block_1_38' title="bbox 216 2099 1801 2173">
    <p class='ocr_par' dir='ltr' id='par_1_38' title="bbox 216 2099 1801 2173">
     <span class='ocr_line' id='line_1_38' title="bbox 216 2099 1801 2173; baseline 0.004 -24"><span class='ocrx_word' id='word_1_275' title='bbox 216 2099 324 2151; x_wconf 76' lang='grc' dir='ltr'>λοῖ·</span> <span class='ocrx_word' id='word_1_276' title='bbox 338 2099 489 2169; x_wconf 86' lang='grc' dir='ltr'>δηλοῖ</span> <span class='ocrx_word' id='word_1_277' title='bbox 504 2100 560 2154; x_wconf 82' lang='grc' dir='ltr'>δὲ</span> <span class='ocrx_word' id='word_1_278' title='bbox 579 2101 671 2155; x_wconf 87' lang='lat' dir='ltr'><strong>xui</strong></span> <span class='ocrx_word' id='word_1_279' title='bbox 692 2102 783 2155; x_wconf 85' lang='grc' dir='ltr'>τὸν</span> <span class='ocrx_word' id='word_1_280' title='bbox 806 2103 933 2172; x_wconf 75' lang='grc' dir='ltr'>περὶ</span> <span class='ocrx_word' id='word_1_281' title='bbox 954 2101 1031 2173; x_wconf 81' lang='grc' dir='ltr'>τῷ</span> <span class='ocrx_word' id='word_1_282' title='bbox 1053 2103 1282 2172; x_wconf 87' lang='grc' dir='ltr'>στόματι</span> <span class='ocrx_word' id='word_1_283' title='bbox 1299 2102 1586 2171; x_wconf 86' lang='grc' dir='ltr'>πεπηγότα</span> <span class='ocrx_word' id='word_1_284' title='bbox 1609 2101 1801 2172; x_wconf 82' lang='grc' dir='ltr'>ἀφρόν·</span> 
     </span>
    </p>
   </div>
   <div class='ocr_carea' id='block_1_39' title="bbox 214 2191 1803 2266">
    <p class='ocr_par' dir='ltr' id='par_1_39' title="bbox 214 2191 1803 2266">
     <span class='ocr_line' id='line_1_39' title="bbox 214 2191 1803 2266; baseline 0.003 -23"><span class='ocrx_word' id='word_1_285' title='bbox 214 2191 356 2244; x_wconf 76' lang='grc' dir='ltr'>ἀλλὰ</span> <span class='ocrx_word' id='word_1_286' title='bbox 386 2194 481 2245; x_wconf 84' lang='lat' dir='ltr'><strong>xui</strong></span> <span class='ocrx_word' id='word_1_287' title='bbox 509 2193 569 2245; x_wconf 86' lang='grc' dir='ltr'>τὸ</span> <span class='ocrx_word' id='word_1_288' title='bbox 599 2193 807 2257; x_wconf 86' lang='grc' dir='ltr'>ὀπῶδες</span> <span class='ocrx_word' id='word_1_289' title='bbox 837 2194 1072 2265; x_wconf 68' lang='grc' dir='ltr'>δάκρυον</span> <span class='ocrx_word' id='word_1_290' title='bbox 1098 2195 1348 2266; x_wconf 85' lang='grc' dir='ltr'>πεπηγός</span> <span class='ocrx_word' id='word_1_291' title='bbox 1383 2212 1441 2248; x_wconf 90' lang='grc' dir='ltr'><strong>τε</strong></span> <span class='ocrx_word' id='word_1_292' title='bbox 1480 2194 1576 2247; x_wconf 89' lang='lat' dir='ltr'><strong>xui</strong></span> <span class='ocrx_word' id='word_1_293' title='bbox 1600 2194 1803 2266; x_wconf 78' lang='grc' dir='ltr'>ἐξηρα-</span> 
     </span>
    </p>
   </div>
   <div class='ocr_carea' id='block_1_40' title="bbox 223 2282 1805 2359">
    <p class='ocr_par' dir='ltr' id='par_1_40' title="bbox 223 2282 1805 2359">
     <span class='ocr_line' id='line_1_40' title="bbox 223 2282 1805 2359; baseline 0.004 -23"><span class='ocrx_word' id='word_1_294' title='bbox 223 2284 411 2353; x_wconf 82' lang='grc' dir='ltr'>μένον,</span> <span class='ocrx_word' id='word_1_295' title='bbox 442 2282 552 2338; x_wconf 77' lang='grc' dir='ltr'>οἷον</span> <span class='ocrx_word' id='word_1_296' title='bbox 594 2286 793 2356; x_wconf 85' lang='grc' dir='ltr'>κόμμι,</span> <span class='ocrx_word' id='word_1_297' title='bbox 838 2287 933 2341; x_wconf 85' lang='lat' dir='ltr'><strong>xui</strong></span> <span class='ocrx_word' id='word_1_298' title='bbox 962 2287 1031 2340; x_wconf 83' lang='grc' dir='ltr'>τὰ</span> <span class='ocrx_word' id='word_1_299' title='bbox 1059 2288 1221 2359; x_wconf 82' lang='grc' dir='ltr'>ὅμοια</span> <span class='ocrx_word' id='word_1_300' title='bbox 1246 2304 1260 2318; x_wconf 92' lang='grc'><strong>·</strong></span> <span class='ocrx_word' id='word_1_301' title='bbox 1306 2289 1401 2342; x_wconf 87' lang='lat' dir='ltr'><strong>xui</strong></span> <span class='ocrx_word' id='word_1_302' title='bbox 1423 2288 1686 2359; x_wconf 83' lang='grc' dir='ltr'>τέταρτον</span> <span class='ocrx_word' id='word_1_303' title='bbox 1711 2288 1805 2342; x_wconf 83' lang='grc' dir='ltr'>τὸν</span> 
     </span>
    </p>
   </div>
   <div class='ocr_carea' id='block_1_41' title="bbox 212 2375 1801 2450">
    <p class='ocr_par' dir='ltr' id='par_1_41' title="bbox 212 2375 1801 2450">
     <span class='ocr_line' id='line_1_41' title="bbox 212 2375 1801 2450; baseline 0.004 -23"><span class='ocrx_word' id='word_1_304' title='bbox 212 2375 405 2428; x_wconf 77' lang='grc' dir='ltr'>ὀϐολὸν</span> <span class='ocrx_word' id='word_1_305' title='bbox 434 2378 557 2430; x_wconf 78' lang='grc' dir='ltr'>ὅσον</span> <span class='ocrx_word' id='word_1_306' title='bbox 583 2380 694 2439; x_wconf 82' lang='grc' dir='ltr'>τοῖς</span> <span class='ocrx_word' id='word_1_307' title='bbox 722 2378 978 2447; x_wconf 88' lang='grc' dir='ltr'>μάντεσιν</span> <span class='ocrx_word' id='word_1_308' title='bbox 1005 2379 1163 2433; x_wconf 80' lang='grc' dir='ltr'>εἴωθε</span> <span class='ocrx_word' id='word_1_309' title='bbox 1186 2379 1427 2434; x_wconf 83' lang='grc' dir='ltr'>δίδοσθαι</span> <span class='ocrx_word' id='word_1_310' title='bbox 1453 2380 1664 2450; x_wconf 82' lang='grc' dir='ltr'>μισθός.</span> <span class='ocrx_word' id='word_1_311' title='bbox 1692 2380 1801 2433; x_wconf 76' lang='grc' dir='ltr'><strong>Καὶ</strong></span> 
     </span>
    </p>
   </div>
   <div class='ocr_carea' id='block_1_42' title="bbox 214 2467 1796 2541">
    <p class='ocr_par' dir='ltr' id='par_1_42' title="bbox 214 2467 1796 2541">
     <span class='ocr_line' id='line_1_42' title="bbox 214 2467 1796 2541; baseline 0.003 -22"><span class='ocrx_word' id='word_1_312' title='bbox 214 2467 279 2519; x_wconf 79' lang='grc' dir='ltr'>τὸ</span> <span class='ocrx_word' id='word_1_313' title='bbox 307 2468 475 2537; x_wconf 84' lang='grc' dir='ltr'>ὁμόσε</span> <span class='ocrx_word' id='word_1_314' title='bbox 519 2469 576 2521; x_wconf 85' lang='grc' dir='ltr'>δὲ</span> <span class='ocrx_word' id='word_1_315' title='bbox 626 2468 688 2521; x_wconf 83' lang='grc' dir='ltr'>τὸ</span> <span class='ocrx_word' id='word_1_316' title='bbox 735 2470 1019 2541; x_wconf 75' lang='grc' dir='ltr'>ἐπίρρημα</span> <span class='ocrx_word' id='word_1_317' title='bbox 1046 2470 1199 2540; x_wconf 91' lang='grc' dir='ltr'>δηλοῖ</span> <span class='ocrx_word' id='word_1_318' title='bbox 1230 2471 1330 2541; x_wconf 84' lang='grc' dir='ltr'>μὲν</span> <span class='ocrx_word' id='word_1_319' title='bbox 1363 2471 1427 2523; x_wconf 84' lang='grc' dir='ltr'>τὸ</span> <span class='ocrx_word' id='word_1_320' title='bbox 1461 2471 1796 2537; x_wconf 77' lang='grc' dir='ltr'>ἐξεναντίας·</span> 
     </span>
    </p>
   </div>
   <div class='ocr_carea' id='block_1_43' title="bbox 214 2560 1803 2631">
    <p class='ocr_par' dir='ltr' id='par_1_43' title="bbox 214 2560 1803 2631">
     <span class='ocr_line' id='line_1_43' title="bbox 214 2560 1803 2631; baseline 0 -18"><span class='ocrx_word' id='word_1_321' title='bbox 214 2561 249 2625; x_wconf 83' lang='grc' dir='ltr'><strong>ὴ</strong></span> <span class='ocrx_word' id='word_1_322' title='bbox 281 2560 337 2613; x_wconf 83' lang='grc' dir='ltr'>δὲ</span> <span class='ocrx_word' id='word_1_323' title='bbox 364 2560 472 2611; x_wconf 85' lang='grc' dir='ltr'><strong>τῶν</strong></span> <span class='ocrx_word' id='word_1_324' title='bbox 504 2560 747 2631; x_wconf 83' lang='grc' dir='ltr'>ἀρχαίων</span> <span class='ocrx_word' id='word_1_325' title='bbox 780 2564 975 2631; x_wconf 80' lang='grc' dir='ltr'>χρῆσις</span> <span class='ocrx_word' id='word_1_326' title='bbox 1002 2562 1370 2615; x_wconf 80' lang='grc' dir='ltr'>ἐπιδείκνυσιν</span> <span class='ocrx_word' id='word_1_327' title='bbox 1400 2561 1533 2614; x_wconf 87' lang='grc' dir='ltr'>αὑτδ</span> <span class='ocrx_word' id='word_1_328' title='bbox 1562 2560 1655 2614; x_wconf 89' lang='lat' dir='ltr'><strong>xui</strong></span> <span class='ocrx_word' id='word_1_329' title='bbox 1678 2561 1803 2614; x_wconf 64' lang='lat' dir='ltr'><strong>avri</strong></span> 
     </span>
    </p>
   </div>
   <div class='ocr_carea' id='block_1_44' title="bbox 212 2650 1799 2723">
    <p class='ocr_par' dir='ltr' id='par_1_44' title="bbox 212 2650 1799 2723">
     <span class='ocr_line' id='line_1_44' title="bbox 212 2650 1799 2723; baseline 0.004 -20"><span class='ocrx_word' id='word_1_330' title='bbox 212 2650 311 2703; x_wconf 76' lang='grc' dir='ltr'>τοῦ</span> <span class='ocrx_word' id='word_1_331' title='bbox 347 2652 551 2721; x_wconf 70' lang='grc' dir='ltr'>σχεδδν,</span> <span class='ocrx_word' id='word_1_332' title='bbox 594 2655 690 2706; x_wconf 81' lang='grc' dir='ltr'>καὶ</span> <span class='ocrx_word' id='word_1_333' title='bbox 717 2654 839 2706; x_wconf 73' lang='grc' dir='ltr'>ἀντὶ</span> <span class='ocrx_word' id='word_1_334' title='bbox 867 2653 963 2706; x_wconf 80' lang='grc' dir='ltr'>τοῦ</span> <span class='ocrx_word' id='word_1_335' title='bbox 1005 2654 1174 2721; x_wconf 83' lang='grc' dir='ltr'>ὲγγὺς</span> <span class='ocrx_word' id='word_1_336' title='bbox 1210 2651 1799 2723; x_wconf 81' lang='grc' dir='ltr'>παραλαμϐανόμενον.</span> 
     </span>
    </p>
   </div>
   <div class='ocr_carea' id='block_1_45' title="bbox 212 2743 1798 2817">
    <p class='ocr_par' dir='ltr' id='par_1_45' title="bbox 212 2743 1798 2817">
     <span class='ocr_line' id='line_1_45' title="bbox 212 2743 1798 2817; baseline 0.003 -22"><span class='ocrx_word' id='word_1_337' title='bbox 212 2743 291 2795; x_wconf 73' lang='lat'><strong>0&#39;3</strong></span> <span class='ocrx_word' id='word_1_338' title='bbox 335 2744 441 2813; x_wconf 81' lang='grc' dir='ltr'>μὴν</span> <span class='ocrx_word' id='word_1_339' title='bbox 466 2744 603 2798; x_wconf 83' lang='grc' dir='ltr'>ἀλλὰ</span> <span class='ocrx_word' id='word_1_340' title='bbox 636 2746 729 2797; x_wconf 84' lang='lat' dir='ltr'><strong>xui</strong></span> <span class='ocrx_word' id='word_1_341' title='bbox 751 2745 813 2798; x_wconf 83' lang='grc' dir='ltr'>τὸ</span> <span class='ocrx_word' id='word_1_342' title='bbox 845 2745 940 2799; x_wconf 85' lang='grc' dir='ltr'>νῦν</span> <span class='ocrx_word' id='word_1_343' title='bbox 973 2746 1059 2814; x_wconf 85' lang='grc' dir='ltr'>δὴ,</span> <span class='ocrx_word' id='word_1_344' title='bbox 1092 2747 1153 2799; x_wconf 89' lang='grc' dir='ltr'><strong>οὑ</strong></span> <span class='ocrx_word' id='word_1_345' title='bbox 1194 2746 1254 2799; x_wconf 79' lang='grc' dir='ltr'>τὸ</span> <span class='ocrx_word' id='word_1_346' title='bbox 1279 2747 1452 2817; x_wconf 69' lang='grc' dir='ltr'>παρὸν</span> <span class='ocrx_word' id='word_1_347' title='bbox 1482 2746 1581 2817; x_wconf 80' lang='grc' dir='ltr'>ήδη</span> <span class='ocrx_word' id='word_1_348' title='bbox 1619 2746 1798 2816; x_wconf 85' lang='grc' dir='ltr'>μόνον,</span> 
     </span>
    </p>
   </div>
   <div class='ocr_carea' id='block_1_46' title="bbox 210 2830 1799 2906">
    <p class='ocr_par' dir='ltr' id='par_1_46' title="bbox 210 2830 1799 2906">
     <span class='ocr_line' id='line_1_46' title="bbox 210 2830 1799 2906; baseline 0.006 -24"><span class='ocrx_word' id='word_1_349' title='bbox 210 2830 352 2883; x_wconf 82' lang='grc' dir='ltr'>ἀλλὰ</span> <span class='ocrx_word' id='word_1_350' title='bbox 381 2833 475 2885; x_wconf 80' lang='lat' dir='ltr'><strong>xui</strong></span> <span class='ocrx_word' id='word_1_351' title='bbox 501 2833 561 2886; x_wconf 82' lang='grc' dir='ltr'>τὸ</span> <span class='ocrx_word' id='word_1_352' title='bbox 594 2833 792 2906; x_wconf 81' lang='grc' dir='ltr'>μικρὸν</span> <span class='ocrx_word' id='word_1_353' title='bbox 821 2835 1132 2906; x_wconf 74' lang='grc' dir='ltr'>ἔμπροσθεν</span> <span class='ocrx_word' id='word_1_354' title='bbox 1161 2837 1383 2905; x_wconf 85' lang='grc' dir='ltr'>γεγονὸς</span> <span class='ocrx_word' id='word_1_355' title='bbox 1412 2837 1799 2892; x_wconf 83' lang='grc' dir='ltr'>ὑποϐάλλεται.</span> 
     </span>
    </p>
   </div>
   <div class='ocr_carea' id='block_1_47' title="bbox 223 2921 1801 3000">
    <p class='ocr_par' dir='ltr' id='par_1_47' title="bbox 223 2921 1801 3000">
     <span class='ocr_line' id='line_1_47' title="bbox 223 2921 1801 3000; baseline 0.006 -27"><span class='ocrx_word' id='word_1_356' title='bbox 223 2921 365 2992; x_wconf 82' lang='grc' dir='ltr'>Ἤδη</span> <span class='ocrx_word' id='word_1_357' title='bbox 408 2922 465 2975; x_wconf 79' lang='grc' dir='ltr'>δὲ</span> <span class='ocrx_word' id='word_1_358' title='bbox 519 2925 615 2978; x_wconf 88' lang='lat' dir='ltr'><strong>xui</strong></span> <span class='ocrx_word' id='word_1_359' title='bbox 661 2926 723 2978; x_wconf 84' lang='grc' dir='ltr'>τὸ</span> <span class='ocrx_word' id='word_1_360' title='bbox 766 2926 979 2998; x_wconf 78' lang='grc' dir='ltr'>κομψὸν</span> <span class='ocrx_word' id='word_1_361' title='bbox 1017 2927 1130 2994; x_wconf 79' lang='grc'><strong>(55)</strong></span> <span class='ocrx_word' id='word_1_362' title='bbox 1177 2930 1257 2991; x_wconf 85' lang='grc' dir='ltr'><strong>είς</strong></span> <span class='ocrx_word' id='word_1_363' title='bbox 1303 2928 1473 2981; x_wconf 84' lang='grc' dir='ltr'>πολλὰ</span> <span class='ocrx_word' id='word_1_364' title='bbox 1515 2928 1801 3000; x_wconf 78' lang='grc' dir='ltr'>μερίζεται</span> 
     </span>
    </p>
   </div>
   <div class='ocr_carea' id='block_1_48' title="bbox 213 3014 1795 3091">
    <p class='ocr_par' dir='ltr' id='par_1_48' title="bbox 213 3014 1795 3091">
     <span class='ocr_line' id='line_1_48' title="bbox 213 3014 1795 3091; baseline 0.008 -27"><span class='ocrx_word' id='word_1_365' title='bbox 213 3014 612 3089; x_wconf 80' lang='grc' dir='ltr'>σημαινόμενα·</span> <span class='ocrx_word' id='word_1_366' title='bbox 648 3016 710 3068; x_wconf 88' lang='grc' dir='ltr'><strong>τό</strong></span> <span class='ocrx_word' id='word_1_367' title='bbox 744 3034 803 3070; x_wconf 87' lang='grc' dir='ltr'><strong>τε</strong></span> <span class='ocrx_word' id='word_1_368' title='bbox 829 3020 936 3089; x_wconf 77' lang='grc' dir='ltr'>γάρ</span> <span class='ocrx_word' id='word_1_369' title='bbox 961 3019 1289 3090; x_wconf 84' lang='grc' dir='ltr'>περίτρανον</span> <span class='ocrx_word' id='word_1_370' title='bbox 1318 3020 1414 3073; x_wconf 83' lang='lat' dir='ltr'><strong>xui</strong></span> <span class='ocrx_word' id='word_1_371' title='bbox 1440 3020 1503 3073; x_wconf 80' lang='grc' dir='ltr'>τὸ</span> <span class='ocrx_word' id='word_1_372' title='bbox 1527 3022 1795 3091; x_wconf 88' lang='grc' dir='ltr'>τεχνικόν.</span> 
     </span>
    </p>
   </div>
   <div class='ocr_carea' id='block_1_49' title="bbox 211 3106 1798 3187">
    <p class='ocr_par' dir='ltr' id='par_1_49' title="bbox 211 3106 1798 3187">
     <span class='ocr_line' id='line_1_49' title="bbox 211 3106 1798 3187; baseline 0.007 -29"><span class='ocrx_word' id='word_1_373' title='bbox 211 3106 289 3159; x_wconf 79' lang='grc' dir='ltr'><strong>Τδ</strong></span> <span class='ocrx_word' id='word_1_374' title='bbox 320 3108 377 3160; x_wconf 88' lang='grc' dir='ltr'>δὲ</span> <span class='ocrx_word' id='word_1_375' title='bbox 409 3109 846 3181; x_wconf 87' lang='grc' dir='ltr'>πολυθρύλλητον</span> <span class='ocrx_word' id='word_1_376' title='bbox 872 3108 909 3182; x_wconf 83' lang='grc' dir='ltr'>ἦ</span> <span class='ocrx_word' id='word_1_377' title='bbox 938 3112 984 3164; x_wconf 80' lang='grc' dir='ltr'><strong>δ’</strong></span> <span class='ocrx_word' id='word_1_378' title='bbox 1011 3112 1088 3175; x_wconf 83' lang='grc' dir='ltr'>ὃς,</span> <span class='ocrx_word' id='word_1_379' title='bbox 1123 3113 1217 3167; x_wconf 80' lang='grc' dir='ltr'><strong>καὶ</strong></span> <span class='ocrx_word' id='word_1_380' title='bbox 1248 3109 1317 3183; x_wconf 76' lang='grc' dir='ltr'>ἦν</span> <span class='ocrx_word' id='word_1_381' title='bbox 1344 3114 1403 3166; x_wconf 87' lang='grc' dir='ltr'>δ·</span> <span class='ocrx_word' id='word_1_382' title='bbox 1441 3112 1576 3182; x_wconf 84' lang='grc' dir='ltr'><strong>ἐγὼ,</strong></span> <span class='ocrx_word' id='word_1_383' title='bbox 1625 3116 1657 3187; x_wconf 79' lang='grc' dir='ltr'><strong>ἡ</strong></span> <span class='ocrx_word' id='word_1_384' title='bbox 1702 3116 1798 3169; x_wconf 80' lang='grc' dir='ltr'>τοῦ</span> 
     </span>
    </p>
   </div>
   <div class='ocr_carea' id='block_1_50' title="bbox 1909 1912 3501 1984">
    <p class='ocr_par' dir='ltr' id='par_1_50' title="bbox 1909 1912 3501 1984">
     <span class='ocr_line' id='line_1_50' title="bbox 1909 1912 3501 1984; baseline -0.001 -19"><span class='ocrx_word' id='word_1_385' title='bbox 1909 1912 2040 1967; x_wconf 91' lang='lat' dir='ltr'><strong>bum</strong></span> <span class='ocrx_word' id='word_1_386' title='bbox 2067 1926 2285 1983; x_wconf 91' lang='lat' dir='ltr'><strong>quoque</strong></span> <span class='ocrx_word' id='word_1_387' title='bbox 2320 1912 2716 1978; x_wconf 82' lang='grc' dir='ltr'>πυνθάνεσθαι,</span> <span class='ocrx_word' id='word_1_388' title='bbox 2757 1912 2904 1984; x_wconf 92' lang='lat' dir='ltr'><strong>quod</strong></span> <span class='ocrx_word' id='word_1_389' title='bbox 2934 1927 3102 1965; x_wconf 89' lang='lat' dir='ltr'><strong>unum</strong></span> <span class='ocrx_word' id='word_1_390' title='bbox 3132 1925 3501 1979; x_wconf 85' lang='lat' dir='ltr'><strong>sensuutspe-</strong></span> 
     </span>
    </p>
   </div>
   <div class='ocr_carea' id='block_1_51' title="bbox 1908 2002 3494 2076">
    <p class='ocr_par' dir='ltr' id='par_1_51' title="bbox 1908 2002 3494 2076">
     <span class='ocr_line' id='line_1_51' title="bbox 1908 2002 3494 2076; baseline -0.001 -17"><span class='ocrx_word' id='word_1_391' title='bbox 1908 2011 2058 2060; x_wconf 85' lang='lat' dir='ltr'><strong>ctare</strong></span> <span class='ocrx_word' id='word_1_392' title='bbox 2109 2004 2341 2071; x_wconf 79' lang='lat' dir='ltr'><strong>videtur,</strong></span> <span class='ocrx_word' id='word_1_393' title='bbox 2387 2006 2757 2076; x_wconf 87' lang='lat' dir='ltr'><strong>complurium</strong></span> <span class='ocrx_word' id='word_1_394' title='bbox 2806 2004 3113 2075; x_wconf 80' lang='lat' dir='ltr'><strong>germinum</strong></span> <span class='ocrx_word' id='word_1_395' title='bbox 3183 2002 3339 2058; x_wconf 79' lang='lat' dir='ltr'><strong>radix</strong></span> <span class='ocrx_word' id='word_1_396' title='bbox 3389 2010 3494 2058; x_wconf 88' lang='lat' dir='ltr'><strong>est.</strong></span> 
     </span>
    </p>
   </div>
   <div class='ocr_carea' id='block_1_52' title="bbox 1907 2095 3497 2167">
    <p class='ocr_par' dir='ltr' id='par_1_52' title="bbox 1907 2095 3497 2167">
     <span class='ocr_line' id='line_1_52' title="bbox 1907 2095 3497 2167; baseline -0.001 -16"><span class='ocrx_word' id='word_1_397' title='bbox 1907 2095 2252 2167; x_wconf 83' lang='lat' dir='ltr'><strong>Quandoque</strong></span> <span class='ocrx_word' id='word_1_398' title='bbox 2276 2098 2419 2153; x_wconf 87' lang='lat' dir='ltr'><strong>enim</strong></span> <span class='ocrx_word' id='word_1_399' title='bbox 2444 2098 2706 2167; x_wconf 83' lang='lat' dir='ltr'><strong>exprimit</strong></span> <span class='ocrx_word' id='word_1_400' title='bbox 2739 2097 2975 2159; x_wconf 87' lang='lat' dir='ltr'><strong>discere,</strong></span> <span class='ocrx_word' id='word_1_401' title='bbox 3003 2105 3057 2151; x_wconf 91' lang='lat' dir='ltr'><strong>et</strong></span> <span class='ocrx_word' id='word_1_402' title='bbox 3102 2096 3411 2164; x_wconf 82' lang='lat' dir='ltr'><strong>explorare,</strong></span> <span class='ocrx_word' id='word_1_403' title='bbox 3440 2103 3497 2150; x_wconf 89' lang='lat' dir='ltr'><strong>et</strong></span> 
     </span>
    </p>
   </div>
   <div class='ocr_carea' id='block_1_53' title="bbox 1906 2187 3496 2260">
    <p class='ocr_par' dir='ltr' id='par_1_53' title="bbox 1906 2187 3496 2260">
     <span class='ocr_line' id='line_1_53' title="bbox 1906 2187 3496 2260; baseline -0.001 -19"><span class='ocrx_word' id='word_1_404' title='bbox 1906 2189 2199 2255; x_wconf 81' lang='lat' dir='ltr'><strong>sciscitari,</strong></span> <span class='ocrx_word' id='word_1_405' title='bbox 2250 2202 2305 2243; x_wconf 89' lang='lat' dir='ltr'><strong>et</strong></span> <span class='ocrx_word' id='word_1_406' title='bbox 2342 2190 2445 2243; x_wconf 84' lang='lat' dir='ltr'><strong>alia</strong></span> <span class='ocrx_word' id='word_1_407' title='bbox 2501 2188 2795 2260; x_wconf 82' lang='lat' dir='ltr'><strong>ejusmodi.</strong></span> <span class='ocrx_word' id='word_1_408' title='bbox 2866 2187 2988 2242; x_wconf 85' lang='lat' dir='ltr'><strong>Jam</strong></span> <span class='ocrx_word' id='word_1_409' title='bbox 3047 2189 3214 2244; x_wconf 87' lang='lat' dir='ltr'><strong>dictio</strong></span> <span class='ocrx_word' id='word_1_410' title='bbox 3261 2187 3496 2250; x_wconf 83' lang='grc' dir='ltr'>πελανὸς</span> 
     </span>
    </p>
   </div>
   <div class='ocr_carea' id='block_1_54' title="bbox 1904 2279 3493 2349">
    <p class='ocr_par' dir='ltr' id='par_1_54' title="bbox 1904 2279 3493 2349">
     <span class='ocr_line' id='line_1_54' title="bbox 1904 2279 3493 2349; baseline 0.001 -17"><span class='ocrx_word' id='word_1_411' title='bbox 1904 2280 2047 2334; x_wconf 80' lang='lat' dir='ltr'><strong>valet</strong></span> <span class='ocrx_word' id='word_1_412' title='bbox 2073 2282 2375 2349; x_wconf 81' lang='lat' dir='ltr'><strong>placentam</strong></span> <span class='ocrx_word' id='word_1_413' title='bbox 2399 2296 2462 2336; x_wconf 83' lang='lat' dir='ltr'><strong>ex</strong></span> <span class='ocrx_word' id='word_1_414' title='bbox 2512 2279 2688 2335; x_wconf 87' lang='lat' dir='ltr'><strong>farina</strong></span> <span class='ocrx_word' id='word_1_415' title='bbox 2740 2279 3028 2336; x_wconf 83' lang='lat' dir='ltr'><strong>sacrificiis</strong></span> <span class='ocrx_word' id='word_1_416' title='bbox 3070 2280 3359 2335; x_wconf 90' lang='lat' dir='ltr'><strong>idoneam:</strong></span> <span class='ocrx_word' id='word_1_417' title='bbox 3396 2280 3493 2335; x_wconf 80' lang='lat' dir='ltr'><strong>sed</strong></span> 
     </span>
    </p>
   </div>
   <div class='ocr_carea' id='block_1_55' title="bbox 1908 2372 3486 2443">
    <p class='ocr_par' dir='ltr' id='par_1_55' title="bbox 1908 2372 3486 2443">
     <span class='ocr_line' id='line_1_55' title="bbox 1908 2372 3486 2443; baseline 0.002 -18"><span class='ocrx_word' id='word_1_418' title='bbox 1908 2380 2085 2425; x_wconf 90' lang='lat' dir='ltr'><strong>tamen</strong></span> <span class='ocrx_word' id='word_1_419' title='bbox 2123 2372 2262 2426; x_wconf 80' lang='lat' dir='ltr'><strong>valet</strong></span> <span class='ocrx_word' id='word_1_420' title='bbox 2298 2373 2462 2427; x_wconf 87' lang='lat' dir='ltr'><strong>etiam</strong></span> <span class='ocrx_word' id='word_1_421' title='bbox 2505 2387 2760 2443; x_wconf 81' lang='lat' dir='ltr'><strong>spumam</strong></span> <span class='ocrx_word' id='word_1_422' title='bbox 2790 2373 2936 2428; x_wconf 91' lang='lat' dir='ltr'><strong>circa</strong></span> <span class='ocrx_word' id='word_1_423' title='bbox 2977 2389 3039 2428; x_wconf 92' lang='lat' dir='ltr'><strong>os</strong></span> <span class='ocrx_word' id='word_1_424' title='bbox 3071 2374 3439 2429; x_wconf 69' lang='lat' dir='ltr'><strong>adhaerentem</strong></span> <span class='ocrx_word' id='word_1_425' title='bbox 3472 2392 3486 2428; x_wconf 90' lang='lat'><strong>:</strong></span> 
     </span>
    </p>
   </div>
   <div class='ocr_carea' id='block_1_56' title="bbox 1904 2464 3493 2536">
    <p class='ocr_par' dir='ltr' id='par_1_56' title="bbox 1904 2464 3493 2536">
     <span class='ocr_line' id='line_1_56' title="bbox 1904 2464 3493 2536; baseline 0.003 -20"><span class='ocrx_word' id='word_1_426' title='bbox 1904 2479 2005 2518; x_wconf 89' lang='lat' dir='ltr'><strong>nec</strong></span> <span class='ocrx_word' id='word_1_427' title='bbox 2044 2479 2153 2517; x_wconf 90' lang='lat' dir='ltr'><strong>non</strong></span> <span class='ocrx_word' id='word_1_428' title='bbox 2183 2480 2424 2520; x_wconf 89' lang='lat' dir='ltr'><strong>crassam</strong></span> <span class='ocrx_word' id='word_1_429' title='bbox 2462 2464 2760 2535; x_wconf 89' lang='lat' dir='ltr'><strong>lacrymam</strong></span> <span class='ocrx_word' id='word_1_430' title='bbox 2795 2474 3113 2520; x_wconf 88' lang='lat' dir='ltr'><strong>concretam</strong></span> <span class='ocrx_word' id='word_1_431' title='bbox 3156 2475 3317 2536; x_wconf 91' lang='lat' dir='ltr'><strong>atque</strong></span> <span class='ocrx_word' id='word_1_432' title='bbox 3365 2483 3493 2521; x_wconf 62' lang='lat' dir='ltr'><strong>are»</strong></span> 
     </span>
    </p>
   </div>
   <div class='ocr_carea' id='block_1_57' title="bbox 1904 2554 3494 2627">
    <p class='ocr_par' dir='ltr' id='par_1_57' title="bbox 1904 2554 3494 2627">
     <span class='ocr_line' id='line_1_57' title="bbox 1904 2554 3494 2627; baseline 0.003 -20"><span class='ocrx_word' id='word_1_433' title='bbox 1904 2554 2102 2609; x_wconf 88' lang='lat' dir='ltr'><strong>factam</strong></span> <span class='ocrx_word' id='word_1_434' title='bbox 2153 2570 2251 2609; x_wconf 89' lang='lat' dir='ltr'><strong>ceu</strong></span> <span class='ocrx_word' id='word_1_435' title='bbox 2316 2557 2545 2624; x_wconf 89' lang='lat' dir='ltr'><strong>gummi,</strong></span> <span class='ocrx_word' id='word_1_436' title='bbox 2594 2563 2650 2611; x_wconf 89' lang='lat' dir='ltr'><strong>et</strong></span> <span class='ocrx_word' id='word_1_437' title='bbox 2718 2556 2969 2611; x_wconf 88' lang='lat' dir='ltr'><strong>similia:</strong></span> <span class='ocrx_word' id='word_1_438' title='bbox 3011 2568 3207 2627; x_wconf 86' lang='lat' dir='ltr'><strong>quarto</strong></span> <span class='ocrx_word' id='word_1_439' title='bbox 3262 2558 3494 2625; x_wconf 79' lang='lat' dir='ltr'><strong>denique</strong></span> 
     </span>
    </p>
   </div>
   <div class='ocr_carea' id='block_1_58' title="bbox 1903 2650 3490 2722">
    <p class='ocr_par' dir='ltr' id='par_1_58' title="bbox 1903 2650 3490 2722">
     <span class='ocr_line' id='line_1_58' title="bbox 1903 2650 3490 2722; baseline 0.004 -21"><span class='ocrx_word' id='word_1_440' title='bbox 1903 2650 2149 2716; x_wconf 88' lang='lat' dir='ltr'><strong>obolum,</strong></span> <span class='ocrx_word' id='word_1_441' title='bbox 2202 2650 2295 2719; x_wconf 89' lang='lat' dir='ltr'><strong>qui</strong></span> <span class='ocrx_word' id='word_1_442' title='bbox 2328 2650 2555 2706; x_wconf 87' lang='lat' dir='ltr'><strong>hariolis</strong></span> <span class='ocrx_word' id='word_1_443' title='bbox 2616 2651 2886 2707; x_wconf 87' lang='lat' dir='ltr'><strong>mercedis</strong></span> <span class='ocrx_word' id='word_1_444' title='bbox 2916 2667 3046 2721; x_wconf 80' lang='lat' dir='ltr'><strong>ergo</strong></span> <span class='ocrx_word' id='word_1_445' title='bbox 3074 2651 3279 2722; x_wconf 84' lang='lat' dir='ltr'><strong>porrigi</strong></span> <span class='ocrx_word' id='word_1_446' title='bbox 3330 2653 3490 2707; x_wconf 86' lang='lat' dir='ltr'><strong>solet.</strong></span> 
     </span>
    </p>
   </div>
   <div class='ocr_carea' id='block_1_59' title="bbox 1903 2740 3490 2815">
    <p class='ocr_par' dir='ltr' id='par_1_59' title="bbox 1903 2740 3490 2815">
     <span class='ocr_line' id='line_1_59' title="bbox 1903 2740 3490 2815; baseline 0 -20"><span class='ocrx_word' id='word_1_447' title='bbox 1903 2740 2075 2795; x_wconf 89' lang='lat' dir='ltr'><strong>Porro</strong></span> <span class='ocrx_word' id='word_1_448' title='bbox 2143 2741 2307 2811; x_wconf 78' lang='grc' dir='ltr'>ὁμόσε</span> <span class='ocrx_word' id='word_1_449' title='bbox 2383 2741 2702 2798; x_wconf 83' lang='lat' dir='ltr'><strong>adverbium</strong></span> <span class='ocrx_word' id='word_1_450' title='bbox 2765 2745 3041 2815; x_wconf 79' lang='lat' dir='ltr'><strong>signifiCat</strong></span> <span class='ocrx_word' id='word_1_451' title='bbox 3105 2761 3171 2799; x_wconf 79' lang='lat' dir='ltr'><strong>ex</strong></span> <span class='ocrx_word' id='word_1_452' title='bbox 3240 2748 3490 2807; x_wconf 85' lang='lat' dir='ltr'><strong>adverso,</strong></span> 
     </span>
    </p>
   </div>
   <div class='ocr_carea' id='block_1_60' title="bbox 1902 2834 3493 2906">
    <p class='ocr_par' dir='ltr' id='par_1_60' title="bbox 1902 2834 3493 2906">
     <span class='ocr_line' id='line_1_60' title="bbox 1902 2834 3493 2906; baseline 0.003 -21"><span class='ocrx_word' id='word_1_453' title='bbox 1902 2848 2216 2903; x_wconf 66' lang='lat' dir='ltr'><strong>quamquam</strong></span> <span class='ocrx_word' id='word_1_454' title='bbox 2274 2834 2326 2887; x_wconf 90' lang='lat' dir='ltr'><strong>iu</strong></span> <span class='ocrx_word' id='word_1_455' title='bbox 2377 2851 2478 2890; x_wconf 91' lang='lat' dir='ltr'><strong>usu</strong></span> <span class='ocrx_word' id='word_1_456' title='bbox 2532 2845 2775 2891; x_wconf 87' lang='lat' dir='ltr'><strong>veterum</strong></span> <span class='ocrx_word' id='word_1_457' title='bbox 2827 2848 3125 2906; x_wconf 88' lang='lat' dir='ltr'><strong>usurpatur</strong></span> <span class='ocrx_word' id='word_1_458' title='bbox 3176 2839 3337 2891; x_wconf 88' lang='lat' dir='ltr'><strong>etiam</strong></span> <span class='ocrx_word' id='word_1_459' title='bbox 3393 2852 3493 2905; x_wconf 90' lang='lat' dir='ltr'><strong>pro</strong></span> 
     </span>
    </p>
   </div>
   <div class='ocr_carea' id='block_1_61' title="bbox 1902 2925 3491 2996">
    <p class='ocr_par' dir='ltr' id='par_1_61' title="bbox 1902 2925 3491 2996">
     <span class='ocr_line' id='line_1_61' title="bbox 1902 2925 3491 2996; baseline 0.001 -19"><span class='ocrx_word' id='word_1_460' title='bbox 1902 2925 2056 2993; x_wconf 85' lang='lat' dir='ltr'><strong>quasi</strong></span> <span class='ocrx_word' id='word_1_461' title='bbox 2099 2935 2152 2977; x_wconf 85' lang='lat' dir='ltr'><strong>et</strong></span> <span class='ocrx_word' id='word_1_462' title='bbox 2175 2940 2362 2994; x_wconf 82' lang='lat' dir='ltr'><strong>prepe.</strong></span> <span class='ocrx_word' id='word_1_463' title='bbox 2408 2925 2549 2991; x_wconf 84' lang='lat' dir='ltr'><strong>Quin</strong></span> <span class='ocrx_word' id='word_1_464' title='bbox 2599 2926 2764 2981; x_wconf 90' lang='lat' dir='ltr'><strong>etiam</strong></span> <span class='ocrx_word' id='word_1_465' title='bbox 2796 2925 2892 2979; x_wconf 84' lang='grc' dir='ltr'>νῦν</span> <span class='ocrx_word' id='word_1_466' title='bbox 2936 2942 3043 2981; x_wconf 90' lang='lat' dir='ltr'><strong>non</strong></span> <span class='ocrx_word' id='word_1_467' title='bbox 3094 2942 3193 2996; x_wconf 93' lang='lat' dir='ltr'><strong>pro</strong></span> <span class='ocrx_word' id='word_1_468' title='bbox 3229 2943 3375 2980; x_wconf 90' lang='lat' dir='ltr'><strong>nunc</strong></span> <span class='ocrx_word' id='word_1_469' title='bbox 3398 2944 3491 2981; x_wconf 78' lang='lat' dir='ltr'><strong>so-</strong></span> 
     </span>
    </p>
   </div>
   <div class='ocr_carea' id='block_1_62' title="bbox 1905 3018 3489 3089">
    <p class='ocr_par' dir='ltr' id='par_1_62' title="bbox 1905 3018 3489 3089">
     <span class='ocr_line' id='line_1_62' title="bbox 1905 3018 3489 3089; baseline 0.001 -18"><span class='ocrx_word' id='word_1_470' title='bbox 1905 3019 2014 3071; x_wconf 92' lang='lat' dir='ltr'><strong>lum</strong></span> <span class='ocrx_word' id='word_1_471' title='bbox 2053 3019 2144 3072; x_wconf 91' lang='lat' dir='ltr'><strong>sed</strong></span> <span class='ocrx_word' id='word_1_472' title='bbox 2190 3020 2353 3072; x_wconf 84' lang='lat' dir='ltr'><strong>etiam</strong></span> <span class='ocrx_word' id='word_1_473' title='bbox 2390 3033 2488 3087; x_wconf 89' lang='lat' dir='ltr'><strong>pro</strong></span> <span class='ocrx_word' id='word_1_474' title='bbox 2517 3034 2691 3088; x_wconf 89' lang='lat' dir='ltr'><strong>nuper</strong></span> <span class='ocrx_word' id='word_1_475' title='bbox 2738 3019 2881 3075; x_wconf 80' lang='lat' dir='ltr'><strong>facto</strong></span> <span class='ocrx_word' id='word_1_476' title='bbox 2908 3020 3147 3089; x_wconf 88' lang='lat' dir='ltr'><strong>ponitur.</strong></span> <span class='ocrx_word' id='word_1_477' title='bbox 3200 3018 3319 3073; x_wconf 83' lang='lat' dir='ltr'><strong>Jam</strong></span> <span class='ocrx_word' id='word_1_478' title='bbox 3360 3035 3489 3072; x_wconf 86' lang='lat' dir='ltr'><strong>vero</strong></span> 
     </span>
    </p>
   </div>
   <div class='ocr_carea' id='block_1_63' title="bbox 1902 3108 3489 3181">
    <p class='ocr_par' dir='ltr' id='par_1_63' title="bbox 1902 3108 3489 3181">
     <span class='ocr_line' id='line_1_63' title="bbox 1902 3108 3489 3181; baseline 0.001 -19"><span class='ocrx_word' id='word_1_479' title='bbox 1902 3116 1958 3162; x_wconf 89' lang='lat' dir='ltr'><strong>et</strong></span> <span class='ocrx_word' id='word_1_480' title='bbox 1984 3108 2192 3177; x_wconf 68' lang='grc' dir='ltr'>κομψὸν</span> <span class='ocrx_word' id='word_1_481' title='bbox 2226 3109 2277 3161; x_wconf 93' lang='lat' dir='ltr'><strong>in</strong></span> <span class='ocrx_word' id='word_1_482' title='bbox 2312 3109 2513 3163; x_wconf 85' lang='lat' dir='ltr'><strong>umltas</strong></span> <span class='ocrx_word' id='word_1_483' title='bbox 2545 3108 2802 3163; x_wconf 86' lang='lat' dir='ltr'><strong>tribuitur</strong></span> <span class='ocrx_word' id='word_1_484' title='bbox 2826 3109 3258 3181; x_wconf 74' lang='lat' dir='ltr'><strong>significationes</strong></span> <span class='ocrx_word' id='word_1_485' title='bbox 3292 3128 3306 3176; x_wconf 92' lang='lat'><strong>;</strong></span> <span class='ocrx_word' id='word_1_486' title='bbox 3364 3126 3489 3163; x_wconf 86' lang='lat' dir='ltr'><strong>nant</strong></span> 
     </span>
    </p>
   </div>
   <div class='ocr_carea' id='block_1_64' title="bbox 211 3200 1799 3278">
    <p class='ocr_par' dir='ltr' id='par_1_64' title="bbox 211 3200 1797 3278">
     <span class='ocr_line' id='line_1_64' title="bbox 211 3200 1797 3278; baseline 0.006 -26"><span class='ocrx_word' id='word_1_487' title='bbox 211 3200 501 3264; x_wconf 84' lang='grc' dir='ltr'>Πλάτωνος</span> <span class='ocrx_word' id='word_1_488' title='bbox 537 3204 844 3273; x_wconf 82' lang='grc' dir='ltr'>φιλοτιμία·</span> <span class='ocrx_word' id='word_1_489' title='bbox 876 3205 1013 3260; x_wconf 80' lang='grc' dir='ltr'>ἀλλά</span> <span class='ocrx_word' id='word_1_490' title='bbox 1047 3206 1157 3277; x_wconf 80' lang='grc' dir='ltr'>γάρ</span> <span class='ocrx_word' id='word_1_491' title='bbox 1185 3202 1306 3278; x_wconf 82' lang='grc' dir='ltr'>τὸῆ</span> <span class='ocrx_word' id='word_1_492' title='bbox 1336 3206 1381 3259; x_wconf 86' lang='grc' dir='ltr'>δ’</span> <span class='ocrx_word' id='word_1_493' title='bbox 1413 3206 1494 3271; x_wconf 84' lang='grc' dir='ltr'>ὃς,</span> <span class='ocrx_word' id='word_1_494' title='bbox 1541 3208 1797 3277; x_wconf 85' lang='grc' dir='ltr'>σημαίνει</span> 
     </span>
    </p>
   </div>
   <div class='ocr_carea' id='block_1_65' title="bbox 1905 3200 3491 3278">
    <p class='ocr_par' dir='ltr' id='par_1_65' title="bbox 1905 3201 3491 3273">
     <span class='ocr_line' id='line_1_65' title="bbox 1905 3201 3491 3273; baseline 0.002 -18"><span class='ocrx_word' id='word_1_495' title='bbox 1905 3211 1957 3255; x_wconf 90' lang='lat' dir='ltr'><strong>et</strong></span> <span class='ocrx_word' id='word_1_496' title='bbox 1980 3201 2326 3271; x_wconf 89' lang='lat' dir='ltr'><strong>perspicuum</strong></span> <span class='ocrx_word' id='word_1_497' title='bbox 2350 3202 2574 3257; x_wconf 88' lang='lat' dir='ltr'><strong>denotat</strong></span> <span class='ocrx_word' id='word_1_498' title='bbox 2620 3212 2675 3257; x_wconf 91' lang='lat' dir='ltr'><strong>et</strong></span> <span class='ocrx_word' id='word_1_499' title='bbox 2708 3204 2990 3273; x_wconf 85' lang='lat' dir='ltr'><strong>garrulum</strong></span> <span class='ocrx_word' id='word_1_500' title='bbox 3025 3213 3080 3257; x_wconf 88' lang='lat' dir='ltr'><strong>et</strong></span> <span class='ocrx_word' id='word_1_501' title='bbox 3124 3213 3406 3257; x_wconf 78' lang='lat' dir='ltr'><strong>versutum</strong></span> <span class='ocrx_word' id='word_1_502' title='bbox 3437 3215 3491 3258; x_wconf 80' lang='lat' dir='ltr'><strong>ct</strong></span> 
     </span>
    </p>
   </div>
   <div class='ocr_carea' id='block_1_66' title="bbox 213 3293 1797 3371">
    <p class='ocr_par' dir='ltr' id='par_1_66' title="bbox 213 3293 1797 3371">
     <span class='ocr_line' id='line_1_66' title="bbox 213 3293 1797 3371; baseline 0.006 -27"><span class='ocrx_word' id='word_1_503' title='bbox 213 3293 314 3362; x_wconf 81' lang='grc' dir='ltr'>μὲν</span> <span class='ocrx_word' id='word_1_504' title='bbox 365 3293 441 3356; x_wconf 79' lang='grc' dir='ltr'>ὡς</span> <span class='ocrx_word' id='word_1_505' title='bbox 470 3295 673 3350; x_wconf 76' lang='grc' dir='ltr'>ἐπίπαν</span> <span class='ocrx_word' id='word_1_506' title='bbox 705 3296 766 3350; x_wconf 82' lang='grc' dir='ltr'>τὸ</span> <span class='ocrx_word' id='word_1_507' title='bbox 800 3296 904 3367; x_wconf 72' lang='grc' dir='ltr'>ἔφη</span> <span class='ocrx_word' id='word_1_508' title='bbox 937 3297 995 3351; x_wconf 84' lang='grc' dir='ltr'>δὲ</span> <span class='ocrx_word' id='word_1_509' title='bbox 1022 3294 1176 3362; x_wconf 75' lang='grc' dir='ltr'>οὗτος</span> <span class='ocrx_word' id='word_1_510' title='bbox 1200 3317 1214 3331; x_wconf 77' lang='grc' dir='ltr'><strong><em>ο</em></strong></span> <span class='ocrx_word' id='word_1_511' title='bbox 1264 3298 1402 3352; x_wconf 85' lang='grc' dir='ltr'>ἀλλὰ</span> <span class='ocrx_word' id='word_1_512' title='bbox 1454 3302 1548 3354; x_wconf 87' lang='lat' dir='ltr'><strong>xui</strong></span> <span class='ocrx_word' id='word_1_513' title='bbox 1588 3302 1649 3354; x_wconf 74' lang='grc' dir='ltr'>τὸ</span> <span class='ocrx_word' id='word_1_514' title='bbox 1693 3302 1797 3371; x_wconf 80' lang='grc' dir='ltr'>ἔφη</span> 
     </span>
    </p>
   </div>
   <div class='ocr_carea' id='block_1_67' title="bbox 212 3384 1798 3463">
    <p class='ocr_par' dir='ltr' id='par_1_67' title="bbox 212 3384 1798 3463">
     <span class='ocr_line' id='line_1_67' title="bbox 212 3384 1798 3463; baseline 0.007 -27"><span class='ocrx_word' id='word_1_515' title='bbox 212 3384 377 3451; x_wconf 82' lang='grc' dir='ltr'>μόνον</span> <span class='ocrx_word' id='word_1_516' title='bbox 400 3425 414 3445; x_wconf 92' lang='grc'><strong>,</strong></span> <span class='ocrx_word' id='word_1_517' title='bbox 444 3386 538 3439; x_wconf 76' lang='grc' dir='ltr'>τοῦ</span> <span class='ocrx_word' id='word_1_518' title='bbox 573 3388 873 3459; x_wconf 79' lang='grc' dir='ltr'>συνδέσμου</span> <span class='ocrx_word' id='word_1_519' title='bbox 904 3390 1001 3443; x_wconf 88' lang='lat' dir='ltr'><strong>xui</strong></span> <span class='ocrx_word' id='word_1_520' title='bbox 1034 3390 1128 3443; x_wconf 76' lang='grc' dir='ltr'>τοῦ</span> <span class='ocrx_word' id='word_1_521' title='bbox 1163 3390 1369 3463; x_wconf 80' lang='grc' dir='ltr'>ἄρθρου</span> <span class='ocrx_word' id='word_1_522' title='bbox 1423 3392 1798 3463; x_wconf 83' lang='grc' dir='ltr'>παρέλκοντος</span> 
     </span>
    </p>
   </div>
   <div class='ocr_carea' id='block_1_68' title="bbox 208 3474 1797 3558">
    <p class='ocr_par' dir='ltr' id='par_1_68' title="bbox 208 3474 1797 3558">
     <span class='ocr_line' id='line_1_68' title="bbox 208 3474 1797 3558; baseline 0.008 -30"><span class='ocrx_word' id='word_1_523' title='bbox 208 3477 448 3531; x_wconf 79' lang='grc' dir='ltr'>ἐνταῦθα</span> <span class='ocrx_word' id='word_1_524' title='bbox 474 3479 657 3551; x_wconf 86' lang='grc' dir='ltr'>χώραν</span> <span class='ocrx_word' id='word_1_525' title='bbox 691 3482 946 3552; x_wconf 79' lang='grc' dir='ltr'>ἑχόντων·</span> <span class='ocrx_word' id='word_1_526' title='bbox 1004 3484 1036 3553; x_wconf 83' lang='grc' dir='ltr'><strong>ἢ</strong></span> <span class='ocrx_word' id='word_1_527' title='bbox 1093 3485 1228 3553; x_wconf 82' lang='grc' dir='ltr'>μηδὲ</span> <span class='ocrx_word' id='word_1_528' title='bbox 1282 3474 1615 3556; x_wconf 84' lang='grc' dir='ltr'>συνδεσμὸν,</span> <span class='ocrx_word' id='word_1_529' title='bbox 1662 3488 1797 3558; x_wconf 79' lang='grc' dir='ltr'>μηδὲ</span> 
     </span>
    </p>
   </div>
   <div class='ocr_carea' id='block_1_69' title="bbox 207 3570 1798 3648">
    <p class='ocr_par' dir='ltr' id='par_1_69' title="bbox 207 3570 1798 3648">
     <span class='ocr_line' id='line_1_69' title="bbox 207 3570 1798 3648; baseline 0.005 -26"><span class='ocrx_word' id='word_1_530' title='bbox 207 3570 412 3641; x_wconf 78' lang='grc' dir='ltr'>ἄρθρον</span> <span class='ocrx_word' id='word_1_531' title='bbox 444 3571 919 3641; x_wconf 83' lang='grc' dir='ltr'>ὑπεμφαινὸντων,</span> <span class='ocrx_word' id='word_1_532' title='bbox 954 3574 1090 3627; x_wconf 82' lang='grc' dir='ltr'>ἀλλὰ</span> <span class='ocrx_word' id='word_1_533' title='bbox 1116 3576 1215 3645; x_wconf 84' lang='grc' dir='ltr'>τῆς</span> <span class='ocrx_word' id='word_1_534' title='bbox 1243 3576 1371 3643; x_wconf 80' lang='grc' dir='ltr'>ὅλης</span> <span class='ocrx_word' id='word_1_535' title='bbox 1400 3577 1587 3646; x_wconf 79' lang='grc' dir='ltr'>φωνῆς</span> <span class='ocrx_word' id='word_1_536' title='bbox 1613 3580 1798 3648; x_wconf 84' lang='grc' dir='ltr'>μερῶν</span> 
     </span>
    </p>
   </div>
   <div class='ocr_carea' id='block_1_70' title="bbox 208 3660 1798 3739">
    <p class='ocr_par' dir='ltr' id='par_1_70' title="bbox 208 3660 1798 3739">
     <span class='ocr_line' id='line_1_70' title="bbox 208 3660 1798 3739; baseline 0.008 -29"><span class='ocrx_word' id='word_1_537' title='bbox 208 3660 593 3730; x_wconf 80' lang='grc' dir='ltr'>ὑπαρχόντων,</span> <span class='ocrx_word' id='word_1_538' title='bbox 650 3663 812 3734; x_wconf 81' lang='grc' dir='ltr'>ἡνίκα</span> <span class='ocrx_word' id='word_1_539' title='bbox 856 3665 989 3736; x_wconf 85' lang='grc' dir='ltr'>μηδὲ</span> <span class='ocrx_word' id='word_1_540' title='bbox 1034 3665 1191 3732; x_wconf 87' lang='grc' dir='ltr'>γένος</span> <span class='ocrx_word' id='word_1_541' title='bbox 1260 3668 1386 3736; x_wconf 85' lang='grc' dir='ltr'>μηδ’</span> <span class='ocrx_word' id='word_1_542' title='bbox 1440 3668 1672 3739; x_wconf 79' lang='grc' dir='ltr'>ἀριθμὸν</span> <span class='ocrx_word' id='word_1_543' title='bbox 1705 3670 1798 3721; x_wconf 88' lang='grc' dir='ltr'>δύ-</span> 
     </span>
    </p>
   </div>
   <div class='ocr_carea' id='block_1_71' title="bbox 217 3752 1797 3831">
    <p class='ocr_par' dir='ltr' id='par_1_71' title="bbox 217 3752 1797 3831">
     <span class='ocr_line' id='line_1_71' title="bbox 217 3752 1797 3831; baseline 0.008 -29"><span class='ocrx_word' id='word_1_544' title='bbox 217 3752 357 3803; x_wconf 88' lang='grc' dir='ltr'>ναιτ’</span> <span class='ocrx_word' id='word_1_545' title='bbox 394 3753 459 3804; x_wconf 85' lang='grc' dir='ltr'>ἂν</span> <span class='ocrx_word' id='word_1_546' title='bbox 490 3756 895 3825; x_wconf 72' lang='grc' dir='ltr'>παρεμφαίνειν</span> <span class='ocrx_word' id='word_1_547' title='bbox 924 3759 957 3828; x_wconf 89' lang='grc' dir='ltr'>ή</span> <span class='ocrx_word' id='word_1_548' title='bbox 986 3757 1151 3822; x_wconf 85' lang='grc' dir='ltr'><strong>λέξις·</strong></span> <span class='ocrx_word' id='word_1_549' title='bbox 1185 3759 1243 3825; x_wconf 75' lang='grc' dir='ltr'>ἐξ</span> <span class='ocrx_word' id='word_1_550' title='bbox 1273 3753 1336 3812; x_wconf 86' lang='grc' dir='ltr'><strong>οὑ</strong></span> <span class='ocrx_word' id='word_1_551' title='bbox 1365 3761 1458 3813; x_wconf 88' lang='lat' dir='ltr'><strong>xui</strong></span> <span class='ocrx_word' id='word_1_552' title='bbox 1493 3760 1797 3831; x_wconf 79' lang='grc' dir='ltr'>καθορᾶται</span> 
     </span>
    </p>
   </div>
   <div class='ocr_carea' id='block_1_72' title="bbox 203 3841 1793 3923">
    <p class='ocr_par' dir='ltr' id='par_1_72' title="bbox 203 3841 1793 3923">
     <span class='ocr_line' id='line_1_72' title="bbox 203 3841 1793 3923; baseline 0.008 -27"><span class='ocrx_word' id='word_1_553' title='bbox 203 3846 269 3897; x_wconf 81' lang='grc' dir='ltr'>τὸ</span> <span class='ocrx_word' id='word_1_554' title='bbox 305 3841 341 3916; x_wconf 83' lang='grc' dir='ltr'>ἦ</span> <span class='ocrx_word' id='word_1_555' title='bbox 372 3845 417 3897; x_wconf 81' lang='grc' dir='ltr'>δ’</span> <span class='ocrx_word' id='word_1_556' title='bbox 446 3846 505 3909; x_wconf 81' lang='grc' dir='ltr'>ὃς</span> <span class='ocrx_word' id='word_1_557' title='bbox 540 3849 599 3899; x_wconf 75' lang='grc' dir='ltr'>οὐ</span> <span class='ocrx_word' id='word_1_558' title='bbox 644 3849 806 3919; x_wconf 90' lang='grc' dir='ltr'>μόνον</span> <span class='ocrx_word' id='word_1_559' title='bbox 850 3850 945 3902; x_wconf 72' lang='grc' dir='ltr'><strong>ἐπὶ</strong></span> <span class='ocrx_word' id='word_1_560' title='bbox 989 3851 1082 3904; x_wconf 79' lang='grc' dir='ltr'>τοῦ</span> <span class='ocrx_word' id='word_1_561' title='bbox 1135 3851 1327 3923; x_wconf 81' lang='grc' dir='ltr'>θήλεος</span> <span class='ocrx_word' id='word_1_562' title='bbox 1368 3853 1793 3923; x_wconf 86' lang='grc' dir='ltr'>μεθελκόμενον,</span> 
     </span>
    </p>
   </div>
   <div class='ocr_carea' id='block_1_73' title="bbox 204 3929 1794 4015">
    <p class='ocr_par' dir='ltr' id='par_1_73' title="bbox 204 3929 1794 4015">
     <span class='ocr_line' id='line_1_73' title="bbox 204 3929 1794 4015; baseline 0.009 -28"><span class='ocrx_word' id='word_1_563' title='bbox 204 3929 319 3989; x_wconf 70' lang='grc' dir='ltr'>οἷον</span> <span class='ocrx_word' id='word_1_564' title='bbox 347 3937 452 4007; x_wconf 65' lang='grc' dir='ltr'><strong>ἔφη</strong></span> <span class='ocrx_word' id='word_1_565' title='bbox 482 3938 645 4009; x_wconf 70' lang='grc' dir='ltr'>αὕτη,</span> <span class='ocrx_word' id='word_1_566' title='bbox 689 3940 825 3994; x_wconf 79' lang='grc' dir='ltr'>ἀλλὰ</span> <span class='ocrx_word' id='word_1_567' title='bbox 864 3944 958 3994; x_wconf 87' lang='lat' dir='ltr'><strong>xui</strong></span> <span class='ocrx_word' id='word_1_568' title='bbox 999 3943 1136 4013; x_wconf 73' lang='grc' dir='ltr'>πρὸς</span> <span class='ocrx_word' id='word_1_569' title='bbox 1172 3943 1379 4013; x_wconf 82' lang='grc' dir='ltr'>πλῆθος</span> <span class='ocrx_word' id='word_1_570' title='bbox 1413 3945 1522 3998; x_wconf 85' lang='grc' dir='ltr'><strong>ἀπὸ</strong></span> <span class='ocrx_word' id='word_1_571' title='bbox 1551 3948 1650 4015; x_wconf 79' lang='grc' dir='ltr'>τῆς</span> <span class='ocrx_word' id='word_1_572' title='bbox 1682 3949 1794 4000; x_wconf 80' lang='grc' dir='ltr'>ἑνι-</span> 
     </span>
    </p>
   </div>
   <div class='ocr_carea' id='block_1_74' title="bbox 204 4029 1798 4107">
    <p class='ocr_par' dir='ltr' id='par_1_74' title="bbox 204 4029 1798 4107">
     <span class='ocr_line' id='line_1_74' title="bbox 204 4029 1798 4107; baseline 0.008 -28"><span class='ocrx_word' id='word_1_573' title='bbox 204 4029 309 4098; x_wconf 77' lang='grc' dir='ltr'>κῆς</span> <span class='ocrx_word' id='word_1_574' title='bbox 336 4030 521 4099; x_wconf 76' lang='grc' dir='ltr'>φωνῆς</span> <span class='ocrx_word' id='word_1_575' title='bbox 542 4032 1029 4102; x_wconf 84' lang='grc' dir='ltr'>περιτρεπόμενον·</span> <span class='ocrx_word' id='word_1_576' title='bbox 1060 4034 1315 4105; x_wconf 90' lang='grc' dir='ltr'>σημαίνει</span> <span class='ocrx_word' id='word_1_577' title='bbox 1335 4036 1442 4107; x_wconf 85' lang='grc' dir='ltr'><strong>γὰρ</strong></span> <span class='ocrx_word' id='word_1_578' title='bbox 1464 4036 1559 4089; x_wconf 89' lang='lat' dir='ltr'><strong>xui</strong></span> <span class='ocrx_word' id='word_1_579' title='bbox 1585 4038 1645 4090; x_wconf 77' lang='grc' dir='ltr'>τὸ</span> <span class='ocrx_word' id='word_1_580' title='bbox 1666 4038 1798 4107; x_wconf 81' lang='grc' dir='ltr'><strong>ἔφα-</strong></span> 
     </span>
    </p>
   </div>
   <div class='ocr_carea' id='block_1_75' title="bbox 204 4114 1787 4200">
    <p class='ocr_par' dir='ltr' id='par_1_75' title="bbox 204 4114 1787 4200">
     <span class='ocr_line' id='line_1_75' title="bbox 204 4114 1787 4200; baseline 0.006 -28"><span class='ocrx_word' id='word_1_581' title='bbox 204 4137 328 4173; x_wconf 87' lang='grc' dir='ltr'>σαν·</span> <span class='ocrx_word' id='word_1_582' title='bbox 381 4125 428 4175; x_wconf 74' lang='grc' dir='ltr'>εἰ</span> <span class='ocrx_word' id='word_1_583' title='bbox 474 4124 530 4175; x_wconf 82' lang='grc' dir='ltr'>δὲ</span> <span class='ocrx_word' id='word_1_584' title='bbox 570 4126 665 4178; x_wconf 88' lang='lat' dir='ltr'><strong>xui</strong></span> <span class='ocrx_word' id='word_1_585' title='bbox 708 4125 769 4177; x_wconf 84' lang='grc' dir='ltr'>τὸ</span> <span class='ocrx_word' id='word_1_586' title='bbox 814 4119 860 4179; x_wconf 82' lang='grc' dir='ltr'><strong>ὦ</strong></span> <span class='ocrx_word' id='word_1_587' title='bbox 907 4114 1058 4195; x_wconf 69' lang='grc' dir='ltr'>φίλος</span> <span class='ocrx_word' id='word_1_588' title='bbox 1104 4128 1273 4196; x_wconf 85' lang='grc' dir='ltr'>δηλοῖ,</span> <span class='ocrx_word' id='word_1_589' title='bbox 1322 4127 1477 4182; x_wconf 85' lang='grc' dir='ltr'>οὑπω</span> <span class='ocrx_word' id='word_1_590' title='bbox 1522 4131 1787 4200; x_wconf 83' lang='grc' dir='ltr'>παρέχειν</span> 
     </span>
    </p>
   </div>
   <div class='ocr_carea' id='block_1_76' title="bbox 202 4210 1794 4290">
    <p class='ocr_par' dir='ltr' id='par_1_76' title="bbox 202 4210 1794 4290">
     <span class='ocr_line' id='line_1_76' title="bbox 202 4210 1794 4290; baseline 0.01 -32"><span class='ocrx_word' id='word_1_591' title='bbox 202 4210 353 4261; x_wconf 74' lang='grc' dir='ltr'>ἐστὶν</span> <span class='ocrx_word' id='word_1_592' title='bbox 372 4211 711 4275; x_wconf 79' lang='grc' dir='ltr'>ἀξιοπιστίαν</span> <span class='ocrx_word' id='word_1_593' title='bbox 727 4215 1085 4284; x_wconf 85' lang='grc' dir='ltr'>Κριτόϐουλος</span> <span class='ocrx_word' id='word_1_594' title='bbox 1103 4218 1258 4287; x_wconf 78' lang='grc'><strong>(55’)·</strong></span> <span class='ocrx_word' id='word_1_595' title='bbox 1280 4218 1418 4272; x_wconf 82' lang='grc' dir='ltr'>ἀλλὰ</span> <span class='ocrx_word' id='word_1_596' title='bbox 1438 4220 1675 4273; x_wconf 84' lang='grc' dir='ltr'>τοσαῦτα</span> <span class='ocrx_word' id='word_1_597' title='bbox 1697 4221 1794 4290; x_wconf 81' lang='grc' dir='ltr'>μὲν</span> 
     </span>
    </p>
   </div>
   <div class='ocr_carea' id='block_1_77' title="bbox 202 4303 1793 4381">
    <p class='ocr_par' dir='ltr' id='par_1_77' title="bbox 202 4303 1793 4381">
     <span class='ocr_line' id='line_1_77' title="bbox 202 4303 1793 4381; baseline 0.008 -27"><span class='ocrx_word' id='word_1_598' title='bbox 202 4303 345 4367; x_wconf 85' lang='grc' dir='ltr'>τέως</span> <span class='ocrx_word' id='word_1_599' title='bbox 378 4306 679 4375; x_wconf 80' lang='grc' dir='ltr'>παραδηλοῖ</span> <span class='ocrx_word' id='word_1_600' title='bbox 710 4307 773 4360; x_wconf 87' lang='grc' dir='ltr'>τὸ</span> <span class='ocrx_word' id='word_1_601' title='bbox 798 4303 833 4379; x_wconf 83' lang='grc' dir='ltr'>ἦ</span> <span class='ocrx_word' id='word_1_602' title='bbox 863 4309 907 4361; x_wconf 90' lang='grc' dir='ltr'>δ’</span> <span class='ocrx_word' id='word_1_603' title='bbox 933 4309 1012 4372; x_wconf 85' lang='grc' dir='ltr'>ὃς.</span> <span class='ocrx_word' id='word_1_604' title='bbox 1062 4310 1135 4362; x_wconf 78' lang='grc' dir='ltr'>Τὸ</span> <span class='ocrx_word' id='word_1_605' title='bbox 1179 4310 1236 4363; x_wconf 84' lang='grc' dir='ltr'>δὲ</span> <span class='ocrx_word' id='word_1_606' title='bbox 1269 4307 1338 4381; x_wconf 84' lang='grc' dir='ltr'>ἦν</span> <span class='ocrx_word' id='word_1_607' title='bbox 1370 4311 1416 4365; x_wconf 91' lang='grc' dir='ltr'>δ’</span> <span class='ocrx_word' id='word_1_608' title='bbox 1447 4311 1583 4381; x_wconf 80' lang='grc' dir='ltr'><strong>ἐγὼ,</strong></span> <span class='ocrx_word' id='word_1_609' title='bbox 1614 4314 1793 4367; x_wconf 85' lang='grc' dir='ltr'>καίτοι</span> 
     </span>
    </p>
   </div>
   <div class='ocr_carea' id='block_1_78' title="bbox 201 4396 1792 4475">
    <p class='ocr_par' dir='ltr' id='par_1_78' title="bbox 201 4396 1792 4475">
     <span class='ocr_line' id='line_1_78' title="bbox 201 4396 1792 4475; baseline 0.008 -29"><span class='ocrx_word' id='word_1_610' title='bbox 201 4410 267 4461; x_wconf 83' lang='grc' dir='ltr'>γε</span> <span class='ocrx_word' id='word_1_611' title='bbox 310 4396 402 4448; x_wconf 77' lang='grc' dir='ltr'><strong>τὸν</strong></span> <span class='ocrx_word' id='word_1_612' title='bbox 440 4399 626 4466; x_wconf 84' lang='grc' dir='ltr'>ὅμοιον</span> <span class='ocrx_word' id='word_1_613' title='bbox 664 4400 1049 4470; x_wconf 85' lang='grc' dir='ltr'>σχηματισμὸν</span> <span class='ocrx_word' id='word_1_614' title='bbox 1077 4400 1220 4472; x_wconf 79' lang='grc' dir='ltr'>ἔχον,</span> <span class='ocrx_word' id='word_1_615' title='bbox 1256 4404 1337 4466; x_wconf 88' lang='grc' dir='ltr'><strong>είς</strong></span> <span class='ocrx_word' id='word_1_616' title='bbox 1383 4403 1507 4474; x_wconf 89' lang='grc' dir='ltr'>τρία</span> <span class='ocrx_word' id='word_1_617' title='bbox 1538 4404 1792 4475; x_wconf 82' lang='grc' dir='ltr'>τέμνεται</span> 
     </span>
    </p>
   </div>
   <div class='ocr_carea' id='block_1_79' title="bbox 1902 3294 3486 3366">
    <p class='ocr_par' dir='ltr' id='par_1_79' title="bbox 1902 3294 3486 3366">
     <span class='ocr_line' id='line_1_79' title="bbox 1902 3294 3486 3366; baseline 0.001 -18"><span class='ocrx_word' id='word_1_618' title='bbox 1902 3304 2087 3363; x_wconf 87' lang='lat' dir='ltr'><strong>aptum</strong></span> <span class='ocrx_word' id='word_1_619' title='bbox 2125 3295 2191 3348; x_wconf 90' lang='lat' dir='ltr'><strong>ad</strong></span> <span class='ocrx_word' id='word_1_620' title='bbox 2225 3294 2689 3364; x_wconf 84' lang='lat' dir='ltr'><strong>persuadendum,</strong></span> <span class='ocrx_word' id='word_1_621' title='bbox 2717 3305 2772 3351; x_wconf 88' lang='lat' dir='ltr'><strong>et</strong></span> <span class='ocrx_word' id='word_1_622' title='bbox 2816 3297 3053 3366; x_wconf 85' lang='lat' dir='ltr'><strong>denique</strong></span> <span class='ocrx_word' id='word_1_623' title='bbox 3105 3297 3486 3351; x_wconf 80' lang='lat' dir='ltr'><strong>artiﬁciosum.</strong></span> 
     </span>
    </p>
   </div>
   <div class='ocr_carea' id='block_1_80' title="bbox 1900 3383 3490 3459">
    <p class='ocr_par' dir='ltr' id='par_1_80' title="bbox 1900 3383 3490 3459">
     <span class='ocr_line' id='line_1_80' title="bbox 1900 3383 3490 3459; baseline 0.001 -18"><span class='ocrx_word' id='word_1_624' title='bbox 1900 3388 2039 3455; x_wconf 86' lang='lat' dir='ltr'><strong>Quid</strong></span> <span class='ocrx_word' id='word_1_625' title='bbox 2069 3403 2200 3442; x_wconf 92' lang='lat' dir='ltr'><strong>vero</strong></span> <span class='ocrx_word' id='word_1_626' title='bbox 2240 3388 2371 3443; x_wconf 91' lang='lat' dir='ltr'><strong>illud</strong></span> <span class='ocrx_word' id='word_1_627' title='bbox 2403 3389 2646 3444; x_wconf 89' lang='lat' dir='ltr'><strong>solemne</strong></span> <span class='ocrx_word' id='word_1_628' title='bbox 2672 3384 2709 3459; x_wconf 80' lang='grc' dir='ltr'><strong>ἦ</strong></span> <span class='ocrx_word' id='word_1_629' title='bbox 2730 3388 2777 3441; x_wconf 77' lang='grc' dir='ltr'>δ’</span> <span class='ocrx_word' id='word_1_630' title='bbox 2805 3389 2889 3452; x_wconf 82' lang='grc' dir='ltr'>ὃς,</span> <span class='ocrx_word' id='word_1_631' title='bbox 2934 3397 2988 3443; x_wconf 93' lang='lat' dir='ltr'><strong>et</strong></span> <span class='ocrx_word' id='word_1_632' title='bbox 3016 3383 3087 3459; x_wconf 78' lang='grc' dir='ltr'>ἦν</span> <span class='ocrx_word' id='word_1_633' title='bbox 3110 3388 3154 3439; x_wconf 83' lang='grc' dir='ltr'>δ’</span> <span class='ocrx_word' id='word_1_634' title='bbox 3212 3387 3343 3456; x_wconf 81' lang='grc' dir='ltr'><strong>ἐγώ,</strong></span> <span class='ocrx_word' id='word_1_635' title='bbox 3395 3390 3490 3457; x_wconf 84' lang='lat' dir='ltr'><strong>qui</strong></span> 
     </span>
    </p>
   </div>
   <div class='ocr_carea' id='block_1_81' title="bbox 1903 3473 3491 3548">
    <p class='ocr_par' dir='ltr' id='par_1_81' title="bbox 1903 3473 3491 3548">
     <span class='ocr_line' id='line_1_81' title="bbox 1903 3473 3491 3548; baseline 0.001 -19"><span class='ocrx_word' id='word_1_636' title='bbox 1903 3476 2147 3531; x_wconf 87' lang='lat' dir='ltr'><strong>Platonis</strong></span> <span class='ocrx_word' id='word_1_637' title='bbox 2169 3487 2397 3531; x_wconf 84' lang='lat' dir='ltr'><strong>ornatus</strong></span> <span class='ocrx_word' id='word_1_638' title='bbox 2424 3487 2507 3531; x_wconf 90' lang='lat' dir='ltr'><strong>est</strong></span> <span class='ocrx_word' id='word_1_639' title='bbox 2534 3473 2622 3548; x_wconf 75' lang='grc' dir='ltr'>ἳῆ</span> <span class='ocrx_word' id='word_1_640' title='bbox 2665 3478 2716 3530; x_wconf 85' lang='grc' dir='ltr'>δ’</span> <span class='ocrx_word' id='word_1_641' title='bbox 2745 3478 2827 3541; x_wconf 83' lang='grc' dir='ltr'>ὅς,</span> <span class='ocrx_word' id='word_1_642' title='bbox 2864 3477 3083 3546; x_wconf 92' lang='lat' dir='ltr'><strong>quidem</strong></span> <span class='ocrx_word' id='word_1_643' title='bbox 3135 3493 3228 3547; x_wconf 84' lang='lat' dir='ltr'><strong>per</strong></span> <span class='ocrx_word' id='word_1_644' title='bbox 3264 3494 3324 3531; x_wconf 88' lang='lat' dir='ltr'><strong>se</strong></span> <span class='ocrx_word' id='word_1_645' title='bbox 3369 3493 3491 3531; x_wconf 91' lang='lat' dir='ltr'><strong>om—</strong></span> 
     </span>
    </p>
   </div>
   <div class='ocr_carea' id='block_1_82' title="bbox 1902 3569 3486 3641">
    <p class='ocr_par' dir='ltr' id='par_1_82' title="bbox 1902 3569 3486 3641">
     <span class='ocr_line' id='line_1_82' title="bbox 1902 3569 3486 3641; baseline 0.002 -19"><span class='ocrx_word' id='word_1_646' title='bbox 1902 3570 2030 3623; x_wconf 92' lang='lat' dir='ltr'><strong>nino</strong></span> <span class='ocrx_word' id='word_1_647' title='bbox 2053 3569 2344 3639; x_wconf 88' lang='lat' dir='ltr'><strong>signilicat,</strong></span> <span class='ocrx_word' id='word_1_648' title='bbox 2364 3570 2503 3624; x_wconf 81' lang='lat' dir='ltr'><strong>dixit</strong></span> <span class='ocrx_word' id='word_1_649' title='bbox 2523 3569 2645 3624; x_wconf 86' lang='lat' dir='ltr'><strong>hic:</strong></span> <span class='ocrx_word' id='word_1_650' title='bbox 2668 3571 2761 3626; x_wconf 87' lang='lat' dir='ltr'><strong>sed</strong></span> <span class='ocrx_word' id='word_1_651' title='bbox 2782 3571 2947 3626; x_wconf 88' lang='lat' dir='ltr'><strong>etiam</strong></span> <span class='ocrx_word' id='word_1_652' title='bbox 2970 3570 3108 3625; x_wconf 78' lang='lat' dir='ltr'><strong>dixit</strong></span> <span class='ocrx_word' id='word_1_653' title='bbox 3132 3572 3486 3641; x_wconf 90' lang='lat' dir='ltr'><strong>simpliciter;</strong></span> 
     </span>
    </p>
   </div>
   <div class='ocr_carea' id='block_1_83' title="bbox 1901 3663 3490 3732">
    <p class='ocr_par' dir='ltr' id='par_1_83' title="bbox 1901 3663 3490 3732">
     <span class='ocr_line' id='line_1_83' title="bbox 1901 3663 3490 3732; baseline 0.003 -17"><span class='ocrx_word' id='word_1_654' title='bbox 1901 3663 1974 3715; x_wconf 90' lang='lat' dir='ltr'><strong>ila</strong></span> <span class='ocrx_word' id='word_1_655' title='bbox 1999 3672 2059 3716; x_wconf 90' lang='lat' dir='ltr'><strong>ut</strong></span> <span class='ocrx_word' id='word_1_656' title='bbox 2087 3663 2398 3731; x_wconf 85' lang='lat' dir='ltr'><strong>copulativa</strong></span> <span class='ocrx_word' id='word_1_657' title='bbox 2428 3663 2696 3732; x_wconf 87' lang='lat' dir='ltr'><strong>particula</strong></span> <span class='ocrx_word' id='word_1_658' title='bbox 2729 3673 2783 3719; x_wconf 91' lang='lat' dir='ltr'><strong>et</strong></span> <span class='ocrx_word' id='word_1_659' title='bbox 2812 3665 3079 3720; x_wconf 86' lang='lat' dir='ltr'><strong>articulus</strong></span> <span class='ocrx_word' id='word_1_660' title='bbox 3099 3665 3355 3718; x_wconf 80' lang='lat' dir='ltr'><strong>relativus</strong></span> <span class='ocrx_word' id='word_1_661' title='bbox 3387 3665 3490 3720; x_wconf 91' lang='lat' dir='ltr'><strong>hoc</strong></span> 
     </span>
    </p>
   </div>
   <div class='ocr_carea' id='block_1_84' title="bbox 1900 3753 3486 3827">
    <p class='ocr_par' dir='ltr' id='par_1_84' title="bbox 1900 3753 3486 3827">
     <span class='ocr_line' id='line_1_84' title="bbox 1900 3753 3486 3827; baseline 0.003 -21"><span class='ocrx_word' id='word_1_662' title='bbox 1900 3753 2022 3807; x_wconf 92' lang='lat' dir='ltr'><strong>loco</strong></span> <span class='ocrx_word' id='word_1_663' title='bbox 2056 3753 2264 3809; x_wconf 83' lang='lat' dir='ltr'><strong>frustra</strong></span> <span class='ocrx_word' id='word_1_664' title='bbox 2313 3755 2464 3809; x_wconf 85' lang='lat' dir='ltr'><strong>sint:</strong></span> <span class='ocrx_word' id='word_1_665' title='bbox 2519 3755 2633 3810; x_wconf 92' lang='lat' dir='ltr'><strong>imo</strong></span> <span class='ocrx_word' id='word_1_666' title='bbox 2673 3772 2805 3812; x_wconf 90' lang='lat' dir='ltr'><strong>vero</strong></span> <span class='ocrx_word' id='word_1_667' title='bbox 2858 3771 3037 3827; x_wconf 90' lang='lat' dir='ltr'><strong>neque</strong></span> <span class='ocrx_word' id='word_1_668' title='bbox 3080 3757 3486 3826; x_wconf 79' lang='lat' dir='ltr'><strong>conjunctionis</strong></span> 
     </span>
    </p>
   </div>
   <div class='ocr_carea' id='block_1_85' title="bbox 1899 3847 3483 3921">
    <p class='ocr_par' dir='ltr' id='par_1_85' title="bbox 1899 3847 3483 3921">
     <span class='ocr_line' id='line_1_85' title="bbox 1899 3847 3483 3921; baseline 0.002 -20"><span class='ocrx_word' id='word_1_669' title='bbox 1899 3863 2074 3917; x_wconf 90' lang='lat' dir='ltr'><strong>neque</strong></span> <span class='ocrx_word' id='word_1_670' title='bbox 2097 3847 2313 3902; x_wconf 89' lang='lat' dir='ltr'><strong>articuli</strong></span> <span class='ocrx_word' id='word_1_671' title='bbox 2346 3848 2464 3903; x_wconf 88' lang='lat' dir='ltr'><strong>vice</strong></span> <span class='ocrx_word' id='word_1_672' title='bbox 2507 3847 2823 3921; x_wconf 87' lang='lat' dir='ltr'><strong>fungantur,</strong></span> <span class='ocrx_word' id='word_1_673' title='bbox 2862 3852 2955 3904; x_wconf 88' lang='lat' dir='ltr'><strong>sed</strong></span> <span class='ocrx_word' id='word_1_674' title='bbox 2992 3850 3189 3921; x_wconf 87' lang='lat' dir='ltr'><strong>integri</strong></span> <span class='ocrx_word' id='word_1_675' title='bbox 3232 3850 3483 3905; x_wconf 88' lang='lat' dir='ltr'><strong>vocabuli</strong></span> 
     </span>
    </p>
   </div>
   <div class='ocr_carea' id='block_1_86' title="bbox 1899 3939 3486 4012">
    <p class='ocr_par' dir='ltr' id='par_1_86' title="bbox 1899 3939 3486 4012">
     <span class='ocr_line' id='line_1_86' title="bbox 1899 3939 3486 4012; baseline 0.004 -21"><span class='ocrx_word' id='word_1_676' title='bbox 1899 3948 2081 4009; x_wconf 84' lang='lat' dir='ltr'><strong>partes</strong></span> <span class='ocrx_word' id='word_1_677' title='bbox 2110 3939 2258 3996; x_wconf 91' lang='lat' dir='ltr'><strong>sint:</strong></span> <span class='ocrx_word' id='word_1_678' title='bbox 2302 3941 2743 4011; x_wconf 86' lang='lat' dir='ltr'><strong>quotiescunque</strong></span> <span class='ocrx_word' id='word_1_679' title='bbox 2791 3943 2910 3997; x_wconf 70' lang='lat' dir='ltr'><strong>ham</strong></span> <span class='ocrx_word' id='word_1_680' title='bbox 2955 3942 3125 3997; x_wconf 90' lang='lat' dir='ltr'><strong>dictio</strong></span> <span class='ocrx_word' id='word_1_681' title='bbox 3172 3958 3351 4011; x_wconf 88' lang='lat' dir='ltr'><strong>neque</strong></span> <span class='ocrx_word' id='word_1_682' title='bbox 3394 3958 3486 4012; x_wconf 78' lang='lat' dir='ltr'><strong>ge-</strong></span> 
     </span>
    </p>
   </div>
   <div class='ocr_carea' id='block_1_87' title="bbox 1897 4033 3484 4102">
    <p class='ocr_par' dir='ltr' id='par_1_87' title="bbox 1897 4033 3484 4102">
     <span class='ocr_line' id='line_1_87' title="bbox 1897 4033 3484 4102; baseline 0.004 -17"><span class='ocrx_word' id='word_1_683' title='bbox 1897 4033 2047 4086; x_wconf 87' lang='lat' dir='ltr'><strong>neris</strong></span> <span class='ocrx_word' id='word_1_684' title='bbox 2078 4048 2256 4101; x_wconf 89' lang='lat' dir='ltr'><strong>neque</strong></span> <span class='ocrx_word' id='word_1_685' title='bbox 2285 4034 2499 4089; x_wconf 90' lang='lat' dir='ltr'><strong>numeri</strong></span> <span class='ocrx_word' id='word_1_686' title='bbox 2526 4034 2797 4089; x_wconf 88' lang='lat' dir='ltr'><strong>rationem</strong></span> <span class='ocrx_word' id='word_1_687' title='bbox 2852 4036 3037 4090; x_wconf 88' lang='lat' dir='ltr'><strong>habet.</strong></span> <span class='ocrx_word' id='word_1_688' title='bbox 3090 4035 3271 4102; x_wconf 72' lang='lat' dir='ltr'><strong>Quare</strong></span> <span class='ocrx_word' id='word_1_689' title='bbox 3298 4037 3484 4091; x_wconf 91' lang='lat' dir='ltr'><strong>videre</strong></span> 
     </span>
    </p>
   </div>
   <div class='ocr_carea' id='block_1_88' title="bbox 1899 4122 3476 4199">
    <p class='ocr_par' dir='ltr' id='par_1_88' title="bbox 1899 4122 3476 4199">
     <span class='ocr_line' id='line_1_88' title="bbox 1899 4122 3476 4199; baseline 0.004 -21"><span class='ocrx_word' id='word_1_690' title='bbox 1899 4126 2024 4181; x_wconf 89' lang='lat' dir='ltr'><strong>licet</strong></span> <span class='ocrx_word' id='word_1_691' title='bbox 2058 4122 2092 4197; x_wconf 81' lang='grc' dir='ltr'>ἦ</span> <span class='ocrx_word' id='word_1_692' title='bbox 2122 4127 2167 4179; x_wconf 83' lang='grc' dir='ltr'>δ’</span> <span class='ocrx_word' id='word_1_693' title='bbox 2199 4127 2257 4190; x_wconf 85' lang='grc' dir='ltr'>ὃς</span> <span class='ocrx_word' id='word_1_694' title='bbox 2288 4144 2397 4182; x_wconf 89' lang='lat' dir='ltr'><strong>non</strong></span> <span class='ocrx_word' id='word_1_695' title='bbox 2430 4128 2607 4184; x_wconf 91' lang='lat' dir='ltr'><strong>solum</strong></span> <span class='ocrx_word' id='word_1_696' title='bbox 2642 4127 2879 4183; x_wconf 85' lang='lat' dir='ltr'><strong>femineo</strong></span> <span class='ocrx_word' id='word_1_697' title='bbox 2909 4144 3105 4199; x_wconf 88' lang='lat' dir='ltr'><strong>genere</strong></span> <span class='ocrx_word' id='word_1_698' title='bbox 3146 4129 3476 4193; x_wconf 85' lang='lat' dir='ltr'><strong>adhibitum,</strong></span> 
     </span>
    </p>
   </div>
   <div class='ocr_carea' id='block_1_89' title="bbox 1896 4212 3484 4290">
    <p class='ocr_par' dir='ltr' id='par_1_89' title="bbox 1896 4212 3484 4290">
     <span class='ocr_line' id='line_1_89' title="bbox 1896 4212 3484 4290; baseline 0.003 -19"><span class='ocrx_word' id='word_1_699' title='bbox 1896 4218 1969 4271; x_wconf 89' lang='lat' dir='ltr'><strong>ita</strong></span> <span class='ocrx_word' id='word_1_700' title='bbox 2005 4228 2063 4273; x_wconf 92' lang='lat' dir='ltr'><strong>ut</strong></span> <span class='ocrx_word' id='word_1_701' title='bbox 2096 4212 2252 4274; x_wconf 90' lang='lat' dir='ltr'><strong>sonet</strong></span> <span class='ocrx_word' id='word_1_702' title='bbox 2284 4220 2422 4275; x_wconf 83' lang='lat' dir='ltr'><strong>dixit</strong></span> <span class='ocrx_word' id='word_1_703' title='bbox 2470 4220 2607 4290; x_wconf 92' lang='lat' dir='ltr'><strong>ipsa,</strong></span> <span class='ocrx_word' id='word_1_704' title='bbox 2659 4238 2848 4275; x_wconf 91' lang='lat' dir='ltr'><strong>verum</strong></span> <span class='ocrx_word' id='word_1_705' title='bbox 2891 4222 3056 4276; x_wconf 90' lang='lat' dir='ltr'><strong>etiam</strong></span> <span class='ocrx_word' id='word_1_706' title='bbox 3109 4222 3176 4275; x_wconf 89' lang='lat' dir='ltr'><strong>ad</strong></span> <span class='ocrx_word' id='word_1_707' title='bbox 3234 4224 3484 4276; x_wconf 87' lang='lat' dir='ltr'><strong>multitu-</strong></span> 
     </span>
    </p>
   </div>
   <div class='ocr_carea' id='block_1_90' title="bbox 1896 4309 3484 4383">
    <p class='ocr_par' dir='ltr' id='par_1_90' title="bbox 1896 4309 3484 4383">
     <span class='ocr_line' id='line_1_90' title="bbox 1896 4309 3484 4383; baseline 0.003 -20"><span class='ocrx_word' id='word_1_708' title='bbox 1896 4309 2082 4365; x_wconf 91' lang='lat' dir='ltr'><strong>dinem</strong></span> <span class='ocrx_word' id='word_1_709' title='bbox 2131 4310 2482 4366; x_wconf 89' lang='lat' dir='ltr'><strong>indicandam</strong></span> <span class='ocrx_word' id='word_1_710' title='bbox 2517 4312 2618 4367; x_wconf 93' lang='lat' dir='ltr'><strong>hoc</strong></span> <span class='ocrx_word' id='word_1_711' title='bbox 2670 4313 2965 4383; x_wconf 88' lang='lat' dir='ltr'><strong>singularis</strong></span> <span class='ocrx_word' id='word_1_712' title='bbox 2996 4313 3211 4367; x_wconf 90' lang='lat' dir='ltr'><strong>numeri</strong></span> <span class='ocrx_word' id='word_1_713' title='bbox 3244 4316 3484 4367; x_wconf 86' lang='lat' dir='ltr'><strong>vocabu-</strong></span> 
     </span>
    </p>
   </div>
   <div class='ocr_carea' id='block_1_91' title="bbox 1898 4404 3485 4475">
    <p class='ocr_par' dir='ltr' id='par_1_91' title="bbox 1898 4404 3485 4475">
     <span class='ocr_line' id='line_1_91' title="bbox 1898 4404 3485 4475; baseline 0.001 -18"><span class='ocrx_word' id='word_1_714' title='bbox 1898 4404 2011 4458; x_wconf 86' lang='lat' dir='ltr'><strong>lum</strong></span> <span class='ocrx_word' id='word_1_715' title='bbox 2041 4404 2338 4473; x_wconf 89' lang='lat' dir='ltr'><strong>aliquaudo</strong></span> <span class='ocrx_word' id='word_1_716' title='bbox 2392 4420 2760 4460; x_wconf 87' lang='lat' dir='ltr'><strong>conversum:</strong></span> <span class='ocrx_word' id='word_1_717' title='bbox 2799 4422 2922 4460; x_wconf 90' lang='lat' dir='ltr'><strong>nam</strong></span> <span class='ocrx_word' id='word_1_718' title='bbox 2958 4407 3218 4461; x_wconf 80' lang='lat' dir='ltr'><strong>dixerunt</strong></span> <span class='ocrx_word' id='word_1_719' title='bbox 3263 4421 3485 4475; x_wconf 88' lang='lat' dir='ltr'><strong>quoque</strong></span> 
     </span>
    </p>
   </div>
   <div class='ocr_carea' id='block_1_92' title="bbox 198 4483 1799 4568">
    <p class='ocr_par' dir='ltr' id='par_1_92' title="bbox 198 4483 1789 4559">
     <span class='ocr_line' id='line_1_92' title="bbox 198 4483 1789 4559; baseline 0.009 -25"><span class='ocrx_word' id='word_1_720' title='bbox 198 4483 395 4547; x_wconf 83' lang='grc' dir='ltr'>ταῦτα,</span> <span class='ocrx_word' id='word_1_721' title='bbox 452 4485 533 4548; x_wconf 81' lang='grc' dir='ltr'><strong>είς</strong></span> <span class='ocrx_word' id='word_1_722' title='bbox 577 4503 637 4538; x_wconf 87' lang='grc' dir='ltr'><strong>τε</strong></span> <span class='ocrx_word' id='word_1_723' title='bbox 674 4487 736 4540; x_wconf 84' lang='grc' dir='ltr'>τὸ</span> <span class='ocrx_word' id='word_1_724' title='bbox 781 4488 919 4559; x_wconf 74' lang='grc' dir='ltr'>ἔφην</span> <span class='ocrx_word' id='word_1_725' title='bbox 969 4490 1014 4543; x_wconf 78' lang='grc' dir='ltr'>δ’</span> <span class='ocrx_word' id='word_1_726' title='bbox 1065 4490 1198 4559; x_wconf 78' lang='grc' dir='ltr'><strong>ἐγὼ,</strong></span> <span class='ocrx_word' id='word_1_727' title='bbox 1250 4492 1347 4545; x_wconf 86' lang='lat' dir='ltr'><strong>xui</strong></span> <span class='ocrx_word' id='word_1_728' title='bbox 1377 4494 1456 4555; x_wconf 88' lang='grc' dir='ltr'><strong>είς</strong></span> <span class='ocrx_word' id='word_1_729' title='bbox 1493 4493 1553 4546; x_wconf 85' lang='grc' dir='ltr'>τὸ</span> <span class='ocrx_word' id='word_1_730' title='bbox 1604 4495 1789 4559; x_wconf 84' lang='grc' dir='ltr'>ἁπλῶς</span> 
     </span>
    </p>
   </div>
   <div class='ocr_carea' id='block_1_93' title="bbox 1905 4483 3481 4568">
    <p class='ocr_par' dir='ltr' id='par_1_93' title="bbox 1905 4496 3481 4568">
     <span class='ocr_line' id='line_1_93' title="bbox 1905 4496 3481 4568; baseline -0.001 -16"><span class='ocrx_word' id='word_1_731' title='bbox 1905 4497 2187 4567; x_wconf 78' lang='lat' dir='ltr'><strong>significat.</strong></span> <span class='ocrx_word' id='word_1_732' title='bbox 2224 4496 2396 4553; x_wconf 87' lang='lat' dir='ltr'><strong>Porro</strong></span> <span class='ocrx_word' id='word_1_733' title='bbox 2420 4508 2604 4552; x_wconf 89' lang='lat' dir='ltr'><strong>utrum</strong></span> <span class='ocrx_word' id='word_1_734' title='bbox 2633 4498 2850 4553; x_wconf 89' lang='lat' dir='ltr'><strong>dicatur</strong></span> <span class='ocrx_word' id='word_1_735' title='bbox 2888 4499 3052 4553; x_wconf 90' lang='lat' dir='ltr'><strong>etiam</strong></span> <span class='ocrx_word' id='word_1_736' title='bbox 3092 4514 3190 4568; x_wconf 92' lang='lat' dir='ltr'><strong>pro</strong></span> <span class='ocrx_word' id='word_1_737' title='bbox 3220 4514 3252 4552; x_wconf 92' lang='grc' dir='ltr'><strong>ο</strong></span> <span class='ocrx_word' id='word_1_738' title='bbox 3299 4499 3481 4560; x_wconf 87' lang='lat' dir='ltr'><strong>sodes,</strong></span> 
     </span>
    </p>
   </div>
   <div class='ocr_carea' id='block_1_94' title="bbox 202 4576 1799 4656">
    <p class='ocr_par' dir='ltr' id='par_1_94' title="bbox 202 4576 1787 4656">
     <span class='ocr_line' id='line_1_94' title="bbox 202 4576 1787 4656; baseline 0.008 -30"><span class='ocrx_word' id='word_1_739' title='bbox 202 4576 365 4645; x_wconf 72' lang='grc' dir='ltr'>ἔφην,</span> <span class='ocrx_word' id='word_1_740' title='bbox 398 4577 536 4646; x_wconf 83' lang='grc' dir='ltr'>ὅπερ</span> <span class='ocrx_word' id='word_1_741' title='bbox 564 4578 765 4649; x_wconf 85' lang='grc' dir='ltr'>ὁμοίως</span> <span class='ocrx_word' id='word_1_742' title='bbox 792 4580 886 4633; x_wconf 86' lang='grc' dir='ltr'>ὲπί</span> <span class='ocrx_word' id='word_1_743' title='bbox 912 4598 972 4634; x_wconf 90' lang='grc' dir='ltr'><strong>τε</strong></span> <span class='ocrx_word' id='word_1_744' title='bbox 1007 4582 1254 4653; x_wconf 77' lang='grc' dir='ltr'>ἀρρένων</span> <span class='ocrx_word' id='word_1_745' title='bbox 1292 4584 1787 4656; x_wconf 84' lang='grc' dir='ltr'>παραλαμϐάνουσι</span> 
     </span>
    </p>
   </div>
   <div class='ocr_carea' id='block_1_95' title="bbox 1905 4576 3474 4656">
    <p class='ocr_par' dir='ltr' id='par_1_95' title="bbox 1910 4588 3474 4645">
     <span class='ocr_line' id='line_1_95' title="bbox 1910 4588 3474 4645; baseline 0.001 -4"><span class='ocrx_word' id='word_1_746' title='bbox 1910 4590 2134 4644; x_wconf 71' lang='lat' dir='ltr'><strong>nondum</strong></span> <span class='ocrx_word' id='word_1_747' title='bbox 2170 4589 2305 4644; x_wconf 86' lang='lat' dir='ltr'><strong>satis</strong></span> <span class='ocrx_word' id='word_1_748' title='bbox 2355 4590 2615 4644; x_wconf 85' lang='lat' dir='ltr'><strong>credibile</strong></span> <span class='ocrx_word' id='word_1_749' title='bbox 2647 4588 2778 4644; x_wconf 84' lang='lat' dir='ltr'><strong>fecit</strong></span> <span class='ocrx_word' id='word_1_750' title='bbox 2823 4590 3166 4645; x_wconf 88' lang='lat' dir='ltr'><strong>Critobulus.</strong></span> <span class='ocrx_word' id='word_1_751' title='bbox 3196 4588 3474 4645; x_wconf 86' lang='lat' dir='ltr'><strong>llaeteuus</strong></span> 
     </span>
    </p>
   </div>
   <div class='ocr_carea' id='block_1_96' title="bbox 198 4669 1799 4753">
    <p class='ocr_par' dir='ltr' id='par_1_96' title="bbox 198 4669 1790 4749">
     <span class='ocr_line' id='line_1_96' title="bbox 198 4669 1790 4749; baseline 0.008 -29"><span class='ocrx_word' id='word_1_752' title='bbox 198 4669 296 4721; x_wconf 80' lang='lat' dir='ltr'><strong>xui</strong></span> <span class='ocrx_word' id='word_1_753' title='bbox 326 4669 580 4740; x_wconf 85' lang='grc' dir='ltr'>θηλειῶν.</span> <span class='ocrx_word' id='word_1_754' title='bbox 633 4672 745 4725; x_wconf 82' lang='lat' dir='ltr'><strong>Kai</strong></span> <span class='ocrx_word' id='word_1_755' title='bbox 781 4672 843 4726; x_wconf 76' lang='grc' dir='ltr'>τὸ</span> <span class='ocrx_word' id='word_1_756' title='bbox 885 4673 1140 4744; x_wconf 88' lang='grc' dir='ltr'>θράττειν</span> <span class='ocrx_word' id='word_1_757' title='bbox 1178 4676 1257 4739; x_wconf 84' lang='grc' dir='ltr'>δὲ,</span> <span class='ocrx_word' id='word_1_758' title='bbox 1307 4678 1565 4748; x_wconf 90' lang='grc' dir='ltr'>σημαίνει</span> <span class='ocrx_word' id='word_1_759' title='bbox 1597 4679 1695 4749; x_wconf 83' lang='grc' dir='ltr'>μὲν</span> <span class='ocrx_word' id='word_1_760' title='bbox 1728 4680 1790 4733; x_wconf 87' lang='grc' dir='ltr'>τὸ</span> 
     </span>
    </p>
   </div>
   <div class='ocr_carea' id='block_1_97' title="bbox 1905 4669 3477 4753">
    <p class='ocr_par' dir='ltr' id='par_1_97' title="bbox 1905 4677 3477 4753">
     <span class='ocr_line' id='line_1_97' title="bbox 1905 4677 3477 4753; baseline 0.001 -19"><span class='ocrx_word' id='word_1_761' title='bbox 1905 4681 1956 4736; x_wconf 91' lang='lat' dir='ltr'><strong>le</strong></span> <span class='ocrx_word' id='word_1_762' title='bbox 1996 4681 2497 4749; x_wconf 78' lang='lat' dir='ltr'><strong>signiﬁcationibus</strong></span> <span class='ocrx_word' id='word_1_763' title='bbox 2550 4682 2815 4737; x_wconf 89' lang='lat' dir='ltr'><strong>dictionis</strong></span> <span class='ocrx_word' id='word_1_764' title='bbox 2869 4677 3079 4753; x_wconf 77' lang='grc' dir='ltr'>ἧδ’ὄς.</span> <span class='ocrx_word' id='word_1_765' title='bbox 3136 4680 3257 4735; x_wconf 85' lang='lat' dir='ltr'><strong>Jam</strong></span> <span class='ocrx_word' id='word_1_766' title='bbox 3308 4682 3477 4736; x_wconf 87' lang='lat' dir='ltr'><strong>dictio</strong></span> 
     </span>
    </p>
   </div>
   <div class='ocr_carea' id='block_1_98' title="bbox 196 4762 1784 4836">
    <p class='ocr_par' dir='ltr' id='par_1_98' title="bbox 196 4762 1784 4836">
     <span class='ocr_line' id='line_1_98' title="bbox 196 4762 1784 4836; baseline 0.008 -26"><span class='ocrx_word' id='word_1_767' title='bbox 196 4762 496 4828; x_wconf 79' lang='grc' dir='ltr'>ταράσσειν</span> <span class='ocrx_word' id='word_1_768' title='bbox 526 4762 619 4815; x_wconf 85' lang='lat' dir='ltr'><strong>xui</strong></span> <span class='ocrx_word' id='word_1_769' title='bbox 647 4762 709 4815; x_wconf 89' lang='grc' dir='ltr'>τὸ</span> <span class='ocrx_word' id='word_1_770' title='bbox 742 4764 1000 4835; x_wconf 80' lang='grc' dir='ltr'>ἐνοχλεῖν·</span> <span class='ocrx_word' id='word_1_771' title='bbox 1045 4767 1303 4836; x_wconf 90' lang='grc' dir='ltr'>σημαίνει</span> <span class='ocrx_word' id='word_1_772' title='bbox 1336 4768 1394 4820; x_wconf 81' lang='grc' dir='ltr'>δὲ</span> <span class='ocrx_word' id='word_1_773' title='bbox 1439 4770 1534 4824; x_wconf 88' lang='lat' dir='ltr'><strong>xui</strong></span> <span class='ocrx_word' id='word_1_774' title='bbox 1561 4770 1621 4822; x_wconf 83' lang='grc' dir='ltr'>τὸ</span> <span class='ocrx_word' id='word_1_775' title='bbox 1650 4770 1784 4823; x_wconf 86' lang='grc' dir='ltr'>νύσ-</span> 
     </span>
    </p>
   </div>
   <div class='ocr_carea' id='block_1_99' title="bbox 198 4853 1787 4931">
    <p class='ocr_par' dir='ltr' id='par_1_99' title="bbox 198 4853 1787 4931">
     <span class='ocr_line' id='line_1_99' title="bbox 198 4853 1787 4931; baseline 0.009 -29"><span class='ocrx_word' id='word_1_776' title='bbox 198 4868 317 4902; x_wconf 83' lang='grc' dir='ltr'>σειν</span> <span class='ocrx_word' id='word_1_777' title='bbox 340 4853 434 4905; x_wconf 88' lang='lat' dir='ltr'><strong>xui</strong></span> <span class='ocrx_word' id='word_1_778' title='bbox 459 4856 648 4907; x_wconf 81' lang='grc' dir='ltr'>κινεῖν·</span> <span class='ocrx_word' id='word_1_779' title='bbox 674 4854 809 4909; x_wconf 85' lang='grc' dir='ltr'>ἀλλὰ</span> <span class='ocrx_word' id='word_1_780' title='bbox 839 4856 935 4909; x_wconf 88' lang='lat' dir='ltr'><strong>xui</strong></span> <span class='ocrx_word' id='word_1_781' title='bbox 963 4856 1024 4910; x_wconf 83' lang='grc' dir='ltr'>τὸ</span> <span class='ocrx_word' id='word_1_782' title='bbox 1062 4857 1452 4925; x_wconf 85' lang='grc' dir='ltr'>δυσωπεῖσθαι,</span> <span class='ocrx_word' id='word_1_783' title='bbox 1482 4861 1659 4914; x_wconf 78' lang='grc' dir='ltr'>καὶτὸ</span> <span class='ocrx_word' id='word_1_784' title='bbox 1684 4863 1787 4931; x_wconf 81' lang='grc' dir='ltr'>ὑφ-</span> 
     </span>
    </p>
   </div>
   <div class='ocr_carea' id='block_1_100' title="bbox 199 4946 1790 5023">
    <p class='ocr_par' dir='ltr' id='par_1_100' title="bbox 199 4946 1790 5023">
     <span class='ocr_line' id='line_1_100' title="bbox 199 4946 1790 5023; baseline 0.009 -30"><span class='ocrx_word' id='word_1_785' title='bbox 199 4946 449 5012; x_wconf 79' lang='grc' dir='ltr'>ορᾶσθαι.</span> <span class='ocrx_word' id='word_1_786' title='bbox 473 4946 580 4999; x_wconf 80' lang='grc' dir='ltr'>Καί</span> <span class='ocrx_word' id='word_1_787' title='bbox 608 4964 671 5015; x_wconf 88' lang='grc' dir='ltr'><strong>γε</strong></span> <span class='ocrx_word' id='word_1_788' title='bbox 706 4949 801 5001; x_wconf 76' lang='grc' dir='ltr'>καὶ</span> <span class='ocrx_word' id='word_1_789' title='bbox 830 4949 893 5002; x_wconf 85' lang='grc' dir='ltr'>τὸ</span> <span class='ocrx_word' id='word_1_790' title='bbox 917 4949 1203 5012; x_wconf 81' lang='grc' dir='ltr'>τευτάζειν</span> <span class='ocrx_word' id='word_1_791' title='bbox 1232 4952 1490 5023; x_wconf 83' lang='grc' dir='ltr'>εὑρήσεις</span> <span class='ocrx_word' id='word_1_792' title='bbox 1513 4955 1654 5008; x_wconf 82' lang='grc' dir='ltr'>κατὰ</span> <span class='ocrx_word' id='word_1_793' title='bbox 1675 4956 1790 5008; x_wconf 79' lang='grc' dir='ltr'>δια-</span> 
     </span>
    </p>
   </div>
   <div class='ocr_carea' id='block_1_101' title="bbox 1885 4767 3479 4844">
    <p class='ocr_par' dir='ltr' id='par_1_101' title="bbox 1885 4767 3479 4844">
     <span class='ocr_line' id='line_1_101' title="bbox 1885 4767 3479 4844; baseline 0.003 -20"><span class='ocrx_word' id='word_1_794' title='bbox 1885 4767 1954 4842; x_wconf 83' lang='grc' dir='ltr'>ἦν</span> <span class='ocrx_word' id='word_1_795' title='bbox 1984 4772 2027 4825; x_wconf 84' lang='grc' dir='ltr'>δ’</span> <span class='ocrx_word' id='word_1_796' title='bbox 2049 4773 2183 4841; x_wconf 78' lang='grc' dir='ltr'>ἐγὼ,</span> <span class='ocrx_word' id='word_1_797' title='bbox 2211 4789 2334 4843; x_wconf 69' lang='lat' dir='ltr'><strong>quae</strong></span> <span class='ocrx_word' id='word_1_798' title='bbox 2366 4774 2482 4844; x_wconf 88' lang='lat' dir='ltr'><strong>pari</strong></span> <span class='ocrx_word' id='word_1_799' title='bbox 2508 4773 2702 4829; x_wconf 72' lang='lat' dir='ltr'><strong>forma:</strong></span> <span class='ocrx_word' id='word_1_800' title='bbox 2735 4774 2950 4829; x_wconf 86' lang='lat' dir='ltr'><strong>ratione</strong></span> <span class='ocrx_word' id='word_1_801' title='bbox 3003 4775 3203 4837; x_wconf 91' lang='lat' dir='ltr'><strong>utitur,</strong></span> <span class='ocrx_word' id='word_1_802' title='bbox 3259 4773 3314 4826; x_wconf 90' lang='lat' dir='ltr'><strong>in</strong></span> <span class='ocrx_word' id='word_1_803' title='bbox 3367 4784 3479 4828; x_wconf 86' lang='lat' dir='ltr'><strong>tres</strong></span> 
     </span>
    </p>
   </div>
   <div class='ocr_carea' id='block_1_102' title="bbox 1889 4864 3480 4938">
    <p class='ocr_par' dir='ltr' id='par_1_102' title="bbox 1889 4864 3480 4938">
     <span class='ocr_line' id='line_1_102' title="bbox 1889 4864 3480 4938; baseline -0.001 -18"><span class='ocrx_word' id='word_1_804' title='bbox 1889 4864 2141 4921; x_wconf 87' lang='lat' dir='ltr'><strong>notiones</strong></span> <span class='ocrx_word' id='word_1_805' title='bbox 2178 4867 2465 4934; x_wconf 87' lang='lat' dir='ltr'><strong>tribuitur;</strong></span> <span class='ocrx_word' id='word_1_806' title='bbox 2502 4882 2698 4937; x_wconf 90' lang='lat' dir='ltr'><strong>nempe</strong></span> <span class='ocrx_word' id='word_1_807' title='bbox 2737 4868 2850 4921; x_wconf 82' lang='lat' dir='ltr'><strong>dixi</strong></span> <span class='ocrx_word' id='word_1_808' title='bbox 2882 4881 3013 4938; x_wconf 86' lang='lat' dir='ltr'><strong>ego;</strong></span> <span class='ocrx_word' id='word_1_809' title='bbox 3064 4875 3118 4922; x_wconf 90' lang='lat' dir='ltr'><strong>et</strong></span> <span class='ocrx_word' id='word_1_810' title='bbox 3161 4866 3480 4935; x_wconf 81' lang='lat' dir='ltr'><strong>simpliciter</strong></span> 
     </span>
    </p>
   </div>
   <div class='ocr_carea' id='block_1_103' title="bbox 1888 4958 3481 5030">
    <p class='ocr_par' dir='ltr' id='par_1_103' title="bbox 1888 4958 3481 5030">
     <span class='ocr_line' id='line_1_103' title="bbox 1888 4958 3481 5030; baseline 0 -16"><span class='ocrx_word' id='word_1_811' title='bbox 1888 4959 2035 5025; x_wconf 78' lang='lat' dir='ltr'><strong>dixi;</strong></span> <span class='ocrx_word' id='word_1_812' title='bbox 2086 4959 2231 5029; x_wconf 89' lang='lat' dir='ltr'><strong>quod</strong></span> <span class='ocrx_word' id='word_1_813' title='bbox 2276 4974 2469 5013; x_wconf 90' lang='lat' dir='ltr'><strong>rursus</strong></span> <span class='ocrx_word' id='word_1_814' title='bbox 2495 4967 2601 5012; x_wconf 91' lang='lat' dir='ltr'><strong>tam</strong></span> <span class='ocrx_word' id='word_1_815' title='bbox 2654 4958 2977 5014; x_wconf 89' lang='lat' dir='ltr'><strong>masculiuis</strong></span> <span class='ocrx_word' id='word_1_816' title='bbox 3017 4973 3184 5030; x_wconf 89' lang='lat' dir='ltr'><strong>quam</strong></span> <span class='ocrx_word' id='word_1_817' title='bbox 3222 4959 3481 5014; x_wconf 78' lang='lat' dir='ltr'><strong>femineis</strong></span> 
     </span>
    </p>
   </div>
   <div class='ocr_carea' id='block_1_104' title="bbox 197 5036 1799 5124">
    <p class='ocr_par' dir='ltr' id='par_1_104' title="bbox 197 5036 1789 5114">
     <span class='ocr_line' id='line_1_104' title="bbox 197 5036 1789 5114; baseline 0.009 -28"><span class='ocrx_word' id='word_1_818' title='bbox 197 5036 382 5105; x_wconf 75' lang='grc' dir='ltr'>φόρων</span> <span class='ocrx_word' id='word_1_819' title='bbox 421 5037 799 5109; x_wconf 79' lang='grc' dir='ltr'>ὑποκειμένων</span> <span class='ocrx_word' id='word_1_820' title='bbox 854 5044 1177 5113; x_wconf 86' lang='grc' dir='ltr'>φερόμενον·</span> <span class='ocrx_word' id='word_1_821' title='bbox 1224 5044 1319 5095; x_wconf 89' lang='lat' dir='ltr'><strong>xui</strong></span> <span class='ocrx_word' id='word_1_822' title='bbox 1366 5045 1475 5114; x_wconf 85' lang='grc' dir='ltr'>γὰρ</span> <span class='ocrx_word' id='word_1_823' title='bbox 1525 5047 1644 5099; x_wconf 80' lang='grc' dir='ltr'>ἀντὶ</span> <span class='ocrx_word' id='word_1_824' title='bbox 1695 5046 1789 5101; x_wconf 82' lang='grc' dir='ltr'>τοῦ</span> 
     </span>
    </p>
   </div>
   <div class='ocr_carea' id='block_1_105' title="bbox 1905 5036 3480 5124">
    <p class='ocr_par' dir='ltr' id='par_1_105' title="bbox 1905 5051 3480 5124">
     <span class='ocr_line' id='line_1_105' title="bbox 1905 5051 3480 5124; baseline -0.003 -17"><span class='ocrx_word' id='word_1_825' title='bbox 1905 5054 2144 5122; x_wconf 60' lang='lat' dir='ltr'><strong>personis</strong></span> <span class='ocrx_word' id='word_1_826' title='bbox 2177 5052 2499 5106; x_wconf 87' lang='lat' dir='ltr'><strong>assumitur.</strong></span> <span class='ocrx_word' id='word_1_827' title='bbox 2569 5051 2681 5121; x_wconf 84' lang='lat' dir='ltr'><strong>Age</strong></span> <span class='ocrx_word' id='word_1_828' title='bbox 2723 5066 2853 5106; x_wconf 84' lang='lat' dir='ltr'><strong>vero</strong></span> <span class='ocrx_word' id='word_1_829' title='bbox 2887 5060 2942 5107; x_wconf 92' lang='lat' dir='ltr'><strong>et</strong></span> <span class='ocrx_word' id='word_1_830' title='bbox 2989 5051 3480 5124; x_wconf 72' lang='lat' dir='ltr'><strong>Opti‘c‘rewpertur-</strong></span> 
     </span>
    </p>
   </div>
   <div class='ocr_carea' id='block_1_106' title="bbox 194 5130 1794 5203">
    <p class='ocr_par' dir='ltr' id='par_1_106' title="bbox 194 5130 1794 5203">
     <span class='ocr_line' id='line_1_106' title="bbox 194 5130 1794 5203; baseline 0.009 -26"><span class='ocrx_word' id='word_1_831' title='bbox 194 5130 683 5197; x_wconf 75' lang='grc' dir='ltr'>πραγματεύεσθαι</span> <span class='ocrx_word' id='word_1_832' title='bbox 707 5132 1216 5203; x_wconf 77' lang='grc' dir='ltr'>παραλαμϐάνεται,</span> <span class='ocrx_word' id='word_1_833' title='bbox 1232 5135 1325 5188; x_wconf 85' lang='lat' dir='ltr'><strong>xui</strong></span> <span class='ocrx_word' id='word_1_834' title='bbox 1342 5136 1462 5189; x_wconf 72' lang='grc' dir='ltr'>ἀντὶ</span> <span class='ocrx_word' id='word_1_835' title='bbox 1483 5137 1577 5189; x_wconf 83' lang='grc' dir='ltr'>τοῦ</span> <span class='ocrx_word' id='word_1_836' title='bbox 1594 5155 1794 5191; x_wconf 85' lang='grc' dir='ltr'><strong>σκευω⁹</strong></span> 
     </span>
    </p>
   </div>
   <div class='ocr_carea' id='block_1_107' title="bbox 197 5222 1792 5303">
    <p class='ocr_par' dir='ltr' id='par_1_107' title="bbox 197 5222 1792 5303">
     <span class='ocr_line' id='line_1_107' title="bbox 197 5222 1792 5303; baseline 0.008 -32"><span class='ocrx_word' id='word_1_837' title='bbox 197 5222 431 5290; x_wconf 80' lang='grc' dir='ltr'>ρεῖοθαι,</span> <span class='ocrx_word' id='word_1_838' title='bbox 454 5226 847 5295; x_wconf 84' lang='grc' dir='ltr'>στρατεύεσθαί</span> <span class='ocrx_word' id='word_1_839' title='bbox 876 5244 936 5280; x_wconf 87' lang='grc' dir='ltr'><strong>τε</strong></span> <span class='ocrx_word' id='word_1_840' title='bbox 980 5231 1074 5281; x_wconf 78' lang='grc' dir='ltr'><strong>καὶ</strong></span> <span class='ocrx_word' id='word_1_841' title='bbox 1106 5230 1426 5299; x_wconf 79' lang='grc' dir='ltr'>διατρίϐειν,</span> <span class='ocrx_word' id='word_1_842' title='bbox 1450 5234 1545 5284; x_wconf 73' lang='grc' dir='ltr'>καὶ</span> <span class='ocrx_word' id='word_1_843' title='bbox 1572 5234 1792 5303; x_wconf 78' lang='grc' dir='ltr'>φροντί-</span> 
     </span>
    </p>
   </div>
   <div class='ocr_carea' id='block_1_108' title="bbox 194 5313 1782 5395">
    <p class='ocr_par' dir='ltr' id='par_1_108' title="bbox 194 5313 1782 5395">
     <span class='ocr_line' id='line_1_108' title="bbox 194 5313 1782 5395; baseline 0.008 -31"><span class='ocrx_word' id='word_1_844' title='bbox 194 5313 311 5375; x_wconf 83' lang='grc' dir='ltr'>ζειν</span> <span class='ocrx_word' id='word_1_845' title='bbox 335 5315 505 5368; x_wconf 85' lang='grc' dir='ltr'>ὲνίοτε</span> <span class='ocrx_word' id='word_1_846' title='bbox 531 5330 544 5345; x_wconf 89' lang='grc'><strong>·</strong></span> <span class='ocrx_word' id='word_1_847' title='bbox 576 5319 922 5389; x_wconf 78' lang='grc' dir='ltr'>ἐπιστρεφῶς</span> <span class='ocrx_word' id='word_1_848' title='bbox 952 5321 1008 5373; x_wconf 83' lang='grc' dir='ltr'>δὲ</span> <span class='ocrx_word' id='word_1_849' title='bbox 1037 5323 1298 5393; x_wconf 85' lang='grc' dir='ltr'>πράττειν</span> <span class='ocrx_word' id='word_1_850' title='bbox 1320 5341 1372 5375; x_wconf 91' lang='grc' dir='ltr'><strong>τι</strong></span> <span class='ocrx_word' id='word_1_851' title='bbox 1396 5323 1490 5376; x_wconf 78' lang='grc' dir='ltr'>καὶ</span> <span class='ocrx_word' id='word_1_852' title='bbox 1520 5326 1782 5395; x_wconf 84' lang='grc' dir='ltr'>ἐνεργεῖν·</span> 
     </span>
    </p>
   </div>
   <div class='ocr_carea' id='block_1_109' title="bbox 194 5406 1777 5485">
    <p class='ocr_par' dir='ltr' id='par_1_109' title="bbox 194 5406 1777 5485">
     <span class='ocr_line' id='line_1_109' title="bbox 194 5406 1777 5485; baseline 0.008 -29"><span class='ocrx_word' id='word_1_853' title='bbox 194 5407 290 5457; x_wconf 83' lang='grc' dir='ltr'><strong>καὶ</strong></span> <span class='ocrx_word' id='word_1_854' title='bbox 346 5406 453 5477; x_wconf 79' lang='grc' dir='ltr'>μὴν</span> <span class='ocrx_word' id='word_1_855' title='bbox 494 5409 589 5461; x_wconf 88' lang='lat' dir='ltr'><strong>xui</strong></span> <span class='ocrx_word' id='word_1_856' title='bbox 640 5411 985 5477; x_wconf 78' lang='grc' dir='ltr'>σπουδάζειν,</span> <span class='ocrx_word' id='word_1_857' title='bbox 1023 5416 1118 5466; x_wconf 87' lang='grc' dir='ltr'>καὶ</span> <span class='ocrx_word' id='word_1_858' title='bbox 1161 5413 1377 5466; x_wconf 83' lang='grc' dir='ltr'>δεῖπνον</span> <span class='ocrx_word' id='word_1_859' title='bbox 1425 5416 1777 5485; x_wconf 79' lang='grc' dir='ltr'>παραθεῖναι·</span> 
     </span>
    </p>
   </div>
   <div class='ocr_carea' id='block_1_110' title="bbox 1892 5140 3473 5212">
    <p class='ocr_par' dir='ltr' id='par_1_110' title="bbox 1892 5140 3473 5212">
     <span class='ocr_line' id='line_1_110' title="bbox 1892 5140 3473 5212; baseline -0.002 -15"><span class='ocrx_word' id='word_1_860' title='bbox 1892 5146 2021 5197; x_wconf 87' lang='lat' dir='ltr'><strong>bare</strong></span> <span class='ocrx_word' id='word_1_861' title='bbox 2076 5142 2370 5212; x_wconf 80' lang='lat' dir='ltr'><strong>signiﬁcat,</strong></span> <span class='ocrx_word' id='word_1_862' title='bbox 2406 5150 2459 5195; x_wconf 91' lang='lat' dir='ltr'><strong>et</strong></span> <span class='ocrx_word' id='word_1_863' title='bbox 2491 5142 2736 5195; x_wconf 90' lang='lat' dir='ltr'><strong>molestia</strong></span> <span class='ocrx_word' id='word_1_864' title='bbox 2768 5140 3012 5211; x_wconf 73' lang='lat' dir='ltr'><strong>adicere;</strong></span> <span class='ocrx_word' id='word_1_865' title='bbox 3047 5143 3304 5198; x_wconf 85' lang='lat' dir='ltr'><strong>vellicare</strong></span> <span class='ocrx_word' id='word_1_866' title='bbox 3344 5142 3473 5195; x_wconf 88' lang='lat' dir='ltr'><strong>item</strong></span> 
     </span>
    </p>
   </div>
   <div class='ocr_carea' id='block_1_111' title="bbox 1892 5237 3475 5307">
    <p class='ocr_par' dir='ltr' id='par_1_111' title="bbox 1892 5237 3475 5307">
     <span class='ocr_line' id='line_1_111' title="bbox 1892 5237 3475 5307; baseline 0 -18"><span class='ocrx_word' id='word_1_867' title='bbox 1892 5250 2054 5305; x_wconf 84' lang='lat' dir='ltr'><strong>atque</strong></span> <span class='ocrx_word' id='word_1_868' title='bbox 2087 5245 2419 5299; x_wconf 84' lang='lat' dir='ltr'><strong>concutere;</strong></span> <span class='ocrx_word' id='word_1_869' title='bbox 2456 5250 2554 5289; x_wconf 90' lang='lat' dir='ltr'><strong>nec</strong></span> <span class='ocrx_word' id='word_1_870' title='bbox 2586 5251 2690 5289; x_wconf 89' lang='lat' dir='ltr'><strong>non</strong></span> <span class='ocrx_word' id='word_1_871' title='bbox 2718 5237 2978 5304; x_wconf 90' lang='lat' dir='ltr'><strong>pudorem</strong></span> <span class='ocrx_word' id='word_1_872' title='bbox 3011 5237 3274 5307; x_wconf 83' lang='lat' dir='ltr'><strong>ingerere,</strong></span> <span class='ocrx_word' id='word_1_873' title='bbox 3300 5245 3351 5288; x_wconf 89' lang='lat' dir='ltr'><strong>et</strong></span> <span class='ocrx_word' id='word_1_874' title='bbox 3386 5251 3475 5289; x_wconf 88' lang='lat' dir='ltr'><strong>re-</strong></span> 
     </span>
    </p>
   </div>
   <div class='ocr_carea' id='block_1_112' title="bbox 1894 5325 3474 5388">
    <p class='ocr_par' dir='ltr' id='par_1_112' title="bbox 1894 5325 3474 5388">
     <span class='ocr_line' id='line_1_112' title="bbox 1894 5325 3474 5388; baseline -0.001 -7"><span class='ocrx_word' id='word_1_875' title='bbox 1894 5326 2090 5381; x_wconf 83' lang='lat' dir='ltr'><strong>vereri.</strong></span> <span class='ocrx_word' id='word_1_876' title='bbox 2125 5325 2327 5379; x_wconf 86' lang='lat' dir='ltr'><strong>Deinde</strong></span> <span class='ocrx_word' id='word_1_877' title='bbox 2366 5334 2419 5379; x_wconf 85' lang='lat' dir='ltr'><strong>et</strong></span> <span class='ocrx_word' id='word_1_878' title='bbox 2450 5325 2733 5388; x_wconf 77' lang='grc' dir='ltr'>τευτάζειν</span> <span class='ocrx_word' id='word_1_879' title='bbox 2770 5341 2876 5381; x_wconf 90' lang='lat' dir='ltr'><strong>nou</strong></span> <span class='ocrx_word' id='word_1_880' title='bbox 2920 5329 3039 5381; x_wconf 85' lang='lat' dir='ltr'><strong>sine</strong></span> <span class='ocrx_word' id='word_1_881' title='bbox 3084 5342 3343 5381; x_wconf 87' lang='lat' dir='ltr'><strong>sensuum</strong></span> <span class='ocrx_word' id='word_1_882' title='bbox 3373 5342 3474 5379; x_wconf 86' lang='lat' dir='ltr'><strong>va-</strong></span> 
     </span>
    </p>
   </div>
   <div class='ocr_carea' id='block_1_113' title="bbox 1895 5419 3473 5489">
    <p class='ocr_par' dir='ltr' id='par_1_113' title="bbox 1895 5419 3473 5489">
     <span class='ocr_line' id='line_1_113' title="bbox 1895 5419 3473 5489; baseline -0.001 -17"><span class='ocrx_word' id='word_1_883' title='bbox 1895 5420 2087 5473; x_wconf 77' lang='lat' dir='ltr'><strong>rielate</strong></span> <span class='ocrx_word' id='word_1_884' title='bbox 2122 5421 2397 5488; x_wconf 86' lang='lat' dir='ltr'><strong>prolatum</strong></span> <span class='ocrx_word' id='word_1_885' title='bbox 2433 5419 2643 5473; x_wconf 91' lang='lat' dir='ltr'><strong>videbis</strong></span> <span class='ocrx_word' id='word_1_886' title='bbox 2675 5438 2688 5474; x_wconf 89' lang='lat'><strong>:</strong></span> <span class='ocrx_word' id='word_1_887' title='bbox 2730 5434 2855 5472; x_wconf 90' lang='lat' dir='ltr'><strong>nam</strong></span> <span class='ocrx_word' id='word_1_888' title='bbox 2888 5430 2944 5474; x_wconf 91' lang='lat' dir='ltr'><strong>et</strong></span> <span class='ocrx_word' id='word_1_889' title='bbox 2976 5434 3074 5487; x_wconf 90' lang='lat' dir='ltr'><strong>pro</strong></span> <span class='ocrx_word' id='word_1_890' title='bbox 3111 5426 3356 5489; x_wconf 82' lang='lat' dir='ltr'><strong>satagere</strong></span> <span class='ocrx_word' id='word_1_891' title='bbox 3380 5432 3473 5472; x_wconf 85' lang='lat' dir='ltr'><strong>ca-</strong></span> 
     </span>
    </p>
   </div>
   <div class='ocr_carea' id='block_1_114' title="bbox 1747 5535 1981 5592">
    <p class='ocr_par' dir='ltr' id='par_1_114' title="bbox 1747 5535 1981 5592">
     <span class='ocr_line' id='line_1_114' title="bbox 1747 5535 1981 5592; baseline 0.013 -3"><span class='ocrx_word' id='word_1_892' title='bbox 1747 5535 1955 5591; x_wconf 77' lang='grc' dir='ltr'><strong>ΝΟΤΑΞ</strong></span> <span class='ocrx_word' id='word_1_893' title='bbox 1968 5577 1981 5592; x_wconf 93' lang='grc'><strong>.</strong></span> 
     </span>
    </p>
   </div>
   <div class='ocr_carea' id='block_1_115' title="bbox 262 5643 2693 5725">
    <p class='ocr_par' dir='ltr' id='par_1_115' title="bbox 262 5643 2693 5725">
     <span class='ocr_line' id='line_1_115' title="bbox 262 5643 2693 5725; baseline -0.001 -14"><span class='ocrx_word' id='word_1_894' title='bbox 262 5643 1047 5725; x_wconf 32' lang='lat' dir='ltr'><strong>(iﬁlli?vocablllixowov</strong></span> <span class='ocrx_word' id='word_1_895' title='bbox 1084 5654 1227 5721; x_wconf 82' lang='lat' dir='ltr'><strong>apud</strong></span> <span class='ocrx_word' id='word_1_896' title='bbox 1286 5654 1459 5725; x_wconf 88' lang='lat' dir='ltr'><strong>ipsum</strong></span> <span class='ocrx_word' id='word_1_897' title='bbox 1519 5654 1773 5709; x_wconf 87' lang='lat' dir='ltr'><strong>Photium</strong></span> <span class='ocrx_word' id='word_1_898' title='bbox 1883 5658 1973 5712; x_wconf 87' lang='lat' dir='ltr'><strong>ed.</strong></span> <span class='ocrx_word' id='word_1_899' title='bbox 2007 5657 2222 5711; x_wconf 81' lang='lat' dir='ltr'><strong>Mediol.</strong></span> <span class='ocrx_word' id='word_1_900' title='bbox 2254 5656 2407 5725; x_wconf 54' lang='lat' dir='ltr'><strong>praef.</strong></span> <span class='ocrx_word' id='word_1_901' title='bbox 2454 5671 2574 5724; x_wconf 81' lang='lat' dir='ltr'><strong>cap.</strong></span> <span class='ocrx_word' id='word_1_902' title='bbox 2606 5655 2693 5710; x_wconf 74' lang='grc' dir='ltr'>Μ.</span> 
     </span>
    </p>
   </div>
   <div class='ocr_carea' id='block_1_116' title="bbox 191 5713 1773 5794">
    <p class='ocr_par' dir='ltr' id='par_1_116' title="bbox 191 5713 1773 5794">
     <span class='ocr_line' id='line_1_116' title="bbox 191 5713 1773 5794; baseline 0.007 -26"><span class='ocrx_word' id='word_1_903' title='bbox 191 5714 248 5768; x_wconf 87' lang='lat' dir='ltr'><strong>in</strong></span> <span class='ocrx_word' id='word_1_904' title='bbox 287 5713 613 5794; x_wconf 61' lang='lat' dir='ltr'><strong>Bibliotheca</strong></span> <span class='ocrx_word' id='word_1_905' title='bbox 640 5713 1135 5794; x_wconf 71' lang='lat' dir='ltr'><strong>signiﬁcationibus</strong></span> <span class='ocrx_word' id='word_1_906' title='bbox 1167 5713 1331 5778; x_wconf 81' lang='lat' dir='ltr'><strong>variis</strong></span> <span class='ocrx_word' id='word_1_907' title='bbox 1370 5724 1604 5779; x_wconf 85' lang='lat' dir='ltr'><strong>disserui</strong></span> <span class='ocrx_word' id='word_1_908' title='bbox 1644 5744 1773 5794; x_wconf 76' lang='lat' dir='ltr'><strong>ego-</strong></span> 
     </span>
    </p>
   </div>
   <div class='ocr_carea' id='block_1_117' title="bbox 189 5787 1772 5867">
    <p class='ocr_par' dir='ltr' id='par_1_117' title="bbox 189 5787 1772 5867">
     <span class='ocr_line' id='line_1_117' title="bbox 189 5787 1772 5867; baseline 0.006 -24"><span class='ocrx_word' id='word_1_909' title='bbox 189 5794 305 5843; x_wconf 83' lang='lat' dir='ltr'><strong>met</strong></span> <span class='ocrx_word' id='word_1_910' title='bbox 355 5787 409 5842; x_wconf 93' lang='lat' dir='ltr'><strong>iu</strong></span> <span class='ocrx_word' id='word_1_911' title='bbox 445 5787 761 5857; x_wconf 68' lang='lat' dir='ltr'><strong>praefatione</strong></span> <span class='ocrx_word' id='word_1_912' title='bbox 804 5794 870 5847; x_wconf 87' lang='lat' dir='ltr'><strong>ad</strong></span> <span class='ocrx_word' id='word_1_913' title='bbox 908 5809 1079 5850; x_wconf 81' lang='lat' dir='ltr'><strong>novas</strong></span> <span class='ocrx_word' id='word_1_914' title='bbox 1105 5794 1350 5865; x_wconf 83' lang='lat' dir='ltr'><strong>Dionysii</strong></span> <span class='ocrx_word' id='word_1_915' title='bbox 1383 5795 1556 5852; x_wconf 86' lang='lat' dir='ltr'><strong>llalic.</strong></span> <span class='ocrx_word' id='word_1_916' title='bbox 1589 5787 1772 5867; x_wconf 52' lang='lat' dir='ltr'><strong>partes</strong></span> 
     </span>
    </p>
   </div>
   <div class='ocr_carea' id='block_1_118' title="bbox 1954 5746 2979 5819">
    <p class='ocr_par' dir='ltr' id='par_1_118' title="bbox 1954 5746 2979 5819">
     <span class='ocr_line' id='line_1_118' title="bbox 1954 5746 2979 5819; baseline 0 -17"><span class='ocrx_word' id='word_1_917' title='bbox 1954 5747 2099 5819; x_wconf 70' lang='lat'><strong>(55“)</strong></span> <span class='ocrx_word' id='word_1_918' title='bbox 2136 5748 2193 5804; x_wconf 91' lang='lat' dir='ltr'><strong>lu</strong></span> <span class='ocrx_word' id='word_1_919' title='bbox 2224 5746 2423 5804; x_wconf 67' lang='grc' dir='ltr'>ιιιιὶεο</span> <span class='ocrx_word' id='word_1_920' title='bbox 2450 5748 2630 5803; x_wconf 79' lang='lat' dir='ltr'><strong>Pliotii</strong></span> <span class='ocrx_word' id='word_1_921' title='bbox 2658 5746 2979 5818; x_wconf 76' lang='grc' dir='ltr'>Κριτόλαος.</span> 
     </span>
    </p>
   </div>
  </div>
