3888 6186
384 214 483 283 151
1526 216 1791 280 ΡΗΟΤΙΙ
1819 212 1989 277 ΡΑΤΙ

2090 214 2325 278 ιΒΟΗἉΕ
2349 220 2455 281 CP.
3537 218 3647 279 15?.

383 348 419 403 p
445 345 552 396 tur,
576 341 629 387 et
659 347 758 402 pro
784 331 961 387 moliri
997 331 1223 403 aliquid,
1262 341 1316 388 et
1359 348 1461 404 pro
1491 334 1749 397 militare,
1772 340 1827 387 et
1860 344 1961 401 pro

2097 348 2163 401 ρα
2189 333 2246 385 δὲ
2279 334 2376 387 καὶ
2405 335 2476 388 τὰ
2508 336 2709 407 συνήθη
2740 336 2911 390 ταῦτα
2940 334 3062 403 οὐχὶ
3092 334 3223 403 μίαν
3263 331 3520 386 ἐθέλοντα
3546 350 3644 402 ση-

384 425 669 487 diversari,
707 435 764 479 et
790 426 1117 494 quandoque
1151 440 1250 495 pro
1282 439 1471 479 curam
1513 440 1723 494 gerere,
1779 433 1835 479 et
1864 438 1962 493 pro

2090 424 2268 479 ιασίαν
2319 427 2744 496 περιπτύσσειν·
2789 427 2989 480 αὐτίκα
3020 426 3084 496 δὴ
3125 426 3187 477 τὸ
3236 423 3499 485 ἐπιεικῶς
3541 424 3646 477 καὶ

386 516 575 572 sedulo
615 516 818 585 aliquid
848 532 1007 584 agere
1041 526 1201 586 atque
1233 516 1486 571 eﬁcctum
1517 516 1647 572 dare
1676 534 1690 571 :
1736 530 1836 571 nee
1855 532 1961 569 non

2102 516 2155 568 πὶ
2202 516 2429 588 κόρρης·
2466 519 2526 571 τὸ
2560 519 2658 589 μὲν
2687 517 2767 581 εἷς
2808 536 2867 571 τε
2906 518 2967 570 τὸ
3006 518 3205 579 ίκανῶς
3257 517 3353 569 καὶ
3382 515 3644 585 μετρίως,

387 622 486 675 pro
512 605 745 660 oﬁicium
768 605 1024 660 exhibere
1049 616 1101 661 et
1126 622 1337 661 etenam
1358 620 1653 676 apponere.
1695 604 1962 659 Praeterea

2090 608 2161 661 :al.
2201 609 2283 671 εἰς
2310 609 2371 662 τὸ
2405 609 2637 673 ἀστείως
2678 610 3059 679 ἐπιμερίζεται
3081 650 3098 674 ,
3141 609 3201 663 τὸ
3232 608 3289 662 δὲ
3317 608 3411 659 ἐπὶ
3436 608 3649 677 κόρρης

387 696 677 752 familiaria
712 697 827 751 lure
860 697 1062 753 videsis
1120 715 1282 767 quam
1322 714 1430 752 non
1494 713 1663 752 unum
1710 697 1964 752 evolvam

388 789 788 861 signiﬁcatum:
830 790 1063 858 eteinpli
1083 790 1254 860 gratia
1291 788 1554 853 ἐπιεικῶς
1581 798 1635 845 et
1695 789 1790 842 ἐπὶ
1822 791 1954 861 κόρ-

391 882 537 951 ρης³;
580 881 711 935 illud
756 883 974 952 quidem
1022 894 1074 936 et
1116 881 1336 936 abunde
1390 881 1535 935 valet
1580 889 1635 935 et
1685 879 1965 936 moderate

390 981 445 1026 et
469 971 699 1039 feStive;
736 975 839 1029 hoc
863 984 1045 1029 autem
1074 983 1126 1028 et
1161 973 1436 1027 verberari
1474 973 1527 1026 in
1564 972 1741 1042 capite
1782 972 1958 1041 signi-

394 1066 540 1126 ﬁcat,
578 1074 631 1118 et
656 1066 819 1120 etiam
864 1068 917 1119 in
963 1065 1137 1135 genis.
1182 1065 1284 1119 Sed
1334 1080 1507 1133 neque
1551 1063 1966 1134 ἐπισκηπτόμε-

393 1172 482 1208 νον
514 1172 682 1210 unum
724 1156 1010 1226 signiﬁcat,
1045 1156 1137 1212 sed
1169 1166 1223 1211 et
1251 1156 1481 1210 ﬁrmiter
1509 1158 1674 1209 menti
1714 1155 1965 1218 inﬁxum,

394 1256 448 1300 et
476 1246 928 1322 demonstratum,
959 1256 1012 1300 et
1058 1246 1200 1315 quod
1256 1261 1285 1299 a
1337 1246 1603 1299 moriente
1650 1245 1965 1297 mandatum

395 1347 498 1399 est,
525 1348 577 1390 et
612 1337 831 1406 insuper
869 1338 1009 1407 quod
1040 1338 1380 1391 adversatur.
1437 1334 1677 1390 Pertinet
1711 1335 1779 1389 ad
1830 1336 1968 1390 varii

397 1430 738 1499 signiﬁcatus
770 1432 1027 1484 vocabula
1067 1430 1229 1483 etiam
1270 1429 1641 1483 δυσωπεῖσθαι
1681 1447 1695 1484 :
1751 1445 1876 1484 nam
1914 1437 1970 1483 et

2064 700 2125 753 τὸ
2168 700 2311 753 κατὰ
2346 701 2597 771 κεφαλῆς
2626 700 2924 755 τύπτεσθαι
2976 701 3253 771 σημαίνει,
3286 701 3381 752 καὶ
3414 700 3520 769 μὴν
3550 702 3649 752 καὶ

2064 793 2126 843 τὸ
2152 794 2246 845 ἐπὶ
2287 792 2396 847 τῶν
2443 793 2731 861 σιαγόνων·
2780 793 2904 846 οὐδὲ
2954 794 3014 846 τὸ
3061 793 3537 862 ἐπισκηπτόμενον
3588 792 3648 843 δὲ

2066 887 2144 945 εἰς
2172 884 2230 936 ἓν
2258 885 2682 956 περιγράφεται,
2732 886 2869 939 ἀλλά
2916 887 3012 939 καὶ
3038 885 3130 939 τὸν
3157 884 3649 955 ὲναπερειδόμενον

2066 974 2237 1043 δηλοῖ,
2279 978 2373 1029 καὶ
2407 977 2500 1029 τὸν
2542 977 2970 1047 ἐνδεικνύμενον,
3021 977 3115 1029 καὶ
3144 975 3238 1028 τὸν
3266 975 3360 1027 ἐπὶ
3388 974 3650 1041 τελευτῆς

2068 1068 2446 1139 ἐντελλόμενον
2471 1108 2486 1132 ,
2527 1071 2622 1122 καὶ
2662 1068 2798 1140 πρὸς
2843 1069 3056 1131 τούτοις
3098 1065 3160 1118 τὸ
3206 1065 3646 1133 ἐναντιούμενον.

2079 1158 2355 1221 Ὡσαύτως
2393 1159 2451 1212 δὲ
2492 1160 2604 1212 τῶν
2647 1160 2976 1229 πολυσήμων
3016 1157 3133 1210 ἐστὶ
3175 1157 3271 1211 καὶ
3293 1156 3355 1209 τὸ
3381 1156 3652 1210 δυσωπεῖ..

2071 1244 2214 1296 σθαι·
2230 1245 2530 1316 ὑφορᾶσθαι
2548 1247 2655 1316 γὰρ
2676 1247 3026 1316 ἀπαγγέλλει,
3046 1248 3140 1299 καὶ
3151 1247 3212 1299 τὸ
3229 1244 3508 1315 φοϐεῖσθαι
3527 1244 3652 1312 μεθ’

2074 1335 2350 1402 ὑπονοίας,
2383 1338 2477 1391 καὶ
2508 1339 2570 1392 τὸ
2606 1337 3053 1409 σκυθρωπάζειν·
3086 1338 3218 1391 ἔνιοι
3250 1337 3305 1390 δὲ
3336 1336 3444 1389 τῶν
3488 1337 3653 1404 ἐλλη-

2070 1426 2224 1496 νικὴν
2250 1426 2507 1495 γλῶσσαν
2557 1427 3012 1499 ἐξακριϐούντων,
3053 1430 3103 1481 εἰ
3139 1429 3232 1481 καὶ
3262 1427 3338 1499 μὴ
3368 1427 3473 1480 τῶν
3500 1428 3654 1480 ἀττι-

396 1522 631 1575 revereri
689 1522 931 1585 denotat,
984 1532 1037 1575 et
1077 1531 1318 1576 metuere
1347 1538 1473 1575 eum
1528 1521 1865 1590 suspicione,
1916 1530 1971 1575 et

2090 1520 2181 1572 ιῶν
2207 1522 2240 1590 ὴ
2268 1520 2473 1590 κομψία
2503 1520 2635 1591 (5i),
2669 1522 2763 1575 καὶ
2790 1522 2914 1575 ἀντὶ
2934 1521 3027 1575 τοῦ
3044 1521 3312 1576 αἰδεῖσθαι
3340 1520 3437 1592 τὴν
3465 1520 3655 1591 φωνὴν

397 1614 589 1667 tetrico
639 1614 789 1666 vultu
845 1629 985 1667 eSse.
1029 1612 1265 1678 Quidam
1340 1628 1467 1666 vero
1521 1612 1717 1681 linguae
1770 1611 1971 1667 Graeca:

2090 1613 2611 1682 παραλαμϐάνουσιν·
2649 1614 2682 1683 ἠ
2722 1612 2821 1683 μέν
2858 1631 2940 1667 τοι
2976 1613 3236 1684 συνήθεια
3274 1613 3367 1665 ἐπὶ
3400 1612 3495 1666 τοῦ
3534 1615 3655 1665 ἱκε-

397 1704 640 1773 apprime
688 1704 869 1773 periti,
906 1720 1220 1775 quanquam
1282 1704 1499 1758 Atticus
1552 1704 1773 1757 minime
1820 1704 1971 1773 lepos

2090 1670 2249 1757 τεύειν
2266 1670 2359 1758 καὶ
2385 1670 3023 1777 παρακαλείνικὲχρηται.
3044 1670 3155 1758 Καὶ
3180 1706 3240 1758 τὸ
3257 1704 3417 1775 δεῦρο
3434 1705 3488 1757 δὲ
3514 1706 3657 1774 μετὰ

396 1809 498 1854 est.
533 1811 717 1849 vocem
781 1796 921 1849 hanc
970 1794 1133 1848 etiam
1179 1808 1275 1860 pro
1312 1795 1515 1863 pudere
1570 1794 1865 1864 accipiunt.
1908 1794 1972 1847 Et

2090 1794 2166 1847 τοῦ
2196 1794 2483 1866 σημαίνειν
2511 1795 2571 1848 τὸ
2602 1796 2722 1863 ἄγε,
2762 1797 2855 1848 καὶ
2880 1794 2943 1847 τὸ
2970 1795 3229 1861 ἐνταῦθα,
3266 1795 3387 1848 οὐδὲ
3432 1796 3492 1847 τὸ
3520 1793 3649 1847 ἐλθὲ

399 1889 613 1957 quidem
651 1886 1155 1957 vulgicousuetudo
1176 1886 1340 1939 utitur
1365 1885 1468 1940 hac
1493 1901 1622 1939 voce
1657 1888 1721 1939 ad
1758 1886 1971 1955 suppli-

2090 1887 2495 1958 ἱιποστρέφεται.
2542 1886 2741 1939 Σκόπει
2776 1886 2833 1940 δὲ
2864 1887 2960 1940 καὶ
2987 1886 3046 1939 τὸ
3082 1889 3349 1954 γενναῖον,
3377 1886 3526 1949 ὅπως
3560 1885 3656 1939 τόν

402 1982 639 2034 candum
677 1989 840 2048 atque
869 1978 936 2032 ad
966 1980 1323 2031 exorandum.
1354 1974 1473 2031 Vox
1507 1976 1688 2047 δεῦρο,
1718 1992 1841 2030 cum
1877 1992 1975 2047 age

2090 1996 2132 2032 ιε
2177 1980 2412 2049 συγγενῆ
2444 1978 2597 2049 δηλοῖ
2643 1978 2737 2032 καὶ
2778 1978 2868 2031 τὸν
2899 1978 3124 2047 ἀγαθὸν,
3156 1979 3291 2032 ἀλλά
3313 1980 3409 2031 καὶ
3438 1979 3532 2031 τὸν
3562 1979 3658 2030 εῦ-

401 2070 673 2140 siguiﬁeat
705 2078 759 2123 et
791 2068 916 2134 huc,
948 2078 1060 2121 tum
1109 2083 1176 2121 ne
1209 2068 1276 2120 ab
1301 2067 1562 2121 adesdum
1607 2068 1827 2136 quidem
1877 2068 1975 2120 ab-

2090 2071 2228 2141 γενῆ,
2276 2072 2370 2123 καὶ
2417 2070 2509 2125 τὸν
2552 2070 2822 2141 ἀνδρεῖον,
2866 2070 2967 2124 οὑκ
3010 2071 3251 2124 ἔλαττον.
3303 2069 3462 2133 Ἰδοις
3511 2070 3557 2123 δ’
3590 2069 3663 2123 ἂν

404 2162 606 2215 horret.
632 2161 781 2215 Adde
817 2160 904 2215 his
944 2162 1211 2228 γενναῖον,
1261 2159 1406 2229 quod
1446 2170 1742 2228 cognatum
1796 2168 1975 2221 sonat,

401 2264 452 2307 et
477 2256 701 2319 bonum,
734 2262 787 2308 et
817 2254 1076 2319 nobilem,
1108 2264 1162 2307 et
1194 2263 1478 2308 strenuum
1506 2268 1682 2321 teque.
1709 2250 1978 2307 Similiter

404 2350 584 2403 (tertiis
643 2347 845 2401 ἄτοπον
906 2362 1015 2401 non
1073 2347 1252 2402 solum
1289 2361 1587 2417 coarguere
1641 2361 1869 2416 pravum
1928 2357 1981 2400 et

406 2436 734 2504 improbum,
770 2434 864 2489 sed
887 2434 1220 2506 etiamquod
1247 2436 1486 2491 alienum
1518 2435 1641 2490 loco
1675 2446 1760 2491 est
1800 2454 1815 2501 ;
1854 2450 1978 2490 nam

404 2532 583 2583 ethoc
615 2532 813 2583 ἄτοπον
845 2529 1048 2583 dicitur
1080 2547 1094 2595 ;
1124 2528 1288 2583 sicuti
1324 2530 1487 2584 etiam
1533 2544 1640 2583 non
1676 2530 1979 2600 provisum,

404 2636 504 2676 ceu
554 2620 753 2686 dequo
783 2619 1054 2689 suspicari
1112 2636 1219 2673 non
1251 2620 1449 2674 licuit:
1496 2628 1609 2675 tum
1647 2637 1776 2674 vero
1839 2621 1983 2676 valet

406 2715 569 2767 etiam
612 2712 979 2783 peregrinum,
1003 2713 1308 2782 in0pinum,
1339 2715 1536 2767 mirum
1568 2727 1621 2768 et
1654 2715 1849 2770 rationi
1874 2729 1983 2769 non

406 2816 859 2860 consentaneum.
916 2805 1143 2876 Insuper
1198 2804 1501 2878 ἀρνύμενον
1549 2807 1618 2861 de
1674 2816 1985 2875 permutato

407 2899 609 2953 dicitur
660 2911 712 2952 et
750 2899 816 2953 de
873 2900 1183 2970 acquisiui:
1242 2900 1345 2955 sub
1425 2900 1613 2954 eadem
1666 2915 1797 2955 vero
1853 2914 1988 2954 voce

2077 2164 2172 2217 καὶ
2216 2163 2276 2216 τὸ
2307 2164 2524 2228 ἄτοπον,
2555 2164 2616 2216 οὑ
2652 2162 2813 2232 μόνον
2855 2163 2950 2216 τοῦ
2981 2164 3152 2217 κακοῦ
3196 2164 3291 2216 καὶ
3321 2165 3412 2217 τοῦ
3451 2164 3662 2234 μοχθη-

2082 2256 2174 2327 ροῦ
2204 2256 2694 2328 κατηγορούμενον,
2741 2257 2878 2309 ἀλλά
2922 2257 3017 2311 καὶ
3052 2256 3194 2310 κατὰ
3232 2255 3326 2309 τοῦ
3362 2256 3435 2326 μὴ
3492 2256 3666 2310 τόπον

2079 2350 2314 2420 ἔχοντος·
2349 2349 2549 2403 ἄτοπον
2586 2348 2695 2420 γὰρ
2736 2349 2957 2401 κάκεῖνο
2984 2349 3236 2415 λέγουσιν
3266 2366 3279 2379 ·
3329 2348 3520 2418 ὥσπερ
3566 2348 3668 2401 καὶ

2080 2442 2142 2495 τὸ
2175 2441 2562 2511 ἀνυπονόητον,
2615 2435 2728 2493 οἷον
2771 2439 2797 2492 ὃ
2848 2440 2923 2510 μὴ
2957 2439 3073 2493 ἔστι
3114 2440 3383 2493 τοπάσαι·
3428 2440 3544 2493 ἀλλ’
3581 2441 3667 2494 ἔτι

2083 2533 2328 2605 περιέχει
2372 2533 2555 2586 καὶτὸ
2585 2532 2757 2599 ξένον,
2798 2534 2894 2585 καὶ
2939 2531 3266 2602 παράδοξον,
3313 2532 3406 2585 καὶ
3445 2532 3665 2601 θαυμά-

2086 2644 2220 2692 σιον,
2247 2626 2339 2681 καί
2372 2644 2436 2695 γε
2466 2626 2561 2681 καὶ
2593 2626 2653 2680 τὸ
2683 2626 3013 2697 παράλογον.
3059 2625 3181 2679 Ἐπὶ
3211 2625 3427 2688 τούτοις
3469 2625 3568 2679 καὶ
3604 2624 3672 2678 τὸ

2085 2719 2385 2791 ἁρνύμενον
2415 2718 2554 2789 πρός
2591 2735 2651 2772 τε
2687 2717 2749 2771 τὸ
2780 2716 3285 2788 καταλλαττόμενον
3326 2718 3667 2777 ἀποδίδοται.

2087 2814 2182 2868 καὶ
2230 2812 2290 2868 τὸ
2337 2808 2811 2883 περιποιούμενον·
2859 2809 3317 2881 περιλαμϐάνοιτο
3366 2809 3411 2863 δ’
3444 2807 3513 2862 ἂν
3561 2808 3674 2861 ὑπὸ

2087 2908 2186 2974 τῆς
2216 2904 2386 2973 αὐτῆς
2416 2902 2600 2973 φωνῆς
2630 2902 2726 2955 κα)⁹
2753 2903 2782 2955 ὁ
2809 2901 3095 2970 φυλάττων
3139 2900 3276 2972 (55).
3328 2899 3462 2954 Οὑδέ
3491 2899 3553 2952 τὸ
3582 2900 3672 2952 ἀεὶ

410 2991 735 3046 concludere
812 2990 938 3045 licet.
998 2992 1164 3047 etiam
1252 2989 1563 3059 φυλάττων.
1629 2990 1735 3046 Sed
1806 3004 1982 3059 neque

2091 2997 2148 3051 δὲ
2185 2994 2617 3065 περιπτύσσεται
2649 2993 2712 3047 τὸ
2740 2993 3061 3064 ἀμέριστον,
3107 2992 3248 3046 ἀλλὰ
3276 2993 3370 3046 καὶ
3405 2993 3487 3054 είς
3510 2993 3674 3045 ἐναν-

411 3084 497 3138 del.
519 3098 628 3137 non
659 3082 773 3137 vult
803 3080 975 3137 dividi
1003 3099 1019 3149 ;
1056 3082 1186 3153 quin
1244 3084 1354 3137 imo
1385 3082 1438 3136 in
1494 3082 1802 3137 contrarias
1834 3082 1985 3136 scin-

2092 3088 2215 3152 τίας
2248 3085 2605 3157 ἀποσχίζεται
2637 3085 2879 3156 μερίδας·
2912 3084 3166 3155 σημαίνει
3192 3085 3291 3154 μὲν
3321 3083 3431 3153 γάρ
3467 3084 3528 3137 τὸ
3554 3083 3677 3137 δια-

413 3177 561 3229 tlitur
589 3184 796 3244 partes,
819 3173 959 3228 valet
993 3173 1161 3233 enim.
1190 3174 1335 3244 quod
1367 3188 1558 3228 onmes
1602 3172 1809 3238 sciunt,
1843 3186 1988 3227 sem-

2090 3179 2311 3244 παντὸς,
2329 3178 2468 3233 ὅκα).
2496 3178 2698 3241 πάντες
2730 3178 2879 3232 ἴσασι
2904 3193 2919 3208 ο
2949 3175 3204 3246 σημαίνει
3221 3176 3278 3230 δὲ
3308 3177 3401 3229 καὶ
3433 3175 3494 3229 τὺ
3522 3177 3677 3229 ἀντι·

414 3282 554 3337 per:
583 3275 637 3320 et
668 3276 847 3321 tamen
874 3264 1209 3321 contrarium
1250 3280 1469 3335 quoque
1520 3264 1766 3330 denotat,
1801 3262 1857 3317 id
1905 3271 1989 3318 est

2090 3274 2364 3342 κείμενον,
2397 3266 2508 3323 οἷον
2544 3269 2606 3321 τὸ
2653 3269 2758 3331 ἕως
2789 3268 2968 3333 τινὸς,
3006 3269 3102 3322 καὶ
3134 3268 3295 3339 μέχρι
3351 3270 3518 3330 τινός.
3565 3267 3681 3320 Καὶ

416 3372 591 3427 usque
625 3358 688 3411 ad
717 3364 925 3412 certum
964 3366 1180 3427 tempus
1218 3366 1271 3410 et
1313 3356 1712 3426 quadantenus.
1761 3355 1899 3409 Tum
1938 3365 1989 3409 et

2093 3362 2223 3416 αὑτὸ
2256 3361 2312 3414 δέ
2341 3376 2405 3429 γε
2434 3360 2496 3412 τὸ
2525 3358 2651 3424 ἓως,
2689 3358 2819 3410 ποτὲ
2848 3358 2949 3427 μὲν
2977 3356 3283 3429 ὡρισμένον
3304 3357 3496 3427 χρόνον
3524 3373 3680 3425 περι-

418 3453 523 3515 Em;
547 3449 874 3521 quandoque
923 3450 1204 3504 deﬁnitum
1256 3457 1472 3517 tempus
1535 3448 1988 3513 circumscribit;

2095 3453 2317 3522 γράφει,
2363 3450 2494 3505 ποτὲ
2533 3450 2590 3504 δὲ
2618 3448 2716 3521 τὴν
2745 3449 3097 3519 περιγραφὴν
3129 3447 3570 3519 ἁπαρνούμενον,
3614 3448 3683 3516 ἐᾷ.

420 3544 751 3615 quandoque
800 3542 1064 3598 terminos
1109 3541 1448 3611 indignatus,
1497 3540 1626 3594 sinit
1673 3547 1890 3608 tempus
1939 3538 1989 3592 in

2094 3545 2183 3597 τὸν
2218 3543 2405 3615 χρόνον
2436 3543 2573 3614 πρὸς
2597 3542 2658 3595 τὸ
2673 3540 2922 3613 ἀόριστον
2960 3539 3401 3611 παρατείνεσθαι.
3426 3539 3535 3591 Καὶ
3569 3537 3680 3608 μὴν

422 3637 694 3692 inﬁnitum
742 3636 982 3691 extendi.
1036 3633 1255 3688 Manant
1287 3649 1354 3689 ex
1387 3633 1649 3705 ἄντικρυς
1710 3633 1989 3693 continuo,

2099 3636 2193 3689 καὶ
2230 3634 2291 3687 τὸ
2314 3634 2571 3705 ἄντικρυς
2597 3631 2905 3701 ἀποφύεται
2934 3632 3056 3706 τότε
3083 3631 3407 3700 διαμπερὲς,
3444 3630 3543 3682 καὶ⁹
3590 3631 3683 3680 ati-

420 3729 694 3790 direcum,
729 3736 875 3781 recta
903 3725 1011 3789 via,
1055 3725 1255 3790 valide,
1287 3726 1584 3795 sapienter.
1626 3735 1812 3794 aperte
1842 3741 1854 3777 :
1900 3737 1989 3776 nec

2101 3728 2186 3793 θὺ,
2222 3727 2317 3780 καὶ
2346 3726 2432 3779 ἐπ’
2460 3724 2699 3791 εὐθείας,
2731 3726 2824 3777 καὶ
2851 3726 2912 3777 τὸ
2937 3723 3194 3795 ἰσχυρῶς,
3227 3722 3322 3775 καὶ
3349 3722 3549 3789 σοφῶς,
3580 3722 3684 3775 καὶ

426 3837 531 3877 nou
568 3817 890 3888 simpliciter
927 3827 980 3871 et
1002 3827 1270 3872 accurate.
1306 3815 1461 3882 Quod
1491 3815 1534 3870 si
1582 3825 1882 3869 extremam
1914 3828 1989 3867 re-

2099 3820 2161 3873 τὸ
2198 3819 2333 3882 ἰθύς·
2369 3817 2504 3871 ἀλλά
2538 3816 2633 3869 καὶ
2676 3815 2737 3867 τὸ
2768 3815 2954 3878 ἁπλῶς
2989 3816 3086 3868 καὶ
3116 3808 3381 3885 ἀκριϐῶς.
3417 3815 3477 3866 Εἰ
3524 3814 3583 3867 δὲ
3624 3814 3686 3866 τὸ

422 3914 570 3985 jiciat
604 3927 922 3972 consenam,
951 3920 1114 3981 atque
1134 3923 1397 3964 accentus
1425 3910 1493 3962 ab
1526 3908 1685 3961 initio
1735 3909 1800 3961 ad
1839 3908 1989 3960 linem

2101 3913 2408 3965 τελευταῖον
2441 3907 2736 3963 ἀποϐάλλει
2772 3906 3083 3975 σύμφωνον,
3127 3905 3228 3972 τῆς
3258 3905 3432 3973 ἀρχῆς
3460 3904 3553 3956 τὸν
3595 3904 3688 3956 τόο

428 4006 733 4074 trajiciatur
767 4004 1061 4074 (ἀντικρὺ),
1093 4010 1205 4056 tum
1229 4018 1294 4056 ex
1320 4016 1377 4055 se
1408 3999 1578 4069 gignit
1634 4014 1664 4050 e
1694 3998 1915 4066 regione
1950 4006 1989 4049 el

2105 4023 2194 4058 νον
2236 4004 2328 4059 τοῦ
2361 4003 2551 4066 τέλους
2588 3999 3081 4070 ἀναλαμϐάνοντος,
3127 3995 3224 4050 καὶ
3270 3996 3330 4049 τὸ
3373 3996 3687 4056 κατέναντι,

428 4114 495 4151 ex
524 4096 771 4150 adverso.
808 4094 978 4149 Viden
1009 4095 1169 4148 etiam
1200 4091 1523 4147 vocabulum
1551 4088 1705 4161 ἄραἸ
1745 4103 1852 4141 non
1873 4087 1989 4141 illut

2107 4099 2200 4151 καὶ
2228 4096 2533 4163 ἐξεναντίας
2564 4092 2980 4146 ἀναϐλαστάνει.
3033 4090 3149 4158 Οὑχ
3202 4089 3335 4159 ὁρᾷς
3382 4087 3441 4140 δὲ
3487 4088 3587 4141 καὶ
3630 4088 3691 4138 τὸ

429 4187 517 4241 aio
545 4188 689 4256 quod
715 4197 999 4241 accentum
1029 4184 1284 4239 distrahit
1349 4193 1515 4253 atque
1559 4181 1613 4235 in
1642 4181 1780 4235 duas
1815 4190 1989 4233 exten-

2108 4190 2248 4259 άρα;
2298 4188 2358 4239 οὑ
2395 4186 2538 4253 λέγω
2565 4184 2622 4236 δὲ
2649 4183 2677 4235 ὃ
2702 4183 2853 4234 τόνον
2878 4197 2937 4232 τε
2967 4179 3268 4247 διατέμνει,
3319 4179 3415 4230 καὶ
3463 4178 3545 4240 εἰς
3596 4177 3689 4230 δύο

429 4281 511 4334 dit
541 4288 743 4349 partes,
774 4293 963 4332 verum
1029 4276 1078 4330 id
1133 4274 1276 4346 ψιυᾱ
1308 4275 1497 4329 eadem
1530 4272 1788 4345 prosodia
1842 4271 2003 4324 meti-

2114 4281 2257 4349 μέρη
2284 4276 2651 4346 περιίστησιν,
2678 4274 2805 4326 ἀλλ’
2829 4271 2858 4324 ὃ
2881 4271 3021 4324 κατά
3049 4268 3147 4339 τὴν
3179 4269 3349 4338 αὑτὴν
3377 4268 3687 4338 προσῳδίαν

432 4339 578 4436 mur,
605 4382 657 4425 et
684 4370 828 4440 quod
866 4386 893 4422 a
936 4369 1237 4423 dubitativa
1262 4367 1637 4438 distinguitur.
1682 4364 1792 4419 Hoc
1823 4364 1989 4432 itaqut

2113 4339 2457 4443 ρυθμίζεται,
2500 4339 2594 4418 καὶ
2633 4363 2770 4434 πρὸς
2809 4361 2869 4415 τὸ
2911 4359 3342 4431 διαπορούμενον
3378 4358 3689 4411 διαστέλλει⁶

433 4466 702 4537 signiﬁcat
761 4460 1205 4530 conjunctionem
1258 4458 1697 4530 syllogisticam:
1753 4457 2009 4525 exprimit

431 4557 596 4612 etiam
637 4553 1001 4608 intensionem
1043 4550 1335 4619 quamdam
1363 4548 1687 4618 expletivam
1724 4563 1738 4599 :
1773 4546 2008 4600 sumitur

433 4645 663 4715 denique
695 4648 812 4698 loco
845 4641 1100 4696 dictionis
1128 4650 1187 4694 ut
1221 4640 1458 4703 videtur,
1490 4650 1548 4693 ut
1582 4649 1824 4709 apparet.
1866 4638 2011 4695 Con-

435 4739 612 4792 sidera
647 4737 811 4791 etiam
844 4733 1085 4804 ἁτεχνῶς
1115 4730 1530 4789 circumﬂexum
1564 4741 1699 4801 quot
1733 4732 1785 4785 in
1818 4747 2012 4787 sensus

436 4826 832 4885 subdividatur.
862 4825 1143 4897 Signiﬁcat
1166 4825 1314 4879 enim
1348 4839 1490 4889 vere,
1523 4823 1863 4891 simpliciter,
1890 4840 2015 4894 per-

437 4922 598 4989 fecte,
612 4920 854 4987 sincere;
876 4923 985 4975 imo
1002 4929 1056 4974 et
1071 4920 1242 4974 valide
1256 4928 1309 4973 et
1335 4919 1579 4971 omnino.
1600 4917 1773 4970 Ἀττα
1798 4932 2014 4987 quoque

438 5019 586 5071 \arie
611 5016 938 5085 explicatum
965 5016 1206 5069 invenies
1239 5031 1253 5068 :
1279 5012 1440 5068 modo
1466 5014 1611 5067 enim
1638 5014 1895 5069 scribitur
1914 5030 2012 5083 pro

438 5123 578 5177 qum,
614 5108 775 5163 modo
821 5123 920 5179 pro
963 5122 1084 5175 quae
1109 5106 1366 5175 quidem:
1398 5107 1556 5160 modo
1596 5108 1759 5161 etiam
1792 5123 1891 5177 pro
1918 5109 2015 5163 ali-

437 5200 679 5270 quando,
696 5209 860 5270 atque
876 5201 929 5253 in
949 5198 1154 5254 similes
1174 5199 1285 5252 abit
1301 5198 1655 5267 signiﬁcatus.
1672 5199 1873 5255 Praater
1888 5201 2017 5258 hac—

440 5302 600 5348 tenus
624 5292 787 5358 dicta,
816 5293 918 5347 hoc
942 5305 1162 5362 quoque
1196 5289 1536 5345 notissimum
1570 5291 1892 5348 vocabulum
1930 5310 2018 5347 σο-

2109 4480 2219 4516 ται·
2258 4458 2513 4529 σημαίνει
2547 4455 2646 4526 μὲν
2679 4454 2974 4520 σύνδεσμον
2998 4453 3092 4506 τὸν
3127 4451 3562 4519 συλλογιστικόν·
3597 4468 3693 4520 ση-

2115 4553 2296 4626 μαίνει
2324 4550 2493 4605 δὲκαὶ
2514 4550 2605 4601 τὸν
2623 4546 2688 4618 δὴ
2709 4546 2858 4599 τόνον
2886 4544 3489 4616 παραπληρωματικόν·
3506 4560 3695 4614 ,παρα-

2111 4644 2449 4715 λαμϐάνεται
2480 4640 2537 4693 δὲ
2566 4640 2661 4693 καὶ
2698 4638 2819 4691 ἀντὶ
2846 4637 2939 4689 τοῦ
2973 4637 3049 4700 ὡς
3080 4636 3225 4689 ἔοικε
3257 4638 3352 4689 καὶ
3393 4635 3469 4698 ὡς
3501 4638 3696 4703 φαίνε-

2113 4755 2223 4791 ται.
2253 4732 2575 4788 Ἐπισκόπει
2623 4731 2679 4783 δὲ
2725 4729 2819 4783 καὶ
2859 4728 2920 4781 τὸ
2970 4727 3214 4799 ἀτεχνῶς
3248 4727 3693 4797 περισπώμενον,
3725 4776 3731 4805 ε

2115 4833 2267 4893 ὅσαις
2313 4826 2573 4888 διανοίαις
2621 4823 3020 4893 ὑποτέμνεται·
3075 4825 3142 4893 τῇ
3188 4838 3248 4876 τε
3298 4821 3407 4891 γὰρ
3450 4821 3699 4890 σημασίᾳ

2115 4922 2211 4976 τοῦ
2241 4918 2459 4990 ἀληθῶς
2502 4917 2597 4971 καὶ
2621 4918 2687 4987 τῇ
2718 4915 2810 4969 τοῦ
2840 4914 3031 4978 ἁπλῶς
3078 4916 3173 4967 καί¹
3201 4912 3426 4975 τελείως
3455 4912 3551 4963 καὶ
3582 4911 3702 4964 ἁδό-

2117 5016 2248 5078 λως,
2269 5013 2363 5066 καὶ
2392 5012 2499 5084 μὴν
2525 5012 2619 5064 καὶ
2647 5012 2713 5081 τῇ
2742 5007 2836 5062 τοῦ
2874 5008 3093 5079 ἰσχυροῦ
3122 5006 3217 5059 καὶ
3249 5003 3532 5069 καθάπαξ,
3566 5020 3701 5072 προ-

2121 5108 2340 5179 έρχεται
2371 5102 2797 5175 πληθυνομένου.
2830 5100 3023 5169 Εὖροις
3056 5100 3099 5152 δ’
3121 5099 3188 5153 ἂν
3218 5097 3394 5150 καὶτὸ
3423 5097 3562 5150 ἆττα
3586 5095 3702 5146 δια-

2126 5202 2308 5269 φόρως
2350 5196 2743 5264 προαγόμενον·
2780 5192 2876 5244 νῦν
2914 5192 3013 5261 μὲν
3044 5189 3151 5257 γὰρ
3196 5188 3258 5240 τὸ
3285 5187 3467 5249 ἅτινα,
3510 5186 3608 5237 νῦν
3650 5185 3703 5237 δὲ

2124 5292 2185 5345 τὸ
2212 5290 2353 5344 τινά·
2387 5285 2574 5340 ἄλλοτε
2606 5283 2661 5336 δὲ
2690 5282 2750 5335 τὸ
2781 5281 2817 5335 ἃ
2844 5281 2928 5335 ἄν·
2962 5280 3056 5333 καὶ
3104 5277 3289 5331 ἄλλοτε
3320 5277 3381 5343 τὸ
3424 5274 3557 5328 ποτέ
3604 5289 3704 5346 ot;—

1959 5425 2195 5485 ΝΟΤᾹΞ.

516 5565 630 5638 (54)
667 5567 723 5622 Si
759 5566 1080 5621 vocabulum
1117 5565 1325 5637 κομψία
1348 5566 1530 5636 exiges
1555 5567 1619 5621 ad
1652 5568 1893 5638 regulam
1924 5580 2019 5624 co-

449 5638 596 5711 gnati
628 5638 858 5709 κομψὸν,
882 5640 1015 5693 satis
1046 5639 1257 5693 varium
1298 5640 1379 5694 vel
1415 5640 1591 5709 potius
1621 5641 1885 5695 incertum
1919 5640 2022 5694 hoc

2129 5567 2183 5622 in
2213 5566 2336 5617 loco
2372 5558 2739 5629 signiﬁcatum
2767 5553 3012 5612 habebis.

2204 5635 2317 5705 (55)
2350 5627 2541 5701 Odyss.
2576 5628 2619 5694 l,
2652 5627 2699 5682 5.
