3888 6186
198 234 305 299 1.53

1156 238 1257 297 AD
1295 233 1899 304 AMPHILOCHIUM
1937 232 2282 307 QUIESTIO
2314 233 2454 293 XXI

3368 230 3467 294 154

201 351 421 417 μαίνειν
447 346 741 413 ὲθέλοι,κα⁴ι
759 347 838 410 είς
868 346 1108 402 τοσαῦτα
1128 348 1615 421 καταμερίςεσοαι.
1642 349 1772 402 Ἐπὶ

1888 346 2011 417 ρός,
2040 347 2287 417 designat
2313 348 2529 416 quidem
2558 358 2684 400 eum
2718 344 2811 414 qui
2841 344 3023 413 aliqua
3054 342 3318 413 sapientia
3335 358 3465 414 plu:-

192 441 256 494 ίὶὲ
276 441 389 502 τοῖς
416 441 727 510 εἰρημένοις
757 440 852 493 καὶ
877 442 906 493 ό
924 440 1084 509 σοφὸς
1102 439 1259 494 τοῦτο
1283 440 1347 511 δὴ
1376 440 1438 494 τὸ
1464 442 1780 513 πρόχειρον,

194 531 457 602 σημαίνει
503 530 603 600 μὲν
640 530 732 584 τὸν
776 532 1149 601 μετεσχηκότα
1178 533 1369 601 σοφίας
1397 534 1539 597 τινός
1563 550 1578 564 ν
1637 533 1783 598 ίδίως

193 624 255 677 δὲ
280 623 376 676 καὶ
407 622 501 676 τὸν
532 622 778 692 λογικαῖς
804 624 1018 694 τέχναις
1046 626 1565 696 προσανακείμενονο
1590 624 1783 679 ἔπειτα

193 716 253 769 δὲ
286 715 383 769 καὶ
413 715 506 769 τὸν
535 715 751 769 συνέσει
778 716 886 769 τῶν
917 715 1091 770 ἄλλων
1120 718 1439 788 προέχοντα’
1466 719 1551 789 ἐφ’
1570 713 1652 783 οἷς
1679 720 1776 774 καὶ
1818 731 1822 737 ’

194 809 255 860 δν
295 809 494 879 ἀρεταὶ
535 808 765 878 κοσμεῖν
800 807 999 861 ίσασιν·
1033 808 1169 863 ἀλλά
1214 825 1281 877 γε
1322 810 1387 880 δὴ
1414 809 1507 863 καὶ
1534 810 1624 863 τὸν
1657 810 1780 864 ὲπιο

194 900 431 971 τήόειονο
457 899 708 971 καὶπρὸς
738 900 768 952 ὃ
789 916 843 952 τι
867 900 933 953 ἂν
957 898 1200 973 ὁρμήσῃ,
1236 900 1611 972 θεωρούμενον
1635 902 1780 955 ἕτοι-

199 1005 324 1058 μον’
358 988 418 1054 ἐξ
445 1006 507 1043 ου
542 989 633 1043 καί
660 1006 794 1058 φασι
820 988 992 1059 Σοφὸς
1032 985 1102 1061 ἦν
1130 989 1225 1045 τοῦ
1251 994 1641 1062 κακοποιῆσαι,
1686 990 1782 1044 καὶ

206 1080 373 1147 σοφὸς
414 1080 615 1150 ἀρετὴν
643 1078 943 1150 μετελθεῖν.
972 1080 1273 1151 Συνταγείη
1300 1080 1347 1134 δ’
1378 1081 1446 1135 ἂν
1476 1081 1582 1135 οὐκ
1622 1083 1779 1135 ἀπει-

196 1172 374 1234 κότως
397 1172 607 1234 τούτοις
638 1171 734 1227 καὶ
764 1171 827 1225 τὸ
877 1170 1165 1225 θεσπέσιον
1186 1188 1201 1203 ο
1231 1172 1325 1225 καὶ
1350 1172 1460 1244 γὰρ
1498 1172 1596 1227 καὶ
1621 1172 1782 1226 τοῦτο

202 1262 464 1333 σημαίνει
510 1262 609 1331 μὲν
654 1263 716 1316 τὸ
764 1261 908 1317 θεῖον
932 1280 948 1296 ο
988 1263 1243 1335 σημαίνει
1280 1265 1338 1319 δὲ
1366 1265 1462 1318 καὶ
1495 1265 1557 1318 τὸ
1582 1266 1779 1336 πρᾶον,

196 1354 340 1408 ἀλλὰ
367 1354 465 1409 καὶ
492 1355 552 1408 τὸ
582 1354 887 1426 Θαυμάσιον
924 1359 1031 1419 καὶ,
1064 1357 1125 1410 τὸ
1156 1357 1314 1413 πολύ.
1348 1359 1461 1413 Kai.
1488 1357 1549 1411 τὸ
1578 1358 1777 1428 κομιδῇ

202 1449 263 1501 δὲ
290 1449 373 1512 εἷς
397 1465 456 1501 τε
488 1448 549 1501 τὸ
576 1447 698 1501 λίαν
725 1448 1013 1518 διαιρεῖται
1045 1448 1143 1501 καὶ
1172 1450 1253 1512 είς
1280 1448 1343 1502 τὸ
1382 1448 1661 1511 παντελῶς
1687 1448 1782 1500 καὶ

202 1540 515 1612 εἰλικρινῶς
540 1557 599 1592 τε
629 1539 694 1611 δὴ
726 1540 820 1593 καὶ
844 1540 1091 1604 τελείως.
1123 1541 1287 1596 Ἀλλά
1310 1541 1405 1596 καὶ
1432 1540 1492 1595 τὸ
1513 1540 1651 1605 τέως
1672 1541 1780 1594 δια-

209 1634 416 1704 φόρους
442 1633 678 1696 διανοίας
710 1633 985 1705 περιέχει’
1014 1634 1109 1689 καὶ
1133 1633 1241 1705 γὰρ
1265 1633 1518 1687 τάττεται
1549 1633 1653 1703 μὲν
1683 1634 1778 1686 καὶ

1884 438 2034 492 ditus
2055 446 2140 491 est
2162 454 2175 491 :
2211 437 2556 506 peculiariter
2578 445 2756 490 tamen
2778 438 2866 505 qui
2886 434 3073 504 logicis
3091 436 3355 490 doctrinis
3376 438 3468 492 dat

1882 544 2140 599 operam:
2203 529 2330 583 item
2386 528 2478 599 qui
2532 528 2819 598 prudentia
2870 527 3084 584 caeteris
3148 529 3467 584 antecellit:

1882 623 2013 680 item
2063 623 2359 677 virtutibus
2404 629 2725 676 exornatum
2763 639 2778 675 :
2831 623 2960 677 item
2993 622 3162 678 rebus
3206 623 3465 692 gerendis

1889 716 2172 782 idoneum,
2191 725 2243 770 et
2273 716 2365 785 qui
2385 715 2450 769 ad
2479 715 2928 785 consequendum
2962 714 3301 787 propositum
3329 716 3467 771 bene

1882 806 2188 862 instructus
2222 806 2477 861 videtur:
2511 807 2655 861 unde
2690 816 2745 861 et
2795 807 2930 862 illud
2983 808 3234 872 effatum,
3275 807 3467 862 Sciens

1880 905 1998 952 erat
2031 906 2086 952 et
2114 897 2257 953 male
2286 897 2542 963 faciendi,
2568 909 2623 953 et
2664 912 2818 967 teque
2844 899 3099 952 virtutem
3144 899 3457 953 exercendi.

1880 987 2018 1043 Cum
2050 988 2139 1045 his
2164 1003 2275 1043 non
2315 988 2554 1045 absurde
2571 989 2992 1044 coacervabitur
3042 988 3205 1043 etiam
3264 987 3464 1041 Θεσπέ-

1883 1096 2019 1147 σιον,
2053 1082 2199 1151 quod
2221 1081 2532 1153 explicatur
2552 1081 2821 1149 divinum,
2852 1082 3091 1151 itemque
3110 1082 3237 1137 mite
3277 1090 3332 1136 et
3355 1082 3463 1135 mi-

1880 1171 2097 1228 riﬁcum
2130 1184 2185 1229 et
2213 1175 2519 1245 c0piosum.
2570 1172 2689 1229 Jam
2748 1185 2803 1231 et
2835 1176 3034 1246 κομιδῇ
3094 1174 3357 1230 dividitur
3408 1174 3463 1228 in

1881 1266 2058 1331 valde,
2087 1276 2142 1320 et
2186 1282 2436 1336 prorsus,
2482 1275 2535 1322 et
2566 1266 2877 1333 manifeste,
2928 1277 2983 1322 et
3031 1268 3355 1332 universim,
3409 1275 3467 1321 ct

1879 1356 2141 1427 perfecte.
2181 1358 2333 1420 Τέως
2361 1373 2581 1428 quoque
2610 1358 2919 1428 complures
2943 1359 3281 1428 signiﬁcatus
3312 1374 3467 1414 com-

1884 1448 2174 1518 plectitur:
2224 1465 2348 1503 nam
2391 1450 2610 1519 ponitur
2647 1465 2745 1519 pro
2777 1451 3018 1516 interim,
3052 1460 3106 1504 et
3140 1466 3237 1520 pro
3283 1451 3459 1520 prius.

1878 1550 1933 1596 et
1958 1557 2056 1611 pro
2098 1557 2269 1611 usque
2290 1542 2443 1605 dum,
2463 1548 2518 1595 et
2541 1557 2639 1611 pro
2664 1541 2715 1595 in
2740 1552 2971 1596 tantum.
3010 1542 3184 1610 Atque
3210 1541 3465 1612 ἀλάστωρ

1884 1632 2157 1703 signiﬁcat
2193 1634 2416 1703 quidem
2449 1632 2773 1703 simpliciter
2797 1633 3140 1700 maleﬁcum;
3176 1634 3267 1688 sed
3282 1642 3461 1686 tamen

202 1727 300 1779 ἐπὶ
338 1724 432 1778 τοῦ
482 1724 619 1787 τέως
642 1740 657 1753 ·
686 1724 946 1778 τάττεται
974 1723 1030 1777 δὲ
1064 1724 1160 1778 καὶ
1186 1724 1279 1777 ἐπὶ
1306 1723 1399 1776 τοῦ
1428 1723 1558 1794 πρίν
1587 1740 1602 1754 ο
1636 1722 1776 1778 ἀλλὰ

1888 1723 2157 1793 signiﬁcat
2216 1725 2380 1779 etiam
2441 1725 2536 1794 qui
2570 1741 2736 1779 manu
2784 1726 3004 1794 prapria
3045 1728 3246 1780 caedem
3292 1723 3461 1778 facit:

201 1816 300 1868 καὶ
325 1814 421 1867 ἐπὶ
445 1812 540 1867 τοῦ
561 1813 666 1877 ἕως
691 1813 853 1877 τινός·
881 1813 1033 1885 δηλοί
1062 1814 1120 1868 δὲ
1143 1813 1239 1867 καί
1274 1813 1335 1865 τὸ
1363 1812 1460 1866 ἐπὶ
1498 1810 1774 1867 τοσοῦτον.

202 1907 316 1961 Καὶ
343 1908 372 1959 ὁ
403 1904 657 1977 ἀλάστωρ
683 1904 743 1959 δὲ
782 1904 1036 1976 σημαίνει
1070 1907 1168 1976 μὲν
1198 1904 1385 1968 ἁπλῶς
1419 1905 1511 1958 τὸν
1542 1903 1781 1976 κακοῦρ-

201 2016 299 2067 γον
324 2013 337 2026 ·
377 1996 634 2068 σημαίνει
675 1996 733 2051 δὲ
761 1997 857 2050 καὶ
884 1996 978 2050 τὸν
1020 1995 1337 2068 αὐτοχειρίᾳ
1378 1995 1537 2065 φόνον
1590 1997 1782 2066 εἰργα-

204 2090 421 2160 σμένον·
443 2088 583 2143 and
606 2106 671 2159 γε
706 2089 770 2160 δὴ
804 2089 898 2143 καὶ
922 2088 1013 2143 τὸν
1043 2088 1329 2154 ἐπεξιόντα
1345 2089 1570 2152 τούτους
1609 2088 1684 2152 ὡς
1714 2087 1783 2142 τὰ

208 2183 422 2237 ἄλαστα
447 2182 894 2247 ὲπισκοποῦντος,
940 2182 1191 2244 καὶτοὺς
1231 2181 1624 2251 εἰργασμένους
1664 2180 1781 2233 είσ-

207 2274 522 2343 πράττοντα
547 2274 721 2336 δίκαςο
746 2272 896 2326 ἔνθεν
921 2271 1049 2343 παρ’
1080 2272 1263 2336 αὐτοῖς
1288 2272 1383 2325 καὶ
1413 2273 1441 2325 ὁ
1472 2271 1607 2333 Ζεὺς
1648 2271 1784 2327 άὶά-

206 2382 376 2436 στωρ.
419 2364 616 2436 Εὖροις
641 2364 698 2416 δ’
728 2363 796 2417 ἂν
835 2363 930 2417 καὶ
961 2364 1021 2417 τὸ
1054 2363 1191 2417 πῦον
1224 2364 1303 2426 είς
1342 2363 1502 2417 πέντε
1526 2363 1772 2435 διαιρού-

207 2473 370 2525 μενον
416 2456 813 2527 σημαινόμενα’
865 2455 946 2520 είς
988 2473 1051 2510 τε
1095 2456 1194 2519 τὰς
1227 2455 1332 2527 πρὸ
1374 2454 1469 2508 τοῦ
1505 2455 1782 2525 γάλακτος

202 2546 427 2616 ῥανίδας
458 2546 567 2598 τῶν
601 2544 780 2617 θηλῶν
808 2545 1243 2617 άποθλιϐομένας
1265 2559 1278 2575 ·
1327 2547 1421 2599 καὶ
1454 2548 1535 2611 είς
1565 2546 1697 2601 αὐτὸ
1723 2546 1784 2599 τδ

202 2637 348 2705 γάλα
370 2654 383 2667 ·
414 2639 510 2691 καὶ
546 2638 652 2709 μὴν
687 2637 787 2691 καὶ
814 2638 893 2701 είς
927 2639 988 2691 τὸ
1020 2637 1428 2710 μεταϐεϐληκὸς
1476 2631 1618 2707 αἷμα
1690 2636 1786 2689 καὶ

202 2729 272 2800 δὴ
305 2730 402 2783 καὶ
447 2730 527 2793 είς
570 2731 634 2782 τὸ
674 2728 1022 2798 γαλακτῶδες
1071 2728 1257 2800 ὑγρὸν,
1294 2729 1429 2800 ὅπερ
1475 2728 1570 2782 καὶ
1625 2727 1786 2801 όρρδν

208 2821 464 2877 καλοῦσι*
501 2822 645 2885 τινὲς
676 2822 733 2875 δὲ
760 2821 896 2875 πῦον
933 2821 1156 2876 καλοῦσι
1195 2821 1291 2875 καὶ
1318 2821 1380 2874 τὸ
1408 2820 1526 2874 νέον
1560 2820 1637 2890 τῷ
1660 2820 1785 2891 χθε-

206 2914 343 2987 om;
389 2913 692 2985 συνεψηθὲν
740 2914 905 2983 γάλα.
946 2909 1067 2967 Οἶδε
1107 2913 1165 2967 δὲ
1196 2912 1294 2966 καὶ⁹
1322 2912 1383 2965 τὸ
1415 2907 1529 2965 εἶεν
1555 2911 1787 2983 διάφορα

1884 1814 2111 1885 insuper
2161 1826 2215 1871 et
2251 1832 2376 1870 eum
2426 1816 2520 1885 qui
2581 1816 2900 1886 bujusmodi
2956 1816 3221 1871 scelestos
3274 1832 3457 1885 persc-

1883 1908 2092 1977 quitur,
2128 1923 2324 1972 nempe
2376 1909 2469 1978 qui
2514 1909 2569 1962 in
2607 1910 2871 1963 maleﬁcia
2903 1909 3312 1971 animadvertit,
3348 1925 3466 1978 pa:-

1885 2015 2094 2069 nasqne
2134 2015 2163 2053 a
2198 2001 2303 2055 reis
2360 2000 2642 2070 reposcit:
2700 2000 2844 2054 unde
2900 2001 3065 2055 etiam
3120 2000 3332 2070 Jupiter
3395 2001 3465 2055 ab

1884 2092 2117 2146 ethnicis
2149 2093 2327 2145 dictus
2372 2092 2649 2164 ἀλάστωρ.
2700 2091 2842 2144 Πῦον
2896 2106 3116 2162 quoque
3173 2092 3374 2147 senties
3409 2092 3464 2146 in

1883 2186 2125 2254 quinque
2156 2183 2491 2254 significatus
2526 2183 2717 2237 abire:
2754 2199 2948 2253 nempe
2999 2183 3466 2253 significatstillas

1884 2273 2206 2343 papillarum
2254 2283 2381 2328 ante
2421 2275 2503 2327 lac
2538 2288 2845 2343 expressas,
2896 2275 2978 2329 lac
3009 2275 3213 2342 ipsum,
3273 2286 3385 2328 tum
3412 2284 3469 2330 ct

1884 2365 2205 2435 sanguinem
2255 2375 2599 2435 corruptum,
2654 2374 2769 2420 tum
2826 2366 3065 2436 denique
3129 2361 3464 2422 subviridem

1886 2457 2169 2511 humorem
2223 2458 2456 2513 lacteum
2515 2459 2662 2529 quod
2708 2474 2887 2513 serum
2910 2470 3127 2515 vocant.
3181 2460 3295 2515 fmo
3323 2476 3465 2515 non-

1887 2548 2021 2603 nulli
2054 2549 2194 2602 πῦον
2226 2549 2502 2620 appellant
2538 2565 2739 2605 novum
2772 2551 2858 2606 lac
2895 2566 3017 2607 cum
3052 2554 3305 2607 hesterno
3332 2567 3467 2607 cour-

1886 2650 2129 2696 coctum.
2159 2642 2395 2697 Verbum
2449 2656 2669 2712 quoque
2718 2640 2826 2696 εἷεν
2872 2644 3089 2698 diversa
3144 2645 3460 2715 signiﬁcare

1889 2732 2027 2786 solet
2061 2750 2076 2787 :
2106 2748 2232 2787 nam
2263 2743 2317 2787 et
2350 2733 2571 2789 initium
2599 2735 2867 2789 orationis
2886 2744 3008 2804 est;
3040 2744 3095 2791 et
3133 2737 3200 2791 ad
3233 2751 3469 2792 conces-

1889 2822 2101 2877 sionem
2158 2838 2605 2895 consensumque
2654 2826 2971 2881 adhibetur.
3029 2825 3286 2882 Nonnulli
3336 2843 3469 2881 vero

1890 2922 2185 2985 utrumque
2231 2915 2621 2986 amplectentes
2672 2918 3001 2988 praedictum
3072 2920 3466 2989 significatum,

205 3006 493 3078 σημαίνειν
517 3020 532 3035 ·
575 3005 671 3059 καὶ
717 3004 826 3085 γὰρ
868 3002 1358 3076 παραλαμϐάνεται
1401 3002 1503 3072 μὲν
1534 3002 1609 3066 ὡς
1640 3002 1784 3072 ἁρχὴ

1893 3023 2023 3063 voce
2050 3010 2151 3063 hac
2176 3020 2231 3064 et
2270 3009 2717 3078 approbationem
2749 3020 2876 3065 ante
2926 3012 3192 3067 dictorum
3246 3014 3299 3068 in
3348 3031 3469 3069 ser-

204 3098 371 3167 λόγου
398 3115 411 3128 ο
447 3096 935 3169 παραλαμϐάνεται
967 3095 1023 3148 δὲ
1049 3094 1146 3148 καὶ
1188 3093 1280 3148 ἐπὶ
1322 3091 1698 3155 κατανεύσεώς
1730 3108 1784 3144 τε

1893 3115 2057 3156 Itone
2097 3100 2463 3155 demonstrari
2510 3102 2697 3166 aiunt,
2732 3110 2786 3156 et
2841 3103 3054 3158 initium
3098 3120 3222 3158 mox
3283 3106 3472 3162 dicen-

206 3189 308 3243 καὶ
341 3187 793 3257 συγκαταθέσεως
816 3201 832 3216 ο
871 3186 922 3239 οἱ
945 3185 1003 3241 δὲ
1032 3183 1501 3254 συλλαμϐάνοντες
1526 3180 1693 3252 ἄμφω
1720 3179 1784 3233 τά

1893 3194 2107 3245 dorum.
2156 3192 2396 3247 Utuntur
2444 3192 2550 3248 hac
2603 3208 2737 3249 voce
2784 3194 2948 3248 etiam
3005 3211 3104 3264 pro
3152 3213 3252 3267 age
3309 3215 3466 3254 vero.

206 3283 480 3352 εἰρημένα
537 3277 937 3351 συγκατάθεσιν
985 3294 1047 3330 τε
1093 3274 1290 3348 δηλοῦν
1335 3274 1468 3329 αὐτὸ
1506 3271 1789 3344 βούλονται

204 3375 319 3427 τῶν
347 3375 406 3426 ὲν
434 3372 513 3444 τῷ
542 3372 686 3443 λόγῳ
712 3368 1148 3442 προειρημένων,
1183 3369 1278 3424 καὶ
1305 3366 1480 3440 ἀρχὴν
1507 3365 1620 3421 τῶν
1658 3367 1787 3437 μελ-

205 3464 412 3518 λόντων
443 3464 717 3535 εἰρῆσθαι·
746 3462 885 3517 ἀλλὰ
914 3460 1008 3515 καὶ
1036 3462 1157 3516 ἀντὶ
1182 3460 1282 3514 τοῦ
1311 3460 1412 3529 ἄγε
1442 3460 1507 3533 δὴ
1539 3462 1607 3532 τῇ
1636 3461 1786 3531 φωνῇ

207 3558 529 3629 κέχρηνται·
576 3559 688 3620 τοῖς
733 3556 792 3609 δὲ
841 3553 1327 3626 παραλαμϐάνεται
1374 3555 1471 3608 xai.
1518 3553 1659 3609 κατὰ
1693 3552 1786 3605 τοῦ

206 3648 386 3699 ὲπαῖω
413 3648 505 3699 καὶ
537 3644 783 3717 συνίημι.
814 3645 925 3699 Καὶ
954 3644 1274 3714 πολύστιχον
1301 3643 1367 3698 ἄν
1401 3660 1483 3707 τις
1511 3644 1787 3714 ἀπαρτίσῃ

206 3739 419 3811 βίϐλον,
441 3739 542 3790 οὐκ
565 3737 661 3791 ἐὰν
688 3735 855 3791 ποθὲν
877 3735 974 3801 τάς
996 3735 1342 3807 πολυσήμους
1363 3734 1545 3805 φωνὰς
1572 3733 1789 3797 ἁπάσας

206 3828 529 3901 περιλαϐεῖν
549 3828 822 3898 ὲθελήσοι,
837 3825 1076 3898 ἐργῶδές
1092 3843 1151 3880 τε
1168 3828 1274 3898 γὰρ
1286 3825 1442 3879 τοῦτο
1456 3827 1548 3881 καὶ
1564 3824 1790 3894 πλησίον

206 3923 319 3974 τῶν
345 3920 673 3989 άνεφίκτων,
701 3918 815 3973 ἀλλ’
839 3919 937 3972 ἐὰν
962 3921 1041 3982 εἰς
1066 3916 1125 3971 ἒν
1153 3919 1481 3986 συναγαγεῖν
1502 3915 1788 3987 βουληθείη

205 4016 309 4076 τὰς
344 4012 438 4064 ἐπὶ
477 4011 639 4064 πλέον
664 4011 775 4062 τῶν
809 4008 987 4064 ἄλλων
1018 4008 1294 4078 συνήθεις,
1331 4008 1426 4061 καὶ
1454 4009 1569 4069 τοῖς
1610 4006 1789 4073 λόγοις

212 4103 418 4175 μᾶλλον
451 4100 890 4166 ἐπιπολαζούσας
915 4116 930 4132 ·
981 4095 1075 4155 οἷα
1108 4100 1175 4173 δὴ
1217 4100 1311 4153 καὶ
1352 4101 1484 4170 ἡμῖν
1536 4096 1785 4169 ἐπράχθη

206 4198 309 4265 την
331 4194 441 4247 τῶν
475 4193 775 4264 μειρακίων
800 4191 1038 4263 ἠλικίαν,
1056 4190 1130 4253 ὡς
1157 4190 1249 4244 καὶ
1273 4189 1432 4252 αὐτὸς
1449 4182 1627 4253 οἶσθα,
1646 4204 1789 4257 παρ-

208 4288 536 4342 αλλάττουσι
555 4287 692 4358 (56)·
716 4285 835 4339 νυνὶ
851 4286 907 4338 δὲ
933 4286 1028 4337 καὶ
1051 4284 1171 4337 ὅσαι
1192 4284 1459 4354 εἴρηνται,
1476 4282 1575 4353 τὴν
1596 4281 1787 4353 χρείαν

1891 3284 2122 3353 Quidam
2159 3285 2397 3355 denique
2428 3286 2706 3356 accipiunt
2738 3289 2901 3342 etiam
2941 3303 3039 3357 pro
3092 3291 3260 3343 audio
3289 3299 3343 3345 et
3369 3307 3468 3362 pro

1891 3377 2151 3446 intelligo.
2192 3376 2443 3445 Ampium
2477 3378 2747 3432 conﬁcere
2800 3378 2989 3432 liceret
3019 3379 3299 3437 volumen.
3356 3396 3466 3433 non

1889 3469 2011 3525 dico
2061 3470 2130 3524 ob
2182 3468 2584 3525 coacervandas
2645 3470 2885 3541 undique
2936 3472 3073 3524 varii
3117 3472 3470 3541 signiﬁcatus

1888 3580 2053 3620 voces
2088 3564 2237 3636 (nam
2280 3564 2332 3618 id
2353 3580 2644 3635 operosum
2680 3576 2733 3619 et
2764 3582 2931 3635 prope
2957 3567 3341 3636 impossibile),
3371 3572 3466 3623 sed

1889 3657 1936 3713 si
1968 3657 2095 3727 quis
2114 3656 2197 3711 vel
2220 3656 2534 3712 usitatiores
2560 3660 2935 3713 tantummodo
2968 3673 3268 3728 congerere
3286 3660 3470 3726 vellet,

1889 3759 1940 3804 et
1965 3764 2087 3819 quae
2115 3751 2167 3804 in
2200 3765 2506 3804 sermonem
2554 3750 2891 3820 frequentius
2924 3752 3254 3818 incurrunt;
3285 3752 3469 3820 cujus-

1891 3841 2036 3896 modi
2076 3856 2214 3911 opus
2240 3858 2267 3893 a
2300 3857 2387 3896 tne
2436 3842 2556 3908 ipso
2594 3842 2899 3897 confectum
2931 3844 3052 3907 fuit.
3088 3852 3150 3898 ut
3197 3844 3329 3909 scis,
3359 3859 3470 3914 quo

1892 3943 2133 4003 tempore
2186 3934 2432 4003 epueris
2484 3936 2839 3991 excedebam.
2906 3935 3064 3992 Nunc
3114 3946 3293 3991 tamen
3346 3953 3471 4007 qua:

1892 4024 2157 4080 hactenus
2209 4027 2346 4087 dixi,
2410 4028 2485 4081 rei
2546 4029 2821 4094 praasenti
2870 4029 3088 4083 abunde
3168 4027 3468 4083 sulliciunt.

1891 4115 2005 4170 lmo
2056 4135 2122 4171 ne
2179 4118 2365 4174 tandiu
2427 4120 2647 4189 quidem
2720 4137 3027 4177 sermonem
3083 4123 3466 4192 produxissem

1892 4212 2038 4277 (nam
2074 4211 2203 4264 mihi
2261 4212 2331 4265 ab
2389 4211 2682 4267 insolentia
2722 4215 2943 4269 cavendi
3002 4230 3125 4271 mos
3168 4226 3468 4286 perpetuus

1894 4300 2041 4369 fuit),
2078 4302 2180 4356 nisi
2207 4317 2586 4371 saepenumero
2611 4305 3118 4361 animadvertissem
3149 4309 3290 4362 circa
3327 4324 3470 4362 non-

208 4380 465 4449 αὐτάρκη
498 4376 871 4447 παρέχονται·
922 4373 1017 4428 καὶ
1060 4373 1181 4427 οὐδὲ
1221 4372 1313 4426 ἐπὶ
1345 4371 1598 4425 τοσοῦτον
1649 4372 1716 4426 ἂν
1759 4372 1784 4424 ό

1893 4394 2074 4448 nullas
2116 4395 2406 4464 ca:teroqni
2442 4395 2610 4464 probe
2659 4397 2970 4466 exploratas
3015 4414 3197 4464 voces,
3266 4401 3468 4453 multos

211 4473 347 4543 περὶ
377 4471 559 4523 αὐτῶν
589 4469 830 4541 προῆλθε
857 4468 1036 4536 λόγος·
1076 4466 1230 4536 φίλον
1262 4466 1371 4536 γὰρ
1397 4465 1483 4519 άεί
1514 4482 1607 4537 μοι
1640 4463 1786 4517 διευ-

1892 4481 2075 4537 adhuc
2111 4482 2416 4553 disputare,
2443 4485 2795 4557 studiumque
2831 4488 2898 4542 ad
2934 4502 3027 4543 eas
3058 4492 3471 4559 cognoscendas

207 4563 498 4615 λαϐεῖσθαι
522 4561 583 4614 τὸ
610 4559 993 4630 ἀπειρόκαλον·
1026 4559 1074 4610 εί
1104 4558 1181 4628 μὴ
1207 4556 1466 4619 πολλάκις
1489 4555 1620 4624 περὶ
1648 4553 1794 4617 ἐνίας
1891 4575 2164 4631 conferre,

218 4653 321 4706 τῶν
344 4650 830 4723 διευκρινηθέντων
872 4650 1068 4715 λέξεων
1094 4646 1321 4709 πολλοὺς
1349 4641 1467 4699 οἴδα
1497 4645 1791 4716 συζητοῦν-

218 4764 309 4809 τας
336 4746 430 4798 καὶ
460 4742 695 4813 σπουδὴν
724 4744 801 4804 εἰς
835 4740 1072 4812 μάθησιν
1103 4739 1541 4806 συνεισάγοντας.

287 4837 354 4908 β’.
406 4833 567 4887 Ἀλλὰ
594 4833 701 4904 γάρ
766 4830 1035 4900 τοσαύτης
1069 4826 1331 4897 ἀφθονίας
1390 4820 1793 4896 εὑρισκομένης

212 4932 323 4983 τῶν
344 4927 547 4997 πολυσή
557 4943 671 4996 μων
706 4926 765 4977 ἐν
792 4925 905 4986 τοῖς
931 4922 1039 4975 τῶν
1092 4919 1334 4990 ἀρχαίων
1391 4917 1789 4986 συντάγμασιν,

211 5017 291 5076 ῶν
322 5022 350 5075 ὁ
382 5019 493 5090 βίος
526 5017 684 5088 εῐπερ
710 5033 763 5068 τι
783 5014 910 5070 ἄλλο
937 5012 1179 5081 λογάδων
1222 5008 1419 5074 λέξεων
1445 5009 1479 5079 ἡ
1502 5008 1685 5077 σοφία,
1739 5008 1791 5059 τί

210 5115 414 5171 κωλύει
437 5114 529 5170 καὶ
563 5116 683 5176 ταῖς
713 5111 1011 5182 ἡμετέραις
1064 5105 1403 5178 ίερολογίαις,
1430 5098 1518 5166 αἷς
1545 5102 1653 5156 τῶν
1684 5119 1787 5154 σω-

208 5210 419 5280 τηρίων
441 5208 617 5279 ἔργων
645 5206 849 5269 σκοπὸς
877 5204 909 5275 ἢ
932 5202 1250 5259 διδασκαλία
1266 5200 1359 5253 καὶ
1385 5200 1418 5268 ἡ
1447 5198 1792 5267 παραίνεσις,

1965 4837 2022 4893 2.
2069 4838 2181 4908 Age
2216 4854 2341 4892 vero
2371 4854 2493 4893 cum
2527 4848 2674 4894 tanta
2707 4840 2777 4893 sit
2804 4839 3259 4910 signiﬁcationum
3293 4843 3471 4896 varia-

1895 4949 2016 4987 rum
2045 4932 2197 4999 copia
2236 4931 2287 4983 iu
2328 4931 2546 4999 scriptis
2580 4941 2815 4984 veterum
2841 4975 2854 4997 ,
2884 4948 3114 5002 quorum
3143 4934 3264 4987 vita:
3292 4937 3466 4988 curri-

1895 5024 2076 5079 Cqum
2104 5025 2155 5077 in
2187 5024 2412 5078 scientia
2447 5024 2712 5092 praecipue
2739 5025 3145 5095 deligendornm
3183 5029 3465 5081 verborum

1897 5124 2281 5183 consumptum
2340 5114 2476 5179 fuit;
2522 5116 2648 5183 quid
2704 5116 2756 5169 ni
2809 5127 3009 5172 nostra:
3056 5135 3273 5186 quoque
3327 5118 3469 5172 Scri—

1898 5216 2070 5275 ptutce
2100 5220 2306 5267 sacra),
2360 5222 2588 5275 quarum
2626 5216 2803 5261 tamen
2858 5208 2982 5263 finis
3026 5218 3108 5263 cst
3149 5209 3465 5263 salutarium

209 5305 485 5376 διαφόρων
536 5302 912 5372 ὑποκειμένων
994 5300 1282 5370 σήμαντρα
1346 5291 1784 5362 παραλαμϐάνειν

1905 5312 2132 5366 cperunt
2172 5296 2548 5366 magisterium
2578 5308 2631 5353 et
2662 5299 2886 5366 suasio,
2926 5301 3054 5369 quid
3098 5299 3185 5363 ni,
3223 5299 3467 5367 inquam,

1737 5431 1970 5489 ΝΟΤιΕ.

287 5582 398 5655 (56)
430 5581 566 5637 llinc
591 5581 973 5655 cognoscimus
1024 5593 1131 5655 qua
1166 5576 1595 5655 a2_tate_Lexicon
1628 5590 1787 5655 suum

1885 5573 2024 5629 1808
2064 5573 2125 5627 G.
2162 5573 2525 5638 liermannus,
2556 5588 2661 5627 non
2712 5582 2888 5627 tamen
2921 5570 3036 5626 sine
3070 5568 3219 5641 gravi
3271 5570 3469 5627 lacuna

208 5644 511 5710 confecerit
567 5644 821 5717 I’ho'tins;
863 5644 1531 5721 (lucumlucum-titionem
1564 5646 1795 5721 antehac
1887 5646 2031 5700 inter
2064 5644 2108 5698 A
2138 5654 2192 5701 ct
2224 5645 2282 5700 E.

210 5725 497 5787 laeditur",
538 5733 725 5781 nostra
758 5718 977 5778 domum
1011 5730 1168 5777 atate
1195 5719 1436 5789 vulgavit
1476 5718 1671 5787 Lipsiae
1702 5732 1790 5770 an.
