3888 6186
388 204 488 268 155
1538 193 1804 257 ΡΙῙΟΤΙΙ
1845 193 1960 253 PA'l

2065 189 2351 253 iARCH/E
2385 188 2493 251 (ΖΡ.
3542 190 3643 254 Ῑέθῦ

372 319 534 373 verba
566 312 884 370 notionibus
929 309 1051 367 aliis
1088 318 1252 379 atque
1293 308 1414 363 aliis
1449 311 1669 378 praedita
1719 306 1959 374 comple-

2065 304 2300 375 ὀνόματα
2328 321 2342 368 ;
2368 302 2449 356 διὸ
2481 280 2669 357 καὶτὸ
2691 301 2984 374 ἀπεκρίθη,
3024 301 3161 373 ὅπερ
3192 318 3251 354 σε
3282 298 3539 367 πολλάκις
3563 306 3649 365 είς

369 420 454 466 cla
464 405 746 471 ntur?Qua
756 420 812 459 re
827 412 879 456 et
891 402 1187 472 ἀπεκρίθη,
1203 401 1346 469 quod
1379 401 1469 454 tibi
1494 399 1813 453 vocabulum
1831 413 1960 465 sarpe

2072 394 2404 464 ἀμφιϐολίαν
2433 394 2570 463 ἔφης
2596 393 2851 463 ἐμϐαλεῖν
2880 410 2893 422 ο
2932 394 3020 446 ἵνα
3051 392 3147 445 νῦν
3204 393 3349 446 ἐάσω
3373 396 3431 445 τὸ
3461 394 3650 463 διεχω-

371 499 769 557 dubitationem
790 493 1041 563 iniecisse
1074 493 1179 553 ais,
1220 492 1303 561 (ut
1334 506 1480 543 nunc
1510 496 1755 543 omittam
1796 486 1967 557 signi.

366 596 686 655 ‘licantiam,
729 596 1036 658 separatum
1088 594 1203 648 est;
1259 593 1312 637 et
1357 600 1491 652 quas
1539 583 1737 636 medici
1787 580 1969 649 appri-

371 701 457 740 me
490 683 723 741 callent,
768 679 1065 734 sudoribus
1104 678 1373 746 digestum
1400 717 1414 741 ,
1458 685 1511 729 et
1536 683 1815 729 excretum
1842 710 1858 735 ,
1908 678 1967 725 et

368 778 518 832 vasis
548 773 800 837 eﬁusum,
834 780 889 826 et
919 772 971 824 in
1002 771 1107 825 hoc
1130 769 1345 837 desivit)
1394 784 1490 839 pro
1521 769 1853 831 divinarum,
1882 763 1968 817 in-

371 884 534 938 quam
558 910 571 933 ,
608 868 909 920 litterarum
941 879 1042 917 usu
1067 859 1344 932 ἀπεκρίθη
1370 860 1643 930 signiﬁcat
1688 858 1737 913 id
1760 898 1775 924 ,
1820 853 1965 926 quod

374 976 540 1013 nemo
570 957 777 1021 nescit,
804 969 1127 1024 responsum
1159 951 1223 1005 ad
1260 950 1771 1023 interrogationem.
1812 947 1966 1016 Swpe

369 1052 536 1105 etiam
560 1048 888 1117 expletivum
908 1045 1232 1099 vocabulum
1255 1052 1370 1106 est;
1398 1043 1670 1097 interdum
1697 1039 1965 1095 sermonis

369 1142 653 1195 exordium
682 1149 765 1195 est
794 1158 807 1203 ;
841 1148 955 1192 tum
979 1139 1144 1193 etiam
1179 1140 1400 1191 denotat
1429 1151 1619 1191 eorum
1660 1150 1782 1205 qua:
1818 1134 1963 1187 dicta

370 1232 589 1286 fuerunt
616 1230 1005 1285 admissionem
1033 1245 1048 1293 ;
1079 1230 1207 1282 item
1244 1230 1418 1280 oravit
1441 1268 1456 1292 ,
1489 1228 1812 1295 deprecatus
1839 1233 1960 1289 est;

368 1332 483 1376 tum
512 1324 747 1391 denique
775 1318 1132 1389 interrogavit
1160 1334 1378 1387 quoque
1406 1315 1717 1388 signiﬁcare
1741 1328 1962 1383 compe-

368 1417 498 1471 ries.
539 1413 657 1468 .lam
697 1414 814 1483 ejus
854 1412 1225 1481 signiﬁcatus,
1268 1426 1432 1481 quem
1492 1425 1684 1463 omnes
1731 1420 1961 1485 norunt,

369 1508 536 1562 multa
565 1516 729 1575 atque
748 1503 904 1559 obvia
925 1503 1235 1558 testimonia
1263 1512 1410 1558 sunt.
1436 1500 1636 1566 Veluti,
1666 1520 1684 1551 ι
1714 1499 1963 1569 Respon-

367 1602 500 1653 dens
532 1599 720 1652 Simon
747 1598 941 1652 Petrus
970 1596 1045 1649 ait
1097 1611 1111 1647 :
1164 1593 1243 1649 Tu
1272 1610 1331 1650 es
1361 1594 1612 1650 Christus
1658 1593 1829 1647 Filius
1868 1591 1962 1646 Dei

366 1694 476 1747 vivi
504 1693 570 1746 ⁸⁸.
606 1711 626 1744 ι
689 1689 824 1745 Nam
872 1690 1164 1745 Dominica:
1198 1689 1612 1760 interrogationi
1664 1702 1785 1757 qua:
1827 1702 1963 1757 prae-

367 1794 623 1850 cesserat,
648 1802 667 1835 ι
698 1782 810 1839 Vos
836 1792 1036 1850 autem,
1073 1798 1233 1852 quem
1265 1798 1351 1837 me
1380 1797 1500 1836 esse
1533 1782 1717 1835 dicitis
1759 1800 1777 1833 ι
1804 1796 1959 1835 suam

372 1891 427 1934 et
488 1880 988 1949 condiscipulorum
1048 1877 1373 1932 sententiam
1418 1876 1669 1945 princeps
1705 1874 1959 1929 subdidit.

372 1973 501 2026 ltem
537 1972 589 2024 in
627 1986 692 2025 ea
730 1971 1038 2023 locutione:
1080 1987 1097 2018 ι
1133 1966 1639 2037 Responditdiccns
1674 1985 1686 2019 :
1716 1964 1817 2031 Qui
1869 1964 1964 2017 ha-

380 2065 470 2116 bet
527 2064 664 2117 duas
708 2062 921 2115 tunicas
953 2100 967 2125 ,
1026 2060 1296 2127 impertiat
1346 2058 1421 2112 illi
1495 2059 1585 2126 qui
1636 2068 1785 2112 caret
1815 2056 1860 2086 ⁸⁸
1896 2071 1957 2118 ;ι

373 2155 517 2209 idem
551 2170 744 2209 sensus
776 2155 1163 2222 cOgnoscitur;
1197 2152 1378 2205 erudit
1408 2150 1554 2204 enim
1588 2152 1774 2204 turbas
1797 2190 1811 2213 ,
1839 2164 1962 2218 qua:

372 2264 496 2300 eum
546 2256 869 2314 rogaveram
908 2260 1146 2314 quonam
1196 2253 1351 2312 pacto
1392 2243 1622 2297 salutem
1664 2258 1964 2311 conseque-

371 2346 579 2393 rentur.
623 2336 795 2391 Sicuti
831 2337 1040 2391 etiam:
1106 2354 1125 2386 ‹
1156 2334 1455 2405 Respondit
1501 2337 1581 2390 eis
1618 2333 1857 2388 Joannes
1882 2334 1962 2387 di-

370 2448 500 2486 cens
525 2448 539 2484 :
571 2429 683 2500 Ego
705 2446 846 2498 aqua
870 2430 1118 2497 baptizo;
1153 2428 1363 2482 medius
1385 2438 1565 2482 autem
1593 2437 1829 2483 ve~trum
1857 2435 1961 2489 est,

372 2540 532 2593 quem
570 2538 665 2576 vos
696 2522 996 2576 nescitis".
1040 2538 1058 2572 ι
1090 2519 1335 2584 Namque
1371 2524 1619 2586 \‘erhum,
1655 2518 1956 2590 respondit,

376 2616 630 2669 eumdem
661 2628 821 2667 usum
857 2622 910 2666 et
942 2612 1047 2665 hoc
1078 2612 1196 2665 loco
1225 2620 1531 2666 coaservat.
1569 2609 1829 2665 Sexcenta
1858 2610 1965 2665 alia

372 2706 640 2774 ejusmodi
675 2714 824 2760 sunt.
859 2704 963 2758 Sed
990 2704 1135 2757 enim
1181 2704 1537 2757 locutionem:
1569 2723 1585 2752 ι
1616 2702 1966 2771 lllotempore

374 2799 707 2869 respondens
736 2796 894 2853 Jesus
920 2795 1058 2850 dixit
1082 2813 1095 2849 :
1128 2793 1404 2851 Conﬁteor
1431 2794 1547 2859 tibi,
1573 2793 1729 2849 Pater
1758 2794 1881 2849 εωιὶ
1912 2802 1967 2849 et

375 2902 537 2946 terra:
559 2891 641 2955 “;
666 2910 684 2943 ι
719 2891 877 2954 hanc,
906 2890 1151 2958 inquam,
1180 2896 1393 2941 constat
1416 2902 1443 2939 a
1475 2888 1813 2956 pra-cedente
1840 2903 1963 2942 sen-

2073 486 2231 557 ρίσθη
2265 502 2280 516 ο
2312 486 2406 539 καὶ
2435 486 2463 539 ὃ
2496 485 2726 555 μάλιστα
2756 486 2945 547 παῖδες
2972 485 3173 555 ἰατρῶν
3208 483 3353 537 ίσασι
3383 484 3443 537 rb
3463 485 3652 552 διεφθε-

2074 578 2213 649 ρήθη
2244 593 2324 643 τε,
2360 580 2454 631 και
2476 578 2751 648 ἐξεκρίθη,
2786 578 2880 630 καὶ
2902 575 3152 646 ἐξεχύθη,
3206 576 3303 629 καὶ
3371 577 3449 639 είς
3488 576 3653 629 τοῦτο

2070 670 2368 741 κατέληξεν
2400 686 2413 699 ·
2445 669 2558 722 ἀλλ’
2589 669 2671 737 ἐφ’
2698 663 2772 724 ὧν
2805 686 2869 737 γε
2892 670 3125 741 συνήθης
3180 669 3296 720 ἐστὶ
3323 668 3432 720 τῶν
3460 668 3651 721 θεοσόο

2069 781 2185 832 φων
2214 765 2247 834 ἡ
2271 764 2467 834 χρῆσις
2499 763 2716 829 λογίων,
2738 762 2992 832 σημαίνει
3030 760 3129 832 μὲν
3147 745 3208 814 τὸ
3235 760 3527 830 ἀπεκρίθη,
3550 762 3650 813 καὶ

2067 857 2133 926 ἣν
2162 855 2335 918 οὐδεὶς
2362 856 2547 923 ἀγνοεῖ
2568 855 2827 921 διάνοιαν,
2861 854 2983 924 ἥτις
3018 854 3113 908 καὶ
3140 852 3276 923 πρὸς
3306 851 3405 921 τὴν
3436 851 3651 921 ἐρώτη-

2068 962 2153 997 σιν
2188 945 2497 999 ἀποδίδοται
2527 961 2542 976 ⁸
2572 945 2831 1008 πολλάκις
2863 944 2919 998 δὲ
2978 945 3073 998 καὶ
3124 941 3648 1013 παραπληρώματος

2066 1042 2252 1112 ἐπέχει
2273 1042 2455 1107 τάξιν⁹
2492 1042 2678 1095 ἄλλοτε
2712 1041 2770 1094 δὲ
2793 1041 2889 1094 καὶ
2926 1040 3103 1111 ἀρχὴν
3123 1037 3429 1109 ἀναπληροῖ
3456 1036 3642 1103 λόγον’

2065 1137 2157 1189 ναὶ
2221 1136 2276 1189 δὲ
2311 1136 2408 1189 καὶ
2428 1135 2489 1189 rb
2543 1134 2892 1200 διαδέξασθαι
2924 1135 3015 1187 τὸν
3036 1130 3419 1205 προρρηθέντα
3484 1129 3645 1197 λόγον

2066 1228 2427 1283 ὑποϐάλλεται
2454 1245 2469 1258 ⁸
2497 1229 2595 1282 καὶ
2629 1228 2733 1299 μὴν
2764 1228 2859 1281 καὶ
2878 1228 2940 1281 rb
2974 1228 3216 1280 ἱκέτευσε
3275 1224 3371 1279 καὶ
3427 1224 3642 1293 ἐδέησε,

2065 1319 2248 1393 εὕροις
2281 1319 2326 1373 δ’
2360 1319 2427 1374 ἂν
2459 1322 2742 1390 σημαῖνον,
2766 1320 2863 1374 καὶ
2886 1319 2945 1373 rb
2972 1318 3213 1388 ἐρώτησε
3244 1336 3260 1350 ·
3289 1314 3644 1388 μαρτύριαῶ

2064 1411 2159 1466 τοῦ
2208 1412 2305 1483 μὲν
2345 1411 2498 1483 παρά
2526 1411 2692 1465 πᾶσιν
2717 1410 3084 1481 ἐγνωσμένου,
3116 1408 3286 1463 πολλά
3309 1409 3368 1461 τέ
3396 1410 3516 1461 ἐστι
3544 1403 3645 1459 καὶ

2065 1504 2252 1560 λαϐεῖν
2280 1504 2586 1575 πρόχειρον,
2618 1500 2754 1570 οἷον,
2789 1522 2809 1555 ι
2833 1503 3177 1575 Ἀποκριθεὶς
3217 1502 3399 1571 Σίμων
3434 1502 3644 1569 Πέτρος

2066 1593 2186 1651 εἷπε
2219 1613 2235 1627 ο
2306 1598 2377 1649 Σὺ
2416 1591 2465 1650 εὶ
2501 1597 2530 1648 6
2570 1596 2804 1668 Χριστὸς
2836 1597 2865 1647 6
2894 1595 3020 1658 Υίὺς
3063 1594 3158 1648 τοῦ
3188 1592 3322 1647 Θεοῦ
3351 1590 3445 1645 τοῦ
3499 1590 3642 1654 ζῶν-

2063 1706 2177 1751 τος.
2216 1707 2235 1740 ι
2267 1689 2376 1743 Καὶ
2404 1688 2513 1761 γὰρ
2545 1688 2682 1761 πρὸς
2709 1688 2808 1759 τὴν
2830 1687 3170 1758 Δεσποτικὴν
3205 1684 3473 1753 ἐρώτησιν
3539 1684 3644 1754 τὴν

2064 1779 2466 1852 προλαϐοῦσαν,
2518 1780 2708 1849 Ὑμεῖς
2754 1779 2811 1832 δέ
2841 1778 2961 1833 τίνα
3002 1795 3068 1847 με
3107 1777 3295 1845 λέγετε
3325 1772 3501 1838 εἶναις
3540 1776 3643 1844 τὴν

2063 1870 2235 1925 αὑτοῦ
2281 1870 2510 1941 γνώμην
2554 1872 2583 1924 6
2629 1872 2921 1942 κορυφαῖος
2968 1868 3063 1922 καὶ
3098 1869 3204 1920 τῶν
3269 1866 3643 1937 συμμαθητῶν

2063 1963 2370 2017 ἀποδίδωσι.
2405 1962 2515 2016 Καὶ
2542 1964 2600 2015 ἐν
2631 1962 2731 2033 τῷ,
2767 1981 2786 2014 ‹
2821 1961 3117 2033 Ἀπεκρίθη
3151 1961 3207 2013 δέ
3236 1959 3406 2027 λέγων
3431 1959 3639 2020 αὐτοῖς.

2064 2056 2092 2108 6
2119 2055 2260 2125 ἔχων
2281 2053 2374 2107 δύο
2402 2052 2636 2124 χιτῶνας
2659 2054 2936 2124 μεταδότω
2962 2053 3041 2123 τῷ
3059 2054 3133 2123 μὴ
3164 2053 3356 2123 ἔχοντι,
3394 2070 3412 2103 ι
3443 2052 3478 2121 ἡ
3504 2051 3643 2119 αὕτη

2064 2146 2368 2217 καθορᾶται
2397 2145 2591 2217 γνώμη
2622 2162 2636 2176 ο
2671 2148 2783 2209 τοῖς
2809 2145 2918 2218 γὰρ
2942 2147 2966 2197 ἐ
2977 2147 3284 2217 ρωτήσασιν
3323 2143 3503 2212 ὄχλοις
3519 2144 3645 2195 ὅθεν

2064 2238 2450 2309 καρπώσονται
2496 2238 2595 2309 τὴν
2641 2239 2934 2308 σωτηρίαν,
2986 2237 3381 2290 ὑποδείκνυσιν.
3429 2236 3645 2305 Ὥσπερ

2064 2333 2159 2384 καὶ
2189 2331 2271 2395 rb,
2304 2349 2321 2382 ι
2353 2330 2655 2403 Ἀπεκρίθη
2681 2332 2862 2394 αὐτοῖς
2890 2334 2918 2384 6
2960 2330 3209 2399 Ἰωάννης
3238 2329 3411 2397 λέγων
3443 2345 3457 2357 ·
3501 2326 3647 2396 Ἐγὼ

2067 2422 2314 2493 βαπτίζω
2335 2424 2393 2475 ἐν
2425 2422 2582 2476 ὕδατι
2615 2438 2631 2453 ⁶
2678 2422 2839 2493 μέσος
2867 2421 2922 2474 δὲ
2951 2422 3103 2491 ὑμῶν
3138 2423 3370 2492 ἕστηκεν
3396 2420 3456 2473 ὃν
3485 2421 3645 2489 ὑμεῖς

2064 2517 2163 2570 οὐκ
2188 2516 2364 2570 οῐδατε
2389 2553 2405 2568 .
2456 2534 2477 2569 ι
2516 2515 2610 2579 Ei;
2658 2518 2764 2587 γὰρ
2810 2514 2908 2587 τὴν
2964 2515 3133 2586 αὐτὴν
3162 2516 3255 2568 καὶ
3281 2513 3435 2567 τοῦτο
3455 2516 3642 2584 χρείαν

2064 2607 2414 2678 ἀναφέρεται·
2462 2607 2555 2660 καὶ
2578 2606 2748 2677 μυρία
2774 2606 2927 2659 ἀλλα.
2959 2606 3032 2659 ’l‘b
3050 2607 3128 2674 δὲ,
3166 2624 3183 2656 ι
3217 2606 3308 2658 Ἐν
3340 2606 3531 2675 ἐκείνῳ
3565 2603 3644 2672 τῷ

2065 2697 2244 2770 καιρῷ
2282 2699 2651 2771 ἀποκριθεὶςὸ
2694 2699 2898 2769 Ἰησοῦς
2949 2693 3103 2751 εἶπεν
3128 2713 3143 2726 ·
3181 2693 3646 2767 Ἐξομολογοῦμαί

2068 2806 2173 2855 σοι,
2209 2791 2392 2861 Πάτερ
2428 2789 2604 2862 Κύριε
2649 2791 2742 2843 τοῦ
2778 2789 3008 2860 ούρανοῦ
3065 2789 3159 2843 καὶ
3177 2792 3276 2859 τῆς
3297 2789 3452 2861 γῆς,›
3484 2789 3647 2859 δῆλον

2065 2881 2268 2950 ὅτιτῆς
2300 2882 2401 2950 μὲν
2438 2881 2852 2953 προειρημένης
2880 2881 3090 2946 ἐννοίας
3145 2881 3450 2952 διέστηκεν,
3472 2882 3645 2952 ἀρχῆς

375 2985 545 3039 tentia
585 2981 878 3037 discretam
930 2995 1083 3043 esse,
1140 2988 1301 3047 atque
1352 2979 1491 3032 initii
1540 2980 1714 3033 locum
1756 2989 1960 3050 tenere.

2069 2974 2127 3027 δὲ
2156 2973 2340 3046 χώραν
2368 2975 2555 3046 ἐπέχει
2579 2991 2593 3006 ο
2622 2974 2744 3027 οὕτε
2777 2976 2885 3043 γάρ
2938 2974 3209 3047 ἐρώτησις
3266 2976 3644 3047 προηγήσατο,

370 3075 508 3130 Nam
564 3090 741 3144 neque
780 3072 1137 3142 interrogatio
1188 3083 1574 3138 praecesserat,
1626 3088 1801 3141 neque
1842 3074 1960 3127 cui-

372 3184 537 3237 quam
590 3166 833 3236 loquenti
887 3164 1356 3232 subjungebatnr;
1401 3179 1584 3218 rerum
1649 3164 1762 3233 ipse
1803 3162 1961 3219 Jesus

375 3274 680 3313 sermonem
727 3255 1021 3311 exordiens
1054 3257 1256 3324 gratias
1292 3253 1437 3307 Patri
1482 3256 1613 3324 egit.
1649 3254 1837 3311 Simile
1879 3266 1964 3312 est

371 3352 533 3404 etiam
578 3366 591 3401 :
639 3366 657 3398 ι
686 3346 1038 3417 Respondens
1065 3349 1557 3419 archisynagOgus,
1608 3351 1961 3406 stomachans

371 3441 518 3512 quod
550 3439 790 3495 Sabhato
822 3439 1149 3494 medicinam
1196 3440 1413 3494 fecisset
1442 3439 1600 3495 Jesus
1624 3442 1692 3496 δ’.
1727 3461 1745 3494 ι
1792 3442 1916 3498 Item
1943 3461 1957 3497 :

381 3553 400 3585 ι
433 3532 791 3602 Responde-ns
814 3530 1060 3601 pontifex
1084 3531 1219 3585 dixit
1240 3533 1288 3585 ei
1319 3548 1332 3586 :
1365 3532 1573 3602 Adiuro
1604 3542 1655 3587 te
1680 3548 1775 3602 per
1794 3533 1960 3589 Deum

370 3627 576 3689 vivum,
601 3624 690 3679 die
713 3626 871 3679 nobis
903 3638 1030 3677 num
1056 3631 1115 3677 tu
1146 3623 1225 3677 sis
1245 3620 1500 3677 Christus
1519 3621 1611 3679 Dei
1642 3621 1814 3679 Filius
1833 3624 1901 3678 θ’.
1935 3643 1954 3676 ι

372 3715 586 3771 Rursus
633 3715 910 3771 sermonis
970 3712 1192 3767 initium
1235 3713 1524 3768 continent
1582 3717 1748 3769 verba
1799 3714 1957 3771 haac:

376 3824 399 3858 ί
438 3804 796 3875 ιίθεροιιάεηε
842 3801 1006 3859 Jesns
1055 3803 1241 3858 dixit:
1292 3801 1396 3869 Qui
1449 3801 1714 3872 r'eceperit
1766 3818 1864 3859 vos
1905 3803 1961 3859 in

374 3898 595 3953 nomine
622 3912 765 3961 meo,
800 3909 890 3950 me
924 3895 1158 3965 recipit;
1210 3905 1263 3951 et
1306 3895 1403 3966 qui
1445 3911 1532 3950 me
1583 3897 1808 3967 recipit,
1849 3911 1961 3952 non

373 4008 462 4048 me
493 3991 708 4060 recipit,
740 3991 836 4047 sed
862 4005 983 4046 eum
1011 3990 1104 4060 qui
1143 3990 1289 4047 misit
1325 4006 1412 4046 me
1441 3992 1509 4045 οι.
1547 4010 1568 4044 ι

441 4083 496 4139 3.
539 4080 708 4137 Porro
747 4089 929 4136 autem
973 4082 1136 4136 verba
1166 4081 1256 4136 illa
1291 4099 1307 4137 :
1348 4100 1367 4133 ι
1404 4080 1762 4152 Respondens
1799 4080 1960 4140 Jesus

371 4177 555 4231 dixit:
620 4174 664 4229 Ο
729 4174 943 4238 mulier,
1001 4190 1198 4243 magna
1259 4184 1345 4230 est
1398 4175 1533 4232 ﬁdes
1586 4186 1719 4241 tua;
1782 4178 1876 4232 ﬁat
1901 4187 1961 4232 ut

374 4268 455 4321 vis
475 4267 557 4320 9'z
603 4285 620 4317 ι
656 4266 721 4319 ad
755 4267 959 4320 nullum
987 4267 1369 4336 praedictorum
1394 4284 1593 4324 usuum
1626 4270 1956 4335 referuntur,

2064 3067 2179 3122 ἀλλ’
2210 3066 2333 3119 οὐδέ
2354 3084 2473 3121 τινα
2492 3067 2724 3135 λέγοντα
2755 3066 3047 3135 διεδέξατο,
3106 3067 3221 3121 ἀλλ’
3266 3065 3431 3129 αὐτὸς
3458 3069 3487 3120 6
3540 3066 3646 3133 Ἰη-

2065 3160 2190 3223 σοῦς
2212 3159 2390 3231 ἀρχὴν
2416 3159 2669 3231 ἐμϐαλὼν
2691 3160 2771 3233 τῷ
2800 3161 2963 3233 λόγῳ,
3014 3162 3113 3232 τὴν
3168 3160 3519 3232 εὐχαριστίαν
3567 3160 3648 3231 τῷ

2060 3252 2237 3322 Πατρὶ
2271 3251 2706 3324 προσηνέγκατο.
2733 3252 3005 3316 Ὡσαύτως
3025 3253 3118 3307 καὶ
3146 3253 3226 3317 rb,
3253 3272 3272 3304 ι
3294 3250 3649 3323 Ἀποκριθεὶς

2063 3344 2094 3398 6
2125 3344 2576 3417 ἀρχισυνάγωγος
2610 3345 2936 3414 ἀγανακτῶν
2964 3346 3046 3398 ὅτι
3086 3344 3164 3415 τῷ
3219 3343 3483 3414 Σαϐϐάτῳ
3526 3343 3648 3396 ἐθε-

2062 3438 2337 3509 ράπευσεν
2373 3440 2402 3492 6
2434 3436 2676 3508 Ἰησοῢςο
2707 3457 2725 3489 ›
2764 3437 2855 3491 ναὶ
2887 3437 2951 3509 δη
2978 3437 3070 3491 καὶ
3089 3436 3169 3503 rb,
3200 3456 3218 3489 ι
3242 3436 3590 3506 Ἀποκριθεὶς
3622 3437 3650 3489 6

2060 3530 2355 3600 ἀρχιερεὺς
2400 3525 2554 3584 εἶπεν
2602 3529 2771 3601 αὐτῷ,
2802 3529 3098 3601 Ἐξορκίζω
3133 3546 3191 3582 σε
3224 3528 3368 3583 κατά
3394 3527 3488 3581 τοῦ
3510 3527 3649 3581 Θεοῦ

2061 3618 2284 3685 ζῶντος,
2336 3620 2457 3675 εὶπέ
2493 3622 2627 3690 ἡμῖν
2674 3621 2724 3673 εἱ
2790 3621 2854 3674 σὺ
2883 3616 2931 3673 εί
2964 3622 2991 3673 6
3038 3620 3271 3690 Χριστὸς
3321 3619 3505 3684 ὁΥίδς
3553 3618 3649 3673 τοῦ

2060 3710 2221 3766 Θεοῦ.
2254 3710 2454 3784 Ἀρχὴν
2479 3710 2524 3765 δ’
2557 3711 2624 3766 ἂν
2649 3712 2837 3783 ἐπέχοι
2868 3712 3026 3780 λόγου
3062 3712 3158 3765 καὶ
3186 3714 3247 3765 τό
3275 3728 3287 3741 ·
3322 3730 3341 3763 ι
3386 3712 3650 3780 Ἀποκρι-

2062 3804 2180 3868 θεὶς
2202 3805 2232 3857 6
2267 3804 2478 3876 ⁹Ιησοῦς
2507 3801 2665 3859 εἶπεν
2687 3823 2701 3837 ·
2761 3808 2857 3869 Ὃς
2893 3807 2988 3860 ἐὰν
3029 3805 3249 3877 δέξηται
3274 3806 3417 3876 ὑμᾶς
3452 3804 3547 3859 ἐπὶ
3568 3802 3650 3875 τῷ

2063 3895 2184 3967 ἐμῷ
2213 3897 2461 3970 ὀνόματι,
2505 3897 2608 3969 ἐμὲ
2633 3898 2890 3969 δέχεται·
2926 3899 3023 3952 καὶ
3050 3898 3109 3962 ὃς
3138 3898 3206 3953 ἂν
3247 3897 3349 3969 ἐμὲ
3399 3897 3646 3969 δέξηται,

2058 3994 2161 4050 οὑκ
2186 3994 2290 4067 ἐμὲ
2320 3994 2555 4067 δέχεται,
2581 3994 2722 4049 ἀλλὰ
2741 3994 2830 4049 τὸν
2854 3994 3251 4049 ἀποστείλαντά
3282 4011 3373 4066 με.
3408 4011 3428 4045 ι

2130 4092 2201 4155 γ’.
2246 4087 2334 4140 Ἐν
2388 4085 2579 4156 μέντοι
2609 4102 2695 4155 γε,
2737 4105 2755 4139 ι
2803 4084 3151 4155 Ἀποκριθεὶς
3184 4086 3212 4139 6
3250 4083 3460 4154 Ἰησοῦς
3490 4080 3649 4137 εἶπεν

2061 4178 2219 4251 αὐτῇ,
2256 4175 2327 4231 Ὦ
2367 4179 2545 4249 γύναι,
2575 4178 2783 4251 μεγάλη
2816 4196 2907 4233 σου
2946 4180 2977 4249 ή
3011 4178 3214 4244 πίστις,
3243 4178 3530 4250 γενηθήτω
3561 4194 3650 4231 σοι

2061 4271 2138 4332 ώς
2177 4270 2375 4335 θέλεις,
2414 4289 2433 4324 ι
2454 4272 2535 4334 εἰς
2559 4272 2837 4342 οὐδέτερον
2863 4271 2960 4341 μὲν
2999 4270 3333 4341 ἀναφέρεται
3358 4269 3467 4324 τῶν
3490 4270 3650 4341 είρη-

373 4362 465 4414 sed
531 4361 881 4429 praecedentis
952 4360 1224 4413 sermonis
1289 4361 1677 4417 admissionem
1736 4363 1956 4418 sistunt.

2065 4362 2261 4433 μένων,
2287 4332 2538 4433 διαδοχὴν
2558 4362 2614 4415 δὲ
2642 4332 2802 4431 λόγου
2832 4332 3138 4430 συνεισάγει
3160 4332 3300 4433 ’.τῆς
3326 4362 3435 4433 γὰρ
3461 4332 3652 4416 Χανα-

374 4451 504 4505 Nam
541 4468 662 4507 cum
694 4452 1016 4507 Chananitis
1045 4451 1438 4508 miserabiliter
1459 4454 1805 4523 exposuisset
1837 4457 1959 4511 lilia:

374 4559 485 4597 suae
526 4548 799 4610 morbum,
820 4544 1198 4615 medelamque
1226 4546 1485 4616 petisset;
1509 4560 1748 4616 cumque
1768 4549 1956 4602 eadem

372 4635 704 4702 asperiorem
768 4651 990 4704 precum
1058 4651 1287 4692 suarum
1360 4636 1633 4706 repulsam
1691 4639 1960 4707 patienter

371 4729 695 4793 excepisset,
757 4728 1136 4798 dixissetque:
1200 4745 1219 4779 ι
1257 4724 1479 4798 Utique,
1516 4727 1769 4796 Domine,
1789 4732 1955 4785 etiam

370 4818 545 4870 catelli
578 4817 763 4872 herilis
814 4833 1014 4872 mensae
1036 4820 1283 4890 reliquiis
1326 4831 1656 4885 vescuntur;
1689 4840 1705 4872 ι
1735 4822 1834 4875 hac
1865 4824 1962 4877 ad-

370 4912 538 4967 missa
569 4912 817 4966 oratione
854 4912 1109 4966 subditur
1143 4930 1156 4967 :
1196 4932 1215 4964 ι
1254 4913 1413 4969 Tunc
1435 4914 1773 4983 respondens
1804 4914 1960 4970 Jesus

368 5007 444 5057 ait
474 5005 547 5056 illi
582 5020 595 5055 :
630 5002 815 5072 Magna
847 5004 979 5057 ﬁdes
1013 5015 1105 5057 tua
1132 5022 1145 5071 ;
1174 5005 1268 5057 ﬁat
1300 5006 1397 5060 tibi
1434 5014 1494 5061 ut
1533 5006 1636 5061 vis.
1682 5024 1700 5057 ι
1735 5003 1961 5062 Constat

368 5098 510 5148 enim
537 5094 720 5149 Jesum
755 5095 911 5147 honre
944 5094 1316 5163 supplicisque
1344 5093 1562 5151 femina:
1587 5099 1836 5151 oratione
1865 5098 1959 5153 ad-

370 5186 558 5251 missa,
620 5183 780 5237 ﬁdem
826 5183 946 5251 ejus
998 5183 1156 5235 laude
1188 5183 1531 5250 mactavisse,
1580 5185 1958 5255 mcdelamque

370 5277 625 5345 largitum
654 5290 797 5329 esse.
831 5272 1084 5339 Ejusdem
1118 5272 1405 5327 sententiae
1436 5283 1565 5327 sunt
1593 5274 1758 5328 etiam
1796 5276 1910 5329 hzec
1938 5292 1952 5329 :

376 5366 759 5432 «Respondens
804 5362 963 5418 Jesns
1011 5365 1150 5417 dixit
1199 5365 1297 5427 illi,
1330 5365 1526 5420 Beatus
1572 5379 1631 5420 es
1670 5366 1858 5419 Simon
1885 5366 1957 5419 ﬁli

366 5457 537 5523 Jonze,
565 5457 693 5527 quia
746 5472 876 5510 caro
906 5467 958 5511 et
990 5459 1213 5527 sanguis
1254 5474 1361 5512 non
1412 5457 1669 5512 revelavit
1702 5459 1795 5511 tibi
1824 5460 1889 5511 ⁸³.
1930 5479 1947 5509 ι

438 5570 486 5602 ⁸⁸
516 5569 704 5624 Matth.
728 5584 840 5629 xvi,
873 5568 954 5622 ιδ.
1030 5570 1073 5599 ⁸⁵
1108 5567 1239 5625 Luc.
1280 5588 1361 5634 ιιι,
1406 5572 1493 5625 ll.
1571 5573 1614 5603 ⁸⁷
1646 5571 1834 5626 Matth.
1866 5591 1944 5633 ιιι.

438 5658 517 5699 .vt.
550 5641 639 5695 65.
711 5641 753 5671 ⁹¹
788 5638 951 5692 Marc.
1017 5656 1086 5699 tu.
1118 5645 1204 5695 δύ.
1311 5645 1355 5674 ³³
1397 5642 1581 5697 Matth.
1623 5660 1705 5699 τιν.
1738 5646 1825 5697 28.
1924 5647 1960 5676 νε

2065 5578 2101 5629 I.
2179 5574 2226 5607 ⁸⁸
2258 5575 2450 5630 Matth.
2478 5593 2554 5644 x1,
2603 5576 2694 5633 25.

2065 5646 2214 5699 lattlt.
2250 5662 2355 5699 im.
2400 5648 2482 5699 Π.

1924 5648 1968 5677 ν’
2026 5648 2214 5700 Matth.
2250 5662 2355 5712 xvr,
2400 5648 2482 5699 Π.

369 5656 517 5706 xxvt,
550 5641 639 5695 65.
711 5641 753 5671 ⁹¹
788 5638 951 5692 Μαιον.
1017 5645 1204 5704 31,515.
1311 5645 1355 5674 ³⁸
1397 5642 1581 5697 Matth.
1623 5660 1705 5706 τιν,
1738 5646 1825 5697 28.

2067 4454 2267 4517 νίτιδος
2324 4452 2861 4524 ἐλεεινολογουμένης
2892 4453 2991 4524 μὲν
3014 4454 3077 4507 rb
3100 4453 3200 4525 τῆς
3233 4452 3505 4525 θυγατρὸς
3536 4455 3649 4507 πάο

2061 4546 2174 4609 θος,
2229 4545 2330 4614 τὴν
2384 4544 2686 4615 θεραπείαν
2723 4544 2780 4598 δέ
2812 4545 3162 4615 αἱτουμένης,
3222 4545 3319 4599 καὶ
3355 4544 3490 4617 πρὸς
3543 4546 3651 4613 τὴν

2062 4638 2480 4709 ἀποτρέπουσαν
2506 4636 2606 4708 τὴν
2638 4637 2876 4707 σπουδὴν
2902 4637 3074 4709 αὐτῆς
3095 4636 3252 4708 ὓϐριν
3267 4638 3648 4705 εὐγνωμονού-

2062 4747 2163 4800 σης
2192 4729 2284 4782 καὶ
2306 4727 2595 4799 λεγούσης,
2620 4746 2638 4778 ι
2666 4728 2794 4793 Ναὶ,
2822 4726 3015 4798 Κύριε,
3057 4729 3151 4780 καὶ
3180 4726 3288 4797 γὰρ
3308 4728 3376 4781 τὰ
3409 4727 3649 4797 κυνάρια

2065 4821 2233 4875 ἐσθίει
2254 4821 2361 4874 ἀπὸ
2377 4823 2478 4891 τῆς
2496 4821 2773 4892 τραπέζης
2790 4820 2898 4872 τῶν
2926 4820 3130 4890 κυρίων
3161 4819 3361 4882 αὐτῶν,
3392 4839 3410 4870 ι
3441 4818 3650 4886 ἐπάγει

2060 4929 2150 4965 ται
2183 4912 2323 4966 κατὰ
2338 4911 2590 4983 διαδοχὴν
2622 4913 2828 4965 ἐκεῖνον
2855 4911 2948 4964 τὸν
2988 4910 3165 4977 λόγον,
3204 4928 3223 4961 ι
3247 4910 3383 4962 Τότε
3410 4911 3649 4980 ἀποκρι-

2062 5003 2226 5067 θεὶςὸ
2264 5007 2471 5075 Ἰησοῦς
2527 4998 2679 5057 εἶπεν
2738 5004 2897 5075 αὐτῇ,
2950 5003 3176 5072 Μεγάλη
3207 5018 3300 5054 σου
3350 5004 3383 5072 η
3433 5002 3644 5068 πίστις,

2060 5094 2346 5166 γενηθήτω
2400 5111 2483 5147 σοι
2521 5094 2596 5156 ὡς
2649 5092 2822 5155 θέλεις
2848 5110 2861 5122 '
2906 5111 2925 5143 ι
2969 5092 3126 5161 δῆλον
3144 5090 3252 5162 γὰρ
3276 5091 3359 5144 ὃτι
3387 5092 3512 5153 τοὺς
3542 5090 3649 5159 τῆς

2064 5186 2486 5257 εὐγνωμοσύνης
2509 5186 2602 5238 καὶ
2633 5186 2871 5255 δεήσεως
2914 5184 3107 5253 λόγους
3164 5183 3457 5254 δεξάμενος
3485 5184 3514 5235 ὁ
3547 5184 3648 5252 '11;-

2066 5280 2192 5342 σοῦς
2211 5280 2309 5350 τὴν
2337 5279 2522 5331 πίστιν
2550 5278 2721 5347 αὐτῆς
2744 5278 3070 5347 ἐμεγάλυνε,
3096 5278 3190 5331 καὶ
3215 5276 3311 5348 τὴν
3342 5276 3647 5348 θεραπειαν

2060 5373 2382 5440 παρέσχετο,
2411 5370 2501 5431 Εἰς
2524 5370 2622 5439 τὴν
2661 5369 2831 5439 αὐτὴν
2863 5370 2919 5421 δὲ
2942 5370 3180 5423 διάνοιαν
3229 5371 3413 5440 ἀφορᾷ
3439 5369 3535 5421 καὶ
3552 5367 3642 5430 rb,

2064 5480 2080 5510 ι
2093 5461 2438 5531 Ἀποκριθεὶς
2452 5462 2480 5513 6
2497 5461 2699 5531 Ἰησοῦς
2720 5458 2870 5515 εἶπεν
2888 5462 3056 5534 αὐτῷ,
3072 5462 3355 5533 Μακάριος
3374 5459 3445 5529 εί,
3461 5462 3647 5533 Σίμων

2800 5578 2847 5611 ⁸ο
2878 5577 3013 5636 Luc.
3054 5595 3182 5647 xm,
3211 5557 3323 5635 H.-
3374 5582 3419 5614 θ’
3448 5580 3644 5637 Matth.
