  <div class='ocr_page' id='page_1' title='image "/cluster/home/n/w/nwhite01/storage/ocr_20150623/101/hvd.32044018872879/102.png"; bbox 0 0 3888 6186; ppageno 0'>
   <div class='ocr_carea' id='block_1_1' title="bbox 203 173 1807 246">
    <p class='ocr_par' dir='ltr' id='par_1_1' title="bbox 203 175 1807 246">
     <span class='ocr_line' id='line_1_1' title="bbox 203 175 1807 246; baseline -0.007 0"><span class='ocrx_word' id='word_1_1' title='bbox 203 183 305 246; x_wconf 78' lang='grc'><strong>157</strong></span> <span class='ocrx_word' id='word_1_2' title='bbox 1187 180 1286 238; x_wconf 81' lang='grc' dir='ltr'><strong>ΑΙ)</strong></span> <span class='ocrx_word' id='word_1_3' title='bbox 1318 175 1807 238; x_wconf 60' lang='grc' dir='ltr'><strong>ΑΝῙΡΗΙΕΟΩΙΙΙ’</strong></span> 
     </span>
    </p>
   </div>
   <div class='ocr_carea' id='block_1_2' title="bbox 1912 173 3468 246">
    <p class='ocr_par' dir='ltr' id='par_1_2' title="bbox 1971 175 3468 244">
     <span class='ocr_line' id='line_1_2' title="bbox 1971 175 3468 244; baseline 0.005 -10"><span class='ocrx_word' id='word_1_4' title='bbox 1971 175 2142 244; x_wconf 67' lang='grc' dir='ltr'>ΟυίΕ</span> <span class='ocrx_word' id='word_1_5' title='bbox 2152 175 2321 234; x_wconf 86' lang='lat' dir='ltr'><strong>STIO</strong></span> <span class='ocrx_word' id='word_1_6' title='bbox 2359 176 2520 237; x_wconf 81' lang='lat' dir='ltr'>XXI.</span> <span class='ocrx_word' id='word_1_7' title='bbox 3365 177 3468 242; x_wconf 78' lang='grc'><strong>158</strong></span> 
     </span>
    </p>
   </div>
   <div class='ocr_carea' id='block_1_3' title="bbox 193 285 1807 366">
    <p class='ocr_par' dir='ltr' id='par_1_3' title="bbox 193 287 1807 366">
     <span class='ocr_line' id='line_1_3' title="bbox 193 287 1807 366; baseline -0.002 -18"><span class='ocrx_word' id='word_1_8' title='bbox 193 299 305 366; x_wconf 71' lang='grc' dir='ltr'>βαρ</span> <span class='ocrx_word' id='word_1_9' title='bbox 353 295 530 359; x_wconf 80' lang='grc' dir='ltr'>Ἰωνᾶ,</span> <span class='ocrx_word' id='word_1_10' title='bbox 567 294 651 347; x_wconf 80' lang='grc' dir='ltr'>ὅτι</span> <span class='ocrx_word' id='word_1_11' title='bbox 681 292 820 365; x_wconf 75' lang='grc' dir='ltr'>σὰρξ</span> <span class='ocrx_word' id='word_1_12' title='bbox 843 293 939 346; x_wconf 83' lang='grc' dir='ltr'><strong>καὶ</strong></span> <span class='ocrx_word' id='word_1_13' title='bbox 973 287 1113 360; x_wconf 75' lang='grc' dir='ltr'>αἷμα</span> <span class='ocrx_word' id='word_1_14' title='bbox 1152 292 1250 344; x_wconf 75' lang='grc' dir='ltr'><strong>οὐκ</strong></span> <span class='ocrx_word' id='word_1_15' title='bbox 1276 291 1596 358; x_wconf 74' lang='grc' dir='ltr'>ἀπεκάλυψε</span> <span class='ocrx_word' id='word_1_16' title='bbox 1636 308 1718 344; x_wconf 84' lang='grc' dir='ltr'><strong>σοι</strong></span> <span class='ocrx_word' id='word_1_17' title='bbox 1751 306 1766 320; x_wconf 82' lang='grc'><em>’</em></span> <span class='ocrx_word' id='word_1_18' title='bbox 1801 333 1807 345; x_wconf 84' lang='grc'><strong>.</strong></span> 
     </span>
    </p>
   </div>
   <div class='ocr_carea' id='block_1_4' title="bbox 1912 285 3456 366">
    <p class='ocr_par' dir='ltr' id='par_1_4' title="bbox 1912 285 3456 357">
     <span class='ocr_line' id='line_1_4' title="bbox 1912 285 3456 357; baseline 0.009 -22"><span class='ocrx_word' id='word_1_19' title='bbox 1912 303 2118 357; x_wconf 65' lang='lat' dir='ltr'><strong>unique</strong></span> <span class='ocrx_word' id='word_1_20' title='bbox 2165 289 2246 341; x_wconf 85' lang='lat' dir='ltr'><strong>bis</strong></span> <span class='ocrx_word' id='word_1_21' title='bbox 2287 289 2472 344; x_wconf 90' lang='lat' dir='ltr'><strong>verbis</strong></span> <span class='ocrx_word' id='word_1_22' title='bbox 2522 285 2664 344; x_wconf 86' lang='lat' dir='ltr'><strong>Petri</strong></span> <span class='ocrx_word' id='word_1_23' title='bbox 2692 289 3096 347; x_wconf 80' lang='lat' dir='ltr'><strong>confessionem</strong></span> <span class='ocrx_word' id='word_1_24' title='bbox 3139 293 3456 355; x_wconf 87' lang='lat' dir='ltr'><strong>admittens.</strong></span> 
     </span>
    </p>
   </div>
   <div class='ocr_carea' id='block_1_5' title="bbox 192 380 1807 458">
    <p class='ocr_par' dir='ltr' id='par_1_5' title="bbox 192 383 1777 458">
     <span class='ocr_line' id='line_1_5' title="bbox 192 383 1777 458; baseline -0.003 -18"><span class='ocrx_word' id='word_1_25' title='bbox 192 385 578 457; x_wconf 78' lang='grc' dir='ltr'>διαδεξάμενος</span> <span class='ocrx_word' id='word_1_26' title='bbox 608 387 718 457; x_wconf 84' lang='grc' dir='ltr'><strong>γὰρ</strong></span> <span class='ocrx_word' id='word_1_27' title='bbox 745 386 825 458; x_wconf 85' lang='grc' dir='ltr'>τῷ</span> <span class='ocrx_word' id='word_1_28' title='bbox 865 386 1010 455; x_wconf 84' lang='grc' dir='ltr'>λόγῳ</span> <span class='ocrx_word' id='word_1_29' title='bbox 1033 385 1131 454; x_wconf 83' lang='grc' dir='ltr'>τὴν</span> <span class='ocrx_word' id='word_1_30' title='bbox 1150 383 1579 452; x_wconf 77' lang='grc' dir='ltr'>ἀνακηρύξασαν</span> <span class='ocrx_word' id='word_1_31' title='bbox 1613 384 1777 436; x_wconf 76' lang='grc' dir='ltr'>αὐτὸν</span> 
     </span>
    </p>
   </div>
   <div class='ocr_carea' id='block_1_6' title="bbox 1912 380 3470 458">
    <p class='ocr_par' dir='ltr' id='par_1_6' title="bbox 1920 380 3470 455">
     <span class='ocr_line' id='line_1_6' title="bbox 1920 380 3470 455; baseline 0.004 -23"><span class='ocrx_word' id='word_1_32' title='bbox 1920 393 1986 433; x_wconf 87' lang='lat' dir='ltr'><strong>ua</strong></span> <span class='ocrx_word' id='word_1_33' title='bbox 2041 395 2168 433; x_wconf 90' lang='lat' dir='ltr'><strong>eum</strong></span> <span class='ocrx_word' id='word_1_34' title='bbox 2203 389 2256 433; x_wconf 88' lang='lat' dir='ltr'><strong>et</strong></span> <span class='ocrx_word' id='word_1_35' title='bbox 2284 380 2563 434; x_wconf 79' lang='lat' dir='ltr'><strong>Christum</strong></span> <span class='ocrx_word' id='word_1_36' title='bbox 2615 392 2670 436; x_wconf 88' lang='lat' dir='ltr'><strong>et</strong></span> <span class='ocrx_word' id='word_1_37' title='bbox 2711 381 2803 436; x_wconf 89' lang='lat' dir='ltr'><strong>Dei</strong></span> <span class='ocrx_word' id='word_1_38' title='bbox 2833 384 3062 439; x_wconf 75' lang='lat' dir='ltr'><strong>viventis</strong></span> <span class='ocrx_word' id='word_1_39' title='bbox 3097 383 3293 438; x_wconf 85' lang='lat' dir='ltr'><strong>Filium</strong></span> <span class='ocrx_word' id='word_1_40' title='bbox 3330 403 3470 455; x_wconf 75' lang='lat' dir='ltr'><strong>pra-.-</strong></span> 
     </span>
    </p>
   </div>
   <div class='ocr_carea' id='block_1_7' title="bbox 195 470 1807 550">
    <p class='ocr_par' dir='ltr' id='par_1_7' title="bbox 195 474 1778 550">
     <span class='ocr_line' id='line_1_7' title="bbox 195 474 1778 550; baseline -0.003 -18"><span class='ocrx_word' id='word_1_41' title='bbox 195 479 491 550; x_wconf 79' lang='grc' dir='ltr'>ὁμολογίαν</span> <span class='ocrx_word' id='word_1_42' title='bbox 511 478 753 548; x_wconf 84' lang='grc' dir='ltr'>Χριστόν</span> <span class='ocrx_word' id='word_1_43' title='bbox 773 495 831 530; x_wconf 91' lang='grc' dir='ltr'><strong>τε</strong></span> <span class='ocrx_word' id='word_1_44' title='bbox 861 477 954 530; x_wconf 90' lang='grc' dir='ltr'><strong>καὶ</strong></span> <span class='ocrx_word' id='word_1_45' title='bbox 983 476 1107 529; x_wconf 82' lang='grc' dir='ltr'>Υἱὸν</span> <span class='ocrx_word' id='word_1_46' title='bbox 1137 475 1234 528; x_wconf 89' lang='grc' dir='ltr'><strong>τοῦ</strong></span> <span class='ocrx_word' id='word_1_47' title='bbox 1265 474 1402 528; x_wconf 86' lang='grc' dir='ltr'>Θεοῦ</span> <span class='ocrx_word' id='word_1_48' title='bbox 1457 474 1552 528; x_wconf 86' lang='grc' dir='ltr'><strong>τοῦ</strong></span> <span class='ocrx_word' id='word_1_49' title='bbox 1579 475 1778 540; x_wconf 78' lang='grc' dir='ltr'>ζῶντος</span> 
     </span>
    </p>
   </div>
   <div class='ocr_carea' id='block_1_8' title="bbox 1912 470 3468 550">
    <p class='ocr_par' dir='ltr' id='par_1_8' title="bbox 1918 470 3468 542">
     <span class='ocr_line' id='line_1_8' title="bbox 1918 470 3468 542; baseline 0.003 -19"><span class='ocrx_word' id='word_1_50' title='bbox 1918 470 2176 535; x_wconf 85' lang='lat' dir='ltr'><strong>icaverat,</strong></span> <span class='ocrx_word' id='word_1_51' title='bbox 2205 471 2421 525; x_wconf 87' lang='lat' dir='ltr'><strong>beatum</strong></span> <span class='ocrx_word' id='word_1_52' title='bbox 2475 471 2628 526; x_wconf 89' lang='lat' dir='ltr'><strong>illum</strong></span> <span class='ocrx_word' id='word_1_53' title='bbox 2681 473 2927 528; x_wconf 86' lang='lat' dir='ltr'><strong>vicissim</strong></span> <span class='ocrx_word' id='word_1_54' title='bbox 2991 475 3175 529; x_wconf 88' lang='lat' dir='ltr'><strong>edicit.</strong></span> <span class='ocrx_word' id='word_1_55' title='bbox 3214 476 3468 542; x_wconf 77' lang='lat' dir='ltr'><strong>Ejusdem</strong></span> 
     </span>
    </p>
   </div>
   <div class='ocr_carea' id='block_1_9' title="bbox 200 563 1807 640">
    <p class='ocr_par' dir='ltr' id='par_1_9' title="bbox 200 566 1780 640">
     <span class='ocr_line' id='line_1_9' title="bbox 200 566 1780 640; baseline -0.004 -16"><span class='ocrx_word' id='word_1_56' title='bbox 200 569 488 624; x_wconf 76' lang='grc' dir='ltr'><strong>ὑπολαϐὼν</strong></span> <span class='ocrx_word' id='word_1_57' title='bbox 524 569 636 640; x_wconf 78' lang='grc'><strong>(57)</strong></span> <span class='ocrx_word' id='word_1_58' title='bbox 667 569 921 640; x_wconf 81' lang='grc' dir='ltr'><strong>ἐπιφέρει</strong></span> <span class='ocrx_word' id='word_1_59' title='bbox 949 568 1040 620; x_wconf 84' lang='grc' dir='ltr'>τὸν</span> <span class='ocrx_word' id='word_1_60' title='bbox 1074 566 1445 638; x_wconf 83' lang='grc' dir='ltr'>μακαρισμόν.</span> <span class='ocrx_word' id='word_1_61' title='bbox 1482 567 1590 636; x_wconf 84' lang='grc' dir='ltr'><strong>Τῆς</strong></span> <span class='ocrx_word' id='word_1_62' title='bbox 1609 566 1780 636; x_wconf 79' lang='grc' dir='ltr'>αὐτῆς</span> 
     </span>
    </p>
   </div>
   <div class='ocr_carea' id='block_1_10' title="bbox 1912 563 3474 640">
    <p class='ocr_par' dir='ltr' id='par_1_10' title="bbox 1912 563 3474 638">
     <span class='ocr_line' id='line_1_10' title="bbox 1912 563 3474 638; baseline 0.003 -22"><span class='ocrx_word' id='word_1_63' title='bbox 1912 563 2096 617; x_wconf 58' lang='lat' dir='ltr'><strong>‘eneris</strong></span> <span class='ocrx_word' id='word_1_64' title='bbox 2121 572 2205 617; x_wconf 88' lang='lat' dir='ltr'><strong>est</strong></span> <span class='ocrx_word' id='word_1_65' title='bbox 2234 580 2249 617; x_wconf 91' lang='lat'><strong>:</strong></span> <span class='ocrx_word' id='word_1_66' title='bbox 2292 581 2311 614; x_wconf 76' lang='grc' dir='ltr'><strong>ι</strong></span> <span class='ocrx_word' id='word_1_67' title='bbox 2352 565 2653 633; x_wconf 72' lang='lat' dir='ltr'><strong>Respondit</strong></span> <span class='ocrx_word' id='word_1_68' title='bbox 2691 567 2738 618; x_wconf 89' lang='lat' dir='ltr'><strong>ei</strong></span> <span class='ocrx_word' id='word_1_69' title='bbox 2781 564 3018 621; x_wconf 89' lang='lat' dir='ltr'><strong>Joannes</strong></span> <span class='ocrx_word' id='word_1_70' title='bbox 3051 567 3235 620; x_wconf 83' lang='lat' dir='ltr'><strong>dicens</strong></span> <span class='ocrx_word' id='word_1_71' title='bbox 3268 585 3281 621; x_wconf 92' lang='lat'><strong>:</strong></span> <span class='ocrx_word' id='word_1_72' title='bbox 3312 566 3474 638; x_wconf 83' lang='lat' dir='ltr'><strong>Magi-</strong></span> 
     </span>
    </p>
   </div>
   <div class='ocr_carea' id='block_1_11' title="bbox 199 657 1783 732">
    <p class='ocr_par' dir='ltr' id='par_1_11' title="bbox 199 657 1783 732">
     <span class='ocr_line' id='line_1_11' title="bbox 199 657 1783 732; baseline -0.003 -16"><span class='ocrx_word' id='word_1_73' title='bbox 199 664 246 716; x_wconf 76' lang='grc' dir='ltr'>δ’</span> <span class='ocrx_word' id='word_1_74' title='bbox 301 662 370 715; x_wconf 76' lang='grc' dir='ltr'>ἂν</span> <span class='ocrx_word' id='word_1_75' title='bbox 403 661 488 732; x_wconf 73' lang='grc' dir='ltr'>εἴη</span> <span class='ocrx_word' id='word_1_76' title='bbox 515 661 832 730; x_wconf 82' lang='grc' dir='ltr'><strong>συστοιχίας</strong></span> <span class='ocrx_word' id='word_1_77' title='bbox 881 659 976 711; x_wconf 91' lang='grc' dir='ltr'><strong>καὶ</strong></span> <span class='ocrx_word' id='word_1_78' title='bbox 995 658 1078 722; x_wconf 85' lang='grc' dir='ltr'>τὸ,</span> <span class='ocrx_word' id='word_1_79' title='bbox 1119 676 1138 709; x_wconf 76' lang='grc' dir='ltr'><strong>ι</strong></span> <span class='ocrx_word' id='word_1_80' title='bbox 1165 657 1467 729; x_wconf 79' lang='grc' dir='ltr'><strong>Ἀπεκρίθη</strong></span> <span class='ocrx_word' id='word_1_81' title='bbox 1495 658 1551 711; x_wconf 85' lang='grc' dir='ltr'><strong>δέ</strong></span> <span class='ocrx_word' id='word_1_82' title='bbox 1582 658 1728 728; x_wconf 82' lang='grc' dir='ltr'>αὐτῷ</span> <span class='ocrx_word' id='word_1_83' title='bbox 1755 660 1783 712; x_wconf 98' lang='lat'><strong>6</strong></span> 
     </span>
    </p>
   </div>
   <div class='ocr_carea' id='block_1_12' title="bbox 216 747 1784 820">
    <p class='ocr_par' dir='ltr' id='par_1_12' title="bbox 216 747 1784 820">
     <span class='ocr_line' id='line_1_12' title="bbox 216 747 1784 820; baseline -0.002 -15"><span class='ocrx_word' id='word_1_84' title='bbox 216 751 471 820; x_wconf 76' lang='grc' dir='ltr'><strong>Ἰωάννης</strong></span> <span class='ocrx_word' id='word_1_85' title='bbox 495 749 691 816; x_wconf 87' lang='grc' dir='ltr'>λέγων,</span> <span class='ocrx_word' id='word_1_86' title='bbox 714 747 1033 814; x_wconf 86' lang='grc' dir='ltr'>Διδάσκαλε,</span> <span class='ocrx_word' id='word_1_87' title='bbox 1068 748 1282 818; x_wconf 83' lang='grc' dir='ltr'>είδομέν</span> <span class='ocrx_word' id='word_1_88' title='bbox 1310 765 1433 802; x_wconf 84' lang='grc' dir='ltr'>τινα</span> <span class='ocrx_word' id='word_1_89' title='bbox 1454 747 1643 819; x_wconf 87' lang='grc' dir='ltr'>ἐπὶτῷ</span> <span class='ocrx_word' id='word_1_90' title='bbox 1663 748 1784 802; x_wconf 82' lang='grc' dir='ltr'><strong>ὀνό-</strong></span> 
     </span>
    </p>
   </div>
   <div class='ocr_carea' id='block_1_13' title="bbox 206 840 1788 913">
    <p class='ocr_par' dir='ltr' id='par_1_13' title="bbox 206 840 1788 913">
     <span class='ocr_line' id='line_1_13' title="bbox 206 840 1788 913; baseline -0.001 -18"><span class='ocrx_word' id='word_1_91' title='bbox 206 843 342 913; x_wconf 85' lang='grc' dir='ltr'>ματί</span> <span class='ocrx_word' id='word_1_92' title='bbox 398 859 490 894; x_wconf 89' lang='grc' dir='ltr'><strong>σου</strong></span> <span class='ocrx_word' id='word_1_93' title='bbox 547 840 879 896; x_wconf 80' lang='grc' dir='ltr'>ἐκϐάλλοντα</span> <span class='ocrx_word' id='word_1_94' title='bbox 920 841 1196 910; x_wconf 79' lang='grc' dir='ltr'>δαιμόνια,</span> <span class='ocrx_word' id='word_1_95' title='bbox 1249 841 1310 904; x_wconf 81' lang='grc' dir='ltr'>ὃς</span> <span class='ocrx_word' id='word_1_96' title='bbox 1368 841 1469 893; x_wconf 81' lang='grc' dir='ltr'>οὐκ</span> <span class='ocrx_word' id='word_1_97' title='bbox 1497 840 1788 894; x_wconf 81' lang='grc' dir='ltr'>ἀκολουθεὶ</span> 
     </span>
    </p>
   </div>
   <div class='ocr_carea' id='block_1_14' title="bbox 204 933 1790 1006">
    <p class='ocr_par' dir='ltr' id='par_1_14' title="bbox 204 933 1790 1006">
     <span class='ocr_line' id='line_1_14' title="bbox 204 933 1790 1006; baseline 0.001 -19"><span class='ocrx_word' id='word_1_98' title='bbox 204 937 362 1004; x_wconf 70' lang='grc' dir='ltr'>ἡμῖν’</span> <span class='ocrx_word' id='word_1_99' title='bbox 392 954 411 987; x_wconf 75' lang='grc' dir='ltr'><strong>ι</strong></span> <span class='ocrx_word' id='word_1_100' title='bbox 444 934 538 988; x_wconf 91' lang='grc' dir='ltr'><strong>καὶ</strong></span> <span class='ocrx_word' id='word_1_101' title='bbox 568 933 740 987; x_wconf 83' lang='grc' dir='ltr'>πολλὰ</span> <span class='ocrx_word' id='word_1_102' title='bbox 764 935 1010 988; x_wconf 88' lang='grc' dir='ltr'>τοιαῦτα.</span> <span class='ocrx_word' id='word_1_103' title='bbox 1043 934 1110 986; x_wconf 88' lang='grc' dir='ltr'>Ἥ</span> <span class='ocrx_word' id='word_1_104' title='bbox 1137 933 1196 987; x_wconf 83' lang='grc' dir='ltr'>δὲ</span> <span class='ocrx_word' id='word_1_105' title='bbox 1221 935 1365 988; x_wconf 86' lang='grc' dir='ltr'>κατὰ</span> <span class='ocrx_word' id='word_1_106' title='bbox 1387 935 1486 1004; x_wconf 83' lang='grc' dir='ltr'>τὴν</span> <span class='ocrx_word' id='word_1_107' title='bbox 1509 934 1790 1006; x_wconf 84' lang='grc' dir='ltr'>μεταμόρ-</span> 
     </span>
    </p>
   </div>
   <div class='ocr_carea' id='block_1_15' title="bbox 204 1024 1788 1096">
    <p class='ocr_par' dir='ltr' id='par_1_15' title="bbox 204 1024 1788 1096">
     <span class='ocr_line' id='line_1_15' title="bbox 204 1024 1788 1096; baseline -0.002 -15"><span class='ocrx_word' id='word_1_108' title='bbox 204 1042 382 1094; x_wconf 74' lang='grc' dir='ltr'>φωσιν</span> <span class='ocrx_word' id='word_1_109' title='bbox 403 1026 504 1096; x_wconf 83' lang='grc' dir='ltr'>τῆς</span> <span class='ocrx_word' id='word_1_110' title='bbox 539 1024 859 1094; x_wconf 85' lang='grc' dir='ltr'>θεοφανείας</span> <span class='ocrx_word' id='word_1_111' title='bbox 901 1025 1114 1096; x_wconf 78' lang='grc' dir='ltr'>ἱστορία</span> <span class='ocrx_word' id='word_1_112' title='bbox 1137 1026 1230 1080; x_wconf 84' lang='grc' dir='ltr'>τὸν</span> <span class='ocrx_word' id='word_1_113' title='bbox 1274 1027 1517 1096; x_wconf 82' lang='grc' dir='ltr'>Μωῦσῆν</span> <span class='ocrx_word' id='word_1_114' title='bbox 1556 1029 1650 1081; x_wconf 88' lang='grc' dir='ltr'><strong>καὶ</strong></span> <span class='ocrx_word' id='word_1_115' title='bbox 1695 1026 1788 1079; x_wconf 79' lang='grc' dir='ltr'>τὸν</span> 
     </span>
    </p>
   </div>
   <div class='ocr_carea' id='block_1_16' title="bbox 220 1115 1788 1191">
    <p class='ocr_par' dir='ltr' id='par_1_16' title="bbox 220 1115 1788 1191">
     <span class='ocr_line' id='line_1_16' title="bbox 220 1115 1788 1191; baseline -0.001 -21"><span class='ocrx_word' id='word_1_116' title='bbox 220 1116 412 1170; x_wconf 89' lang='grc' dir='ltr'>Ἠλίαν</span> <span class='ocrx_word' id='word_1_117' title='bbox 437 1117 762 1187; x_wconf 89' lang='grc' dir='ltr'>παράγουσα</span> <span class='ocrx_word' id='word_1_118' title='bbox 784 1115 1177 1182; x_wconf 80' lang='grc' dir='ltr'><strong>συλλαλοῦντας</strong></span> <span class='ocrx_word' id='word_1_119' title='bbox 1221 1118 1301 1189; x_wconf 84' lang='grc' dir='ltr'>τῷ</span> <span class='ocrx_word' id='word_1_120' title='bbox 1351 1121 1618 1191; x_wconf 83' lang='grc' dir='ltr'>Δεσπότῃ,</span> <span class='ocrx_word' id='word_1_121' title='bbox 1665 1115 1788 1171; x_wconf 87' lang='grc' dir='ltr'>καθ’</span> 
     </span>
    </p>
   </div>
   <div class='ocr_carea' id='block_1_17' title="bbox 205 1208 1790 1281">
    <p class='ocr_par' dir='ltr' id='par_1_17' title="bbox 205 1208 1790 1281">
     <span class='ocr_line' id='line_1_17' title="bbox 205 1208 1790 1281; baseline -0.001 -18"><span class='ocrx_word' id='word_1_122' title='bbox 205 1213 276 1280; x_wconf 76' lang='grc' dir='ltr'>ἢν</span> <span class='ocrx_word' id='word_1_123' title='bbox 309 1209 405 1262; x_wconf 89' lang='grc' dir='ltr'><strong>καὶ</strong></span> <span class='ocrx_word' id='word_1_124' title='bbox 431 1211 459 1262; x_wconf 95' lang='lat'><strong>6</strong></span> <span class='ocrx_word' id='word_1_125' title='bbox 490 1209 696 1280; x_wconf 80' lang='grc' dir='ltr'><strong>Πέτρος</strong></span> <span class='ocrx_word' id='word_1_126' title='bbox 721 1208 895 1262; x_wconf 83' lang='grc' dir='ltr'>ἐδεῖτο</span> <span class='ocrx_word' id='word_1_127' title='bbox 909 1208 1166 1277; x_wconf 83' lang='grc' dir='ltr'>γενέσθαι</span> <span class='ocrx_word' id='word_1_128' title='bbox 1184 1208 1369 1274; x_wconf 80' lang='grc' dir='ltr'>αὐτοῖς</span> <span class='ocrx_word' id='word_1_129' title='bbox 1398 1210 1602 1281; x_wconf 86' lang='grc' dir='ltr'>σκηνὰς</span> <span class='ocrx_word' id='word_1_130' title='bbox 1617 1211 1790 1280; x_wconf 81' lang='grc' dir='ltr'><strong>τρεῖς,</strong></span> 
     </span>
    </p>
   </div>
   <div class='ocr_carea' id='block_1_18' title="bbox 209 1295 1793 1369">
    <p class='ocr_par' dir='ltr' id='par_1_18' title="bbox 209 1295 1793 1369">
     <span class='ocr_line' id='line_1_18' title="bbox 209 1295 1793 1369; baseline 0.001 -20"><span class='ocrx_word' id='word_1_131' title='bbox 209 1299 274 1352; x_wconf 80' lang='grc' dir='ltr'><strong>ἐν</strong></span> <span class='ocrx_word' id='word_1_132' title='bbox 298 1296 379 1367; x_wconf 84' lang='grc' dir='ltr'>τῷ</span> <span class='ocrx_word' id='word_1_133' title='bbox 406 1315 426 1350; x_wconf 77' lang='grc' dir='ltr'><strong>ι</strong></span> <span class='ocrx_word' id='word_1_134' title='bbox 456 1295 804 1369; x_wconf 82' lang='grc' dir='ltr'>’Δποκριθεὶς</span> <span class='ocrx_word' id='word_1_135' title='bbox 826 1297 856 1349; x_wconf 91' lang='lat'><strong>6</strong></span> <span class='ocrx_word' id='word_1_136' title='bbox 882 1297 1113 1369; x_wconf 82' lang='grc' dir='ltr'><strong>Πέτρος,</strong></span> <span class='ocrx_word' id='word_1_137' title='bbox 1142 1315 1162 1349; x_wconf 74' lang='grc' dir='ltr'><strong>ι</strong></span> <span class='ocrx_word' id='word_1_138' title='bbox 1199 1297 1300 1369; x_wconf 83' lang='grc' dir='ltr'>τὴν</span> <span class='ocrx_word' id='word_1_139' title='bbox 1328 1298 1542 1353; x_wconf 76' lang='grc' dir='ltr'><strong>ἱκεσίαν</strong></span> <span class='ocrx_word' id='word_1_140' title='bbox 1571 1296 1668 1352; x_wconf 83' lang='grc' dir='ltr'><strong>καὶ</strong></span> <span class='ocrx_word' id='word_1_141' title='bbox 1696 1297 1793 1369; x_wconf 82' lang='grc' dir='ltr'>τὴν</span> 
     </span>
    </p>
   </div>
   <div class='ocr_carea' id='block_1_19' title="bbox 209 1386 1796 1462">
    <p class='ocr_par' dir='ltr' id='par_1_19' title="bbox 209 1386 1796 1462">
     <span class='ocr_line' id='line_1_19' title="bbox 209 1386 1796 1462; baseline 0.001 -21"><span class='ocrx_word' id='word_1_142' title='bbox 209 1387 398 1458; x_wconf 88' lang='grc' dir='ltr'>δέησιν</span> <span class='ocrx_word' id='word_1_143' title='bbox 439 1387 729 1456; x_wconf 87' lang='grc' dir='ltr'>σημαίνει·</span> <span class='ocrx_word' id='word_1_144' title='bbox 755 1386 943 1461; x_wconf 86' lang='grc' dir='ltr'>ὥσπερ</span> <span class='ocrx_word' id='word_1_145' title='bbox 958 1389 1121 1444; x_wconf 86' lang='grc' dir='ltr'>πάλιν</span> <span class='ocrx_word' id='word_1_146' title='bbox 1137 1390 1231 1444; x_wconf 88' lang='grc' dir='ltr'><strong>καὶ</strong></span> <span class='ocrx_word' id='word_1_147' title='bbox 1244 1389 1328 1454; x_wconf 82' lang='grc' dir='ltr'>τὸ,</span> <span class='ocrx_word' id='word_1_148' title='bbox 1355 1409 1376 1442; x_wconf 77' lang='grc' dir='ltr'><strong>ι</strong></span> <span class='ocrx_word' id='word_1_149' title='bbox 1402 1389 1747 1462; x_wconf 80' lang='grc' dir='ltr'><strong>Ἀποκριθεὶς</strong></span> <span class='ocrx_word' id='word_1_150' title='bbox 1766 1391 1796 1442; x_wconf 92' lang='lat'><strong>6</strong></span> 
     </span>
    </p>
   </div>
   <div class='ocr_carea' id='block_1_20' title="bbox 210 1473 1797 1552">
    <p class='ocr_par' dir='ltr' id='par_1_20' title="bbox 210 1473 1797 1552">
     <span class='ocr_line' id='line_1_20' title="bbox 210 1473 1797 1552; baseline 0.003 -22"><span class='ocrx_word' id='word_1_151' title='bbox 210 1478 424 1549; x_wconf 78' lang='grc' dir='ltr'>Πέτρος</span> <span class='ocrx_word' id='word_1_152' title='bbox 469 1473 613 1541; x_wconf 75' lang='grc' dir='ltr'>εἰπε,</span> <span class='ocrx_word' id='word_1_153' title='bbox 650 1475 828 1548; x_wconf 82' lang='grc' dir='ltr'>Κύριε</span> <span class='ocrx_word' id='word_1_154' title='bbox 895 1479 946 1533; x_wconf 85' lang='grc' dir='ltr'><strong>εἱ</strong></span> <span class='ocrx_word' id='word_1_155' title='bbox 977 1478 1042 1534; x_wconf 80' lang='grc' dir='ltr'>σὺ</span> <span class='ocrx_word' id='word_1_156' title='bbox 1085 1473 1158 1545; x_wconf 75' lang='grc' dir='ltr'>εἴ,</span> <span class='ocrx_word' id='word_1_157' title='bbox 1197 1479 1454 1534; x_wconf 85' lang='grc' dir='ltr'>κέλευσόν</span> <span class='ocrx_word' id='word_1_158' title='bbox 1505 1497 1576 1552; x_wconf 92' lang='grc' dir='ltr'><strong>με</strong></span> <span class='ocrx_word' id='word_1_159' title='bbox 1619 1479 1797 1534; x_wconf 78' lang='grc' dir='ltr'>ἐλθεῖν</span> 
     </span>
    </p>
   </div>
   <div class='ocr_carea' id='block_1_21' title="bbox 210 1567 1794 1644">
    <p class='ocr_par' dir='ltr' id='par_1_21' title="bbox 210 1567 1794 1644">
     <span class='ocr_line' id='line_1_21' title="bbox 210 1567 1794 1644; baseline 0.003 -22"><span class='ocrx_word' id='word_1_160' title='bbox 210 1569 359 1640; x_wconf 77' lang='grc' dir='ltr'>πρὸς</span> <span class='ocrx_word' id='word_1_161' title='bbox 384 1567 445 1621; x_wconf 84' lang='grc' dir='ltr'>σὲ</span> <span class='ocrx_word' id='word_1_162' title='bbox 477 1568 573 1623; x_wconf 86' lang='grc' dir='ltr'><strong>ἐπὶ</strong></span> <span class='ocrx_word' id='word_1_163' title='bbox 593 1569 663 1622; x_wconf 83' lang='grc' dir='ltr'>τὰ</span> <span class='ocrx_word' id='word_1_164' title='bbox 687 1567 876 1624; x_wconf 74' lang='grc' dir='ltr'>ὓδαταο</span> <span class='ocrx_word' id='word_1_165' title='bbox 907 1586 926 1622; x_wconf 78' lang='grc' dir='ltr'><strong>ι</strong></span> <span class='ocrx_word' id='word_1_166' title='bbox 963 1572 1059 1624; x_wconf 90' lang='grc' dir='ltr'><strong>καὶ</strong></span> <span class='ocrx_word' id='word_1_167' title='bbox 1083 1572 1194 1644; x_wconf 88' lang='grc' dir='ltr'><strong>γάρ</strong></span> <span class='ocrx_word' id='word_1_168' title='bbox 1221 1575 1330 1644; x_wconf 80' lang='grc' dir='ltr'>τῆς</span> <span class='ocrx_word' id='word_1_169' title='bbox 1345 1571 1629 1642; x_wconf 82' lang='grc' dir='ltr'>δειλιώσης</span> <span class='ocrx_word' id='word_1_170' title='bbox 1658 1569 1794 1643; x_wconf 86' lang='grc' dir='ltr'>γνώ-</span> 
     </span>
    </p>
   </div>
   <div class='ocr_carea' id='block_1_22' title="bbox 213 1659 1801 1734">
    <p class='ocr_par' dir='ltr' id='par_1_22' title="bbox 213 1659 1801 1734">
     <span class='ocr_line' id='line_1_22' title="bbox 213 1659 1801 1734; baseline 0.001 -19"><span class='ocrx_word' id='word_1_171' title='bbox 213 1677 329 1731; x_wconf 84' lang='grc' dir='ltr'><strong>μης</strong></span> <span class='ocrx_word' id='word_1_172' title='bbox 353 1661 479 1723; x_wconf 82' lang='grc' dir='ltr'>τοὺς</span> <span class='ocrx_word' id='word_1_173' title='bbox 513 1659 762 1731; x_wconf 82' lang='grc' dir='ltr'>μαθητὰς</span> <span class='ocrx_word' id='word_1_174' title='bbox 785 1662 1090 1730; x_wconf 81' lang='grc' dir='ltr'>ἀπάγοντος</span> <span class='ocrx_word' id='word_1_175' title='bbox 1143 1661 1238 1716; x_wconf 90' lang='grc' dir='ltr'><strong>τοῦ</strong></span> <span class='ocrx_word' id='word_1_176' title='bbox 1280 1662 1457 1734; x_wconf 82' lang='grc' dir='ltr'>Ἰησοῦ</span> <span class='ocrx_word' id='word_1_177' title='bbox 1492 1664 1586 1718; x_wconf 90' lang='grc' dir='ltr'><strong>καὶ</strong></span> <span class='ocrx_word' id='word_1_178' title='bbox 1617 1663 1801 1734; x_wconf 78' lang='grc' dir='ltr'>λέγον-</span> 
     </span>
    </p>
   </div>
   <div class='ocr_carea' id='block_1_23' title="bbox 211 1749 1802 1827">
    <p class='ocr_par' dir='ltr' id='par_1_23' title="bbox 211 1749 1802 1827">
     <span class='ocr_line' id='line_1_23' title="bbox 211 1749 1802 1827; baseline 0.005 -26"><span class='ocrx_word' id='word_1_179' title='bbox 211 1766 331 1817; x_wconf 89' lang='grc' dir='ltr'>τος,</span> <span class='ocrx_word' id='word_1_180' title='bbox 375 1767 395 1802; x_wconf 78' lang='grc' dir='ltr'><strong>ι</strong></span> <span class='ocrx_word' id='word_1_181' title='bbox 433 1749 715 1822; x_wconf 82' lang='grc' dir='ltr'>Θαρσεῖτε,</span> <span class='ocrx_word' id='word_1_182' title='bbox 757 1750 870 1820; x_wconf 86' lang='grc' dir='ltr'><strong>ἐγώ</strong></span> <span class='ocrx_word' id='word_1_183' title='bbox 915 1753 1050 1822; x_wconf 77' lang='grc' dir='ltr'>εἰμι,</span> <span class='ocrx_word' id='word_1_184' title='bbox 1090 1752 1166 1824; x_wconf 79' lang='grc' dir='ltr'>μὴ</span> <span class='ocrx_word' id='word_1_185' title='bbox 1225 1753 1501 1822; x_wconf 78' lang='grc' dir='ltr'>φοϐεῖσθε,</span> <span class='ocrx_word' id='word_1_186' title='bbox 1540 1772 1561 1807; x_wconf 72' lang='grc' dir='ltr'><strong>ι</strong></span> <span class='ocrx_word' id='word_1_187' title='bbox 1606 1754 1802 1827; x_wconf 79' lang='grc' dir='ltr'>δραξᾴ-</span> 
     </span>
    </p>
   </div>
   <div class='ocr_carea' id='block_1_24' title="bbox 216 1842 1803 1914">
    <p class='ocr_par' dir='ltr' id='par_1_24' title="bbox 216 1842 1803 1914">
     <span class='ocr_line' id='line_1_24' title="bbox 216 1842 1803 1914; baseline 0.003 -18"><span class='ocrx_word' id='word_1_188' title='bbox 216 1858 384 1913; x_wconf 87' lang='grc' dir='ltr'>μενος</span> <span class='ocrx_word' id='word_1_189' title='bbox 413 1844 442 1897; x_wconf 89' lang='lat'><strong>6</strong></span> <span class='ocrx_word' id='word_1_190' title='bbox 467 1842 671 1914; x_wconf 80' lang='grc' dir='ltr'>Πέτρος</span> <span class='ocrx_word' id='word_1_191' title='bbox 696 1844 950 1914; x_wconf 78' lang='grc' dir='ltr'>ἀφορμῆς</span> <span class='ocrx_word' id='word_1_192' title='bbox 979 1847 1062 1909; x_wconf 87' lang='grc' dir='ltr'><strong>είς</strong></span> <span class='ocrx_word' id='word_1_193' title='bbox 1091 1845 1304 1901; x_wconf 79' lang='grc' dir='ltr'>ἱκεσίαν</span> <span class='ocrx_word' id='word_1_194' title='bbox 1335 1846 1500 1901; x_wconf 79' lang='grc' dir='ltr'>αὑτὸν</span> <span class='ocrx_word' id='word_1_195' title='bbox 1529 1847 1803 1901; x_wconf 83' lang='grc' dir='ltr'>καθιστώ-</span> 
     </span>
    </p>
   </div>
   <div class='ocr_carea' id='block_1_25' title="bbox 215 1931 1802 2010">
    <p class='ocr_par' dir='ltr' id='par_1_25' title="bbox 215 1931 1802 2010">
     <span class='ocr_line' id='line_1_25' title="bbox 215 1931 1802 2010; baseline 0.003 -22"><span class='ocrx_word' id='word_1_196' title='bbox 215 1951 343 2006; x_wconf 84' lang='grc' dir='ltr'>σης,</span> <span class='ocrx_word' id='word_1_197' title='bbox 368 1955 387 1989; x_wconf 75' lang='grc' dir='ltr'><strong>ι</strong></span> <span class='ocrx_word' id='word_1_198' title='bbox 410 1935 604 2006; x_wconf 82' lang='grc' dir='ltr'>Κύριε,</span> <span class='ocrx_word' id='word_1_199' title='bbox 621 1935 671 1989; x_wconf 88' lang='grc' dir='ltr'><strong>εἱ</strong></span> <span class='ocrx_word' id='word_1_200' title='bbox 687 1935 753 1989; x_wconf 77' lang='grc' dir='ltr'>σὺ</span> <span class='ocrx_word' id='word_1_201' title='bbox 769 1931 840 2001; x_wconf 77' lang='grc' dir='ltr'>εἷ,</span> <span class='ocrx_word' id='word_1_202' title='bbox 858 1935 1013 2006; x_wconf 84' lang='grc' dir='ltr'>φησὶ,</span> <span class='ocrx_word' id='word_1_203' title='bbox 1029 1936 1284 1992; x_wconf 83' lang='grc' dir='ltr'>κέλευσόν</span> <span class='ocrx_word' id='word_1_204' title='bbox 1303 1956 1370 2010; x_wconf 86' lang='grc' dir='ltr'><strong>με</strong></span> <span class='ocrx_word' id='word_1_205' title='bbox 1391 1939 1529 2010; x_wconf 83' lang='grc' dir='ltr'>πρὸς</span> <span class='ocrx_word' id='word_1_206' title='bbox 1553 1939 1614 1993; x_wconf 88' lang='grc' dir='ltr'>σὲ</span> <span class='ocrx_word' id='word_1_207' title='bbox 1627 1939 1802 1994; x_wconf 84' lang='grc' dir='ltr'>ἐλθεῖν</span> 
     </span>
    </p>
   </div>
   <div class='ocr_carea' id='block_1_26' title="bbox 215 2025 1803 2106">
    <p class='ocr_par' dir='ltr' id='par_1_26' title="bbox 215 2025 1803 2106">
     <span class='ocr_line' id='line_1_26' title="bbox 215 2025 1803 2106; baseline 0.008 -30"><span class='ocrx_word' id='word_1_208' title='bbox 215 2025 315 2077; x_wconf 85' lang='grc' dir='ltr'><strong>ἐπὶ</strong></span> <span class='ocrx_word' id='word_1_209' title='bbox 344 2026 415 2080; x_wconf 88' lang='grc' dir='ltr'><strong>τά</strong></span> <span class='ocrx_word' id='word_1_210' title='bbox 445 2026 642 2082; x_wconf 76' lang='grc' dir='ltr'>ὕδατα·</span> <span class='ocrx_word' id='word_1_211' title='bbox 671 2048 691 2083; x_wconf 70' lang='grc' dir='ltr'><strong>ι</strong></span> <span class='ocrx_word' id='word_1_212' title='bbox 724 2030 881 2102; x_wconf 80' lang='grc' dir='ltr'>δῆλον</span> <span class='ocrx_word' id='word_1_213' title='bbox 901 2031 1011 2104; x_wconf 84' lang='grc' dir='ltr'>γὰρ</span> <span class='ocrx_word' id='word_1_214' title='bbox 1031 2033 1114 2086; x_wconf 83' lang='grc' dir='ltr'>ὅτι</span> <span class='ocrx_word' id='word_1_215' title='bbox 1148 2032 1209 2088; x_wconf 69' lang='grc' dir='ltr'>τὸ</span> <span class='ocrx_word' id='word_1_216' title='bbox 1228 2032 1549 2106; x_wconf 79' lang='grc' dir='ltr'>ἀποκριθεὶς</span> <span class='ocrx_word' id='word_1_217' title='bbox 1568 2033 1803 2088; x_wconf 88' lang='grc' dir='ltr'>ἐνταῦθα</span> 
     </span>
    </p>
   </div>
   <div class='ocr_carea' id='block_1_27' title="bbox 222 2118 1803 2195">
    <p class='ocr_par' dir='ltr' id='par_1_27' title="bbox 222 2118 1803 2195">
     <span class='ocr_line' id='line_1_27' title="bbox 222 2118 1803 2195; baseline 0.006 -26"><span class='ocrx_word' id='word_1_218' title='bbox 222 2118 438 2172; x_wconf 87' lang='grc' dir='ltr'>ἱκεσίαν</span> <span class='ocrx_word' id='word_1_219' title='bbox 456 2121 550 2172; x_wconf 85' lang='grc' dir='ltr'><strong>καὶ</strong></span> <span class='ocrx_word' id='word_1_220' title='bbox 581 2121 764 2192; x_wconf 78' lang='grc' dir='ltr'>δέησιν</span> <span class='ocrx_word' id='word_1_221' title='bbox 802 2123 1062 2193; x_wconf 83' lang='grc' dir='ltr'>σημαίνει</span> <span class='ocrx_word' id='word_1_222' title='bbox 1093 2140 1108 2156; x_wconf 78' lang='grc' dir='ltr'><strong>ο</strong></span> <span class='ocrx_word' id='word_1_223' title='bbox 1153 2123 1344 2195; x_wconf 76' lang='grc' dir='ltr'>ὥσπερ</span> <span class='ocrx_word' id='word_1_224' title='bbox 1383 2125 1480 2179; x_wconf 86' lang='grc' dir='ltr'><strong>καὶ</strong></span> <span class='ocrx_word' id='word_1_225' title='bbox 1510 2127 1568 2178; x_wconf 85' lang='grc' dir='ltr'><strong>ἐν</strong></span> <span class='ocrx_word' id='word_1_226' title='bbox 1599 2120 1683 2189; x_wconf 70' lang='grc' dir='ltr'>οἷς</span> <span class='ocrx_word' id='word_1_227' title='bbox 1733 2126 1803 2179; x_wconf 83' lang='grc' dir='ltr'><strong>τά</strong></span> 
     </span>
    </p>
   </div>
   <div class='ocr_carea' id='block_1_28' title="bbox 217 2205 1804 2286">
    <p class='ocr_par' dir='ltr' id='par_1_28' title="bbox 217 2205 1804 2286">
     <span class='ocr_line' id='line_1_28' title="bbox 217 2205 1804 2286; baseline 0.007 -28"><span class='ocrx_word' id='word_1_228' title='bbox 217 2205 382 2273; x_wconf 75' lang='grc' dir='ltr'><strong>λόγιὰ</strong></span> <span class='ocrx_word' id='word_1_229' title='bbox 420 2223 575 2278; x_wconf 80' lang='grc' dir='ltr'>φησι,</span> <span class='ocrx_word' id='word_1_230' title='bbox 616 2226 636 2259; x_wconf 79' lang='lat'><strong>1</strong></span> <span class='ocrx_word' id='word_1_231' title='bbox 682 2209 1030 2281; x_wconf 72' lang='grc' dir='ltr'>Ἀποκριθεὶς</span> <span class='ocrx_word' id='word_1_232' title='bbox 1065 2213 1094 2264; x_wconf 93' lang='lat'><strong>6</strong></span> <span class='ocrx_word' id='word_1_233' title='bbox 1149 2213 1355 2284; x_wconf 84' lang='grc' dir='ltr'>Πέτρος</span> <span class='ocrx_word' id='word_1_234' title='bbox 1397 2210 1543 2278; x_wconf 73' lang='grc' dir='ltr'>εἷπε,</span> <span class='ocrx_word' id='word_1_235' title='bbox 1591 2216 1804 2286; x_wconf 84' lang='grc' dir='ltr'>Φράσον</span> 
     </span>
    </p>
   </div>
   <div class='ocr_carea' id='block_1_29' title="bbox 219 2296 1805 2374">
    <p class='ocr_par' dir='ltr' id='par_1_29' title="bbox 219 2296 1805 2374">
     <span class='ocr_line' id='line_1_29' title="bbox 219 2296 1805 2374; baseline 0.007 -27"><span class='ocrx_word' id='word_1_236' title='bbox 219 2296 357 2366; x_wconf 73' lang='grc' dir='ltr'>ἡμῖν</span> <span class='ocrx_word' id='word_1_237' title='bbox 383 2299 483 2366; x_wconf 78' lang='grc' dir='ltr'>τὴν</span> <span class='ocrx_word' id='word_1_238' title='bbox 507 2298 822 2369; x_wconf 78' lang='grc' dir='ltr'>παραϐολὴν</span> <span class='ocrx_word' id='word_1_239' title='bbox 873 2299 1080 2370; x_wconf 84' lang='grc' dir='ltr'>ταύτην</span> <span class='ocrx_word' id='word_1_240' title='bbox 1111 2317 1129 2333; x_wconf 68' lang='grc' dir='ltr'>ο</span> <span class='ocrx_word' id='word_1_241' title='bbox 1167 2321 1186 2353; x_wconf 71' lang='grc' dir='ltr'><strong>ι</strong></span> <span class='ocrx_word' id='word_1_242' title='bbox 1221 2304 1315 2354; x_wconf 89' lang='grc' dir='ltr'><strong>καὶ</strong></span> <span class='ocrx_word' id='word_1_243' title='bbox 1352 2304 1461 2374; x_wconf 83' lang='grc' dir='ltr'>γὰρ</span> <span class='ocrx_word' id='word_1_244' title='bbox 1514 2304 1608 2358; x_wconf 90' lang='grc' dir='ltr'><strong>καὶ</strong></span> <span class='ocrx_word' id='word_1_245' title='bbox 1647 2304 1805 2358; x_wconf 86' lang='grc' dir='ltr'>τοῦτο</span> 
     </span>
    </p>
   </div>
   <div class='ocr_carea' id='block_1_30' title="bbox 221 2382 1804 2464">
    <p class='ocr_par' dir='ltr' id='par_1_30' title="bbox 221 2382 1804 2464">
     <span class='ocr_line' id='line_1_30' title="bbox 221 2382 1804 2464; baseline 0.008 -25"><span class='ocrx_word' id='word_1_246' title='bbox 221 2389 413 2459; x_wconf 84' lang='grc' dir='ltr'>χρείαν</span> <span class='ocrx_word' id='word_1_247' title='bbox 441 2389 648 2453; x_wconf 77' lang='grc' dir='ltr'>ἱκεσίας</span> <span class='ocrx_word' id='word_1_248' title='bbox 677 2393 769 2444; x_wconf 90' lang='grc' dir='ltr'><strong>καὶ</strong></span> <span class='ocrx_word' id='word_1_249' title='bbox 796 2391 1036 2464; x_wconf 80' lang='grc' dir='ltr'>δεήσεως</span> <span class='ocrx_word' id='word_1_250' title='bbox 1061 2382 1338 2464; x_wconf 70' lang='grc' dir='ltr'>ἐμφαίνει.</span> <span class='ocrx_word' id='word_1_251' title='bbox 1371 2395 1495 2448; x_wconf 89' lang='grc' dir='ltr'>Τίσι</span> <span class='ocrx_word' id='word_1_252' title='bbox 1526 2396 1572 2448; x_wconf 87' lang='grc' dir='ltr'>δ’</span> <span class='ocrx_word' id='word_1_253' title='bbox 1613 2395 1678 2449; x_wconf 84' lang='grc' dir='ltr'>ἂν</span> <span class='ocrx_word' id='word_1_254' title='bbox 1705 2399 1804 2452; x_wconf 81' lang='grc' dir='ltr'>οὐκ</span> 
     </span>
    </p>
   </div>
   <div class='ocr_carea' id='block_1_31' title="bbox 221 2483 1802 2561">
    <p class='ocr_par' dir='ltr' id='par_1_31' title="bbox 221 2483 1802 2561">
     <span class='ocr_line' id='line_1_31' title="bbox 221 2483 1802 2561; baseline 0.005 -24"><span class='ocrx_word' id='word_1_255' title='bbox 221 2483 292 2537; x_wconf 82' lang='grc' dir='ltr'>ἂν</span> <span class='ocrx_word' id='word_1_256' title='bbox 321 2485 534 2551; x_wconf 83' lang='grc' dir='ltr'>γένοιτο</span> <span class='ocrx_word' id='word_1_257' title='bbox 564 2486 718 2555; x_wconf 79' lang='grc' dir='ltr'>δῆλον</span> <span class='ocrx_word' id='word_1_258' title='bbox 751 2487 825 2551; x_wconf 82' lang='grc' dir='ltr'>ὡς</span> <span class='ocrx_word' id='word_1_259' title='bbox 849 2488 909 2541; x_wconf 80' lang='grc' dir='ltr'>τὸ</span> <span class='ocrx_word' id='word_1_260' title='bbox 930 2490 1204 2561; x_wconf 83' lang='grc' dir='ltr'>ἀπεκρίθη</span> <span class='ocrx_word' id='word_1_261' title='bbox 1233 2490 1346 2544; x_wconf 77' lang='grc' dir='ltr'>ἐσθ’</span> <span class='ocrx_word' id='word_1_262' title='bbox 1388 2493 1480 2545; x_wconf 80' lang='grc' dir='ltr'>ὅτε</span> <span class='ocrx_word' id='word_1_263' title='bbox 1538 2493 1634 2546; x_wconf 79' lang='grc' dir='ltr'><strong>καὶ</strong></span> <span class='ocrx_word' id='word_1_264' title='bbox 1682 2491 1802 2546; x_wconf 83' lang='grc' dir='ltr'>ἀντὶ</span> 
     </span>
    </p>
   </div>
   <div class='ocr_carea' id='block_1_32' title="bbox 220 2575 1806 2654">
    <p class='ocr_par' dir='ltr' id='par_1_32' title="bbox 220 2575 1806 2654">
     <span class='ocr_line' id='line_1_32' title="bbox 220 2575 1806 2654; baseline 0.006 -28"><span class='ocrx_word' id='word_1_265' title='bbox 220 2575 320 2627; x_wconf 87' lang='grc' dir='ltr'><strong>τοῦ</strong></span> <span class='ocrx_word' id='word_1_266' title='bbox 371 2577 667 2641; x_wconf 81' lang='grc' dir='ltr'>ἀπεδέξατο</span> <span class='ocrx_word' id='word_1_267' title='bbox 700 2579 795 2631; x_wconf 91' lang='grc' dir='ltr'><strong>καὶ</strong></span> <span class='ocrx_word' id='word_1_268' title='bbox 832 2581 1198 2648; x_wconf 82' lang='grc' dir='ltr'>συγκατέθετο</span> <span class='ocrx_word' id='word_1_269' title='bbox 1249 2582 1492 2647; x_wconf 85' lang='grc' dir='ltr'>τίθεται;</span> <span class='ocrx_word' id='word_1_270' title='bbox 1540 2583 1634 2636; x_wconf 84' lang='grc' dir='ltr'><strong>τοῦ</strong></span> <span class='ocrx_word' id='word_1_271' title='bbox 1696 2584 1806 2654; x_wconf 85' lang='grc' dir='ltr'>γὰρ</span> 
     </span>
    </p>
   </div>
   <div class='ocr_carea' id='block_1_33' title="bbox 225 2666 1808 2743">
    <p class='ocr_par' dir='ltr' id='par_1_33' title="bbox 225 2666 1808 2743">
     <span class='ocr_line' id='line_1_33' title="bbox 225 2666 1808 2743; baseline 0.004 -24"><span class='ocrx_word' id='word_1_272' title='bbox 225 2666 478 2738; x_wconf 76' lang='grc' dir='ltr'>Σωτῆρος</span> <span class='ocrx_word' id='word_1_273' title='bbox 509 2668 664 2738; x_wconf 81' lang='grc' dir='ltr'>ἡμῶν</span> <span class='ocrx_word' id='word_1_274' title='bbox 698 2669 796 2732; x_wconf 70' lang='grc' dir='ltr'>τὰς</span> <span class='ocrx_word' id='word_1_275' title='bbox 832 2671 890 2722; x_wconf 88' lang='grc' dir='ltr'>ἐν</span> <span class='ocrx_word' id='word_1_276' title='bbox 920 2669 998 2741; x_wconf 81' lang='grc' dir='ltr'><strong>τῷ</strong></span> <span class='ocrx_word' id='word_1_277' title='bbox 1030 2672 1181 2741; x_wconf 85' lang='grc' dir='ltr'>νόμῳ</span> <span class='ocrx_word' id='word_1_278' title='bbox 1217 2672 1310 2725; x_wconf 79' lang='grc' dir='ltr'>δύο</span> <span class='ocrx_word' id='word_1_279' title='bbox 1342 2672 1564 2743; x_wconf 82' lang='grc' dir='ltr'>πρώτας</span> <span class='ocrx_word' id='word_1_280' title='bbox 1589 2674 1808 2737; x_wconf 86' lang='grc' dir='ltr'>ἐντολὰς</span> 
     </span>
    </p>
   </div>
   <div class='ocr_carea' id='block_1_34' title="bbox 225 2758 1810 2834">
    <p class='ocr_par' dir='ltr' id='par_1_34' title="bbox 225 2758 1810 2834">
     <span class='ocr_line' id='line_1_34' title="bbox 225 2758 1810 2834; baseline 0.004 -25"><span class='ocrx_word' id='word_1_281' title='bbox 225 2758 662 2828; x_wconf 80' lang='grc' dir='ltr'>ἁπηγγελκὸτος,</span> <span class='ocrx_word' id='word_1_282' title='bbox 720 2759 939 2814; x_wconf 79' lang='grc' dir='ltr'>καὶτοῦ</span> <span class='ocrx_word' id='word_1_283' title='bbox 979 2763 1353 2833; x_wconf 84' lang='grc' dir='ltr'>γραμματέως</span> <span class='ocrx_word' id='word_1_284' title='bbox 1413 2764 1810 2834; x_wconf 76' lang='grc' dir='ltr'>συμφωνήσαν-</span> 
     </span>
    </p>
   </div>
   <div class='ocr_carea' id='block_1_35' title="bbox 225 2849 1806 2925">
    <p class='ocr_par' dir='ltr' id='par_1_35' title="bbox 225 2849 1806 2925">
     <span class='ocr_line' id='line_1_35' title="bbox 225 2849 1806 2925; baseline 0.004 -23"><span class='ocrx_word' id='word_1_285' title='bbox 225 2849 322 2912; x_wconf 79' lang='grc' dir='ltr'>τός</span> <span class='ocrx_word' id='word_1_286' title='bbox 351 2867 413 2902; x_wconf 90' lang='grc' dir='ltr'><strong>τε</strong></span> <span class='ocrx_word' id='word_1_287' title='bbox 445 2852 630 2923; x_wconf 85' lang='grc' dir='ltr'>καὶτῇ</span> <span class='ocrx_word' id='word_1_288' title='bbox 665 2850 758 2904; x_wconf 91' lang='grc' dir='ltr'><strong>τοῦ</strong></span> <span class='ocrx_word' id='word_1_289' title='bbox 789 2853 1064 2907; x_wconf 81' lang='grc' dir='ltr'>Δεσπότου</span> <span class='ocrx_word' id='word_1_290' title='bbox 1097 2854 1580 2925; x_wconf 80' lang='grc' dir='ltr'>συγκαταθεμένου</span> <span class='ocrx_word' id='word_1_291' title='bbox 1608 2856 1806 2925; x_wconf 88' lang='grc' dir='ltr'>κρίσει,</span> 
     </span>
    </p>
   </div>
   <div class='ocr_carea' id='block_1_36' title="bbox 227 2942 1810 3016">
    <p class='ocr_par' dir='ltr' id='par_1_36' title="bbox 227 2942 1810 3016">
     <span class='ocr_line' id='line_1_36' title="bbox 227 2942 1810 3016; baseline 0.003 -21"><span class='ocrx_word' id='word_1_292' title='bbox 227 2943 430 3012; x_wconf 82' lang='grc' dir='ltr'>ἐπάγει</span> <span class='ocrx_word' id='word_1_293' title='bbox 457 2945 486 2996; x_wconf 93' lang='lat'><strong>6</strong></span> <span class='ocrx_word' id='word_1_294' title='bbox 506 2942 920 3016; x_wconf 83' lang='grc' dir='ltr'>εὐαγγελιστὴς,</span> <span class='ocrx_word' id='word_1_295' title='bbox 951 2962 970 2996; x_wconf 80' lang='grc' dir='ltr'><strong>ι</strong></span> <span class='ocrx_word' id='word_1_296' title='bbox 994 2945 1104 2999; x_wconf 83' lang='grc' dir='ltr'><strong>Καὶ</strong></span> <span class='ocrx_word' id='word_1_297' title='bbox 1120 2948 1148 3000; x_wconf 97' lang='lat'><strong>6</strong></span> <span class='ocrx_word' id='word_1_298' title='bbox 1177 2945 1382 3016; x_wconf 88' lang='grc' dir='ltr'>Ἰησοῦς</span> <span class='ocrx_word' id='word_1_299' title='bbox 1404 2946 1526 3000; x_wconf 77' lang='grc' dir='ltr'><strong>ἰδὼν</strong></span> <span class='ocrx_word' id='word_1_300' title='bbox 1547 2946 1710 3000; x_wconf 74' lang='grc' dir='ltr'>αὑτὸν</span> <span class='ocrx_word' id='word_1_301' title='bbox 1729 2947 1810 3000; x_wconf 87' lang='grc' dir='ltr'>ὃτι</span> 
     </span>
    </p>
   </div>
   <div class='ocr_carea' id='block_1_37' title="bbox 229 3031 1811 3109">
    <p class='ocr_par' dir='ltr' id='par_1_37' title="bbox 229 3031 1811 3109">
     <span class='ocr_line' id='line_1_37' title="bbox 229 3031 1811 3109; baseline 0.003 -21"><span class='ocrx_word' id='word_1_302' title='bbox 229 3034 506 3104; x_wconf 83' lang='grc' dir='ltr'>νουνεχῶς</span> <span class='ocrx_word' id='word_1_303' title='bbox 557 3035 856 3107; x_wconf 83' lang='grc' dir='ltr'>ἀπεκρίθη,</span> <span class='ocrx_word' id='word_1_304' title='bbox 917 3031 1071 3090; x_wconf 75' lang='grc' dir='ltr'>εἶπεν</span> <span class='ocrx_word' id='word_1_305' title='bbox 1131 3037 1281 3108; x_wconf 81' lang='grc' dir='ltr'><strong>αὐτῷ</strong></span> <span class='ocrx_word' id='word_1_306' title='bbox 1307 3053 1324 3069; x_wconf 76' lang='grc' dir='ltr'><strong><em>ο</em></strong></span> <span class='ocrx_word' id='word_1_307' title='bbox 1366 3039 1441 3092; x_wconf 84' lang='grc' dir='ltr'><strong>Οὐ</strong></span> <span class='ocrx_word' id='word_1_308' title='bbox 1499 3039 1718 3109; x_wconf 86' lang='grc' dir='ltr'>μακρὰν</span> <span class='ocrx_word' id='word_1_309' title='bbox 1760 3035 1811 3093; x_wconf 76' lang='grc' dir='ltr'>εἴ</span> 
     </span>
    </p>
   </div>
   <div class='ocr_carea' id='block_1_38' title="bbox 229 3125 1811 3202">
    <p class='ocr_par' dir='ltr' id='par_1_38' title="bbox 229 3125 1811 3202">
     <span class='ocr_line' id='line_1_38' title="bbox 229 3125 1811 3202; baseline 0.003 -24"><span class='ocrx_word' id='word_1_310' title='bbox 229 3126 342 3179; x_wconf 82' lang='grc' dir='ltr'><strong>ἀπὸ</strong></span> <span class='ocrx_word' id='word_1_311' title='bbox 367 3127 467 3196; x_wconf 84' lang='grc' dir='ltr'>τῆς</span> <span class='ocrx_word' id='word_1_312' title='bbox 499 3125 779 3196; x_wconf 84' lang='grc' dir='ltr'>βασιλείας</span> <span class='ocrx_word' id='word_1_313' title='bbox 797 3126 891 3180; x_wconf 86' lang='grc' dir='ltr'><strong>τοῦ</strong></span> <span class='ocrx_word' id='word_1_314' title='bbox 932 3127 1088 3182; x_wconf 86' lang='grc' dir='ltr'>Θεοῦ.</span> <span class='ocrx_word' id='word_1_315' title='bbox 1144 3146 1164 3182; x_wconf 74' lang='lat'><strong>1</strong></span> <span class='ocrx_word' id='word_1_316' title='bbox 1217 3129 1329 3183; x_wconf 84' lang='grc' dir='ltr'>Καὶ</span> <span class='ocrx_word' id='word_1_317' title='bbox 1357 3129 1467 3202; x_wconf 82' lang='grc' dir='ltr'><strong>γὰρ</strong></span> <span class='ocrx_word' id='word_1_318' title='bbox 1493 3129 1712 3202; x_wconf 76' lang='grc' dir='ltr'>εὔδηλον</span> <span class='ocrx_word' id='word_1_319' title='bbox 1734 3131 1811 3194; x_wconf 86' lang='grc' dir='ltr'>ὡς</span> 
     </span>
    </p>
   </div>
   <div class='ocr_carea' id='block_1_39' title="bbox 230 3218 1813 3294">
    <p class='ocr_par' dir='ltr' id='par_1_39' title="bbox 230 3218 1813 3294">
     <span class='ocr_line' id='line_1_39' title="bbox 230 3218 1813 3294; baseline 0.003 -24"><span class='ocrx_word' id='word_1_320' title='bbox 230 3218 334 3290; x_wconf 86' lang='grc' dir='ltr'><strong>τὴν</strong></span> <span class='ocrx_word' id='word_1_321' title='bbox 368 3218 659 3288; x_wconf 87' lang='grc' dir='ltr'>ὁμολογίαν</span> <span class='ocrx_word' id='word_1_322' title='bbox 687 3221 783 3272; x_wconf 89' lang='grc' dir='ltr'><strong>καὶ</strong></span> <span class='ocrx_word' id='word_1_323' title='bbox 843 3220 1244 3289; x_wconf 82' lang='grc' dir='ltr'>συγκατάθεσιν</span> <span class='ocrx_word' id='word_1_324' title='bbox 1295 3222 1388 3276; x_wconf 82' lang='grc' dir='ltr'><strong>τοῦ</strong></span> <span class='ocrx_word' id='word_1_325' title='bbox 1436 3223 1813 3294; x_wconf 85' lang='grc' dir='ltr'>γραμματέως</span> 
     </span>
    </p>
   </div>
   <div class='ocr_carea' id='block_1_40' title="bbox 229 3309 1456 3384">
    <p class='ocr_par' dir='ltr' id='par_1_40' title="bbox 229 3309 1456 3384">
     <span class='ocr_line' id='line_1_40' title="bbox 229 3309 1456 3384; baseline 0.002 -20"><span class='ocrx_word' id='word_1_326' title='bbox 229 3309 327 3364; x_wconf 72' lang='grc' dir='ltr'><strong>διὰ</strong></span> <span class='ocrx_word' id='word_1_327' title='bbox 373 3309 470 3363; x_wconf 87' lang='grc' dir='ltr'><strong>τοῦ</strong></span> <span class='ocrx_word' id='word_1_328' title='bbox 500 3311 775 3382; x_wconf 85' lang='grc' dir='ltr'>ἀπεκρίθη</span> <span class='ocrx_word' id='word_1_329' title='bbox 794 3311 866 3364; x_wconf 88' lang='grc' dir='ltr'><strong>τά</strong></span> <span class='ocrx_word' id='word_1_330' title='bbox 891 3311 1048 3380; x_wconf 84' lang='grc' dir='ltr'>λόγια</span> <span class='ocrx_word' id='word_1_331' title='bbox 1082 3313 1456 3384; x_wconf 83' lang='grc' dir='ltr'>παρεδήλωσε.</span> 
     </span>
    </p>
   </div>
   <div class='ocr_carea' id='block_1_41' title="bbox 304 3401 1815 3476">
    <p class='ocr_par' dir='ltr' id='par_1_41' title="bbox 304 3401 1815 3476">
     <span class='ocr_line' id='line_1_41' title="bbox 304 3401 1815 3476; baseline 0 -20"><span class='ocrx_word' id='word_1_332' title='bbox 304 3402 367 3456; x_wconf 83' lang='grc' dir='ltr'><strong>δ’.</strong></span> <span class='ocrx_word' id='word_1_333' title='bbox 399 3403 773 3474; x_wconf 84' lang='grc' dir='ltr'>Παρέλκοντος</span> <span class='ocrx_word' id='word_1_334' title='bbox 801 3403 844 3456; x_wconf 90' lang='grc' dir='ltr'>δ’</span> <span class='ocrx_word' id='word_1_335' title='bbox 885 3403 951 3456; x_wconf 86' lang='grc' dir='ltr'>ἂν</span> <span class='ocrx_word' id='word_1_336' title='bbox 979 3401 1064 3474; x_wconf 82' lang='grc' dir='ltr'>εἴη</span> <span class='ocrx_word' id='word_1_337' title='bbox 1129 3402 1448 3473; x_wconf 84' lang='grc' dir='ltr'>δηλωτικὸν,</span> <span class='ocrx_word' id='word_1_338' title='bbox 1507 3404 1743 3476; x_wconf 84' lang='grc' dir='ltr'>ὁπηνίκα</span> <span class='ocrx_word' id='word_1_339' title='bbox 1785 3404 1815 3456; x_wconf 90' lang='lat'><strong>6</strong></span> 
     </span>
    </p>
   </div>
   <div class='ocr_carea' id='block_1_42' title="bbox 232 3494 1816 3568">
    <p class='ocr_par' dir='ltr' id='par_1_42' title="bbox 232 3494 1816 3568">
     <span class='ocr_line' id='line_1_42' title="bbox 232 3494 1816 3568; baseline 0 -19"><span class='ocrx_word' id='word_1_340' title='bbox 232 3496 690 3566; x_wconf 78' lang='grc' dir='ltr'>ἀρχισυνάγωγος</span> <span class='ocrx_word' id='word_1_341' title='bbox 702 3494 1034 3551; x_wconf 83' lang='grc' dir='ltr'>ἀσθενοῦσαν</span> <span class='ocrx_word' id='word_1_342' title='bbox 1058 3494 1404 3551; x_wconf 84' lang='grc' dir='ltr'>ἐπιθανάτιον</span> <span class='ocrx_word' id='word_1_343' title='bbox 1415 3495 1515 3568; x_wconf 81' lang='grc' dir='ltr'><strong>τὴν</strong></span> <span class='ocrx_word' id='word_1_344' title='bbox 1541 3496 1816 3568; x_wconf 87' lang='grc' dir='ltr'>θυγατέρα</span> 
     </span>
    </p>
   </div>
   <div class='ocr_carea' id='block_1_43' title="bbox 231 3586 1816 3661">
    <p class='ocr_par' dir='ltr' id='par_1_43' title="bbox 231 3586 1816 3661">
     <span class='ocr_line' id='line_1_43' title="bbox 231 3586 1816 3661; baseline 0 -19"><span class='ocrx_word' id='word_1_345' title='bbox 231 3587 577 3650; x_wconf 85' lang='grc' dir='ltr'>καταλιπὼν,</span> <span class='ocrx_word' id='word_1_346' title='bbox 603 3588 696 3640; x_wconf 79' lang='grc' dir='ltr'><strong>τὸν</strong></span> <span class='ocrx_word' id='word_1_347' title='bbox 731 3586 939 3660; x_wconf 85' lang='grc' dir='ltr'>Ἰησοῦν</span> <span class='ocrx_word' id='word_1_348' title='bbox 969 3588 1069 3659; x_wconf 86' lang='grc' dir='ltr'>μὲν</span> <span class='ocrx_word' id='word_1_349' title='bbox 1107 3588 1277 3642; x_wconf 87' lang='grc' dir='ltr'>ἐδεῖτο</span> <span class='ocrx_word' id='word_1_350' title='bbox 1304 3589 1529 3661; x_wconf 85' lang='grc' dir='ltr'>σωτῆρα</span> <span class='ocrx_word' id='word_1_351' title='bbox 1561 3588 1816 3658; x_wconf 86' lang='grc' dir='ltr'>γενέσθαι</span> 
     </span>
    </p>
   </div>
   <div class='ocr_carea' id='block_1_44' title="bbox 233 3679 1818 3752">
    <p class='ocr_par' dir='ltr' id='par_1_44' title="bbox 233 3679 1818 3752">
     <span class='ocr_line' id='line_1_44' title="bbox 233 3679 1818 3752; baseline 0.008 -20"><span class='ocrx_word' id='word_1_352' title='bbox 233 3679 662 3752; x_wconf 83' lang='grc' dir='ltr'>παραγεγονότα</span> <span class='ocrx_word' id='word_1_353' title='bbox 688 3680 790 3751; x_wconf 79' lang='grc' dir='ltr'>τῆς</span> <span class='ocrx_word' id='word_1_354' title='bbox 817 3679 1012 3744; x_wconf 82' lang='grc' dir='ltr'>παιδός</span> <span class='ocrx_word' id='word_1_355' title='bbox 1043 3695 1057 3711; x_wconf 78' lang='grc'><strong><em>⁸</em></strong></span> <span class='ocrx_word' id='word_1_356' title='bbox 1087 3682 1144 3734; x_wconf 87' lang='grc' dir='ltr'><strong>ἐν</strong></span> <span class='ocrx_word' id='word_1_357' title='bbox 1177 3681 1234 3734; x_wconf 79' lang='grc' dir='ltr'>δὲ</span> <span class='ocrx_word' id='word_1_358' title='bbox 1263 3679 1436 3752; x_wconf 81' lang='grc' dir='ltr'>τούτῳ</span> <span class='ocrx_word' id='word_1_359' title='bbox 1492 3680 1600 3751; x_wconf 82' lang='grc' dir='ltr'>τῆς</span> <span class='ocrx_word' id='word_1_360' title='bbox 1627 3681 1818 3752; x_wconf 81' lang='grc' dir='ltr'>φήμης</span> 
     </span>
    </p>
   </div>
   <div class='ocr_carea' id='block_1_45' title="bbox 233 3772 1820 3846">
    <p class='ocr_par' dir='ltr' id='par_1_45' title="bbox 233 3772 1820 3846">
     <span class='ocr_line' id='line_1_45' title="bbox 233 3772 1820 3846; baseline 0 -20"><span class='ocrx_word' id='word_1_361' title='bbox 233 3774 389 3846; x_wconf 77' lang='grc' dir='ltr'>αὐτῷ</span> <span class='ocrx_word' id='word_1_362' title='bbox 414 3775 506 3826; x_wconf 83' lang='grc' dir='ltr'><strong>τὸν</strong></span> <span class='ocrx_word' id='word_1_363' title='bbox 536 3773 768 3828; x_wconf 87' lang='grc' dir='ltr'>θάνατον</span> <span class='ocrx_word' id='word_1_364' title='bbox 813 3772 1250 3845; x_wconf 82' lang='grc' dir='ltr'>ἐπαγγελούσης,</span> <span class='ocrx_word' id='word_1_365' title='bbox 1299 3774 1494 3843; x_wconf 85' lang='grc' dir='ltr'>ἐπάγει</span> <span class='ocrx_word' id='word_1_366' title='bbox 1519 3775 1548 3827; x_wconf 93' lang='lat'><strong>6</strong></span> <span class='ocrx_word' id='word_1_367' title='bbox 1586 3773 1820 3844; x_wconf 81' lang='grc' dir='ltr'>εὐαγγε-</span> 
     </span>
    </p>
   </div>
   <div class='ocr_carea' id='block_1_46' title="bbox 232 3864 1819 3939">
    <p class='ocr_par' dir='ltr' id='par_1_46' title="bbox 232 3864 1819 3939">
     <span class='ocr_line' id='line_1_46' title="bbox 232 3864 1819 3939; baseline 0.002 -21"><span class='ocrx_word' id='word_1_368' title='bbox 232 3866 445 3937; x_wconf 81' lang='grc' dir='ltr'>λιστὴς,</span> <span class='ocrx_word' id='word_1_369' title='bbox 484 3883 503 3917; x_wconf 77' lang='grc' dir='ltr'><strong>ι</strong></span> <span class='ocrx_word' id='word_1_370' title='bbox 540 3866 596 3918; x_wconf 86' lang='grc' dir='ltr'>Ὀ</span> <span class='ocrx_word' id='word_1_371' title='bbox 627 3864 684 3920; x_wconf 86' lang='grc' dir='ltr'>δὲ</span> <span class='ocrx_word' id='word_1_372' title='bbox 725 3864 934 3938; x_wconf 84' lang='grc' dir='ltr'>Ἰησοῦς</span> <span class='ocrx_word' id='word_1_373' title='bbox 962 3866 1200 3931; x_wconf 79' lang='grc' dir='ltr'>ἀκούσας</span> <span class='ocrx_word' id='word_1_374' title='bbox 1228 3866 1502 3938; x_wconf 88' lang='grc' dir='ltr'>ἀπεκρίθη</span> <span class='ocrx_word' id='word_1_375' title='bbox 1533 3865 1700 3937; x_wconf 82' lang='grc' dir='ltr'>αὐτῷ,</span> <span class='ocrx_word' id='word_1_376' title='bbox 1727 3865 1819 3939; x_wconf 81' lang='grc' dir='ltr'><strong>Μὴ</strong></span> 
     </span>
    </p>
   </div>
   <div class='ocr_carea' id='block_1_47' title="bbox 234 3955 1820 4029">
    <p class='ocr_par' dir='ltr' id='par_1_47' title="bbox 234 3955 1820 4029">
     <span class='ocr_line' id='line_1_47' title="bbox 234 3955 1820 4029; baseline -0.001 -19"><span class='ocrx_word' id='word_1_377' title='bbox 234 3955 435 4026; x_wconf 75' lang='grc' dir='ltr'>φοϐοῦ,</span> <span class='ocrx_word' id='word_1_378' title='bbox 463 3956 624 4026; x_wconf 86' lang='grc' dir='ltr'>μόνον</span> <span class='ocrx_word' id='word_1_379' title='bbox 656 3955 881 4010; x_wconf 86' lang='grc' dir='ltr'>πίστευε</span> <span class='ocrx_word' id='word_1_380' title='bbox 906 3973 924 3990; x_wconf 77' lang='grc' dir='ltr'><strong><em>ο</em></strong></span> <span class='ocrx_word' id='word_1_381' title='bbox 955 3975 976 4009; x_wconf 73' lang='grc' dir='ltr'><strong>ι</strong></span> <span class='ocrx_word' id='word_1_382' title='bbox 1017 3957 1255 4028; x_wconf 81' lang='grc' dir='ltr'>ἐμφανὲς</span> <span class='ocrx_word' id='word_1_383' title='bbox 1289 3957 1397 4029; x_wconf 83' lang='grc' dir='ltr'><strong>γὰρ</strong></span> <span class='ocrx_word' id='word_1_384' title='bbox 1417 3957 1492 4020; x_wconf 84' lang='grc' dir='ltr'>ὡς</span> <span class='ocrx_word' id='word_1_385' title='bbox 1515 3959 1562 4011; x_wconf 85' lang='grc' dir='ltr'><strong>εἱ</strong></span> <span class='ocrx_word' id='word_1_386' title='bbox 1584 3958 1680 4011; x_wconf 85' lang='grc' dir='ltr'><strong>καὶ</strong></span> <span class='ocrx_word' id='word_1_387' title='bbox 1712 3974 1820 4029; x_wconf 85' lang='grc' dir='ltr'>μη-</span> 
     </span>
    </p>
   </div>
   <div class='ocr_carea' id='block_1_48' title="bbox 234 4047 1821 4121">
    <p class='ocr_par' dir='ltr' id='par_1_48' title="bbox 234 4047 1821 4121">
     <span class='ocr_line' id='line_1_48' title="bbox 234 4047 1821 4121; baseline 0.001 -20"><span class='ocrx_word' id='word_1_388' title='bbox 234 4048 431 4118; x_wconf 84' lang='grc' dir='ltr'>δαμῶς</span> <span class='ocrx_word' id='word_1_389' title='bbox 455 4048 820 4120; x_wconf 88' lang='grc' dir='ltr'>παρεντεθείη</span> <span class='ocrx_word' id='word_1_390' title='bbox 855 4049 918 4102; x_wconf 76' lang='grc' dir='ltr'>τὸ</span> <span class='ocrx_word' id='word_1_391' title='bbox 947 4047 1246 4121; x_wconf 87' lang='grc' dir='ltr'>ἀπεκρίθη,</span> <span class='ocrx_word' id='word_1_392' title='bbox 1307 4048 1461 4117; x_wconf 79' lang='grc' dir='ltr'>οὐδὲν</span> <span class='ocrx_word' id='word_1_393' title='bbox 1499 4048 1722 4103; x_wconf 76' lang='grc' dir='ltr'>ελαττον</span> <span class='ocrx_word' id='word_1_394' title='bbox 1758 4049 1821 4102; x_wconf 84' lang='grc' dir='ltr'>τὸ</span> 
     </span>
    </p>
   </div>
   <div class='ocr_carea' id='block_1_49' title="bbox 236 4139 1818 4213">
    <p class='ocr_par' dir='ltr' id='par_1_49' title="bbox 236 4139 1818 4213">
     <span class='ocr_line' id='line_1_49' title="bbox 236 4139 1818 4213; baseline 0.001 -20"><span class='ocrx_word' id='word_1_395' title='bbox 236 4140 536 4194; x_wconf 79' lang='grc' dir='ltr'>ὑπόλοιπον</span> <span class='ocrx_word' id='word_1_396' title='bbox 558 4141 655 4194; x_wconf 81' lang='grc' dir='ltr'><strong>τοῦ</strong></span> <span class='ocrx_word' id='word_1_397' title='bbox 701 4139 863 4210; x_wconf 79' lang='grc' dir='ltr'>λόγου</span> <span class='ocrx_word' id='word_1_398' title='bbox 887 4141 989 4211; x_wconf 80' lang='grc' dir='ltr'>τὴν</span> <span class='ocrx_word' id='word_1_399' title='bbox 1022 4141 1194 4212; x_wconf 82' lang='grc' dir='ltr'>αὐτὴν</span> <span class='ocrx_word' id='word_1_400' title='bbox 1214 4140 1516 4213; x_wconf 88' lang='grc' dir='ltr'>παρίστησι</span> <span class='ocrx_word' id='word_1_401' title='bbox 1537 4141 1779 4197; x_wconf 86' lang='grc' dir='ltr'>διάνοιαν</span> <span class='ocrx_word' id='word_1_402' title='bbox 1803 4156 1818 4171; x_wconf 75' lang='grc' dir='ltr'><strong>ο</strong></span> 
     </span>
    </p>
   </div>
   <div class='ocr_carea' id='block_1_50' title="bbox 235 4229 1819 4307">
    <p class='ocr_par' dir='ltr' id='par_1_50' title="bbox 235 4229 1819 4307">
     <span class='ocr_line' id='line_1_50' title="bbox 235 4229 1819 4307; baseline 0.001 -22"><span class='ocrx_word' id='word_1_403' title='bbox 235 4231 483 4286; x_wconf 80' lang='grc' dir='ltr'>τοιοῦτον</span> <span class='ocrx_word' id='word_1_404' title='bbox 498 4233 554 4287; x_wconf 86' lang='grc' dir='ltr'>δὲ</span> <span class='ocrx_word' id='word_1_405' title='bbox 571 4234 666 4286; x_wconf 85' lang='grc' dir='ltr'><strong>καὶ</strong></span> <span class='ocrx_word' id='word_1_406' title='bbox 688 4233 772 4300; x_wconf 79' lang='grc' dir='ltr'>τὸ,</span> <span class='ocrx_word' id='word_1_407' title='bbox 801 4252 820 4286; x_wconf 76' lang='lat'><strong>1</strong></span> <span class='ocrx_word' id='word_1_408' title='bbox 843 4233 1186 4305; x_wconf 74' lang='grc' dir='ltr'>Ἀποκριθεὶς</span> <span class='ocrx_word' id='word_1_409' title='bbox 1207 4235 1237 4287; x_wconf 91' lang='lat'><strong>6</strong></span> <span class='ocrx_word' id='word_1_410' title='bbox 1253 4233 1456 4306; x_wconf 83' lang='grc' dir='ltr'>Πέτρος</span> <span class='ocrx_word' id='word_1_411' title='bbox 1477 4229 1632 4289; x_wconf 73' lang='grc' dir='ltr'>εἶπεν</span> <span class='ocrx_word' id='word_1_412' title='bbox 1649 4232 1819 4307; x_wconf 79' lang='grc' dir='ltr'>αὐτῷ,</span> 
     </span>
    </p>
   </div>
   <div class='ocr_carea' id='block_1_51' title="bbox 1884 656 3474 724">
    <p class='ocr_par' dir='ltr' id='par_1_51' title="bbox 1884 656 3474 724">
     <span class='ocr_line' id='line_1_51' title="bbox 1884 656 3474 724; baseline 0.003 -14"><span class='ocrx_word' id='word_1_413' title='bbox 1884 665 2017 720; x_wconf 89' lang='lat' dir='ltr'><strong>ster,</strong></span> <span class='ocrx_word' id='word_1_414' title='bbox 2043 656 2282 711; x_wconf 90' lang='lat' dir='ltr'><strong>vidimus</strong></span> <span class='ocrx_word' id='word_1_415' title='bbox 2339 657 2634 724; x_wconf 77' lang='lat' dir='ltr'><strong>quemdam</strong></span> <span class='ocrx_word' id='word_1_416' title='bbox 2675 657 2730 711; x_wconf 89' lang='lat' dir='ltr'><strong>in</strong></span> <span class='ocrx_word' id='word_1_417' title='bbox 2790 659 3012 713; x_wconf 90' lang='lat' dir='ltr'><strong>nomine</strong></span> <span class='ocrx_word' id='word_1_418' title='bbox 3068 666 3162 712; x_wconf 92' lang='lat' dir='ltr'><strong>tuo</strong></span> <span class='ocrx_word' id='word_1_419' title='bbox 3201 659 3474 715; x_wconf 66' lang='lat' dir='ltr'><strong>daemonia</strong></span> 
     </span>
    </p>
   </div>
   <div class='ocr_carea' id='block_1_52' title="bbox 1883 750 3474 820">
    <p class='ocr_par' dir='ltr' id='par_1_52' title="bbox 1883 750 3474 820">
     <span class='ocr_line' id='line_1_52' title="bbox 1883 750 3474 820; baseline -0.001 -15"><span class='ocrx_word' id='word_1_420' title='bbox 1883 751 2211 820; x_wconf 82' lang='lat' dir='ltr'><strong>ejicientem,</strong></span> <span class='ocrx_word' id='word_1_421' title='bbox 2240 751 2333 820; x_wconf 91' lang='lat' dir='ltr'><strong>qui</strong></span> <span class='ocrx_word' id='word_1_422' title='bbox 2361 751 2414 803; x_wconf 89' lang='lat' dir='ltr'><strong>in</strong></span> <span class='ocrx_word' id='word_1_423' title='bbox 2449 751 2710 804; x_wconf 86' lang='lat' dir='ltr'><strong>comitatu</strong></span> <span class='ocrx_word' id='word_1_424' title='bbox 2761 759 2948 804; x_wconf 89' lang='lat' dir='ltr'><strong>nostro</strong></span> <span class='ocrx_word' id='word_1_425' title='bbox 2985 765 3092 804; x_wconf 93' lang='lat' dir='ltr'><strong>non</strong></span> <span class='ocrx_word' id='word_1_426' title='bbox 3139 750 3306 807; x_wconf 70' lang='lat' dir='ltr'><strong>est“.</strong></span> <span class='ocrx_word' id='word_1_427' title='bbox 3350 769 3369 801; x_wconf 88' lang='grc'><strong>›</strong></span> <span class='ocrx_word' id='word_1_428' title='bbox 3411 751 3474 804; x_wconf 82' lang='grc' dir='ltr'>Ει</span> 
     </span>
    </p>
   </div>
   <div class='ocr_carea' id='block_1_53' title="bbox 1885 840 3472 911">
    <p class='ocr_par' dir='ltr' id='par_1_53' title="bbox 1885 840 3472 911">
     <span class='ocr_line' id='line_1_53' title="bbox 1885 840 3472 911; baseline 0.001 -14"><span class='ocrx_word' id='word_1_429' title='bbox 1885 843 2057 897; x_wconf 89' lang='lat' dir='ltr'><strong>multa</strong></span> <span class='ocrx_word' id='word_1_430' title='bbox 2107 842 2443 911; x_wconf 75' lang='lat' dir='ltr'><strong>huiusmodi.</strong></span> <span class='ocrx_word' id='word_1_431' title='bbox 2479 840 2599 894; x_wconf 75' lang='lat' dir='ltr'><strong>1am</strong></span> <span class='ocrx_word' id='word_1_432' title='bbox 2632 841 2684 895; x_wconf 88' lang='lat' dir='ltr'><strong>in</strong></span> <span class='ocrx_word' id='word_1_433' title='bbox 2733 841 2931 896; x_wconf 80' lang='lat' dir='ltr'><strong>divinae</strong></span> <span class='ocrx_word' id='word_1_434' title='bbox 2970 841 3472 910; x_wconf 84' lang='lat' dir='ltr'><strong>transﬁgurationis</strong></span> 
     </span>
    </p>
   </div>
   <div class='ocr_carea' id='block_1_54' title="bbox 1886 933 3479 1004">
    <p class='ocr_par' dir='ltr' id='par_1_54' title="bbox 1886 933 3479 1004">
     <span class='ocr_line' id='line_1_54' title="bbox 1886 933 3479 1004; baseline -0.002 -14"><span class='ocrx_word' id='word_1_435' title='bbox 1886 935 2134 1001; x_wconf 86' lang='lat' dir='ltr'><strong>historia,</strong></span> <span class='ocrx_word' id='word_1_436' title='bbox 2166 935 2220 988; x_wconf 90' lang='lat' dir='ltr'><strong>in</strong></span> <span class='ocrx_word' id='word_1_437' title='bbox 2246 950 2353 1004; x_wconf 89' lang='lat' dir='ltr'><strong>qua</strong></span> <span class='ocrx_word' id='word_1_438' title='bbox 2386 933 2560 988; x_wconf 86' lang='lat' dir='ltr'><strong>Moses</strong></span> <span class='ocrx_word' id='word_1_439' title='bbox 2599 943 2760 1003; x_wconf 86' lang='lat' dir='ltr'><strong>atque</strong></span> <span class='ocrx_word' id='word_1_440' title='bbox 2802 934 2945 988; x_wconf 87' lang='lat' dir='ltr'><strong>Elias</strong></span> <span class='ocrx_word' id='word_1_441' title='bbox 2978 949 3102 989; x_wconf 90' lang='lat' dir='ltr'><strong>cum</strong></span> <span class='ocrx_word' id='word_1_442' title='bbox 3146 933 3375 989; x_wconf 91' lang='lat' dir='ltr'><strong>Domino</strong></span> <span class='ocrx_word' id='word_1_443' title='bbox 3401 934 3479 987; x_wconf 85' lang='lat' dir='ltr'><strong>lo-</strong></span> 
     </span>
    </p>
   </div>
   <div class='ocr_carea' id='block_1_55' title="bbox 1888 1023 3480 1095">
    <p class='ocr_par' dir='ltr' id='par_1_55' title="bbox 1888 1023 3480 1095">
     <span class='ocr_line' id='line_1_55' title="bbox 1888 1023 3480 1095; baseline -0.001 -15"><span class='ocrx_word' id='word_1_444' title='bbox 1888 1033 2118 1095; x_wconf 81' lang='lat' dir='ltr'><strong>quentes</strong></span> <span class='ocrx_word' id='word_1_445' title='bbox 2142 1025 2431 1086; x_wconf 90' lang='lat' dir='ltr'><strong>sistuntur,</strong></span> <span class='ocrx_word' id='word_1_446' title='bbox 2471 1039 2580 1092; x_wconf 90' lang='lat' dir='ltr'><strong>quo</strong></span> <span class='ocrx_word' id='word_1_447' title='bbox 2628 1033 2871 1092; x_wconf 91' lang='lat' dir='ltr'><strong>tempore</strong></span> <span class='ocrx_word' id='word_1_448' title='bbox 2914 1023 3111 1079; x_wconf 86' lang='lat' dir='ltr'><strong>Petrus</strong></span> <span class='ocrx_word' id='word_1_449' title='bbox 3161 1026 3386 1094; x_wconf 84' lang='lat' dir='ltr'><strong>rogabat</strong></span> <span class='ocrx_word' id='word_1_450' title='bbox 3417 1033 3480 1079; x_wconf 84' lang='lat' dir='ltr'><strong>ut</strong></span> 
     </span>
    </p>
   </div>
   <div class='ocr_carea' id='block_1_56' title="bbox 1890 1115 3480 1184">
    <p class='ocr_par' dir='ltr' id='par_1_56' title="bbox 1890 1115 3480 1184">
     <span class='ocr_line' id='line_1_56' title="bbox 1890 1115 3480 1184; baseline -0.002 -12"><span class='ocrx_word' id='word_1_451' title='bbox 1890 1117 1978 1174; x_wconf 86' lang='lat' dir='ltr'><strong>his</strong></span> <span class='ocrx_word' id='word_1_452' title='bbox 2028 1117 2133 1172; x_wconf 85' lang='lat' dir='ltr'><strong>tria</strong></span> <span class='ocrx_word' id='word_1_453' title='bbox 2188 1116 2544 1171; x_wconf 87' lang='lat' dir='ltr'><strong>tabernacula</strong></span> <span class='ocrx_word' id='word_1_454' title='bbox 2585 1115 2796 1182; x_wconf 89' lang='lat' dir='ltr'><strong>lierent,</strong></span> <span class='ocrx_word' id='word_1_455' title='bbox 2825 1115 3007 1170; x_wconf 88' lang='lat' dir='ltr'><strong>verbis</strong></span> <span class='ocrx_word' id='word_1_456' title='bbox 3045 1117 3152 1172; x_wconf 84' lang='lat' dir='ltr'><strong>illis</strong></span> <span class='ocrx_word' id='word_1_457' title='bbox 3193 1134 3211 1167; x_wconf 78' lang='grc' dir='ltr'><strong>ι</strong></span> <span class='ocrx_word' id='word_1_458' title='bbox 3252 1131 3480 1184; x_wconf 81' lang='lat' dir='ltr'><strong>respou-</strong></span> 
     </span>
    </p>
   </div>
   <div class='ocr_carea' id='block_1_57' title="bbox 1891 1207 3482 1279">
    <p class='ocr_par' dir='ltr' id='par_1_57' title="bbox 1891 1207 3482 1279">
     <span class='ocr_line' id='line_1_57' title="bbox 1891 1207 3482 1279; baseline -0.001 -15"><span class='ocrx_word' id='word_1_459' title='bbox 1891 1210 2028 1265; x_wconf 88' lang='lat' dir='ltr'><strong>dens</strong></span> <span class='ocrx_word' id='word_1_460' title='bbox 2057 1207 2253 1269; x_wconf 85' lang='lat' dir='ltr'><strong>Petrus</strong></span> <span class='ocrx_word' id='word_1_461' title='bbox 2279 1229 2296 1261; x_wconf 73' lang='grc' dir='ltr'><strong>ι</strong></span> <span class='ocrx_word' id='word_1_462' title='bbox 2314 1209 2522 1279; x_wconf 75' lang='lat' dir='ltr'><strong>rogatio</strong></span> <span class='ocrx_word' id='word_1_463' title='bbox 2548 1218 2601 1262; x_wconf 89' lang='lat' dir='ltr'><strong>et</strong></span> <span class='ocrx_word' id='word_1_464' title='bbox 2625 1223 2812 1278; x_wconf 84' lang='lat' dir='ltr'><strong>preces</strong></span> <span class='ocrx_word' id='word_1_465' title='bbox 2837 1208 3239 1278; x_wconf 78' lang='lat' dir='ltr'><strong>significantur.</strong></span> <span class='ocrx_word' id='word_1_466' title='bbox 3268 1207 3482 1263; x_wconf 79' lang='lat' dir='ltr'><strong>Rursus</strong></span> 
     </span>
    </p>
   </div>
   <div class='ocr_carea' id='block_1_58' title="bbox 1893 1299 3483 1371">
    <p class='ocr_par' dir='ltr' id='par_1_58' title="bbox 1893 1299 3483 1371">
     <span class='ocr_line' id='line_1_58' title="bbox 1893 1299 3483 1371; baseline -0.001 -15"><span class='ocrx_word' id='word_1_467' title='bbox 1893 1303 2002 1356; x_wconf 85' lang='lat' dir='ltr'><strong>illis</strong></span> <span class='ocrx_word' id='word_1_468' title='bbox 2029 1301 2277 1358; x_wconf 86' lang='lat' dir='ltr'><strong>similiter</strong></span> <span class='ocrx_word' id='word_1_469' title='bbox 2306 1320 2320 1357; x_wconf 91' lang='lat'><strong>:</strong></span> <span class='ocrx_word' id='word_1_470' title='bbox 2354 1320 2372 1352; x_wconf 86' lang='grc'><strong>‹</strong></span> <span class='ocrx_word' id='word_1_471' title='bbox 2407 1300 2773 1371; x_wconf 77' lang='lat' dir='ltr'><strong>Respondeas</strong></span> <span class='ocrx_word' id='word_1_472' title='bbox 2801 1299 2994 1354; x_wconf 81' lang='lat' dir='ltr'><strong>Petrus</strong></span> <span class='ocrx_word' id='word_1_473' title='bbox 3027 1301 3163 1355; x_wconf 81' lang='lat' dir='ltr'><strong>dixit</strong></span> <span class='ocrx_word' id='word_1_474' title='bbox 3193 1317 3207 1358; x_wconf 89' lang='lat'><strong>:</strong></span> <span class='ocrx_word' id='word_1_475' title='bbox 3238 1301 3292 1354; x_wconf 77' lang='lat' dir='ltr'><strong>Si</strong></span> <span class='ocrx_word' id='word_1_476' title='bbox 3317 1309 3373 1355; x_wconf 92' lang='lat' dir='ltr'><strong>tu</strong></span> <span class='ocrx_word' id='word_1_477' title='bbox 3399 1317 3483 1367; x_wconf 83' lang='lat' dir='ltr'><strong>es,</strong></span> 
     </span>
    </p>
   </div>
   <div class='ocr_carea' id='block_1_59' title="bbox 1897 1392 3477 1464">
    <p class='ocr_par' dir='ltr' id='par_1_59' title="bbox 1897 1392 3477 1464">
     <span class='ocr_line' id='line_1_59' title="bbox 1897 1392 3477 1464; baseline -0.003 -15"><span class='ocrx_word' id='word_1_478' title='bbox 1897 1395 2150 1458; x_wconf 85' lang='lat' dir='ltr'><strong>Domine,</strong></span> <span class='ocrx_word' id='word_1_479' title='bbox 2191 1394 2322 1464; x_wconf 88' lang='lat' dir='ltr'><strong>jube</strong></span> <span class='ocrx_word' id='word_1_480' title='bbox 2383 1407 2472 1448; x_wconf 93' lang='lat' dir='ltr'><strong>me</strong></span> <span class='ocrx_word' id='word_1_481' title='bbox 2527 1392 2594 1447; x_wconf 90' lang='lat' dir='ltr'><strong>ad</strong></span> <span class='ocrx_word' id='word_1_482' title='bbox 2654 1402 2706 1447; x_wconf 92' lang='lat' dir='ltr'><strong>te</strong></span> <span class='ocrx_word' id='word_1_483' title='bbox 2743 1393 2928 1448; x_wconf 90' lang='lat' dir='ltr'><strong>venire</strong></span> <span class='ocrx_word' id='word_1_484' title='bbox 2951 1408 3118 1462; x_wconf 85' lang='lat' dir='ltr'><strong>super</strong></span> <span class='ocrx_word' id='word_1_485' title='bbox 3143 1409 3316 1464; x_wconf 88' lang='lat' dir='ltr'><strong>aquas</strong></span> <span class='ocrx_word' id='word_1_486' title='bbox 3337 1394 3406 1447; x_wconf 80' lang='lat'><strong>&quot;.</strong></span> <span class='ocrx_word' id='word_1_487' title='bbox 3457 1412 3477 1445; x_wconf 75' lang='grc' dir='ltr'><strong>ι</strong></span> 
     </span>
    </p>
   </div>
   <div class='ocr_carea' id='block_1_60' title="bbox 1896 1484 3485 1555">
    <p class='ocr_par' dir='ltr' id='par_1_60' title="bbox 1896 1484 3485 1555">
     <span class='ocr_line' id='line_1_60' title="bbox 1896 1484 3485 1555; baseline 0 -16"><span class='ocrx_word' id='word_1_488' title='bbox 1896 1484 2030 1540; x_wconf 80' lang='lat' dir='ltr'><strong>Nam</strong></span> <span class='ocrx_word' id='word_1_489' title='bbox 2053 1501 2178 1541; x_wconf 91' lang='lat' dir='ltr'><strong>cum</strong></span> <span class='ocrx_word' id='word_1_490' title='bbox 2230 1485 2389 1542; x_wconf 81' lang='lat' dir='ltr'><strong>Jesus</strong></span> <span class='ocrx_word' id='word_1_491' title='bbox 2419 1493 2450 1539; x_wconf 84' lang='lat' dir='ltr'><strong>a</strong></span> <span class='ocrx_word' id='word_1_492' title='bbox 2492 1484 2782 1540; x_wconf 87' lang='lat' dir='ltr'><strong>timiditate</strong></span> <span class='ocrx_word' id='word_1_493' title='bbox 2827 1485 3038 1540; x_wconf 86' lang='lat' dir='ltr'><strong>consilii</strong></span> <span class='ocrx_word' id='word_1_494' title='bbox 3078 1485 3372 1555; x_wconf 85' lang='lat' dir='ltr'><strong>discipulos</strong></span> <span class='ocrx_word' id='word_1_495' title='bbox 3395 1501 3485 1539; x_wconf 88' lang='lat' dir='ltr'><strong>re-</strong></span> 
     </span>
    </p>
   </div>
   <div class='ocr_carea' id='block_1_61' title="bbox 1899 1577 3486 1648">
    <p class='ocr_par' dir='ltr' id='par_1_61' title="bbox 1899 1577 3486 1648">
     <span class='ocr_line' id='line_1_61' title="bbox 1899 1577 3486 1648; baseline -0.002 -15"><span class='ocrx_word' id='word_1_496' title='bbox 1899 1589 2144 1643; x_wconf 89' lang='lat' dir='ltr'><strong>vocaret,</strong></span> <span class='ocrx_word' id='word_1_497' title='bbox 2195 1579 2532 1648; x_wconf 89' lang='lat' dir='ltr'><strong>diceretque,</strong></span> <span class='ocrx_word' id='word_1_498' title='bbox 2587 1597 2606 1630; x_wconf 74' lang='grc' dir='ltr'><strong>ι</strong></span> <span class='ocrx_word' id='word_1_499' title='bbox 2648 1577 2799 1634; x_wconf 85' lang='grc' dir='ltr'>Βοηο</span> <span class='ocrx_word' id='word_1_500' title='bbox 2854 1581 3040 1633; x_wconf 91' lang='lat' dir='ltr'><strong>animo</strong></span> <span class='ocrx_word' id='word_1_501' title='bbox 3104 1587 3276 1632; x_wconf 90' lang='lat' dir='ltr'><strong>estote</strong></span> <span class='ocrx_word' id='word_1_502' title='bbox 3325 1595 3338 1630; x_wconf 91' lang='lat'><strong>:</strong></span> <span class='ocrx_word' id='word_1_503' title='bbox 3385 1593 3486 1643; x_wconf 81' lang='lat' dir='ltr'><strong>ego</strong></span> 
     </span>
    </p>
   </div>
   <div class='ocr_carea' id='block_1_62' title="bbox 1903 1669 3488 1736">
    <p class='ocr_par' dir='ltr' id='par_1_62' title="bbox 1903 1669 3488 1736">
     <span class='ocr_line' id='line_1_62' title="bbox 1903 1669 3488 1736; baseline -0.003 -10"><span class='ocrx_word' id='word_1_504' title='bbox 1903 1685 2046 1735; x_wconf 90' lang='lat' dir='ltr'><strong>sum,</strong></span> <span class='ocrx_word' id='word_1_505' title='bbox 2075 1670 2238 1724; x_wconf 88' lang='lat' dir='ltr'><strong>nolite</strong></span> <span class='ocrx_word' id='word_1_506' title='bbox 2261 1671 2486 1736; x_wconf 88' lang='lat' dir='ltr'><strong>timere;</strong></span> <span class='ocrx_word' id='word_1_507' title='bbox 2525 1688 2544 1721; x_wconf 75' lang='grc' dir='ltr'><strong>ι</strong></span> <span class='ocrx_word' id='word_1_508' title='bbox 2576 1669 2769 1724; x_wconf 81' lang='lat' dir='ltr'><strong>Petrus</strong></span> <span class='ocrx_word' id='word_1_509' title='bbox 2795 1669 2919 1725; x_wconf 89' lang='lat' dir='ltr'><strong>hinc</strong></span> <span class='ocrx_word' id='word_1_510' title='bbox 2936 1677 3149 1736; x_wconf 87' lang='lat' dir='ltr'><strong>captata</strong></span> <span class='ocrx_word' id='word_1_511' title='bbox 3164 1669 3488 1724; x_wconf 85' lang='lat' dir='ltr'><strong>obsecrandi</strong></span> 
     </span>
    </p>
   </div>
   <div class='ocr_carea' id='block_1_63' title="bbox 1903 1760 3487 1831">
    <p class='ocr_par' dir='ltr' id='par_1_63' title="bbox 1903 1760 3487 1831">
     <span class='ocr_line' id='line_1_63' title="bbox 1903 1760 3487 1831; baseline -0.003 -13"><span class='ocrx_word' id='word_1_512' title='bbox 1903 1763 2238 1819; x_wconf 90' lang='lat' dir='ltr'><strong>occasione:</strong></span> <span class='ocrx_word' id='word_1_513' title='bbox 2275 1781 2295 1815; x_wconf 77' lang='grc' dir='ltr'><strong>ι</strong></span> <span class='ocrx_word' id='word_1_514' title='bbox 2339 1762 2568 1818; x_wconf 88' lang='lat' dir='ltr'><strong>Domine</strong></span> <span class='ocrx_word' id='word_1_515' title='bbox 2598 1764 2644 1817; x_wconf 91' lang='lat' dir='ltr'><strong>si</strong></span> <span class='ocrx_word' id='word_1_516' title='bbox 2670 1771 2750 1828; x_wconf 87' lang='lat' dir='ltr'><strong>tu,</strong></span> <span class='ocrx_word' id='word_1_517' title='bbox 2778 1763 2977 1830; x_wconf 86' lang='lat' dir='ltr'><strong>inquit,</strong></span> <span class='ocrx_word' id='word_1_518' title='bbox 3002 1777 3083 1826; x_wconf 90' lang='lat' dir='ltr'><strong>es,</strong></span> <span class='ocrx_word' id='word_1_519' title='bbox 3121 1762 3253 1831; x_wconf 82' lang='lat' dir='ltr'><strong>jube</strong></span> <span class='ocrx_word' id='word_1_520' title='bbox 3293 1777 3379 1814; x_wconf 89' lang='lat' dir='ltr'><strong>me</strong></span> <span class='ocrx_word' id='word_1_521' title='bbox 3417 1760 3487 1814; x_wconf 90' lang='lat' dir='ltr'><strong>ad</strong></span> 
     </span>
    </p>
   </div>
   <div class='ocr_carea' id='block_1_64' title="bbox 1903 1851 3489 1926">
    <p class='ocr_par' dir='ltr' id='par_1_64' title="bbox 1903 1851 3489 1926">
     <span class='ocr_line' id='line_1_64' title="bbox 1903 1851 3489 1926; baseline -0.004 -16"><span class='ocrx_word' id='word_1_522' title='bbox 1903 1865 1956 1912; x_wconf 90' lang='lat' dir='ltr'><strong>te</strong></span> <span class='ocrx_word' id='word_1_523' title='bbox 1985 1856 2170 1912; x_wconf 88' lang='lat' dir='ltr'><strong>venire</strong></span> <span class='ocrx_word' id='word_1_524' title='bbox 2219 1871 2383 1924; x_wconf 86' lang='lat' dir='ltr'><strong>super</strong></span> <span class='ocrx_word' id='word_1_525' title='bbox 2411 1871 2583 1926; x_wconf 80' lang='lat' dir='ltr'><strong>aquas</strong></span> <span class='ocrx_word' id='word_1_526' title='bbox 2605 1857 2673 1911; x_wconf 77' lang='grc'><strong>⁸⁸.</strong></span> <span class='ocrx_word' id='word_1_527' title='bbox 2715 1874 2733 1907; x_wconf 78' lang='grc' dir='ltr'><strong>ι</strong></span> <span class='ocrx_word' id='word_1_528' title='bbox 2768 1855 2916 1911; x_wconf 88' lang='lat' dir='ltr'><strong>Satis</strong></span> <span class='ocrx_word' id='word_1_529' title='bbox 2956 1856 3100 1910; x_wconf 90' lang='lat' dir='ltr'><strong>enim</strong></span> <span class='ocrx_word' id='word_1_530' title='bbox 3130 1863 3275 1924; x_wconf 85' lang='lat' dir='ltr'><strong>patet</strong></span> <span class='ocrx_word' id='word_1_531' title='bbox 3298 1851 3489 1918; x_wconf 88' lang='lat' dir='ltr'><strong>verbo,</strong></span> 
     </span>
    </p>
   </div>
   <div class='ocr_carea' id='block_1_65' title="bbox 1903 1947 3492 2016">
    <p class='ocr_par' dir='ltr' id='par_1_65' title="bbox 1903 1947 3492 2016">
     <span class='ocr_line' id='line_1_65' title="bbox 1903 1947 3492 2016; baseline -0.001 -14"><span class='ocrx_word' id='word_1_532' title='bbox 1903 1949 2261 2016; x_wconf 84' lang='lat' dir='ltr'><strong>respondens,</strong></span> <span class='ocrx_word' id='word_1_533' title='bbox 2293 1947 2540 2002; x_wconf 90' lang='lat' dir='ltr'><strong>denotari</strong></span> <span class='ocrx_word' id='word_1_534' title='bbox 2585 1947 2692 2002; x_wconf 92' lang='lat' dir='ltr'><strong>hoc</strong></span> <span class='ocrx_word' id='word_1_535' title='bbox 2736 1949 2856 2002; x_wconf 87' lang='lat' dir='ltr'><strong>loco</strong></span> <span class='ocrx_word' id='word_1_536' title='bbox 2905 1963 3091 2016; x_wconf 89' lang='lat' dir='ltr'><strong>preces</strong></span> <span class='ocrx_word' id='word_1_537' title='bbox 3133 1955 3295 2016; x_wconf 89' lang='lat' dir='ltr'><strong>atque</strong></span> <span class='ocrx_word' id='word_1_538' title='bbox 3328 1947 3492 2000; x_wconf 85' lang='lat' dir='ltr'><strong>obse-</strong></span> 
     </span>
    </p>
   </div>
   <div class='ocr_carea' id='block_1_66' title="bbox 1904 2034 3491 2107">
    <p class='ocr_par' dir='ltr' id='par_1_66' title="bbox 1904 2034 3491 2107">
     <span class='ocr_line' id='line_1_66' title="bbox 1904 2034 3491 2107; baseline -0.001 -16"><span class='ocrx_word' id='word_1_539' title='bbox 1904 2037 2228 2092; x_wconf 84' lang='lat' dir='ltr'><strong>crationem.</strong></span> <span class='ocrx_word' id='word_1_540' title='bbox 2283 2034 2455 2090; x_wconf 85' lang='lat' dir='ltr'><strong>Sicuti</strong></span> <span class='ocrx_word' id='word_1_541' title='bbox 2488 2037 2652 2092; x_wconf 90' lang='lat' dir='ltr'><strong>etiam</strong></span> <span class='ocrx_word' id='word_1_542' title='bbox 2697 2038 2786 2092; x_wconf 89' lang='lat' dir='ltr'><strong>ubi</strong></span> <span class='ocrx_word' id='word_1_543' title='bbox 2845 2036 3127 2107; x_wconf 83' lang='lat' dir='ltr'><strong>Scriptura</strong></span> <span class='ocrx_word' id='word_1_544' title='bbox 3170 2037 3286 2090; x_wconf 89' lang='lat' dir='ltr'><strong>ait:</strong></span> <span class='ocrx_word' id='word_1_545' title='bbox 3332 2055 3350 2087; x_wconf 85' lang='grc'><strong>‹</strong></span> <span class='ocrx_word' id='word_1_546' title='bbox 3383 2034 3491 2089; x_wconf 76' lang='lat' dir='ltr'><strong>Re-</strong></span> 
     </span>
    </p>
   </div>
   <div class='ocr_carea' id='block_1_67' title="bbox 1906 2123 3491 2197">
    <p class='ocr_par' dir='ltr' id='par_1_67' title="bbox 1906 2123 3491 2197">
     <span class='ocr_line' id='line_1_67' title="bbox 1906 2123 3491 2197; baseline -0.004 -17"><span class='ocrx_word' id='word_1_547' title='bbox 1906 2127 2200 2197; x_wconf 85' lang='lat' dir='ltr'><strong>spondens,</strong></span> <span class='ocrx_word' id='word_1_548' title='bbox 2242 2124 2434 2182; x_wconf 84' lang='lat' dir='ltr'><strong>Petrus</strong></span> <span class='ocrx_word' id='word_1_549' title='bbox 2488 2125 2647 2191; x_wconf 82' lang='lat' dir='ltr'><strong>dixit,</strong></span> <span class='ocrx_word' id='word_1_550' title='bbox 2685 2126 2935 2180; x_wconf 88' lang='lat' dir='ltr'><strong>Edissere</strong></span> <span class='ocrx_word' id='word_1_551' title='bbox 2965 2124 3124 2179; x_wconf 88' lang='lat' dir='ltr'><strong>nobis</strong></span> <span class='ocrx_word' id='word_1_552' title='bbox 3179 2123 3491 2194; x_wconf 87' lang='lat' dir='ltr'><strong>parabolam</strong></span> 
     </span>
    </p>
   </div>
   <div class='ocr_carea' id='block_1_68' title="bbox 1906 2215 3494 2287">
    <p class='ocr_par' dir='ltr' id='par_1_68' title="bbox 1906 2215 3494 2287">
     <span class='ocr_line' id='line_1_68' title="bbox 1906 2215 3494 2287; baseline -0.001 -15"><span class='ocrx_word' id='word_1_553' title='bbox 1906 2219 2144 2285; x_wconf 81' lang='lat' dir='ltr'><strong>hanc&quot;;</strong></span> <span class='ocrx_word' id='word_1_554' title='bbox 2183 2237 2200 2269; x_wconf 80' lang='grc' dir='ltr'><strong>ι</strong></span> <span class='ocrx_word' id='word_1_555' title='bbox 2262 2234 2391 2272; x_wconf 87' lang='lat' dir='ltr'><strong>nam</strong></span> <span class='ocrx_word' id='word_1_556' title='bbox 2447 2216 2500 2272; x_wconf 88' lang='lat' dir='ltr'><strong>id</strong></span> <span class='ocrx_word' id='word_1_557' title='bbox 2533 2217 2694 2272; x_wconf 88' lang='lat' dir='ltr'><strong>etiam</strong></span> <span class='ocrx_word' id='word_1_558' title='bbox 2745 2232 2969 2287; x_wconf 80' lang='lat' dir='ltr'><strong>precum</strong></span> <span class='ocrx_word' id='word_1_559' title='bbox 3003 2233 3066 2271; x_wconf 91' lang='lat' dir='ltr'><strong>ac</strong></span> <span class='ocrx_word' id='word_1_560' title='bbox 3106 2215 3494 2286; x_wconf 82' lang='lat' dir='ltr'><strong>postulationis</strong></span> 
     </span>
    </p>
   </div>
   <div class='ocr_carea' id='block_1_69' title="bbox 1907 2309 3494 2380">
    <p class='ocr_par' dir='ltr' id='par_1_69' title="bbox 1907 2309 3494 2380">
     <span class='ocr_line' id='line_1_69' title="bbox 1907 2309 3494 2380; baseline -0.004 -14"><span class='ocrx_word' id='word_1_561' title='bbox 1907 2311 2024 2367; x_wconf 86' lang='lat' dir='ltr'><strong>vice</strong></span> <span class='ocrx_word' id='word_1_562' title='bbox 2056 2311 2321 2379; x_wconf 79' lang='lat' dir='ltr'><strong>fungitur.</strong></span> <span class='ocrx_word' id='word_1_563' title='bbox 2364 2309 2465 2365; x_wconf 85' lang='lat' dir='ltr'><strong>Cui</strong></span> <span class='ocrx_word' id='word_1_564' title='bbox 2504 2325 2636 2365; x_wconf 92' lang='lat' dir='ltr'><strong>vero</strong></span> <span class='ocrx_word' id='word_1_565' title='bbox 2666 2324 2772 2363; x_wconf 86' lang='lat' dir='ltr'><strong>non</strong></span> <span class='ocrx_word' id='word_1_566' title='bbox 2808 2319 2893 2364; x_wconf 90' lang='lat' dir='ltr'><strong>est</strong></span> <span class='ocrx_word' id='word_1_567' title='bbox 2934 2310 3299 2380; x_wconf 80' lang='lat' dir='ltr'><strong>exploratum,</strong></span> <span class='ocrx_word' id='word_1_568' title='bbox 3328 2322 3494 2361; x_wconf 86' lang='lat' dir='ltr'><strong>voca-</strong></span> 
     </span>
    </p>
   </div>
   <div class='ocr_carea' id='block_1_70' title="bbox 1906 2403 3494 2476">
    <p class='ocr_par' dir='ltr' id='par_1_70' title="bbox 1906 2403 3494 2476">
     <span class='ocr_line' id='line_1_70' title="bbox 1906 2403 3494 2476; baseline -0.004 -16"><span class='ocrx_word' id='word_1_569' title='bbox 1906 2404 2092 2460; x_wconf 84' lang='lat' dir='ltr'><strong>bulum</strong></span> <span class='ocrx_word' id='word_1_570' title='bbox 2121 2405 2404 2476; x_wconf 89' lang='lat' dir='ltr'><strong>respondit</strong></span> <span class='ocrx_word' id='word_1_571' title='bbox 2437 2404 2693 2474; x_wconf 87' lang='lat' dir='ltr'><strong>usurpari</strong></span> <span class='ocrx_word' id='word_1_572' title='bbox 2733 2405 2896 2458; x_wconf 89' lang='lat' dir='ltr'><strong>etiam</strong></span> <span class='ocrx_word' id='word_1_573' title='bbox 2945 2419 3044 2473; x_wconf 89' lang='lat' dir='ltr'><strong>pro</strong></span> <span class='ocrx_word' id='word_1_574' title='bbox 3094 2403 3361 2458; x_wconf 84' lang='lat' dir='ltr'><strong>an-nuitet</strong></span> <span class='ocrx_word' id='word_1_575' title='bbox 3401 2417 3494 2454; x_wconf 90' lang='lat' dir='ltr'><strong>as-</strong></span> 
     </span>
    </p>
   </div>
   <div class='ocr_carea' id='block_1_71' title="bbox 1908 2493 3496 2565">
    <p class='ocr_par' dir='ltr' id='par_1_71' title="bbox 1908 2493 3496 2565">
     <span class='ocr_line' id='line_1_71' title="bbox 1908 2493 3496 2565; baseline -0.003 -14"><span class='ocrx_word' id='word_1_576' title='bbox 1908 2511 2104 2551; x_wconf 82' lang='lat' dir='ltr'><strong>sensus</strong></span> <span class='ocrx_word' id='word_1_577' title='bbox 2131 2496 2248 2552; x_wconf 86' lang='lat' dir='ltr'><strong>est?</strong></span> <span class='ocrx_word' id='word_1_578' title='bbox 2273 2496 2406 2550; x_wconf 82' lang='lat' dir='ltr'><strong>Nam</strong></span> <span class='ocrx_word' id='word_1_579' title='bbox 2441 2511 2567 2550; x_wconf 89' lang='lat' dir='ltr'><strong>cum</strong></span> <span class='ocrx_word' id='word_1_580' title='bbox 2605 2496 2870 2551; x_wconf 91' lang='lat' dir='ltr'><strong>Servator</strong></span> <span class='ocrx_word' id='word_1_581' title='bbox 2907 2496 3016 2549; x_wconf 92' lang='lat' dir='ltr'><strong>duo</strong></span> <span class='ocrx_word' id='word_1_582' title='bbox 3045 2495 3314 2565; x_wconf 79' lang='lat' dir='ltr'><strong>praecipua</strong></span> <span class='ocrx_word' id='word_1_583' title='bbox 3363 2493 3496 2562; x_wconf 80' lang='lat' dir='ltr'><strong>legis</strong></span> 
     </span>
    </p>
   </div>
   <div class='ocr_carea' id='block_1_72' title="bbox 1910 2585 3498 2657">
    <p class='ocr_par' dir='ltr' id='par_1_72' title="bbox 1910 2585 3498 2657">
     <span class='ocr_line' id='line_1_72' title="bbox 1910 2585 3498 2657; baseline 0 -17"><span class='ocrx_word' id='word_1_584' title='bbox 1910 2595 2174 2656; x_wconf 66' lang='lat' dir='ltr'><strong>praecepta</strong></span> <span class='ocrx_word' id='word_1_585' title='bbox 2200 2588 2611 2657; x_wconf 87' lang='lat' dir='ltr'><strong>proposuisset,</strong></span> <span class='ocrx_word' id='word_1_586' title='bbox 2653 2587 2835 2643; x_wconf 86' lang='lat' dir='ltr'><strong>scriba</strong></span> <span class='ocrx_word' id='word_1_587' title='bbox 2886 2595 3064 2641; x_wconf 82' lang='lat' dir='ltr'><strong>autem</strong></span> <span class='ocrx_word' id='word_1_588' title='bbox 3109 2586 3162 2639; x_wconf 92' lang='lat' dir='ltr'><strong>in</strong></span> <span class='ocrx_word' id='word_1_589' title='bbox 3207 2585 3346 2639; x_wconf 92' lang='lat' dir='ltr'><strong>hanc</strong></span> <span class='ocrx_word' id='word_1_590' title='bbox 3371 2602 3498 2642; x_wconf 81' lang='lat' dir='ltr'><strong>seu-</strong></span> 
     </span>
    </p>
   </div>
   <div class='ocr_carea' id='block_1_73' title="bbox 1913 2678 3501 2749">
    <p class='ocr_par' dir='ltr' id='par_1_73' title="bbox 1913 2678 3501 2749">
     <span class='ocr_line' id='line_1_73' title="bbox 1913 2678 3501 2749; baseline 0.001 -17"><span class='ocrx_word' id='word_1_591' title='bbox 1913 2679 2135 2734; x_wconf 89' lang='lat' dir='ltr'><strong>tentiam</strong></span> <span class='ocrx_word' id='word_1_592' title='bbox 2169 2678 2401 2748; x_wconf 90' lang='lat' dir='ltr'><strong>pedibus</strong></span> <span class='ocrx_word' id='word_1_593' title='bbox 2429 2678 2894 2749; x_wconf 82' lang='lat' dir='ltr'><strong>iret,Dominique</strong></span> <span class='ocrx_word' id='word_1_594' title='bbox 2922 2679 3180 2749; x_wconf 85' lang='lat' dir='ltr'><strong>iudicium</strong></span> <span class='ocrx_word' id='word_1_595' title='bbox 3211 2679 3501 2733; x_wconf 74' lang='lat' dir='ltr'><strong>conﬁrma-</strong></span> 
     </span>
    </p>
   </div>
   <div class='ocr_carea' id='block_1_74' title="bbox 1909 2769 3497 2842">
    <p class='ocr_par' dir='ltr' id='par_1_74' title="bbox 1909 2769 3497 2842">
     <span class='ocr_line' id='line_1_74' title="bbox 1909 2769 3497 2842; baseline -0.001 -16"><span class='ocrx_word' id='word_1_596' title='bbox 1909 2781 2023 2838; x_wconf 86' lang='lat' dir='ltr'><strong>ret;</strong></span> <span class='ocrx_word' id='word_1_597' title='bbox 2081 2771 2347 2842; x_wconf 87' lang='lat' dir='ltr'><strong>prudente</strong></span> <span class='ocrx_word' id='word_1_598' title='bbox 2398 2769 2559 2826; x_wconf 82' lang='lat' dir='ltr'><strong>Jesus</strong></span> <span class='ocrx_word' id='word_1_599' title='bbox 2617 2787 2878 2840; x_wconf 87' lang='lat' dir='ltr'><strong>responso</strong></span> <span class='ocrx_word' id='word_1_600' title='bbox 2942 2772 3180 2841; x_wconf 87' lang='lat' dir='ltr'><strong>cognito,</strong></span> <span class='ocrx_word' id='word_1_601' title='bbox 3242 2773 3318 2825; x_wconf 88' lang='lat' dir='ltr'><strong>ait</strong></span> <span class='ocrx_word' id='word_1_602' title='bbox 3371 2771 3497 2825; x_wconf 89' lang='lat' dir='ltr'><strong>illi:</strong></span> 
     </span>
    </p>
   </div>
   <div class='ocr_carea' id='block_1_75' title="bbox 1919 2860 3502 2935">
    <p class='ocr_par' dir='ltr' id='par_1_75' title="bbox 1919 2860 3502 2935">
     <span class='ocr_line' id='line_1_75' title="bbox 1919 2860 3502 2935; baseline 0 -19"><span class='ocrx_word' id='word_1_603' title='bbox 1919 2881 1939 2916; x_wconf 76' lang='grc' dir='ltr'><strong>ι</strong></span> <span class='ocrx_word' id='word_1_604' title='bbox 1973 2863 2088 2917; x_wconf 85' lang='lat' dir='ltr'><strong>Non</strong></span> <span class='ocrx_word' id='word_1_605' title='bbox 2145 2878 2476 2935; x_wconf 81' lang='lat' dir='ltr'><strong>magnopere</strong></span> <span class='ocrx_word' id='word_1_606' title='bbox 2523 2863 2653 2918; x_wconf 89' lang='lat' dir='ltr'><strong>abes</strong></span> <span class='ocrx_word' id='word_1_607' title='bbox 2715 2877 2746 2917; x_wconf 93' lang='lat' dir='ltr'><strong>a</strong></span> <span class='ocrx_word' id='word_1_608' title='bbox 2799 2878 2968 2935; x_wconf 87' lang='lat' dir='ltr'><strong>regno</strong></span> <span class='ocrx_word' id='word_1_609' title='bbox 3042 2863 3134 2917; x_wconf 89' lang='lat' dir='ltr'><strong>Dei</strong></span> <span class='ocrx_word' id='word_1_610' title='bbox 3155 2864 3222 2916; x_wconf 71' lang='grc'><strong>⁸⁸.</strong></span> <span class='ocrx_word' id='word_1_611' title='bbox 3271 2882 3289 2914; x_wconf 78' lang='grc' dir='ltr'><strong>ι</strong></span> <span class='ocrx_word' id='word_1_612' title='bbox 3363 2860 3502 2916; x_wconf 85' lang='lat' dir='ltr'><strong>Hinc</strong></span> 
     </span>
    </p>
   </div>
   <div class='ocr_carea' id='block_1_76' title="bbox 1837 2955 3502 3038">
    <p class='ocr_par' dir='ltr' id='par_1_76' title="bbox 1837 2955 3502 3038">
     <span class='ocr_line' id='line_1_76' title="bbox 1837 2955 3502 3038; baseline 0 -28"><span class='ocrx_word' id='word_1_613' title='bbox 1837 2980 1881 3038; x_wconf 71' lang='grc' dir='ltr'>ο</span> <span class='ocrx_word' id='word_1_614' title='bbox 1913 2967 2141 3026; x_wconf 86' lang='lat' dir='ltr'><strong>prorsus</strong></span> <span class='ocrx_word' id='word_1_615' title='bbox 2169 2965 2336 3026; x_wconf 86' lang='lat' dir='ltr'><strong>patet,</strong></span> <span class='ocrx_word' id='word_1_616' title='bbox 2376 2955 2539 3010; x_wconf 88' lang='lat' dir='ltr'><strong>verbo</strong></span> <span class='ocrx_word' id='word_1_617' title='bbox 2592 2956 2682 3010; x_wconf 90' lang='lat' dir='ltr'><strong>illo</strong></span> <span class='ocrx_word' id='word_1_618' title='bbox 2713 2957 2996 3026; x_wconf 89' lang='lat' dir='ltr'><strong>respondit</strong></span> <span class='ocrx_word' id='word_1_619' title='bbox 3033 2957 3305 3026; x_wconf 86' lang='lat' dir='ltr'><strong>designari</strong></span> <span class='ocrx_word' id='word_1_620' title='bbox 3338 2972 3366 3010; x_wconf 88' lang='lat' dir='ltr'><strong>a</strong></span> <span class='ocrx_word' id='word_1_621' title='bbox 3413 2971 3502 3011; x_wconf 88' lang='lat' dir='ltr'><strong>sa-</strong></span> 
     </span>
    </p>
   </div>
   <div class='ocr_carea' id='block_1_77' title="bbox 1912 3046 3502 3118">
    <p class='ocr_par' dir='ltr' id='par_1_77' title="bbox 1912 3046 3502 3118">
     <span class='ocr_line' id='line_1_77' title="bbox 1912 3046 3502 3118; baseline -0.001 -16"><span class='ocrx_word' id='word_1_622' title='bbox 1912 3049 2022 3103; x_wconf 89' lang='lat' dir='ltr'><strong>cris</strong></span> <span class='ocrx_word' id='word_1_623' title='bbox 2052 3047 2272 3103; x_wconf 88' lang='lat' dir='ltr'><strong>Litteris</strong></span> <span class='ocrx_word' id='word_1_624' title='bbox 2322 3046 2647 3103; x_wconf 88' lang='lat' dir='ltr'><strong>deditionem</strong></span> <span class='ocrx_word' id='word_1_625' title='bbox 2685 3049 2851 3102; x_wconf 89' lang='lat' dir='ltr'><strong>animi</strong></span> <span class='ocrx_word' id='word_1_626' title='bbox 2904 3049 3100 3104; x_wconf 70' lang='lat' dir='ltr'><strong>scriba:</strong></span> <span class='ocrx_word' id='word_1_627' title='bbox 3157 3057 3320 3118; x_wconf 89' lang='lat' dir='ltr'><strong>atque</strong></span> <span class='ocrx_word' id='word_1_628' title='bbox 3373 3063 3502 3102; x_wconf 88' lang='lat' dir='ltr'><strong>con-</strong></span> 
     </span>
    </p>
   </div>
   <div class='ocr_carea' id='block_1_78' title="bbox 1912 3152 2158 3192">
    <p class='ocr_par' dir='ltr' id='par_1_78' title="bbox 1912 3152 2158 3192">
     <span class='ocr_line' id='line_1_78' title="bbox 1912 3152 2158 3192; baseline 0 0"><span class='ocrx_word' id='word_1_629' title='bbox 1912 3152 2158 3192; x_wconf 90' lang='lat' dir='ltr'><strong>sensum.</strong></span> 
     </span>
    </p>
   </div>
   <div class='ocr_carea' id='block_1_79' title="bbox 1984 3392 3505 3464">
    <p class='ocr_par' dir='ltr' id='par_1_79' title="bbox 1984 3392 3505 3464">
     <span class='ocr_line' id='line_1_79' title="bbox 1984 3392 3505 3464; baseline -0.003 -14"><span class='ocrx_word' id='word_1_630' title='bbox 1984 3396 2040 3450; x_wconf 77' lang='grc'><strong>4.</strong></span> <span class='ocrx_word' id='word_1_631' title='bbox 2081 3395 2309 3464; x_wconf 85' lang='lat' dir='ltr'><strong>Insuper</strong></span> <span class='ocrx_word' id='word_1_632' title='bbox 2349 3393 2514 3447; x_wconf 88' lang='lat' dir='ltr'><strong>etiam</strong></span> <span class='ocrx_word' id='word_1_633' title='bbox 2572 3392 2889 3447; x_wconf 88' lang='lat' dir='ltr'><strong>redundans</strong></span> <span class='ocrx_word' id='word_1_634' title='bbox 2937 3407 3040 3446; x_wconf 84' lang='lat' dir='ltr'><strong>vox</strong></span> <span class='ocrx_word' id='word_1_635' title='bbox 3087 3402 3170 3446; x_wconf 89' lang='lat' dir='ltr'><strong>est</strong></span> <span class='ocrx_word' id='word_1_636' title='bbox 3213 3393 3505 3458; x_wconf 74' lang='lat' dir='ltr'><strong>respondit,</strong></span> 
     </span>
    </p>
   </div>
   <div class='ocr_carea' id='block_1_80' title="bbox 1915 3483 3502 3556">
    <p class='ocr_par' dir='ltr' id='par_1_80' title="bbox 1915 3483 3502 3556">
     <span class='ocr_line' id='line_1_80' title="bbox 1915 3483 3502 3556; baseline -0.004 -12"><span class='ocrx_word' id='word_1_637' title='bbox 1915 3487 2087 3544; x_wconf 82' lang='lat' dir='ltr'><strong>veluti</strong></span> <span class='ocrx_word' id='word_1_638' title='bbox 2116 3502 2240 3543; x_wconf 90' lang='lat' dir='ltr'><strong>cum</strong></span> <span class='ocrx_word' id='word_1_639' title='bbox 2303 3486 2790 3556; x_wconf 79' lang='lat' dir='ltr'><strong>arcbisynagogus,</strong></span> <span class='ocrx_word' id='word_1_640' title='bbox 2853 3485 2948 3554; x_wconf 87' lang='lat' dir='ltr'><strong>qui</strong></span> <span class='ocrx_word' id='word_1_641' title='bbox 3003 3483 3302 3554; x_wconf 86' lang='lat' dir='ltr'><strong>reliquerat</strong></span> <span class='ocrx_word' id='word_1_642' title='bbox 3335 3484 3502 3538; x_wconf 80' lang='lat' dir='ltr'><strong>ﬁliam</strong></span> 
     </span>
    </p>
   </div>
   <div class='ocr_carea' id='block_1_81' title="bbox 1917 3573 3509 3647">
    <p class='ocr_par' dir='ltr' id='par_1_81' title="bbox 1917 3573 3509 3647">
     <span class='ocr_line' id='line_1_81' title="bbox 1917 3573 3509 3647; baseline -0.004 -11"><span class='ocrx_word' id='word_1_643' title='bbox 1917 3579 2136 3636; x_wconf 87' lang='lat' dir='ltr'><strong>mortali</strong></span> <span class='ocrx_word' id='word_1_644' title='bbox 2175 3577 2368 3632; x_wconf 89' lang='lat' dir='ltr'><strong>morbo</strong></span> <span class='ocrx_word' id='word_1_645' title='bbox 2421 3576 2866 3640; x_wconf 84' lang='lat' dir='ltr'><strong>conﬂictantem,</strong></span> <span class='ocrx_word' id='word_1_646' title='bbox 2923 3573 3110 3631; x_wconf 84' lang='lat' dir='ltr'><strong>Jesum</strong></span> <span class='ocrx_word' id='word_1_647' title='bbox 3172 3575 3402 3647; x_wconf 83' lang='lat' dir='ltr'><strong>rogabat</strong></span> <span class='ocrx_word' id='word_1_648' title='bbox 3445 3586 3509 3630; x_wconf 91' lang='lat' dir='ltr'><strong>ut</strong></span> 
     </span>
    </p>
   </div>
   <div class='ocr_carea' id='block_1_82' title="bbox 1917 3665 3504 3744">
    <p class='ocr_par' dir='ltr' id='par_1_82' title="bbox 1917 3665 3504 3744">
     <span class='ocr_line' id='line_1_82' title="bbox 1917 3665 3504 3744; baseline -0.003 -17"><span class='ocrx_word' id='word_1_649' title='bbox 1917 3671 2155 3744; x_wconf 87' lang='lat' dir='ltr'><strong>puellam</strong></span> <span class='ocrx_word' id='word_1_650' title='bbox 2171 3677 2347 3724; x_wconf 88' lang='lat' dir='ltr'><strong>morte</strong></span> <span class='ocrx_word' id='word_1_651' title='bbox 2362 3677 2609 3738; x_wconf 89' lang='lat' dir='ltr'><strong>ereptum</strong></span> <span class='ocrx_word' id='word_1_652' title='bbox 2639 3669 2757 3723; x_wconf 88' lang='lat' dir='ltr'><strong>iret.</strong></span> <span class='ocrx_word' id='word_1_653' title='bbox 2787 3667 2924 3722; x_wconf 87' lang='lat' dir='ltr'><strong>Cum</strong></span> <span class='ocrx_word' id='word_1_654' title='bbox 2949 3681 3078 3723; x_wconf 89' lang='lat' dir='ltr'><strong>vero</strong></span> <span class='ocrx_word' id='word_1_655' title='bbox 3105 3667 3320 3722; x_wconf 88' lang='lat' dir='ltr'><strong>interim</strong></span> <span class='ocrx_word' id='word_1_656' title='bbox 3355 3665 3504 3723; x_wconf 80' lang='lat' dir='ltr'><strong>fama</strong></span> 
     </span>
    </p>
   </div>
   <div class='ocr_carea' id='block_1_83' title="bbox 1920 3753 3510 3834">
    <p class='ocr_par' dir='ltr' id='par_1_83' title="bbox 1920 3753 3510 3834">
     <span class='ocr_line' id='line_1_83' title="bbox 1920 3753 3510 3834; baseline -0.005 -16"><span class='ocrx_word' id='word_1_657' title='bbox 1920 3763 1986 3818; x_wconf 89' lang='lat' dir='ltr'><strong>ad</strong></span> <span class='ocrx_word' id='word_1_658' title='bbox 2049 3769 2332 3834; x_wconf 88' lang='lat' dir='ltr'><strong>parentem</strong></span> <span class='ocrx_word' id='word_1_659' title='bbox 2386 3766 2532 3813; x_wconf 88' lang='lat' dir='ltr'><strong>esset</strong></span> <span class='ocrx_word' id='word_1_660' title='bbox 2579 3757 2742 3811; x_wconf 88' lang='lat' dir='ltr'><strong>allata</strong></span> <span class='ocrx_word' id='word_1_661' title='bbox 2789 3759 2854 3811; x_wconf 89' lang='lat' dir='ltr'><strong>de</strong></span> <span class='ocrx_word' id='word_1_662' title='bbox 2914 3755 3063 3812; x_wconf 87' lang='lat' dir='ltr'><strong>illius</strong></span> <span class='ocrx_word' id='word_1_663' title='bbox 3112 3755 3287 3823; x_wconf 88' lang='lat' dir='ltr'><strong>obitu,</strong></span> <span class='ocrx_word' id='word_1_664' title='bbox 3319 3753 3510 3810; x_wconf 82' lang='lat' dir='ltr'><strong>subdit</strong></span> 
     </span>
    </p>
   </div>
   <div class='ocr_carea' id='block_1_84' title="bbox 1919 3844 3512 3922">
    <p class='ocr_par' dir='ltr' id='par_1_84' title="bbox 1919 3844 3512 3922">
     <span class='ocr_line' id='line_1_84' title="bbox 1919 3844 3512 3922; baseline -0.004 -13"><span class='ocrx_word' id='word_1_665' title='bbox 1919 3853 2254 3922; x_wconf 83' lang='lat' dir='ltr'><strong>evangelista</strong></span> <span class='ocrx_word' id='word_1_666' title='bbox 2294 3865 2310 3902; x_wconf 87' lang='lat'><strong>:</strong></span> <span class='ocrx_word' id='word_1_667' title='bbox 2351 3867 2370 3900; x_wconf 76' lang='grc' dir='ltr'><strong>ι</strong></span> <span class='ocrx_word' id='word_1_668' title='bbox 2406 3849 2606 3904; x_wconf 83' lang='lat' dir='ltr'><strong>Audita</strong></span> <span class='ocrx_word' id='word_1_669' title='bbox 2647 3863 2707 3902; x_wconf 88' lang='lat' dir='ltr'><strong>re</strong></span> <span class='ocrx_word' id='word_1_670' title='bbox 2758 3847 2920 3904; x_wconf 84' lang='lat' dir='ltr'><strong>Jesus</strong></span> <span class='ocrx_word' id='word_1_671' title='bbox 2964 3847 3246 3918; x_wconf 87' lang='lat' dir='ltr'><strong>respondit</strong></span> <span class='ocrx_word' id='word_1_672' title='bbox 3285 3845 3399 3902; x_wconf 90' lang='lat' dir='ltr'><strong>illi:</strong></span> <span class='ocrx_word' id='word_1_673' title='bbox 3431 3844 3512 3902; x_wconf 73' lang='lat' dir='ltr'><strong>Ne</strong></span> 
     </span>
    </p>
   </div>
   <div class='ocr_carea' id='block_1_85' title="bbox 1921 3935 3510 4008">
    <p class='ocr_par' dir='ltr' id='par_1_85' title="bbox 1921 3935 3510 4008">
     <span class='ocr_line' id='line_1_85' title="bbox 1921 3935 3510 4008; baseline -0.001 -15"><span class='ocrx_word' id='word_1_674' title='bbox 1921 3946 2139 4008; x_wconf 85' lang='lat' dir='ltr'><strong>timeas,</strong></span> <span class='ocrx_word' id='word_1_675' title='bbox 2153 3939 2534 3996; x_wconf 85' lang='lat' dir='ltr'><strong>tantummodo</strong></span> <span class='ocrx_word' id='word_1_676' title='bbox 2550 3939 2708 3994; x_wconf 86' lang='lat' dir='ltr'><strong>crede</strong></span> <span class='ocrx_word' id='word_1_677' title='bbox 2727 3939 2795 3993; x_wconf 83' lang='lat'><strong>”.</strong></span> <span class='ocrx_word' id='word_1_678' title='bbox 2821 3957 2839 3990; x_wconf 71' lang='grc' dir='ltr'><strong>ι</strong></span> <span class='ocrx_word' id='word_1_679' title='bbox 2861 3937 3091 3994; x_wconf 76' lang='lat' dir='ltr'><strong>Constat</strong></span> <span class='ocrx_word' id='word_1_680' title='bbox 3105 3937 3274 4006; x_wconf 90' lang='lat' dir='ltr'><strong>enim,</strong></span> <span class='ocrx_word' id='word_1_681' title='bbox 3292 3935 3510 3992; x_wconf 79' lang='lat' dir='ltr'><strong>etiamsi</strong></span> 
     </span>
    </p>
   </div>
   <div class='ocr_carea' id='block_1_86' title="bbox 1921 4030 3509 4104">
    <p class='ocr_par' dir='ltr' id='par_1_86' title="bbox 1921 4030 3509 4104">
     <span class='ocr_line' id='line_1_86' title="bbox 1921 4030 3509 4104; baseline -0.006 -10"><span class='ocrx_word' id='word_1_682' title='bbox 1921 4039 2148 4094; x_wconf 87' lang='lat' dir='ltr'><strong>verbum</strong></span> <span class='ocrx_word' id='word_1_683' title='bbox 2211 4033 2490 4104; x_wconf 88' lang='lat' dir='ltr'><strong>respondit</strong></span> <span class='ocrx_word' id='word_1_684' title='bbox 2544 4032 2771 4087; x_wconf 87' lang='lat' dir='ltr'><strong>minime</strong></span> <span class='ocrx_word' id='word_1_685' title='bbox 2840 4030 3040 4088; x_wconf 81' lang='lat' dir='ltr'><strong>fuisset</strong></span> <span class='ocrx_word' id='word_1_686' title='bbox 3101 4030 3509 4100; x_wconf 86' lang='lat' dir='ltr'><strong>interpositum,</strong></span> 
     </span>
    </p>
   </div>
   <div class='ocr_carea' id='block_1_87' title="bbox 1925 4123 3512 4198">
    <p class='ocr_par' dir='ltr' id='par_1_87' title="bbox 1925 4123 3512 4198">
     <span class='ocr_line' id='line_1_87' title="bbox 1925 4123 3512 4198; baseline -0.006 -11"><span class='ocrx_word' id='word_1_687' title='bbox 1925 4129 2282 4187; x_wconf 86' lang='lat' dir='ltr'><strong>nihilominus</strong></span> <span class='ocrx_word' id='word_1_688' title='bbox 2311 4125 2504 4198; x_wconf 87' lang='lat' dir='ltr'><strong>reliqui</strong></span> <span class='ocrx_word' id='word_1_689' title='bbox 2537 4125 2811 4181; x_wconf 86' lang='lat' dir='ltr'><strong>sermonis</strong></span> <span class='ocrx_word' id='word_1_690' title='bbox 2853 4123 3100 4181; x_wconf 90' lang='lat' dir='ltr'><strong>eamdem</strong></span> <span class='ocrx_word' id='word_1_691' title='bbox 3147 4123 3263 4179; x_wconf 80' lang='lat' dir='ltr'><strong>fore</strong></span> <span class='ocrx_word' id='word_1_692' title='bbox 3288 4131 3512 4179; x_wconf 85' lang='lat' dir='ltr'><strong>senten-</strong></span> 
     </span>
    </p>
   </div>
   <div class='ocr_carea' id='block_1_88' title="bbox 1927 4215 3514 4288">
    <p class='ocr_par' dir='ltr' id='par_1_88' title="bbox 1927 4215 3514 4288">
     <span class='ocr_line' id='line_1_88' title="bbox 1927 4215 3514 4288; baseline -0.006 -7"><span class='ocrx_word' id='word_1_693' title='bbox 1927 4226 2081 4281; x_wconf 89' lang='lat' dir='ltr'><strong>tiam.</strong></span> <span class='ocrx_word' id='word_1_694' title='bbox 2107 4221 2236 4278; x_wconf 82' lang='lat' dir='ltr'><strong>Tale</strong></span> <span class='ocrx_word' id='word_1_695' title='bbox 2271 4229 2360 4278; x_wconf 83' lang='lat' dir='ltr'><strong>est</strong></span> <span class='ocrx_word' id='word_1_696' title='bbox 2397 4229 2451 4276; x_wconf 90' lang='lat' dir='ltr'><strong>et</strong></span> <span class='ocrx_word' id='word_1_697' title='bbox 2487 4218 2618 4274; x_wconf 88' lang='lat' dir='ltr'><strong>illud</strong></span> <span class='ocrx_word' id='word_1_698' title='bbox 2647 4235 2662 4273; x_wconf 89' lang='lat'><strong>:</strong></span> <span class='ocrx_word' id='word_1_699' title='bbox 2705 4236 2726 4270; x_wconf 74' lang='grc' dir='ltr'><strong>ι</strong></span> <span class='ocrx_word' id='word_1_700' title='bbox 2763 4215 3120 4288; x_wconf 78' lang='lat' dir='ltr'><strong>Respondens</strong></span> <span class='ocrx_word' id='word_1_701' title='bbox 3146 4215 3344 4272; x_wconf 86' lang='lat' dir='ltr'><strong>Petrus</strong></span> <span class='ocrx_word' id='word_1_702' title='bbox 3376 4215 3514 4272; x_wconf 80' lang='lat' dir='ltr'><strong>dixit</strong></span> 
     </span>
    </p>
   </div>
   <div class='ocr_carea' id='block_1_89' title="bbox 239 4311 1807 4399">
    <p class='ocr_par' dir='ltr' id='par_1_89' title="bbox 239 4323 1807 4396">
     <span class='ocr_line' id='line_1_89' title="bbox 239 4323 1807 4396; baseline 0.001 -18"><span class='ocrx_word' id='word_1_703' title='bbox 239 4324 307 4378; x_wconf 85' lang='grc' dir='ltr'>Εἱ</span> <span class='ocrx_word' id='word_1_704' title='bbox 335 4325 537 4388; x_wconf 88' lang='grc' dir='ltr'>πάντες</span> <span class='ocrx_word' id='word_1_705' title='bbox 563 4323 1114 4396; x_wconf 82' lang='grc' dir='ltr'>σκανδαλισθήσονται</span> <span class='ocrx_word' id='word_1_706' title='bbox 1147 4325 1207 4377; x_wconf 84' lang='grc' dir='ltr'><strong>ἐν</strong></span> <span class='ocrx_word' id='word_1_707' title='bbox 1257 4326 1362 4391; x_wconf 87' lang='grc' dir='ltr'>σοὶ,</span> <span class='ocrx_word' id='word_1_708' title='bbox 1415 4324 1528 4394; x_wconf 82' lang='grc' dir='ltr'>ἐγὼ</span> <span class='ocrx_word' id='word_1_709' title='bbox 1564 4326 1622 4380; x_wconf 84' lang='grc' dir='ltr'>δὲ</span> <span class='ocrx_word' id='word_1_710' title='bbox 1678 4326 1807 4380; x_wconf 68' lang='grc' dir='ltr'>οὐδέν</span> 
     </span>
    </p>
   </div>
   <div class='ocr_carea' id='block_1_90' title="bbox 1912 4311 3512 4399">
    <p class='ocr_par' dir='ltr' id='par_1_90' title="bbox 1926 4311 3512 4381">
     <span class='ocr_line' id='line_1_90' title="bbox 1926 4311 3512 4381; baseline -0.008 -3"><span class='ocrx_word' id='word_1_711' title='bbox 1926 4321 2263 4379; x_wconf 85' lang='lat' dir='ltr'><strong>ei:Etiamsi</strong></span> <span class='ocrx_word' id='word_1_712' title='bbox 2303 4333 2495 4374; x_wconf 91' lang='lat' dir='ltr'><strong>omnes</strong></span> <span class='ocrx_word' id='word_1_713' title='bbox 2538 4317 2594 4372; x_wconf 89' lang='lat' dir='ltr'><strong>in</strong></span> <span class='ocrx_word' id='word_1_714' title='bbox 2634 4326 2687 4372; x_wconf 88' lang='lat' dir='ltr'><strong>te</strong></span> <span class='ocrx_word' id='word_1_715' title='bbox 2735 4314 3089 4371; x_wconf 86' lang='lat' dir='ltr'><strong>scandalizati</strong></span> <span class='ocrx_word' id='word_1_716' title='bbox 3144 4311 3368 4376; x_wconf 80' lang='lat' dir='ltr'><strong>fuerint,</strong></span> <span class='ocrx_word' id='word_1_717' title='bbox 3409 4327 3512 4381; x_wconf 88' lang='lat' dir='ltr'><strong>ego</strong></span> 
     </span>
    </p>
   </div>
   <div class='ocr_carea' id='block_1_91' title="bbox 241 4414 1824 4490">
    <p class='ocr_par' dir='ltr' id='par_1_91' title="bbox 241 4414 1824 4490">
     <span class='ocr_line' id='line_1_91' title="bbox 241 4414 1824 4490; baseline 0.001 -22"><span class='ocrx_word' id='word_1_718' title='bbox 241 4431 381 4468; x_wconf 87' lang='grc' dir='ltr'>ποτε</span> <span class='ocrx_word' id='word_1_719' title='bbox 406 4431 421 4446; x_wconf 90' lang='grc'><strong>·</strong></span> <span class='ocrx_word' id='word_1_720' title='bbox 460 4432 478 4466; x_wconf 75' lang='lat'><strong>1</strong></span> <span class='ocrx_word' id='word_1_721' title='bbox 516 4416 599 4469; x_wconf 81' lang='grc' dir='ltr'>ὅτι</span> <span class='ocrx_word' id='word_1_722' title='bbox 624 4416 724 4485; x_wconf 89' lang='grc' dir='ltr'><strong>μέν</strong></span> <span class='ocrx_word' id='word_1_723' title='bbox 753 4433 838 4471; x_wconf 88' lang='grc' dir='ltr'><strong>τοι</strong></span> <span class='ocrx_word' id='word_1_724' title='bbox 867 4415 1142 4490; x_wconf 88' lang='grc' dir='ltr'>παρέλκον</span> <span class='ocrx_word' id='word_1_725' title='bbox 1169 4415 1319 4469; x_wconf 86' lang='grc' dir='ltr'>ἐστὶν</span> <span class='ocrx_word' id='word_1_726' title='bbox 1341 4415 1572 4470; x_wconf 89' lang='grc' dir='ltr'>ἐνταῦθα</span> <span class='ocrx_word' id='word_1_727' title='bbox 1597 4414 1660 4469; x_wconf 81' lang='grc' dir='ltr'>τὸ</span> <span class='ocrx_word' id='word_1_728' title='bbox 1686 4414 1824 4470; x_wconf 80' lang='grc' dir='ltr'>ἀπο-</span> 
     </span>
    </p>
   </div>
   <div class='ocr_carea' id='block_1_92' title="bbox 190 4505 1822 4579">
    <p class='ocr_par' dir='ltr' id='par_1_92' title="bbox 190 4505 1822 4579">
     <span class='ocr_line' id='line_1_92' title="bbox 190 4505 1822 4579; baseline 0.002 -19"><span class='ocrx_word' id='word_1_729' title='bbox 190 4527 204 4572; x_wconf 58' lang='lat'><strong>1</strong></span> <span class='ocrx_word' id='word_1_730' title='bbox 241 4505 481 4578; x_wconf 82' lang='grc' dir='ltr'>κριθεὶς,</span> <span class='ocrx_word' id='word_1_731' title='bbox 521 4507 614 4560; x_wconf 87' lang='grc' dir='ltr'><strong>καὶ</strong></span> <span class='ocrx_word' id='word_1_732' title='bbox 643 4506 673 4559; x_wconf 90' lang='lat'><strong>6</strong></span> <span class='ocrx_word' id='word_1_733' title='bbox 695 4508 1096 4579; x_wconf 78' lang='grc' dir='ltr'>εὐαγγελιστὴς</span> <span class='ocrx_word' id='word_1_734' title='bbox 1122 4509 1351 4579; x_wconf 82' lang='grc' dir='ltr'>Μάρκος</span> <span class='ocrx_word' id='word_1_735' title='bbox 1372 4507 1678 4562; x_wconf 79' lang='grc' dir='ltr'>ἐκδιδάσκει</span> <span class='ocrx_word' id='word_1_736' title='bbox 1713 4509 1822 4579; x_wconf 88' lang='grc' dir='ltr'>μά-</span> 
     </span>
    </p>
   </div>
   <div class='ocr_carea' id='block_1_93' title="bbox 191 4579 1826 4672">
    <p class='ocr_par' dir='ltr' id='par_1_93' title="bbox 191 4579 1826 4672">
     <span class='ocr_line' id='line_1_93' title="bbox 191 4579 1826 4672; baseline 0.002 -22"><span class='ocrx_word' id='word_1_737' title='bbox 191 4579 202 4592; x_wconf 43' lang='grc' dir='ltr'><em>ι</em></span> <span class='ocrx_word' id='word_1_738' title='bbox 241 4598 406 4652; x_wconf 87' lang='grc' dir='ltr'>λιστα</span> <span class='ocrx_word' id='word_1_739' title='bbox 436 4615 452 4630; x_wconf 88' lang='grc'><strong>·</strong></span> <span class='ocrx_word' id='word_1_740' title='bbox 495 4597 592 4651; x_wconf 91' lang='grc' dir='ltr'><strong>καὶ</strong></span> <span class='ocrx_word' id='word_1_741' title='bbox 610 4598 718 4670; x_wconf 70' lang='grc' dir='ltr'><strong>γὰρ</strong></span> <span class='ocrx_word' id='word_1_742' title='bbox 745 4600 878 4652; x_wconf 77' lang='grc' dir='ltr'>αὐτὸ</span> <span class='ocrx_word' id='word_1_743' title='bbox 926 4599 1086 4652; x_wconf 80' lang='grc' dir='ltr'>τοῦτο</span> <span class='ocrx_word' id='word_1_744' title='bbox 1135 4599 1486 4672; x_wconf 86' lang='grc' dir='ltr'>διερχόμενος</span> <span class='ocrx_word' id='word_1_745' title='bbox 1516 4599 1579 4653; x_wconf 82' lang='grc' dir='ltr'>τὸ</span> <span class='ocrx_word' id='word_1_746' title='bbox 1627 4600 1826 4670; x_wconf 86' lang='grc' dir='ltr'>χωρίον</span> 
     </span>
    </p>
   </div>
   <div class='ocr_carea' id='block_1_94' title="bbox 242 4689 1827 4764">
    <p class='ocr_par' dir='ltr' id='par_1_94' title="bbox 242 4689 1827 4764">
     <span class='ocr_line' id='line_1_94' title="bbox 242 4689 1827 4764; baseline -0.001 -20"><span class='ocrx_word' id='word_1_747' title='bbox 242 4689 388 4757; x_wconf 80' lang='grc' dir='ltr'>ὑπὲρ</span> <span class='ocrx_word' id='word_1_748' title='bbox 417 4689 446 4743; x_wconf 84' lang='lat'><strong>6</strong></span> <span class='ocrx_word' id='word_1_749' title='bbox 472 4690 750 4755; x_wconf 79' lang='grc' dir='ltr'>Ματθαῖος</span> <span class='ocrx_word' id='word_1_750' title='bbox 778 4691 876 4746; x_wconf 82' lang='grc' dir='ltr'>σὺν</span> <span class='ocrx_word' id='word_1_751' title='bbox 900 4691 978 4764; x_wconf 82' lang='grc' dir='ltr'><strong>τῷ</strong></span> <span class='ocrx_word' id='word_1_752' title='bbox 1007 4691 1285 4762; x_wconf 86' lang='grc' dir='ltr'>ἀπεκρίθη</span> <span class='ocrx_word' id='word_1_753' title='bbox 1321 4691 1639 4762; x_wconf 88' lang='grc' dir='ltr'>διηγήσατο,</span> <span class='ocrx_word' id='word_1_754' title='bbox 1665 4690 1827 4754; x_wconf 85' lang='grc' dir='ltr'>αὐτὸς</span> 
     </span>
    </p>
   </div>
   <div class='ocr_carea' id='block_1_95' title="bbox 241 4781 1824 4854">
    <p class='ocr_par' dir='ltr' id='par_1_95' title="bbox 241 4781 1824 4854">
     <span class='ocr_line' id='line_1_95' title="bbox 241 4781 1824 4854; baseline 0.001 -19"><span class='ocrx_word' id='word_1_755' title='bbox 241 4782 400 4835; x_wconf 76' lang='grc' dir='ltr'>οὐδὲν</span> <span class='ocrx_word' id='word_1_756' title='bbox 421 4783 559 4846; x_wconf 85' lang='grc' dir='ltr'>ὅλως</span> <span class='ocrx_word' id='word_1_757' title='bbox 573 4783 674 4854; x_wconf 79' lang='grc' dir='ltr'>τῆς</span> <span class='ocrx_word' id='word_1_758' title='bbox 690 4783 876 4853; x_wconf 82' lang='grc' dir='ltr'>φωνῆς</span> <span class='ocrx_word' id='word_1_759' title='bbox 886 4782 1119 4853; x_wconf 86' lang='grc' dir='ltr'>δεηθεὶς,</span> <span class='ocrx_word' id='word_1_760' title='bbox 1131 4804 1148 4836; x_wconf 72' lang='grc' dir='ltr'><strong>ε</strong></span> <span class='ocrx_word' id='word_1_761' title='bbox 1169 4785 1231 4836; x_wconf 90' lang='lat'><strong>&#39;0</strong></span> <span class='ocrx_word' id='word_1_762' title='bbox 1247 4783 1302 4837; x_wconf 84' lang='grc' dir='ltr'>δὲ</span> <span class='ocrx_word' id='word_1_763' title='bbox 1314 4783 1518 4854; x_wconf 90' lang='grc' dir='ltr'>Πέτρος</span> <span class='ocrx_word' id='word_1_764' title='bbox 1534 4781 1637 4853; x_wconf 81' lang='grc' dir='ltr'><strong>ἐφη</strong></span> <span class='ocrx_word' id='word_1_765' title='bbox 1655 4781 1824 4852; x_wconf 80' lang='grc' dir='ltr'>αὐτῷ,</span> 
     </span>
    </p>
   </div>
   <div class='ocr_carea' id='block_1_96' title="bbox 245 4872 1828 4945">
    <p class='ocr_par' dir='ltr' id='par_1_96' title="bbox 245 4872 1828 4945">
     <span class='ocr_line' id='line_1_96' title="bbox 245 4872 1828 4945; baseline 0.001 -20"><span class='ocrx_word' id='word_1_766' title='bbox 245 4873 311 4925; x_wconf 76' lang='lat' dir='ltr'><strong>Et</strong></span> <span class='ocrx_word' id='word_1_767' title='bbox 341 4874 542 4937; x_wconf 84' lang='grc' dir='ltr'>πάντες</span> <span class='ocrx_word' id='word_1_768' title='bbox 570 4872 1148 4945; x_wconf 85' lang='grc' dir='ltr'>σκανδαλισθήσονται,</span> <span class='ocrx_word' id='word_1_769' title='bbox 1177 4873 1294 4928; x_wconf 87' lang='grc' dir='ltr'>ἀλλ’</span> <span class='ocrx_word' id='word_1_770' title='bbox 1317 4873 1416 4926; x_wconf 78' lang='grc' dir='ltr'><strong>οὐκ</strong></span> <span class='ocrx_word' id='word_1_771' title='bbox 1447 4872 1558 4941; x_wconf 85' lang='grc' dir='ltr'><strong>ἐγώ</strong></span> <span class='ocrx_word' id='word_1_772' title='bbox 1581 4888 1596 4904; x_wconf 77' lang='grc'><em>’</em></span> <span class='ocrx_word' id='word_1_773' title='bbox 1627 4891 1645 4923; x_wconf 77' lang='lat'><strong>1</strong></span> <span class='ocrx_word' id='word_1_774' title='bbox 1684 4872 1828 4927; x_wconf 74' lang='grc' dir='ltr'>οὕτω</span> 
     </span>
    </p>
   </div>
   <div class='ocr_carea' id='block_1_97' title="bbox 243 4963 1826 5038">
    <p class='ocr_par' dir='ltr' id='par_1_97' title="bbox 243 4963 1826 5038">
     <span class='ocr_line' id='line_1_97' title="bbox 243 4963 1826 5038; baseline -0.001 -19"><span class='ocrx_word' id='word_1_775' title='bbox 243 4964 306 5019; x_wconf 80' lang='grc' dir='ltr'>δὲ</span> <span class='ocrx_word' id='word_1_776' title='bbox 337 4966 527 5035; x_wconf 81' lang='grc' dir='ltr'>σαφῶς</span> <span class='ocrx_word' id='word_1_777' title='bbox 545 4967 916 5020; x_wconf 84' lang='grc' dir='ltr'>ἐπιδείκνυται</span> <span class='ocrx_word' id='word_1_778' title='bbox 943 4966 1222 5038; x_wconf 86' lang='grc' dir='ltr'>παρέλκον</span> <span class='ocrx_word' id='word_1_779' title='bbox 1251 4967 1346 5020; x_wconf 88' lang='grc' dir='ltr'><strong>καὶ</strong></span> <span class='ocrx_word' id='word_1_780' title='bbox 1367 4967 1427 5018; x_wconf 90' lang='grc' dir='ltr'>ἐν</span> <span class='ocrx_word' id='word_1_781' title='bbox 1469 4967 1534 5036; x_wconf 82' lang='grc' dir='ltr'><strong>τῇ</strong></span> <span class='ocrx_word' id='word_1_782' title='bbox 1559 4965 1703 5018; x_wconf 85' lang='grc' dir='ltr'>κατὰ</span> <span class='ocrx_word' id='word_1_783' title='bbox 1734 4963 1826 5018; x_wconf 79' lang='grc' dir='ltr'><strong>τὸν</strong></span> 
     </span>
    </p>
   </div>
   <div class='ocr_carea' id='block_1_98' title="bbox 247 5056 1826 5129">
    <p class='ocr_par' dir='ltr' id='par_1_98' title="bbox 247 5056 1826 5129">
     <span class='ocr_line' id='line_1_98' title="bbox 247 5056 1826 5129; baseline -0.001 -19"><span class='ocrx_word' id='word_1_784' title='bbox 247 5056 483 5110; x_wconf 85' lang='grc' dir='ltr'>Πιλάτον</span> <span class='ocrx_word' id='word_1_785' title='bbox 519 5057 747 5128; x_wconf 79' lang='grc' dir='ltr'>ἱστορίᾳ,</span> <span class='ocrx_word' id='word_1_786' title='bbox 780 5058 870 5111; x_wconf 83' lang='grc' dir='ltr'>ὅτε</span> <span class='ocrx_word' id='word_1_787' title='bbox 898 5057 990 5110; x_wconf 80' lang='grc' dir='ltr'>τὸν</span> <span class='ocrx_word' id='word_1_788' title='bbox 1030 5057 1237 5129; x_wconf 83' lang='grc' dir='ltr'>Ἰησοῦν</span> <span class='ocrx_word' id='word_1_789' title='bbox 1282 5057 1561 5127; x_wconf 83' lang='grc' dir='ltr'>ἐπεχείρει</span> <span class='ocrx_word' id='word_1_790' title='bbox 1593 5058 1694 5128; x_wconf 82' lang='grc' dir='ltr'>τῆς</span> <span class='ocrx_word' id='word_1_791' title='bbox 1716 5056 1826 5109; x_wconf 90' lang='grc' dir='ltr'><strong>τῶν</strong></span> 
     </span>
    </p>
   </div>
   <div class='ocr_carea' id='block_1_99' title="bbox 257 5142 1822 5218">
    <p class='ocr_par' dir='ltr' id='par_1_99' title="bbox 257 5142 1822 5218">
     <span class='ocr_line' id='line_1_99' title="bbox 257 5142 1822 5218; baseline 0.003 -24"><span class='ocrx_word' id='word_1_792' title='bbox 257 5142 531 5198; x_wconf 83' lang='grc' dir='ltr'>Ἰουδαίων</span> <span class='ocrx_word' id='word_1_793' title='bbox 572 5143 830 5199; x_wconf 78' lang='grc' dir='ltr'>ἀπολύειν</span> <span class='ocrx_word' id='word_1_794' title='bbox 868 5146 1178 5215; x_wconf 80' lang='grc' dir='ltr'>μιαιφονίας</span> <span class='ocrx_word' id='word_1_795' title='bbox 1209 5161 1225 5177; x_wconf 76' lang='grc' dir='ltr'><strong>ο</strong></span> <span class='ocrx_word' id='word_1_796' title='bbox 1265 5145 1532 5216; x_wconf 80' lang='grc' dir='ltr'>ἐκατέρου</span> <span class='ocrx_word' id='word_1_797' title='bbox 1563 5147 1671 5218; x_wconf 84' lang='grc' dir='ltr'>γὰρ</span> <span class='ocrx_word' id='word_1_798' title='bbox 1711 5145 1822 5199; x_wconf 89' lang='grc' dir='ltr'><strong>τῶν</strong></span> 
     </span>
    </p>
   </div>
   <div class='ocr_carea' id='block_1_100' title="bbox 1928 4404 3511 4482">
    <p class='ocr_par' dir='ltr' id='par_1_100' title="bbox 1928 4404 3511 4482">
     <span class='ocr_line' id='line_1_100' title="bbox 1928 4404 3511 4482; baseline -0.009 -11"><span class='ocrx_word' id='word_1_799' title='bbox 1928 4423 2108 4471; x_wconf 91' lang='lat' dir='ltr'><strong>autem</strong></span> <span class='ocrx_word' id='word_1_800' title='bbox 2161 4411 2638 4482; x_wconf 69' lang='lat' dir='ltr'><strong>haudquaquam‘.</strong></span> <span class='ocrx_word' id='word_1_801' title='bbox 2676 4425 2696 4459; x_wconf 75' lang='grc' dir='ltr'><strong>ι</strong></span> <span class='ocrx_word' id='word_1_802' title='bbox 2759 4408 2902 4462; x_wconf 79' lang='lat' dir='ltr'><strong>Sane</strong></span> <span class='ocrx_word' id='word_1_803' title='bbox 2952 4405 3095 4476; x_wconf 91' lang='lat' dir='ltr'><strong>quod</strong></span> <span class='ocrx_word' id='word_1_804' title='bbox 3156 4404 3246 4460; x_wconf 80' lang='lat' dir='ltr'><strong>hic</strong></span> <span class='ocrx_word' id='word_1_805' title='bbox 3289 4419 3391 4458; x_wconf 81' lang='lat' dir='ltr'><strong>vox</strong></span> <span class='ocrx_word' id='word_1_806' title='bbox 3422 4419 3511 4458; x_wconf 89' lang='lat' dir='ltr'><strong>re-</strong></span> 
     </span>
    </p>
   </div>
   <div class='ocr_carea' id='block_1_101' title="bbox 1930 4493 3512 4576">
    <p class='ocr_par' dir='ltr' id='par_1_101' title="bbox 1930 4493 3512 4576">
     <span class='ocr_line' id='line_1_101' title="bbox 1930 4493 3512 4576; baseline -0.009 -16"><span class='ocrx_word' id='word_1_807' title='bbox 1930 4504 2153 4576; x_wconf 88' lang='lat' dir='ltr'><strong>spondit</strong></span> <span class='ocrx_word' id='word_1_808' title='bbox 2175 4501 2461 4563; x_wconf 88' lang='lat' dir='ltr'><strong>redundet,</strong></span> <span class='ocrx_word' id='word_1_809' title='bbox 2505 4497 2724 4554; x_wconf 85' lang='lat' dir='ltr'><strong>Marcus</strong></span> <span class='ocrx_word' id='word_1_810' title='bbox 2758 4497 3006 4568; x_wconf 90' lang='lat' dir='ltr'><strong>apprime</strong></span> <span class='ocrx_word' id='word_1_811' title='bbox 3035 4495 3371 4564; x_wconf 79' lang='lat' dir='ltr'><strong>evangelista</strong></span> <span class='ocrx_word' id='word_1_812' title='bbox 3410 4493 3512 4546; x_wconf 86' lang='lat' dir='ltr'><strong>do-</strong></span> 
     </span>
    </p>
   </div>
   <div class='ocr_carea' id='block_1_102' title="bbox 1931 4587 3513 4666">
    <p class='ocr_par' dir='ltr' id='par_1_102' title="bbox 1931 4587 3513 4666">
     <span class='ocr_line' id='line_1_102' title="bbox 1931 4587 3513 4666; baseline -0.008 -13"><span class='ocrx_word' id='word_1_813' title='bbox 1931 4607 2018 4654; x_wconf 90' lang='lat' dir='ltr'><strong>cet</strong></span> <span class='ocrx_word' id='word_1_814' title='bbox 2055 4615 2070 4651; x_wconf 89' lang='lat'><strong>:</strong></span> <span class='ocrx_word' id='word_1_815' title='bbox 2097 4610 2334 4666; x_wconf 89' lang='lat' dir='ltr'><strong>namque</strong></span> <span class='ocrx_word' id='word_1_816' title='bbox 2359 4594 2414 4648; x_wconf 92' lang='lat' dir='ltr'><strong>in</strong></span> <span class='ocrx_word' id='word_1_817' title='bbox 2442 4591 2634 4648; x_wconf 90' lang='lat' dir='ltr'><strong>eadem</strong></span> <span class='ocrx_word' id='word_1_818' title='bbox 2662 4590 2977 4645; x_wconf 87' lang='lat' dir='ltr'><strong>narratione</strong></span> <span class='ocrx_word' id='word_1_819' title='bbox 3007 4603 3254 4650; x_wconf 83' lang='lat' dir='ltr'><strong>versans,</strong></span> <span class='ocrx_word' id='word_1_820' title='bbox 3297 4587 3350 4640; x_wconf 90' lang='lat' dir='ltr'><strong>in</strong></span> <span class='ocrx_word' id='word_1_821' title='bbox 3405 4601 3513 4654; x_wconf 87' lang='lat' dir='ltr'><strong>qua</strong></span> 
     </span>
    </p>
   </div>
   <div class='ocr_carea' id='block_1_103' title="bbox 1933 4677 3511 4760">
    <p class='ocr_par' dir='ltr' id='par_1_103' title="bbox 1933 4677 3511 4760">
     <span class='ocr_line' id='line_1_103' title="bbox 1933 4677 3511 4760; baseline -0.009 -14"><span class='ocrx_word' id='word_1_822' title='bbox 1933 4689 2220 4746; x_wconf 76' lang='lat' dir='ltr'><strong>Matthteus</strong></span> <span class='ocrx_word' id='word_1_823' title='bbox 2250 4687 2417 4760; x_wconf 87' lang='lat' dir='ltr'><strong>verbo</strong></span> <span class='ocrx_word' id='word_1_824' title='bbox 2479 4683 2760 4754; x_wconf 89' lang='lat' dir='ltr'><strong>respondit</strong></span> <span class='ocrx_word' id='word_1_825' title='bbox 2799 4682 2992 4745; x_wconf 83' lang='lat' dir='ltr'><strong>utitur,</strong></span> <span class='ocrx_word' id='word_1_826' title='bbox 3025 4683 3139 4752; x_wconf 90' lang='lat' dir='ltr'><strong>ipse</strong></span> <span class='ocrx_word' id='word_1_827' title='bbox 3173 4679 3333 4749; x_wconf 86' lang='lat' dir='ltr'><strong>hujus</strong></span> <span class='ocrx_word' id='word_1_828' title='bbox 3361 4677 3511 4732; x_wconf 90' lang='lat' dir='ltr'><strong>vocis</strong></span> 
     </span>
    </p>
   </div>
   <div class='ocr_carea' id='block_1_104' title="bbox 1935 4771 3509 4836">
    <p class='ocr_par' dir='ltr' id='par_1_104' title="bbox 1935 4771 3509 4836">
     <span class='ocr_line' id='line_1_104' title="bbox 1935 4771 3509 4836; baseline -0.008 0"><span class='ocrx_word' id='word_1_829' title='bbox 1935 4779 2182 4836; x_wconf 89' lang='lat' dir='ltr'><strong>subsidio</strong></span> <span class='ocrx_word' id='word_1_830' title='bbox 2208 4792 2316 4831; x_wconf 77' lang='lat' dir='ltr'><strong>nou</strong></span> <span class='ocrx_word' id='word_1_831' title='bbox 2353 4777 2604 4830; x_wconf 90' lang='lat' dir='ltr'><strong>invocato</strong></span> <span class='ocrx_word' id='word_1_832' title='bbox 2649 4775 2728 4828; x_wconf 87' lang='lat' dir='ltr'><strong>sic</strong></span> <span class='ocrx_word' id='word_1_833' title='bbox 2756 4773 2947 4827; x_wconf 86' lang='lat' dir='ltr'><strong>scribit</strong></span> <span class='ocrx_word' id='word_1_834' title='bbox 2985 4791 2997 4825; x_wconf 94' lang='lat'><strong>:</strong></span> <span class='ocrx_word' id='word_1_835' title='bbox 3045 4789 3063 4822; x_wconf 78' lang='grc' dir='ltr'><strong>ι</strong></span> <span class='ocrx_word' id='word_1_836' title='bbox 3107 4771 3299 4825; x_wconf 87' lang='lat' dir='ltr'><strong>Pelrus</strong></span> <span class='ocrx_word' id='word_1_837' title='bbox 3328 4779 3509 4824; x_wconf 89' lang='lat' dir='ltr'><strong>autem</strong></span> 
     </span>
    </p>
   </div>
   <div class='ocr_carea' id='block_1_105' title="bbox 1935 4863 3509 4927">
    <p class='ocr_par' dir='ltr' id='par_1_105' title="bbox 1935 4863 3509 4927">
     <span class='ocr_line' id='line_1_105' title="bbox 1935 4863 3509 4927; baseline -0.008 0"><span class='ocrx_word' id='word_1_838' title='bbox 1935 4872 2072 4927; x_wconf 77' lang='lat' dir='ltr'><strong>dixit</strong></span> <span class='ocrx_word' id='word_1_839' title='bbox 2097 4871 2180 4925; x_wconf 90' lang='lat' dir='ltr'><strong>ei:</strong></span> <span class='ocrx_word' id='word_1_840' title='bbox 2205 4869 2321 4924; x_wconf 88' lang='lat' dir='ltr'><strong>Etsi</strong></span> <span class='ocrx_word' id='word_1_841' title='bbox 2356 4881 2548 4922; x_wconf 92' lang='lat' dir='ltr'><strong>omnes</strong></span> <span class='ocrx_word' id='word_1_842' title='bbox 2580 4863 2929 4920; x_wconf 86' lang='lat' dir='ltr'><strong>scandalizati</strong></span> <span class='ocrx_word' id='word_1_843' title='bbox 2961 4863 3306 4926; x_wconf 78' lang='lat' dir='ltr'><strong>fuerint,non</strong></span> <span class='ocrx_word' id='word_1_844' title='bbox 3333 4871 3509 4917; x_wconf 82' lang='lat' dir='ltr'><strong>tamen</strong></span> 
     </span>
    </p>
   </div>
   <div class='ocr_carea' id='block_1_106' title="bbox 1933 4956 3514 5031">
    <p class='ocr_par' dir='ltr' id='par_1_106' title="bbox 1933 4956 3514 5031">
     <span class='ocr_line' id='line_1_106' title="bbox 1933 4956 3514 5031; baseline -0.006 -13"><span class='ocrx_word' id='word_1_845' title='bbox 1933 4977 2034 5031; x_wconf 81' lang='lat' dir='ltr'><strong>ego</strong></span> <span class='ocrx_word' id='word_1_846' title='bbox 2057 4963 2101 5016; x_wconf 81' lang='grc'><strong>⁸.</strong></span> <span class='ocrx_word' id='word_1_847' title='bbox 2149 4979 2167 5011; x_wconf 75' lang='lat'><strong>1</strong></span> <span class='ocrx_word' id='word_1_848' title='bbox 2212 4960 2301 5014; x_wconf 91' lang='lat' dir='ltr'><strong>Sic</strong></span> <span class='ocrx_word' id='word_1_849' title='bbox 2347 4966 2535 5029; x_wconf 87' lang='lat' dir='ltr'><strong>aperte</strong></span> <span class='ocrx_word' id='word_1_850' title='bbox 2589 4957 2995 5011; x_wconf 86' lang='lat' dir='ltr'><strong>demonstratur</strong></span> <span class='ocrx_word' id='word_1_851' title='bbox 3047 4956 3349 5010; x_wconf 82' lang='lat' dir='ltr'><strong>redundare</strong></span> <span class='ocrx_word' id='word_1_852' title='bbox 3410 4956 3514 5010; x_wconf 89' lang='lat' dir='ltr'><strong>hoc</strong></span> 
     </span>
    </p>
   </div>
   <div class='ocr_carea' id='block_1_107' title="bbox 1935 5046 3514 5119">
    <p class='ocr_par' dir='ltr' id='par_1_107' title="bbox 1935 5046 3514 5119">
     <span class='ocr_line' id='line_1_107' title="bbox 1935 5046 3514 5119; baseline -0.005 -13"><span class='ocrx_word' id='word_1_853' title='bbox 1935 5054 2161 5109; x_wconf 88' lang='lat' dir='ltr'><strong>verbum</strong></span> <span class='ocrx_word' id='word_1_854' title='bbox 2215 5051 2267 5104; x_wconf 89' lang='lat' dir='ltr'><strong>in</strong></span> <span class='ocrx_word' id='word_1_855' title='bbox 2322 5049 2550 5104; x_wconf 89' lang='lat' dir='ltr'><strong>historia</strong></span> <span class='ocrx_word' id='word_1_856' title='bbox 2599 5065 2816 5119; x_wconf 89' lang='lat' dir='ltr'><strong>quoque</strong></span> <span class='ocrx_word' id='word_1_857' title='bbox 2877 5065 3057 5102; x_wconf 83' lang='lat' dir='ltr'><strong>rerum</strong></span> <span class='ocrx_word' id='word_1_858' title='bbox 3106 5063 3287 5102; x_wconf 88' lang='lat' dir='ltr'><strong>coram</strong></span> <span class='ocrx_word' id='word_1_859' title='bbox 3337 5046 3514 5101; x_wconf 85' lang='lat' dir='ltr'><strong>Pilato</strong></span> 
     </span>
    </p>
   </div>
   <div class='ocr_carea' id='block_1_108' title="bbox 1927 5137 3512 5214">
    <p class='ocr_par' dir='ltr' id='par_1_108' title="bbox 1927 5137 3512 5214">
     <span class='ocr_line' id='line_1_108' title="bbox 1927 5137 3512 5214; baseline -0.003 -16"><span class='ocrx_word' id='word_1_860' title='bbox 1927 5151 2228 5214; x_wconf 87' lang='lat' dir='ltr'><strong>gestarum,</strong></span> <span class='ocrx_word' id='word_1_861' title='bbox 2255 5156 2362 5209; x_wconf 89' lang='lat' dir='ltr'><strong>quo</strong></span> <span class='ocrx_word' id='word_1_862' title='bbox 2393 5148 2634 5209; x_wconf 86' lang='lat' dir='ltr'><strong>tempore</strong></span> <span class='ocrx_word' id='word_1_863' title='bbox 2674 5141 2765 5195; x_wconf 89' lang='lat' dir='ltr'><strong>hic</strong></span> <span class='ocrx_word' id='word_1_864' title='bbox 2801 5137 2985 5195; x_wconf 85' lang='lat' dir='ltr'><strong>Jesum</strong></span> <span class='ocrx_word' id='word_1_865' title='bbox 3027 5139 3337 5195; x_wconf 72' lang='lat' dir='ltr'><strong>Iudaeorum</strong></span> <span class='ocrx_word' id='word_1_866' title='bbox 3378 5141 3512 5194; x_wconf 70' lang='lat' dir='ltr'><strong>cwdi</strong></span> 
     </span>
    </p>
   </div>
   <div class='ocr_carea' id='block_1_109' title="bbox 317 5295 1807 5369">
    <p class='ocr_par' dir='ltr' id='par_1_109' title="bbox 317 5299 1807 5368">
     <span class='ocr_line' id='line_1_109' title="bbox 317 5299 1807 5368; baseline 0.01 -15"><span class='ocrx_word' id='word_1_867' title='bbox 317 5299 366 5368; x_wconf 49' lang='grc' dir='ltr'>ἦ*</span> <span class='ocrx_word' id='word_1_868' title='bbox 393 5299 663 5368; x_wconf 81' lang='lat' dir='ltr'><strong>Marc.1x,</strong></span> <span class='ocrx_word' id='word_1_869' title='bbox 717 5304 806 5360; x_wconf 79' lang='grc'><strong>57.</strong></span> <span class='ocrx_word' id='word_1_870' title='bbox 885 5306 930 5337; x_wconf 80' lang='grc'><strong>’⁵</strong></span> <span class='ocrx_word' id='word_1_871' title='bbox 964 5303 1152 5358; x_wconf 80' lang='lat' dir='ltr'><strong>Matth.</strong></span> <span class='ocrx_word' id='word_1_872' title='bbox 1190 5318 1322 5366; x_wconf 79' lang='lat' dir='ltr'><strong>xvu,</strong></span> <span class='ocrx_word' id='word_1_873' title='bbox 1358 5303 1412 5359; x_wconf 72' lang='grc'><strong>4.</strong></span> <span class='ocrx_word' id='word_1_874' title='bbox 1487 5304 1534 5335; x_wconf 80' lang='grc'><strong>’⁸</strong></span> <span class='ocrx_word' id='word_1_875' title='bbox 1573 5302 1765 5360; x_wconf 77' lang='lat' dir='ltr'><strong>Mallh-</strong></span> <span class='ocrx_word' id='word_1_876' title='bbox 1799 5322 1807 5358; x_wconf 77' lang='lat'>1</span> 
     </span>
    </p>
   </div>
   <div class='ocr_carea' id='block_1_110' title="bbox 1912 5295 3510 5369">
    <p class='ocr_par' dir='ltr' id='par_1_110' title="bbox 1942 5295 3510 5366">
     <span class='ocr_line' id='line_1_110' title="bbox 1942 5295 3510 5366; baseline -0.007 -8"><span class='ocrx_word' id='word_1_877' title='bbox 1942 5303 2032 5361; x_wconf 74' lang='lat'><strong>28.</strong></span> <span class='ocrx_word' id='word_1_878' title='bbox 2108 5305 2153 5338; x_wconf 78' lang='grc'><strong>⁸⁷</strong></span> <span class='ocrx_word' id='word_1_879' title='bbox 2187 5301 2377 5358; x_wconf 80' lang='lat' dir='ltr'><strong>Matth.</strong></span> <span class='ocrx_word' id='word_1_880' title='bbox 2401 5301 2629 5366; x_wconf 65' lang='lat'><strong>3111,36.</strong></span> <span class='ocrx_word' id='word_1_881' title='bbox 2705 5301 2751 5334; x_wconf 71' lang='grc'><strong>⁸⁸</strong></span> <span class='ocrx_word' id='word_1_882' title='bbox 2785 5301 2954 5356; x_wconf 88' lang='lat' dir='ltr'><strong>Marc.</strong></span> <span class='ocrx_word' id='word_1_883' title='bbox 2992 5317 3086 5366; x_wconf 84' lang='lat' dir='ltr'><strong>xu,</strong></span> <span class='ocrx_word' id='word_1_884' title='bbox 3110 5299 3199 5355; x_wconf 71' lang='grc'><strong>54.</strong></span> <span class='ocrx_word' id='word_1_885' title='bbox 3264 5299 3310 5332; x_wconf 70' lang='grc'><strong>⁸⁸</strong></span> <span class='ocrx_word' id='word_1_886' title='bbox 3343 5295 3510 5350; x_wconf 87' lang='lat' dir='ltr'><strong>Marc.</strong></span> 
     </span>
    </p>
   </div>
   <div class='ocr_carea' id='block_1_111' title="bbox 246 5364 1636 5441">
    <p class='ocr_par' dir='ltr' id='par_1_111' title="bbox 246 5364 1636 5441">
     <span class='ocr_line' id='line_1_111' title="bbox 246 5364 1636 5441; baseline 0.002 -16"><span class='ocrx_word' id='word_1_887' title='bbox 246 5385 302 5436; x_wconf 90' lang='lat' dir='ltr'><strong>v,</strong></span> <span class='ocrx_word' id='word_1_888' title='bbox 332 5364 423 5426; x_wconf 78' lang='lat'><strong>36.</strong></span> <span class='ocrx_word' id='word_1_889' title='bbox 505 5373 521 5402; x_wconf 84' lang='grc'>¹</span> <span class='ocrx_word' id='word_1_890' title='bbox 567 5364 755 5432; x_wconf 79' lang='lat' dir='ltr'><strong>Matth.</strong></span> <span class='ocrx_word' id='word_1_891' title='bbox 803 5391 953 5441; x_wconf 79' lang='lat' dir='ltr'><strong>xxvi,</strong></span> <span class='ocrx_word' id='word_1_892' title='bbox 990 5375 1079 5431; x_wconf 79' lang='lat'><strong>&#39;55.</strong></span> <span class='ocrx_word' id='word_1_893' title='bbox 1159 5375 1180 5406; x_wconf 86' lang='grc'>¹</span> <span class='ocrx_word' id='word_1_894' title='bbox 1214 5364 1514 5438; x_wconf 65' lang='grc' dir='ltr'>Μοίό.ιιν,</span> <span class='ocrx_word' id='word_1_895' title='bbox 1548 5373 1636 5428; x_wconf 74' lang='lat'><strong>9.9.</strong></span> 
     </span>
    </p>
   </div>
   <div class='ocr_carea' id='block_1_112' title="bbox 1779 5505 2015 5561">
    <p class='ocr_par' dir='ltr' id='par_1_112' title="bbox 1779 5505 2015 5561">
     <span class='ocr_line' id='line_1_112' title="bbox 1779 5505 2015 5561; baseline 0.004 -1"><span class='ocrx_word' id='word_1_896' title='bbox 1779 5505 2015 5561; x_wconf 69' lang='grc' dir='ltr'><strong>ΝΟΤᾹΞ.</strong></span> 
     </span>
    </p>
   </div>
   <div class='ocr_carea' id='block_1_113' title="bbox 327 5615 2962 5690">
    <p class='ocr_par' dir='ltr' id='par_1_113' title="bbox 327 5615 2962 5690">
     <span class='ocr_line' id='line_1_113' title="bbox 327 5615 2962 5690; baseline 0 -20"><span class='ocrx_word' id='word_1_897' title='bbox 327 5617 444 5686; x_wconf 78' lang='lat'><strong>(37)</strong></span> <span class='ocrx_word' id='word_1_898' title='bbox 474 5615 808 5673; x_wconf 80' lang='lat' dir='ltr'><strong>Vocabulum</strong></span> <span class='ocrx_word' id='word_1_899' title='bbox 877 5618 1162 5672; x_wconf 71' lang='grc' dir='ltr'>ὑπολαϐὼν</span> <span class='ocrx_word' id='word_1_900' title='bbox 1214 5636 1309 5690; x_wconf 90' lang='lat' dir='ltr'><strong>pro</strong></span> <span class='ocrx_word' id='word_1_901' title='bbox 1362 5622 1674 5689; x_wconf 72' lang='lat' dir='ltr'><strong>respondens</strong></span> <span class='ocrx_word' id='word_1_902' title='bbox 1727 5618 1830 5674; x_wconf 82' lang='lat' dir='ltr'><strong>late</strong></span> <span class='ocrx_word' id='word_1_903' title='bbox 1875 5619 2106 5675; x_wconf 88' lang='lat' dir='ltr'><strong>illustrat</strong></span> <span class='ocrx_word' id='word_1_904' title='bbox 2135 5619 2479 5678; x_wconf 85' lang='lat' dir='ltr'><strong>Wetstenius</strong></span> <span class='ocrx_word' id='word_1_905' title='bbox 2508 5618 2574 5672; x_wconf 84' lang='lat' dir='ltr'><strong>ad</strong></span> <span class='ocrx_word' id='word_1_906' title='bbox 2609 5617 2742 5675; x_wconf 85' lang='lat' dir='ltr'><strong>Luc.</strong></span> <span class='ocrx_word' id='word_1_907' title='bbox 2783 5633 2837 5684; x_wconf 71' lang='grc' dir='ltr'><strong>κ,</strong></span> <span class='ocrx_word' id='word_1_908' title='bbox 2873 5616 2962 5672; x_wconf 82' lang='lat'><strong>50.</strong></span> 
     </span>
    </p>
   </div>
  </div>
