3888 6186
408 240 510 303 159

1576 230 1841 291 PHOTII
1871 227 2381 290 PATRIARCIUE
2413 228 2520 287 (ΣΡ.

3573 220 3677 285 160

392 352 697 405 subducere
732 346 1029 402 nitebatur.
1068 342 1207 398 Nam
1230 342 1447 398 duobus
1485 341 1838 411 evangelistis
1869 356 1976 393 non

2095 338 2175 391 Suo
2215 334 2623 407 εἰαγγελιστῶν
2652 332 2791 404 μετά
2847 331 2943 387 τοῦ
2971 327 3297 401 ἀποκριθεὶς
3323 328 3425 400 τὴν
3457 326 3552 383 τοῦ
3583 329 3678 382 λό-

391 446 510 495 sinc
545 440 707 495 verbo
755 436 1035 507 respondit
1074 435 1379 489 orationem
1424 449 1579 488 suam
1622 432 1990 487 construenti-

393 535 516 597 bus,
574 533 734 586 divus
795 539 976 584 tamen
1037 527 1490 583 Lucaseumdem
1535 536 1716 580 actum
1746 524 1993 579 conscri-

392 628 551 687 bens,
620 638 799 693 neque
837 622 1063 677 omnino
1093 621 1264 675 verbo
1319 619 1606 688 respondit
1636 627 1820 685 utens,
1852 617 1989 673 satis

393 718 789 772 demonstravit
840 726 1068 771 caeteros
1118 713 1486 769 redundanter
1541 712 1710 767 fuisse
1756 712 1988 766 locutos.

393 813 485 865 Ait
515 812 713 880 quippe
742 809 920 864 Lucas
950 827 963 863 :
1005 827 1023 859 ι
1061 807 1271 862 Rursus
1298 806 1463 875 igitur
1495 804 1700 860 Pilatus
1730 805 1992 876 populum

395 905 663 957 allocutus
707 912 812 965 est,
865 899 996 955 dum
1055 898 1239 953 Jesnm
1294 899 1527 953 liberare
1584 906 1857 968 satageret
1880 897 1921 951 ³.
1967 915 1986 948 ι

394 998 671 1052 Permulta
724 1010 857 1049 sane
909 992 1186 1063 ejusmodi
1239 999 1445 1047 erunt:
1502 991 1598 1046 sed
1655 992 1803 1045 enim
1833 988 1992 1044 nobis

396 1105 505 1143 non
569 1098 654 1142 est
694 1087 1039 1157 propositum
1094 1085 1502 1140 multitudinem
1545 1083 1991 1138 testimoniorum

395 1180 670 1249 colligere,
710 1193 899 1231 verum
941 1177 1193 1245 exemplo
1240 1176 1644 1242 tantummodo,
1691 1175 1902 1228 etiamsi
1940 1173 1993 1229 id

397 1286 563 1326 unnm
588 1280 752 1335 esset,
787 1268 1132 1339 signiﬁcatus
1162 1267 1324 1335 hujus
1369 1268 1651 1322 veritatem
1689 1267 1867 1336 palam
1911 1264 1991 1319 fa-

397 1378 542 1417 cere.
586 1362 731 1416 Sane
766 1372 820 1416 et
848 1362 917 1415 ab
948 1378 1008 1416 ea
1047 1362 1346 1425 locutione,
1375 1375 1498 1430 qua:
1531 1360 1871 1413 curationem
1907 1357 1993 1410 iu-

397 1456 611 1508 clinata:
658 1452 905 1507 mulieris
964 1460 1261 1506 consecuta
1290 1459 1393 1517 est,
1442 1449 1778 1520 respondens
1810 1460 1993 1503 autem

396 1546 867 1617 archisynagogus
922 1561 1045 1598 cum
1110 1543 1455 1607 stomacho‘,
1496 1542 1541 1596 si
1598 1543 1724 1612 quis
1766 1542 1990 1596 verbum

396 1637 735 1705 respondens
791 1637 1099 1697 subtrahat,
1148 1635 1352 1704 reliqua
1407 1635 1676 1690 sermonis
1698 1650 1824 1703 pars
1852 1635 1993 1688 inte-

2092 448 2188 500 γου
2208 430 2458 496 σύνταξιν
2489 425 2993 499 προενεγκαμένου,
3014 425 3044 476 6
3065 423 3322 493 θεόσοφος
3347 421 3565 484 Λουκᾶς
3576 420 3677 490 τὴν

2092 522 2264 592 αὐτὴν
2298 519 2634 591 ἀναγράφων
2666 515 2887 588 πρᾶξιν,
2918 515 3031 569 οὐδ’
3065 515 3202 578 ὅλως
3229 510 3676 585 χρησάμενοςτῷ

2092 611 2432 685 ἀποκριθεὶς,
2464 609 2632 675 ἔδειξε
2650 612 2777 672 τοὺς
2806 606 3000 670 ἄλλους
3064 608 3209 659 κατά
3267 604 3330 658 τὸ
3386 601 3673 674 παρέλκον

2093 706 2475 779 χρησαμένους
2502 706 2569 774 τῇ
2598 703 2780 771 φωνῇ’
2807 699 2911 771 ἔφη
2932 700 3061 770 γὰρ,
3095 717 3114 751 ι
3147 698 3315 752 Πάλιν
3341 693 3436 750 οὖν
3459 696 3486 748 6
3504 694 3673 748 Πιλά-

2092 820 2185 867 τος
2217 797 2610 872 προσεφώνησε
2637 797 2807 850 θέλων
2829 792 3097 847 ἀπολύσαι
3131 790 3223 845 τὸν
3257 788 3489 860 Ἰησοῦν
3530 805 3550 838 ι
3579 786 3675 839 καὶ

2094 894 2267 949 πολλὰ
2315 893 2381 947 ἂν
2433 893 2519 961 εῐη
2548 889 2771 944 τοιαῦτα
2793 904 2805 916 ·
2837 889 2969 958 ἡμῖν
3024 886 3081 938 δὲ
3115 883 3177 938 οὐ
3210 880 3496 951 συλλέγειν
3551 879 3676 931 ἐστὶ

2095 988 2298 1059 πλῆθος
2332 983 2643 1058 μαρτυριῶν
2674 983 2892 1045 σκοπὸς,
2926 979 3063 1034 ἀλλά
3083 975 3492 1049 παραδείγματι
3512 971 3676 1044 μόνον

2091 1079 2455 1147 ἐνδείξασθαι,
2480 1074 2585 1130 κᾶν
2616 1073 2695 1145 τῷ
2720 1074 2802 1127 ἐνὶ
2849 1068 3260 1141 περιγράφοιτο,
3313 1063 3409 1117 τοῦ
3475 1079 3677 1132 σημαι-

2094 1173 2322 1243 νομένου
2354 1166 2659 1239 κατάδηλον
2689 1166 2788 1237 τὴν
2827 1163 3067 1218 διάνοιαν
3099 1175 3115 1190 ο
3163 1156 3288 1212 ἐπεὶ
3311 1155 3408 1209 καὶ
3430 1154 3494 1207 τὸ
3513 1152 3679 1225 ῥηθὲν

2098 1264 2236 1334 μετά
2260 1261 2360 1332 τὴν
2410 1260 2711 1331 θεραπείαν
2768 1255 2868 1325 τῆς
2921 1248 3340 1321 συγκυπτούσης
3394 1244 3676 1316 γυναικὸς,

2095 1354 2416 1424 ἀποκριθεὶς
2438 1352 2495 1405 δέ
2526 1353 2556 1404 6
2598 1348 3050 1423 ἀρχισυνάγωγος
3103 1338 3453 1410 ἀγανακτῶν,
3493 1337 3548 1390 ετ
3593 1352 3678 1399 τις

2096 1450 2339 1519 περιέλοι
2359 1449 2420 1500 τὸ
2445 1445 2789 1513 ἀποκριθεὶς,
2821 1442 2884 1497 τὸ
2907 1440 3035 1497 ἄλλο
3072 1438 3241 1510 μέρος
3288 1436 3389 1506 τῆς
3418 1432 3678 1504 φράσεως

2094 1545 2371 1615 ἀκήρατον
2398 1542 2497 1613 τὴν
2528 1539 2697 1610 αὐτὴν
2723 1534 3058 1591 ἀναπτύσσει
3084 1533 3345 1587 διάνοιαν·
3372 1525 3519 1580 οὕτω
3552 1524 3678 1593 μὲν,

2095 1614 2271 1706 οἶμαι,
2308 1634 2493 1702 σαφῶς
2530 1630 2894 1684 ἐπιδέδεικται
2927 1625 3104 1696 ἀρχῆς
3132 1640 3190 1676 τε
3224 1619 3381 1689 λόγον
3414 1614 3679 1675 πολλάκις

397 1744 548 1798 grani
581 1729 763 1781 adhuc
792 1729 1052 1781 retinebit
1104 1727 1434 1781 sententiam
1475 1743 1653 1781 suam.
1695 1727 1872 1796 Atque
1918 1728 1989 1781 ita

2095 1698 2311 1798 ἐπέχειν
2342 1698 2403 1779 τό
2449 1721 2803 1794 ἀποκριθεὶς,
2853 1718 2949 1773 καὶ
3003 1713 3253 1784 διαδοχὴν
3300 1706 3672 1798 ἡγησαμένων

400 1822 685 1890 perSpicne
711 1822 1148 1875 demonstratum
1191 1821 1468 1885 existimo,
1500 1820 1725 1874 verbum
1759 1835 1989 1888 respon-

396 1912 534 1965 dens
570 1920 622 1966 et
656 1913 794 1967 initii
828 1913 945 1967 vice
979 1928 1120 1983 srepe
1163 1912 1341 1982 fungi,
1377 1928 1431 1966 et
1471 1912 1809 1965 admittentis
1855 1926 1993 1981 pra:-

397 2004 676 2058 cedentetn
715 2020 1049 2068 sermonem,
1111 2011 1165 2057 et
1229 2003 1515 2072 cxpletivaa
1548 2016 1765 2071 quoque
1794 2001 1995 2056 dictio-

398 2096 486 2152 nis
511 2114 526 2163 ;
550 2107 604 2151 et
637 2098 870 2167 denique
904 2096 1273 2167 deprccationi
1309 2097 1595 2149 inservire.

470 2186 522 2241 5.
554 2187 708 2253 Quod
757 2203 887 2242 vero
934 2188 1102 2240 etiam
1177 2185 1544 2254 interrogandi
1613 2183 1718 2237 vim
1774 2183 1990 2248 habeat,

397 2278 679 2331 evidenter
752 2278 1104 2349 cognoscitur
1154 2292 1185 2332 e
1223 2276 1366 2330 Petri
1403 2276 1665 2345 principis
1697 2275 1992 2330 locutione.

396 2369 533 2423 Nam
573 2386 698 2425 cum
746 2387 901 2425 sacra
942 2371 1170 2424 historia
1210 2370 1435 2423 Ananiae
1488 2368 1596 2422 fata
1623 2376 1676 2421 et
1708 2368 1995 2438 Sapphirae

396 2463 636 2530 exponit,
669 2479 1000 2533 poenamque
1025 2461 1296 2515 mendacii
1316 2470 1587 2524 mortem;
1620 2475 1747 2514 mox
1777 2460 1994 2514 attexit:

404 2576 422 2606 ι
458 2557 522 2609 Et
561 2573 697 2609 uxor
755 2555 875 2625 ejus
921 2565 1150 2608 eventus
1205 2551 1389 2606 nescia
1420 2552 1758 2620 supervenit.
1790 2570 1808 2602 ι
1846 2549 1985 2605 Tum

400 2652 573 2721 pergit
605 2651 786 2705 dicere
823 2664 837 2701 :
880 2666 898 2699 ι
948 2645 1353 2715 Responditque
1388 2643 1439 2698 ei
1470 2635 1702 2699 Petrus:
1737 2644 1832 2699 Dic
1864 2646 1995 2700 mihi

400 2756 579 2799 utrum
616 2742 752 2797 tanti
783 2756 969 2809 agrum
1002 2737 1435 2793 vendideritts'?
1473 2756 1491 2788 ι
1528 2736 1666 2791 Nam
1691 2753 1815 2807 qua:
1849 2754 1996 2793 nunc

399 2839 574 2908 magis
630 2835 850 2906 prOpria
900 2830 1197 2902 excogitari
1237 2840 1419 2902 potest
1457 2830 1790 2901 signiﬁcatio
1845 2832 1993 2885 verbi

396 2930 701 3000 respondit,
741 2943 904 2998 quam
937 2925 1344 2995 interrogavit?
1380 2922 1558 2979 Veluti
1609 2925 1770 2979 etiam
1821 2924 1992 2980 illud:

402 3044 421 3075 ι
458 3022 872 3093 Responderunt
904 3018 1099 3081 Judaei,
1132 3018 1498 3086 dixeruntque
1537 3016 1610 3070 illi
1653 3032 1666 3070 :
1708 3016 1993 3082 Quodnam
2024 3057 2065 3113 C

396 3117 615 3185 signum
670 3112 934 3174 ostendis,
978 3110 1105 3180 quia
1136 3110 1251 3163 haec
1291 3109 1510 3163 facis“?
1548 3128 1565 3159 ι
1628 3109 1758 3163 item
1816 3109 1985 3163 illud:

403 3226 421 3258 ι
458 3206 761 3274 Respondit
800 3205 881 3259 eis
929 3200 1131 3257 Jesus:
1191 3200 1383 3255 Nonne
1422 3216 1523 3270 ego
1573 3216 1672 3256 vos
1703 3201 1988 3255 duodecnn

397 3301 616 3371 elegi"?
649 3320 666 3351 ι
706 3299 1019 3353 Lectiooem
1049 3307 1280 3361 utroque
1319 3298 1439 3351 loco
1465 3298 1570 3349 vim
1622 3298 1988 3367 interrogandi

398 3394 598 3447 habere
628 3392 973 3461 exploratum
1003 3396 1107 3445 est.
1135 3387 1323 3458 Neque
1352 3396 1581 3443 eatenus
1625 3387 1990 3459 signiﬁcatio-

399 3502 497 3538 nrs
527 3483 674 3537 verbi
708 3481 989 3551 respondit
1018 3480 1366 3551 pertingunt;
1395 3495 1583 3533 verum
1616 3479 1669 3533 id
1695 3479 1999 3549 aliquando

399 3580 465 3632 ad
500 3578 704 3631 nullum
736 3575 1009 3645 prolatum
1036 3589 1132 3628 ore
1156 3574 1383 3628 verbum
1410 3568 1663 3638 refertur,
1691 3572 1785 3627 sed
1805 3573 1990 3627 occul-

400 3673 470 3726 tis
502 3669 783 3724 hominum
826 3666 1249 3738 cogitationibus
1287 3665 1548 3721 occurrit.
1581 3663 1783 3726 Veluti,
1820 3683 1839 3717 ι
1870 3664 1990 3720 Cer-

400 3779 538 3817 nens
594 3761 909 3815 Phariszeus
963 3760 1056 3830 qui
1114 3758 1301 3813 Jesum
1359 3758 1614 3812 convivio
1673 3766 1987 3828 exceperat,

400 3856 533 3909 dixit
567 3853 705 3907 intra
739 3867 836 3907 se:
869 3851 969 3905 ilic
998 3851 1042 3905 si
1071 3859 1216 3905 esset
1251 3851 1538 3919 propheta,
1573 3860 1759 3905 nosset
1803 3852 1991 3921 utique

398 3965 520 4020 qua:
544 3956 860 4016 quantaque
916 3944 1111 3998 mulier
1144 3957 1267 3996 eum
1326 3943 1560 4011 attingat
1585 3983 1601 4006 ,
1643 3957 1837 4011 nempe
1864 3958 1991 4012 pec-

399 4039 642 4095 catrix".
689 4056 707 4088 ι
738 4035 896 4091 Nunc
923 4049 1093 4099 certe,
1130 4049 1444 4103 quanquam
1502 4034 1648 4086 nulla
1683 4034 1990 4103 interroga-

399 4131 475 4183 tio
508 4130 871 4199 priecesserit,
906 4141 1080 4194 neque
1110 4124 1395 4178 exordium
1432 4136 1746 4180 consecuta:
1771 4131 1983 4180 oratio-

397 4225 484 4278 nis
516 4224 629 4289 Iiat,
660 4236 835 4291 neque
861 4218 1201 4288 aliicuipiam
1227 4234 1257 4273 e
1281 4219 1553 4287 praedictis
1572 4218 1748 4273 modis
1776 4219 1988 4273 locutio

397 4314 865 4377 accommodetur,
894 4310 1042 4365 addit
1068 4311 1400 4379 evangelista
1437 4328 1449 4363 :
1491 4329 1510 4360 ι
1552 4308 1617 4364 Ει
1650 4312 1988 4381 respondens

2097 1794 2381 1893 ῥημάτων,
2412 1817 2514 1871 καὶ»
2534 1814 2901 1884 παρέλκοντος
2938 1807 3106 1863 τόπον
3144 1805 3312 1876 ἔχειν,
3341 1802 3437 1856 καὶ
3460 1794 3678 1857 ἱκεσίας

2095 1908 2440 1981 ἀναπληροῦν
2460 1907 2672 1981 χρείαν.

2166 2184 2229 2233 ε’.
2272 2177 2395 2231 Ὅτι
2422 2174 2480 2228 δέ
2542 2171 2638 2226 καὶ
2656 2170 2756 2242 τὴν
2808 2166 3077 2240 ἐρώτησιν
3125 2162 3448 2234 ὑπέρχεται,
3498 2156 3533 2227 ἡ
3576 2153 3679 2209 τοῦ

2096 2270 2396 2343 κορυφαίου
2427 2267 2635 2337 Πέτρου
2658 2262 2989 2333 παρίστησιν
3011 2253 3257 2326 ἐναργῶς
3284 2251 3438 2322 φωνή
3462 2248 3552 2302 ’τὸ
3566 2247 3677 2343 γάρ

2095 2338 2353 2419 κατάτδν
2389 2357 2638 2412 Ἀνανίαν
2671 2355 2764 2408 καὶ
2810 2352 3130 2420 Σάπφειραν
3181 2346 3351 2408 πάθος
3397 2338 3678 2408 ἀπαγγέλ-

2096 2458 2204 2511 λων
2226 2458 2254 2510 6
2286 2454 2464 2523 λόγος,
2501 2450 2597 2504 καὶ
2624 2447 2725 2517 τῆς
2755 2441 3111 2515 ψευδολογίας
3135 2439 3225 2492 τὸν
3265 2432 3675 2504 εἰσπραχθέντα

2098 2550 2352 2610 θάνατον,
2374 2544 2577 2615 συνῆψε
2611 2541 2731 2613 μὲν,
2762 2558 2780 2590 ι
2808 2539 2918 2591 Καὶ
2955 2538 2987 2607 ἡ
3018 2532 3156 2603 γυνὴ
3184 2530 3350 2584 αὐτοῦ
3390 2528 3464 2600 μὴ
3504 2524 3680 2577 εἰδυῖα

2097 2642 2158 2697 τὸ
2180 2638 2422 2710 γεγονὸς,
2455 2634 2706 2704 εἰσῆλθεν
2743 2647 2758 2660 ·
2799 2650 2820 2684 ι
2848 2630 3048 2697 ἐπάγει
3081 2625 3159 2689 δέ,
3190 2644 3208 2675 ι
3236 2622 3348 2676 Καὶ
3399 2618 3678 2689 ἀπεκρίθη

2096 2737 2233 2807 αὐτῇ
2263 2735 2292 2787 6
2329 2731 2557 2802 Πέτρος,
2582 2726 2719 2781 Εἰπέ
2755 2740 2847 2795 μοι
2881 2724 2929 2775 εἰ
2957 2718 3210 2773 τοσούτου
3241 2716 3303 2768 τὸ
3335 2713 3539 2807 χωρίον

2098 2799 2316 2892 έδοσθε;
2354 2844 2374 2878 ι
2407 2799 2459 2876 τί
2486 2821 2595 2892 γὰρ
2628 2819 2696 2874 ἂν
2723 2817 2911 2886 ἕτερον
2937 2812 3266 2881 οἰκειότερον
3290 2802 3542 2875 εὑρεθείη
3574 2799 3682 2892 ύπὺ

2095 2914 2189 2967 τοῦ
2225 2890 2507 2981 ἀπεκρίθη
2536 2890 2654 2962 νυνὶ
2685 2903 3037 2976 δηλούμενον,
3066 2900 3100 2971 ἢ
3135 2898 3195 2951 τὸ
3217 2895 3533 2968 ἠρώτησεν;
3567 2890 3682 2943 ῶσ-

2099 3026 2204 3079 περ
2234 3007 2346 3072 καὶ,
2376 3024 2394 3057 ι
2424 2999 2831 3073 ’Δπεκρίθησαν
2846 2999 2896 3051 οί
2936 2994 3179 3049 Ἰουδαῖοι
3207 2992 3301 3044 καὶ
3321 2984 3474 3042 εἷπον
3505 2984 3679 3054 αὐτῷ,

2098 3102 2162 3156 Τί
2187 3099 2407 3171 σημεῖον
2428 3094 2692 3156 δεικνύεις
2712 3093 2796 3146 ὅτι
2816 3088 2991 3145 ταῦτα
3016 3089 3190 3148 ποιεῖς
3208 3101 3224 3151 ;
3250 3104 3269 3137 ι
3301 3082 3389 3136 ναὶ
3404 3081 3469 3150 δὴ
3485 3079 3581 3133 καὶ
3593 3079 3679 3171 τὸ,

2104 3214 2122 3247 ι
2173 3169 2470 3260 Ἀπεκρίθη
2517 3190 2704 3250 αὐτοῖς
2735 3186 2765 3239 6
2804 3182 3032 3254 Ἰησοῦς,
3074 3180 3189 3235 Οὐκ
3221 3175 3332 3245 ἐγὼ
3357 3174 3503 3244 ὑμᾶς
3552 3169 3682 3260 τους

2096 3284 2304 3337 δώδεκα
2326 3259 2693 3349 ὲξελεξάμηη
2726 3294 2745 3328 ›
2789 3272 3026 3345 φανερόν
3054 3269 3164 3339 γὰρ
3196 3267 3288 3320 ἐπὶ
3322 3264 3551 3327 τούτων,
3601 3259 3681 3322 ὡς

2098 3370 2334 3443 ἑκατέρα
2365 3368 2510 3433 λέξις
2557 3366 2657 3435 τὴν
2702 3364 2794 3418 τοῦ
2829 3363 3081 3434 ἠρώτησε
3132 3358 3361 3427 δύναμιν
3413 3354 3549 3423 ἔχει.
3602 3350 3680 3403 Ού

2095 3463 2269 3517 ταῦτα
2296 3463 2353 3516 δὲ
2376 3461 2533 3532 μόνον
2566 3459 2628 3512 τὸ
2658 3456 2934 3528 ἀπεκρίθη
2990 3452 3269 3524 σημαίνει,
3310 3447 3430 3501 ἀλλ’
3458 3443 3680 3499 ἔσθ’ὄτε

2101 3557 2206 3627 μὴν
2244 3555 2340 3608 καὶ
2373 3552 2509 3622 πρὸς
2542 3550 2694 3605 οὐδὲν
2722 3550 2831 3602 τῶν
2867 3544 3217 3618 προφορικῶν
3263 3539 3526 3612 ῥημάτων
3554 3540 3679 3589 ἐπι-

2097 3649 2343 3718 φέρεται,
2371 3645 2508 3717 πρὸς
2538 3642 2596 3696 δὲ
2627 3641 2727 3712 τὴν
2747 3636 3147 3709 ἐνδομυχοῦσαν
3205 3632 3314 3685 τῶν
3369 3627 3681 3699 ἀνθρώπων

2095 3742 2330 3798 διάνοιαν
2360 3735 2746 3799 ἀπευθύνεται,
2779 3733 2856 3795 ὡς
2884 3732 2977 3784 ἐπὶ
2996 3728 3114 3794 τοῦ,
3160 3745 3179 3778 ι
3206 3723 3352 3779 Ἰδὼν
3377 3723 3432 3775 δέ
3459 3723 3488 3774 6
3518 3722 3687 3789 Φαρι-

2098 3835 2248 3895 σαῖος
2280 3832 2308 3883 6
2336 3830 2571 3892 καλέσας
2595 3827 2781 3890 αὑτὸν,
2809 3822 2961 3877 εἶπεν
2992 3823 3051 3873 ἐν
3099 3817 3301 3890 ἐαυτῷ,
3347 3812 3513 3877 Οὗτος
3538 3816 3587 3866 εί
3610 3809 3684 3883 ἦν

2097 3931 2404 3999 προφήτης,
2439 3924 2736 3991 ἐγίνωσκεν
2769 3918 2835 3973 ἂν
2863 3915 2947 3979 τίς
2973 3916 3066 3967 καὶ
3088 3909 3308 3980 ποταπὴ
3338 3910 3371 3980 ἡ
3394 3907 3533 3977 γυνὴ
3557 3906 3685 3999 ἥτις

2096 3998 2325 4073 ἅπτεται
2347 4017 2534 4080 αὑτοῦ,
2552 4017 2633 4069 ὃτι
2662 4009 2986 4083 ἁμαρτωλός
3014 4010 3182 4060 ἐστιν’
3209 4023 3228 4056 ι
3262 4004 3364 4075 ὅρα
3400 4001 3508 4070 γὰρ
3541 3998 3685 4069 μηδὲ

2100 4112 2229 4181 μιᾶς
2284 4109 2607 4180 ἐρωτήσεως
2654 4099 3150 4177 προηγησαμένης,
3199 4094 3323 4165 μηδ’
3368 4094 3449 4155 είς
3500 4089 3683 4160 ἀρχὴν

2093 4202 2190 4256 τοῦ
2241 4202 2368 4273 ἐξῆς
2412 4196 2821 4269 ἀναφερομένου
2865 4194 3026 4261 λόγου
3052 4231 3067 4256 ,
3106 4190 3227 4261 μηδ’
3282 4188 3413 4243 ἄλλο
3456 4202 3511 4238 τι
3566 4184 3683 4238 τῶν

2095 4294 2514 4366 προειρημένων
2540 4291 2642 4359 τῆς
2665 4288 2917 4358 φράσεως
2940 4282 3388 4352 συνεισαγούσης,
3420 4278 3619 4346 ἐπάγει
3651 4279 3684 4330 6

394 4366 817 4462 Ιιέέιιξιιιέιιιιιι
852 4366 866 4457 Ξ
898 4404 1110 4469 Simon,
1143 4366 1314 4458 habeo
1355 4402 1560 4472 aliquid
1600 4402 1696 4457 tibi
1728 4366 1930 4459 dicere.
1967 4366 1985 4459 ᾧ

2095 4385 2509 4456 εύαγγελιστὴς,
2544 4402 2562 4435 ι
2595 4384 2707 4436 Καὶ
2733 4377 3053 4449 ἀποκριθεὶς
3080 4380 3109 4430 6
3147 4373 3354 4446 Ἰησοῦς
3389 4366 3512 4427 εἷπε
3540 4370 3682 4442 πρὸς

398 4500 598 4555 Deinde
644 4498 1030 4565 interrogative
1083 4511 1441 4566 prosequens,
1506 4496 1704 4566 impias
1747 4496 1989 4555 hominis

2097 4480 2281 4543 αὐτὸν,
2306 4478 2513 4549 Σίμων,
2541 4475 2649 4545 ἔχω
2682 4474 2765 4527 σοί
2787 4490 2840 4525 τι
2861 4472 3036 4525 εἰπεῖν
3056 4486 3070 4500 ⁸

393 4594 754 4664 cogitationes
778 4590 1084 4660 caStigavit,
1106 4605 1344 4659 eumque
1365 4589 1431 4644 ad
1460 4590 1713 4659 pietatem
1728 4605 1793 4645 ac
1824 4591 1984 4646 iidem

392 4703 492 4756 pro
529 4702 629 4741 sua
690 4684 977 4741 clementia
1036 4683 1258 4736 direxit.
1319 4681 1507 4751 Neque
1538 4681 1686 4735 enim
1720 4682 1979 4738 dubitare

392 4780 536 4844 licet,
571 4776 705 4847 quin
765 4778 930 4831 verba
984 4776 1302 4845 respondens
1331 4773 1490 4828 Jesus
1523 4774 1663 4828 dixit
1699 4774 1801 4838 illi,
1829 4776 1981 4844 ejus-

390 4874 512 4921 dent
566 4868 694 4923 Jesu
747 4883 912 4938 quam
967 4867 1207 4922 diximus
1268 4865 1594 4935 expositioni
1657 4867 1975 4935 pi‘azposita,

390 4961 652 5015 adversus
694 4959 862 5013 animi
890 4974 1127 5014 arcanos
1146 4967 1325 5013 motus
1354 4960 1792 5027 iutorqneantur.
1829 4957 1982 5014 Panis

392 5054 613 5121 insuper
656 5050 847 5105 formae
889 5050 1022 5104 illud
1061 5061 1144 5104 est
1177 5066 1191 5105 :
1246 5068 1263 5099 ι
1303 5048 1663 5119 Respondens
1703 5048 1863 5104 Jesus
1903 5050 1980 5105 le-

391 5141 668 5213 gisperitis
695 5146 752 5196 σε
794 5161 812 5192 ι
849 5142 996 5211 quod
1029 5142 1158 5195 item
1209 5140 1547 5211 perturbatis
1585 5139 1982 5211 seditiosisque

390 5231 611 5287 illorum
642 5233 916 5287 mentibus
957 5234 1270 5301 oppositum
1318 5231 1439 5295 fuit,
1477 5248 1588 5302 quo
1620 5240 1867 5303 tempore
1890 5235 1991 5305 hy-

390 5324 675 5393 dropicum
729 5338 912 5379 coram
950 5332 1185 5378 stantem
1240 5323 1548 5378 viderunt:
1613 5324 1707 5393 qui
1760 5340 1885 5378 cum
1922 5324 1991 5379 ad

390 5415 820 5472 misericordiam
864 5414 1007 5469 ﬂecti
1059 5415 1340 5480 deberent,
1405 5430 1515 5469 non
1576 5424 1755 5469 tamen
1782 5416 1851 5470 de
1879 5431 1981 5471 sua

460 5591 482 5620 ³
511 5587 640 5645 Luc.
674 5606 832 5657 κιιιι,
863 5590 973 5653 20;
1041 5588 1230 5645 Matth.
1296 5604 1466 5653 xxvu,
1493 5589 1553 5643 2l
1590 5607 1604 5656 ;
1643 5590 1809 5645 Marc.
1846 5607 1937 5658 xv,

2172 5590 2193 5623 ⁸
2221 5589 2359 5646 Luc.
2421 5602 2539 5655 xm,
2604 5586 2687 5643 li.
2762 5586 2783 5619 '
2813 5594 2933 5642 Act.
2965 5601 3017 5654 v,
3063 5585 3117 5642 ὅ.

391 5660 412 5690 '
445 5658 601 5713 Joan.
642 5677 715 5727 vi,
745 5663 829 5715 Ἠ.
908 5663 929 5695 ⁸
956 5658 1089 5717 Luc.
1124 5678 1220 5723 vn,
1252 5660 1338 5715 59.
1418 5661 1440 5691 ⁹
1474 5662 1606 5715 Luc.
1639 5677 1748 5727 xw,
1779 5662 1833 5718 5.

3104 4488 3121 4523 ι
3148 4471 3242 4521 καὶ
3262 4467 3331 4520 δι’
3353 4464 3682 4536 ἐρωτήσεως

2096 4570 2397 4646 προελθὼν,
2426 4570 2486 4623 τό
2513 4585 2573 4622 τε
2609 4567 2931 4638 βλάσφημον
2967 4564 3079 4617 τῶν
3112 4558 3480 4629 διαλογισμῶν
3503 4558 3677 4627 ἐπερ-

2095 4670 2315 4741 ῥάπισε,
2353 4666 2447 4719 καὶ⁵
2478 4663 2611 4735 πρὸς
2638 4662 2698 4717 τὸ
2737 4660 2987 4723 θεοσεϐὲς
3030 4657 3124 4713 καὶ
3178 4654 3527 4719 ἀδίστακτονφ
3574 4652 3679 4705 ὅσα.

2088 4779 2146 4814 τε
2174 4761 2244 4830 τῇ
2272 4756 2436 4811 αὐτοῦ
2466 4755 2873 4827 φιλανθρωπίᾳ,
2898 4750 3319 4824 μετερύθμισεν·
3348 4749 3450 4802 οὐκ
3480 4745 3680 4817 ἄδηλον

2080 4854 2189 4923 γὰρ
2218 4854 2291 4915 ὡς
2318 4851 2398 4915 τὸ,
2439 4869 2458 4902 ι
2481 4847 2824 4920 ’Δποκριθεὶς
2842 4848 2868 4899 6
2902 4844 3104 4915 Ἰησοῦς
3130 4839 3252 4896 εἷπε
3282 4842 3423 4912 πρὸς
3436 4840 3623 4904 αὑτὸν,
3651 4856 3673 4891 ι

2088 4942 2528 5016 προταττόμενον
2558 4943 2656 5013 τῆς
2684 4939 3095 5013 προρρηθείσης
3147 4934 3468 5008 ἑρμηνείας,
3530 4932 3678 5003 πρὸς

2081 5041 2180 5111 τὴν
2211 5043 2268 5093 ἐν
2296 5038 2375 5111 τῷ
2410 5037 2563 5108 βάθει
2592 5037 2693 5106 τῆς
2723 5036 2952 5107 καρδίας
3007 5034 3225 5103 κίνησιν
3280 5029 3389 5083 τῶν
3431 5027 3679 5094 διαλογι-

2090 5079 2246 5202 σμνῶν
2279 5079 2374 5201 ei:
2393 5079 2458 5183 ἕν
2491 5079 3307 5196 ἀποδέδομέζον.ν⁹ομοότοιχεῖ
3330 5120 3389 5173 δὲ
3428 5119 3506 5188 τῷ
3570 5079 3674 5189 ρη-

2088 5227 2235 5280 θέντι
2261 5226 2356 5280 καὶ
2380 5226 2462 5289 τὸ,
2493 5243 2511 5276 ι
2537 5221 2885 5293 Ἀποκριθεὶς
2907 5221 2935 5273 ό
2976 5216 3184 5289 Ἰησοῦς
3206 5216 3341 5283 πρὸς
3368 5214 3494 5277 τοὺς
3520 5230 3680 5281 νομι-

2090 5321 2240 5387 κοὺς,
2270 5338 2289 5370 ι
2327 5318 2674 5386 ἐπαγόμενον
2703 5318 2770 5386 τῇ
2803 5312 2945 5367 κατὰ
2974 5312 3071 5380 τὴν
3102 5311 3337 5365 διάνοιαν
3367 5306 3548 5361 αὐτῶν
3572 5322 3671 5357 ταο

2090 5415 2233 5484 ραχῇ
2286 5412 2382 5465 καὶ⁸
2405 5411 2616 5476 στάσει,
2650 5406 2815 5478 ἡνίκα
2858 5405 2951 5457 τὸν
3000 5399 3306 5473 ὑδρωπικὸν
3356 5395 3674 5467 ἔμπροσθεν

3221 5586 3241 5617 ⁸
3270 5580 3429 5637 Joan.
3471 5594 3532 5644 ιι,
3574 5575 3664 5632 18.
