3888 6186
206 258 309 327 ιω
1194 248 1293 325 AI)
1329 241 1947 329 AMPHILOCHIUMv
1967 256 2313 338 QUZESTIO
2346 263 2507 328 xxt.
3377 270 3481 340 tua

201 379 390 437 αὐτῶν
425 377 712 447 ἱστάμενον
739 374 1007 448 ἐθεώρουν
1032 388 1045 403 ·
1079 378 1174 430 καὶ
1205 378 1325 431 δέον
1344 379 1423 449 τῷ
1457 381 1620 434 πάθει
1648 381 1785 452 πρὸς

1895 379 2113 435 vesania
2158 379 2458 451 quidquam
2513 381 2884 439 remittebant.
2936 383 3137 440 Eadem
3203 387 3478 446 videretur

202 472 359 525 ἔλεον
386 466 814 539 μεταϐαλέσθαι,
842 469 891 521 οἱ
914 468 972 521 δὲ
995 468 1094 538 τῆς
1119 469 1383 532 ἀπονοίας
1411 470 1474 523 ού
1512 471 1783 541 μεθίεντο.

1895 471 2221 542 signiﬁcatio
2275 472 2585 530 dictionis:
2642 493 2662 526 ι
2698 475 3060 546 Respondeas
3114 477 3276 541 Iesus
3338 484 3481 540 dixit

206 564 324 635 Τὴν
347 552 522 634 αὖτὴν
546 562 593 616 δ’
625 562 693 615 ἃν
715 561 1011 631 παρέχοιτο
1038 562 1314 632 σημασίαν
1337 563 1536 630 καὶτὸ,
1574 582 1595 616 ι
1614 565 1780 616 Ἀπο-

1895 561 1999 617 illis
2032 581 2045 617 :
2074 561 2283 632 lAmen,
2319 579 2477 619 amen
2534 565 2660 621 dico
2700 567 2877 631 vobis,
2908 569 2958 624 si
2980 566 3148 625 fidem
3178 572 3482 630 habuerim

204 656 423 728 κριθεὶς
437 656 497 710 δὲ
519 657 549 709 ό
577 654 786 725 Ἰησοῦς
811 650 965 708 εἶπεν
981 655 1166 719 αὐτοῖς
1184 696 1199 718 ,
1241 657 1435 728 Ἀμὴν,
1453 658 1624 729 Ἀμὴν
1643 657 1787 726 λέγω

1895 668 2072 724 neque
2125 654 2534 722 haesitaveritis,
2593 672 2707 714 non
2752 660 2929 715 solum
2972 662 3109 719 ﬁcus
3169 665 3478 737 prodigium

205 752 363 819 ὑμῖν,
391 750 489 805 ἐὰν
520 750 681 821 ἔχητε
712 748 899 802 πίστιν
924 749 1020 802 καὶ
1044 749 1120 819 μὴ
1150 750 1493 822 διακριθῆτε,
1531 752 1591 803 οὺ
1624 749 1785 821 μόνον

1895 742 2213 811 patrabitis;
2242 758 2435 800 verum
2467 745 2635 801 etiam
2667 747 2713 803 si
2738 749 2867 805 huic
2892 748 3037 807 forte
3075 754 3249 810 monti
3274 757 3480 813 dixeri-

197 839 388 910 τὸτῆς
441 839 617 909 συκῆς
661 840 941 909 ποιήσετε,
979 839 1120 893 ἀλλὰ
1166 841 1271 894 κᾶν
1311 840 1391 912 τῷ
1444 841 1562 911 δρει
1607 839 1785 908 τούτῳ

1895 836 1981 900 tis,
2027 834 2338 907 Commigra
2407 837 2464 891 in
2510 853 2697 907 tutare,
2747 836 3214 915 commigrabit“.
3272 864 3294 901 ι
3344 848 3479 905 Nam

198 931 420 1003 εἴπητε,
442 930 728 999 Μετάϐηθι
758 932 838 994 είς
872 930 975 1002 τὴν
1004 929 1298 997 θάλασσαν,
1330 931 1720 1004 μεταϐήσεται’
1762 951 1780 982 ι

1895 927 2036 996 quod
2097 928 2293 986 attinet
2341 931 2411 986 ad
2456 933 2761 989 naturalem
2821 938 3095 995 sermonis
3134 950 3476 1009 contextum,

199 1024 299 1078 καὶ
327 1024 439 1092 γάρ
465 1024 567 1078 ὅσα
596 1039 662 1090 γε
692 1021 837 1076 κατὰ
866 1024 921 1077 τί
981 1023 1279 1094 πρόχειρον
1319 1023 1421 1093 τῆς
1467 1022 1782 1087 συνεπείας,

197 1117 343 1189 πρὸς
372 1118 475 1186 τὴν
506 1117 565 1169 ἐν
592 1114 670 1185 τῷ
695 1115 847 1185 βάθει
880 1116 984 1183 τῆς
1037 1116 1265 1185 καρδίας
1312 1115 1543 1185 μελέτην
1592 1114 1782 1170 ἀπεδίο

194 1210 322 1264 δοτο
372 1209 440 1262 ἂν
497 1208 559 1261 τὸ
608 1207 952 1277 ἀποκριθεὶς,
1007 1209 1161 1278 εἰμὴ
1184 1208 1410 1279 Μάρκος
1435 1210 1464 1262 ό
1494 1209 1785 1273 θεσπέσιος

195 1301 567 1371 ἀπαγγέλλων
593 1301 655 1358 τὸ
680 1300 882 1372 χωρίον
913 1301 1271 1375 σαφέστερον,
1303 1305 1387 1369 εἰς
1420 1304 1520 1373 τὴν
1546 1304 1642 1358 τοῦ
1695 1304 1788 1358 λό·

196 1411 300 1463 γου
321 1394 580 1465 διαδοχὴν
610 1394 711 1465 τὴν
733 1394 1013 1465 σημασίαν
1032 1393 1356 1466 μεθίστησιν
1378 1412 1393 1427 ·
1441 1394 1615 1450 εἰπὼν
1650 1397 1784 1468 γὰρ,

202 1507 224 1541 ι
252 1488 363 1543 Καὶ
377 1487 743 1558 ἀναμνησθεὶς
764 1489 794 1542 ὀ
816 1488 1025 1558 Πέτρος
1051 1487 1199 1556 λέγει
1223 1487 1391 1557 αὐτῷ,
1408 1487 1617 1546 Ῥα66ὶ,
1648 1488 1724 1542 ῐδε
1751 1492 1783 1559 ἡ

198 1582 345 1651 συκῆ
379 1582 446 1653 ἦν
478 1581 777 1651 κατηράσω
811 1579 1099 1651 ἐξήραται,
1128 1599 1147 1631 ι
1187 1579 1403 1648 εἰσάγει
1449 1580 1542 1634 τὸν
1580 1580 1786 1651 Ἰησοῦν

1890 1018 2130 1079 verbum
2160 1035 2299 1079 sane
2338 1024 2680 1093 respondens
2713 1025 3013 1085 referretur
3053 1032 3121 1086 ad
3159 1035 3362 1090 mentis
3392 1052 3479 1091 ar-

1887 1124 2085 1169 canam
2122 1113 2538 1184 cogitationem,
2564 1117 2670 1179 nisi
2697 1119 2858 1176 divus
2892 1122 3135 1190 Marcus,
3161 1126 3261 1194 qui
3294 1127 3477 1183 locum

1888 1204 2038 1263 hunc
2078 1205 2403 1276 explicatius
2439 1208 2717 1275 edisserit,
2780 1214 2937 1269 verbi
3000 1216 3373 1287 significatum
3408 1221 3479 1278 ad

1887 1297 2160 1353 sermonis
2192 1299 2383 1368 praevii
2413 1299 2809 1359 admissionem
2850 1307 3265 1375 exprimendam
3288 1312 3480 1367 tradu-

1890 1398 2062 1444 ceret.
2090 1381 2306 1445 Etenim
2334 1406 2461 1446 cum
2514 1393 2746 1452 dixisset
2779 1414 2794 1451 :
2836 1413 2855 1449 ι
2896 1396 3349 1474 Recordatusque
3378 1405 3480 1462 Pe-

1890 1481 2117 1545 trus,ait
2166 1480 2285 1536 illi:
2336 1482 2621 1553 Magister,
2653 1503 2722 1541 en
2752 1487 2889 1545 ﬁcus
2925 1491 3017 1545 cui
3045 1493 3189 1547 male
3221 1505 3478 1563 precatus

1888 1587 1947 1626 es
1970 1573 2229 1641 exaruit;
2268 1591 2290 1627 ι
2334 1574 2468 1632 facit
2499 1576 2688 1633 Iesum
2720 1583 2965 1635 sermoni
3007 1582 3136 1638 huic
3182 1594 3478 1640 occurren-

195 1675 582 1745 διαδεχόμενον
610 1672 703 1726 τὸν
732 1672 889 1740 λόγον
920 1673 1016 1726 καὶ
1041 1670 1292 1741 λέγοντα,
1326 1691 1344 1724 ι
1371 1674 1566 1744 Ἔχετε
1602 1675 1786 1728 πίστιν

1895 1670 1999 1719 tem
2037 1665 2161 1721 sic:
2200 1683 2221 1717 ι
2258 1664 2529 1724 Habetote
2568 1668 2662 1725 Dei
2694 1671 2876 1727 fidem.
2920 1673 3096 1727 Amen
3124 1676 3326 1745 quippe
3353 1676 3479 1733 dico

195 1768 336 1822 Θεοῦ
353 1739 545 1838 ζάμὴν
580 1766 691 1837 γὰρ
720 1739 869 1834 λέγω
889 1766 1039 1834 ὑμῖν,
1074 1739 1157 1819 ὅτι
1186 1766 1245 1830 ὃς
1270 1765 1340 1820 ἂν
1377 1739 1507 1838 εἴπῃ
1553 1767 1633 1838 τῷ
1665 1766 1783 1839 ὄρει

1895 1756 2067 1823 vobis,
2140 1758 2236 1827 qui
2281 1759 2411 1815 huic
2462 1763 2637 1817 monti
2676 1763 2899 1830 dixerit,
2943 1739 3160 1825 Tollere
3186 1739 3317 1825 hinc
3340 1779 3396 1824 et
3422 1770 3477 1824 in

197 1860 397 1929 τούτῳ,
422 1858 653 1930 Ἄρθητι
670 1856 764 1911 καὶ
784 1857 1013 1930 βλήθητι
1038 1858 1117 1921 εἰς
1137 1858 1239 1927 τὴν
1268 1858 1567 1923 θάλασσαν,
1589 1863 1685 1914 καὶ
1712 1860 1787 1930 μὴ

197 1952 454 2023 διακριθῇ
490 1953 549 2005 ἐν
578 1954 647 2023 τῇ
677 1950 880 2023 καρδίᾳ
909 1950 1097 2015 αὐτοῦ,
1145 1950 1284 2004 ἀλλὰ
1338 1951 1589 2005 πιστεύει
1648 1954 1731 2006 ὅτι
1758 1953 1787 2006 ὃ

198 2043 355 2098 λαλεί
382 2044 616 2113 γίνεται,
646 2043 799 2095 ἔσται
830 2040 982 2111 αὐτῷ
1002 2040 1032 2094 ὃ
1062 2040 1236 2109 λέγει.
1269 2060 1286 2092 ι

273 2142 350 2201 ς’.
393 2136 456 2189 Ei
492 2136 592 2205 μέν
631 2152 714 2188 τοι
764 2151 829 2201 γε
861 2132 971 2188 τῶν
1002 2132 1218 2202 Λογίων
1258 2134 1291 2204 ἡ
1326 2134 1467 2206 αὑτὴ
1507 2138 1784 2207 περικοπὴ

204 2230 287 2301 μὴ
332 2230 418 2298 ἐφ’
469 2229 590 2292 ἐνὸς
642 2229 808 2296 μόνου
860 2227 970 2279 τῶν
1020 2226 1333 2298 εἰρημένων
1385 2228 1785 2301 ἐπιθεωρηθείη

200 2322 588 2394 παράδειγμα,
616 2320 753 2375 ἀλλὰ
782 2310 1220 2391 μεθελκυσθῆναι
1248 2319 1467 2375 δύναιτο
1491 2321 1572 2386 είς
1597 2339 1657 2375 τε
1688 2321 1789 2393 τὴν

200 2415 460 2485 ἀπαρχὴν
510 2413 607 2466 καὶ
639 2412 740 2483 τὴν
767 2410 1021 2483 διαδοχὴν
1053 2411 1150 2465 τοῦ
1195 2411 1379 2481 λόγου,
1433 2411 1579 2483 τάχα
1602 2412 1661 2466 δέ
1695 2412 1789 2466 καὶ

200 2509 289 2571 είς
324 2506 392 2559 τὸ
437 2505 736 2575 παρέλκον,
791 2503 901 2557 οὐδ’
952 2502 1129 2568 οὓτως
1158 2504 1271 2558 τῶν
1300 2505 1721 2576 σημαινομένων
1758 2506 1788 2558 ό

200 2598 330 2671 άριθ
341 2599 440 2670 μδς
464 2597 603 2669 πρὸς
626 2596 691 2649 τὸ
720 2595 1057 2667 βραχύτερον
1079 2597 1496 2667 συσταλήσεται,
1526 2597 1664 2651 ἀλλὰ
1688 2599 1788 2666 τὴν

201 2691 337 2755 ἴσως
372 2687 733 2743 συνδιασὼσει
776 2687 1089 2758 ποσότητα·
1125 2688 1287 2758 ἀρκεῖ
1337 2688 1446 2759 γὰρ
1476 2686 1538 2741 τὸ
1580 2687 1787 2757 πλῆθος

205 2778 287 2849 μὴ
313 2775 732 2841 καταὸιϋάζειν,
763 2775 865 2830 κᾶν
896 2777 1017 2829 ἔνια
1046 2776 1159 2830 τῶν
1192 2777 1661 2848 παραδειγμάτων
1696 2778 1787 2829 εὑ-

204 2867 391 2937 ρεθείη
422 2867 498 2937 μὴ
532 2865 670 2936 πρὸς
698 2866 757 2918 ἓν
784 2876 839 2919 τι
887 2866 1071 2935 μόνον,
1101 2866 1238 2919 ἀλλὰ
1258 2867 1356 2921 καὶ
1387 2870 1524 2937 πρὸς
1553 2866 1787 2936 διάφορα

200 2957 314 3013 τῶν
360 2956 781 3028 σημαινομένων
812 2956 1183 3027 ἀναφέρεσθαι
1213 2956 1487 3027 δυνάμενα
1507 2997 1524 3023 ,
1566 2956 1788 3013 ἐπειδάν

202 3066 260 3102 τι
303 3047 511 3102 τούτων
546 3046 685 3110 ὃλως
726 3047 1036 3118 εὑρίσκοιτο
1067 3047 1167 3118 τὴν
1213 3047 1309 3109 τοῦ
1338 3046 1457 3110 ἐνὸς
1508 3048 1785 3118 σημασίαν

207 3139 666 3209 ἐξοικειούμενον.
701 3139 776 3191 Τὸ
806 3138 916 3209 γὰρ
955 3138 1352 3209 συνεμπίπτειν
1383 3138 1500 3201 πῶς
1540 3137 1788 3208 ἀλλήλοις

205 3233 297 3286 ἐπ’
327 3234 489 3286 ἐνίων
516 3232 697 3303 ῥητῶν
724 3231 794 3283 τὰ
822 3230 1055 3302 διάφορα
1085 3231 1483 3301 σημαινόμενα,
1517 3231 1617 3283 οὐκ
1640 3232 1789 3283 ἔστιν

202 3325 388 3380 αὐτῶν
421 3323 516 3378 τοῦ
558 3323 801 3393 πλήθους
829 3323 1141 3391 άναίρεσις’
1180 3324 1416 3395 ἐπείπερ
1461 3324 1582 3377 οὐδὲ
1617 3324 1675 3390 ἐξ
1715 3317 1789 3377 ὧν

207 3415 630 3487 συμϐαίνουσιν,
665 3414 783 3468 ἀλλ’
814 3412 877 3479 ἐξ
907 3408 981 3468 ὧν
1013 3414 1474 3487 παραλλάττουσι,
1507 3433 1789 3489 χαρακτη-

204 3510 477 3582 ρίζονται.
528 3508 740 3562 Οὐκοῦν
776 3508 885 3562 ἀπὸ
907 3507 1009 3579 τῆς
1045 3508 1311 3580 διαφορᾶς
1354 3509 1587 3563 ἕκαστον
1616 3527 1789 3582 προσ-

200 3606 309 3674 ῆκε
336 3605 584 3668 σκοπεῖν,
604 3601 702 3656 καὶ
727 3600 791 3656 τὸ
819 3596 963 3666 εἶδος
991 3601 1281 3671 φυλάττειν
1310 3602 1640 3681 ἀσύγχυτον,
1671 3603 1787 3659 ἀλλ’

201 3698 309 3750 οὐκ
346 3697 407 3762 ἐξ
433 3688 509 3749 ὧν
538 3694 620 3759 είς
650 3694 939 3747 κοινωνίαν
976 3695 1326 3762 συνάγονται,
1362 3695 1461 3764 τὴν
1505 3696 1563 3747 ἐν
1607 3695 1790 3759 αὐτοῖς

201 3789 546 3862 διαφθείρειν
571 3789 889 3859 ἑτερότητα.

280 3885 349 3948 ζ’.
390 3882 466 3941 Οὐ
506 3881 670 3952 μόνον
692 3879 752 3932 δὲ
782 3879 877 3932 τοῦ
896 3878 1186 3945 ἀπεκρίθη
1216 3878 1463 3949 διάφοροι
1497 3879 1785 3949 σημασίαι,

200 3979 281 4041 ὼς
304 3979 335 4030 ὁ
361 3974 519 4041 λόγος
543 3972 767 4037 ἔδειξεν,
783 3968 1290 4037 ἀποφύονται,ἀλλὰ
1310 3970 1407 4024 καὶ
1430 3969 1490 4022 τὸ
1514 3969 1788 4038 ἠρώτησε

202 4067 304 4122 δύο
331 4064 494 4119 τινῶν
521 4062 585 4116 τὸ
605 4061 887 4132 ἐλάχιστον
913 4060 1294 4131 ὑποκειμένων
1311 4061 1464 4131 παρὰ
1482 4066 1593 4123 τοῖς
1623 4064 1789 4133 ἱεροῖς

205 4159 368 4232 ἡμῶν
412 4156 616 4224 λογίοις
673 4153 1017 4221 ἀπαγγέλλει
1061 4152 1335 4207 διάνοιαν·
1383 4147 1459 4206 ὧν
1492 4155 1527 4224 ἡ
1560 4154 1660 4223 μὲν
1694 4156 1789 4207 καὶ

205 4255 321 4315 τοῖς
368 4250 568 4316 ἔξωθεν
597 4246 959 4310 ἐπιπολάζει,
1008 4247 1045 4316 ἡ
1075 4246 1171 4300 καὶ
1212 4246 1315 4316 τὴν
1360 4247 1653 4318 ἀπόκρισιν
1682 4244 1788 4300 ἆπ-

208 4344 383 4395 αιτείν
413 4339 603 4392 είωθεν
624 4353 637 4366 ·
675 4338 709 4408 ἡ
739 4335 797 4388 δὲ
828 4334 1116 4406 πόρρωθεν
1162 4334 1263 4405 μὲν
1296 4336 1502 4407 ταύτης
1532 4337 1634 4406 τῆς
1670 4339 1788 4390 δια-

207 4434 356 4497 νοίας
384 4432 678 4496 διίσταται,
701 4431 954 4500 σημαίνει
976 4428 1113 4498 δὲιτὸ
1128 4430 1508 4503 παρεκάλεσε
1529 4433 1622 4484 καὶ
1638 4431 1783 4500 ᾐτή-
1816 4459 1864 4514 ι)

207 4543 385 4589 σατο,
416 4526 539 4598 ἥτις
571 4524 672 4577 οὐκ
698 4522 921 4575 ἔλαττον
949 4520 1051 4590 τῆς
1101 4523 1513 4594 προειρημένης
1566 4524 1627 4574 ἐν
1676 4525 1787 4587 τοῖς

208 4618 489 4686 θεοσόφοις
510 4615 780 4686 χρησμοῖς
803 4612 1149 4682 ἐπιφαίνεται
1165 4613 1555 4676 πλεονάζουσα⁸
1574 4615 1635 4667 τὸ
1655 4616 1785 4686 γὰρ,

213 4726 232 4761 ι
265 4707 454 4780 ἠρώτα
475 4705 864 4779 ἐλεημοσύνηνο
892 4725 910 4756 ι
926 4706 1070 4771 καὶμ
1094 4704 1386 4776 ῆρὼτησαν
1402 4708 1589 4772 αὑτὸν,
1622 4707 1785 4761 Ῥαόο

209 4801 267 4854 οι
294 4841 308 4863 ,
340 4799 545 4869 φάγεί
574 4798 692 4859 καὶ,
717 4812 735 4848 ι
758 4796 978 4865 Ἐρωτῶ
1004 4813 1086 4862 σε,
1114 4794 1205 4865 ἔχε
1242 4813 1310 4866 με
1333 4797 1781 4869 παρῃτημένονοι

210 4893 307 4947 καὶ
333 4892 416 4955 τὸ,
451 4909 469 4941 ι
494 4887 710 4958 Ἡρώτα
730 4904 815 4950 τις
851 4887 1016 4942 αὐτὸν
1045 4886 1152 4939 τῶν
1182 4884 1491 4957 Φαρισαίων
1518 4888 1605 4941 ἵνα
1633 4889 1789 4962 φάγῃ

210 4984 332 5056 μετ’
366 4980 533 5035 αὐτοῦ
554 4996 567 5009 ⁶
606 4998 623 5031 ι
650 4980 745 5032 καὶ
774 4980 943 5051 μυρία
965 4978 1102 5033 ἄλλα.
1144 4979 1244 5049 τὴν
1272 4979 1366 5032 τοῦ
1403 4980 1668 5034 ἱκετεύειν
1700 4984 1793 5035 καὶ

208 5075 422 5130 δεῖσθαι
447 5071 640 5125 οὐδένα
673 5066 929 5124 λανθάνει
985 5070 1081 5139 τὴν
1109 5070 1293 5141 χώραν
1323 5072 1542 5140 ἐπέχειν
1562 5088 1575 5099 ·
1609 5090 1792 5142 παρα-

215 5167 559 5241 λαμϐάνεται
606 5164 663 5216 δὲ
704 5167 799 5216 καὶ
827 5169 887 5216 τὸ
915 5162 1169 5234 ἠρώτησε
1201 5164 1295 5216 καὶ
1339 5165 1459 5217 ἀντὶ
1494 5164 1589 5218 τοῦ
1625 5179 1795 5235 προσ-

218 5259 433 5325 έταξεν,
453 5255 778 5320 ἐνετείλατο,
798 5255 894 5307 καὶ
913 5250 1089 5307 εἶπεν.
1115 5272 1134 5303 ι
1159 5254 1364 5324 Ἑμόὰς
1386 5255 1518 5326 γὰρ,
1549 5258 1735 5327 φησὶν,
1765 5260 1795 5310 ό

226 5350 434 5423 Ἰησοῦς
460 5351 539 5411 είς
579 5348 638 5400 ἓν
667 5346 777 5399 τῶν
810 5346 1012 5400 πλοίων
1043 5346 1071 5398 ὃ
1102 5344 1170 5416 ἧν
1204 5346 1298 5400 τοῦ
1339 5348 1602 5417 Σίμωνος,
1636 5350 1785 5419 ἠρώ-

210 5462 378 5514 τησεν
404 5443 568 5496 αὑτὸν
595 5439 705 5492 ἀπὸ
730 5439 831 5508 τῆς
854 5441 957 5507 γῆς
989 5441 1359 5507 ἐπαναγαγεῖν
1386 5439 1588 5507 ὀλίγον’
1616 5459 1635 5489 ι
1664 5440 1786 5493 οὐδὲ

210 5539 323 5608 γὰρ
373 5533 722 5605 ἀποκρίσεως
762 5534 910 5584 ἐστιν
940 5534 1238 5603 ἀπαίτησις
1270 5535 1303 5604 ἡ
1333 5534 1484 5604 φωνὴ
1509 5575 1522 5596 ,
1559 5534 1680 5587 οὐδὲ
1726 5534 1788 5586 τὸ

286 5655 330 5685 ¹ο
355 5652 546 5705 Matth.
580 5664 695 5711 xxx,
721 5647 811 5701 ‘21.
895 5649 937 5678 “
972 5647 1134 5704 Marc.
1163 5648 1351 5714 151,21.

219 5726 266 5758 “
306 5723 441 5778 Luc.
476 5737 567 5777 xv,
603 5721 656 5772 ό.

509 5818 788 5876 Pnaos.
833 5812 949 5873 Gn.
983 5812 1075 5875 Cl.

1430 5649 1472 5679 η
1496 5651 1616 5705 Act.
1650 5662 1731 5713 ιιι,
1765 5650 1815 5704 5.

1896 1863 2050 1903 mare
2086 1851 2393 1921 projicitor,
2417 1852 2465 1908 si
2493 1855 2656 1909 modo
2690 1854 2745 1909 in
2783 1857 2948 1912 corde
2983 1874 3083 1913 suo
3112 1871 3223 1915 non
3242 1860 3476 1924 dubitet.

1895 1941 1992 1996 sed
2024 1943 2076 1997 id
2108 1942 2249 2009 fore,
2278 1946 2428 2014 quod
2451 1946 2550 2011 ait,
2575 1946 2787 2015 credat,
2812 1949 2904 2003 fiet
2919 1948 2970 2004 ei
2992 1952 3295 2007 secundum
3320 1967 3475 2009 suam

1895 2034 2228 2093 locutionem
2249 2039 2313 2093 ιι.
2359 2056 2380 2091 ι

1966 2128 2019 2182 6.
2070 2127 2230 2195 Quod
2274 2130 2323 2185 si
2375 2131 2673 2202 aliquando
2728 2131 3029 2204 Scriptum
3075 2149 3247 2192 saera:
3285 2137 3475 2194 eadem

1895 2222 2152 2291 pericope
2176 2238 2285 2277 non
2309 2224 2377 2279 ad
2403 2224 2567 2279 unius
2598 2239 2631 2280 e
2660 2226 2939 2295 praedictis
2959 2228 3137 2284 modis
3164 2230 3474 2300 exemplum

1896 2315 2157 2379 sumitur,
2192 2330 2383 2371 verum
2428 2326 2485 2372 et
2513 2318 2581 2372 ad
2619 2316 2836 2373 initium
2883 2330 2938 2375 et
2969 2322 3035 2375 ad
3083 2321 3473 2379 admissionem

1893 2409 2167 2462 sermonis
2192 2408 2334 2467 trahi
2361 2419 2562 2480 potest,
2586 2408 2841 2471 fortasse
2868 2412 3034 2475 etiam
3066 2413 3133 2471 ad
3162 2414 3473 2472 redundan-

1894 2497 2065 2563 tiam;
2103 2514 2212 2554 non
2244 2499 2452 2557 idcirco
2490 2510 2674 2558 tamen
2705 2502 3173 2572 significationum
3210 2518 3476 2564 numerus

1895 2594 2102 2646 arctior
2121 2592 2235 2659 flet,
2259 2593 2355 2649 sed
2376 2595 2739 2665 quantitatem
2763 2610 2922 2650 suam
2945 2599 3314 2655 conservabit.
3335 2599 3472 2656 Nam

1896 2698 1963 2737 ne
2007 2696 2237 2738 numero
2266 2684 2566 2756 quidquam
2613 2686 2954 2753 detrahatur,
2988 2691 3187 2753 sufﬁcit
3234 2691 3473 2763 (etiamsi

1895 2773 2105 2843 aliquot
2148 2777 2395 2845 exempla
2429 2777 2539 2837 sint
2583 2794 2706 2849 quae
2753 2795 2865 2835 non
2904 2780 2972 2836 ad
3021 2797 3219 2851 unum,
3267 2784 3362 2841 sed
3406 2786 3472 2840 ad

1895 2867 2081 2923 varios
2113 2868 2453 2936 significatus
2495 2869 2689 2925 referri
2708 2876 2958 2943 queant),
2981 2873 3201 2943 sufﬁcit,
3225 2876 3471 2947 inquam,

1895 2958 1944 3014 si
1986 2961 2135 3029 quod
2185 2960 2240 3014 in
2275 2959 2363 3015 his
2409 2962 2635 3017 omnino
2671 2964 2980 3033 exemplum
3028 2965 3278 3033 exsistat,
3325 2972 3470 3037 quod

1896 3053 2059 3111 unius
2108 3054 2205 3109 rei
2261 3053 2630 3125 significatum
2687 3057 2789 3110 sihi
2844 3057 3106 3114 vindicet.
3155 3057 3276 3123 Non
3324 3061 3469 3116 enim

1893 3146 2023 3216 quia
2054 3145 2446 3201 nonnullarum
2490 3162 2686 3205 vocum
2719 3149 2885 3207 variae
2928 3148 3360 3219 significationes
3387 3152 3472 3207 in-

1892 3236 2068 3293 vicem
2088 3235 2399 3301 incurrunt,
2418 3235 2621 3291 idcirco
2641 3235 2926 3306 perimitur
2948 3239 3144 3295 harum
3167 3254 3467 3301 numerus:

1893 3343 2017 3383 nam
2046 3343 2223 3397 neque
2250 3328 2373 3384 ideo
2392 3328 2520 3398 quia
2545 3338 2879 3399 congruunt,
2909 3329 3005 3388 sed
3033 3330 3162 3401 quia
3188 3330 3469 3399 differunt,

1891 3424 2266 3479 characterem
2314 3421 2611 3493 accipiunt.
2664 3423 2807 3495 Ergo
2848 3424 3121 3494 cujusque
3164 3424 3469 3487 differentia

1891 3516 2187 3585 spectanda
2219 3524 2326 3579 est,
2351 3524 2405 3575 et
2428 3530 2526 3571 sua
2553 3516 2751 3586 cuique
2778 3517 2987 3586 species
3012 3519 3279 3581 servanda
3311 3538 3327 3576 :
3358 3536 3467 3585 non

1890 3614 2074 3663 autem
2119 3606 2325 3662 idcirco
2372 3607 2503 3676 quia
2552 3606 2751 3667 alicubi
2800 3617 3135 3680 cbugruunt,
3177 3611 3471 3674 diversitas

1892 3699 2177 3755 abolenda.

1963 3877 2013 3932 7.
2058 3876 2163 3932 Sed
2191 3876 2338 3939 enim
2362 3878 2527 3933 variae
2550 3878 2999 3948 significationes,
3023 3889 3084 3934 ut
3105 3894 3289 3937 sermo
3312 3894 3469 3939 meus

1892 3972 2156 4026 hactenus
2212 3971 2472 4033 ostendit,
2524 3988 2631 4024 non
2691 3976 2759 4026 ex
2810 3985 2922 4027 uno
2980 3974 3251 4043 respondit
3303 3975 3468 4039 verbo

1891 4061 2226 4132 gignuntur;
2262 4075 2446 4121 verum
2473 4061 2637 4115 etiam
2673 4056 2901 4123 verbum
2929 4065 3135 4132 rogavit
3158 4064 3201 4095 ι’
3230 4065 3465 4127 duorum

1891 4154 2085 4209 saltem
2130 4152 2539 4224 signiﬁcatuum
2574 4152 2780 4211 nostris
2810 4153 2863 4207 in
2898 4152 3199 4224 Scripturis
3240 4164 3467 4225 senten-

1890 4247 2022 4300 tiam
2055 4248 2276 4313 tuetur;
2310 4259 2542 4314 quorum
2585 4244 2721 4299 alter
2748 4243 2993 4313 profanis
3017 4260 3239 4317 quoque
3277 4256 3469 4307 aucto-

1892 4339 2045 4394 ribus
2068 4336 2357 4392 familiaris
2378 4344 2482 4401 est,
2508 4328 3036 4406 responsionemquc
3062 4336 3262 4397 eliCere
3289 4339 3463 4403 solet;

1891 4429 2029 4481 alter
2070 4442 2201 4481 vero
2250 4443 2280 4480 a
2311 4426 2571 4496 praedicto
2619 4427 2969 4481 vehementer
2995 4428 3197 4493 differt,
3246 4428 3470 4485 denotat

1890 4519 2038 4571 enim
2085 4526 2328 4587 precatus
2355 4526 2432 4570 est
2477 4526 2530 4570 et
2575 4515 2883 4585 postulavit.
2917 4516 3097 4588 Atque
3139 4519 3227 4575 hic
3258 4519 3469 4589 signifi-

1891 4624 2049 4668 catus
2075 4612 2218 4666 haud
2245 4612 2428 4665 minus
2450 4610 2622 4665 altero
2653 4609 2707 4663 in
2725 4610 2925 4665 divinis
2948 4610 3191 4667 oraculis
3210 4612 3469 4682 frequens

1890 4705 2153 4761 occurrit.
2172 4703 2307 4761 Nam
2332 4722 2352 4755 ι
2374 4703 2601 4775 rogabat
2626 4703 3028 4773 eleetnosynam
3056 4719 3074 4768 ;
3108 4721 3127 4754 ι
3157 4713 3213 4760 et
3251 4724 3270 4756 ι
3290 4703 3469 4782 Roga-

1894 4807 2090 4853 verunt
2118 4810 2267 4863 eum,
2294 4795 2571 4866 Magister,
2597 4795 2867 4849 manduca
2893 4793 2969 4860 ¹³;
3002 4813 3019 4851 ι
3047 4805 3102 4855 et
3128 4813 3143 4855 ;
3174 4814 3193 4855 t
3220 4794 3371 4867 Rogo
3392 4803 3466 4858 te,

1893 4891 2033 4945 habe
2079 4904 2166 4949 me
2196 4898 2516 4947 excusatum
2544 4888 2617 4950 ’θος
2657 4905 2675 4939 ι
2714 4895 2770 4939 et
2804 4904 2817 4939 :
2852 4906 2871 4936 ι
2903 4884 3149 4955 negabat
3179 4901 3306 4947 eum
3346 4889 3470 4958 qui-

1890 4986 2014 5040 dam
2062 4982 2396 5045 Pharis-aus,
2433 4988 2494 5034 ut
2539 4994 2726 5043 secum
2757 4978 2943 5033 cibum
2989 4988 3217 5047 caperet
3239 4977 3282 5009 ³⁸
3307 4994 3331 5047 δ
3356 4994 3379 5035 ι
3416 4988 3470 5033 et

1893 5077 1946 5129 in
2002 5074 2253 5143 plurimis
2288 5073 2412 5133 aliis
2443 5073 2579 5126 locis
2624 5070 2791 5126 verbo
2843 5068 2974 5124 huic
3011 5068 3295 5137 notionem
3339 5084 3470 5140 pre-

1893 5169 2052 5225 randi
2101 5167 2329 5223 subesse
2381 5164 2655 5225 neminem
2708 5164 2868 5220 latet.
2920 5162 3034 5217 lmo
3078 5176 3211 5218 vero
3259 5163 3469 5233 rogavit

1893 5258 2135 5315 sumitur
2182 5255 2344 5315 etiam
2388 5269 2489 5325 pro
2533 5253 2842 5323 imperavit,
2886 5252 2941 5307 in
2990 5252 3266 5315 mandatis
3299 5252 3468 5313 dedit.

1890 5349 2080 5402 edixit.
2121 5366 2138 5398 ι
2173 5348 2489 5402 Consccnsa
2511 5388 2526 5415 ,
2579 5346 2656 5400 ait
2688 5344 2991 5414 Scriptura,
3023 5345 3185 5400 Jesus
3228 5343 3471 5401 Simonis

1892 5442 2167 5507 navicula,
2202 5444 2415 5511 rogavit
2443 5456 2567 5496 eum
2597 5450 2655 5494 ut
2695 5456 2723 5494 a
2762 5448 2909 5495 terra
2939 5438 3163 5510 paulum
3197 5437 3471 5493 subduce—

1896 5546 1976 5591 ret
1998 5537 2057 5589 ³ο.
2097 5554 2115 5589 ι
2154 5534 2365 5589 Etenim
2399 5534 2450 5586 itl
2480 5533 2707 5591 verbum
2746 5531 2895 5593 haud
2929 5531 3021 5587 hic
3055 5529 3469 5601 responsionem

1900 5650 1940 5681 ³³
1974 5649 2131 5704 Joan.
2170 5663 2245 5711 tv,
2277 5648 2367 5702 51.
2446 5647 2488 5677 η
2524 5645 2656 5701 Luc.
2696 5660 2808 5711 xw,
2846 5644 2934 5697 ll).
3012 5645 3055 5675 ’⁸
3084 5643 3217 5697 Luc.
3248 5655 3347 5707 vn,
3376 5639 3474 5695 ὄττι

3062 5813 3099 5868 υ
