3888 6186
436 252 536 317 163

430 361 643 432 poscit;
716 373 889 428 neque
950 357 1131 413 oravit
1198 356 1511 428 signiﬁcat;

431 465 712 524 nutusque
743 453 859 507 vice
890 450 1159 521 fungitur.
1202 452 1367 520 quue
1409 449 1645 503 maxime
1669 462 1738 501 ex
1777 447 1867 509 iis,
1895 461 2018 516 qua:

430 551 575 605 hanc
609 548 944 604 locutionem
976 546 1292 616 praecedunt
1335 554 1390 599 et
1420 560 1543 614 quae
1582 543 2013 611 subsequuntur,

430 640 844 711 cognoscitur:
890 651 994 691 non
1058 637 1233 691 solum
1286 636 1455 703 quia,
1515 633 1647 687 dum
1712 628 2017 700 magistrali

432 747 688 786 sermone
730 741 995 793 uteretur,
1030 729 1271 799 dumque
1299 728 1558 798 p0pulum
1593 724 1751 779 avide
1784 721 2015 777 audien-

362 889 370 897 γ
433 834 545 878 tem
593 824 839 888 haberet,
894 822 1109 891 sibique
1164 830 1223 873 ut
1273 819 1483 875 doctori
1519 817 1757 872 honores
1801 812 2016 869 debitos

433 916 809 983 exhibentem,
861 930 961 986 par
1008 923 1128 968 erat
1178 911 1522 966 Servatorem
1573 923 1699 965 cum
1750 906 2015 977 dignitate

434 1009 617 1078 loqui;
650 1007 743 1063 sed
777 1007 905 1078 quia
935 1016 989 1062 et
1020 1006 1180 1076 paulo
1220 1013 1366 1075 post,
1402 1002 1536 1056 dum
1589 1000 1755 1057 simili
1795 999 2012 1056 actione

435 1102 513 1156 uti
551 1101 773 1155 Petrum
810 1100 1030 1169 juberet
1061 1097 1243 1163 Jesus,
1278 1111 1377 1167 pro
1422 1096 1647 1165 rogavit,
1679 1094 2015 1163 evangelista

431 1192 587 1263 ponit
630 1192 795 1248 simili
820 1191 874 1245 vi
916 1191 1077 1244 dixit.
1112 1188 1320 1243 Etenim
1356 1207 1374 1240 ι
1409 1186 1578 1251 Dixit,
1610 1188 1710 1251 ait,
1756 1183 2012 1240 Simoni:

434 1286 623 1340 Reduc
666 1285 721 1339 in
782 1284 976 1347 altum,
1029 1291 1193 1351 atque
1243 1282 1296 1335 in
1344 1280 1581 1351 praedam
1641 1279 1778 1332 retia
1835 1287 2014 1333 vestra

431 1374 704 1428 demittite
728 1374 792 1426 ¹⁷.
824 1391 843 1424 ι
880 1370 1101 1426 Scilicet
1125 1379 1419 1439 utrumque
1461 1368 1689 1423 verbum
1723 1367 1929 1438 rogavit
1958 1374 2016 1422 et

431 1466 571 1519 dixit
601 1466 976 1534 imperativam
1010 1463 1120 1516 vim
1146 1461 1367 1516 habent.
1400 1459 1508 1515 Sed
1535 1475 1661 1529 quae
1691 1457 2012 1514 summatim

436 1558 705 1613 hactenus
740 1555 854 1610 dixi
880 1554 1016 1609 satis
1045 1552 1299 1606 videntur
1329 1549 1649 1606 necessitati
1681 1559 1788 1604 tua:
1811 1548 2009 1603 facere.

433 1648 692 1704 Profecto
726 1646 871 1703 enim
911 1654 963 1701 te
1003 1658 1111 1700 non
1152 1643 1359 1707 latebit,
1391 1642 1664 1697 dictorum
1699 1642 1809 1697 huc
1837 1656 2013 1711 usque

1592 245 1856 309 PHOTII
1895 244 2407 327 PATBIARCH/E
2432 245 2542 307 cp.

1602 356 1697 411 sed
1772 352 2014 408 mandati
2046 361 2089 417 Α
2120 352 2500 424 παρεκάλεσεν
2544 350 2778 406 ἐνταῦθα
2829 351 3110 424 σημαίνει,
3157 349 3277 406 ἀλλ’
3325 351 3705 423 ἐπιτάγματος

3603 236 3707 311 lﬁl

2120 448 2216 499 καὶ
2243 446 2464 517 ἐντολῆς
2498 445 2864 517 προϐάλλεται
2888 447 3080 516 χρείαν
3103 460 3119 477 ·
3154 446 3247 500 καὶ
3274 446 3437 499 τοῦτο
3462 446 3702 517 μάλιστα

2118 540 2241 589 τότε
2269 536 2579 608 ἡγούμενον
2609 536 2703 591 τοῦ
2748 537 2909 605 λόγου
2937 538 3032 591 καὶ
3062 537 3125 591 τὸ
3165 536 3512 609 ἐπαγόμενον
3556 556 3703 610 παρο

2122 629 2279 699 ιστᾷο
2340 629 2439 699 οὐχ
2482 630 2566 683 ὅτι
2614 628 2778 701 μόνον
2819 628 3186 700 διδασκαλικῷ
3217 628 3364 701 λόγῳ
3390 628 3703 701 χρώμενος,

2117 720 2213 774 καὶ
2237 722 2327 774 τὸν
2356 721 2512 792 ὄχλον
2539 720 2682 791 ἔχων
2709 721 2885 792 ἡδέως
2904 721 3259 793 προσέχοντα,
3278 725 3376 776 καὶ
3401 722 3504 795 τὴν
3527 740 3700 793 προσ·

2117 813 2357 879 ήκουσαν
2398 813 2703 883 διδασκάλῳ
2750 814 2919 885 τιμὴν
2948 814 3205 884 νέμοντα,
3250 815 3381 879 τοὺς
3423 815 3632 883 λόγους
3676 818 3705 869 ό

2118 904 2309 975 Σωτὴρ
2344 904 2463 976 μετ’
2496 904 2746 969 ἐξουσίας
2773 906 3037 970 ἐποιεῖτο,
3059 906 3175 959 ἀλλ’
3202 906 3286 959 ὅτι
3318 908 3413 959 καὶ
3436 909 3561 977 μετ’
3590 908 3704 959 όλί-

2116 1013 2211 1065 γον
2259 996 2411 1066 παρά
2441 997 2659 1067 πλησίῳ
2688 997 2891 1067 πράξει
2922 998 3164 1067 χρῆσθαι
3212 997 3305 1051 τὸν
3353 997 3585 1069 Σίμωνα.
3612 1017 3706 1053 κε-

2117 1087 2365 1151 λεύοντος
2398 1089 2492 1141 τοῦ
2537 1089 2738 1161 Ἰησοῦ,
2772 1090 2894 1143 ἀντὶ
2922 1091 3030 1144 τοῦ
3053 1090 3367 1159 ἠρώτησεν
3399 1094 3429 1145 6
3474 1094 3706 1161 εὐαγγε-

2115 1180 2304 1252 λιστὴς
2332 1181 2397 1235 τὸ
2422 1178 2553 1235 εἷπε
2581 1184 2681 1253 τῆς
2708 1181 2901 1251 ὁμοίας
2941 1182 3131 1252 χρείας
3158 1184 3451 1254 προτάττει
3472 1203 3489 1216 ο
3519 1205 3540 1237 ‹
3572 1183 3705 1239 Eine

2115 1276 2244 1348 γάρ,
2281 1278 2440 1348 φησὶ,
2471 1277 2608 1347 πρὸς
2648 1277 2741 1331 τὸν
2776 1278 3026 1346 Σίμωνα,
3084 1279 3434 1349 Ἐπανάγαγε
3475 1282 3621 1352 πρὸς
3649 1282 3709 1335 τὸ

2118 1367 2307 1438 βάθος,
2360 1368 2453 1422 καὶ
2479 1369 2749 1439 χαλάσατε
2778 1369 2850 1421 τὰ
2879 1369 3071 1422 δίκτυα
3124 1371 3279 1441 ὑμῶν
3306 1375 3387 1436 είς
3420 1374 3607 1443 ἄγραν
3626 1392 3643 1405 ο
3675 1394 3693 1426 ι

2117 1460 2534 1532 προστακτικὴν
2559 1460 2670 1531 γὰρ
2699 1462 2867 1530 ἄμφω
2895 1461 3130 1531 δύναμιν
3156 1463 3290 1533 ἕχει.
3338 1464 3502 1519 Ἀλλὰ
3532 1465 3709 1520 ταῦτα

2119 1554 2220 1625 μὲν
2248 1554 2324 1619 ὡς
2350 1555 2410 1607 ἐν
2437 1554 2720 1625 κεφαλαίῳ
2749 1554 2846 1608 καὶ¹
2873 1554 2974 1626 τὴν
3002 1554 3103 1625 σὴν
3131 1550 3287 1626 οἶμαι
3312 1558 3505 1627 χρείαν
3543 1560 3707 1613 ἱκανὰ

2116 1646 2447 1717 πληρῶσαι·
2504 1645 2565 1699 οὐ
2611 1645 2722 1715 γὰρ
2768 1645 2835 1701 ἄν
2872 1663 2931 1698 σε
2982 1647 3209 1718 λήσεται
3250 1649 3476 1719 μνήμην
3511 1650 3711 1720 ἔχοντα

433 1753 756 1805 memorem,
798 1737 924 1808 quis
958 1736 1292 1805 quibusnam
1337 1748 1509 1790 sacra:
1538 1732 1837 1802 Scriptura:
1879 1733 2017 1789 locis

2130 1738 2227 1793 τῶν
2256 1738 2588 1810 εἰρημένων,
2646 1736 2831 1801 ποίαις
2860 1735 2971 1792 τῶν
3000 1737 3162 1808 ἱερῶν
3196 1738 3396 1805 λογίων
3430 1740 3708 1810 περιόδοις

433 1831 778 1900 signiﬁcatus
833 1828 986 1884 verbi
1037 1827 1305 1898 respondit
1367 1826 1597 1881 idoneus
1645 1823 1867 1881 futurus
1923 1825 2013 1881 sit.

435 1920 644 1975 Caetera
662 1928 845 1974 autem
874 1933 1007 1973 voca
1019 1918 1168 1982 bula,
1189 1931 1425 1987 quorum
1449 1915 1597 1970 varia
1615 1915 2019 1986 signiﬁcatione

435 2026 605 2066 sacrae
651 2010 870 2065 Littera:
918 2019 1167 2074 utuntur,
1196 2008 1394 2077 partim
1436 2007 1551 2077 jam
1603 2010 1855 2064 oratione
1897 2025 2018 2066 mea

435 2104 834 2173 comprehensa
871 2101 1112 2163 fuerunt,
1145 2101 1339 2169 partim
1383 2114 1537 2165 vero,
1568 2098 1754 2154 divina
1781 2116 1884 2157 nos
1909 2102 2022 2156 cle-

438 2199 643 2253 mentia
694 2196 883 2252 mitius
940 2192 1307 2265 respiciente,
1363 2206 1495 2248 mox
1556 2190 1793 2249 fortasse
1849 2206 2017 2263 expo-

439 2298 659 2347 nentur.

818 2396 1146 2466 QUAESTIO
1171 2397 1316 2453 xxu
1345 2396 1444 2470 [aL
1466 2393 1638 2470 XXI].

420 2494 620 2560 ‘Quare
694 2508 797 2546 non
852 2492 1159 2561 priusquam
1210 2498 1471 2561 statueret
1535 2488 1730 2559 Ioseph
1795 2488 2025 2544 Mariam

490 2564 806 2627 dimittere,
852 2560 1028 2615 astitit
1063 2560 1280 2630 angelus
1320 2561 1458 2613 hanc
1488 2576 1675 2613 curam
1706 2563 2024 2629 prwveniens

508 2644 558 2687 et
582 2634 803 2697 tollens;
829 2632 919 2687 sed
952 2632 1164 2684 nonnisi
1205 2646 1321 2683 cum
1339 2646 1371 2683 a
1390 2646 1517 2683 cura
1544 2630 1613 2683 ad
1639 2640 1817 2683 actum
1844 2639 2026 2684 trans-

510 2705 593 2765 iit,
624 2714 736 2756 tum
768 2701 1127 2771 prohibiturus
1177 2700 1519 2771 superuenit?
1566 2698 1637 2753 Et
1676 2716 1842 2771 quare
1900 2700 2023 2755 Vir-

480 2775 677 2845 ginem
710 2770 926 2843 Iosephi
949 2771 1223 2825 mulierem
1246 2770 1427 2825 dicit?

2115 1830 2239 1885 τίνα
2276 1831 2386 1885 τῶν
2417 1829 2511 1884 τοῦ
2544 1830 2838 1898 ἀπεκρίθη
2865 1830 3286 1900 σημαινομένων
3304 1832 3704 1902 ἐφαρμοσθείηο

2116 1922 2230 1977 τῶν
2262 1922 2310 1976 δ’
2336 1922 2513 1978 ἄλλων
2560 1922 2824 1994 ῥημάτων
2870 1917 2953 1985 οἷς
2988 1920 3057 1975 τὰ
3103 1923 3224 1992 ἱερά
3263 1924 3573 1993 γράμματα
3611 1924 3707 1977 ἐπὶ

2118 2013 2399 2087 διαφόρων
2429 2013 2775 2084 πραγμάτων
2805 2013 3113 2083 ἐχρήσατο,
3147 2014 3216 2066 τὰ
3251 2014 3351 2083 μὲν
3405 2014 3509 2085 ήδη
3561 2015 3708 2085 λόγῳ

2120 2106 2530 2176 περιείληπται,
2567 2105 2634 2159 τά
2659 2105 2715 2157 δὲ
2743 2106 2842 2175 τῆς
2871 2105 3019 2167 θείας
3045 2104 3457 2176 φιλανθρωπίας
3480 2108 3709 2177 εὐμενέ-

2125 2213 2317 2268 στερον
2350 2200 2431 2262 είς
2462 2198 2613 2268 ἡμᾶς
2640 2196 2859 2268 ὁρώσης
2885 2197 3026 2267 τάχα
3053 2196 3119 2251 ἂν
3152 2197 3624 2270 ὑποϐληθήσεται.

2656 2390 3010 2444 ἘΡΩΤΗΣΙΣ
3033 2389 3163 2447 KB'.

2125 2486 2187 2540 Τί
2216 2485 2443 2553 δήποτε
2474 2483 2616 2552 πρὶν
2652 2483 3053 2551 διανοηθῆναι
3116 2482 3225 2537 τὸν
3275 2481 3501 2553 Ἰωσηερ
3551 2484 3707 2539 ἀπο-

2189 2555 2377 2611 λῦσαι
2400 2554 2517 2623 τὴν
2545 2554 2802 2622 Μαριὰμ,
2844 2555 2931 2623 μὴ
2948 2553 3196 2624 ίέπέστηί
3222 2556 3256 2608 ό
3278 2554 3536 2624 ἅγγελος
3592 2559 3708 2610 ao-

2192 2626 2308 2695 τὴν
2353 2625 2871 2695 προαναᾳτέλλων
2899 2623 3016 2695 τὴν
3048 2623 3335 2695 μελέτην,
3366 2623 3371 2624 ⁷
3402 2625 3546 2679 ἀλλ’
3603 2625 3710 2677 ὅτε

2196 2693 2346 2764 πρὸς
2376 2694 2491 2763 τὴν
2510 2693 2734 2762 πρᾶξιν
2755 2694 2874 2748 ἀπὸ
2902 2693 3015 2762 τῆς
3030 2693 3290 2764 μελέτης
3311 2695 3552 2759 κατέϐη,
3572 2696 3711 2747 τότε

2195 2766 2489 2820 κωλύσων
2523 2764 2837 2834 ἐφίσταται
2856 2779 2876 2826 ;
2898 2767 2995 2834 καί
3024 2764 3121 2817 διὰ
3146 2765 3205 2818 τι
3223 2766 3340 2832 τὴν
3372 2764 3707 2834 Παρθένον,

2197 2835 2453 2907 γυναῖκα
2480 2831 2641 2904 λέγει
2662 2832 2772 2889 τοῦ
2812 2831 3072 2904 Ἰωσήςρ;

1048 2943 1193 2995 Edita
1212 2956 1243 2994 a
1261 2942 1407 3003 Maio,
1431 2946 1560 2995 Nov.
1588 2941 1735 3004 σου..
1760 2950 1797 2995 t.
1816 2942 1901 3004 IX,
1927 2957 1978 3007 p.
2003 2945 2023 2993 Ξ

2130 2949 2171 3001 ι.
2193 2949 2454 3002 Enarratlo
2473 2948 2528 3000 in
2554 2948 2838 3000 Mattheum
2863 2964 2899 3011 ι,
2929 2950 3091 2999 l8-20.

492 3052 590 3108 ‘De
655 3049 935 3123 prOposita
997 3050 1304 3121 quaestione
1351 3058 1408 3104 et
1453 3049 1739 3104 beatorum
1794 3048 2017 3105 Patrum
2050 3086 2095 3147 α

443 3154 764 3199 nostrorum
814 3154 931 3193 non
963 3138 1125 3208 pauci
1151 3137 1564 3203 disseruerunt;
1598 3145 1653 3190 et
1699 3137 1817 3191 scio
1852 3151 2023 3207 quos-

439 3236 568 3291 dam
617 3232 798 3288 exiis
838 3230 1047 3285 dixisse
1106 3236 1239 3283 tunc
1281 3228 1544 3297 temporis
1591 3228 1842 3299 angelum
1893 3231 2026 3286 asti-

440 3328 578 3380 tisse
606 3332 660 3378 et
686 3338 718 3377 a
746 3320 1032 3392 proposito
1054 3318 1205 3373 illum
1233 3318 1559 3383 removisse,
1590 3332 1660 3373 ne
1682 3318 1790 3374 ﬁde
1813 3330 2027 3377 careret

445 3431 570 3470 eum
601 3413 953 3469 annuntiaret
997 3409 1275 3482 Virginem
1311 3409 1626 3479 concipere,
1659 3409 1756 3465 sed
1788 3411 1841 3465 in
1870 3420 2026 3468 utero

444 3516 715 3579 gestatum
753 3504 1073 3578 gestationis
1126 3511 1319 3559 testem
1359 3510 1420 3556 ut
1458 3502 1705 3557 haberet.
1736 3499 1946 3558 Forsan
1972 3514 2026 3560 et

444 3600 535 3656 a-lil
558 3599 692 3655 tales
706 3598 971 3670 quasdam
995 3595 1301 3650 attulerunt
1324 3592 1570 3649 rationes
1589 3607 1699 3665 pra;
1720 3595 2027 3651 attrahente

443 3695 645 3749 divina:
673 3691 952 3763 sapientiae
991 3701 1163 3745 metu.
1216 3686 1349 3742 Mihi
1394 3696 1579 3741 autem
1612 3686 1827 3742 videtur
1854 3696 1910 3742 et
1941 3688 2027 3743 di-

445 3796 660 3843 ctorum
701 3791 757 3840 et
801 3782 1073 3838 factorum
1117 3779 1548 3848 unumquodque
1594 3780 1875 3850 propriam
1912 3781 2024 3835 vim

448 3879 673 3943 habere,
699 3874 919 3947 quando
957 3873 1237 3943 proprium
1272 3879 1558 3940 exspectat
1601 3877 1849 3940 tempus;
1880 3870 2025 3941 quod

446 3970 594 4025 enim
645 3984 755 4024 non
792 3977 877 4022 est
925 3972 1319 4036 opportunum,
1372 3963 1530 4027 solet,
1589 3974 1648 4018 ut
1673 3962 2023 4034 plerumque,

447 4059 700 4116 elﬁcaciae
736 4057 843 4113 vim
876 4056 1151 4126 frangere.
1196 4053 1428 4121 Quando
1472 4052 1640 4124 igitur
1686 4052 1740 4107 in
1767 4053 2024 4109 consilio-

449 4168 574 4208 rum
621 4151 864 4221 inopiam
901 4149 1102 4204 decidit
1148 4145 1370 4216 Joseph,
1420 4154 1552 4200 tunc
1584 4144 1760 4200 astitit
1798 4146 2023 4217 angelus

449 4259 712 4301 sensuum
757 4240 1092 4298 contentioni
1151 4238 1743 4324 ﬁnemﬁmpositurus.
1795 4235 2024 4303 Quando

447 4337 595 4392 enim
643 4337 699 4392 in
748 4336 959 4390 incerto
1006 4332 1193 4397 fuerit,
1246 4338 1303 4385 et
1339 4330 1633 4385 contrariis
1663 4329 2021 4385 consiliorum

2189 3056 2329 3127 Περὶ
2358 3054 2454 3110 τοῦ
2488 3056 2854 3126 προκειμένου
2889 3054 3203 3127 ζητήματος
3243 3056 3337 3110 καὶ
3378 3056 3489 3111 τῶν
3524 3075 3709 3128 μακι-

2127 3145 2262 3218 ρίων
2295 3147 2455 3218 ἡμῶν
2515 3145 2777 3217 Πατέρων
2803 3146 2906 3199 οὐκ
2956 3145 3129 3214 ὀλίγοι
3167 3146 3438 3201 διέλαϐον·
3469 3147 3567 3202 καὶ
3588 3145 3711 3201 οἶδα

2125 3239 2280 3303 τινὰς
2303 3237 2482 3292 αὐτῶν
2506 3238 2783 3305 εἰπόντας,
2804 3237 2895 3291 διά
2907 3237 3069 3291 τοῦτο
3094 3238 3399 3309 τηνικαῦτα
3420 3238 3515 3294 τὸν
3542 3239 3713 3309 ἄγγε-

2124 3335 2216 3389 λον
2271 3334 2560 3403 ἐπιστῆναι
2586 3333 2682 3387 καὶ
2707 3333 2805 3403 τῆς
2841 3332 3020 3403 ὁρμῆς
3052 3333 3143 3386 τὸν
3175 3333 3386 3388 δίκαιον
3424 3335 3707 3405 ἐπισχεῖν,

2125 3426 2213 3481 ἵνα
2244 3426 2322 3498 μὴ
2363 3424 2529 3497 δεηθῇ
2550 3424 2789 3488 πίστεως
2813 3425 3009 3497 ἐτέρας
3040 3425 3192 3478 κύειν
3220 3424 3582 3493 ἐπαγγέλλων
3611 3427 3712 3498 τὴν

2126 3514 2427 3587 Παρθένον,
2483 3513 2601 3568 ἀλλ’
2632 3514 2732 3589 ἔχῃ
2761 3514 2823 3567 τὸ
2848 3512 3288 3585 κυοφορούμενον
3314 3516 3579 3588 μάρτυρα
3610 3519 3713 3588 τῆς

2123 3608 2440 3678 κυοφορίας.
2467 3606 2623 3677 Τάχα
2650 3606 2696 3659 δ’
2729 3605 2796 3659 ἂν
2836 3606 2931 3659 καὶ
2985 3606 3163 3678 ἕτεροι
3231 3608 3492 3672 τοιαύτας
3553 3612 3711 3674 τινὰς

2123 3700 2393 3755 ἀπέδοσαν
2414 3698 2590 3762 αίτίας
2618 3698 2852 3753 καθόσον
2887 3700 3101 3753 εἵλκυσε
3132 3701 3230 3771 τῆς
3260 3700 3470 3755 ἄνωθεν
3493 3704 3709 3773 σοφίας.

2137 3792 2290 3861 Ἐμοί¹
2310 3790 2367 3843 δὲ
2396 3790 2545 3843 δοκεῖ
2570 3790 2681 3843 τῶν
2738 3789 3049 3859 λεγομένων
3090 3807 3149 3843 τε
3186 3790 3279 3843 καὶ
3309 3792 3710 3862 πραττομένων

2123 3883 2245 3938 τότε
2275 3882 2374 3954 τὴν
2422 3882 2629 3937 οἰκείαν
2688 3883 2841 3953 ίσχὺν
2886 3883 3116 3937 ἕκαστον
3140 3883 3426 3955 παρέχειν,
3481 3885 3575 3937 ὅτε
3616 3886 3711 3938 τὸν

2122 3976 2321 4028 οἰκεῖον
2348 3973 2540 4045 καιρὸν
2563 3974 2824 4044 ἀναμένει
2846 3989 2858 4003 ·
2878 3972 2940 4026 τὺ
2959 3973 3069 4044 γὰρ
3088 3976 3316 4044 ἄκαιρον
3344 3975 3710 4046 περιθραύειν

2123 4068 2316 4121 εἴωθεν
2337 4067 2413 4132 ὡς
2442 4066 2511 4119 τά
2535 4066 2707 4121 πολλά
2730 4070 2831 4138 τῆς
2863 4066 3145 4138 ἐνεργείας
3184 4069 3282 4136 τὴν
3325 4067 3595 4138 δύναμιν·
3621 4070 3710 4123 ὅτε

2123 4155 2218 4214 οὖν
2243 4162 2323 4223 είς
2367 4159 2601 4231 ἀπορίαν
2654 4158 2929 4229 λογισμῶν
2983 4160 3219 4230 κατέστη
3248 4161 3277 4212 ό
3317 4159 3546 4232 Ἰωσὴφ,
3582 4161 3708 4214 τότε

2123 4253 2223 4323 τὴν
2252 4252 2367 4323 ἔριν
2391 4254 2419 4305 6
2438 4251 2666 4321 ἄγγελος
2700 4252 2900 4321 ἐπέστη
2928 4251 3070 4304 λύων
3098 4252 3205 4304 τῶν
3234 4252 3537 4322 λογισμῶν.
3569 4254 3706 4307 Ὅτε

2123 4344 2181 4398 δέ
2208 4346 2521 4416 διηπορεῖτο
2551 4346 2646 4409 καὶ
2678 4347 2799 4408 ταῖς
2827 4343 2938 4397 τῶν
2980 4344 3301 4398 διαϐουλιῶν
3359 4345 3711 4408 ἀντιπνοίαις

452 4432 627 4486 ventis
679 4428 955 4485 ﬁuctuarit
986 4468 1001 4491 ,
1055 4425 1247 4496 agendi
1278 4438 1411 4477 cura
1446 4420 1794 4475 manifestum
1842 4418 2017 4475 fecit:

2130 4435 2478 4505 ἐκυμαίνετο,
2535 4434 2690 4505 δῆλον
2731 4435 2765 4505 ἡ
2812 4434 3011 4505 μελέτη
3056 4437 3157 4506 τῆς
3212 4435 3463 4505 πράξεως
3517 4440 3706 4490 ποιεῖ·

456 4543 475 4576 ι
506 4522 735 4578 Volebat
781 4522 950 4585 enim,
1010 4518 1203 4587 inquit,
1258 4525 1470 4571 secreto
1508 4527 1627 4567 eam
1665 4510 1970 4574 dimittere;
2003 4528 2022 4560 ι

452 4632 558 4671 non
626 4625 807 4668 autem
873 4619 1087 4666 secreto
1156 4617 1251 4663 aut
1313 4607 1511 4677 quovis
1575 4603 1740 4660 modo
1792 4602 1847 4657 id
1912 4611 2028 4657 sta—

452 4708 667 4772 tuisset,
720 4706 767 4761 si
809 4703 997 4774 spuria
1054 4700 1245 4757 sobole
1297 4710 1602 4755 tumescere
1646 4706 1865 4752 uterum
1907 4709 2029 4765 per-

452 4812 679 4854 suasum
713 4793 1029 4859 habuisset;
1068 4792 1163 4848 sed
1188 4798 1380 4846 contra
1420 4803 1544 4845 cum
1588 4786 1774 4858 justus
1799 4792 1945 4840 esset
1976 4792 2029 4838 et

454 4902 669 4952 amans,
701 4895 755 4942 et
805 4885 940 4955 legis
976 4882 1474 4951 transgressionem
1524 4877 1700 4948 magis
1736 4889 1903 4947 quam
1932 4873 2027 4943 qui

458 4980 695 5034 maxime
709 4978 938 5041 odisset,
962 4976 1145 5045 legum
1162 4969 1518 5029 vindieationi
1547 4965 1887 5023 matrimonii
1916 4963 2033 5019 fur-

454 5080 568 5127 tum
604 5085 821 5126 omnem
855 5072 906 5124 in
953 5068 1131 5138 ipsum
1170 5074 1348 5121 ortam
1396 5061 1765 5131 suspicionem
1811 5057 2029 5114 solvens

455 5162 812 5238 prodidisset,
837 5176 993 5217 suam
1018 5167 1201 5213 autem
1222 5154 1577 5212 excellentem
1610 5149 1882 5221 justitiam
1911 5162 2030 5204 ser-

455 5267 682 5315 vasset:
720 5254 817 5311 sed
865 5253 1092 5309 minime
1139 5250 1240 5304 hoc
1285 5260 1613 5317 persuasum
1661 5241 1918 5306 habebat,
1970 5248 2030 5295 ut

457 5359 624 5423 patet.
661 5348 825 5404 Multa
861 5347 1007 5403 enim
1033 5345 1256 5415 pignora
1294 5339 1568 5410 praebebat
1594 5335 1762 5407 Virgo
1792 5350 1914 5406 qua:
1944 5343 2030 5388 ta-

458 5444 562 5497 lem
591 5440 739 5495 illius
770 5436 1133 5507 suspicionem
1178 5440 1423 5487 avertere
1470 5428 1756 5484 valebant:
1789 5428 1910 5481 vitae
1936 5440 2031 5480 ac-

457 5545 705 5592 curatam
734 5529 1092 5603 diligentiam,
1128 5525 1437 5584 studiorum
1466 5520 2033 5589 sanctimoniam,dis-

530 5696 573 5728 ιτ
607 5693 743 5748 Luc.
778 5707 827 5754 ν,
860 5692 913 5745 ι.

2135 4546 2151 4579 ι
2174 4526 2476 4596 Ἦὸουλήθη
2509 4527 2639 4597 γὰρ,
2663 4526 2821 4596 φησὶ,
2845 4526 3019 4598 λάθρα
3043 4526 3310 4580 ἀπολῦσαι
3336 4527 3530 4598 αὑτήνο
3550 4546 3572 4580 ι
3609 4530 3711 4581 οὐκ

2129 4617 2196 4671 ἂν
2220 4615 2346 4669 οὔτε
2396 4616 2574 4688 λάθρα
2605 4616 2849 4688 δηλονότι
2879 4616 3001 4670 οὔτε
3031 4618 3167 4681 ὅλως
3192 4616 3476 4688 ἐκπέμψαι
3506 4619 3712 4691 βουλη-

2126 4707 2260 4773 θεὶς,
2279 4710 2327 4762 εί
2348 4708 2499 4762 νόθου
2522 4709 2689 4778 γονῆς
2705 4708 2798 4762 τὸν
2818 4708 2984 4778 όγκον
3003 4709 3293 4762 ἐπέπειστο
3313 4708 3413 4779 τῆς
3442 4714 3707 4783 γαστρός·

2125 4800 2262 4856 ἀλλά
2290 4800 2600 4855 τούναντίον
2634 4800 2841 4864 δίκαιος
2872 4799 2947 4854 ὣν
2979 4801 3076 4854 καὶ
3108 4798 3344 4872 ἐραστὴς
3374 4806 3470 4853 καὶ
3525 4819 3712 4873 παραυ

2128 4893 2324 4966 νομίαν
2350 4894 2484 4957 εἴτις
2513 4892 2670 4956 ἄλλος
2704 4892 2902 4963 μισῶν,
2931 4893 3079 4963 νόμῳ
3114 4891 3178 4946 ἂν
3205 4893 3299 4945 καὶ¹
3330 4894 3578 4965 τιμωρία
3610 4895 3708 4948 τοῦ

2129 4988 2309 5057 γάμου
2364 4986 2463 5057 τὴν
2528 4985 2756 5056 κλοπὴν,
2821 4984 2965 5038 λύων
2992 5001 3050 5036 τε
3076 4986 3260 5038 πᾶσαν
3313 4984 3575 5038 ὑπόνοιαν
3625 4988 3709 5049 εἰς

2129 5080 2293 5133 αὐτὸν
2343 5079 2724 5149 ἀναφυομένην
2780 5078 3042 5148 πονηρὰν,
3075 5079 3169 5130 καὶ
3211 5076 3303 5129 τοῦ
3342 5077 3557 5129 δικαίου
3605 5079 3712 5149 τὴν

2129 5171 2467 5243 προστασίαν
2492 5171 2552 5223 οὐ
2580 5168 2891 5241 προδιδούςο
2921 5168 3058 5222 άλλά
3106 5167 3265 5221 τοῦτο
3299 5169 3395 5237 μὲν
3440 5165 3712 5237 οὔμενουν
3760 5158 3763 5165 ’

2129 5264 2360 5329 οὐδόλως
2411 5262 2733 5317 ἐπέπειστο·
2787 5262 2986 5326 πολλὰς
3045 5262 3212 5333 γάρή
3281 5260 3559 5333 Παρθένος
3609 5263 3713 5327 τὰς

2134 5358 2368 5424 πίστεις,
2393 5357 2451 5410 αἳ
2489 5359 2589 5427 τὴν
2618 5354 2876 5426 τοιαύτην
2940 5354 3104 5408 αὐτοῦ
3135 5351 3401 5426 ὑπόληψιν
3461 5355 3715 5426 ἀφῄρουν

2134 5452 2387 5521 παρεῖχε,
2443 5450 2543 5520 τὴν
2604 5448 2894 5521 ἀκρίϐειαν
2919 5448 3013 5501 τοῦ
3060 5448 3196 5517 βίου,
3229 5449 3331 5519 τῆς
3358 5449 3713 5522 ἀναστροφῆς

2136 5542 2232 5613 τὴν
2291 5540 2620 5611 σεμνότητα,
2646 5538 2708 5593 τὸ
2730 5537 2970 5610 καθαρὸν
3019 5539 3118 5610 τῆς
3174 5538 3403 5611 διαίτης,
3452 5539 3553 5594 καὶ
3602 5541 3716 5610 πρὸ
