3888 6186
197 268 309 334 165

1188 266 1288 331 AD
1323 264 1923 331 AMPHILOCHIUM
1946 270 2308 342 .QUESTIO
2341 267 2535 333 XXII.

3356 260 3459 340 166

190 383 408 437 τούτων
426 379 489 434 τδ
510 380 576 433 ὲκ
603 377 863 450 λαμπροῦ
903 377 1099 447 γένους
1145 376 1432 446 προελθεῖν
1463 375 1772 449 (βασιλικῆς

1887 376 2104 448 ciplinaa
2174 378 2491 449 puritatem,
2520 387 2576 433 et
2601 387 2726 433 ante
2748 379 2932 435 omnia
2979 380 3125 435 illius
3164 396 3230 437 ex
3262 382 3457 440 illustri

190 476 307 544 γὰρ
339 472 433 526 καὶ
467 469 756 541 ἱερατικῆς
771 472 1041 541 κατήγετο
1062 468 1282 541 φυλῆς),
1306 468 1403 541 τὴν
1432 470 1491 523 ἐν
1514 468 1644 540 ἱερῷ
1673 468 1776 539 τῆς

191 566 425 637 πρώτης
446 563 666 634 ἡλικίας
683 564 995 634 ἀνιέρωσιν·
1018 562 1192 616 ταῦτα
1216 561 1541 617 καὶτούτων
1561 561 1784 615 πλείονα

195 640 429 727 μακρὰν
461 655 719 718 ὑπονοίας
746 655 867 726 οὐχὶ
887 656 987 723 τῆς
1020 653 1235 724 ὁρώσης
1260 655 1342 717 είς
1391 653 1641 718 εὐθύνας,
1668 652 1783 706 ἀλλ’

188 748 317 801 οὐδὲ
343 748 444 817 τῆς
466 749 528 801 τὸ
550 746 801 817 ἀπρεπὲς
865 745 1274 816 εὐλαϐουμένης
1298 744 1391 798 τὸν
1458 743 1783 815 πρεσϐύτην

189 837 405 891 ἐποίει⁹
434 836 558 890 οὐδὲ
608 838 784 890 έκεῖνο
812 836 871 890 δὲ
897 837 1063 890 πάλιν
1123 836 1241 908 ⁴ᾔδει
1287 835 1387 906 τὴν
1430 834 1630 905 κύησιν
1682 835 1785 905 τῆς

192 926 352 992 θείας
380 927 657 997 ἐνεργείας
677 924 818 981 εἶναι
839 943 854 957 ·
874 928 1015 998 ὑπὲρ
1046 926 1258 980 ἔννοιαν
1291 926 1398 997 γὰρ
1430 924 1780 997 ἀνθρωπίνην

192 1022 293 1073 καὶ
324 1020 483 1088 λόγον
515 1021 731 1074 ἅπαντα
761 1020 861 1090 τῆς
911 1020 1042 1090 περὶ
1080 1020 1231 1090 ἡμᾶς
1269 1017 1407 1072 Θεοῦ
1446 1017 1781 1089 κηδεμονίας

188 1113 254 1165 τὸ
280 1112 445 1183 ἔργον
475 1112 710 1184 ὑπῆρχε.
748 1112 951 1182 Διόπερ
978 1112 1108 1174 τοὺς
1132 1109 1429 1182 λογισμοὺς
1458 1109 1783 1182 ἐνοχλούμε-

187 1221 308 1269 νος,
349 1205 449 1257 οὐκ
475 1199 587 1275 εἶχε
613 1207 844 1276 συνορᾷν
873 1206 1013 1276 ὅπερ
1040 1204 1562 1275 ἂνδιαπραξάμενος
1591 1204 1694 1275 τήν
1721 1221 1782 1257 τε

186 1302 288 1353 τοῦ
318 1300 534 1353 δικαίου
577 1302 652 1371 μὴ
688 1300 997 1374 καθυϐρίσῃ
1022 1300 1238 1372 κλῆσιν,
1270 1301 1368 1355 καὶ
1415 1300 1534 1370 Θεῷ
1566 1300 1782 1354 συνδια·

189 1392 388 1456 σώζων
411 1392 471 1445 τὸ
492 1392 785 1464 εὐάρεστον
810 1392 1030 1463 ὀφθείη.

265 1480 400 1534 ’Ὅτε
451 1480 629 1534 τοίνυν
659 1482 852 1543 ἐντοῖς
908 1480 1171 1546 τοιούτοις
1222 1480 1569 1548 διεκλονεῖτο,
1626 1480 1779 1553 καὶὴ

186 1572 331 1644 πρὸς
364 1571 592 1640 θάτερον
613 1572 754 1642 ῥοπὴ
797 1572 896 1644 τῆς
924 1571 1271 1643 ἀνθρωπίνης
1328 1573 1569 1643 κρίσεως
1604 1571 1779 1626 αὑτὸν

187 1638 556 1727 ἐπελελοίπει,
588 1638 709 1716 τότε
742 1638 877 1715 λίαν.
896 1638 1175 1733 ἁρμοδίως
1210 1638 1305 1717 καὶ
1340 1638 1481 1717 κατὰ
1530 1661 1723 1733 καιρὸν
1746 1664 1776 1717 ό

188 1755 425 1823 ἄγγελος
450 1746 554 1826 ἧκε
590 1754 861 1825 στηρίζων
892 1728 1058 1807 αύτοῦ
1106 1755 1208 1825 τὴν
1257 1728 1776 1825 κεκινημένηννδιά-
1804 1728 1852 1787 Β

188 1860 367 1908 νοιαν,
400 1844 488 1913 ἐφ’
516 1837 684 1911 οὗπερ
718 1842 826 1896 ἔδει
867 1843 1049 1913 μένειν
1107 1843 1427 1915 ἀκλόνητον,
1459 1845 1552 1897 καί
1584 1856 1770 1915 φησιν’

194 1952 218 1985 1
242 1934 443 2003 Ἰωσὴφ
467 1934 581 1997 υίὸς
600 1933 785 1997 Δαϐὶδ,
810 1932 883 2005 μὴ
915 1934 1162 2005 φοϐηθῇς
1181 1936 1521 2007 παραλαϐεῖν
1543 1937 1778 2009 Μαριὰμ

188 2028 295 2096 τὴν
342 2027 578 2095 γυναῖκά
626 2044 752 2081 σου·
799 2027 858 2081 τὸ
907 2028 1014 2099 γὰρ
1073 2030 1132 2081 έν
1183 2029 1321 2100 αὐτῇ
1374 2029 1665 2102 γεννηθὲν,
1712 2031 1778 2084 ὲκ

190 2119 516 2187 Πνεύματός
547 2120 697 2172 ἐστιν
724 2120 883 2188 ἁγίου
904 2136 918 2151 ·
964 2119 1175 2185 τέξεται
1225 2120 1281 2173 δὲ
1324 2118 1461 2181 υἱὸν,
1487 2121 1585 2174 καὶ
1613 2120 1776 2175 καλέ-

191 2228 311 2273 σεις
328 2211 391 2263 τὸ
410 2210 581 2281 δνομα
599 2209 764 2263 αὐτοῦ
782 2208 1011 2281 Ἰησοῦν·
1034 2230 1055 2264 ι
1076 2211 1292 2282 μηκέτι,
1310 2211 1497 2281 φησὶν,
1520 2213 1618 2283 τῆς
1639 2213 1776 2284 ἀμηο

189 2300 387 2370 χανίας
441 2301 565 2365 ἔσο,
604 2301 741 2373 μηδέ
796 2318 857 2353 σε
913 2299 1063 2367 δόξαι
1116 2302 1427 2372 μαχόμεναι
1496 2301 1775 2372 διαπορεῖν

187 2388 641 2443 ἀναπειθέτωσαν
671 2388 729 2443 τὸ
774 2390 1085 2460 πρακτέον⁵
1147 2391 1215 2444 ἐκ
1262 2389 1581 2460 Πνεύματός
1627 2393 1775 2446 ἐστιν

190 2482 355 2549 ἁγίου
383 2480 445 2534 τὸ
496 2482 556 2533 ἐν
619 2480 757 2553 αὖτῇ
820 2483 1115 2553 γεννηθένο
1160 2480 1316 2553 ἁγίου
1356 2484 1413 2536 δὲ
1455 2483 1776 2555 Πνεύματος

192 2572 496 2643 παρουσία,
546 2572 645 2627 καὶ
697 2572 911 2643 θέλημα
950 2575 1174 2646 σαρκὸς,
1218 2576 1319 2629 οὐκ
1372 2569 1484 2630 οἷόν
1506 2576 1568 2629 τέ
1602 2577 1773 2643 ἐστιν,

190 2665 317 2719 ούδέ
346 2684 405 2720 σε
442 2665 686 2736 λέληθεν,
741 2668 823 2731 είς
854 2667 913 2720 ἒν
957 2668 1255 2733 συνελθεῖν,
1309 2668 1431 2721 οὐδὲ
1473 2671 1573 2740 τὴν
1603 2667 1776 2741 αὐτὴν

191 2754 590 2823 ὲξοικειοῦσθαι
603 2755 821 2829 πρᾶξιν
851 2754 1154 2828 παράδοξος
1173 2761 1201 2813 ό
1218 2757 1400 2827 λόγος,
1431 2758 1569 2813 ἀλλὰ
1589 2773 1785 2831 παρα-η

188 2850 475 2921 δοξοτέρου
498 2850 657 2903 τόκου
689 2851 835 2903 ἐστὶν
872 2850 1194 2919 εὐαγγέλιον
1218 2862 1233 2879 ⁵
1269 2868 1288 2902 ι
1328 2851 1425 2905 Ἐκ
1455 2851 1775 2922 Πνεύματός

192 2939 351 2993 ἔστιν
365 2938 542 3009 ἁγίου,
554 2956 576 2992 ι
598 2940 691 2993 καὶ
715 2938 970 3004 «Τέξεται
989 2939 1123 2994 υἰόν’
1138 2959 1157 2991 ι
1183 2940 1283 3012 δρα
1299 2940 1395 2994 καὶ
1414 2938 1521 3011 πρὸ
1534 2941 1631 3011 τῆς
1648 2956 1775 3009 γεν-

192 3033 408 3104 νήσεως
429 3032 522 3087 τδν
547 3033 680 3087 υἱόν·
706 3032 803 3087 καὶ
826 3031 1178 3102 γεννηθέντος
1203 3032 1342 3087 ἔστω
1373 3050 1454 3086 σοι
1474 3034 1773 3105 τεκμήριον

193 3124 293 3177 τοῦ
337 3122 754 3195 ὲκϐεϐηκότοςη
789 3123 1093 3195 πρόρρησις
1142 3123 1239 3177 καὶ
1294 3123 1397 3195 τῆς
1450 3122 1619 3196 ἄλλης
1665 3124 1774 3179 τῶν

194 3210 549 3282 Εύαγγελίων
603 3214 864 3285 ἀληθείας
888 3231 903 3247 ⁸
938 3216 966 3268 ό
991 3214 1100 3286 γὰρ
1163 3215 1246 3268 ἔτι
1297 3215 1358 3269 τὸ
1394 3218 1775 3287 κρυπτόμενον

193 3311 256 3363 ὲν
279 3313 393 3371 τοῖς
428 3308 688 3379 θαλάμοις
716 3309 816 3379 τῆς
841 3308 1057 3377 φύσεως
1100 3309 1195 3363 καὶ
1220 3308 1375 3373 εἰδὼς
1408 3309 1505 3364 καὶ
1532 3327 1775 3379 προανα-

195 3403 486 3475 κηρύττων
515 3403 649 3470 υίδν,
679 3400 833 3468 οὗτος
864 3402 958 3460 καὶ
1002 3406 1250 3476 τεχνίτης
1278 3405 1471 3475 γέγονε
1507 3401 1609 3475 τῆς
1643 3405 1773 3460 ἄνευ

196 3497 413 3566 σπορᾶς
468 3496 606 3569 ὑπὲρ
651 3497 808 3566 λόγον
843 3495 1346 3569 δημιουργηθείσης
1405 3498 1627 3567 σαρκὸς,
1680 3495 1775 3551 καὶ

195 3590 301 3660 τῆς
334 3590 629 3661 παρθενίας
680 3590 879 3659 φύλαξ,
909 3586 1099 3660 ὥσπερ
1123 3589 1261 3660 μετὰ
1291 3588 1386 3642 τὸν
1418 3588 1600 3651 τόκον,
1630 3586 1773 3641 οὕτω

194 3683 293 3735 καὶ
350 3682 456 3753 πρὸ
486 3682 578 3735 τοῦ
609 3684 769 3736 τόκου
801 3680 877 3753 μὴ
907 3682 1139 3736 διαλύων
1174 3680 1241 3735 τὰ
1279 3681 1588 3751 σήμαντρα.
1616 3699 1636 3731 ι
1664 3678 1775 3732 Καὶ

194 3769 452 3832 καλέσεις
478 3770 537 3823 τὸ
565 3771 738 3841 ὄνομα
768 3770 934 3826 αὐτοῦ
972 3770 1179 3842 Ἰησοῦν
1199 3787 1212 3801 ⁸
1240 3790 1258 3822 ι
1289 3770 1423 3823 ἀλλά
1456 3770 1551 3823 καὶ
1576 3767 1609 3840 ὴ
1643 3769 1774 3839 κλῆ-

194 3878 282 3923 at;
312 3860 519 3913 ἄνωθεν
555 3860 668 3932 ἔχει
698 3862 797 3932 τὴν
836 3862 1037 3934 κρίσιν’
1086 3858 1295 3931 Ἰησοῦς
1316 3860 1425 3931 γὰρ
1452 3881 1471 3912 ι
1491 3862 1571 3914 ὅτι
1609 3858 1772 3913 σώσει

191 3952 288 4004 τὸν
312 3951 438 4006 λαὸν
491 3952 678 4007 αὐτοῦ.
712 3971 729 4004 ι
754 3980 827 3997 --
858 3973 876 4005 ι
907 3953 998 4024 Μὴ
1022 3952 1269 4024 φοϐηθῇς
1291 3952 1629 4025 παραλαϐεῖν
1655 3953 1773 4005 Μα-

193 4044 337 4114 ριὰμ
361 4046 459 4114 τὴν
489 4048 724 4113 γυναῖκα
750 4054 911 4101 sou.»
952 4046 1138 4100 Ταῦτα
1170 4045 1278 4117 γὰρ
1304 4045 1366 4098 οὐ
1402 4044 1579 4099 πάντα
1608 4044 1772 4115 μόνον

187 4139 514 4207 ἀφαιρεῖται
555 4139 738 4208 φόϐον,
797 4139 934 4193 ἀλλὰ
961 4138 1056 4192 καὶ
1088 4137 1333 4209 μεγάλης
1381 4136 1653 4207 θυμηδίας
1678 4136 1771 4189 καὶ

190 4228 428 4281 ἐλπίδων
450 4229 787 4284 ἀνελπίστων
808 4228 1091 4300 χαρίζεται
1110 4229 1357 4282 πλοῦτον·
1382 4229 1502 4298 «Μὴ
1526 4227 1770 4299 φοϐηθῇς

188 4319 534 4389 παραλαϐεῖν
565 4320 799 4391 Μαριὰμ
826 4320 925 4391 τὴν
957 4320 1192 4389 γυναῖκά
1219 4336 1333 4373 σου.
1352 4338 1369 4370 ι
1405 4320 1643 4371 Γυναῖκα
1671 4318 1768 4389 σὴν

1898 486 2096 541 genere
2122 479 2301 525 ortum
2334 472 2421 541 (ex
2451 470 2595 525 tribu
2628 487 2821 541 nempe
2851 472 2998 541 regia
3029 482 3085 527 et
3133 476 3457 531 sacerdotali

1886 572 2014 618 nata
2035 563 2199 632 erat).
2228 565 2349 633 ejus
2372 564 2425 616 in
2451 562 2653 633 templo
2670 579 2699 617 a
2720 566 2925 620 teneris
2955 567 3459 636 consecrationem;

1886 656 2005 711 haec
2052 667 2108 712 et
2156 656 2239 712 bis
2274 656 2430 726 plura
2481 655 2660 712 adhuc
2706 657 2865 729 longe
2914 673 2947 713 a
2994 658 3307 729 suspicione
3348 675 3458 715 non

1886 755 2101 802 tantum
2130 747 2201 801 ad
2236 747 2640 801 accusationem
2670 747 2947 816 tendente,
2974 750 3068 804 sed
3112 750 3277 805 etiam
3306 750 3461 804 inde—

1884 838 2119 894 centiatn
2146 838 2504 905 formidante,
2538 854 2722 893 senem
2758 840 3129 896 removebant.
3157 830 3263 897 Sed
3285 858 3461 913 neque

1883 944 2081 985 rursus
2106 930 2315 985 sciebat
2340 929 2479 983 hanc
2503 929 2913 1000 conceptionem
2932 929 3116 986 divina
3143 933 3460 1003 operatione

1884 1018 2156 1083 eﬂ‘ectam,
2178 1035 2343 1089 supra
2372 1020 2638 1075 rationem
2664 1021 2810 1075 enim
2832 1031 2885 1077 et
2912 1038 3134 1078 sensum
3156 1024 3457 1080 humanum

1884 1119 1972 1168 est
2006 1110 2101 1166 Dei
2151 1112 2202 1164 in
2251 1126 2351 1166 nos
2394 1112 2784 1167 misericordiae
2829 1128 2989 1184 opus.
3045 1114 3231 1185 Itaque
3278 1127 3460 1173 mente

1882 1206 2207 1260 conturbata
2247 1218 2358 1257 non
2386 1202 2599 1259 valebat
2630 1204 2931 1275 intelligere
2970 1208 3100 1278 quid
3140 1207 3366 1273 faceret,
3398 1219 3460 1265 ut

1880 1297 2015 1367 justi
2059 1296 2481 1366 appellationem
2532 1312 2641 1352 non
2696 1296 2943 1367 lmdaret,
2986 1311 3041 1356 et
3083 1300 3197 1357 Deo
3244 1303 3458 1374 placere

1880 1396 2277 1459 perseveraret.

1953 1480 2089 1535 Cum
2121 1479 2287 1550 igitur
2328 1479 2529 1534 talibus
2568 1481 3016 1550 perturbaretur,
3055 1496 3153 1535 nec
3172 1482 3241 1537 ad
3289 1482 3453 1536 ullam

1881 1580 2092 1641 partem
2119 1572 2350 1626 humani
2376 1571 2567 1641 judicii
2604 1582 2785 1627 motus
2814 1573 2963 1626 illum
2989 1573 3297 1637 inclinaret,
3326 1582 3456 1627 tunc

1882 1673 2007 1734 apte
2034 1674 2089 1718 et
2120 1672 2430 1735 opportune
2455 1665 2605 1719 venit
2632 1666 2854 1736 angelus
2895 1667 2985 1734 qui
3025 1665 3281 1734 agitatam
3336 1666 3455 1734 ejus

1879 1763 2117 1810 mentem
2146 1754 2390 1810 lirmaret
2413 1764 2466 1809 et
2498 1754 2717 1810 doceret
2745 1756 2833 1810 ubi
2853 1757 3061 1825 absque
3090 1756 3457 1811 sollicitudine

1878 1846 2100 1902 deberet
2125 1844 2338 1901 sedere.
2372 1844 2439 1899 Et
2465 1847 2585 1901 ait:
2625 1865 2643 1898 ‹
2677 1847 2899 1916 Joseph,
2922 1847 2997 1901 illi
3032 1848 3222 1910 David,
3247 1848 3356 1902 noli
3387 1847 3456 1900 ti-

1878 1955 2032 1995 mere
2060 1940 2312 2010 accipere
2354 1937 2578 1993 Mariam
2614 1941 2897 2010 conjugem
2932 1949 3112 2006 tuam;
3137 1938 3282 2009 quod
3306 1939 3451 1992 enim

1877 2029 1935 2084 in
1960 2045 2025 2085 ea
2059 2038 2247 2084 natum
2271 2037 2374 2096 est,
2407 2044 2439 2085 e
2494 2028 2701 2099 Spiritu
2731 2038 3049 2096 sanctoest;
3076 2030 3248 2099 pariet
3270 2037 3452 2084 autem

1877 2120 2050 2177 ﬁlium
2072 2129 2126 2176 et
2159 2121 2382 2176 vocabis
2411 2135 2611 2176 nomen
2640 2120 2759 2190 ejus
2783 2119 2968 2175 Jesum
2991 2138 3005 2186 ;
3032 2139 3050 2172 ι
3088 2135 3186 2175 nec
3205 2121 3318 2190 jam
3351 2120 3451 2185 sis,
3498 2168 3503 2171 .

1878 2212 2074 2282 inquit,
2092 2212 2351 2268 .incertus
2382 2227 2559 2282 neque
2587 2218 2895 2282 pugnantes
2929 2210 3213 2265 sententiae
3255 2218 3314 2263 ut
3350 2210 3453 2264 du-

1875 2304 2017 2361 bites
2068 2305 2437 2375 persuadeant
2470 2321 2484 2357 :
2521 2303 2669 2374 quod
2718 2302 3031 2358 faciendum
3075 2310 3159 2356 est
3187 2316 3217 2355 a
3245 2299 3448 2369 Spiritu

1875 2405 2068 2453 sancto
2091 2406 2176 2453 est
2205 2396 2260 2451 in
2291 2412 2356 2452 ea
2388 2406 2600 2452 natum.
2653 2394 2893 2467 Spiritus
2936 2399 3109 2452 sancti
3147 2412 3277 2452 vero
3311 2413 3451 2467 prae-

1875 2488 2050 2543 sentia
2097 2496 2152 2544 et
2199 2487 2452 2544 voluntas
2503 2488 2688 2544 carnis
2737 2499 3051 2558 nequeunt,
3105 2496 3165 2543 ut
3209 2489 3337 2551 scis,
3394 2488 3449 2542 in

1876 2593 2048 2633 unum
2082 2580 2376 2635 convenire
2410 2594 2587 2649 neque
2616 2579 2872 2636 eumdem
2920 2589 3100 2633 actum
3136 2578 3242 2633 sibi
3271 2577 3448 2631 vindi-

1875 2684 2035 2738 care;
2065 2670 2401 2727 incredibilis
2435 2684 2640 2735 sermo,
2672 2671 2766 2726 sed
2807 2669 3232 2726 incredibilioris
3260 2680 3451 2740 partus

1874 2762 2216 2831 evangelium
2242 2773 2362 2817 est:
2390 2781 2409 2815 ι
2440 2761 2513 2817 De
2536 2761 2742 2834 Spiritu
2762 2771 2953 2817 sancto
2978 2772 3113 2823 est.»
3140 2770 3195 2815 et
3226 2780 3244 2812 ι
3273 2760 3452 2815 Pariet

1876 2853 2071 2909 lilium.
2100 2872 2119 2906 ι
2160 2851 2297 2911 Vide
2324 2865 2380 2911 et
2412 2866 2543 2910 ante
2612 2855 2950 2910 nativitatem
2990 2854 3162 2908 [ilium
3189 2870 3204 2919 ;
3236 2862 3289 2908 et
3325 2867 3449 2907 cum

1875 2958 2040 3003 natus
2072 2946 2253 3013 fuerit,
2282 2948 2357 3005 sit
2384 2949 2482 3003 tibi
2523 2948 2578 3004 in
2611 2948 2988 3004 testimonium
3023 2959 3080 3000 ιιι
3126 2954 3181 3001 et
3206 2946 3270 2999 de
3296 2944 3451 2999 omni

1876 3040 2282 3111 evangeliorum
2300 3041 2531 3097 veritate
2551 3082 2567 3107 ,
2589 3040 2752 3108 hujus
2773 3050 2997 3095 eventus
3026 3038 3323 3109 przedictio.
3345 3035 3452 3102 Qui

1877 3134 2023 3189 enim
2058 3132 2205 3203 quod
2239 3132 2425 3189 adhuc
2451 3133 2506 3189 in
2544 3134 2666 3189 sinu
2720 3142 2927 3188 natura:
2959 3130 3337 3187 absconditum
3368 3138 3453 3185 est

1874 3234 1929 3281 et
1964 3226 2067 3280 scit
2088 3233 2143 3280 et
2184 3227 2515 3297 prmnuntiat
2554 3226 2750 3293 (ilium,
2784 3225 2875 3280 ille
2914 3223 3109 3280 artifex
3157 3232 3243 3279 est
3289 3222 3451 3291 hujus

1876 3317 1998 3372 sine
2026 3316 2234 3373 semine
2266 3331 2434 3387 supra
2484 3318 2750 3371 rationem
2790 3326 2985 3371 creatae
3031 3314 3235 3381 carnis,
3264 3323 3318 3368 et
3342 3313 3441 3367 vir-

1876 3407 2121 3479 ginitatis
2149 3418 2356 3473 custos,
2392 3416 2451 3463 ut
2476 3417 2603 3478 post
2629 3419 2867 3478 partum,
2895 3408 2975 3464 sic
3000 3416 3055 3463 et
3078 3414 3204 3461 ante
3234 3414 3447 3476 partum

1875 3496 2053 3565 sigilla
2078 3512 2185 3551 non
2217 3492 2400 3552 solvit.
2430 3514 2449 3549 ι
2484 3498 2549 3550 Ει
2575 3496 2796 3551 vocabis
2821 3512 3019 3551 nomen
3043 3495 3163 3565 ejus
3183 3494 3393 3550 Jesum.
3422 3513 3442 3546 ι

1876 3589 1981 3643 Sed
2006 3598 2062 3643 et
2110 3589 2400 3659 appellatio
2440 3604 2597 3646 suam
2645 3589 2934 3643 desursum
2982 3588 3143 3643 habet
3170 3585 3445 3657 signiﬁca-

1874 3677 2108 3745 tionem;
2132 3676 2293 3736 Jesus
2314 3681 2484 3744 enim,
2505 3680 2663 3751 «quia
2685 3677 2919 3735 salvabit
2942 3678 3199 3749 populum
3225 3694 3406 3734 suum.
3422 3696 3440 3726 ι

1872 3802 1945 3817 ο-
1970 3791 1990 3824 (
2027 3774 2109 3829 Ne
2139 3776 2334 3831 timeas
2370 3774 2620 3845 accipere
2650 3774 2874 3829 Mariam
2898 3775 3185 3845 conjugem
3221 3782 3394 3827 tuam.
3420 3791 3439 3824 ι

1874 3868 1999 3924 Haec
2031 3866 2177 3922 enim
2210 3881 2319 3920 non
2360 3866 2521 3921 modo
2560 3881 2778 3921 omnem
2814 3866 3010 3921 tollunt
3050 3866 3320 3932 timorem,
3350 3866 3442 3921 sed

1873 3972 1927 4018 et
1956 3974 2166 4031 magna
2200 3957 2400 4013 laetitite
2436 3967 2492 4013 et
2535 3958 2826 4029 insperatae
2861 3956 2977 4028 spei
3016 3956 3325 4029 largiuntur
3355 3955 3441 4010 di-

1872 4050 2077 4105 vitias:
2114 4065 2132 4099 ι
2186 4045 2267 4103 Ne
2319 4048 2515 4103 timeas
2569 4047 2818 4117 accipere
2878 4046 3102 4101 Mariam
3154 4045 3441 4116 conjugem

1871 4152 2043 4198 tuam.
2083 4159 2102 4192 ι
2137 4137 2436 4211 Conjugem
2488 4150 2636 4194 tuam
2670 4140 2934 4211 virginem
2971 4139 3223 4205 audiens,
3277 4138 3444 4193 babes

1870 4245 1939 4286 ex
1970 4230 2072 4285 bac
2104 4244 2238 4284 voce
2268 4229 2336 4283 ab
2369 4227 2519 4283 omni
2569 4227 2809 4283 hominis
2849 4226 3181 4282 commercio
3227 4225 3444 4279 mundi—

1870 4320 2026 4375 tiam.
2061 4320 2118 4375 Si
2147 4321 2293 4375 enim
2320 4320 2423 4375 sub
2455 4334 2519 4375 ea
2559 4320 2675 4389 lege
2716 4334 2839 4388 qua:
2885 4320 3083 4374 innexa
3113 4325 3196 4372 est
3218 4316 3443 4387 virgini-

184 4411 291 4480 τὴν
318 4411 591 4482 Παρθένον
616 4411 830 4465 ἀκούων
871 4413 1017 4483 ἔχεις
1053 4414 1118 4466 ὲκ
1141 4413 1241 4483 τῆς
1283 4412 1469 4483 φωνῆς
1502 4413 1598 4481 τὴν
1627 4412 1763 4486 πρὸς

1876 4422 2034 4468 tatem
2060 4413 2327 4468 intactam
2354 4420 2409 4468 et
2432 4413 2838 4467 imtnaculatam
2866 4411 3122 4477 servavit,
3148 4424 3258 4481 quo
3280 4411 3442 4464 modo

186 4504 379 4556 πᾶσαν
416 4503 607 4573 ἀνδρὸς
640 4503 856 4573 ὁμιλίαν
911 4503 1283 4574 καθαρότητα.
1319 4504 1380 4556 Εί
1411 4504 1520 4574 γὰρ
1561 4493 1606 4572 ᾧ
1637 4521 1764 4557 συν-

185 4594 339 4665 ήφθη
370 4594 519 4665 νόμῳ
548 4596 611 4647 τὸ
630 4597 729 4666 τῆς
760 4594 1077 4664 παρθενίας,
1106 4594 1384 4664 ἁνέπαφόν
1410 4613 1466 4648 τε
1497 4597 1592 4648 καὶ
1622 4594 1762 4663 ἀκή-

186 4702 358 4756 ρατον
382 4685 727 4751 συνδιέσωσε,
760 4686 877 4747 πῶς
898 4686 966 4740 ἂν
990 4686 1179 4757 ἐτέρου
1205 4686 1349 4749 τινὸς
1377 4687 1555 4756 ἔρωτα
1583 4702 1764 4756 παρα-

183 4778 451 4844 δέξασθαι
474 4795 489 4843 ;
512 4778 615 4832 κᾶν
634 4778 762 4847 γοῦν
786 4779 943 4832 σκιάν
958 4796 1079 4832 τινα
1109 4778 1389 4851 καταλίπῃ
1413 4779 1761 4849 ὑπολήψεως,

186 4868 288 4920 σοῦ
330 4869 466 4940 γυνὴ
500 4871 649 4940 νόμῳ
683 4871 1025 4941 γεγενημένη
1070 4869 1363 4941 μνηστείας
1408 4870 1643 4940 κρείττω
1668 4869 1765 4922 καὶ

186 4960 531 5031 ὑψηλοτέραν
585 4962 783 5033 ἑαυτὴν
829 4963 925 5015 καὶ
970 4964 1078 5015 τῶν
1135 4961 1382 5031 νομίμων
1419 4961 1760 5032 διετήρησεν,

184 5054 364 5123 ἑτέρῳ
392 5057 725 5125 παρανομεῖν
750 5055 860 5117 πῶς
885 5055 949 5106 ἂν
978 5054 1184 5123 ὑπέστη
1210 5052 1391 5122 χώραν
1418 5057 1720 5123 παρασχεῖν
1744 5070 1759 5117 ;

184 5144 286 5197 καὶ
315 5144 416 5213 τῆς
467 5144 676 5197 ἐκείνου
728 5145 949 5215 χάριτος
981 5143 1138 5217 ὓϐριν
1184 5145 1536 5209 ἀλλάξασθαι,
1563 5148 1596 5216 η
1626 5146 1761 5216 μηδὲ

184 5235 361 5305 χωρὶς
384 5234 593 5305 ὕϐρεως
610 5237 954 5308 ἀνασχομένη
968 5239 1067 5304 τῆς
1084 5237 1387 5308 παρθενίας
1413 5238 1728 5302 ἐξίστασθαι
1744 5257 1758 5302 ;

188 5327 375 5396 Ἔχεις
404 5322 497 5379 οὖν
542 5328 691 5398 παρὰ
723 5328 935 5399 σεαυτῷ
964 5329 1063 5397 τῆς
1088 5329 1464 5400 καθαρότητος
1490 5329 1590 5399 τὴν
1617 5347 1760 5402 μαρ-

183 5417 380 5489 τυρίαν
408 5418 859 5490 ἅπαράγραπτον·
880 5420 959 5473 διὸ
994 5440 1013 5474 ι
1037 5421 1130 5491 Μὴ
1155 5421 1398 5492 φοϐηθῇς
1420 5420 1761 5491 παραλαϐεῖν

184 5511 420 5580 Μαριὰμ
472 5509 571 5580 τὴν
598 5511 833 5577 γυναῖκα
865 5527 956 5564 σου
980 5526 995 5538 ·
1034 5530 1051 5563 ι
1083 5508 1162 5575 οἷς
1190 5512 1297 5582 γὰρ
1339 5512 1476 5584 πρὸς
1502 5512 1559 5565 σὲ
1582 5511 1643 5565 τὸ
1663 5511 1763 5583 τῆς

188 5601 484 5672 παρθενίας
545 5602 845 5672 ἁμόλυντον
909 5603 1224 5666 διεσώσατο,
1255 5604 1465 5666 τούτοις
1512 5604 1761 5667 καὶτοὺς

184 5697 609 5767 ἀναντιρῤήτους
636 5698 971 5769 πορίζεσθαι·
993 5700 1129 5770 γυνή
1148 5716 1261 5767 σου,
1284 5698 1470 5769 φησὶν,
1492 5700 1646 5769 ὁρᾷς,
1668 5700 1761 5754 καὶ

1867 4502 2091 4558 alterius
2103 4516 2344 4556 amorem
2360 4500 2706 4556 admisisset?
2720 4497 2787 4553 Et
2801 4498 2846 4553 si
2873 4498 3119 4552 umbram
3148 4497 3438 4567 quamdam

1866 4594 2200 4666 suspicionis
2225 4594 2403 4650 adhuc
2448 4593 2750 4663 reliquerit,
2805 4606 2931 4645 reor
2974 4600 3064 4644 tua
3109 4585 3439 4644 matrimonii

1861 4686 1988 4755 jure
2015 4685 2156 4742 facta
2190 4686 2427 4755 seipsam
2472 4685 2732 4753 majorem
2766 4691 2820 4737 et
2849 4679 3205 4736 excelsiorem
3227 4686 3282 4732 et
3306 4677 3439 4746 legi-

1868 4777 2016 4833 timis
2048 4774 2594 4845 servavit,quomodo
2619 4774 2771 4829 alteri
2808 4774 2975 4845 legem
3005 4768 3437 4842 transgrediendi

1867 4869 2222 4925 sustinuisset
2254 4868 2439 4923 locum
2468 4866 2753 4937 przebere?
2789 4864 2856 4919 Et
2883 4880 2948 4919 ex
2965 4863 3086 4934 ejus
3120 4876 3307 4917 amore
3344 4876 3440 4930 0p-

1867 4960 2147 5031 probrium
2176 4960 2479 5025 incurrere,
2512 4974 2633 5027 qua:
2668 4973 2765 5011 nec
2794 4957 2912 5011 sine
2944 4952 3240 5024 opprobrio
3265 4951 3442 5006 noluit

1866 5052 2178 5123 virginitate
2201 5052 2499 5108 excedere?
2526 5051 2701 5105 Ilabes
2726 5050 2890 5120 igitur
2922 5057 2976 5101 et
3005 5060 3172 5116 prope
3207 5043 3437 5113 teipsum

1869 5144 2401 5214 incircumscriptutn
2468 5144 2751 5198 munditia:
2830 5140 3229 5196 testimonium.
3291 5135 3438 5197 Ideo,

1873 5258 1893 5291 ι
1927 5237 2047 5293 Νοιί
2089 5238 2283 5291 timere
2312 5239 2556 5306 accipere
2598 5236 2821 5290 Mariam
2860 5232 3150 5303 conjugetn
3194 5239 3365 5285 tuam.
3416 5247 3434 5277 ι

1866 5330 2077 5397 Quibus
2122 5330 2269 5384 enim
2325 5330 2505 5400 quoad
2565 5339 2615 5383 te
2676 5328 3001 5401 virginitatis
3073 5324 3437 5394 integritatem

1867 5421 2122 5486 servavit,
2153 5421 2220 5477 iis
2259 5432 2315 5477 et
2344 5422 2666 5477 inconcussa
2692 5430 3013 5492 argumenta
3036 5417 3273 5488 praebet;
3306 5429 3441 5467 uxor

1866 5523 1980 5578 tua,
2014 5514 2211 5584 inquit,
2244 5522 2305 5568 ut
2327 5515 2504 5578 audis,
2535 5530 2565 5569 a
2596 5529 2681 5567 me
2711 5516 2827 5583 ipso
2860 5513 3081 5575 dicitur,
3101 5518 3155 5564 et
3182 5520 3302 5562 eam
3328 5521 3436 5557 non

1866 5605 2193 5675 cognovisti.
2225 5605 2280 5659 Si
2313 5616 2493 5661 autem
2531 5621 2594 5659 ex
2621 5620 2729 5675 quo
2761 5606 2864 5659 hoc
2891 5601 3079 5657 uxoris
3110 5612 3306 5653 nomen
3335 5593 3437 5648 silpl

1866 5697 2191 5767 assumpsit,
2218 5705 2389 5752 totum
2419 5697 2521 5752 hoc
2554 5705 2768 5763 tempus
2796 5696 2864 5751 ab
2894 5696 3043 5750 omni
3075 5702 3253 5749 tecum
3283 5699 3435 5741 com-
