3888 6186
422 257 526 324 167

1577 252 1845 316 PHOTI-I
1877 252 2389 314 PATRIARCIUE
2423 252 2534 312 (ΣΡ.

3607 252 3712 313 168

417 380 626 437 mercio
652 377 914 433 mundum
935 376 1195 438 ostendit,
1220 374 1497 446 quomodo
1519 389 1629 430 non
1657 375 2008 430 manifestum

2116 372 2246 444 παρ’
2268 371 2406 443 ἐμοῦ
2457 372 2699 440 λέγεται,
2749 368 2846 423 καὶ
2876 369 3074 440 πεῖραν
3101 367 3270 439 αὐτῆς
3299 365 3400 419 οὐκ
3436 365 3588 437 ἔχεις
3613 385 3627 399 ·
3661 372 3714 421 εἱ

415 485 502 530 est
529 472 674 527 illam
703 487 866 526 omne
903 469 1130 524 alterius
1156 468 1546 524 commercium
1591 466 1871 529 vitavisse,
1901 481 2003 519 cu-

2116 463 2146 516 5‘
2171 463 2258 531 ἐφ’
2289 457 2351 517 οὗ
2373 463 2434 517 τὸ
2460 462 2561 533 τῆς
2603 461 2867 530 γυναικὸς
2895 461 3140 530 ἥρμοσεν
3177 461 3374 530 ὄνομα,
3442 459 3640 512 τοῦτον
3668 463 3702 529 ἡ

413 565 507 636 jus
539 578 719 634 neque
751 564 984 616 humana
1033 574 1211 630 neque
1259 559 1446 613 divina
1498 572 1596 613 vos
1625 571 1852 612 uxorem
1883 572 2002 612 eam

419 658 764 714 nominavit?

492 837 568 892 Ita
609 839 776 907 igitur
823 836 1050 908 angelus
1106 836 1209 889 hac
1244 835 1433 905 uxoris
1481 834 1843 905 appellatione
1883 848 2003 887 eam

419 927 682 982 mundam
709 941 834 982 esse
875 927 944 981 ab
987 925 1136 979 omni
1183 924 1464 980 immunda
1503 924 1822 994 suSpicione
1850 920 2007 978 Jose-

420 1021 588 1089 phum
629 1020 808 1074 docet.
857 1017 1176 1072 Nominaret
1220 1025 1402 1072 autem
1455 1016 1594 1072 forte
1621 1031 1743 1071 eam
1775 1031 2004 1071 uxorem

419 1123 472 1167 et
501 1111 631 1182 quia
657 1110 807 1165 nulla
832 1124 1094 1166 curarum
1129 1123 1252 1178 qua
1278 1108 1346 1165 de
1379 1123 1555 1163 uxore
1590 1107 1770 1162 virum
1803 1107 2008 1162 sollici-

420 1214 538 1259 tant
563 1219 686 1259 eam
707 1204 892 1273 justus
913 1202 1177 1272 privabal.
1202 1201 1268 1255 Et
1296 1200 1403 1255 alia
1427 1199 1726 1271 providens
1753 1214 1875 1254 eam
1898 1214 2005 1254 non

420 1297 726 1369 negligebat
749 1336 764 1353 .
813 1306 868 1351 et
905 1295 1052 1350 domi
1094 1294 1497 1350 cohabitantem
1528 1292 2008 1364 circumloqueha-

422 1402 533 1458 tur,
568 1400 623 1446 et
657 1391 804 1445 omni
852 1389 1056 1460 probro
1099 1397 1153 1444 et
1197 1388 1496 1455 calumnia,
1541 1386 2006 1458 quemadmodum

420 1483 684 1553 sapientis
711 1483 903 1537 uxoris
927 1480 1180 1545 maritus,
1215 1496 1336 1536 eam
1375 1481 1717 1551 superiorem
1755 1479 2010 1559 studebat

383 1594 386 1596 ·
417 1576 623 1631 videre.
657 1573 716 1629 Si
747 1583 929 1630 autem
957 1582 1012 1628 et
1039 1588 1269 1627 uxorem
1309 1571 1469 1637 dixit,
1519 1572 1650 1641 quia
1695 1571 1882 1642 sponsi
1915 1585 2009 1624 or-

323 1697 332 1726 τ
415 1669 598 1724 dinem
651 1666 856 1738 Joseph
909 1667 1162 1733 habebat,
1209 1676 1264 1722 ct
1301 1674 1360 1722 nt
1402 1680 1636 1736 sponsos
1694 1681 1814 1721 mos
1872 1679 2004 1735 ipse,

2107 556 2382 628 Παρθένος
2406 555 2572 620 ἔδειξε
2591 553 2967 624 καθαρεύοντα
2986 551 3089 622 τῆς
3126 553 3265 624 πρὸς
3281 552 3444 606 αὑτὸν
3463 553 3658 622 ὁμιλία
3671 571 3711 617 τ,

2105 648 2222 710 πῶς
2242 648 2340 700 οὐκ
2362 646 2587 718 εὔδηλον
2605 647 2686 700 ὅτι
2708 646 2804 699 καὶ
2827 645 3027 708 παντὸς
3049 644 3232 709 ἄλλου,
3247 639 3309 699 οὗ
3337 646 3478 717 μήτε
3498 645 3711 715 ἀνθρώ-

2106 758 2260 804 πινος
2318 741 2454 812 μήτε
2507 740 2651 803 θεῖος
2697 740 2858 808 λόγος
2885 737 3169 809 ὀνομάζων
3215 737 3374 809 ὤφθη
3427 741 3706 806 γυναῖκα;

2183 836 2341 888 Οὕτω
2393 835 2490 906 μὲν
2511 833 2605 888 οὖν
2628 835 2657 887 6
2685 832 2920 902 ἄγγελος
2945 831 3035 884 διά
3052 832 3155 901 τῆς
3185 831 3576 902 προσηγορίας
3602 833 3701 898 τῆς

2105 928 2366 998 γυναικὸς
2395 926 2726 997 καθαρεύειν
2757 927 2939 996 πάσης
2967 925 3068 978 οὐκ
3100 923 3332 992 εύαγοῦς
3371 922 3702 993 ὑπολήψεως

2106 1022 2198 1076 τὸν
2237 1019 2439 1092 Ἰωσὴφ
2464 1019 2796 1073 ἐκδιδάσκει.
2843 1015 3133 1086 ὐνομάξει
3155 1017 3202 1068 δ’
3237 1017 3304 1070 ἂν
3331 1015 3463 1078 ἴσως
3517 1017 3698 1084 αὐτὴν

2107 1116 2364 1183 γυναῖκα,
2411 1113 2507 1166 καὶ
2545 1111 2681 1164 διότι
2730 1112 2862 1182 περὶ
2905 1110 3168 1179 γυναικὸς
3223 1111 3347 1163 ὗσαι
3409 1108 3707 1178 φροντίδες

2109 1207 2326 1277 ἔχουσιν
2345 1205 2536 1276 ἄνδρα,
2565 1202 2829 1273 ούδεμιᾶς
2849 1202 3057 1274 ταύτην
3081 1205 3110 1257 6
3137 1203 3352 1264 δίκαιος
3383 1200 3706 1269 ἀπεστέρει.

2110 1301 2194 1352 Τά
2219 1316 2281 1352 τε
2306 1300 2416 1370 γὰρ
2471 1297 2610 1350 ἄλλα
2669 1295 3072 1368 προνοούμενος
3124 1297 3300 1364 αὐτῆς
3329 1295 3431 1347 οὐκ
3483 1295 3706 1362 ἠμέλει,

2111 1391 2205 1444 καὶ
2234 1390 2370 1444 οἶκοι
2401 1389 2668 1443 συνοῦσαν
2719 1389 2996 1458 περιεῖπε,
3027 1387 3124 1441 καὶ
3149 1386 3345 1457 μώμου
3377 1385 3587 1449 παντὸς
3615 1387 3713 1438 καὶ

2110 1482 2366 1553 διαϐολῆς
2418 1481 2660 1554 ἁπάσης,
2697 1475 2789 1536 οἷα
2837 1481 2902 1554 δὴ
2945 1481 3175 1550 κόσμιος
3241 1481 3380 1551 ἀνὴρ
3442 1482 3711 1548 γυναικκ

2113 1573 2504 1646 σωφρονούσης
2550 1573 2834 1644 ἁνωτέραν
2870 1573 3183 1639 ἐσπούδαζε
3243 1571 3611 1643 καθορᾶσθαι.
3646 1572 3711 1624 ΕΞ

2112 1667 2169 1720 δὲ
2192 1668 2288 1720 καὶ
2336 1670 2574 1736 γυναῖκα
2638 1671 2928 1739 προσεῖπε,
2965 1668 3100 1722 διότι
3133 1667 3447 1738 μνηστῆρος
3483 1665 3647 1730 τάξιν
3680 1668 3710 1718 6

323 1793 331 1810 ..
415 1759 633 1814 etiamsi
667 1761 912 1813 nondum
948 1758 1247 1811 thalamum
1291 1755 1525 1827 ingressi
1574 1755 1708 1821 sint,
1743 1771 1851 1812 non
1881 1770 2006 1826 pro-

2122 1759 2319 1830 Ἰωσὴφ
2348 1730 2514 1830 εἶχεν,
2539 1730 2729 1830 ὥσπερ
2753 1760 2809 1813 δὲ
2837 1730 2934 1813 καλ
2970 1761 3096 1822 τοὶς
3129 1730 3449 1830 μνηστῆρας
3467 1760 3527 1811 τὸ
3557 1759 3709 1822 ἔθος,

415 1852 566 1906 hibet
591 1851 734 1905 viros
760 1850 1040 1920 appellari,
1075 1851 1158 1905 sic
1194 1858 1250 1904 ct
1276 1864 1399 1919 qua
1429 1849 1800 1920 virginitatem
1829 1849 2006 1904 adlmc

417 1953 661 2007 servant,
703 1943 963 1998 mulieres
997 1957 1190 1997 eorum
1225 1941 1494 2011 permittit
1533 1941 1862 2011 nuncupari,
1896 1957 2004 1996 non

416 2036 636 2091 deceret
665 2052 752 2090 me
791 2037 896 2092 hoc
923 2037 1173 2108 rejiccre.
1222 2037 1433 2093 Etenim
1472 2049 1527 2094 et
1563 2037 1732 2094 Jacob
1771 2036 2005 2106 patriar-

417 2129 540 2193 cha,
576 2130 735 2199 cujus
777 2131 1019 2184 nondum
1062 2131 1399 2185 commercio
1431 2145 1568 2186 usus
1619 2137 1741 2186 erat
1779 2127 2004 2193 Rachel,

418 2221 706 2274 mulierem
735 2237 889 2275 suam
926 2220 1212 2276 manifeste
1256 2231 1437 2275 vocat.
1483 2220 1624 2275 Dicit
1676 2219 1743 2276 ad
1794 2217 2004 2280 Laban,

415 2324 712 2385 postquam
742 2313 857 2384 jam
899 2313 982 2368 sui
1020 2315 1228 2369 servitii
1271 2311 1827 2384 tempus,complevit.
1867 2327 1888 2363 ι
1930 2308 2005 2364 Da

419 2423 646 2464 uxorem
678 2423 882 2469 meam,
921 2407 1176 2477 completi
1232 2416 1362 2462 sunt
1403 2406 1551 2462 enim
1599 2405 1720 2460 dies
1767 2404 1899 2465 mei,
1944 2412 2008 2458 ut

419 2501 698 2570 ingrediar
717 2501 784 2555 ad
819 2516 940 2555 eam
981 2501 1046 2554 ¹⁸.
1087 2520 1105 2552 ι
1135 2501 1226 2554 Sic
1247 2501 1464 2570 priscus
1491 2515 1611 2555 mos
1642 2509 1723 2555 est
1750 2497 2007 2552 mulieres

417 2610 514 2649 eas
540 2609 664 2664 qua
690 2601 820 2648 sunt
851 2608 1070 2663 sponsa
1103 2608 1325 2647 vocare.
1355 2591 1433 2647 lta
1469 2601 1530 2647 ut
1561 2591 1692 2646 inde
1725 2591 1908 2646 videre
1937 2589 2010 2645 sit

415 2688 667 2743 mulieris
734 2687 1153 2758 appellationem
1211 2684 1439 2740 minime
1485 2684 1752 2753 virginem
1797 2680 2008 2738 contri-

421 2789 570 2835 stare
619 2778 884 2833 voluisse.
916 2777 1154 2848 Virginis
1183 2784 1366 2831 autem
1393 2776 1606 2831 nomini
1649 2791 1757 2830 non
1787 2773 2011 2830 contra-

417 2872 604 2926 dicere
648 2871 896 2925 mulieris
959 2884 1158 2924 nomen
1223 2877 1372 2938 patet
1426 2883 1491 2922 ex
1544 2870 1761 2939 generis
1815 2867 2011 2921 distin-

418 2965 623 3028 ctione,
655 2964 709 3018 in
745 2965 1022 3020 hominem
1046 2971 1100 3018 et
1131 2963 1417 3018 mulierem
1451 2971 1704 3017 naturam
1732 2960 2005 3016 dividens.

2109 1850 2214 1905 κᾶν
2239 1849 2394 1904 οὔπω
2450 1851 2716 1922 συνῆλθον
2766 1853 2848 1914 εἰς
2878 1852 3061 1922 εὐνὴν,
3093 1852 3152 1903 ού
3195 1851 3398 1904 κωλύει
3418 1867 3704 1922 προσαγο⁴

2112 1943 2293 2017 ρεύειν
2337 1943 2562 2015 ἄνδρας,
2620 1943 2764 1996 οὕτω
2788 1945 2852 2014 δὴ
2886 1945 2978 1997 καὶ
2999 1947 3122 1997 ὅσαι
3154 1945 3256 2014 τὴν
3286 1943 3590 2013 παρθενίαν
3622 1945 3706 1995 ἔτι

2109 2035 2457 2103 διασώζουσι,
2489 2040 2754 2106 γυναῖκας
2785 2037 2966 2090 αὐτῶν
2991 2036 3185 2089 δίδωσι
3213 2035 3522 2099 καλεῖσθαι,
3552 2036 3712 2088 οὐδὲν

2109 2131 2236 2200 ἐμοὶ
2277 2131 2649 2202 διαφέρεσθαι
2710 2130 3013 2201 προσῆκει·
3047 2131 3140 2182 καὶ
3168 2129 3280 2198 γὰρ
3315 2129 3413 2183 καὶ
3446 2129 3650 2182 Ἰακὼϐ
3674 2131 3704 2179 6

2109 2199 2481 2294 πατριάρχης,
2505 2219 2573 2294 ἦς
2602 2222 2756 2276 οὔπω
2816 2222 3094 2286 καταστὰς
3125 2217 3196 2294 ἦν
3227 2223 3309 2284 εἰς
3341 2223 3541 2293 πεῖραν
3571 2225 3710 2291 ὀμι-

2108 2316 2252 2382 λίας,
2278 2317 2378 2389 τὴν
2411 2317 2618 2389 Ῥαχὴλ
2669 2317 2838 2386 λέγω,
2898 2319 3135 2386 γυναῖκα
3178 2315 3348 2370 αὑτοῦ
3383 2315 3713 2386 περιφανῶς

2109 2409 2387 2480 ὀνομάζει.
2449 2410 2591 2481 Φησὶ
2621 2409 2758 2482 πρέλς
2796 2409 3006 2469 Λάϐαν,
3043 2408 3145 2480 ἢδη
3177 2407 3270 2461 τὸν
3324 2407 3430 2477 τῆς
3457 2407 3714 2468 δουλείας

2109 2503 2236 2573 ὅρον
2283 2499 2754 2575 ὲκπεπληρωκὼς,
2804 2520 2823 2552 ι
2859 2501 3081 2564 Ἀπόδος
3137 2501 3240 2573 τὴν
3289 2501 3530 2570 γυναῖκά
3581 2518 3709 2571 μου,

2111 2593 2506 2666 πεπλήρωνται
2542 2595 2648 2665 γάρ
2673 2595 2730 2646 αἱ
2752 2593 2959 2666 ἡμέραι
2987 2611 3113 2664 μου,
3144 2595 3294 2656 ὅπως
3316 2593 3547 2646 εἰσέλθω
3569 2595 3710 2662 πρὶς

2110 2687 2352 2757 αὑτήν.»
2388 2687 2580 2752 Οὕτως
2633 2688 2753 2741 ἐστὶ
2813 2687 3046 2741 παλαιὸν
3100 2685 3223 2749 ἔθος
3285 2687 3554 2754 γυναῖκας
3605 2688 3710 2737 καὶ

2110 2779 2210 2842 τὰς
2266 2784 2760 2853 μεμνηστευμένας
2816 2781 3132 2850 ὀνομάζειν.
3190 2781 3356 2834 Ὥστε
3404 2779 3713 2832 κάντεῦθεν

2112 2871 2228 2925 ἔστι
2285 2873 2472 2927 λαϐεῖν
2514 2875 2590 2938 ὡς
2623 2876 2790 2945 μηδὲν
2825 2877 2859 2946 ἡ
2889 2875 2992 2945 τῆς
3040 2874 3305 2943 γυναικὸς
3355 2873 3713 2945 προσηγορία

2114 2967 2459 3035 παραλυπεῖν
2490 2967 2668 3021 ἐθέλει
2717 2969 2816 3040 τὴν
2841 2967 3168 3039 παρθενίαν.
3200 2967 3325 3019 Ὅτι
3355 2965 3414 3019 δὲ
3444 2967 3586 3036 πρὸς
3610 2967 3714 3035 τὴν

418 3053 663 3111 Mulieris
711 3055 856 3109 enim
923 3055 1087 3109 verbo
1143 3069 1251 3108 non
1317 3053 1494 3108 solum
1555 3068 1678 3122 qua
1730 3051 2006 3107 hominem

2116 3055 2385 3126 παρθένον
2411 3057 2473 3111 τὸ
2530 3058 2632 3128 τῆς
2689 3058 2948 3128 γυναικὸς
2970 3057 3032 3111 ού
3062 3059 3299 3129 μάχεται
3356 3057 3557 3126 ὄνομα,
3612 3057 3711 3126 ἣτε

419 3165 528 3205 ιιοιι
557 3157 949 3219 cognoverunt,
985 3162 1164 3216 neque
1197 3162 1278 3202 ea
1307 3147 1486 3202 solum
1513 3146 1716 3216 quibus
1744 3143 2010 3214 contingit

421 3253 504 3308 ut,
551 3243 864 3313 virginitate
905 3252 1279 3314 permanente,
1361 3239 1742 3295 adolescentia
1810 3238 2012 3294 linibus

427 3337 813 3407 egrediantur;
853 3334 946 3390 sed
981 3342 1038 3388 et
1083 3332 1286 3388 femina
1352 3341 1480 3386 ante
1538 3329 1876 3400 iuventutem
1925 3328 2012 3382 vel

421 3428 586 3482 etiam
619 3441 810 3480 recens
870 3434 998 3479 nata
1057 3422 1560 3494 comprehenditur.
1643 3419 2013 3487 Quemadmo-

421 3522 575 3584 dum,
613 3529 673 3572 ut
699 3526 866 3588 patet,
895 3532 1096 3572 nomen
1128 3516 1232 3570 viri
1259 3514 1588 3585 participant
1611 3526 1665 3570 et
1691 3513 1784 3585 qui
1813 3527 2012 3583 pueros

420 3623 726 3683 genuerunt
753 3621 808 3665 et
853 3611 950 3682 qui
1014 3611 1156 3666 inter
1196 3609 1429 3681 juvenes
1469 3618 1856 3672 numerantur,
1915 3609 2010 3664 sed

419 3719 476 3762 et
528 3707 622 3778 qui
652 3707 816 3778 hujus
845 3706 1024 3762 atatis
1064 3721 1240 3776 usque
1287 3705 1356 3760 ad
1392 3715 1611 3761 teneros
1648 3704 2010 3760 descendunt.

423 3796 516 3852 Sic
562 3797 728 3866 igitur
765 3811 829 3850 ea
879 3797 1042 3851 solito
1088 3810 1192 3849 usu
1241 3793 1401 3848 facile
1450 3802 1709 3864 perceptu
1748 3802 1832 3847 est
1883 3808 2008 3846 mu-

423 3890 574 3945 lieris
617 3903 804 3943 vocem
832 3904 941 3942 non
994 3887 1210 3942 auferre
1233 3887 1380 3957 quod
1420 3887 1791 3956 virginitatem
1837 3885 2011 3940 decet.

424 3983 710 4038 Mulierem
761 3982 906 4036 enim
945 3995 1054 4035 non
1105 3979 1295 4044 semel,
1349 3979 1444 4034 sed
1478 3987 1533 4032 et
1582 3979 1784 4049 sapius
1843 3977 2011 4032 Evam

423 4084 586 4130 vocat
608 4075 801 4129 Adami
855 4088 1082 4128 uxorem
1135 4071 1382 4141 virgineo
1407 4070 1587 4126 adhuc
1631 4081 1882 4126 ornatam
1920 4071 2016 4125 de-

425 4184 552 4224 core
580 4178 634 4223 et
660 4166 811 4236 puris
848 4164 1090 4236 paradisi
1116 4163 1344 4217 ﬂoribus
1376 4170 1719 4226 vernantem,
1761 4170 1818 4216 et
1856 4163 2015 4230 longe

425 4277 458 4316 a
507 4261 967 4332 transgressione,
1023 4256 1406 4323 et,Dominico
1463 4255 1721 4310 mandato
1777 4264 2012 4310 stantem

425 4361 480 4408 et
507 4354 776 4416 nuditate,
809 4361 864 4406 et
889 4350 1080 4405 bestia
1106 4348 1336 4404 consilio
1378 4347 1649 4404 excelsius
1697 4349 2010 4403 institutum

426 4461 588 4500 suum
617 4445 916 4508 ferentem;
949 4440 1170 4508 quando
1203 4444 1291 4510 (et
1331 4455 1428 4495 eos
1462 4455 1570 4494 non
1605 4440 1731 4496 licet
1768 4456 1867 4511 pro
1895 4441 2013 4511 ipsa
2045 4422 2089 4477 Ῐ)

427 4551 612 4590 rerum
655 4536 925 4590 evidentia
971 4534 1276 4601 imputare)
1322 4531 1751 4602 imperturbatos
1807 4532 2019 4589 ferebat

427 4639 708 4694 corporea
765 4622 1064 4693 voluptatis
1125 4637 1344 4688 sensus,
1410 4637 1533 4691 qua
1575 4621 1774 4691 sapius
1820 4631 2015 4677 vocata

426 4725 513 4772 est
539 4715 736 4769 Adami
763 4716 980 4781 mulier,
1017 4715 1242 4770 meliore
1262 4716 1549 4770 vocatione
1584 4715 1746 4785 digna
1772 4715 2014 4785 judicata

429 4822 595 4868 quam
654 4815 715 4860 ut
768 4808 1068 4862 carnalium
1113 4806 1512 4861 desideriorum
1569 4808 1768 4878 pugnis
1817 4811 2016 4864 misera

429 4899 756 4954 etliceretur.

2115 3148 2352 3219 συνήθης
2383 3149 2475 3203 τοῦ
2521 3150 2716 3218 γένους
2745 3151 3018 3222 διαίρεσις
3038 3153 3120 3215 εξς
3146 3152 3314 3223 ἄνδρα
3351 3153 3448 3204 καὶ
3474 3153 3712 3220 γυναῖκα

2111 3239 2389 3310 τέμνουσα
2443 3239 2545 3312 τὴν
2592 3240 2779 3312 φύσιν,
2845 3245 2990 3296 ποιεῖ
3043 3244 3300 3314 φανερόν.
3334 3243 3426 3313 Τῷ
3459 3244 3573 3314 γὰρ
3605 3245 3708 3312 τῆς

2111 3332 2373 3402 γυναικὸς
2438 3336 2646 3406 ῥήματι
2700 3336 2800 3406 ούχ
2854 3337 2978 3389 ὅσαι
3040 3337 3202 3406 μόνον
3244 3336 3441 3390 ἐλαδον
3507 3337 3713 3405 γνῶσιν

2111 3426 2330 3497 ἀνδρὸς,
2378 3427 2490 3480 οὐδ’
2547 3429 2704 3494 ὅσαις
2761 3429 2986 3498 γέγονεν
3024 3431 3083 3484 ἐν
3108 3429 3187 3501 τῷ
3244 3431 3343 3501 τῆς
3403 3429 3713 3501 παρθενίας

2111 3519 2524 3592 ἀπαραλλάκτῳ
2549 3520 2774 3591 τὴντῶν
2800 3521 3059 3575 νεανίδων
3073 3521 3293 3594 ἡλικίαν
3319 3522 3711 3584 ὑπαλλάττειν,

2111 3612 2251 3666 ἀλλὰ
2293 3612 2390 3665 καὶ
2414 3612 2476 3665 τὸ
2515 3613 2624 3683 πρὸ
2666 3611 2770 3683 τῆς
2822 3614 3011 3684 ἀκμῆς
3039 3613 3176 3685 θῆλυ
3203 3617 3364 3687 μέχρι
3394 3613 3492 3668 τοῦ
3524 3632 3713 3682 νεογε-

2111 3703 2239 3769 νοῦς
2293 3704 2804 3777 περιλαμϐάνεται’
2852 3705 3046 3778 ὥσπερ
3093 3706 3341 3779 δηλονότι
3392 3709 3495 3776 τῆς
3539 3724 3716 3777 προσ.

2112 3798 2341 3868 ηγορίας
2373 3799 2664 3868 μετέχουσι
2685 3797 2780 3851 τοῦ
2815 3798 3012 3870 ἀνδρὸς
3033 3801 3148 3854 ὅσοι
3170 3817 3230 3853 τε
3257 3799 3456 3864 παῖδας
3489 3799 3705 3869 ἔφυσαν

2115 3891 2210 3942 καὶ
2240 3891 2354 3942 ὅσοι
2382 3891 2493 3942 τῶν
2522 3890 2722 3960 ἠϊθέων
2775 3892 2875 3964 τὴν
2908 3893 3063 3958 τάξιν
3100 3894 3416 3964 ἐπέχουσιν,
3445 3893 3592 3945 ἀλλὰ
3620 3893 3713 3944 καὶ

2114 3983 2230 4037 ὅσοι
2263 3984 2362 4053 τῆς
2412 3985 2634 4056 ἡλικίας
2663 3984 2868 4057 ταύτης
2895 3987 3059 4057 μέχρι
3087 3987 3321 4058 βρέφους
3356 3985 3712 4056 61:06:61sz-

2117 4091 2220 4129 σιν.
2258 4075 2416 4129 Οὖτω
2470 4077 2568 4146 μὲν
2595 4071 2690 4131 οὖν
2729 4078 2824 4130 καὶ
2856 4078 2965 4130 ἀπὸ
2994 4078 3096 4148 τῆς
3116 4077 3435 4148 εἰθισμένης
3458 4080 3712 4148 χρήσεως

2116 4167 2264 4221 ἔστιν
2299 4169 2488 4221 λαϐεῖν
2515 4171 2590 4233 ὡς
2619 4171 2653 4240 ἡ
2677 4172 2776 4235 τῆς
2792 4169 3053 4238 γυναικὸς
3083 4170 3185 4224 οὐκ
3210 4171 3533 4241 ἀφαιρεῖται
3557 4173 3713 4238 φωνὴ

2115 4261 2214 4332 τῆς
2273 4261 2574 4330 παρθενίας
2609 4265 2670 4316 τὸ
2699 4264 2908 4316 δίκαιον
2933 4279 2947 4293 ο
2982 4267 3218 4332 γυναῖκα
3250 4263 3361 4334 γὰρ
3389 4264 3488 4333 οὐχ
3539 4263 3710 4326 ἅπαξ.

2116 4352 2252 4406 ἀλλὰ
2278 4355 2370 4405 καὶ
2401 4353 2666 4417 πολλάκις
2696 4356 2795 4426 τὴν
2825 4353 2967 4408 Εὕαν
2995 4354 3254 4426 ὀνομάζει
3286 4354 3382 4408 τοῦ
3424 4355 3604 4427 Ἀδὰμ
3636 4356 3714 4407 ἔτι

2120 4446 2230 4507 τοῖς
2297 4445 2649 4516 παρθενικοῖς
2715 4448 3112 4519 ἐμπρέπουσαν
3163 4449 3555 4519 ὼραῖσμασιν,
3621 4451 3714 4501 καὶ

2119 4535 2232 4596 τοῖς
2254 4533 2556 4604 ἀκηράτοις
2586 4537 2771 4591 ἄνθεσι
2797 4538 2892 4590 τοῦ
2925 4539 3262 4610 παραδείσου
3290 4541 3711 4608 ὲνεαρίζουσαν,

2121 4627 2216 4680 καὶ
2271 4627 2463 4700 πόρρω
2515 4633 2614 4700 τῆς
2672 4631 3043 4704 παραϐάσεως
3090 4635 3186 4686 καὶ
3243 4635 3342 4702 τῆς
3371 4637 3716 4705 Δεσποτικῆς

2120 4720 2532 4793 καθισταμένην
2586 4725 2806 4795 ἐντολῆς
2864 4726 2957 4778 καὶ
2989 4727 3088 4795 τῆς
3119 4729 3458 4797 γυμνώσεως
3488 4731 3586 4780 καὶ
3618 4731 3716 4798 τῆς

2121 4813 2217 4866 τοῦ
2274 4813 2466 4885 θηρίου
2524 4817 2838 4887 συμϐουλῆς
2907 4817 3239 4890 ὑψηλότερον
3292 4821 3354 4874 τὸ
3408 4821 3714 4892 πολίτευμα

2130 4906 2424 4976 φέρουσαν·
2451 4909 2540 4962 ὅτε
2571 4911 2661 4964 καὶ
2690 4913 2890 4975 αὐτοὺς
2922 4913 3024 4966 οὐκ
3045 4912 3161 4965 ἔστι
3186 4931 3267 4966 σοι
3291 4915 3388 4966 ἀπ’
3413 4915 3586 4986 αὐτῆς
3618 4919 3712 4985 τῆς

429 4992 539 5044 τῶν
558 4993 904 5063 πραγμάτων
928 4993 1210 5064 ἐνεργείας
1225 4993 1573 5064 λογίσασθαι,
1607 4995 2004 5067 ἁνενοχλήτους
2042 4999 2208 5070 ἔφερε
2235 5003 2365 5066 τοὺς
2400 5004 2698 5075 λογισμοὺς
2733 5011 3055 5078 σωματικῆς
3108 5010 3325 5080 ἡδονῆς,
3353 5011 3386 5079 ἡ
3447 5010 3713 5071 πολλάκις

432 5089 857 5159 ἐξονομασθεῖσα
884 5090 1022 5162 γυνὴ
1039 5092 1680 5164 τοῦἈδὰμ,κρείττονος
1715 5094 2016 5166 ἀξιουμένη
2057 5097 2307 5170 κλήσεως
2346 5102 2378 5170 ἡ
2408 5101 2685 5171 σαρκικῶν
2747 5102 3124 5172 ἐοεθισμάτων
3182 5105 3713 5172 ἐνταλαιπωρεῐσθαι

435 5183 658 5253 μάχαις.

788 5298 1120 5367 ρυΑῑδτιο
1149 5301 1311 5355 xxm
1341 5302 1439 5373 [αι.
1468 5301 1659 5374 XXII].

436 5392 579 5458 Quid
644 5395 912 5463 signi/ient
975 5393 1110 5447 illud
1159 5411 1175 5448 :
1234 5415 1251 5444 ι
1291 5395 1419 5450 Ecce
1484 5398 1655 5450 Adam
1702 5398 1877 5465 factus
1942 5406 2018 5451 est

462 5476 717 5535 tanquam
754 5483 889 5518 unus
922 5481 986 5517 ea:
1016 5466 1185 5529 nobis,
1219 5468 1384 5520 sciens
1417 5467 1609 5520 bonum
1632 5477 1679 5519 et
1716 5469 1935 5521 malum.
1965 5487 1983 5519 ι

2658 5303 2994 5362 ΕΡΩΤΗΣΙΣ
3044 5311 3171 5366 KI".

2132 5401 2193 5454 Τί
2221 5401 2506 5474 σημαίνει
2537 5401 2625 5474 τὸ,
2666 5423 2682 5453 ι
2721 5403 2868 5457 Ἰδοὺ
2913 5405 3093 5471 Ἀδὰμ
3133 5406 3382 5474 γέγονεν
3408 5406 3490 5470 ὡς
3517 5401 3606 5470 εἷς
3645 5407 3714 5468 ἑξ

2235 5471 2424 5541 ἡμῶν,
2465 5473 2572 5526 τοῦ
2599 5475 2918 5540 γινώσκειν
2941 5471 3533 5546 κιιλὸνάάὶβονηρόγ
3585 5500 3598 5526 ι

1458 5603 1603 5653 Edita
1626 5619 1653 5652 a
1678 5602 1823 5664 Maio,
1853 5605 1888 5652 l.
1913 5618 1979 5659 c.,
2001 5619 2052 5667 p.
2078 5606 2246 5665 ει-ετ,
2283 5606 2330 5654 in
2358 5607 2464 5656 Gen
2512 5620 2582 5662 ιιι,
2607 5609 2684 5659 2‘2.

509 5681 637 5739 Scio
673 5684 839 5752 igitur
869 5686 1134 5754 quosdam
1177 5687 1362 5742 dicere
1401 5687 1673 5742 ironicum
1710 5703 2021 5744 sermonem

507 5816 553 5850 "
586 5817 722 5875 Gen.
759 5836 908 5874 χχιιι.
937 5821 1027 5874 21.

2205 5688 2337 5744 Οἶδα
2376 5693 2472 5759 μὲν
2510 5689 2602 5744 οὖν
2636 5694 2711 5756 ὣς
2740 5711 2886 5756 τινες
2938 5711 3029 5747 τον
3055 5696 3253 5765 εἴρωνα
3303 5694 3461 5747 λόνον
3492 5693 3580 5746 διὰ
3604 5694 3716 5746 τῶν
