3888 6186
178 202 277 266 169

1160 202 1260 259 AD
1297 200 1895 262 AMPIIILOCI-IIUM
1930 202 2281 274 ΟΗίΕΒΤΙΟ
2306 206 2535 269 XXIII.

3320 160 3444 272 r10

169 316 553 389 προκειμένων
589 315 854 388 ῥημάτων
890 317 1026 384 φασὶ
1050 316 1471 387 προενηνέχθαι,
1502 318 1597 371 καὶ
1621 319 1762 372 ὀνει-

1879 320 2143 385 przndictis
2189 321 2373 377 verbis
2417 323 2691 393 prolatum
2714 339 2837 380 esse
2867 333 2921 379 et
2953 324 3222 381 Adamum
3248 341 3447 397 oppro—

169 410 339 475 δίζειν
394 407 489 462 τὸν
546 408 720 480 Ἀδὰμ
756 409 842 478 ἐφ’
883 402 962 472 οἷς
995 408 1278 479 ὑπέρογκα
1301 409 1637 478 φαντασθείς
1667 411 1762 463 καὶ

168 506 204 557 ἂ
230 502 611 572 φιλανθρωπία
655 502 749 555 τοῦ
814 502 1133 566 Πλάσαντος»
1174 502 1332 574 χερσὶ
1383 505 1660 574 κατεῖχεν,
1700 502 1761 568 ἐξ

177 598 316 660 ἰδίας
341 596 597 661 ἀϐουλίας
628 596 945 651 ἀπώλεσεν·
971 599 1019 649 οἱ
1050 597 1108 650 δὲ
1135 596 1356 665 γείτονα
1389 597 1761 669 προκομίζον-

168 706 259 753 τες
292 689 472 758 λόγον,
515 688 708 760 ἔτερόν
743 706 797 742 τι
819 687 1102 759 νομίζουσι
1156 688 1360 757 λέγειν.
1389 690 1759 761 Διασύρεσθαι

168 781 298 850 γάρ,
351 780 507 849 φασὶ,
541 780 637 835 καὶ
664 777 1118 850 διαχλευάζεσθαι
1157 783 1269 843 τοῖς
1304 781 1546 852 παροῦσι
1579 782 1763 852 λόγοις

169 871 267 942 τὴν
299 871 393 925 τοῦ
435 872 607 941 Ἀδὰμ
635 872 1014 942 περιπέτειαν.
1042 872 1153 926 Καὶ
1178 871 1359 936 ἄλλοις
1389 873 1567 938 ἔδοξεν
1588 876 1762 945 ὲπεγ-

170 964 434 1032 γελᾶσθαι
480 965 580 1036 τὴν
620 965 839 1035 πρᾶξιν,
890 965 959 1017 δι’
993 967 1058 1034 ἦν
1087 965 1421 1037 ὑψηλότερον
1460 969 1565 1039 τῆς
1596 970 1760 1023 αὑτοῦ

172 1056 389 1122 φύσεως
419 1060 530 1121 τοῖς
583 1058 861 1127 λογισμοῖς
888 1061 915 1111 ὁ
945 1058 1236 1129 ἅνθρωπος
1282 1061 1638 1133 ἀναδραμὼν,
1666 1066 1763 1117 καὶ

172 1144 239 1220 ἧς
272 1149 480 1219 ἠξιώθη
528 1148 734 1214 τάξεως
764 1150 917 1221 παρὰ
964 1151 1059 1203 τοῦ
1086 1152 1403 1216 Πλάσαντος
1440 1155 1758 1224 ἐφεστάναι,

173 1240 510 1312 κατηνέχθη.
563 1242 940 1313 Παραπλήσια
978 1243 1152 1297 ταῦτα
1189 1246 1284 1299 καὶ
1317 1245 1426 1298 ἀπὸ
1462 1248 1561 1313 τῆς
1590 1246 1763 1315 αὐτῆς

171 1332 433 1402 ἐπιϐολῆς
453 1332 553 1398 τὴν
577 1333 805 1403 πρόοδον
826 1334 1084 1399 λαϐόντα,
1113 1337 1160 1387 εί
1192 1336 1287 1389 καὶ
1309 1335 1448 1406 πρὸς
1468 1337 1762 1408 διαφόρους

170 1425 393 1477 δοκοῦσι
445 1426 810 1496 παραφυάδας
859 1426 1277 1497 ἀποσχίζεσθαι,
1334 1427 1446 1496 ἐγὼ
1489 1428 1544 1481 δὲ
1587 1428 1763 1483 ταῦτα

174 1518 277 1587 μὲν
300 1520 402 1572 οὑκ
433 1519 501 1571 ἂν
527 1519 769 1590 οίηθείην
803 1520 967 1588 σοφὸν
992 1520 1441 1591 ἀποδοκιμάζειν,
1473 1520 1762 1576 ἀκόλουθό-

172 1612 405 1682 τερον’δ’
439 1611 505 1666 ἂν
540 1613 710 1684 φαίην
771 1617 1055 1666 κατανοεῖν
1113 1614 1308 1685 ἑτέρας
1330 1611 1471 1667 εἶναι
1521 1615 1763 1679 διανοίας

173 1703 587 1773 παραστατικὸν
615 1704 677 1757 τὸ
700 1704 843 1775 ἱερὸν
868 1706 1045 1757 ἐκεῖνο
1071 1707 1293 1775 χωρίον⁹
1334 1708 1496 1770 ποίας
1524 1707 1762 1776 ταύτης;

186 1794 523 1867 Ἐπειδήπερ
544 1797 573 1849 ό
604 1796 777 1867 Ἀδὰμ
800 1798 922 1850 ἀντὶ
950 1796 1045 1850 τοῦ
1070 1797 1504 1868 νομοθετεῖσθαι,
1533 1799 1763 1871 νομοθέ-

174 1904 268 1939 του
321 1887 538 1959 ἀξίωμα
563 1889 815 1958 ἥρπασεν
835 1908 851 1922 ο
880 1890 1006 1943 ἀντὶ
1033 1890 1130 1943 τοῦ
1157 1891 1487 1961 κηδεμονίας
1510 1893 1607 1945 καὶ
1638 1909 1765 1945 παι-

174 1978 458 2047 δαγωγίας
483 1981 582 2050 τῆς
609 1980 816 2035 ἄνωθεν
852 1981 1172 2047 ἀπολαύειν,
1209 1985 1275 2053 τῇ
1303 1982 1413 2054 ἰδία
1448 1983 1644 2055 γνώμῃ
1670 1983 1766 2038 καὶ

176 2072 406 2143 προνοίᾳ
435 2071 533 2137 τάς
560 2072 655 2131 τοῦ
688 2072 808 2141 βίου
840 2073 1069 2143 πράξεις
1093 2074 1514 2141 κατεπίστευσε,
1540 2076 1637 2129 καὶ
1666 2076 1766 2146 τὴν

180 2165 375 2234 ῥώμην
413 2163 559 2233 ἔχειν
614 2165 869 2235 ἐνόμισεν
898 2164 1030 2219 ἀνευ
1060 2164 1210 2230 θείας
1231 2168 1503 2236 ἐπιροπῆς
1538 2167 1635 2220 καὶ
1667 2167 1767 2238 τῆς

176 2257 273 2311 τοῦ
304 2256 615 2327 κρείττονος
655 2257 1010 2323 ὲπινεύσεως,
1067 2257 1323 2330 ἐξαρκεῖν
1362 2258 1513 2330 αὑτῷ
1546 2260 1763 2330 διακρί-

180 2366 294 2402 νειν
326 2348 390 2403 τὸ
417 2349 582 2402 καλὸν
604 2349 712 2411 ἀπὸ
738 2349 831 2403 τοῦ
866 2350 1108 2421 χείρονος
1141 2350 1222 2421 (οὑ
1258 2351 1366 2422 γὰρ
1392 2351 1458 2405 ἂν
1486 2352 1561 2422 μὴ
1592 2351 1766 2407 ταῦτα

178 2441 503 2511 διαθέμενος
528 2443 625 2497 καὶ
650 2441 907 2513 κυρώσας
952 2445 1083 2515 παρ’
1128 2443 1331 2513 ἐαυτῷ,
1367 2444 1631 2513 οὑμενουν
1668 2446 1770 2498 οὑκ

180 2532 247 2588 ἂν
275 2532 497 2602 ὑψῶσαι
546 2533 709 2599 δόξαν
748 2534 942 2587 ἑαυτὸν
991 2534 1309 2605 ὑπέδραμεν
1334 2537 1415 2597 είς
1443 2536 1502 2587 τὸ
1535 2536 1769 2605 μέγεθος

181 2624 276 2695 τῆς
296 2624 525 2696 πρώτης
557 2626 754 2696 ἀρχῆς,
839 2626 1049 2697 κρίνειν
1074 2644 1133 2679 τε
1165 2627 1261 2680 καὶ
1320 2627 1624 2698 διακρίνειν
1670 2628 1766 2681 τοῦ

181 2715 427 2788 πονηροῦ
454 2718 514 2769 τὸ
534 2717 717 2780 καλὸν,
745 2717 905 2785 σοφία
925 2716 1165 2786 ἔμφυτος
1190 2718 1287 2771 καὶ
1320 2718 1684 2788 ἀπερινόητος
1709 2720 1769 2784 ἐξ

180 2808 354 2862 ἁῖδίου
389 2808 686 2879 περίεστιν,
716 2808 1036 2863 ἀλλὀὑδ⁹ἂν
1054 2811 1381 2880 προτάττειν
1408 2811 1586 2881 ὁρμὴν
1612 2810 1765 2862 ὲτόλ-

184 2918 366 2972 μησεν
397 2907 496 2972 τὴν
530 2902 697 2954 αὑτοῦ
741 2902 838 2971 τῆ..
870 2902 1126 2959 ἁπάντων
1175 2902 1554 2973 δεσποζοὺσης
1589 2920 1649 2954 τε
1680 2903 1774 2955 καὶ

1868 411 2227 468 brioaﬂieere
2249 414 2398 484 quod
2450 416 2682 484 superba
2716 416 3046 484 imaginatus
3094 427 3239 473 esset
3291 426 3346 473 et
3382 432 3447 473 ea

1865 517 1988 570 quae
2049 502 2364 559 Conditoris
2429 505 2804 560 benevolentia
2854 506 3109 562 manibus
3146 508 3440 574 retinebat,

1865 595 2099 666 propria:
2144 596 2524 667 imprudentiae
2558 613 2721 652 causa
2756 598 3111 668 perdidisset;
3167 600 3258 653 alii
3293 616 3445 663 vero,

1866 689 2080 745 atlinem
2131 690 2398 746 rationem
2456 690 2766 758 merentes,
2818 691 3054 746 alterum
3107 691 3238 762 quid
3270 692 3451 747 dicere

1867 781 2111 838 student.
2171 783 2392 838 lrrideri
2453 783 2621 848 enim,
2695 783 2973 854 inquiunt,
3018 792 3075 839 et
3144 785 3448 853 praesertim

1866 876 2046 931 verbis
2096 877 2293 930 Adami
2345 875 2710 931 infortunium
2743 876 3029 932 confundi.
3096 876 3161 932 Et
3197 878 3290 932 alii
3322 893 3452 933 cen-

1868 976 2101 1022 suerunt
2156 968 2371 1022 irrideri
2415 968 2683 1023 actionem
2736 984 2841 1038 qua
2882 969 3049 1023 altius
3103 971 3325 1039 propria
3356 985 3454 1023 na-

1867 1071 1988 1115 tura
2040 1061 2158 1117 suis
2214 1061 2640 1131 cogitationibus
2676 1064 2841 1116 homo
2888 1063 3213 1128 ascendens,
3271 1079 3338 1118 ex
3384 1078 3451 1118 eo

1866 1154 2031 1206 etiam
2054 1152 2245 1209 ordine
2276 1154 2326 1205 in
2375 1170 2483 1222 quo
2504 1169 2628 1208 eum
2662 1156 2871 1223 erigere
2891 1156 3148 1223 dignatus
3168 1164 3288 1210 erat
3309 1156 3455 1210 Con-

1867 1246 2031 1308 ditor,
2080 1245 2324 1315 dejectus
2368 1258 2470 1301 est.
2540 1248 2792 1302 Proxima
2845 1263 2907 1300 ea
2939 1258 2989 1301 et
3038 1250 3107 1303 ab
3136 1249 3330 1303 eodem
3362 1249 3450 1302 in-

1868 1345 2026 1406 eepto
2078 1337 2185 1391 iter
2214 1338 2586 1406 suseipientia,
2644 1339 2744 1393 etsi
2797 1338 3176 1394 differentibus
3226 1338 3453 1393 videano

1868 1439 1958 1483 tur
1984 1430 2182 1487 deinde
2230 1432 2645 1501 propaginibus.
2715 1430 2828 1499 Ego
2883 1447 3014 1486 vero
3044 1446 3155 1485 non
3187 1430 3456 1500 sapientis

1866 1538 1989 1578 esse
2024 1521 2299 1577 crederem
2355 1538 2416 1576 ea
2446 1524 2694 1592 rejieere,
2726 1523 2931 1577 rectius
2975 1532 3156 1576 autem
3214 1523 3451 1576 dicerem

1869 1616 2016 1670 aliud
2055 1614 2299 1670 indicare
2342 1630 2559 1669 sacrum
2598 1614 2749 1668 illum
2791 1614 2995 1669 locum.
3056 1613 3201 1679 Quid
3243 1612 3453 1681 igitur?

1878 1706 2173 1775 Postquam
2201 1706 2394 1768 Adam,
2418 1706 2601 1775 potius
2641 1721 2805 1774 quam
2841 1706 2942 1775 legi
2983 1706 3250 1767 obediret,
3292 1705 3453 1774 legis-

1868 1798 2056 1853 latoris
2104 1797 2423 1868 dignitatem
2470 1797 2741 1866 abripuit;
2798 1799 2978 1866 potius
3008 1813 3173 1866 quam
3219 1812 3353 1851 cura
3400 1806 3456 1849 et

1868 1891 2209 1945 institutione
2234 1891 2418 1944 divina
2452 1889 2748 1953 frueretur,
2812 1890 3045 1959 propriae
3088 1889 3355 1942 voluntati
3400 1896 3457 1942 et

1870 1984 1991 2036 vine
2022 1981 2327 2052 prudentiae
2370 1992 2524 2035 actus
2572 1981 2832 2046 credidit;
2872 1989 2936 2035 et
2981 1982 3090 2033 vim
3121 1980 3459 2034 existimavit

1866 2075 2146 2129 sebabere
2186 2074 2396 2144 absque
2451 2088 2554 2143 ope
2603 2073 2791 2128 divino
2843 2080 2898 2127 et
2948 2072 3159 2142 majore
3211 2072 3455 2142 impulsu

1868 2166 2073 2220 bonum
2104 2181 2137 2220 a
2180 2166 2326 2221 malo
2390 2166 2734 2221 discernendi
2787 2163 2930 2236 (nisi
2970 2164 3116 2219 enim
3146 2165 3263 2219 lucc
3311 2165 3457 2234 apud

1868 2274 1928 2314 se
1966 2258 2255 2313 Statuisset
2306 2270 2359 2312 et
2403 2258 2721 2321 stabilisset,
2786 2272 2896 2311 non
2951 2271 3086 2312 sane
3140 2257 3456 2326 opinionem

1868 2349 2215 2418 concepisset
2284 2365 2344 2405 se
2383 2350 2451 2405 ad
2510 2350 2855 2419 maiestatem
2924 2349 3114 2418 primae
3175 2349 3460 2420 dignitatis

1867 2441 2146 2511 erigendi,
2226 2441 2314 2493 cui
2360 2439 2648 2509 iudicandi
2722 2448 2777 2495 et
2843 2440 3195 2495 discernendi
3250 2441 3457 2494 bonum

1868 2548 1901 2586 a
1956 2532 2103 2587 malo
2153 2533 2296 2586 inest
2364 2533 2635 2587 naturalis
2679 2543 2734 2585 et
2781 2532 3363 2602 incomprehensibilis
3388 2532 3458 2585 ab

1867 2633 2074 2679 interno
2107 2625 2411 2695 sapientia;
2453 2640 2631 2694 neque
2669 2640 2839 2680 ausus
2871 2634 3015 2681 esset
3049 2624 3327 2693 propriam
3363 2639 3456 2677 sa-

1870 2716 2128 2785 pientiam
2174 2715 2459 2785 sapientiae
2491 2715 2621 2769 huic
2642 2724 2997 2783 anteponere,
3051 2728 3174 2781 qua
3200 2712 3462 2766 onmibns

1874 2808 2196 2862 dominatur
2220 2818 2273 2861 et
2300 2822 2493 2859 omnes
2523 2807 2766 2862 scientia
2805 2815 2859 2859 et
2879 2806 3227 2859 discretionis
3261 2802 3464 2874 gratias

1871 2898 2125 2964 eﬁundit,
2174 2914 2352 2969 neque
2394 2899 2637 2953 divinum
2668 2898 2984 2952 mandatum
3024 2896 3181 2952 nihili
3214 2895 3422 2950 faciens
3446 2936 3463 2961 ,

184 2994 371 3056 πάσας
396 2994 623 3063 χάριτας
653 2992 1001 3061 διαγνώσεως
1029 2992 1389 3064 πηγαζούσης
1437 2995 1531 3046 καὶ
1558 2993 1771 3064 διακρί-

1879 3003 2129 3047 cunctam
2158 2992 2350 3062 agendi
2382 2991 2651 3045 rationem
2680 2991 2917 3059 propriae
2939 2989 3203 3043 voluntati
3226 2986 3462 3043 commi-

186 3104 327 3152 σεως
348 3104 364 3119 ⁸
386 3088 495 3141 οὐδ’
529 3086 597 3140 ἂν
627 3088 728 3157 τὴν
752 3086 904 3140 θείαν
928 3086 1150 3158 ἐντολὴν
1182 3087 1314 3159 παρ’
1339 3087 1492 3142 οὐδὲν
1524 3087 1774 3159 θέμενος,

182 3181 319 3250 ὃλην
352 3180 520 3234 αὑτοῦ
540 3183 611 3252 τῇ
636 3179 832 3251 γνώμῃ
849 3179 957 3232 τῶν
973 3180 1266 3250 πρακτέων
1288 3180 1557 3252 διοίκησιν
1571 3181 1778 3251 ἐνεχεί-

188 3273 369 3342 ρισεν)
390 3287 407 3305 ο
441 3272 563 3325 ἐπεὶ
588 3269 682 3335 οὖν
701 3310 716 3333 ,
752 3269 922 3340 φησιν
946 3270 974 3321 ὁ
1007 3270 1159 3334 Θεὸς,
1192 3271 1304 3335 τοῖς
1326 3269 1511 3343 ἔργοις
1536 3270 1779 3342 παρέσχε

186 3359 278 3412 τὸν
336 3359 581 3429 ἔλεγχον,
644 3358 827 3428 ἐαυτῷ
872 3359 1322 3423 καταπιστεύσας
1372 3360 1468 3413 τοῦ
1521 3359 1639 3431 βίου
1673 3361 1774 3433 τὴν

189 3453 456 3525 πρόνοιαν
515 3452 613 3505 καὶ
657 3451 841 3505 οὑκέτι
913 3454 1029 3516 τοῖς
1092 3453 1385 3524 ἡμετέροις
1437 3454 1779 3507 ὑποκόπτειν

188 3546 369 3599 ἐθέλει
422 3544 864 3614 προστάγμασιν,
918 3544 1055 3598 ἀλλὰ
1080 3544 1141 3597 τό
1170 3562 1232 3613 γε
1262 3544 1414 3599 δοθὲν
1460 3545 1613 3616 αὑτῷ
1641 3548 1777 3599 αὑτ-

186 3637 440 3703 εξοὺσιον
468 3636 606 3708 πρὸς
625 3634 729 3709 τὴν
760 3635 856 3692 τοῦ
893 3635 1192 3699 δεδωκότος
1227 3635 1383 3706 ὓϐριν
1404 3638 1781 3708 ἀπεχρήσατο,

190 3729 289 3787 καὶ
320 3728 574 3799 ἐνόμισεν
602 3727 800 3795 ἑαυτὸν
820 3724 961 3781 εἶναι
982 3727 1059 3791 ὡς
1077 3728 1172 3781 ἕνα
1197 3728 1256 3793 ἐξ
1286 3728 1464 3797 ἡμῶν,
1483 3727 1781 3799 νομοθέτην

195 3823 684 3892 νομοθετούμενον,
752 3820 1067 3893 προνοητὴν
1089 3821 1152 3873 οὑ
1189 3821 1448 3892 προνοίας
1502 3820 1780 3891 δεόμενον,

194 3915 470 3986 δεσπότην
528 3915 590 3968 οὑ
652 3914 1090 3984 δεσποζόμενον,
1137 3913 1364 3983 ἄμεινόν
1413 3915 1562 3966 ἐστιν
1617 3912 1783 3966 αὑτὸν

190 4008 533 4079 ἐκϐληθῆναι
564 4007 661 4062 τοῦ
688 4007 1045 4079 παραδείσου,
1073 4006 1163 4060 διὰ
1189 4005 1284 4059 δύο
1324 4007 1562 4077 μάλιστα
1586 4006 1780 4062 ταῦτα’

189 4100 250 4154 ἓν
282 4100 388 4171 μὲν
421 4100 509 4153 ἴνα
537 4099 611 4172 μὴ
632 4100 846 4173 τρυφῆς
875 4101 956 4163 είς
999 4097 1228 4169 ἄκαιρόν
1250 4115 1310 4151 τε
1344 4099 1438 4155 καὶ
1468 4097 1785 4166 ἀπαιδαγώ-

190 4207 364 4263 γητον
417 4192 717 4245 ἀπόλαυσιν
772 4192 1083 4255 καταστάς,
1143 4189 1355 4260 χείροσι
1402 4188 1786 4259 καταλισθήσῃ

193 4282 638 4354 παραπτώματι,
667 4284 762 4338 καὶ
795 4284 1072 4355 δεύτερον,
1113 4283 1200 4337 ἵνα
1232 4281 1454 4350 τοῖςτῆς
1486 4282 1786 4354 ὑπερορίας

1879 3085 2092 3155 sisset);
2115 3095 2407 3153 postquam
2436 3083 2624 3151 igitur,
2658 3083 2836 3151 inquit
2869 3081 3033 3144 Deus,
3091 3080 3358 3150 operibus
3406 3093 3466 3134 se

1878 3193 2035 3231 reum
2076 3178 2383 3242 constituit,
2442 3176 2547 3232 sibi
2597 3176 2700 3245 ipsi
2747 3175 2941 3237 tidens,
2982 3176 3036 3229 in
3082 3174 3229 3237 vitae,
3283 3172 3469 3243 provi-

1878 3270 2080 3336 dentia,
2131 3278 2186 3324 et
2217 3269 2395 3324 noluit
2437 3270 2576 3324 meis
2608 3269 2832 3323 obedire
2874 3267 3169 3328 mandatis,
3219 3273 3276 3320 et
3336 3265 3468 3319 dato

1880 3362 1984 3416 sibi
2043 3362 2215 3417 libero
2239 3362 2494 3425 arbitrio,
2532 3362 2599 3416 ad
2634 3361 2899 3431 injuriam
2937 3360 3087 3415 illius
3115 3359 3210 3429 qui
3253 3359 3385 3413 illud
3416 3357 3471 3413 ei

1881 3453 2048 3515 dedit,
2084 3454 2291 3509 abusus
2315 3463 2494 3519 est,et
2519 3454 2820 3509 crediditse
2849 3453 3026 3522 ipsum
3054 3466 3176 3507 esse
3206 3460 3267 3504 ut
3297 3458 3467 3504 unum

1881 3561 1949 3601 ex
1970 3546 2150 3612 nobis,
2169 3546 2532 3617 legislatorem
2554 3556 2609 3601 et
2636 3562 2743 3600 non
2770 3547 2900 3616 legis
2923 3544 3252 3613 subjectum,
3287 3542 3471 3611 provi-

1885 3638 2101 3692 dentem
2173 3647 2229 3692 et
2280 3653 2389 3692 non
2463 3638 2804 3709 providentia
2849 3647 3120 3709 egentem,
3181 3636 3469 3690 dominum

1883 3739 1937 3783 et
1992 3744 2102 3783 non
2133 3729 2237 3784 sub
2268 3730 2513 3785 dominio
2535 3730 2919 3794 constitutum,
2979 3729 3174 3783 melius
3221 3738 3306 3781 est
3338 3742 3468 3782 eum

1886 3823 2199 3893 aparadiso
2253 3824 2486 3893 expelli,
2537 3832 2757 3894 propter
2800 3824 2910 3877 duo
2959 3821 3077 3877 haec
3130 3820 3467 3891 praesertim:

1886 3917 2062 3985 primo
2094 3917 2314 3987 quidem
2345 3932 2436 3982 ne,
2472 3916 2526 3970 in
2550 3914 2769 3971 funesta
2806 3925 2859 3971 et
2889 3915 3117 3969 indocili
3149 3913 3471 3967 deliciarum

1887 4010 2144 4066 fruitione
2203 4022 2381 4075 stans,
2428 4009 2767 4079 gravioribus
2813 4007 3051 4062 oﬂ‘endat
3115 4005 3338 4061 casibus
3371 4021 3387 4071 ;
3420 4012 3476 4058 et

1887 4104 2148 4170 secundo,
2210 4114 2267 4158 ut
2322 4103 2515 4157 exsilio
2565 4100 2815 4164 allliclus,
2863 4116 2929 4153 ex
2966 4098 3102 4169 ipsis
3134 4098 3391 4168 cperibus
3418 4103 3475 4149 et

1886 4194 2141 4250 dolorum
2198 4195 2574 4265 experimento
2631 4193 2812 4247 discat
2867 4201 2922 4245 et
2962 4190 3198 4261 prOprim
3252 4187 3478 4243 virtutis

1889 4302 2246 4350 mensuram,
2311 4296 2366 4341 et
2414 4294 2682 4355 quantum
2739 4284 2843 4353 ipsi
2896 4281 3173 4338 commodi
3225 4278 3476 4337 conferat

194 4376 421 4438 κόλποις
439 4376 1039 4447 ἐνταλαιπωροὺμενος,
1067 4373 1162 4428 ἀπ’
1182 4373 1362 4429 αὑτῶν
1386 4372 1585 4443 πείρας
1618 4372 1774 4442 μάθοι

1899 4387 2104 4432 nostra:
2146 4377 2505 4448 providentia:
2550 4376 2756 4446 proprii
2804 4374 3039 4430 instituti
3094 4381 3149 4427 et
3176 4370 3477 4426 voluntatis

193 4468 298 4538 τῆς
326 4486 390 4521 τε
435 4468 649 4531 οἰκείας
678 4467 742 4521 τὸ
770 4468 971 4538 μέτρον
1017 4466 1327 4537 δυνάμεως,
1375 4464 1472 4519 καὶ
1522 4465 1599 4527 ὡς
1650 4464 1785 4518 πολὺ

194 4561 351 4631 αὐτῷ
389 4560 832 4632 λυσιτελέστερον
874 4556 963 4631 ἦν,
1024 4560 1125 4630 τῆς
1176 4558 1336 4629 ἡμῶν
1390 4558 1652 4630 προνοίας
1692 4558 1781 4623 ὲξνο

1890 4479 2069 4524 motus
2102 4468 2383 4538 adaptare,
2407 4478 2461 4523 et
2488 4483 2653 4538 quam
2682 4480 2713 4520 a
2734 4481 2794 4520 se
2816 4466 2934 4535 ipso
2963 4466 3165 4518 bonum
3192 4471 3247 4517 et
3270 4459 3475 4514 malum

1886 4560 2201 4616 discernere
2223 4560 2400 4630 impar
2434 4560 2523 4615 sit.

197 4658 400 4713 ἅπτειν
425 4654 495 4707 τά
515 4654 613 4723 τῆς
647 4652 884 4716 διανοίας
920 4653 1016 4706 καὶ
1044 4652 1145 4723 τῆς
1172 4652 1451 4716 πολιτείας
1481 4653 1781 4723 κινήματα,
1821 4653 1948 4709 ὅσον
1971 4672 2030 4707 τε
2060 4654 2400 4726 καθέστηκεν
2460 4652 2643 4725 ἐνδεὴς
2680 4652 2776 4708 τοῦ
2806 4650 3097 4720 γινώσκειν
3160 4647 3254 4716 ἀφ’
3281 4640 3476 4699 ἑαυτοῦ

199 4763 259 4802 τε
280 4751 345 4802 τὸ
370 4748 535 4803 καλὸν
563 4749 657 4801 καὶ
677 4748 737 4802 τὸ
764 4750 1022 4818 πονηρόν.

277 4843 500 4913 Ταύτης
528 4841 586 4896 δὲ
608 4840 711 4913 τῆς
734 4841 975 4905 διανοίας
1003 4839 1159 4911 οἶμαι
1184 4841 1279 4895 καὶ
1296 4839 1591 4912 Σύμμαχον
1625 4840 1790 4908 ἐγγὺς

203 4938 476 5006 γεγονότα
526 4937 626 5008 τὴν
691 4936 956 5007 περιοχὴν
1026 4936 1119 4988 τοῦ
1180 4933 1346 5006 ῥητοῦ
1400 4933 1790 4988 ἐκδεδωκέναιο

210 5053 228 5084 ι
254 5032 387 5084 Ἰδοὺ
428 5029 603 5101 ’Δδὰμ
627 5028 940 5099 γέγονενώς
971 5022 1053 5090 εἷς
1082 5027 1141 5094 ἐξ
1171 5025 1464 5101 mqunda
1501 5024 1809 5095 γινώσκειν,

204 5120 525 5192 ἀφ’ἑαυτοῦ
569 5120 736 5175 καλὸν
778 5120 873 5174 καὶ
916 5121 1171 5192 πονηρόν.
1210 5138 1229 5171 ι
1276 5118 1343 5172 Al
1378 5118 1435 5171 δὲ
1485 5116 1797 5189 ἔμπροσθεν

207 5216 504 5286 εἰρημέναι
526 5214 621 5267 τοῦ
647 5212 814 5285 ῥητοῦ
835 5213 1117 5285 διηγήσεις
1140 5212 1417 5265 ἐδίδασκον
1447 5208 1514 5263 ἂν
1534 5211 1683 5280 ἡμᾶς
1721 5208 1797 5280 μὴ

211 5310 353 5380 πρ⁵ις
376 5306 567 5377 ἕτερόν
590 5324 645 5359 τι
678 5305 899 5376 βλέπειν
933 5306 983 5360 εί
1002 5322 1067 5373 γε
1106 5302 1335 5374 σύνηθες
1364 5303 1496 5373 ἡμῖν
1522 5301 1648 5369 ἐνῆν
1671 5301 1803 5371 όρᾷν

211 5403 328 5463 τοῖς
360 5401 529 5471 ἱεροῖς
552 5399 712 5471 ἡμῶν
768 5397 971 5466 λογίοις
999 5399 1059 5451 ἐν
1117 5396 1195 5467 τῷ
1241 5391 1551 5465 διασύροντί
1588 5408 1648 5444 τε
1706 5391 1803 5443 καὶ

211 5491 490 5564 εἰρωνικῷ
510 5491 605 5546 καὶ
633 5489 953 5559 διαγελῶντι
990 5490 1177 5562 τρόπῳ
1200 5486 1266 5543 τὰ
1309 5484 1661 5556 ἀντικείμενα
1691 5485 1800 5545 τοῖς

296 5676 347 5713 ιι
374 5671 509 5731 Gen.
545 5688 627 5741 tu,
659 5670 751 5726 22.

1970 4840 2109 4896 Huic
2135 4840 2323 4897 sensui
2338 4840 2564 4910 propius
2585 4836 2887 4893 accessisse
2904 4834 3294 4906 Symmachum
3318 4840 3478 4902 puto,

1900 4940 1954 4985 et
1985 4930 2303 5001 hujusdicti
2328 4937 2711 5000 argumentum
2730 4925 3035 4997 prodidisse
3063 4943 3075 4979 :
3110 4943 3129 4977 ι
3147 4923 3283 4978 Ecce
3304 4922 3485 4977 Adam

1902 5021 2082 5078 factus
2115 5033 2199 5076 est
2242 5021 2401 5091 quasi
2452 5035 2597 5075 unus
2642 5035 2705 5074 ex
2738 5017 2920 5082 nobis,
2958 5019 3137 5073 sciens
3178 5016 3381 5071 bonum
3426 5022 3497 5069 et.

1901 5113 2107 5168 malum
2131 5113 2196 5168 ιθ.
2228 5131 2246 5163 ι
2295 5111 2427 5179 Quae
2470 5121 2653 5167 autem
2687 5112 2842 5183 prius
2872 5111 3011 5165 data:
3056 5117 3185 5164 sunt
3216 5108 3482 5177 explana-

1901 5205 2097 5269 tiones,
2130 5220 2230 5259 nos
2253 5218 2357 5259 non
2388 5204 2533 5259 aliud
2556 5218 2678 5259 esse
2705 5202 3148 5273 prospiciendum
3194 5200 3479 5261 docerent,

1901 5297 2134 5352 simodo
2164 5296 2463 5351 soleremus
2512 5296 2567 5349 in
2624 5295 2828 5351 nostris
2879 5294 3051 5348 sacris
3091 5290 3329 5346 oraculis
3376 5288 3482 5343 sub

1901 5389 2173 5445 irrisionis
2218 5398 2272 5445 et
2304 5388 2495 5445 ironia:
2541 5398 2595 5444 et
2623 5386 2883 5459 diasyrmi
2929 5386 3105 5439 forum
3131 5382 3377 5453 opposita
3412 5380 3482 5435 iis

1904 5496 2023 5551 quae
2079 5481 2483 5551 prtetenduntur
2545 5479 2849 5552 significata
2911 5486 2964 5530 et
3008 5475 3237 5546 ﬁgurata
3272 5471 3509 5533 viderc.‘
