3888 6186
443 224 538 291 171

1578 220 1840 283 PHOTII
1872 217 2379 281 PATRIARCHAZ
2411 218 2520 280 CP.

3580 202 3684 271 172

430 338 585 387 et...
609 370 625 384 .
655 344 752 400 per
779 330 987 387 litteras
1018 329 1179 386 valet.
1233 327 1379 386 Nihil
1418 331 1563 386 enim
1623 333 1847 402 impedit
1882 347 2033 388 om—.

2140 331 2541 406 τροτεινομένοις
2572 322 3031 398 παραδηλούμενά
3074 337 3132 375 τε
3177 318 3275 373 καὶ
3296 314 3683 386 αἰνιγματιζὸ-

433 423 564 477 nino
594 422 728 493 quin
782 438 880 493 pro
935 425 1207 494 paucitate
1266 434 1320 479 et
1369 424 1657 479 insolentia
1713 424 2001 479 verborum

433 514 603 567 errari
639 515 828 583 possit.
889 515 997 570 Sed
1023 515 1294 585 quomodo
1330 530 1436 569 non
1467 515 1701 571 solveret
1733 515 2005 571 irrisioriis

432 616 487 661 et
510 608 695 662 ironia:
715 618 768 663 et
785 608 1149 663 cavillationis
1178 608 1287 662 vim
1318 609 1382 662 ad
1424 608 1691 678 parabolae
1718 617 1769 663 et
1806 608 2005 663 simili-

437 702 641 756 tudinis
675 703 894 756 modum
920 701 1063 757 facta
1093 701 1301 757 dictio?
1357 702 1557 758 Contra
1608 703 1755 758 enim
1796 701 1844 755 si
1876 716 2007 756 con-

436 792 776 861 sequentiam
811 791 1046 846 habeant
1068 807 1189 861 qua:
1212 791 1355 846 dicta
1391 799 1542 856 sunt,
1598 806 1759 847 omne
1785 804 2008 846 necesse

437 892 557 938 erat
583 884 804 939 verbum
835 883 1138 949 observari,
1183 884 1328 955 quod
1379 884 1699 955 injuriarum
1746 883 2008 939 severita-

440 985 548 1030 tem
575 986 628 1030 et
652 976 996 1031 acerbitatem
1030 978 1266 1031 mulcere
1291 981 1494 1046 posset.
1546 977 1623 1031 Ea
1650 985 1832 1030 autem
1860 991 1964 1030 vox
1990 992 2005 1028 :

439 1077 496 1119 ut
531 1082 666 1120 unus
701 1082 765 1120 ex
790 1068 937 1121 nobis
969 1068 1074 1122 vim
1103 1067 1292 1123 ironia:
1311 1067 1630 1138 proscindit,
1661 1078 1712 1122 et
1737 1067 2009 1137 opprobrii

446 1156 646 1211 mulcet
671 1156 1045 1211 acerbitatem.
1078 1154 1195 1212 Non
1226 1157 1368 1212 idem
1407 1164 1491 1212 est
1516 1157 1696 1212 dicere
1735 1156 1788 1210 in
1821 1156 2012 1225 objur-

2107 405 2245 498 μενα
2272 424 2369 477 καὶ
2395 462 2409 477 .
2438 461 2452 475 .
2474 461 2488 476 .
2516 464 2529 477 .
2554 439 2612 474 ον
2651 419 2739 473 διὰ
2762 417 3088 488 γράμματος
3138 408 3333 480 ἰσχύει.
3373 406 3545 460 Οὐδὲν
3573 405 3687 471 γὰρ

2105 525 2166 578 ἐν
2199 521 2391 575 πλάτει
2414 517 2611 572 κωλύει
2631 516 2805 583 λόγων
2828 511 3242 582 παρεμπίπτειν
3276 503 3422 560 κατὰ
3447 504 3509 555 τὸ
3543 499 3689 552 σπάν-

2105 633 2217 671 νιον
2250 615 2343 668 καὶ
2360 613 2422 666 τὸ
2449 611 2634 683 ἄηθες.
2669 608 2829 663 Ἀλλά
2877 605 2997 668 πῶς
3029 604 3128 656 οὑκ
3170 599 3417 654 ἐκλύσειε
3446 594 3543 648 τοῦ
3567 593 3688 683 διαέ

2108 705 2294 777 σύρειν
2322 702 2417 757 καὶ
2445 682 2832 772 εἰρωνεύεσθαι
2863 697 2961 749 καὶ
2988 691 3251 763 ἐπιγελᾷν
3313 687 3407 740 τὸν
3448 686 3607 738 τόνον
3653 682 3689 751 ἡ

2107 776 2249 854 κατὰ
2300 793 2613 869 παραϐολὴν
2652 788 2990 862 γεγενημένη
3048 785 3143 839 καὶ
3194 780 3453 851 ὁμοίωσιν
3500 776 3688 869 λέξιςς

2108 866 2430 946 Τοὺναντίον
2454 888 2563 957 γὰρ
2576 885 2735 955 εἴπερ
2753 877 2899 951 εἶχεν
2928 875 3254 934 ἀκολουθίαν
3282 870 3349 925 τά
3394 871 3515 939 είρη
3526 866 3692 957 μένα,

2110 986 2257 1040 ἆπαν
2288 983 2394 1036 ἔδει
2428 973 2946 1051 παραφυλάττεσθαι
2995 970 3148 1043 ῥῆμα
3189 966 3250 1021 τὺ
3279 964 3559 1051 ἀπότομον
3598 956 3696 1051 καλ

2111 1077 2306 1147 πικρὸν
2336 1049 2666 1143 διαπραῦνον
2693 1071 2804 1124 τῶν
2834 1063 3157 1133 ὀνειδισμῶν
3181 1076 3196 1092 ⁸
3226 1062 3259 1130 ἠ
3282 1059 3364 1122 δέ,
3398 1058 3478 1122 ὡς
3497 1049 3592 1119 εἷς
3624 1050 3696 1147 έξ

2112 1144 2302 1240 ἡμῶν,
2324 1169 2385 1222 τὸ
2411 1166 2573 1238 δριμὺ
2600 1164 2698 1232 τῆς
2722 1160 3007 1232 εἰρωνείας
3050 1153 3411 1220 ὑποτέμνεται
3442 1148 3536 1201 καὶ
3592 1144 3697 1212 τὴν

443 1250 737 1320 κειὶοιιεω,
767 1250 996 1304 multum
1032 1264 1164 1305 sane
1193 1249 1349 1305 abest
1375 1268 1389 1305 :
1426 1269 1445 1302 ι
1473 1249 1611 1305 Ecce
1635 1249 1805 1304 Adam
1838 1249 2016 1304 lactus

2140 1260 2426 1332 τραχύτητα
2449 1253 2793 1310 καταλεαίνει
2821 1247 2915 1303 τοῦ
2946 1240 3425 1318 προπηλακισμοῦ.
3477 1238 3551 1291 Οὐ
3583 1236 3698 1305 γὰρ

382 1356 391 1427 ξ
444 1348 530 1396 est
554 1357 694 1397 unus
727 1356 793 1398 ex
823 1342 1017 1407 nobis;
1044 1361 1062 1394 ι
1099 1351 1172 1406 et,
1202 1360 1221 1393 ι
1244 1351 1504 1411 tanquam
1536 1357 1679 1397 unus
1710 1356 1777 1396 ex
1801 1341 2010 1396 nobis.»

2144 1329 2233 1406 σον
2272 1352 2448 1404 εἰπεῖν
2489 1349 2569 1410 εἰς
2599 1343 2908 1413 ἐπίπληξιν.
2941 1338 3062 1391 ούδέ
3122 1333 3317 1388 πολλοῦ
3356 1333 3454 1391 δεῖ,
3500 1349 3518 1381 ι
3560 1329 3701 1380 Ἰδοὺ

382 1418 403 1480 ιζ
449 1428 626 1484 Unum
686 1430 906 1501 quidem
952 1429 1249 1500 simplicem
1303 1438 1356 1484 et
1402 1429 1637 1483 vividam
1681 1436 1736 1483 et
1766 1427 2017 1482 lethalem

2140 1446 2343 1515 γέγονεν
2396 1438 2565 1508 Ἀδὰμ
2618 1431 2698 1498 εἷς
2745 1434 2804 1497 ἐξ
2857 1432 3034 1502 ἡμῶν,
3067 1448 3085 1480 ι
3149 1428 3278 1492 καὶ,
3324 1442 3343 1476 ι
3378 1422 3452 1484 ὼς
3497 1417 3579 1483 εἷς
3640 1418 3701 1485 ἐξ

396 1560 412 1574 .
450 1521 657 1575 inducit
694 1521 1045 1585 irrisionetu;
1097 1521 1326 1575 alterum
1372 1536 1502 1576 vero
1563 1536 1657 1591 per
1701 1519 2018 1590 parabolam

2140 1509 2152 1608 ᾗ
2162 1509 2276 1607 μῶν
2295 1552 2309 1566 ³
2338 1552 2357 1585 ι
2382 1533 2443 1585 τὸ
2473 1531 2570 1601 μὲν
2594 1528 2831 1598 ἀκρατον
2861 1525 2954 1578 καὶ
2971 1519 3201 1608 σφοδρόν
3227 1517 3433 1608 ἐπάγει
3447 1513 3537 1608 καὶ
3570 1509 3703 1608 καἰῖ

445 1624 498 1668 ct
530 1614 939 1668 similitudinem
972 1621 1234 1682 temperat
1256 1622 1311 1668 et
1339 1613 1615 1667 imminuit
1640 1611 2020 1681 exprobratio-

2140 1596 2239 1680 ;lov
2258 1624 2352 1677 τὸν
2378 1596 2685 1693 χλευασμόν
2712 1626 2726 1646 ⁸
2784 1612 2846 1667 τὸ
2895 1611 2953 1664 δὲ
2999 1608 3090 1662 διὰ
3117 1607 3216 1676 τῆς
3246 1599 3568 1672 παραϐολῆς
3605 1596 3706 1696 καὶ

448 1723 568 1761 nem
595 1716 649 1762 et
673 1708 939 1763 rationem
974 1707 1266 1776 quamdam
1297 1706 1549 1776 subjiciet
1585 1705 1812 1759 irridere
1856 1704 2021 1760 simul

2140 1715 2434 1789 ipoubosw;
2476 1708 2830 1781 κεκραμένην
2886 1720 3004 1765 πως
3029 1699 3125 1754 καὶ
3153 1695 3547 1769 μετριάζουσαν
3600 1688 3705 1757 τὴν

444 1807 499 1852 et
525 1798 831 1854 irrisionem
860 1798 1164 1865 auferendi,
1225 1813 1350 1854 cum
1378 1797 1621 1853 abinitio
1652 1796 1840 1851 liceret
1870 1795 2023 1850 nullo

2140 1781 2443 1878 ;πιτίμησιν
2490 1803 2653 1862 ποιεῖ,
2712 1797 2807 1851 καί
2830 1812 2951 1849 τινα
3003 1791 3161 1860 λόγον
3196 1787 3383 1857 ὑφέξει
3411 1781 3706 1878 χλευάζεέν

448 1892 613 1945 modo
642 1890 916 1946 irrisionis
945 1891 1178 1946 formam
1209 1888 1417 1945 subire.

2140 1920 2181 1957 ιε
2218 1871 2459 1972 ἄμα-καὶ
2497 1895 2594 1966 τὴν
2618 1891 2819 1965 χλεύην
2836 1883 3207 1958 ὑφαιρεῖσθαι,
3248 1879 3366 1943 ἐξὸν
3388 1877 3482 1929 ἀπ’
3520 1871 3707 1943 ἀρχῆς

517 2066 598 2119 Ad
628 2066 747 2121 haec
790 2072 846 2120 et
874 2064 1009 2119 illud
1060 2062 1456 2118 animadverte.
1511 2061 1569 2117 Si
1621 2058 1921 2121 irridentis,
1978 2057 2026 2113 si

454 2157 758 2211 irrisioneiu
794 2156 1152 2225 exprimentis
1181 2162 1328 2210 esset
1364 2168 1542 2209 sermo
1568 2152 1797 2207 dicens:
1847 2168 1867 2201 ‹
1888 2147 2028 2204 Ecce

448 2250 622 2309 Adam
646 2247 822 2303 iactus
856 2258 940 2303 est
972 2248 1132 2318 quasi
1182 2262 1325 2302 unus
1355 2261 1421 2300 ex
1449 2243 1641 2310 nobis;
1663 2261 1683 2294 ι
1737 2256 1901 2311 quam
1929 2240 2029 2295 ha-

452 2343 579 2398 beat
606 2356 733 2395 cum
767 2353 834 2395 eo
862 2339 1265 2395 connexionem
1295 2348 1353 2393 et
1392 2334 1839 2406 consequentiam
1881 2331 2029 2402 quod

453 2430 725 2501 sequitur,
752 2444 861 2483 non
890 2434 1068 2498 potest
1101 2424 1453 2496 deprehendi.
1504 2421 1739 2479 Perinde
1778 2428 1862 2474 est
1894 2434 1958 2475 ac
1983 2416 2029 2472 si

452 2523 658 2580 diceret
696 2538 711 2576 :
743 2520 1037 2591 Postquam
1066 2518 1311 2575 Adamus
1342 2533 1371 2571 a
1407 2531 1503 2586 spe
1523 2515 1743 2577 decidit,
1777 2527 1883 2583 qua
1910 2526 2033 2565 ere.

452 2624 578 2673 ctus
612 2613 902 2685 supercilia
934 2612 1231 2675 attollebat,
1280 2610 1348 2665 ab
1405 2609 1617 2678 incepto
1674 2602 2033 2661 irrationabili

454 2707 538 2761 vel
566 2705 772 2761 invitus
800 2704 1081 2769 subsedit;
1110 2711 1396 2772 pestquam
1421 2698 1690 2769 superbiae
1727 2695 2035 2753 bumiliatio

456 2794 755 2860 successit;
790 2802 1077 2863 postquam
1112 2789 1371 2845 nuditatis
1410 2787 1584 2858 pudor
1623 2800 1750 2841 eum
1797 2784 2035 2841 circum-

456 2888 645 2953 venit;
676 2885 870 2942 deinde
892 2884 1036 2953 quod
1078 2883 1324 2953 sequitur
1365 2898 1380 2938 :
1429 2887 1761 2950 quapropter
1810 2875 2038 2934 decebat

2122 1998 2216 2052 τὸν
2244 1993 2446 2065 τρόπον
2479 1987 2723 2060 μηδόλως
2752 1979 3006 2035 ὑπελθεῖν
3031 1977 3132 2045 τῆς
3156 1972 3379 2065 χλεύης.

2209 2058 2406 2141 Ἐπίδέ
2432 2058 2644 2142 τούτοις
2662 2076 2883 2131 κάκεῖνο
2898 2066 3237 2136 συλλογίζουο
3261 2064 3310 2116 εί
3332 2058 3709 2128 διασύροντος,

2125 2185 2174 2238 εί
2195 2177 2573 2251 διαγελῶντος,
2602 2174 2651 2225 εί
2682 2164 2962 2241 εἰρωνείας
2984 2156 3379 2251 προὸάλλοντος
3400 2155 3430 2251 ό
3451 2151 3614 2251 λόγος
3641 2143 3712 2218 ἦν

2125 2276 2155 2329 ὁ
2184 2241 2379 2342 λέγων,
2417 2288 2436 2322 ι
2459 2266 2593 2323 Ἰδοὺ
2644 2261 2820 2332 Ἀδάμ
2864 2256 3086 2326 γέγονεν
3121 2250 3196 2313 ὡς
3224 2242 3305 2342 εἷς
3340 2244 3425 2342 ἐξ
3468 2241 3654 2342 ἡμῶν.
3685 2256 3706 2289 ι

2125 2336 2408 2437 τίναῄπρδς
2426 2360 2597 2431 αὐτὴν
2621 2356 2912 2425 συνάφειαν
2934 2348 2969 2419 ἢ
2996 2340 3315 2400 ἀκολουθίαν
3338 2338 3448 2403 ἕξει
3473 2336 3545 2437 16-
3560 2336 3711 2386 ἐπα-

2130 2427 2508 2531 γόμενονίούκ
2548 2427 2613 2505 ἀν
2636 2447 2868 2518 ἐθελήσῃ
2899 2440 3099 2511 γνῶσιν
3144 2432 3487 2502 παρασχεῖνυ
3519 2427 3715 2531 ὅμοιον

2129 2514 2238 2626 ἑδίρ
2268 2514 2400 2603 ὡσεὶ
2430 2545 2637 2613 ἔλεγεν·
2684 2514 2904 2604 Ἐπειδὴ
2931 2532 3040 2588 τῶν
3084 2527 3315 2583 ἐλπίδων
3367 2514 3714 2626 καταπεσῶν

2129 2608 2159 2701 ὁ
2196 2608 2391 2712 usam.
2428 2608 2543 2702 αἷς-
2571 2631 2865 2707 ὀχούμενος
2910 2624 3010 2689 τὰς
3028 2622 3201 2693 ὀφρῦς
3250 2608 3716 2712 ἀγέσπανβριιῗ

2137 2699 2236 2811 μὲν
2258 2699 2352 2790 καί
2378 2699 2539 2785 ’ἄκων
2567 2699 2666 2797 τίῖγς
2688 2699 2883 2792 ἀλόγου
2914 2715 3198 2786 καθυφῆκε
3217 2727 3232 2741 ·
3263 2710 3325 2811 τὸ
3352 2699 3717 2811 γαυρίαμαδὶ

2134 2794 2409 2897 κατήφεια
2456 2794 2729 2885 διεδέξατο
2753 2832 2768 2848 ο
2823 2813 2920 2867 καὶ
2977 2809 3207 2879 αἰσχύνη
3244 2802 3347 2873 τῆς
3375 2794 3719 2897 γυμνώσῗυς

2135 2885 2305 2979 aere;
2332 2914 2759 2991 περιετείχισεν·
2790 2905 2912 2962 εἶτα
2930 2905 2992 2958 τὸ
3034 2897 3373 2991 ἐπαγόμενον
3402 2907 3416 2921 ·
3447 2888 3541 2991 διά.
3557 2885 3721 2991 τοῦτρ

457 2996 583 3037 eum
614 2979 739 3050 ejici
778 2993 807 3032 a
844 2976 1121 3049 paradiso,
1182 2990 1251 3030 ne
1292 2973 1438 3044 quod
1464 2971 1708 3027 audaciae
1735 2969 1813 3024 illi
1844 2983 2033 3040 super-

560 3082 571 3087 -
672 3083 681 3087 -
801 3072 814 3087 ι
899 3069 1015 3087 ,γιθγ
1116 3066 1333 3087 -κ-.-.-ι.2-
1400 3063 1744 3087 -.-Δ--2....,.....
1814 3076 2032 3087 ..ιη-...Μ

2449 2969 2612 3065 αὑτὸν
2642 2999 2974 3071 ἐκϐληθῆναι
3000 2993 3094 3048 τοῦ
3129 2984 3483 3060 παραδείσου,
3517 2980 3607 3032 ἵνα
3642 2976 3722 3087 μη

458 3082 579 3130 erat
635 3083 690 3128 et
730 3069 1025 3127 voluntatis
1086 3066 1339 3137 superbia
1398 3063 1747 3121 audaciorem
1814 3076 2035 3117 manum

461 3164 740 3220 reddentia
765 3163 835 3217 ad
856 3162 1103 3232 rapinam
1137 3158 1479 3227 impellerent
1498 3171 1710 3220 eorum,
1734 3169 1855 3224 quae
1882 3154 2036 3223 prius

463 3272 533 3314 ne
561 3255 829 3324 attingere
857 3251 1078 3322 quidem
1118 3257 1348 3306 conatus
1384 3256 1524 3304 erat.
1582 3244 1724 3302 Num
1772 3246 1885 3301 haec
1932 3244 2037 3301 ali-

465 3361 627 3416 quem
656 3342 1060 3413 consequentize
1105 3340 1371 3395 rationem
1426 3337 1649 3401 habent,
1694 3345 1791 3391 aut
1817 3350 2038 3391 sensum

465 3438 536 3495 ab
579 3435 730 3492 omni
786 3430 1213 3489 contradictione
1283 3443 1479 3498 purum
1540 3425 1801 3482 servant?
1884 3423 2041 3490 Quod

467 3539 648 3586 autem
678 3535 862 3598 postea
887 3524 1065 3579 adhuc
1091 3522 1363 3593 sequitur,
1392 3520 1526 3575 nihil
1546 3520 1782 3589 amplius
1804 3516 2045 3576 ostendit

467 3633 632 3688 quam
661 3616 807 3687 quod
838 3615 1044 3670 dictum
1074 3621 1175 3667 est.
1216 3610 1354 3665 Dicit
1375 3609 1520 3667 enim
1570 3626 1584 3663 :
1642 3627 1661 3659 ι
1689 3606 1754 3665 Et
1800 3621 1945 3660 llllllc
1976 3620 2044 3660 ne

467 3711 611 3768 forte
638 3708 897 3764 extendat
928 3721 1151 3760 manum
1188 3713 1242 3761 et
1273 3701 1644 3773 apprehendat
1695 3699 1935 3759 fructum
1977 3697 2045 3753 de

470 3804 619 3872 ligno
662 3801 784 3855 vitae
823 3807 877 3853 et
937 3796 1187 3852 comedat
1240 3804 1294 3850 et
1337 3795 1479 3851 vivat
1533 3796 1587 3851 in
1627 3800 1891 3847 aeternum
1919 3789 1992 3846 ’°.
2020 3809 2039 3841 ι

468 3892 753 3963 Quomodo
771 3906 877 3947 non
895 3896 1059 3956 patet,
1083 3890 1127 3943 si
1145 3888 1363 3957 eoquod
1388 3888 1455 3941 de
1471 3901 1568 3943 sua
1584 3900 1678 3955 spe
1694 3893 1747 3939 et
1760 3890 2045 3953 exspecta.

472 3988 621 4043 tione
644 3984 925 4047 deciderit,
980 3981 1262 4044 irridetur,
1317 3988 1375 4033 ut
1419 3978 1505 4033 his
1533 3989 1811 4033 ostensum
1856 3984 1960 4039 est,
1994 3982 2049 4029 et

471 4093 691 4133 omnem
718 4091 873 4131 suam
928 4074 1037 4128 vim
1092 4071 1402 4126 inﬁrmitate
1451 4069 1761 4131 mutaverit,
1831 4077 1886 4124 et
1934 4082 2049 4124 sua:

473 4169 683 4225 ﬁducia:
710 4176 932 4238 propter
973 4164 1294 4234 iactantiam
1349 4162 1578 4218 subierit
1604 4162 1900 4231 jaCturam,
1945 4174 2048 4217 nec

475 4261 708 4331 propriis
739 4260 947 4314 viribus
981 4257 1216 4328 potuerit
1244 4256 1471 4326 protegi,
1498 4263 1553 4308 et
1579 4270 1703 4310 eum
1730 4252 1817 4307 his
1846 4252 2047 4322 quibus

471 4364 631 4410 antea
661 4351 866 4422 protegi
902 4349 1167 4413 decuerit,
1218 4356 1475 4417 tanquam
1524 4346 1820 4400 voluntatis
1849 4358 2044 4414 pecca-
2077 4364 2122 4420 ι)

474 4458 588 4502 tum
629 4453 682 4501 et
711 4445 910 4499 vulnus
956 4444 1153 4498 mentis
1205 4439 1554 4511 pcnerositati
1602 4438 1858 4497 alllictum
1898 4436 2049 4489 sutil-

471 4546 681 4602 cerent,
709 4536 860 4591 illum
894 4551 923 4589 a
950 4534 1191 4590 secunda
1235 4532 1464 4588 audacia
1517 4530 1814 4584 recedere?
1875 4526 2048 4585 Mani-

476 4637 675 4685 testum
705 4638 790 4686 est
818 4629 983 4684 etiam
1018 4635 1261 4681 nostram
1295 4624 1351 4677 in
1390 4623 1512 4693 ejus
1567 4622 1781 4691 lapsum
1835 4620 2049 4676 irrisio-

475 4738 597 4775 ncm
679 4732 732 4775 et
807 4717 1134 4784 iuvenilium
1206 4713 1601 4785 cogitationum
1674 4708 2045 4762 inﬁrmitatem

473 4813 754 4867 evidenter
787 4807 1165 4879 proscribere?
1194 4805 1489 4862 Prohibere
1516 4802 1660 4857 enim
1696 4816 1763 4855 ne
1805 4798 1937 4869 quid
1981 4800 2049 4854 de

486 4902 637 4970 ligno
660 4901 782 4953 vitae
806 4897 1176 4968 apprehendat
1194 4934 1209 4948 .
1231 4935 1246 4949 .
1270 4934 1285 4949 .
1310 4934 1324 4947 .
1357 4909 1481 4947 eum
1511 4900 1566 4946 et
1590 4899 1712 4961 post
1741 4899 2045 4959 tranSgres-

480 4991 691 5047 sionem
727 4989 860 5046 satis
892 4989 1087 5042 virium
1116 4987 1369 5045 habuisse
1407 4993 1468 5040 ut
1494 4984 1696 5039 faceret
1721 4981 1862 5051 quod
1887 4988 2048 5036 antea

479 5079 754 5150 nequibat,
803 5089 1052 5135 testatur.
1104 5076 1274 5132 Nemo
1305 5076 1447 5131 enim
1498 5075 1680 5143 aliqua
1708 5087 1767 5128 re
1805 5072 2046 5141 aliquem

478 5172 877 5242 intcrdicitqua
905 5173 1017 5241 jam
1052 5181 1246 5228 natura
1276 5170 1532 5225 exclusus
1548 5176 1652 5223 est.

555 5413 766 5466 Dictum
834 5422 919 5465 est
980 5419 1159 5464 tamen
1214 5423 1245 5460 a
1317 5404 1644 5475 quibusdam
1720 5399 2052 5457 doctissimis

484 5506 615 5564 illud
669 5524 683 5558 ι
746 5524 765 5556 ι
794 5504 931 5558 Ecce
966 5502 1136 5556 Adam
1170 5499 1346 5554 factus
1381 5506 1464 5553 est
1514 5504 1770 5573 tanquam
1800 5509 1943 5551 unus
1985 5509 2051 5550 ex

560 5642 606 5673 "‘
628 5640 761 5700 Gen.
797 5657 942 5706 χχιχ,
979 5638 1089 5693 “ll;

2136 3068 2198 3168 τό
2232 3068 2589 3175 περιγεγονὸς
2637 3068 2809 3165 αὐτῷ-
2838 3068 3037 3163 θράσος
3076 3085 3173 3139 καί⁵
3203 3081 3264 3135 τὸ
3285 3079 3594 3175 ὑπέρογκον
3621 3068 3721 3175 τοῦ

2138 3162 2483 3275 φρονήματος
2512 3162 2853 3264 θρασυτέραν
2878 3182 2976 3255 τὴν
2997 3181 3153 3251 χεῖρα
3176 3169 3612 3275 ἀπεργασάμενα
3627 3162 3726 3275 ,είς

2138 3254 2238 3361 την
2268 3254 2525 3358 (ipsath
2550 3254 2787 3333 ’ἐκείνων
2836 3254 3126 3341 συνελὰσῃ,
3174 3261 3249 3320 ῶν
3288 3261 3430 3361 οὐδ’-
3444 3254 3721 3361 ἅπτεσθαι

2142 3347 2410 3457 πρότερον
2434 3347 2696 3447 οὑδεμίαν
2749 3371 2954 3440 τόλμαν
2982 3359 3355 3418 ἐπεδείκνυτο.
3402 3349 3558 3457 τΑ-ριι.

2141 3440 2255 3548 ἔχει
2284 3440 2406 3529 τίνά
2454 3440 2629 3526 ταῦτα
2680 3466 2837 3532 λόγον
2890 3454 3231 3517 ἀκολουθίας,
3285 3450 3319 3520 ἢ
3365 3440 3725 3548 συγειασὼςξι

2142 3535 2555 3640 καθαρεύουσαν
2598 3560 2777 3631 μάχης
2795 3555 3071 3640 διάνοιανς
3099 3547 3239 3640 ΔΚαλ⁵
3273 3544 3377 3640 μὴν
3400 3539 3563 3640 οὐδἐῖ
3592 3535 3729 3640 μᾶλα

2142 3657 2233 3711 λον
2265 3625 2452 3725 ἕτερον
2492 3649 2553 3702 τὺ
2598 3625 2938 3714 ἐπαγόμενον
2985 3639 3020 3707 ἢ
3064 3636 3126 3689 τὸ
3180 3630 3475 3725 εἰρημένον
3500 3625 3723 3725 -δηλοῖῖ

2143 3748 2294 3817 λέγει
2320 3716 2453 3814 γάρ,
2507 3760 2524 3793 ι
2546 3739 2659 3794 Καὶ
2687 3736 2805 3800 νῦν,
2838 3734 3049 3805 μήποτε
3070 3725 3290 3815 ἐκτείνῃ
3310 3722 3409 3793 τὴν
3422 3721 3600 3817 ⁸χεξρα
3634 3716 3730 3768 καὶ

2143 3810 2285 3910 λάθῃ
2443 3832 2539 3886 τοῦ
2566 3830 2722 3899 ξύλου
2743 3828 2841 3896 τῆς
2865 3824 3009 3893 ζωῆς
3037 3810 3322 3910 καιφάγη
3350 3812 3446 3866 καὶ
3486 3811 3720 3910 {rios-.51:

2146 3934 2226 3995 είς
2253 3893 2346 3983 ⁸τὸν
2376 3893 2620 3980 αἰῶνα.)
2695 3893 2821 3982 Πῶς
2861 3916 2970 3987 γὰρ
3002 3913 3101 3967 οὐκ
3142 3908 3411 3976 ἐπίδηλον,
3440 3907 3491 3957 εί
3535 3902 3625 3971 ἐφ’
3651 3893 3731 3962 οἷς

2145 4025 2245 4095 τῆς
2291 4016 2618 4092 προσδοκίας
2666 4013 2917 4066 διέπεσεν
2971 4003 3312 4077 ἐχλευάζετο,
3380 4000 3457 4060 ὡς
3514 3997 3731 4054 τούτοις

2148 4117 2441 4178 ἐδείκνυτο,
2502 4111 2685 4164 πᾶσαν
2724 4122 2791 4159 τε
2824 4103 3054 4171 δύναμιν
3091 4101 3170 4160 είς
3198 4095 3261 4148 τὸ
3294 4090 3525 4153 ἀσθενὲς
3561 4105 3731 4159 μετα-

2148 4206 2503 4277 ϐεϐλημένος,
2539 4199 2635 4254 καὶ¹
2665 4200 2766 4269 τῆς
2797 4195 2883 4265 ἐφ’
2911 4190 2992 4256 οἷς
3025 4186 3381 4258 ἐσοὸαρεύετο
3409 4183 3734 4253 παρρησίας

2151 4274 2392 4359 ὑποστάς
2423 4293 2737 4362 ἀφαίρεσιν,
2771 4288 2865 4340 καὶ
2893 4285 2954 4338 οὑ
2998 4277 3457 4352 περιτειχίζεσθαι
3516 4274 3735 4341 συνεχό-

2156 4409 2318 4465 μενον
2347 4388 2580 4449 οἴκοθεν,
2622 4382 2903 4453 προσῆκον
2928 4374 2997 4449 ἦν
3032 4370 3107 4430 ὧν
3126 4370 3507 4441 ὀπετειχίζετο
3532 4367 3733 4436 πρότε-

2156 4460 2269 4558 ρον,
2296 4486 2371 4546 ὡς
2396 4481 2563 4551 αὐτῆς
2582 4479 2681 4549 τῆς
2708 4474 2802 4529 τοῦ
2837 4473 3177 4544 βουλήματος
3198 4464 3531 4535 διαμαρτίας
3560 4462 3657 4513 καὶ
3677 4460 3735 4511 τὸ

2153 4554 2623 4653 περιθραυσθῆναι
2650 4571 2713 4624 τὸ
2737 4570 2984 4639 γενναῖον
3022 4563 3115 4619 τοῦ
3154 4561 3502 4633 φρονήματος
3531 4554 3735 4608 ἱκανῶν

2150 4647 2341 4731 ὄντων,
2370 4667 2630 4737 δευτέρας
2647 4663 2808 4717 αὑτὸν
2834 4660 3071 4728 ἀπάγειν
3090 4653 3452 4727 θρασύτητος;
3489 4647 3735 4717 ἐμφανὲς

2151 4765 2210 4818 δὲ
2244 4763 2337 4816 καὶ
2359 4760 2433 4823 ὡς
2459 4758 2617 4829 ἡμῶν
2644 4754 2811 4831 χλεύη
2851 4751 2992 4805 κατὰ
3045 4748 3395 4802 κατάπτωσιν
3422 4741 3594 4795 αὑτοῦ
3625 4739 3734 4791 τῶν

2154 4854 2419 4909 νεανικῶν
2448 4849 2721 4920 λογισμῶν
2745 4847 2837 4901 καὶ
2868 4844 3154 4898 ἀσθένειαν
3180 4837 3480 4906 στηλιτεύει
3497 4850 3736 4904 περιφα-

2155 4948 2279 5010 νῶς.
2343 4946 2417 4998 Τὸ
2444 4946 2501 4998 δὲ
2535 4942 2766 4997 κωλύειν
2784 4937 2944 4993 αὑτὸν
2968 4934 3064 4989 τοῦ
3088 4933 3246 4999 ξύλου
3274 4931 3373 4998 τῆς
3395 4928 3545 4996 ζωῆς
3570 4943 3737 4995 μετα-

2158 5042 2307 5110 σχεῖν
2364 5038 2427 5091 τὸ
2460 5039 2495 5091 ἀ
2518 5075 2533 5090 .
2576 5076 2590 5089 .
2622 5074 2637 5089 .
2671 5071 2687 5087 .
2719 5072 2734 5085 .
2760 5030 2897 5100 μετὰ
2923 5029 3025 5100 τὴν
3064 5024 3376 5095 παράϐασιν
3431 5021 3529 5073 καὶ
3546 5019 3732 5087 ἀνδρί-

2158 5131 2347 5196 ζεσθαι
2403 5130 2578 5182 ποιεῖν
2626 5126 2663 5179 ἃ.
2723 5125 2797 5195 μὴ
2833 5123 3099 5194 πρότερον
3136 5116 3387 5186 ἠδύνατο,
3439 5113 3731 5182 μαρτυρεῖ.

2158 5222 2349 5284 Οὐδεὶς
2383 5220 2492 5289 γὰρ
2511 5219 2767 5289 ἀπείργει
2791 5216 2883 5267 τὸν
2903 5211 3113 5267 οἴκοθεν
3136 5207 3558 5280 ἀπειργόμενον.
3591 5198 3733 5255 Ἀλλ’

2166 5314 2231 5365 ὲκ
2262 5310 2473 5363 πολλῶν
2499 5310 2598 5380 μὲν
2618 5309 2773 5373 ὀλίγα
2797 5305 2989 5359 ταῦτα.

2230 5404 2455 5475 Εἴρηται
2486 5402 2667 5472 μέντοι
2716 5416 2781 5466 γε
2804 5397 2915 5451 τισὶ
2941 5396 3050 5448 τῶν
3068 5393 3433 5464 χαριεστέρων
3453 5388 3531 5449 τὸ,
3565 5406 3582 5437 ι
3605 5386 3735 5439 Ἰδοὺ

2170 5496 2340 5569 ’Δδάμ
2374 5498 2597 5565 γέγονεν
2638 5494 2713 5557 ὡς
2754 5487 2833 5556 εἷς
2875 5490 2933 5556 ἐξ
2974 5487 3154 5559 ἡμῶν,
3196 5504 3214 5536 ι
3246 5484 3309 5537 οὑ
3344 5481 3484 5553 πρὸς
3504 5479 3607 5550 τὴν
3633 5478 3737 5547 τῆς
