3888 6186
198 204 302 271 173

1117 216 1217 277 AD
1262 218 1859 287 AMPHILOCHIUM
1894 224 2244 300 QUIESTIO
2280 226 2493 293 XXIV.

3348 232 3451 300 174

193 316 424 386 Τριὰδος
475 316 753 389 ὑπεροχὴν
791 318 889 390 τὴν
932 320 1215 395 ἀναφορὰν
1260 324 1427 395 ἔχειν,
1466 328 1583 382 ἀλλ’
1612 331 1692 395 είς
1716 331 1777 385 τὸ

1890 335 2073 402 nobis;
2104 354 2123 390 ι
2182 351 2294 391 non
2327 336 2397 392 ad
2431 336 2648 394 Triadis
2685 337 3063 395 excellentiam
3098 340 3312 409 referri,
3354 344 3451 397 sed
3496 376 3509 385 κ

190 409 401 478 πλῆθος
422 410 635 480 ἁφορᾷν
666 409 777 465 τῶν
801 410 1191 485 λειτουργικῶν
1231 417 1326 470 καὶ
1347 418 1659 490 ἀσωμάτων
1687 422 1780 476 δυ-

196 500 438 567 νάμεων.
487 498 629 567 Ἐγὼ
663 500 721 555 δὲ
750 501 938 556 τοῦτον
972 504 1064 558 τὸν
1106 505 1263 575 λόγον
1312 511 1449 579 μετὰ
1471 511 1567 566 τοῦ
1592 513 1777 584 ἐνέχε-

191 588 318 643 σθαι
342 592 462 655 ταίς
487 593 917 664 προειρημέναις
941 596 1165 665 αἰτίαις,
1194 599 1304 653 οὐδ’
1323 601 1436 673 ὁρῶ
1457 602 1575 657 τίνα
1597 605 1778 677 χῶραν

190 680 332 744 ὅλως
364 682 479 751 ἔχει
538 684 940 756 παρεντεθῆναι
1005 689 1262 745 ἐνταῦθα.
1314 691 1453 747 Οὔτε
1512 695 1622 767 γὰρ
1677 697 1778 766 τὴν

192 773 501 845 συμϐουλὴν
531 776 627 829 τοῦ
651 774 833 845 ὄφεως
877 778 1146 852 διασύρει,
1184 782 1307 835 οὐδὲ
1340 784 1589 853 ἀγγέλων
1614 785 1777 857 φύσιν

188 863 445 918 ὑπελθεῖν
465 864 647 937 ἔρωτά
665 867 829 921 ποθεν
852 869 1035 925 λαϐεῖν
1062 873 1092 925 6
1127 872 1296 943 Ἀδὰμ
1316 876 1600 948 ἐφωράθη.
1631 880 1771 933 Οὐδὲ

186 950 259 1021 ἦν
294 955 428 1009 πολὺ
466 956 657 1029 πόρῤω
697 958 857 1031 δόξης
887 962 989 1033 τῆς
1021 964 1324 1037 ἀγγελικῆς
1351 967 1601 1033 διεστὼς,
1633 972 1778 1025 κατὰ

187 1045 283 1099 τὸν
314 1046 637 1119 παράδεισον
660 1050 759 1111 τὰς
794 1051 1080 1124 διατριϐὰς
1123 1054 1281 1125 ἔχων,
1319 1058 1412 1111 καὶ
1442 1059 1544 1129 τῆς
1572 1059 1776 1115 ἀθανα-

189 1138 317 1201 σίας
343 1138 432 1191 έπί
476 1156 542 1208 γε
583 1144 650 1213 τῇ
693 1143 925 1215 προνοίᾳ
952 1144 1047 1199 τοῦ
1081 1146 1394 1223 Πλάσαντος
1440 1151 1732 1207 ἀπολαύων
1756 1169 1772 1185 ·

1878 428 2151 498 respicere
2180 429 2247 483 ad
2282 429 2685 484 multitudinem
2714 440 3027 486 sanctarum
3088 442 3143 488 et
3194 433 3452 504 incorpo-

1877 533 2096 574 rearum
2135 528 2485 590 potestatum.
2574 521 2687 591 Ego
2733 537 2884 583 vero.
2914 532 3274 593 praeterquam
3306 528 3453 594 quod

1877 610 2151 681 praedictis
2179 611 2360 666 causis
2385 610 2631 681 subiacet
2654 612 2741 666 hic
2760 628 2962 681 sermo,
2990 630 3098 669 non
3114 615 3272 670 video
3288 631 3451 686 quem

1878 702 2059 757 locum
2083 701 2283 758 habeat
2324 702 2417 757 hic
2444 702 2718 759 interseri.
2774 704 2961 775 Neque
3003 706 3152 761 enim
3184 710 3457 773 serpentis

1877 790 2167 846 consilium
2238 790 2527 857 obtrectat,
2586 805 2765 860 neque
2812 792 3129 861 angelorum
3198 803 3452 849 naturam

1878 878 2212 948 suscipiendi
2265 894 2509 936 amorem
2556 881 2874 951 concepisse
2921 882 3094 937 Adam
3145 884 3295 939 visus
3344 895 3450 940 est.

1875 969 1995 1027 Non
2036 970 2197 1041 longe
2225 986 2256 1025 a
2307 972 2479 1041 gloria
2530 973 2774 1043 angelica
2800 973 3000 1039 stabat,
3039 974 3169 1029 dum
3202 976 3255 1029 in
3293 992 3455 1045 para-

1875 1063 2001 1119 diso
2031 1065 2474 1119 commorabatur
2504 1074 2560 1118 et
2596 1064 2948 1133 providentiae
2971 1065 3252 1121 Creatoris
3282 1068 3449 1129 bene-

1877 1152 2004 1207 ﬁcio
2032 1153 2441 1210 immortalitate
2474 1153 2782 1209 fruebatur.
2809 1156 3102 1226 Propterea
3136 1171 3245 1211 non
3274 1157 3453 1212 liben-

185 1228 279 1282 διὰ
307 1229 481 1284 ταῦτα
515 1233 698 1285 τοίνυν
733 1235 795 1287 οὐ
836 1236 983 1307 ῥᾴων
1013 1238 1129 1307 είμί
1152 1242 1216 1311 τῇ
1246 1241 1472 1314 τοιαύτῃ
1490 1244 1583 1297 τοῦ
1608 1246 1773 1316 ῥητοῦ

1890 1251 1959 1295 Ler
1996 1241 2091 1296 tali
2145 1242 2310 1311 hujus
2352 1243 2504 1298 verbi
2563 1245 2933 1313 explanationi
3003 1246 3451 1315 acquiescerem;

187 1320 565 1377 συνεπινεύειν
619 1325 921 1399 ἑρμηνείᾳ·
995 1330 1231 1398 μάλιστα
1274 1332 1330 1386 δὲ
1360 1335 1454 1388 κα)⁵
1479 1335 1614 1390 διότι
1667 1356 1774 1411 περ

1890 1332 2176 1401 praesertim
2211 1333 2339 1403 quia
2373 1348 2473 1403 pro
2504 1335 2729 1389 nomine
2751 1345 3003 1405 suscepta
3035 1338 3310 1392 sermonis
3328 1352 3456 1407 pars

185 1412 249 1466 τὸ
266 1415 394 1469 ἀντὶ
446 1416 712 1487 ὀνόματος
743 1421 1104 1490 παραληφθὲν
1152 1425 1246 1478 τοῦ
1304 1425 1466 1495 λόγου
1504 1428 1670 1500 μέρος
1693 1432 1775 1495 είς

1898 1437 1931 1474 ιι
1971 1420 2139 1475 talem
2164 1423 2497 1476 transfertur
2535 1422 2789 1492 ﬁguram.
2839 1423 3005 1480 Forte
3037 1434 3091 1480 et
3130 1427 3199 1481 ab
3227 1427 3351 1483 aliis
3377 1428 3456 1483 in-

184 1504 435 1559 τοιοῦτον
463 1509 863 1579 σχηματίζεται
890 1512 1080 1569 τύπον.
1153 1516 1307 1586 Τάχα
1341 1518 1386 1570 δ’
1419 1517 1487 1572 ἂν
1520 1521 1614 1573 καὶ
1658 1521 1775 1575 ἐτέ-

1890 1522 2035 1567 tenta
2071 1524 2203 1569 sunt
2228 1514 2295 1570 iis
2345 1530 2466 1584 qua:
2513 1515 2655 1571 dicta
2680 1526 2809 1572 sunt
2853 1518 3122 1572 diviniora
3169 1529 3224 1573 et
3274 1519 3456 1589 perfe~

191 1610 310 1662 ροις
347 1596 684 1669 τεθεώρηται
715 1600 825 1653 τῶν
852 1602 1166 1673 εἰρημένων
1193 1604 1442 1678 θειότερα
1471 1625 1531 1661 τε
1561 1610 1655 1664 καὶ
1681 1628 1773 1663 τε-

1890 1604 2069 1658 :tiora.
2102 1603 2187 1659 Me
2203 1620 2331 1660 vero
2349 1621 2525 1677 neque
2548 1607 2712 1662 etiam
2731 1610 3255 1676 eorumjmcmoriam
3272 1619 3457 1667 tenere

185 1684 457 1758 λειότερα.
508 1689 639 1760 Ἐμὲ
675 1691 733 1744 δὲ
757 1692 893 1762 μήτε
926 1694 1148 1765 μνήμην
1191 1695 1338 1768 ἐχειν
1374 1698 1579 1753 τούτων
1609 1702 1780 1771 ἡτῶν

1890 1700 2157 1764 persuasit
2180 1700 2477 1756 munitorum
2502 1709 2556 1756 et
2580 1702 2683 1757 sibi
2715 1704 3125 1759 succedentium
3154 1715 3453 1761 conatuum

188 1777 417 1831 πολλῶν
463 1782 558 1833 καὶ
601 1781 1020 1855 ἀλλεπαλλήλων
1050 1788 1373 1859 πειρασμῶν
1389 1791 1572 1862 πληγὴ
1598 1810 1777 1864 παραυ

184 1870 468 1939 χωροῦσα,
498 1872 622 1943 μηδ’
676 1876 758 1939 είς
806 1875 1034 1946 ἔρευναν
1096 1879 1456 1936 καθίστασθαι
1509 1884 1780 1955 μηδεμίαν

186 1957 375 2013 ἄδειαν
404 1963 778 2035 παρεχομένη,
802 1967 881 2030 εἰς
903 1966 1059 2020 τοῦτο
1084 1971 1193 2039 γὰρ
1222 1971 1368 2041 ἡμᾶς
1389 1975 1416 2027 6
1436 1973 1546 2026 τῶν
1566 1974 1664 2027 ἀνθ
1674 1976 1779 2046 ρώ-

187 2068 313 2104 πων
339 2053 533 2121 φθόνος
557 2056 924 2126 συνέκλεισεν,
956 2058 993 2114 ἆ
1034 2062 1218 2133 παρῆν
1242 2064 1422 2118 εἰπεῖν
1451 2065 1509 2130 ἐξ
1538 2059 1614 2119 ὧν
1649 2083 1777 2120 συν-

187 2145 332 2199 εῖδον
365 2149 505 2203 κατὰ
555 2150 654 2221 τὴν
702 2152 802 2222 σὴν
859 2154 1340 2228 φιλομαθεστάτην
1411 2160 1637 2227 ἀξίωσιν
1680 2162 1780 2215 οὐκ

188 2239 423 2311 ἐπέσχεν
454 2240 711 2313 οὐδεμία·
737 2244 941 2318 καίπερ
976 2286 991 2301 .
1028 2289 1043 2303 .
1079 2290 1094 2304 .
1133 2291 1147 2305 .
1185 2288 1202 2304 .
1239 2292 1255 2307 .
1279 2252 1441 2324 σιγῆς
1465 2256 1737 2325 πρόφασις
1762 2274 1777 2290 ·

187 2329 331 2383 ἀλλὰ
377 2331 522 2385 κατά
551 2334 650 2402 μὲν
680 2334 939 2408 ἐπιϐολὴν
978 2339 1326 2413 κεφαλαιώδη
1369 2345 1468 2397 καὶ
1515 2346 1781 2418 σύντομον

187 2421 288 2475 καὶ
336 2424 527 2494 καιρὸν
553 2425 796 2481 τοιοῦτον
814 2428 1041 2499 ἀρκέσοι
1063 2432 1132 2487 τὰ
1162 2434 1457 2505 εἰρημένα.
1518 2438 1584 2491 El
1639 2438 1698 2492 δέ
1726 2458 1780 2494 τι

189 2516 289 2571 καὶ
325 2517 393 2571 σὺ
425 2518 639 2584 τούτοις
671 2522 967 2593 προσθείης
997 2525 1097 2580 οὐκ
1122 2525 1346 2583 ἔλαττον
1383 2530 1564 2601 σαυτῷ
1605 2531 1641 2603 ἢ
1686 2532 1782 2587 καὶ

189 2608 328 2680 ἡμῖν
355 2626 422 2679 γε
476 2613 591 2675 τοῖς
623 2612 970 2679 διδασκάλοις
1023 2615 1124 2688 τὴν
1166 2617 1330 2690 χάριν
1383 2621 1778 2694 ἀνταποδοιης.

191 2701 325 2764 ἴσως
360 2700 407 2754 δ’
439 2701 505 2756 ἄν
533 2719 679 2767 τινος
709 2704 967 2777 ἀφορμῆς
985 2708 1138 2779 παρὰ
1165 2709 1260 2764 σοῦ
1282 2711 1654 2785 πορισθεισης,
1685 2716 1782 2768 καὶ

190 2793 329 2862 ἡμῖν
351 2791 420 2847 ἂν
452 2794 663 2862 γένοιτο
710 2797 807 2867 τῆς
834 2799 1139 2870 Μωσαῖκῆς
1192 2801 1448 2867 θεοπτίας
1475 2804 1538 2857 οὑ
1590 2805 1782 2877 πόρρω

190 2886 293 2951 τὴν
335 2885 576 2957 σπουδὴν
624 2887 785 2958 ἡμῶν
842 2888 1242 2964 διωθουμένης,
1297 2894 1533 2964 μάλιστά
1584 2913 1648 2966 γε
1687 2898 1781 2952 καὶ

1884 1788 2024 1845 ictus
2065 1790 2271 1845 nullam
2303 1796 2368 1846 ad
2399 1792 2848 1863 investigationes
2895 1796 3218 1852 statuendas
3248 1797 3459 1852 securi-

1881 1888 2051 1934 tatem
2100 1880 2367 1950 przebens.
2427 1882 2513 1937 Ad
2547 1881 2602 1937 id
2629 1884 2776 1938 enim
2810 1900 2913 1941 nos
2940 1885 3221 1940 hominum
3255 1885 3459 1941 invidia

1880 1972 2135 2041 perduxit
2171 1981 2230 2028 ut
2276 1989 2401 2044 qua:
2442 1986 2664 2044 paratus
2699 1991 2849 2031 eram
2882 1977 3065 2034 dicere
3093 1993 3162 2033 ex
3187 1978 3274 2035 his
3336 1992 3461 2047 qua:

1881 2064 2145 2132 intellexi,
2188 2067 2346 2137 juxta
2384 2076 2541 2123 tuam
2588 2068 2930 2139 dignitatem,
2996 2070 3178 2126 dicere
3232 2070 3462 2125 minime

1880 2171 2137 2213 securum
2165 2158 2257 2214 sit.
2306 2159 2571 2226 Quamvis
2596 2200 2612 2216 .
2630 2200 2645 2215 .
2666 2198 2682 2215 .
2704 2199 2721 2216 .
2753 2162 2956 2216 silentii
2980 2171 3298 2231 praeteritus.
3356 2161 3460 2218 Sed

1881 2265 1983 2319 pro
2006 2250 2153 2305 brevi
2183 2259 2238 2306 et
2269 2250 2564 2305 summaria
2587 2253 2943 2321 responsione
2967 2260 3023 2306 et
3056 2267 3157 2321 pro
3186 2252 3282 2308 tali
3323 2262 3461 2307 tem-

1880 2355 2012 2412 pore
2050 2342 2166 2398 haec
2202 2340 2473 2398 subiciant
2500 2341 2665 2396 dicta.
2715 2340 2771 2397 Si
2815 2350 2996 2397 autem
3022 2352 3077 2398 et
3121 2352 3180 2397 tu
3203 2330 3290 2398 his
3319 2342 3462 2414 adji-

1881 2447 2061 2500 ceres,
2119 2448 2230 2489 non
2258 2433 2444 2489 minus
2470 2434 2570 2489 tibi
2606 2450 2772 2504 quam
2819 2434 2983 2490 nobis
3032 2433 3312 2504 magistris
3353 2435 3462 2497 tuis

1880 2526 2112 2597 gratiam
2143 2525 2494 2596 rependeres.
2561 2525 2766 2582 Forsan
2814 2540 2943 2581 vero
2997 2526 3043 2580 si
3076 2525 3338 2595 quiddam
3371 2541 3466 2596 ag-

1881 2615 2184 2687 gredereris
2221 2616 2355 2687 ipse,
2381 2614 2622 2673 Mosaica
2662 2615 2872 2670 visione
2910 2630 3025 2669 nou
3057 2613 3247 2684 procul
3288 2616 3457 2669 ardo-

1882 2724 1998 2764 rem
2039 2718 2290 2764 nostrum
2335 2718 2668 2774 removente,
2713 2708 3014 2779 praesertim
3051 2722 3182 2764 vero
3223 2707 3389 2763 malis
3410 2717 3466 2763 et

1881 2799 2158 2865 continuis
2182 2799 2472 2857 affectibus
2511 2800 2833 2871 potentioris
2860 2800 3238 2856 benevolentia
3276 2800 3464 2855 immi-

1881 2891 2054 2958 nutis,
2103 2892 2318 2949 adesset
2344 2891 2547 2963 aliquid
2589 2892 2887 2962 sapientius
2925 2891 2993 2947 de
3032 2889 3464 2963 praecedentibus

189 2975 302 3029 τῶν
327 2977 663 3048 συνεχόντων
686 2978 873 3034 παθῶν
901 2982 1160 3054 εὐμενείᾳ
1185 2982 1280 3037 τοῦ
1299 2984 1606 3056 κρείττονος
1624 2985 1780 3041 ἐλατ-
1808 3024 1851 3083 C
1887 2982 2136 3055 cogitari.

190 3067 503 3138 τουμένων,
542 3068 855 3143 σοφώτερόν
886 3090 938 3126 τι
959 3073 1091 3145 περὶ
1119 3073 1230 3127 τῶν
1261 3074 1641 3146 προκειμένων
1661 3074 1776 3131 δια·

193 3158 480 3229 νοηθῆναι.

723 3274 1062 3331 ΕΡΩΊἮΣΙΣ
1100 3279 1225 3333 ΚΔ’.

193 3360 330 3430 Πῶς
362 3365 615 3442 θεᾼητός
640 3383 706 3442 ξε
731 3366 831 3442 καί
852 3367 1145 3442 ἀθέλῃτος
1180 3369 1262 3437 τῷ
1304 3373 1490 3442 Harp!
1532 3375 1567 3428 ὁ
1593 3372 1775 3428 θάνα-

265 3451 369 3500 τος
390 3434 610 3509 λέγοιτξ
644 3435 723 3490 ἂν
753 3433 908 3509 εἶναι
929 3433 1038 3492 τοῦ
1061 3433 1320 3509 Χριστοῦ
1343 3460 1357 3473 ο
1390 3433 1491 3496 add
1517 3444 1643 3509 πῶς
1666 3443 1770 3498 πά-

263 3509 373 3582 ιξιν
401 3508 434 3559 ό
455 3506 648 3582 ξιύτὸς
680 3507 970 3582 συνέλθοι
1017 3506 1116 3575 τῷή
1138 3512 1383 3581 πονηρῷ
1428 3506 1679 3582 θελητός
1713 3531 1776 3568 τε

271 3573 399 3646 ἅμα
424 3571 577 3630 εἶναι
601 3571 701 3631 καὶ
735 3576 1050 3645 ἁθέλητος.

2188 3284 2519 3355 QUAESTIO
2552 3284 2713 3340 xxrv
2747 3283 3082 3358 [al.XXlll}.

1881 3380 2156 3448 Quomodo
2188 3388 2239 3434 et
2276 3379 2578 3433 voluntaria
2626 3389 2674 3433 et
2706 3378 3069 3432 involuntaria
3111 3376 3291 3431 Patri.
3317 3390 3479 3448 mors.

1949 3451 2152 3507 Christi
2185 3450 2293 3503 dici
2325 3458 2480 3517 queat
2505 3450 2688 3517 fuisse.
2721 3448 2790 3501 Et
2811 3447 3072 3518 quomodo
3100 3462 3287 3500 rursus
3327 3445 3468 3518 asci-

1950 3522 2045 3574 dat
2098 3530 2157 3575 ut
2201 3514 2384 3573 eadem
2420 3514 2560 3572 mors
2591 3514 3163 3572 diabolo'voluntart’a
3199 3514 3489 3585 simulque»

1952 3590 2321 3644 involuntaria
2365 3590 2546 3658 fuerit.

1334 3696 1475 3746 Edita
1506 3712 1532 3747 a
1557 3697 1701 3757 Maio,
1722 3701 1851 3751 Nov.
1882 3701 2022 3762 COIL,
2046 3708 2083 3753 t.
2109 3702 2148 3764 Ι,
2177 3715 2227 3765 p.
2250 3700 2329 3750 74.

264 3772 339 3828 α’.
389 3774 456 3828 Ἦ
501 3773 601 3844 μὲν
628 3775 722 3830 οὖν
755 3777 964 3847 ἀπορία
992 3777 1426 3851 γλαφυρωτέρας
1458 3782 1602 3847 τινὸς
1639 3786 1777 3837 θεω-

198 3867 324 3940 ρίας
381 3868 604 3921 ἀπαιτεῖ
649 3868 746 3923 καὶ
796 3870 1125 3941 διακρίσεως
1171 3872 1362 3940 λόγον·
1415 3874 1515 3928 οὐκ
1567 3875 1683 3929 ἔστι
1735 3877 1780 3930 δ’

196 3961 571 4032 ἀπρόσδεκτον
599 3964 919 4035 ἐπικουρίας
942 3965 1204 4035 ἑκάτερον
1223 3965 1332 4020 τῶν
1354 3967 1775 4038 ἀπορουμένων,

198 4053 484 4122 ἀξιόλογον
518 4054 928 4127 ἐπιδειχθῆναι·
975 4056 1055 4109 δεῖ
1093 4056 1138 4111 δ’
1165 4057 1258 4111 οῦν
1296 4059 1482 4113 ἐκεῖνα
1513 4059 1782 4131 πρότερον

200 4147 282 4209 είς
306 4146 415 4215 τὴν
444 4145 799 4216 ὲνισχύουσαν
833 4148 1007 4219 ῥοπὴν
1047 4150 1444 4218 ἀναγαγόντας,
1473 4148 1617 4203 οὕτω
1641 4150 1785 4204 κατὰ

198 4239 300 4308 τὴν
328 4240 719 4309 προσήκουσαν
751 4239 906 4304 τάξιν
935 4240 1030 4293 καὶ
1078 4244 1175 4312 τὴν
1205 4241 1360 4295 λύσιν
1389 4242 1622 4309 ἐπάγειν
1657 4259 1780 4295 πει-

1960 3790 2011 3843 l.
2042 3788 2279 3853 Quaestio
2306 3786 2421 3841 haec
2457 3785 2621 3855 paulo
2641 3785 2853 3841 altioris
2903 3783 3271 3839 meditationis
3307 3790 3472 3853 atque

1889 3875 2300 3946 disceptationis
2323 3874 2628 3931 orationem
2657 3874 2918 3945 postulat.
2937 3872 3127 3945 Neque
3151 3882 3473 3945 argumenta

1890 3968 2108 4031 desunt,
2135 3966 2337 4037 quibus
2390 3974 2626 4037 utraque
2667 3965 2935 4021 dubitatio
2986 3965 3121 4021 satis
3150 3965 3330 4035 gravis
3376 3965 3470 4018 de-

1890 4058 2185 4114 monstrari
2217 4066 2417 4128 potest.
2448 4056 2590 4129 Ergo
2615 4071 2754 4127 opus
2797 4065 2900 4123 est,
2934 4064 3011 4111 ut‘
3042 4055 3276 4126 primum
3308 4053 3472 4108 dubia

1891 4150 2007 4205 haec
2054 4150 2169 4205 suis
2213 4149 2427 4220 singula
2460 4150 2753 4205 momentis
2805 4149 3181 4212 corroborata,
3230 4159 3475 4217 expona-

1892 4255 2051 4307 mus;
2079 4241 2272 4297 deinde
2315 4250 2376 4295 ut
2414 4240 2761 4296 convenienti
2811 4240 3004 4294 ordine
3048 4237 3117 4292 ad
3155 4237 3470 4293 earumdem

202 4330 442 4402 ρᾶσθαι·
474 4331 609 4384 ἀλλὰ
638 4331 745 4404 γὰρ
776 4332 858 4385 ὅτι
894 4332 991 4403 μὲν
1031 4332 1245 4404 θέλημα
1289 4332 1380 4386 τοῦ
1412 4333 1627 4403 Πατρὸς
1652 4328 1721 4403 ῆν
1758 4334 1781 4385 6

1892 4333 2211 4388 solutionem
2228 4331 2626 4403 aggrediamur.
2656 4329 2799 4386 Sane
2820 4331 2966 4401 quod
2993 4328 3173 4384 Patris
3196 4327 3473 4383 voluntate

201 4424 442 4497 σταυρὸς
474 4422 570 4477 τοῦ
596 4423 856 4495 Χριστοῦ,
885 4424 1049 4488 αὐτὸς
1075 4426 1108 4489 ἡ
1118 4424 1224 4494 μᾶς
1253 4425 1281 4476 6
1318 4424 1510 4495 Σωτὴρ
1539 4423 1781 4477 διδάσκει

200 4517 259 4568 ὲν
289 4518 359 4587 τῇ
393 4514 486 4568 τοῦ
513 4514 744 4570 θανάτου
776 4514 1106 4585 παραιτήσει
1124 4514 1320 4582 λέγων·
1352 4531 1371 4566 ι
1401 4512 1549 4576 Πλὴν
1576 4513 1698 4585 οὐχ)⁸
1721 4513 1785 4567 τὸ

203 4609 336 4678 ὲμδν
370 4608 604 4680 θέλημα,
621 4608 757 4663 ἀλλὰ
780 4607 842 4662 τὸ
863 4608 954 4663 σὺν
981 4609 1273 4678 γενέσθω,ι
1304 4609 1470 4680 ἡνίκα
1494 4609 1555 4663 τὸ
1584 4608 1783 4674 πάθος,

202 4705 301 4771 τῆς
334 4701 689 4773 ἀνθρωπίνης
717 4701 934 4772 φύσεως
976 4702 1075 4774 τὴν
1128 4701 1388 4770 ἁληθείαν
1440 4702 1786 4765 ἐπιδεικνὺς,

205 4793 496 4865 ἁπηύχετό
548 4812 607 4848 τε
641 4795 738 4848 καὶ
781 4794 1043 4865 ἀθέλητον
1087 4794 1401 4865 ὠνόμαζεν·
1433 4795 1494 4848 οὐ
1533 4793 1695 4865 μόνον
1732 4794 1791 4847 δὲ

206 4888 351 4952 τότε,
392 4884 528 4939 ἀλλὰ
558 4887 651 4939 καὶ
683 4886 844 4957 ἡνίκα
874 4886 1174 4956 ἐπετίμησε
1200 4885 1280 4957 τῷ
1301 4884 1514 4957 Πέτρῳ,
1534 4886 1790 4958 φρόνημα

210 4975 311 5045 μὲν
350 4975 451 5029 τοῦ
485 4974 621 5029 Θεοῦ
669 4974 839 5029 εἰπὼν
874 4975 965 5030 τὸν
1013 4975 1263 5030 ἑκούσιον
1313 4975 1543 5031 θάνατον
1586 4976 1787 5030 αὐτοῦ·

210 5071 473 5140 φρόνημα
508 5070 566 5123 δὲ
601 5070 872 5136 διαὸόλου,
904 5063 949 5140 ᾧ
972 5070 1037 5141 δὴ
1068 5073 1159 5124 καὶ
1188 5073 1216 5125 6
1246 5071 1452 5141 Πέτρος
1471 5112 1486 5138 ,
1519 5068 1581 5135 ἐξ
1604 5064 1666 5125 οὗ
1697 5071 1794 5125 καὶ

209 5160 308 5230 τὴν
359 5160 573 5215 ἐκείνου
622 5161 812 5231 κλῆσιν
856 5161 1246 5227 κατεδικάζετο
1272 5204 1286 5227 ,
1327 5161 1633 5232 τηνικαῦτα
1667 5179 1793 5216 συν-

218 5254 492 5324 υπήγετο,
531 5254 582 5307 εί
617 5253 711 5307 καὶ
738 5254 813 5323 μὴ
843 5254 908 5308 ὲκ
938 5256 1037 5324 τῆς
1069 5254 1239 5325 αὐτῆς
1265 5254 1559 5318 διαθέσεως
1583 5270 1596 5284 ·
1631 5255 1659 5306 ὁ
1694 5255 1793 5324 μὲν

217 5345 327 5415 γὰρ
358 5347 421 5397 ἐκ
451 5344 835 5417 φιλοστοργίας
868 5344 1063 5415 καιρὸν
1092 5345 1193 5398 οὐκ
1226 5343 1459 5415 ἐχούσης
1492 5383 1507 5409 ,
1545 5347 1573 5398 6
1606 5344 1664 5397 δὲ
1697 5345 1796 5413 τὴν

220 5437 379 5507 ἡμῶν
409 5435 471 5501 ἐξ
523 5431 598 5491 ὧν
649 5437 977 5508 ἐκακούργει
1020 5438 1115 5490 καὶ
1172 5437 1428 5509 ὲνήδρευε
1484 5437 1789 5507 σωτηρίαν·

222 5530 338 5584 ἀλλ’
367 5527 461 5584 οὖν
506 5531 585 5594 εἰς
616 5531 675 5583 ἒν
732 5532 1042 5601 συνέρρεον,
1076 5530 1250 5584 καίτοι
1284 5531 1508 5599 γνώμης
1554 5532 1795 5601 ἐκμαχο-

290 5643 333 5676 ²¹
367 5641 559 5699 Matth.
596 5660 743 5709 xxvi,
799 5645 885 5700 59.
962 5644 1007 5675 ²¹
1037 5640 1227 5698 Matth.
1262 5657 1392 5713 axvr,
1436 5640 1526 5697 25.

1887 4439 2107 4481 crucem
2125 4423 2378 4480 Christus
2395 4422 2695 4493 pertulerit,
2724 4424 2839 4492 ipse
2869 4438 2967 4477 nos
2996 4421 3253 4476 Servator
3276 4417 3475 4473 certio-

1886 4530 1976 4571 res
2006 4516 2153 4582 l‘acit,
2175 4516 2301 4569 dum
2324 4530 2512 4570 necem
2537 4515 2606 4570 ab
2640 4530 2698 4570 se
2718 4514 3015 4584 deprecans
3037 4513 3113 4567 ait
3140 4531 3154 4567 :
3197 4530 3215 4563 ι
3245 4508 3475 4565 Verum-

1891 4618 2073 4663 tamen
2111 4623 2219 4662 non
2244 4622 2360 4662 mea
2384 4608 2658 4669 voluntas,
2684 4604 2779 4661 sed
2806 4614 2899 4660 tua
2929 4604 3022 4658 ﬁat
3044 4604 3118 4670 “;
3159 4620 3177 4654 ι
3214 4615 3320 4671 quo
3336 4609 3476 4654 temo

1888 4716 2019 4773 pore
2035 4698 2576 4755 scilicetuthumana:
2589 4705 2797 4752 natura:
2809 4695 3087 4750 veritatem
3104 4692 3474 4753 conﬁrmaret,

1891 4802 2119 4848 mortem
2159 4791 2512 4847 aversabatur
2555 4788 2766 4857 sibique
2828 4785 3250 4841 involuntariam
3275 4784 3474 4839 aiebat.

1896 4884 2082 4955 Neque
2124 4893 2254 4939 tunc
2292 4881 2491 4947 solum,
2525 4880 2618 4936 sed
2661 4877 2825 4934 etiam
2876 4891 2998 4933 cum
3032 4875 3250 4930 Petrum
3298 4876 3476 4931 incre-

1892 4979 2030 5050 puit,
2052 4977 2143 5031 Dei
2160 4976 2393 5033 consilio
2412 4982 2662 5037 mortem,
2677 4986 2840 5042 quam
2858 4978 3048 5040 sponte
3070 4968 3319 5023 obiturus
3337 4977 3476 5031 erat,

1896 5071 2170 5125 decretam
2196 5067 2368 5133 ait“;
2397 5063 2595 5119 diaboli
2639 5071 2820 5118 autem
2869 5059 3151 5116 molimine
3179 5069 3310 5114 tunc
3348 5074 3477 5130 pro-

1898 5162 2148 5225 hibitam,
2177 5162 2414 5229 itemque
2442 5173 2472 5212 a
2501 5157 2681 5219 Petro,
2711 5156 2808 5226 qui
2838 5154 2909 5210 ob
2939 5155 2991 5209 id
3023 5152 3223 5209 diaboli
3254 5152 3475 5206 nomine

1899 5256 1965 5311 ad
1998 5252 2353 5326 ignominiam
2404 5258 2625 5306 notatus
2672 5248 2794 5304 fuit.
2843 5248 3030 5319 Neque
3073 5257 3253 5301 tamen
3282 5244 3473 5300 eodem

1899 5347 2066 5402 animi
2092 5345 2354 5401 instinctu
2394 5351 2620 5413 uterque
2643 5341 2924 5406 ciebatur;
2956 5338 3051 5394 sed
3096 5337 3475 5407 intempestiva

1901 5438 2273 5495 benevolentia
2314 5436 2535 5501 Petrus;
2566 5434 2759 5490 salutis
2787 5443 2989 5488 nostrae
3032 5432 3158 5487 odio
3191 5445 3254 5485 ac
3292 5443 3477 5499 perse-

1904 5531 2122 5590 cutione
2156 5530 2425 5588 diabolus.
2467 5528 2770 5597 Creteroqui
2797 5540 2985 5595 reapse
3015 5524 3202 5579 eodem
3228 5520 3475 5576 contine.
