3888 6186
412 185 519 261 ίτῧ

1576 194 1841 253 ΡΗΟΤΙῙ
1875 192 2386 254 ΡᾹῬΒΙΑΒΟΗΖΕ
2421 192 2532 254 GP.

3592 182 3697 250 176

406 297 543 359 bant
581 306 896 368 Quanquam
923 298 1139 355 diversa
1172 310 1353 355 mente
1372 302 1594 372 perciti,
1620 319 1820 375 nempe
1855 316 1917 360 ut
1939 320 1998 360 ne

2112 306 2280 377 μένης
2309 306 2654 378 ὡρμημένοι,
2685 304 2749 357 τὸ
2786 303 2864 374 μὴ
2902 301 3191 373 βούλεσθαι
3225 298 3421 355 παθεῖν
3444 297 3514 351 τὰ
3544 299 3696 367 πάθη

407 387 664 445 Christus
708 398 1034 459 pateretur:
1064 392 1226 463 cujus
1279 396 1464 464 passio
1498 396 1754 453 humanae
1784 406 2003 453 natura:

408 482 762 551 passionibus
808 483 1138 542 medicinam
1192 485 1342 543 fecit.
1392 486 1528 543 Nam
1582 502 1707 544 cum
1754 500 2003 549 cerneret

410 573 669 645 princeps
694 573 923 630 malitiae
949 586 1140 630 auctor
1163 576 1430 633 illibatum
1462 577 1594 634 illud
1652 581 1874 651 Deoque
1907 581 1991 635 di-

409 677 577 732 gnum
602 678 805 735 corpus
837 664 1101 736 physicis,
1132 683 1253 736 quae
1301 677 1483 739 tamen
1532 669 1801 726 dedecore
1846 672 2000 726 omni

411 755 693 821 carebam,
726 758 1078 829 passionibus
1128 760 1450 828 obnoxium,
1477 762 1704 831 insidias
1724 764 1783 819 ei
1806 764 2001 819 molie-

413 847 593 914 batur,
623 863 828 918 easque
869 848 1089 907 eﬂ‘ectas
1116 851 1252 906 dare
1283 854 1558 909 studebat.
1600 854 1817 911 Rursus
1848 856 1905 919 iu
1928 870 1999 911 eo

411 938 713 994 observans
740 940 939 995 divina:
985 941 1266 1010 dignitatis
1296 945 1645 1013 Splendorem
1683 960 1780 1015 per
1816 947 2000 1016 prodi-

411 1033 500 1100 gia
537 1042 945 1107 coruscantem,
976 1034 1341 1103 cohibebatur
1368 1050 1434 1090 ac
1452 1037 1653 1106 pedem
1686 1036 1997 1093 referebat:

405 1138 470 1179 ac
492 1125 655 1181 modo
685 1124 1025 1183 Dominicam
1052 1127 1244 1184 volens
1271 1138 1523 1196 mortem,
1561 1130 1724 1186 modo
1747 1131 1997 1185 eamdem

369 1275 373 1281 ,
407 1219 619 1285 nolens,
662 1235 695 1275 a
726 1222 967 1292 versutia
998 1236 1095 1277 sua
1125 1224 1192 1278 ad
1243 1224 1460 1278 consilii
1505 1224 1747 1295 inopiam
1810 1235 1998 1279 trans-

406 1310 539 1368 ibat.
566 1312 672 1368 Sed
702 1313 951 1385 [denique
985 1315 1238 1370 timorem
1273 1317 1493 1374 vesania
1533 1316 1833 1387 superavit.
1860 1315 1998 1383 Nam

404 1404 634 1471 caedium
660 1415 944 1462 auctorem
972 1424 1109 1474 suus
1142 1408 1318 1479 magis
1341 1425 1461 1463 inus
1490 1410 1800 1475 delectavit,
1832 1425 1998 1478 quam

406 1496 572 1552 timor
624 1498 749 1553 inde
784 1500 970 1554 oriens
1019 1502 1335 1558 absterruit.
1392 1503 1483 1573 Sic
1524 1504 1689 1574 igitur
1715 1506 1999 1560 evidenter

403 1596 574 1649 sacrae
600 1599 804 1644 nostra:
827 1589 1127 1661 Scriptura:
1147 1594 1448 1663 praedicant
1466 1597 1831 1651 voluntariam
1851 1595 1997 1650 Patri

2102 403 2206 474 τῆς
2244 401 2597 475 ἀνθρωπίνης
2650 400 2842 455 ίάσατο
2875 399 3125 468 φύσεωςο
3167 395 3315 467 ὁρῶν
3362 393 3465 463 μὲν
3509 392 3623 463 γάρ
3666 392 3699 445 6

2102 498 2205 568 τῆς
2238 496 2441 561 κακίας
2469 495 2858 566 γενεσιουργὺς
2882 493 2944 547 τὸ
2972 492 3356 562 πανάχραντον
3384 490 3567 542 έκεῖνο
3601 486 3699 541 καὶ

2104 589 2411 662 θεοπρεπὲς
2435 590 2597 660 σῶμα
2626 589 2741 652 τοῖς
2769 586 3020 657 φυσικοῖς
3046 584 3143 637 καὶ
3173 581 3528 651 ἀδιαϐλῆτοις
3550 579 3692 634 ὐπο-

2103 683 2357 751 κείμενον
2385 681 2610 747 πάθεσι,
2641 681 2741 751 τὴν
2770 678 3063 751 ἐπιϐουλὴν
3091 674 3350 730 ὲϐούλευέ
3384 686 3444 727 τε
3486 672 3586 727 καὶ
3616 672 3699 736 είς

2101 776 2267 847 ἔργον
2312 774 2473 844 ἄγειν
2522 773 2890 838 ἐσπούδαζενο
2939 770 3083 843 ὁρῶν
3136 768 3195 823 δὲ
3231 768 3397 823 πάλιν
3444 766 3535 819 διά
3585 764 3698 818 τῶν

2103 867 2265 939 θεοση
2274 869 2447 939 μείων
2466 867 2567 937 τῆς
2594 866 2788 937 θεῖκῆς
2816 865 2975 928 ἀξίας
3001 863 3102 936 τὴν
3129 861 3327 933 αἴγλην
3348 858 3698 930 ὑπεραστράο

2101 976 2368 1026 πτουσαν,
2407 957 2798 1014 συνεστέλλετό
2822 975 2883 1011 τε
2920 956 3017 1011 καὶ
3040 953 3317 1019 ἀνεδύετο,
3349 954 3443 1005 καὶ
3466 951 3609 1023 πρὸς
3634 950 3700 1003 τὸ

2103 1051 2281 1106 θέλειν
2302 1069 2361 1105 τε
2382 1052 2502 1123 ἄμα
2529 1053 2622 1104 καὶ
2653 1052 2728 1122 μὴ
2763 1049 2942 1105 θέλειν
2966 1048 3056 1103 τὸν
3085 1045 3421 1101 Δεσποτικὸν
3454 1044 3698 1098 θάνατον

2104 1144 2515 1216 ὑποφερόμενος
2539 1184 2553 1207 ,
2603 1142 2701 1214 τὴν
2757 1140 3006 1213 μηχανὴν
3052 1135 3199 1209 εἶχεν
3241 1137 3327 1197 είς
3375 1134 3699 1205 ἀμηχανίαν

2102 1236 2591 1308 καταστρέφουσαν
2611 1250 2626 1266 ⁸
2667 1236 2818 1305 ὅμως
2858 1232 3013 1287 ἐνίκα
3067 1230 3128 1285 τὺ
3153 1229 3327 1284 δειλὸν
3352 1230 3387 1300 ὴ
3417 1228 3697 1289 ἀπόνοια·

2101 1326 2179 1396 τῷ
2212 1328 2324 1399 γὰρ
2364 1328 2468 1397 τῆς
2503 1327 2819 1397 μιαιφονίας
2865 1324 3089 1396 τεχνίτῃ
3147 1322 3348 1394 μᾶλλον
3379 1319 3600 1390 αἱρετὸν
3635 1317 3703 1372 τδ

2104 1419 2354 1490 σύνηθες,
2377 1420 2413 1491 ἢ
2445 1421 2677 1491 φοϐερὸν
2705 1421 2734 1474 6
2763 1419 3134 1488 ἐπιφυόμενος
3167 1415 3331 1486 φόϐος
3350 1432 3362 1448 ·
3388 1413 3529 1467 οὕτω
3558 1411 3703 1483 γοῦν

2102 1509 2365 1578 ἐμφανῶς
2392 1510 2502 1568 τῶν
2526 1511 2698 1581 νίερῶν
2727 1512 2759 1577 ἠ
2770 1509 2886 1580 μῶν
2918 1507 3131 1578 Λογίων
3181 1505 3403 1576 θελητὸν
3429 1499 3573 1559 εἶναι.
3619 1502 3703 1573 τῷ

2104 1600 2285 1670 Πατρὶ
2317 1600 2409 1655 τὸν
2442 1600 2674 1655 θάνατον
2711 1601 3201 1672 ἀνακηρυττόντων
3233 1598 3328 1652 τοῦ
3381 1596 3531 1659 Υίοῦ,
3563 1595 3705 1648 ἀθέ-

403 1689 631 1741 mortem
661 1680 783 1736 Filii
808 1681 1001 1749 fuisse,
1050 1684 1477 1751 involuntariam
1530 1699 1711 1741 autem
1742 1687 1986 1741 diabolo.

2106 1668 2263 1765 λητον
2289 1696 2346 1748 δὲ
2373 1695 2451 1767 τῷ
2482 1694 2740 1765 πονηρῷ·
2780 1694 2844 1747 τὸ
2874 1668 2982 1764 γάρ
3025 1694 3107 1747 ὃτι
3141 1691 3342 1756 παντὸς
3370 1688 3518 1758 αὐτῷ
3554 1687 3706 1756 μᾶλ-

403 1772 667 1847 Btta‘meu
688 1776 831 1845 quod
860 1776 1006 1832 idem
1045 1776 1299 1843 diabolus
1332 1778 1516 1835 crucis
1547 1779 1875 1850 supplicium
1912 1780 1998 1834 iu-

404 1864 699 1937 lligeu‘dum
729 1867 815 1922 vel
847 1868 1095 1939 apprime
1114 1870 1420 1937 curaverit,
1444 1880 1566 1925 tum
1592 1886 1668 1926 ex
1701 1871 1828 1926 aliis
1862 1886 2000 1927 con-

404 1959 650 2037 jecturis,
670 1968 793 2025 tum
819 1977 885 2015 ex
910 1962 1012 2018 hac
1035 1962 1261 2019 indubia
1292 1964 1550 2034 colligere
1585 1964 1875 2036 licet,quia
1917 1967 1999 2020 vi-

404 2052 602 2123 delicet
633 2051 918 2113 Judaicam
948 2056 1065 2125 ipse
1092 2067 1310 2128 gentem
1333 2058 1400 2113 ad
1424 2057 1644 2123 facinus
1676 2060 1999 2124 concitavit,

404 2161 515 2215 quo
550 2146 861 2205 Servatoris
889 2149 1067 2206 caedes
1107 2159 1328 2221 peracta
1372 2151 1497 2207 fuit.
1532 2152 1703 2223 Atqui
1748 2154 2001 2223 explora-

404 2246 520 2312 tum
550 2250 708 2311 aeque
734 2248 840 2308 est,
866 2238 990 2305 Filii
1026 2242 1338 2312 passionem
1371 2252 1571 2315 praeter
1593 2243 1785 2300 Patris
1804 2245 2003 2300 volun—

406 2338 571 2386 tatem
628 2333 965 2405 contigisse;
998 2334 1051 2390 id
1090 2336 1240 2407 quod
1295 2337 1681 2409 progrediente
1751 2341 2003 2402 oratione

406 2425 734 2493 luculentius
750 2425 1139 2487 declarabitur.

469 2516 527 2572 2.
550 2519 663 2591 Age
686 2530 838 2585 vero,
855 2520 1176 2589 quaestionis
1191 2520 1304 2593 jam
1327 2531 1474 2578 statu
1500 2524 1997 2595 proposito,‘scqui-

404 2621 493 2685 tur
516 2614 787 2669 ut'mentis
818 2616 1107 2687 ratiocinio
1133 2623 1188 2671 et
1217 2617 1660 2674 consideratione
1683 2635 1999 2683 noscamus,

405 2705 615 2776 etiamsi
643 2706 781 2765 forte
810 2708 957 2763 circa
992 2710 1239 2779 eamdem
1274 2724 1411 2777 rem,
1432 2708 1773 2768 Dominicam
1809 2728 2003 2783 nempe

404 2807 662 2868 mortem,
682 2802 959 2873 contraria
981 2802 1254 2871 dicantur,
1282 2803 1430 2858 haud
1457 2806 1571 2859 haec
1597 2814 1776 2860 tamen
1801 2814 2003 2861 secun-

404 2897 534 2961 dum
568 2896 794 2950 modum
830 2896 1082 2959 eumdem
1115 2897 1246 2952 dici.
1288 2897 1537 2968 Namque
1576 2915 1746 2955 unum
1779 2900 1999 2965 dicitur,

405 2996 672 3059 quatenus
684 3002 930 3047 aerumna
942 2996 1023 3042 est
1037 3003 1202 3059 quam
1218 2988 1472 3045 Christus
1491 2990 1721 3061 patitur;
1738 2990 1996 3053 alterum,
2029 3024 2072 3085 ο

405 3088 679 3153 quatenus
711 3077 927 3149 fructus
956 3078 1186 3149 paritur.
1217 3077 1455 3135 Fructus
1480 3091 1658 3136 autem
1691 3080 1814 3150 ejus
1844 3081 1996 3135 necis

405 3172 530 3245 luit,
560 3172 710 3229 salus
760 3171 985 3233 humani
1015 3172 1231 3243 generis
1276 3172 1653 3248 reconciliata,
1682 3171 1998 3243 diabolique

406 3261 655 3335 tyrannis
679 3260 878 3327 deleta.
934 3252 1073 3318 Hinc
1102 3270 1253 3332 patet
1290 3263 1431 3317 banc
1464 3277 1581 3316 rem
1637 3261 1808 3318 fuisse
1844 3264 1990 3320 Patri

406 3353 659 3438 placitam
690 3368 755 3427 ac
784 3354 1176 3429 voluntariam,
1207 3362 1374 3424 atque
1397 3354 1520 3424 ejus
1551 3354 1721 3411 totius
1749 3370 1878 3426 erga
1900 3357 1998 3410 lte-

406 3444 583 3517 m’ines
625 3443 982 3516 providentiae
1031 3445 1416 3523 autntnarium.
1483 3442 1686 3512 Quidni
1744 3460 1876 3502 vero
1942 3457 1999 3501 et

407 3533 540 3609 illud
559 3535 910 3611 perspicuum
931 3534 1234 3613 sit,Chrisd
1268 3534 1535 3607 nimirum
1557 3534 1771 3605 obitum
1797 3536 1868 3591 ab
1892 3536 1998 3591 ini-

406 3629 530 3692 mici
561 3628 741 3685 nostri
773 3628 1055 3699 voluntate
1081 3628 1322 3687 alienum
1369 3627 1565 3697 fuisse,
1591 3628 1751 3699 eique
1787 3630 1997 3685 cladem

407 3719 701 3775 niaximam
733 3718 1012 3791 intulisse?
1032 3716 1170 3789 Nam
1194 3718 1315 3793 Filii
1347 3720 1546 3784 caedes,
1564 3720 1657 3791 qui
1688 3731 1804 3777 erat
1835 3730 1999 3776 natu-

408 3812 539 3885 ralis
565 3811 843 3885 passionis
871 3810 1122 3881 eliectus,
1158 3826 1253 3881 per
1284 3826 1345 3867 se
1377 3811 1601 3880 quidem
1639 3810 1791 3867 Patri
1816 3828 1997 3882 neque

408 3902 646 3983 jucunda
660 3911 779 3963 erat
799 3917 978 3976 neque
1006 3911 1185 3973 grata,
1203 3903 1314 3963 imo
1339 3903 1731 3981 indignationis
1753 3905 2001 3977 apprime

406 4013 629 4069 merens
666 4005 833 4068 atque
860 3995 1099 4065 furoris;
1128 3995 1289 4057 sicuti
1326 4011 1358 4051 e
1392 3997 1676 4052 contrario
1705 3996 1842 4053 nihil
1879 4005 2001 4054 erat

407 4107 471 4146 ex
490 4090 690 4149 diaboli
726 4090 997 4153 sententia
1027 4090 1224 4160 magis,
1256 4089 1394 4144 nihil
1426 4090 1603 4145 eidem
1632 4090 1859 4146 charius
1903 4100 2000 4165 aut

407 4184 720 4257 amabilius.
754 4182 1125 4255 Quamobrem
1161 4183 1403 4241 clemens
1444 4182 1707 4240 Servator
1746 4184 1838 4241 illa
1868 4200 1994 4255 pre-

404 4294 533 4333 cum
558 4292 787 4345 suarum
813 4276 1051 4347 formula
1080 4276 1297 4337 veniam
1330 4276 1398 4332 iis
1425 4277 1521 4347 qui
1548 4293 1607 4333 se
1636 4278 1889 4334 laeserant
1910 4294 2003 4347 cu-

2103 1786 2195 1843 λον
2226 1791 2254 1841 ό
2300 1787 2392 1855 διὰ
2425 1785 2663 1857 σταυροῦ
2696 1785 2930 1849 Θάνατος
2971 1783 3294 1855 ἠγωνίζετο,
3344 1781 3527 1836 λαϐεῖν
3574 1780 3707 1833 ἐστι

2102 1880 2201 1935 καὶ
2232 1882 2299 1933 ὲκ
2329 1878 2544 1933 πολλῶν
2576 1878 2753 1933 ἄλλων
2781 1877 2878 1933 καὶ
2914 1876 3039 1931 ὅθεν
3062 1877 3163 1930 οὐκ
3193 1874 3391 1947 άδηλον
3413 1890 3430 1909 ο
3456 1872 3552 1927 καὶ
3584 1873 3707 1943 γὰρ

2101 1973 2164 2026 τὸ
2204 1972 2482 2032 Ἰουδαίων
2509 1971 2664 2036 ἔθνος
2684 1971 2897 2025 ἐκείνου
2924 1973 3258 2041 κακουργεῖν
3285 1966 3701 2030 ἀνακινούντος,

2102 2063 2193 2118 τὸν
2215 2064 2361 2119 κατά
2382 2064 2639 2137 Σωτῆρος
2662 2062 3029 2135 ὲπαλαμῶντο
3052 2062 3286 2116 θάνατον
3305 2077 3321 2092 ο
3350 2060 3468 2114 ἀλλ’
3490 2058 3703 2128 ὁμοίως

2107 2157 2209 2229 μὲν
2229 2158 2484 2228 ἐπίδηλον
2504 2159 2598 2211 καὶ
2623 2159 2698 2220 ὡς
2719 2157 2840 2225 οὐχὶ
2865 2154 2946 2227 τῷ
2966 2155 3143 2227 Πατρὶ
3160 2153 3222 2207 τὸ
3240 2152 3414 2215 πάθος
3441 2150 3534 2204 τοῦ
3554 2149 3704 2203 Υἱοῦ

2105 2248 2363 2320 θελητόν·
2397 2250 2479 2303 ἐτι
2504 2249 2562 2303 δὲ
2588 2249 2684 2303 τοῦ
2718 2249 2882 2317 λόγου
2918 2246 3203 2317 προίόντος
3225 2282 3241 2310 ,
3278 2244 3373 2296 ἐπὶ
3411 2242 3574 2296 πλέον
3605 2239 3706 2312 δη-

2103 2343 2252 2416 λωθή
2261 2360 2434 2397 σεται.
3669 2327 3673 2331 ’

2176 2525 2245 2598 β’.
2290 2520 2449 2579 Ἐπεὶ
2480 2515 2576 2576 οὗν
2606 2520 2694 2584 τίς
2723 2518 2880 2594 τάξιν
2913 2517 3055 2589 ἢχθη
3078 2516 3252 2572 ταῦτα
3284 2512 3701 2591 διατυπώσεως,

2103 2613 2507 2687 διαλογίζεσθαι
2556 2611 2802 2681 προσῆκε
2836 2610 2931 2669 καὶ
2952 2611 3202 2671 σκοπεῖν,
3237 2607 3317 2671 ὡς
3350 2607 3400 2660 εί
3438 2604 3536 2660 καὶ
3569 2602 3705 2674 περὶ

2104 2710 2200 2766 ’τοῦ
2231 2708 2399 2764 αὑτοῦ
2425 2707 2753 2778 πράγματος
2783 2700 3046 2775 τάναντία
3086 2699 3331 2766 λέγεται,
3363 2695 3460 2750 τοῦ
3486 2698 3701 2748 Δεσπο-

2105 2802 2284 2866 τικοῦ,
2315 2800 2484 2871 φημὶ,
2511 2796 2768 2855 θανάτου.
2803 2794 2920 2848 ἀλλ’
2951 2794 3015 2846 οὐ
3062 2790 3205 2845 κατὰ
3256 2789 3350 2843 τὸν
3375 2788 3542 2843 αὐτὸν
3572 2788 3704 2856 τρό-

2104 2910 2211 2952 πον
2230 2914 2242 2928 ·
2296 2893 2435 2955 ἀλλὰ
2481 2893 2544 2945 τὸ
2604 2891 2704 2961 μὲν
2733 2890 2791 2957 ἐξ
2823 2888 2988 2943 αὐτοῦ
3033 2886 3128 2946 τοῦ
3166 2884 3371 2948 πάθους
3399 2882 3430 2937 δ
3456 2881 3703 2935 πέπονθε

2107 2988 2346 3055 λέγεται,
2372 2983 2435 3036 τὸ
2461 2981 2517 3035 δὲ
2548 2983 2612 3033 ὲκ
2638 2977 2732 3035 τοῦ
2764 2976 3126 3048 ὲκϐεϐηκότος
3148 2991 3163 3005 ’
3194 2973 3257 3027 τὸ
3276 2971 3377 3042 μὲν
3392 2970 3505 3039 γάρ
3544 2968 3707 3021 ἐκϐε-

2102 3079 2272 3151 ϐηκὸς
2292 3074 2385 3130 διὰ
2399 3074 2497 3139 τοῦ
2517 3073 2771 3141 θανάτου,
2790 3072 2823 3141 ἡ
2845 3069 3092 3140 σωτηρία
3116 3066 3211 3120 τοῦ
3229 3065 3423 3134 γένους
3445 3058 3701 3131 ἐπράχθη

2110 3171 2222 3224 τῶν
2247 3167 2575 3239 ἀνθρώπων,
2630 3164 2726 3239 καί¹
2769 3163 2869 3233 τῆς
2893 3161 2988 3215 τοῦ
3014 3159 3265 3225 διαϐόλου
3316 3153 3642 3227 τυραννίδος

2101 3263 2423 3334 καθαίρεσις
2439 3276 2455 3292 ο
2490 3259 2519 3314 ὃ
2541 3257 2702 3328 δῆλον
2722 3258 2805 3331 ὅτι
2838 3255 3062 3325 θελητόν
3091 3269 3153 3307 τε
3177 3250 3257 3323 τῷ
3279 3249 3460 3321 Πατρὶ
3481 3248 3581 3301 καὶ
3608 3247 3702 3299 εύ-

2100 3356 2281 3415 δοκία.
2316 3353 2414 3408 καὶ
2438 3352 2545 3423 τῆς
2596 3350 2764 3404 αὑτοῦ
2826 3348 3088 3420 προνοίας
3144 3344 3442 3416 συμπάσης
3474 3341 3613 3413 περὶ
3640 3339 3706 3394 τὸ

2101 3447 2449 3521 ἀνθρώπινον
2476 3446 2636 3516 γένος
2662 3444 2727 3498 τδ
2774 3443 3073 3513 κεφάλαιον
3099 3458 3111 3472 ’
3152 3439 3313 3493 τοῦτο
3346 3436 3402 3489 δὲ
3435 3435 3559 3498 πῶς
3599 3434 3703 3486 οὐκ

2101 3540 2326 3612 εὔδηλον
2368 3541 2451 3594 ὅτι
2503 3540 2601 3602 καὶ
2636 3538 2718 3610 τῷ
2749 3536 2934 3608 ἐχθρῷ
2970 3534 3234 3605 άθέλητόν
3259 3549 3321 3584 τε
3354 3530 3451 3583 καὶ
3490 3526 3704 3597 ἐσχάτη

2100 3635 2285 3708 πληγή
2311 3652 2327 3701 ;
2352 3634 2415 3687 τὸ
2441 3632 2692 3703 μέντοιγε
2721 3628 3129 3700 σφαγιασθῆναι
3155 3625 3248 3683 τὸν
3278 3623 3431 3689 Υἱὸν,
3461 3623 3604 3692 ὅπερ
3634 3615 3706 3689 ἦν

2102 3728 2136 3798 ἡ
2160 3727 2249 3780 διά
2270 3724 2365 3779 τοῦ
2387 3724 2597 3787 πάθους
2644 3720 2916 3794 προϊοῦσα
2961 3717 3183 3790 πρᾶξις,
3236 3713 3361 3769 καθ’
3393 3712 3566 3767 ἑαυτὸ
3604 3712 3706 3782 μὲν

2100 3820 2226 3873 οὔτε
2272 3819 2374 3889 ἡδὺ
2428 3816 2509 3888 τῷ
2556 3815 2738 3887 Πατρὶ
2786 3813 2913 3868 οὔτε
2983 3811 3404 3883 εὐπρόσδεκτον,
3437 3808 3582 3861 ἀλλὰ
3608 3805 3706 3859 καὶ

2102 3894 2225 3966 λίαν
2253 3909 2426 3981 ὀργῆς
2460 3907 2615 3972 ἄξιον
2660 3904 2760 3971 καὶ
2814 3902 2988 3976 θυμοῦ
3010 3920 3024 3933 ·
3056 3902 3247 3973 ὥσπερ
3274 3901 3339 3971 δὴ
3365 3898 3447 3969 τῷ
3476 3896 3706 3968 πονηρῷ

2102 4000 2444 4072 καταθύμιόν
2471 4016 2533 4053 τε
2563 3998 2660 4054 καὶ
2709 3997 2932 4052 πάντων
2982 3993 3397 4067 ἐρασμιώτατον
3433 3991 3550 4044 τῶν
3577 4007 3700 4059 τερ‹

2103 4094 2287 4163 πνῶν·
2319 4092 2403 4147 διὸ
2431 4093 2528 4148 καὶ
2556 4094 2585 4146 ό
2604 4090 2990 4161 φιλάνθρωπος
3022 4087 3182 4159 ἡμῶν
3225 4084 3416 4157 Σωτὴρ
3443 4086 3505 4135 ἐν
3545 4082 3705 4151 τύπῳ

2104 4187 2413 4258 μεθοδεύων
2436 4184 2749 4258 προσευχῆς
2796 4183 2898 4254 τὴν
2923 4182 3119 4252 ἄφεσιν
3153 4179 3263 4232 τῶν
3291 4177 3705 4248 ἐξυϐρισάντων

2103 4282 2184 4345 εἰς
2215 4279 2398 4349 αὐτὸν,
2439 4297 2457 4331 t
2495 4278 2704 4350 Πάτερ,
2734 4281 2922 4348 φησὶν,
2985 4274 3121 4345 ἄφες
3165 4271 3349 4333 αὐτοῖς
3372 4270 3479 4338 τὴν
3514 4269 3700 4338 ἁμαρ-

409 4385 573 4434 raus;
607 4387 628 4423 ι
661 4367 846 4433 Pater,
864 4367 962 4435 ait,
985 4366 1237 4432 condoua
1264 4366 1376 4425 illis
1395 4368 1501 4429 hoc
1530 4377 1851 4439 peccatum;
1885 4384 1997 4447 non

2106 4374 2224 4428 τίαν
2253 4371 2462 4443 ταύτην
2482 4388 2496 4403 ·
2524 4372 2590 4426 ού
2620 4370 2731 4442 γάρ
2760 4370 2968 4427 οἴδασιν
2982 4367 3037 4420 τί
3058 4364 3335 4419 ποιοῦσινο
3373 4382 3391 4415 ι
3426 4362 3581 4416 οὕτω
3607 4361 3703 4431 μὲν

404 4460 556 4513 enim
591 4458 1037 4521 animadvertunt
1057 4458 1190 4530 quid
1218 4470 1382 4531 agant
1408 4460 1473 4514 ".
1498 4478 1519 4514 ι
1549 4460 1701 4517 Adeo
1731 4459 1857 4516 Filii
1886 4476 1995 4517 ca:-

405 4550 505 4605 des
528 4558 726 4606 contra
748 4548 929 4604 Patris
956 4549 1293 4615 voluntatem
1319 4552 1502 4623 (iebat,
1524 4560 1585 4619 ut
1615 4554 1845 4610 multam
1867 4555 1999 4611 huic

408 4637 752 4703 iracundiam
793 4649 1200 4709 commoveret;
1232 4658 1297 4699 ac
1331 4657 1556 4699 necesse
1587 4643 1754 4699 fuerit
1803 4645 1995 4701 lresum

409 4732 610 4799 ipsum,
642 4728 1053 4803 deprecatorem
1092 4732 1236 4799 ﬁeri,
1264 4749 1376 4803 quo
1434 4735 1510 4789 rei
1547 4736 1870 4806 pmnitentia
1897 4754 1998 4809 ex-

398 4824 543 4893 piati
589 4839 783 4894 pinnas
829 4826 1147 4893 evaderent.
1204 4824 1395 4899 Neque
1442 4836 1735 4901 repugnat,
1777 4829 1998 4887 Patrem

404 4915 532 4977 Filii
562 4933 755 4975 necem
774 4918 1014 4977 voluisse
1040 4919 1243 4991 pariter
1270 4936 1337 4977 ac
1364 4921 1608 4991 noluisse
1644 4941 1660 4978 :
1693 4906 1824 4978 nam
1851 4925 1998 4995 quod

406 5024 530 5063 eam
556 5010 739 5075 vellet,
764 5009 980 5078 fructus
1010 5014 1323 5083 praecantia
1354 5013 1409 5069 in
1448 5030 1617 5081 causa
1653 5026 1812 5087 erat;
1850 5016 1997 5086 quod

409 5117 541 5157 vero
585 5104 777 5168 nollet,
808 5104 863 5160 id
907 5103 1125 5163 facinus
1158 5123 1254 5177 per
1290 5124 1350 5173 se
1380 5118 1690 5178 spectatum
1741 5110 1997 5173 faciebat.

474 5196 531 5250 3.
563 5194 704 5252 Nam
735 5196 900 5253 veluti
922 5197 1217 5269 imperator
1246 5202 1293 5256 si
1329 5202 1524 5257 fortem
1549 5202 1779 5267 militem
1803 5214 1998 5259 cernat

404 5293 637 5349 anthera
662 5294 1047 5364 excipientem.
1067 5295 1495 5367 vulneribusque
1515 5299 1755 5355 hostium
1775 5298 1999 5355 ordines

400 5397 849 5455 consumentem,
877 5389 1107 5458 ipsomet
1131 5388 1257 5444 belli
1278 5389 1418 5444 duce
1441 5403 1748 5460 prostrato;
1781 5393 1997 5449 lzetatur

402 5481 663 5553 equidem
689 5481 836 5551 quod
866 5479 1148 5537 victoriam
1172 5490 1433 5539 strenuus
1464 5482 1552 5551 hic
1580 5483 1646 5551 de
1672 5485 2001 5559 adversariis

489 5665 532 5705 -“
573 5661 704 5720 Luc.
740 5679 897 5731 χχιιι,
939 5664 1025 5718 Si.

2100 4464 2365 4535 ἀθέλητον
2385 4460 2481 4525 τοῦ
2509 4461 2706 4524 Παιδὸς
2734 4462 2769 4531 ἡ
2810 4458 2995 4528 σφαγὴ
3021 4455 3103 4525 τῷ
3138 4454 3332 4524 Πατρὶ,
3367 4452 3466 4516 καὶ
3496 4449 3701 4519 πολλὴν

2101 4556 2201 4627 τὴν
2226 4554 2606 4625 ἀγανάκτησιν
2627 4549 2963 4623 άνακινοῦσα
2983 4564 2996 4577 '
3043 4550 3122 4611 ὡς
3152 4547 3248 4609 καὶ
3290 4544 3467 4615 αὐτῆς
3489 4542 3701 4597 δεῖσθαι

2102 4649 2204 4718 τῆς
2242 4647 2482 4716 δεήσεως
2542 4644 2639 4720 τοῦ
2691 4640 3049 4713 ἠδικημένου,
3080 4637 3167 4708 ἐφ’
3195 4630 3241 4706 ᾧ
3273 4636 3362 4691 διὰ
3402 4634 3698 4705 μετανοίας

2102 4738 2544 4812 καθῃραμένους,
2609 4734 2686 4807 μὴ
2735 4733 2921 4799 δοῦναι
2968 4732 3126 4801 δίκην
3148 4730 3276 4794 τοὺς
3321 4728 3697 4799 ἠδικηκότας⁵

2101 4830 2205 4883 καὶ
2233 4829 2335 4882 οὐκ
2362 4826 2604 4882 ἐναντίον
2633 4828 2695 4879 τὸ
2723 4825 2899 4878 θέλειν
2914 4824 3011 4884 καὶ
3038 4822 3115 4894 μὴ
3144 4820 3321 4875 θέλειν
3342 4819 3435 4872 τὸν
3465 4818 3699 4871 θάνατον

2104 4924 2202 4979 τοῦ
2226 4922 2356 4977 Υίοῦ
2377 4921 2468 4976 τὸν
2489 4922 2712 4993 Πατέρα
2730 4936 2747 4953 ·
2780 4919 2844 4973 τὸ
2879 4919 2978 4989 μὲν
2998 4918 3130 4987 γὰρ,
3162 4917 3229 4969 ἐκ
3257 4913 3357 4967 τοῦ
3392 4910 3697 4979 ἐκϐεϐηκό-

2104 5036 2199 5081 τος
2222 5015 2651 5088 κατορθώματος
2673 5028 2688 5044 °
2722 5013 2786 5067 τὸ
2827 5012 2909 5077 δὲ,
2965 5012 3026 5079 ἐξ
3050 5010 3224 5081 αὐτῆς
3248 5008 3348 5085 τῆς
3374 5020 3698 5085 προκαταρ-

2107 5109 2310 5182 χούσης
2338 5108 2559 5177 λέγεται
2588 5107 2868 5178 πράξεως.

2180 5208 2249 5271 γ’.
2276 5201 2546 5272 Καθάπερ
2610 5199 2721 5271 γὰρ
2776 5199 2830 5251 εἴ
2881 5215 2964 5259 τις
2991 5193 3298 5266 στρατηγὸς
3342 5191 3437 5243 τὸν
3470 5188 3699 5260 ἀριστέα

2110 5294 2323 5365 βλέπων
2346 5292 2642 5363 δεχόμενον
2666 5290 2980 5362 τραύματα,
3017 5288 3110 5341 καὶ
3143 5288 3254 5349 τοῖς
3282 5279 3571 5355 ,τραύμασι
3588 5279 3699 5333 τῶν

2109 5388 2368 5442 ἐναντίων
2417 5386 2515 5450 τὰς
2572 5384 2911 5454 παρατάξεις
2956 5379 3239 5445 κενοῦντα,
3284 5379 3379 5432 καὶ
3414 5376 3580 5431 αὐτὸν
3606 5372 3697 5427 τδν

2112 5482 2354 5555 ἀρχηγὸν
2384 5482 2485 5536 τοῦ
2514 5480 2751 5554 πολέμου
2808 5477 3235 5557 καταϐάλλοντα,
3274 5475 3457 5547 χαίρει
3499 5474 3596 5546 μὲν
3617 5468 3697 5536 οἷς
