3888 6186
197 233 310 297 177

1142 218 1245 297 AD
1308 228 1905 296 AMPHlLOCHIUM
1943 224 2289 297 ouas'rro
2330 224 2542 286 XXIV.

3376 211 3478 276 178

190 347 261 399 τὸ
283 343 541 415 τρόπαιον
569 343 711 398 κατά
735 344 844 398 τῶν
883 346 1195 400 ἀντιπάλων
1231 349 1260 399 ὁ
1291 348 1550 417 ἀριστευς
1577 342 1781 411 ἵστησι,

1902 336 2107 403 κέηται,
2142 350 2322 406 neque
2353 334 2475 400 ejus
2501 330 2821 387 vulneribus
2842 372 2855 397 ,
2886 328 3015 383 dum
3046 327 3364 401 pusularum
3390 326 3480 380 fa-

195 434 301 487 mul.
326 437 435 496 τοῖς
460 435 741 505 τραύμασι
794 436 933 507 πρὸς
980 436 1043 489 τὸ
1098 437 1400 507 παράδοξον
1446 435 1663 502 βλέπων
1686 431 1784 485 τοῦ

194 525 633 598 κατορθώματος
691 529 792 581 οὐκ
860 529 1185 597 ἀλγύνεταν
1222 529 1342 583 καθ’
1379 528 1577 590 ἑαυτὰς
1605 526 1661 579 δὲ
1686 524 1788 588 τὰς

197 615 420 686 πληγὰς
447 616 769 686 λογοθετῶν,
803 617 898 671 καὶ
921 617 1123 682 ταύτας
1159 615 1645 689 ἐπιστρεφόμενος,
1672 611 1787 683 οὐχ’

196 706 377 776 ἡδέως
405 708 509 777 ὁρᾷ
542 707 886 779 τραυματίαν
908 708 1001 761 τὸν
1024 707 1124 778 τὴν
1152 707 1310 776 νίκην
1344 704 1752 776 ἀναδησάμενον
1770 716 1787 731 ⁸

198 801 350 855 οὕτω
377 801 434 853 δὲ
454 803 546 854 καὶ
568 804 597 854 ὁ
630 802 842 871 Πατὴρ,
873 796 954 862 οἷς
977 805 1075 871 μὲν
1109 799 1258 870 ἐώρα
1299 800 1391 853 τὸν
1420 797 1551 851 Υἱὸν
1574 795 1668 849 τοῦ
1695 795 1792 848 ἀν-

199 891 485 962 θρωπίνου
512 892 701 960 γένους
727 892 818 945 τὸν
843 893 1102 963 πολέμιον
1134 897 1255 956 ταῖς
1291 893 1387 946 ἐπὶ
1412 891 1510 944 τοῦ
1536 889 1791 958 σώματος

202 982 445 1051 πληγαῖς
480 981 908 1048 καταδάλλοντα,
949 984 1048 1051 τῆς
1099 983 1217 1053 Θεῷ
1241 981 1561 1053 πρεπούσης
1589 981 1791 1049 εὐφρο-

204 1074 381 1145 σύνης
410 1069 498 1143 ἦν,
536 1076 630 1127 καὶ
651 1077 770 1137 ταῖς
798 1074 894 1128 τοῦ
925 1076 1118 1139 Παιδὸς
1144 1074 1533 1147 ἀνδραγαθίαις
1559 1071 1790 1142 ἐσεμνύ-

200 1182 364 1222 νετοο
392 1160 474 1229 οἷς
503 1165 549 1218 δ’
591 1166 621 1219 ὀ
678 1165 934 1234 φίλτατος
987 1166 1527 1238 τετραυματισμένος
1568 1160 1644 1233 ἦν
1671 1166 1793 1227 ταῖς

202 1256 446 1326 πληγαῖς
473 1258 696 1319 καὶτοῖς
728 1256 975 1327 μώλωψι,
1020 1257 1140 1310 καθ’
1169 1257 1333 1311 ἑαυτό
1365 1274 1429 1325 γε
1455 1258 1535 1320 εἰς
1581 1256 1792 1325 αἰρεσιν

199 1348 308 1413 οῦκ
346 1349 612 1419 ἀνέφερεο
640 1348 842 1418 μᾶλλον
872 1348 918 1401 δ’
956 1348 1190 1401 ἐνταῦθα
1221 1347 1383 1403 πλέον
1406 1347 1470 1400 τὸ
1507 1347 1606 1415 τῆς
1639 1344 1794 1415 θελή-

202 1458 372 1507 σεως,
404 1445 548 1514 ἥπερ
571 1445 629 1495 ἐν
650 1443 727 1514 τῷ
766 1436 1172 1515 παραδείγματι
1189 1460 1203 1473 ο
1233 1445 1349 1495 ἐκεῖ
1372 1443 1471 1512 μὲν
1493 1442 1603 1512 γὰρ
1629 1442 1794 1511 ἀρχο-

206 1534 394 1603 μένων
422 1534 528 1587 τῶν
557 1536 910 1605 τραυμάτων,
958 1535 1194 1604 ἐπείπερ
1242 1535 1438 1604 ἄδηλος
1469 1529 1538 1604 ἦν
1571 1534 1606 1602 ἡ
1644 1532 1794 1601 νίκη,

203 1627 410 1694 πικρὸν
470 1625 532 1678 τὸ
573 1626 754 1697 θέαμα
783 1626 862 1698 τῷ
907 1626 1221 1697 στρατηγῷ,
1269 1626 1367 1695 τῆς
1420 1623 1632 1694 τροπῆς
1684 1622 1794 1675 τῶν

204 1716 426 1787 ἐχθρῶν
468 1716 623 1771 οὔπω
670 1696 988 1790 παρούσης,
1020 1717 1407 1786 κατεφαίνετο·
1459 1714 1692 1770 ἐνταῦθα
1740 1714 1798 1767 δὲ
1828 1696 1874 1756 Β

202 1811 303 1863 ἀπ’
351 1809 535 1863 αὐτῶν
589 1810 701 1867 τῶν
737 1811 1095 1883 τραυμάτων,
1139 1810 1339 1880 μᾶλλον
1368 1808 1427 1862 δὲ
1458 1809 1555 1863 καὶ
1585 1808 1716 1878 πρὶν
1760 1808 1793 1865 ἢ

202 1900 337 1965 τοὺς
366 1903 687 1972 μιαιφόνους
717 1902 811 1957 τὸν
846 1903 1079 1973 Σωτῆρα
1130 1904 1244 1964 τοῖς
1271 1900 1553 1972 τραύμασι
1576 1899 1797 1966 ἐνυϐρί-

206 2011 324 2057 σαι,
346 1996 599 2066 λαμπρόν
623 2013 683 2049 τε
734 1996 1055 2065 καθεωρᾶτο
1101 1994 1162 2047 τὸ
1208 1996 1489 2062 τρόπαιον,
1520 1992 1613 2045 καὶ
1644 1991 1797 2043 οὐδὲν

203 2088 428 2141 ἔλαττον
453 2089 488 2159 ἢ
514 2091 605 2142 ὅτε
650 2090 768 2153 τοῖς
816 2089 1199 2158 ἐναγεστίὴοις
1228 2087 1497 2157 ἐτολμᾶτο
1540 2085 1609 2139 τὰ
1642 2083 1798 2138 ἀτόλ-

206 2198 359 2253 μητα
378 2200 393 2214 ο
430 2183 549 2253 Θεῷ
576 2200 641 2236 τε
684 2183 795 2254 γὰρ
824 2184 918 2237 καὶ
944 2183 1017 2236 τὰ
1038 2181 1310 2253 μέλλοντα
1347 2181 1601 2250 πάρεστι,
1636 2177 1735 2230 καὶ
1761 2178 1796 2247 ἡ

204 2274 415 2341 γνῶσις
467 2276 669 2345 ἀμφοῖν
697 2276 917 2345 πρόεισι
951 2275 1018 2335 δι’
1055 2275 1171 2328 ἴσου
1191 2289 1207 2305 ⁶
1237 2273 1389 2327 οὐδὲν
1420 2271 1542 2325 κατ’
1570 2269 1702 2323 αύτό
1730 2285 1796 2339 γε

201 2362 367 2431 τοῦτο
393 2364 503 2417 τῶν
524 2365 950 2434 ἐπιγενομένων,
975 2362 1100 2418 οὔτε
1129 2363 1236 2418 τῶν
1275 2363 1445 2418 πάλαι
1466 2360 1795 2431 γεγονότων,

202 2450 331 2509 οὗτε
361 2454 471 2524 μὴν
501 2453 611 2507 τῶν
661 2454 767 2525 ἤδη
823 2454 1130 2524 παρόντων,
1174 2454 1235 2507 τὸ
1261 2453 1487 2506 ἔλαττον
1520 2452 1798 2520 ἀποφερο-

204 2545 421 2613 μένων·
454 2546 609 2598 ούδὲν
636 2542 733 2614 οὖν
761 2545 965 2616 ἄπορον
1002 2545 1091 2599 ἑτι
1123 2544 1516 2617 παραδέχεται,
1542 2544 1605 2596 τὸ
1633 2541 1798 2612 θελη-

201 2638 299 2692 τὸν
316 2634 459 2691 εἶναι
485 2638 564 2709 τῷ
591 2639 767 2709 Πατρὶ
790 2638 883 2691 τὸν
916 2638 1147 2699 θάνατον
1174 2638 1269 2691 τοῦ
1310 2636 1438 2690 Υἱοῦ
1472 2633 1569 2689 καὶ
1598 2634 1797 2703 ἁθέλη-

204 2746 297 2782 τον
322 2746 335 2759 ·
363 2730 489 2783 οὐδὲ
506 2729 569 2782 τὸ
596 2730 833 2801 σπουδὴν
861 2731 962 2800 μὲν
990 2730 1151 2783 αὑτὸν
1180 2725 1322 2782 εἶναι
1339 2726 1796 2797 καταπραχθῆναι

204 2822 285 2893 τῷ
311 2823 618 2894 ἀρχηκάκῳ
663 2823 761 2892 τῆς
813 2822 1031 2891 φύσεως
1086 2822 1244 2892 ἡμῶν
1275 2819 1478 2891 ἐχθρῷ,
1510 2819 1693 2889 πάσης
1736 2816 1795 2871 δὲ

209 2913 414 2983 μᾶλλον
473 2912 865 2983 χαλεπωτέραν
917 2911 1134 2981 πληγὴν
1180 2910 1372 2981 φέρειν
1424 2908 1488 2963 τὸ
1530 2906 1793 2980 προελθὸν

205 3007 384 3076 ⁸πέρας
398 3006 620 3076 ἀπὸτῆς
634 3004 872 3075 σπουδῆς
891 3021 907 3037 ο
927 3005 955 3057 ὁ
974 3003 1075 3074 μὲν
1096 3003 1206 3074 γὰρ
1228 3002 1465 3073 πονηρὸς
1487 3001 1567 3071 τῷ
1597 3001 1792 3071 αῖματι

1890 431 2048 486 cinus
2072 420 2508 500 spectat,dolet;
2538 425 2634 480 sed
2668 434 2848 478 tamen
2891 431 3078 492 postea
3116 422 3305 490 plagas
3333 420 3480 490 ipsas

1890 537 1989 593 per
2018 536 2083 576 se
2112 520 2491 581 considerans,
2516 525 2679 585 atque
2710 514 2799 568 his
2822 522 3157 575 commotus,
3188 521 3475 566 cruentam

1890 613 2175 669 victoriam
2212 611 2357 665 haud
2400 610 2522 664 laato
2556 610 2742 662 animo
2765 605 3002 675 aspicit:
3030 605 3111 661 sic
3151 606 3314 660 Pater
3343 617 3480 672 qua-

1891 715 2051 762 tenus
2076 704 2252 775 gentis
2294 704 2547 756 humanae
2573 700 2783 755 hostem
2807 715 2835 751 a
2862 696 2999 753 Filio
3025 712 3129 753 suo
3156 695 3393 765 acceptis
3424 695 3480 748 in

1892 811 2121 867 corpore
2144 795 2462 850 vulneribus
2486 792 2834 863 proﬂigatum
2855 790 3097 855 videbat,
3120 788 3339 857 dignam
3370 788 3481 840 Deo

1894 890 2131 945 lmt'rtiam
2178 887 2448 958 capiebat,
2467 885 2709 954 «'Filiique
2742 882 3059 939 fortitudine
3103 880 3438 951 gloriabatur
3462 896 3479 930 :

1894 992 2164 1053 quatenus
2188 996 2314 1035 vero
2339 979 2697 1034 eharissimus
2723 977 2813 1031 ille
2838 976 3007 1046 magis
3039 983 3202 1044 atque
3219 971 3483 1028 vibicibus

1895 1074 2253 1136 onerabatur,
2295 1070 2361 1125 id
2406 1086 2505 1141 per
2535 1084 2616 1136 se,
2673 1070 2893 1138 inquam
2915 1108 2930 1132 ,
2960 1081 3119 1138 aequo
3164 1064 3348 1121 animo
3374 1077 3484 1118 non

1898 1167 2127 1222 ferebat.
2157 1163 2461 1233 Caatm‘oqui
2488 1163 2609 1233 plus
2634 1162 2934 1216 voluntatis
2959 1162 3013 1214 in
3041 1159 3298 1231 passione
3324 1157 3485 1212 Chri-

1897 1258 1990 1324 sti,
2016 1272 2177 1327 quam
2229 1272 2282 1310 Ill
2316 1257 2601 1326 proposito
2626 1254 2878 1324 exemplo
2906 1260 3178 1308 versatum
3209 1259 3313 1307 est.
3349 1248 3484 1302 Nam

1897 1351 2041 1419 quod
2063 1348 2260 1403 attinet
2280 1347 2348 1401 ad
2376 1347 2710 1415 exemplum,
2736 1346 2863 1399 dum
2900 1344 3123 1398 vulnera
3149 1342 3365 1412 quidem
3381 1340 3486 1394 im-

1900 1451 2201 1511 ponuntur,
2227 1440 2429 1494 incerta
2453 1438 2633 1493 adhuc
2660 1438 2912 1501 victoria,
2943 1445 3141 1490 tetrum
3168 1432 3484 1504 imperatori

1900 1533 2267 1603 spectaculum
2296 1540 2399 1595 est,
2430 1531 2669 1585 nondum
2694 1530 2943 1584 hostibus
2966 1527 3268 1594 inclinatis;
3296 1541 3486 1582 verum

1903 1626 1955 1679 in
2010 1624 2216 1679 Christi
2264 1625 2519 1693 passione
2580 1624 2698 1693 ipso
2756 1622 3043 1676 vulnerum
3100 1620 3301 1682 initio,
3376 1618 3488 1673 imo

1904 1718 2226 1789 priusquam
2258 1718 2471 1773 cruenti
2499 1716 2577 1771 illi
2608 1715 2954 1771 Servatorem
2994 1715 3168 1783 plagis
3189 1712 3487 1775 allicereut,

1901 1811 2248 1881 splendidum
2326 1809 2655 1865 coruscabat
2706 1816 2973 1877 tropaeum
3004 1825 3019 1861 :
3047 1820 3224 1877 neque
3276 1804 3490 1859 minore

1902 1906 2287 1974 perspicuitate
2310 1917 2471 1972 quam
2496 1912 2683 1972 postea
2707 1902 2885 1957 visum
2909 1909 3015 1965 est,
3047 1915 3170 1956 cum
3202 1899 3235 1952 ii
3268 1898 3488 1954 scelesti

1900 1995 2141 2050 immane
2190 1995 2402 2050 facinus
2426 1995 2538 2064 jam
2601 2001 3070 2064 perpetraverant.
3104 1991 3329 2060 Quippe
3377 1991 3489 2045 Deo

1900 2084 2083 2139 futura
2131 2100 2351 2155 quoque
2381 2085 2729 2153 pmsentium
2760 2084 2936 2138 instar
2967 2091 3129 2147 sunt,
3181 2082 3340 2150 isque
3368 2082 3490 2150 pari

1901 2177 2191 2246 utriusque
2250 2177 2515 2244 temporis
2575 2176 2807 2231 scientia
2861 2175 3159 2229 utiturzet
3212 2188 3310 2228 seu
3366 2187 3491 2243 quae

1898 2269 2080 2323 adhuc
2099 2278 2365 2323 eventura
2397 2275 2546 2334 sum,
2574 2282 2671 2322 seu
2706 2282 2827 2336 qua:
2846 2266 3055 2336 jamdiu
3083 2265 3488 2335 praeterierunt,

1898 2373 1995 2415 seu
2025 2358 2269 2430 denique
2305 2374 2429 2429 quae
2470 2360 2523 2413 in
2554 2358 2806 2429 praesenti
2842 2357 3070 2422 adsunt,
3109 2341 3304 2427 aqua"
3338 2356 3489 2426 apud

1898 2449 2071 2507 Deum
2103 2450 2420 2507 conditione
2443 2449 2725 2505 fruuntur.
2772 2447 2895 2504 Jam
2929 2450 3136 2504 nullam
3168 2450 3350 2518 itaque
3376 2450 3488 2503 du-

1896 2540 2217 2595 bitationem
2246 2540 2472 2609 patitur,
2499 2541 2649 2609 quod
2689 2537 2815 2593 Filii
2845 2538 3029 2593 obitus
3057 2547 3112 2593 et
3142 2536 3491 2594 voluntarius

1896 2632 2047 2687 Patri
2076 2633 2245 2688 fuerit
2272 2641 2338 2688 et
2366 2632 2798 2688 iuvoluntarius.
2829 2632 3045 2687 Rursus
3086 2646 3244 2701 atque
3272 2630 3492 2686 indubi-

1898 2734 2069 2783 tatum
2100 2734 2204 2791 est,
2255 2724 2503 2781 studiose
2534 2726 2587 2779 in
2622 2724 2837 2779 facinus
2883 2724 2954 2779 ab
2998 2724 3229 2793 antiquo
3280 2735 3493 2778 natura

1897 2825 2104 2872 nostra:
2126 2816 2285 2872 hoste
2308 2816 2479 2872 fuisse
2504 2827 2789 2883 curatum;
2815 2818 3052 2886 itemque
3072 2816 3489 2871 acerbissimam

1898 2908 2149 2962 omnium
2170 2908 2407 2973 cladem,
2435 2923 2495 2964 re
2516 2908 2730 2973 eliecta,
2755 2909 3033 2964 diabolum
3056 2923 3157 2963 suo
3181 2908 3283 2963 sibi
3309 2906 3493 2962 studio

1898 2996 2404 3054 intulisse.Eteuim
2434 2999 2521 3055 his
2540 3000 2635 3070 qui
2663 2997 2974 3056 Servatoris
2997 3013 3194 3055 cruore
3219 2998 3494 3069 gaudebat

208 3066 415 3170 χαξρων
436 3099 533 3152 καὶ
576 3066 900 3169 ’περιχανων
932 3066 1028 3151 τοῦ
1079 3066 1551 3167 έωτῆροςξοΰπω-
1571 3066 1675 3162 τῆς
1696 3110 1794 3164 χα-

1902 3094 2064 3165 eique
2091 3094 2337 3149 inhiabat
2361 3132 2377 3158 ,
2410 3066 2613 3164 gaudio
2642 3110 2744 3149 suo
2769 3095 3075 3151 visceribus
3125 3066 3366 3149 nondum
3405 3108 3493 3147 re-

210 3192 310 3260 pd;
341 3191 458 3252 τοῖς
486 3188 817 3259 σπλάγχνοις
854 3188 1340 3260 ὲμὸαθυναμένης,
1368 3185 1472 3257 τήν
1493 3202 1556 3240 τε
1578 3185 1798 3239 ἀνίατον

208 3282 334 3353 ξοδ-χε
398 3280 929 3350 καταλαμϐάνουσαν
979 3279 1219 3352 πληγὴν,
1277 3279 1374 3333 καὶ
1425 3280 1518 3333 τὸν
1576 3278 1800 3349 δλεθρον

209 3375 592 3445 ἀπαραίτητον
618 3389 633 3404 °
669 3376 698 3427 ό
725 3374 785 3427 δὲ
823 3372 1017 3446 Πατὴρ
1045 3374 1146 3427 οὐκ
1175 3374 1545 3444 ἀρεσκόμενος
1572 3371 1802 3427 αὐτόθεν

209 3468 277 3534 τῇ
309 3464 407 3519 τοῦ
428 3465 664 3535 αἵματος
686 3464 1098 3536 χύσει,¹1γρὲσθη
1127 3482 1186 3517 τε
1233 3464 1472 3535 μάλιστα
1497 3452 1803 3536 συμπροῐὸν

209 3560 270 3611 τὸ
305 3558 462 3624 τέλος
519 3559 686 3631 ὁρῶν,
730 3560 826 3612 καὶ
887 3558 1204 3630 περιχαρῶς
1256 3557 1657 3629 προσεδέξατοο
1700 3557 1801 3610 οὐκ

212 3650 346 3703 αὐτὸ
404 3649 567 3704 τοῦτο
617 3650 791 3720 φιλῶν
824 3649 927 3721 τὴν
953 3650 1171 3719 σφαγὴν
1219 3648 1314 3702 τοῦ
1340 3648 1559 3716 Παιδὸς,
1593 3648 1708 3701 ἀλλ’
1738 3651 1803 3703 ὲκ

211 3741 306 3795 τοῦ
337 3741 550 3806 τέλους,
584 3740 662 3806 ὡς
695 3744 932 3812 εἴρηται,
966 3745 1065 3795 καὶ
1109 3740 1314 3810 ταύτην
1347 3739 1803 3811 ἐξοικειούμενος,

213 3832 307 3885 καὶ
332 3833 414 3896 εἰς
445 3833 693 3899 εὐδοκίας
718 3833 877 3901 λόγον
910 3833 1249 3903 μεταποιῶν.

280 3926 346 3978 δ’.
375 3927 487 3978 Καὶ
506 3926 655 3997 εχεις
709 3926 1008 3980 κάντεῦθεν
1028 3927 1080 3979 εἰ
1105 3925 1285 3996 βούλει
1314 3926 1410 3982 καὶ
1444 3927 1804 3997 ἀπορήματος

212 4017 451 4070 παλαιοῦ
480 4017 617 4087 πρὸς
640 4016 793 4070 λύσιν
839 4018 1056 4087 ὁρῶσαν
1104 4017 1487 4086 ἀναφυομένην
1511 4018 1802 4087 ἀφορμήν

213 4109 275 4159 τὸ
297 4108 359 4162 δὲ
386 4109 655 4179 ἀπόρημα
673 4111 721 4162 εἰ
745 4109 843 4162 καὶ
878 4111 992 4173 τοῖς
1033 4111 1102 4163 τὰ
1131 4108 1251 4162 θεῖα
1290 4108 1680 4179 φιλοσοφοῦσιν
1707 4108 1807 4162 οὐκ

213 4201 431 4271 ἄδηλον,
468 4198 700 4255 ἀλλὀῦν
750 4204 832 4265 εἰς
887 4202 1074 4272 κοινὴν
1095 4203 1355 4256 ἁπάντων
1384 4200 1588 4269 γνῶσιν
1632 4200 1807 4253 εἰπεῖν

215 4290 686 4361 λυσιτελέστερον·
723 4294 771 4345 εἰ
804 4290 1001 4363 λύτρον
1052 4291 1210 4363 ἐδόθη
1244 4291 1305 4344 τὸ
1348 4294 1620 4361 σωτήριον
1667 4284 1807 4361 αἷμα

213 4387 312 4456 τὴν
342 4386 457 4439 ἀπὸ
485 4385 586 4454 τῆς
608 4385 984 4456 αἰχμαλωσίας
1009 4386 1309 4459 ἀνάρρυσιν
1322 4385 1625 4456 τοῦγένους
1647 4387 1681 4455 ὴ
1690 4385 1807 4456 μῶν

218 4475 528 4545 μεθοδεύον,
550 4476 637 4541 τίς
692 4479 724 4530 ὁ
780 4476 962 4531 λαϐὼν
1015 4478 1177 4548 (38);
1219 4479 1397 4549 Πατρὶ
1440 4477 1672 4549 μὲν-γὰρ
1701 4478 1802 4548 οὐχ

214 4568 311 4642 ἡδὺ
339 4569 436 4621 τοῦ
479 4567 676 4632 Παιδὸς
707 4570 742 4640 ἡ
782 4570 997 4640 σφαγήο
1031 4568 1113 4640 τῷ
1141 4569 1202 4623 δὲ
1234 4570 1406 4643 λῃστῇ
1433 4569 1552 4635 πῶς
1580 4572 1641 4625 οὐ
1672 4571 1800 4629 τολ-

219 4659 396 4728 μηρὸν
447 4660 545 4713 καὶ
595 4662 769 4730 φονεῖ,
805 4661 987 4714 δοῦναι
1017 4661 1223 4731 Κύριον
1267 4650 1501 4732 αἵματος
1540 4663 1798 4732 γενέσθαι

212 4752 305 4804 τοῦ
327 4752 652 4807 δεσποτικοῦ
676 4771 691 4821 ;
723 4754 891 4809 πολλὰ
923 4755 1021 4825 μὲν
1041 4754 1152 4825 γὰρ
1177 4757 1275 4821 καὶ
1312 4755 1449 4811 ἄλλα
1477 4754 1576 4826 τὴν
1608 4755 1795 4823 διάλυ-

218 4861 300 4895 σιν
331 4846 679 4915 παραστήσει
694 4845 792 4898 τοῦ
804 4846 1147 4916 ζητήματος,
1175 4839 1250 4898 ὧν
1275 4847 1376 4899 οὐκ
1406 4847 1643 4916 ἄκαιρον
1671 4846 1803 4911 ἴσως

220 4935 337 5001 μετ’
365 4933 548 5002 ὀλίγον
576 4935 1013 5006 ἐπιμνησθῆναιο
1062 4935 1125 4989 τὸ
1154 4936 1214 4990 δὲ
1246 4935 1335 4990 διὰ
1373 4937 1484 4990 τῶν
1524 4937 1804 5006 ῥηθέντων

219 5027 429 5096 προϊὸν,
472 5026 503 5079 ὁ
573 5027 763 5098 Πατὴρ
816 5028 917 5098 μὲν
956 5028 1171 5099 δέχεται
1206 5029 1269 5081 τὸ
1311 5023 1452 5098 αἷμα
1480 5029 1805 5093 manasse;

218 5119 370 5189 πόθῳ
414 5118 512 5171 τοῦ
556 5119 921 5190 ἐκϐεϐηκότας
948 5136 965 5153 ο
999 5122 1050 5182 ,ὁ
1091 5120 1149 5174 δὲ
1203 5120 1442 5191 πονηρὸς
1476 5122 1805 5192 ὲτόλμαμμὲν

221 5210 313 5262 καὶ
339 5209 672 5282 ἐθρασύνετο
720 5211 927 5280 λαθεῖν,
980 5211 1246 5275 ἀντέλαθε
1271 5212 1329 5266 δὲ
1355 5213 1455 5283 τῆς
1484 5214 1803 5285 τυραννίδος

1900 3196 2079 3257 cepto,
2106 3185 2452 3241 mortiferum
2478 3187 2680 3242 vulnus
2698 3195 2859 3256 atque
2884 3185 3233 3242 ineluctabile
3263 3184 3490 3239 exitium

1899 3292 2191 3349 perpessus
2215 3284 2322 3333 est.
2341 3277 2547 3333 Contra
2570 3276 2753 3341 Pater,
2782 3279 2889 3333 etsi
2910 3276 3198 3348 sanguinis
3221 3275 3491 3332 eﬂ‘usione

1903 3368 2047 3424 illico
2064 3383 2177 3425 non
2200 3376 2297 3423 est
2320 3370 2563 3440 gavisus,
2603 3370 2987 3435 nihilominus,
3020 3370 3097 3425 rei
3132 3370 3338 3424 exitum
3368 3384 3494 3439 spe-

1900 3468 2079 3526 ctans,
2100 3474 2452 3529 summopere
2474 3458 2871 3523 delectabatur,
2902 3468 3066 3528 atque
3086 3457 3231 3515 hunc
3255 3472 3379 3513 eum
3409 3456 3495 3511 inv-

1902 3552 2050 3624 genti
2107 3552 2300 3607 laetitia
2357 3552 2753 3619 exspectabat:
2788 3552 2932 3606 haud
2984 3566 3118 3607 sane
3167 3552 3311 3622 quod
3365 3548 3493 3604 Filii

1903 3644 2105 3701 caedem
2133 3658 2230 3713 per
2252 3659 2311 3699 se
2335 3643 2510 3714 ipsam
2534 3651 2837 3712 expeteret;
2870 3642 2965 3697 sed
2994 3643 3065 3697 ob
3086 3642 3207 3713 ejus
3230 3642 3493 3708 fructum,

1904 3734 2251 3811 utdiximus.
2288 3734 2429 3791 hanc
2477 3735 2811 3806 amplectens
2859 3742 3025 3805 atque
3060 3734 3115 3789 in
3165 3734 3242 3789 rei
3284 3734 3497 3803 placita:

1907 3829 2036 3883 loro
2071 3844 2306 3899 ponens.

1987 3921 2040 3977 4.
2076 3921 2248 3977 Porro
2275 3930 2459 3976 autem
2492 3920 2620 3977 hinc
2659 3928 2817 3991 potes
2863 3919 3069 3976 veteris
3092 3934 3314 3990 quoque
3340 3933 3497 3988 quaa-

1905 4014 2101 4069 stionis
2129 4014 2492 4069 dissolvendae
2526 4014 2872 4069 occasionem
2902 4014 3232 4078 ultroneam,
3269 4012 3315 4066 si
3340 4011 3493 4079 libet,

1905 4121 2102 4177 capere
2123 4123 2137 4161 :
2160 4123 2281 4178 qua:
2307 4121 2441 4162 sane
2470 4107 2701 4179 quaestio
2724 4121 3036 4175 quanquam
3058 4118 3227 4159 sacra:
3251 4102 3496 4159 scientia:

1906 4197 2171 4253 studiosis
2227 4213 2335 4251 non
2366 4208 2452 4251 est
2482 4197 2786 4265 incognita,
2821 4210 2969 4251 nunc
3012 4204 3197 4249 tamen
3236 4207 3349 4247 non
3375 4193 3496 4248 sine

1907 4290 2092 4347 fructu
2122 4291 2189 4345 ad
2212 4305 2572 4345 couttnunem
2603 4289 2850 4344 omnium
2880 4289 3128 4344 notitiam
3162 4285 3489 4357 proferetur.

1913 4381 1969 4437 Si
1992 4383 2150 4452 pretii
2173 4383 2295 4438 loco
2318 4380 2631 4437 Servatoris
2649 4383 2873 4454 sanguis
2889 4382 3051 4438 datus
3071 4381 3191 4447 fuit,
3211 4380 3303 4451 qui
3320 4379 3494 4434 nostri

1909 4471 2128 4540 generis
2176 4486 2206 4524 a
2236 4471 2555 4546 captivitate
2600 4469 3031 4541 redemptionem
3085 4477 3338 4532 curaret,
3368 4469 3494 4537 quis

1907 4563 2025 4633 ejus
2057 4572 2306 4633 receptor
2337 4561 2461 4617 est?
2490 4561 2640 4617 Patri
2669 4571 2817 4619 certe
2842 4562 2988 4616 haud
3035 4569 3154 4616 erat
3183 4570 3338 4632 grata
3369 4558 3493 4615 Filii

1906 4654 2118 4711 caedes:
2146 4655 2349 4710 latroni
2379 4664 2562 4715 autem
2611 4665 2667 4711 et
2699 4654 2989 4709 homicida:
3038 4653 3259 4708 diabolo
3301 4653 3490 4721 quidni

1903 4748 1975 4804 sit
1994 4748 2266 4807 nefarium
2280 4746 2558 4802 ‘Dominici
2577 4747 2863 4817 sanguinis
2880 4754 3202 4815 potestatem
3216 4744 3492 4800 tribuere?

1902 4840 2038 4895 Alia:
2058 4840 2280 4910 quidem
2301 4840 2489 4896 multat
2503 4839 2823 4910 quaestionis
2844 4838 3153 4894 solutiones
3172 4847 3325 4904 sunt,
3356 4854 3498 4909 quas

1904 4933 2068 5003 paulo
2098 4941 2222 5003 post
2261 4948 2571 4988 memorare
2600 4948 2712 4987 non
2740 4933 2850 4989 erit
2866 4932 3104 4989 fortasse
3144 4931 3490 5001 intempesti—

1904 5042 2076 5081 vum:
2107 5027 2203 5082 sed
2259 5028 2376 5082 hac
2428 5034 2622 5097 sponte
2668 5040 2738 5081 ex
2780 5037 2915 5082 ante
2966 5025 3126 5081 dictis
3172 5024 3317 5090 ﬂuit,
3344 5023 3494 5095 quod

1907 5133 2104 5187 netnpe
2122 5117 2294 5172 Pater
2324 5116 2459 5172 Filii
2510 5118 2841 5188 sanguinem
2897 5118 3026 5173 boni
3059 5119 3271 5174 fructus
3306 5117 3491 5177 studio

1905 5211 2183 5288 suscepit;
2212 5210 2467 5266 diabolus
2498 5220 2680 5267 autem
2716 5226 2839 5268 cum
2875 5209 3060 5268 lurore
3083 5220 3137 5267 et
3166 5210 3397 5268 audacia
3420 5211 3488 5269 ad

1735 5391 1976 5455 ΝΟΤιΕ.

286 5518 612 5598 ίὸδὶδμρεν
672 5520 774 5575 hac
841 5523 1144 5598 quaestione
1224 5525 1553 5598 celebratum
1608 5537 1800 5598 postea

224 5585 323 5665 fuit
354 5590 494 5665 apud
523 5585 754 5665 graecos
824 5585 1121 5649 multorum
1181 5597 1559 5665 episcoporum
1608 5585 1797 5652 conci-

226 5658 375 5732 liutn,
408 5661 508 5716 sub
542 5659 789 5718 Manuelc
838 5665 966 5733 imp.
1002 5658 1302 5734 Comite-no,
1353 5658 1495 5737 quod
1549 5678 1798 5739 accurate

1910 5529 2485 5583 cotiunemoratetiam
2518 5527 2860 5599 Ephrannius
2885 5545 2915 5583 a
2956 5544 3042 5599 me
3070 5527 3249 5599 editus
3282 5526 3334 5580 in
3366 5526 3484 5580 Ca:-

1909 5600 2125 5654 saribus
2156 5617 2205 5653 ν.
2242 5600 2383 5655 4742
2412 5598 2576 5669 seqq;
2608 5600 2758 5671 Ipsos
2804 5598 3047 5670 prmdicti
3082 5598 3303 5656 concilii
3330 5606 3487 5663 actus

1907 5688 2006 5740 (σεο
2041 5671 2184 5733 brevi
2218 5673 2463 5734 editurus
2484 5686 2627 5733 sum.
