3888 6186
372 196 474 261 179

1524 192 1784 255 PHOTII
1814 191 2322 256 PATRIABCHIE
2359 196 2470 258 ΟΡ.

3523 189 3631 255 180

364 308 743 381 accipiendum
791 316 1097 380 raperetur,
1124 306 1430 381 tyrannidis
1476 321 1589 363 sum
1624 308 1745 365 vice
1784 321 1945 363 versa

2060 309 2211 364 ιύτοῦ
2239 311 2339 382 τὴν
2358 311 2675 383 καθαίρεσιν
2722 313 2818 366 καὶ
2869 312 2969 385 τὴν
3011 309 3417 383 ἀπροσδόκητόν
3446 327 3504 363 τε
3524 312 3626 368 καὶ

366 401 666 473 perniciem
698 400 901 465 retulit,
933 409 1097 469 atque
1131 398 1411 468 inopinam
1467 406 1524 454 et
1580 398 1705 454 sine
1736 396 1946 454 medela

368 496 586 565 plagam
618 512 632 549 :
660 494 728 549 de
757 508 865 563 qua
896 492 1105 563 pridem
1132 491 1426 561 suspicans
1444 530 1461 555 ,
1488 490 1687 561 partim
1719 490 1946 561 quidem

369 588 436 642 ad
464 600 682 641 crucem
709 584 922 646 ruebat,
948 583 1145 653 partim
1169 583 1507 637 retinebatur
1530 591 1697 652 atque
1717 597 1749 637 a
1776 582 1948 637 sacri-

370 678 490 749 lego
515 679 717 745 impetu
735 677 1065 732 abstinebat.
1086 675 1264 747 Atque
1285 676 1421 731 adeo
1442 674 1675 745 quaestio
1700 674 1812 730 haec
1831 672 1947 743 jam

371 786 482 825 non
513 769 948 841 poteritpiorum
971 769 1199 824 auribus
1217 783 1343 824 esse
1376 767 1628 823 molesta.
1646 766 1949 836 Caeteroqui

370 863 509 919 nihil
529 871 677 918 vetat
720 863 1019 933 quominus
1043 876 1215 932 nuper
1236 861 1505 931 promissa
1525 858 1816 915 faciamus.
1842 857 1950 915 Re—

369 955 603 1025 demptis
652 955 886 1024 pretium
933 953 1136 1025 duplici
1182 954 1285 1009 sub
1338 953 1560 1008 notione
1604 951 1951 1009 considerare

370 1048 520 1112 licet,
553 1047 816 1102 nimirum
847 1057 906 1102 ut
953 1046 1289 1116 captivorum
1336 1044 1633 1112 redimias,
1672 1053 1837 1115 atque
1892 1051 1953 1099 ut

372 1141 715 1211 captivorum
740 1140 969 1196 Domino
1006 1141 1232 1194 donum.
1270 1138 1473 1193 Christi
1502 1137 1725 1209 sanguis
1756 1144 1952 1207 quate-

372 1250 479 1290 nus
528 1235 880 1290 redimiarum
932 1233 1049 1287 vice
1096 1232 1361 1302 fungitur,
1396 1245 1531 1286 sane
1583 1230 1819 1300 pretium
1866 1244 1953 1285 re-

373 1328 707 1397 demptionis
759 1327 866 1383 dici
897 1336 1107 1397 potest;
1136 1334 1511 1380 verumtamen
1546 1332 1820 1393 quatenus
1858 1322 1950 1378 do-

374 1437 505 1477 num
524 1420 779 1489 mangoni
811 1428 913 1485 est,
942 1418 1035 1473 illo
1060 1417 1280 1471 nomine
1297 1417 1374 1470 uti
1405 1414 1618 1485 nequit.
1648 1414 1715 1470 Et
1730 1416 1951 1485 quidem

373 1514 481 1568 alia
513 1513 685 1567 multa
715 1510 1105 1581 redemptionis
1132 1509 1347 1579 proprie
1368 1509 1514 1563 dicto
1546 1508 1718 1578 pretio
1740 1509 1948 1573 insunt,

373 1622 495 1675 qua:
526 1620 740 1659 arcanae
794 1604 919 1658 huic
972 1612 1027 1657 et
1072 1601 1428 1655 inenarrabili
1480 1602 1801 1657 achnomiae
1840 1616 1948 1655 non

372 1703 701 1764 congruunt.
725 1692 1002 1762 Siquidem
1028 1692 1116 1762 qui
1137 1692 1371 1762 pretium
1396 1691 1564 1757 dedit,
1584 1692 1714 1761 quia
1732 1691 1811 1745 rei
1833 1690 1951 1760 ejus

372 1785 633 1853 deinceps
662 1783 918 1838 dominus
970 1798 1095 1837 esse
1148 1797 1257 1836 non
1298 1790 1513 1851 potest,
1559 1781 1951 1836 detrimentum

376 1877 750 1933 necessarium
801 1876 1007 1946 patitur
1045 1893 1059 1928 :
1088 1883 1282 1929 contra
1307 1873 1400 1944 qui
1432 1874 1650 1944 accipit,
1674 1875 1825 1930 lucro
1853 1890 1953 1929 au-

376 1981 555 2040 getur,
593 1971 763 2038 litque
795 1969 872 2023 rei
920 1967 1179 2022 dominus
1201 2008 1217 2033 ,
1253 1982 1376 2036 quae
1407 1967 1460 2021 in
1516 1965 1637 2035 ejus
1685 1975 1958 2036 potestate

376 2070 536 2116 antea
566 2076 673 2117 non
694 2068 834 2123 erat.
866 2059 1023 2115 Nunc
1042 2074 1203 2114 omne
1234 2067 1427 2113 contra
1457 2068 1561 2115 est.
1593 2058 1695 2124 Qui
1719 2059 1957 2128 pretium

376 2154 577 2208 obtulit
604 2152 1070 2225 (quandoquidem
1111 2152 1293 2205 omnia
1322 2152 1377 2205 in
1401 2149 1499 2206 Dei
1527 2159 1792 2220 potestate
1810 2159 1954 2217 sunt,

379 2262 557 2319 neque
587 2248 757 2318 ipsius
794 2246 977 2301 Abelis
1030 2260 1209 2315 neque
1262 2255 1563 2315 martyrum
1620 2244 1846 2314 sanguis
1886 2245 1959 2300 ab

379 2340 501 2409 ejus
543 2336 879 2408 providentia
914 2334 1266 2403 dominioque
1313 2332 1528 2401 abfuit),
1564 2332 1673 2397 hic,
1708 2333 1959 2403 inquam,

379 2432 597 2488 nullum
621 2438 764 2500 cepit
785 2428 1197 2484 detrimentum.
1229 2424 1366 2480 Nam
1387 2426 1514 2495 quis
1535 2425 1762 2479 omnino
1776 2423 1963 2481 dicere

380 2524 533 2589 velit,
557 2524 627 2577 ab
654 2514 722 2577 eo
741 2521 836 2591 qui
867 2519 1200 2575 famulorum
1219 2534 1468 2582 suorum,
1493 2528 1548 2573 et
1572 2532 1806 2590 quorum
1831 2531 1964 2573 san-

380 2616 503 2689 guis
528 2616 831 2673 exhaustus
856 2614 978 2678 fuit,
1002 2628 1190 2669 curam
1219 2614 1379 2685 gerit,
1397 2613 1602 2683 quique
1619 2620 1961 2667 mortuorum

383 2717 447 2762 ut
470 2706 766 2761 virentium
797 2704 1067 2757 clamores
1108 2703 1293 2767 audit;
1321 2702 1482 2772 quis,
1515 2701 1763 2772 inquam,
1792 2701 1961 2766 dicat,

381 2799 677 2854 salutarem
699 2805 753 2851 et
775 2796 871 2864 qui
892 2796 1079 2851 urbem
1107 2796 1345 2850 viviﬁcat
1372 2796 1722 2866 sanguinem,
1753 2795 1806 2849 in
1839 2795 1962 2850 the-

381 2889 561 2945 sauris
596 2886 947 2957 providentiae
970 2901 1085 2941 sua:
1105 2888 1173 2941 ab
1193 2902 1260 2941 eo
1288 2901 1398 2941 non
1435 2886 1604 2942 fuisse
1628 2885 1962 2942 incolumem

2045 408 2265 462 ἀνίατον
2291 406 2507 478 πληγήν
2527 423 2542 437 ο
2561 408 2627 478 ἥν
2656 410 2751 463 καὶ
2781 408 3123 478 ὑπιδόμενος,
3141 406 3259 477 ἅμα
3280 424 3341 459 τε
3373 406 3626 477 έπεπήδα

2044 503 2124 572 τῷ
2146 501 2382 573 σταυρῷ,
2416 501 2510 555 καὶ
2542 501 2659 571 ἅμα
2695 500 3071 554 συνεστέλλετο
3102 516 3160 552 τε
3218 500 3314 553 καὶ
3356 500 3628 568 ἀφίστατο

2046 596 2148 666 τῆς
2184 596 2559 667 θεομαχούσης
2596 594 2810 665 ὁρμῆς⁹
2864 592 2960 647 καὶ
3021 591 3206 647 οὐκέτι
3264 590 3627 663 παρενοχλεῖν

2046 686 2202 761 οἶμαι
2221 689 2283 743 τὸ
2302 690 2405 760 τῆς
2429 689 2662 761 ἀπορίας
2690 688 2845 758 ἰσχὺν
2867 687 2978 752 ἔξει
2998 686 3096 749 τάς
3124 684 3231 739 τῶν
3255 685 3629 738 εὐσεϐούντων

2047 782 2259 846 ἀκοάς
2295 782 2436 852 πλὴν
2489 781 2641 834 οὐδὲν
2701 779 2901 833 κωλύει
2951 779 3090 849 πρὸς
3140 779 3239 848 τὴν
3292 777 3628 846 ἐπαγγελίαν

2048 869 2219 924 ἐλθεῖν
2246 886 2262 901 ⁶
2286 869 2363 934 ὡς
2389 870 2511 923 ἐπεὶ
2541 869 2603 922 τὸ
2621 868 2817 939 λύτρον
2854 868 2992 939 πρὸς
3028 868 3121 920 δύο
3149 868 3270 920 τινά
3296 868 3397 937 τὴν
3427 867 3632 933 ἀναφο-

2054 964 2152 1035 ρὰν
2180 963 2256 1026 ὡς
2282 962 2486 1016 ἐπίπαν
2506 961 2641 1033 ἔχει,
2678 961 2862 1034 ρύσιόν
2888 979 2947 1014 τε
2971 961 3079 1015 τῶν
3123 960 3509 1031 κατεχομένων
3546 954 3631 1011 εἵ-

2050 1072 2160 1120 ναι,
2187 1056 2282 1110 καὶ
2306 1054 2477 1126 διῖιρον
2505 1053 2736 1125 ὁρᾶσθαι
2760 1052 2837 1123 τῷ
2867 1054 3149 1124 κατέχοντι
3174 1068 3189 1083 ’
3212 1052 3288 1116 ὡς
3319 1053 3419 1122 μὲν
3443 1051 3631 1122 ῥύσιον

2048 1147 2157 1201 τῶν
2184 1146 2587 1217 κατεχομένων,
2633 1145 2829 1216 λύτρον
2855 1148 2921 1200 ἂν
2948 1147 3033 1215 εἴη
3073 1144 3136 1198 τὸ
3165 1146 3435 1217 σωτήριον
3463 1139 3630 1211 αἷμα,

2048 1237 2128 1303 ὡς
2159 1236 2220 1293 δὲ
2250 1236 2421 1308 δῶρον
2478 1236 2580 1290 τοῦ
2620 1234 2964 1307 κατέχοντος,
3026 1235 3310 1305 οὐδαμῶς·
3363 1236 3489 1287 ἐπεὶ
3535 1234 3633 1286 καὶ

2054 1328 2223 1384 πολλά
2245 1329 2382 1384 ἄλλα
2440 1328 2522 1401 τῷ
2564 1328 2771 1401 κυρίως
2807 1329 3086 1399 λεγομένῳ
3143 1328 3415 1399 προσόντα
3449 1326 3634 1395 λύτρῳ

2052 1430 2116 1497 τῇ
2153 1425 2419 1497 άφράστῳ
2473 1422 2646 1496 ταύτῃ
2695 1425 2791 1477 καὶ
2844 1422 2986 1493 ὑπὲρ
3036 1421 3194 1489 λόγον
3227 1420 3288 1472 ού
3337 1420 3636 1490 πρόσεστιν

2053 1519 2334 1590 οἰκονομίᾳ
2359 1534 2373 1547 ⁸
2403 1520 2499 1573 καὶ
2550 1518 2660 1589 γὰρ
2684 1518 2714 1570 ὁ
2746 1517 2843 1588 μὲν
2887 1516 2958 1568 τὸ.
2979 1514 3177 1585 λύτρον
3216 1514 3416 1576 διδοὺς,
3444 1511 3635 1564 ούκέτι

2052 1611 2348 1679 δυνάμενος
2374 1604 2516 1661 εἶναι
2544 1608 2748 1679 Κύριος
2772 1600 2846 1659 ὧν
2875 1604 3139 1675 παρέσχε,
3164 1603 3264 1669 τὴν
3284 1602 3494 1671 ζημίαν
3521 1599 3637 1666 ἔχει

2056 1703 2194 1758 κατὰ
2207 1702 2268 1755 τὸ
2282 1701 2657 1771 ἀπαραίτητον
2668 1697 3091 1753 ἀκολουθοῦσαν·
3111 1694 3390 1766 κερδαίνει
3406 1693 3450 1744 δ’
3470 1695 3499 1744 ὁ
3531 1691 3629 1741 λα-

2056 1795 2165 1849 ϐὼν
2187 1793 2325 1866 [καὶ]
2348 1794 2665 1848 καθίσταται
2692 1790 2958 1860 δεσπότης
2981 1782 3058 1842 ὧν
3081 1787 3344 1859 πρότερον
3362 1785 3464 1854 τὴν
3480 1782 3637 1846 ἐξου-

2058 1889 2177 1943 σίαν
2196 1889 2298 1942 οὐκ
2316 1888 2450 1957 εἶχε·
2470 1884 2703 1939 ἐνταῦθα
2738 1883 2796 1937 δὲ
2825 1880 3134 1936 τούναντίον
3175 1879 3340 1932 ᾶπανο
3357 1880 3385 1931 ὁ
3408 1877 3508 1947 μὲν
3530 1892 3636 1927 κα-

2056 1981 2185 2035 ταθέ
2192 1997 2349 2049 μενος
2365 1978 2426 2033 τὸ
2440 1978 2639 2049 λύτρον
2653 1976 2767 2033 (καὶ
2786 1975 2896 2046 γάρ
2916 1975 3092 2028 πάντα
3113 1974 3170 2025 ὲν
3193 1970 3426 2041 τῇχειρὶ
3442 1966 3634 2032 αὑτοῦ,

2058 2072 2153 2127 καὶ
2179 2072 2299 2125 οὐδὲ
2319 2071 2413 2124 τοῦ
2434 2069 2601 2123 Ἀϐελ
2628 2065 2787 2138 αἷμα,
2812 2068 2872 2121 οὐ
2903 2066 3010 2137 μὴν
3044 2064 3165 2118 οὐδὲ
3192 2063 3299 2117 τῶν
3341 2060 3640 2132 μαρτύρων

2058 2164 2165 2231 ἔξω
2192 2163 2293 2233 τῆς
2327 2162 2491 2217 αὐτοῦ
2522 2161 2829 2232 καθέστηκε
2857 2157 3115 2230 προνοίας
3145 2155 3239 2209 καὶ
3258 2152 3463 2225 χειρὸς)
3483 2149 3642 2204 οὐδὲν

2061 2256 2163 2326 μὲν
2178 2255 2423 2325 δηλονότι
2443 2253 2741 2323 ὲζημίωται
2768 2267 2785 2282 ο
2818 2250 2905 2313 τίς
2924 2249 3032 2319 γάρ
3061 2249 3129 2302 ἀν
3166 2246 3306 2309 ὅλως
3344 2246 3521 2297 είπείν
3551 2244 3639 2293 έν-

2058 2347 2249 2419 νοήσῃ,
2277 2346 2353 2410 ὡς
2396 2345 2495 2415 μὲν
2519 2343 2628 2398 τῶν
2673 2342 3018 2414 θεραπόντων
3039 2338 3226 2401 αὑτοῦ,
3256 2336 3354 2390 καὶ
3382 2329 3461 2389 ὧν
3509 2336 3641 2386 ὲκεο

2058 2438 2310 2509 νώθησαν
2370 2437 2619 2509 αἱμάτων
2652 2435 2770 2489 έστι
2795 2434 2954 2503 λόγος
2973 2430 3143 2503 αὐτῷ,
3173 2430 3269 2484 καὶ
3301 2426 3441 2500 μετά
3467 2423 3641 2480 θάνω·

2058 2548 2152 2585 τον
2198 2529 2274 2593 ὡς
2306 2528 2590 2583 ἀθανάτων
2619 2527 2869 2599 βοώντων
2921 2524 3147 2591 ἀκούεις
3174 2521 3237 2576 τδ
3264 2521 3325 2575 δὲ
3367 2519 3643 2588 σωτήριον

2061 2624 2156 2678 καὶ⁵
2180 2622 2442 2687 ζωοποιδν
2467 2615 2611 2691 αἷμα
2638 2618 2735 2674 τοῦ
2763 2618 2970 2690 κόσμου
2995 2617 3096 2671 οὐκ
3121 2617 3180 2668 έν
3208 2616 3317 2677 τοῖς
3347 2610 3646 2673 ἀθανάτοις

2058 2715 2161 2785 τῆς
2186 2713 2351 2768 αὐτοῦ
2373 2711 2629 2785 προνοίας
2645 2711 2895 2782 ταμείοις
2913 2708 3128 2778 συνέχει
3143 2703 3444 2774 ἀνώλεθρον
3468 2700 3644 2771 αὐτῷ,

2061 2806 2158 2861 καὶ
2187 2806 2394 2876 φθορᾶς
2418 2804 2688 2875 σωμάτων
2712 2802 2994 2870 ἀνέπαφον
3032 2795 3477 2868 συντηρούμενος
3501 2792 3646 2863 (39);

2061 2897 2163 2950 οὐκ
2187 2894 2489 2967 ὲζημίωται
2515 2893 2697 2947 τοίνυν
2721 2892 2783 2946 ού
2815 2890 2915 2962 μὲν
2959 2885 3061 2944 οὖν
3080 2888 3110 2942 ὃ
3150 2888 3213 2941 τὸ
3241 2886 3437 2957 λύτρον
3466 2901 3648 2938 κατα-

383 2990 796 3041 conservatum.
823 2990 988 3048 atque
1016 2979 1087 3033 ab
1126 2978 1277 3034 omni
1316 2992 1579 3047 corporea
1610 2977 1960 3047 corruptione

2065 2990 2315 3061 θέμενος,
2346 2988 2481 3043 ἀλλά
2516 2987 2613 3042 καὶ
2658 2985 2756 3040 τοῦ
2786 2984 2975 3054 γένους
3028 2984 3061 3052 ἡ
3072 2982 3188 3052 μῶν
3234 2978 3437 3041 παντὸς
3468 2978 3497 3030 ό
3521 2975 3654 3045 φιλ-

383 3070 859 3145 protectum?Non
879 3071 1044 3140 igitur
1071 3071 1332 3126 damnum
1358 3070 1582 3140 pertulit
1610 3070 1706 3141 qui
1730 3070 1964 3140 pretium

382 3165 649 3222 contulit:
675 3165 788 3218 imo
816 3164 1055 3219 universi
1085 3162 1302 3233 generis
1330 3162 1504 3217 nostri
1533 3162 1777 3217 clemens
1803 3160 1965 3217 Jesus

384 3255 617 3310 salutem
665 3254 911 3308 lucratus
939 3263 1043 3308 est.
1079 3252 1183 3317 Qui
1212 3267 1341 3307 vero
1372 3267 1433 3307 se
1461 3261 1816 3322 accepturum
1866 3267 1969 3322 pu-

387 3348 557 3412 tabat,
579 3345 710 3399 dum
738 3344 805 3398 de
826 3360 927 3399 suo
951 3343 1113 3399 unice
1142 3344 1294 3397 lucro
1313 3342 1539 3412 cogitat,
1570 3342 1718 3397 illam
1744 3356 1968 3413 quoque

387 3437 595 3501 amisit,
628 3437 788 3503 cuius
820 3436 963 3493 vires
991 3445 1275 3505 tantopere
1297 3434 1563 3504 jactahat,
1599 3435 1964 3506 tyrannidem.

388 3529 571 3594 Quare
609 3527 929 3584 Dominicus
958 3529 1217 3584 salutaris
1243 3529 1464 3598 Sanguis
1493 3530 1729 3600 pretium
1778 3544 1968 3586 revera

388 3619 779 3688 redemptionis
823 3630 926 3681 est,
963 3619 1090 3688 quia
1137 3634 1237 3673 nos
1286 3620 1601 3688 captivitate
1643 3621 1965 3692 expedivit:

386 3710 483 3765 sed
514 3709 655 3765 idem
682 3725 713 3763 a
738 3709 1129 3779 redemptionis
1153 3710 1327 3779 pretio
1346 3710 1547 3775 diﬂ'ert,
1574 3722 1687 3768 tum
1711 3715 1838 3785 quia
1866 3715 1966 3782 illi,

388 3802 481 3871 qui
500 3810 753 3855 naturam
774 3810 1013 3856 nostram
1036 3800 1410 3856 fraudulenter
1427 3803 1653 3858 servitio
1673 3805 1967 3874 oppressit,

388 3910 501 3948 non
528 3901 613 3947 est
636 3893 886 3958 oblatus;
913 3904 1025 3947 tum
1058 3894 1183 3963 quia
1211 3893 1370 3963 pretii
1400 3892 1618 3964 quidem
1644 3896 1968 3965 praeclarum

389 3989 605 4043 lucrum
654 4002 781 4043 esse
825 3988 985 4053 solet,
1022 3987 1172 4041 nullo
1206 3988 1409 4041 damno
1452 3987 1695 4042 comite:
1727 3998 1970 4043 attamen

389 4078 611 4135 diabolo
642 4080 982 4148 captivorum
1025 4077 1159 4133 hero
1196 4078 1531 4147 duplicatum
1577 4078 1761 4147 potius
1813 4094 1970 4133 sum-

389 4185 653 4240 mumque
682 4168 942 4224 damnum
973 4169 1172 4224 evenit.
1203 4168 1471 4225 Praeterea
1501 4169 1972 4238 redemptiouibus

2067 3080 2353 3150 ἅνθρωπος
2383 3075 2789 3149 προσεκέρδησε
2838 3074 2938 3145 τὴν
2967 3072 3276 3144 σωτηρίαν*
3304 3071 3336 3123 ό
3375 3067 3433 3121 δὲ
3460 3065 3650 3121 λαϐεῖν

2065 3171 2314 3243 νομίσας,
2337 3171 2420 3224 ὅτι
2448 3168 2634 3222 λαϐεῖν
2662 3168 2825 3239 μόνον
2856 3164 3098 3237 ἐνόμισε,
3136 3162 3235 3217 καὶ⁸
3257 3160 3430 3230 αὐτὴν
3466 3172 3651 3229 προσ-

2066 3262 2375 3327 απώλεσεν,
2414 3262 2501 3330 ἐφ’
2621 3276 2681 3313 τε
2712 3259 2855 3330 μέγα
2897 3255 3118 3327 ἐφρόνει
3147 3254 3242 3308 καὶ
3277 3253 3347 3323 ἢν
3373 3248 3663 3320 ἐνισχύειν.

2067 3354 2320 3423 ἐνόμισεν
2369 3350 2535 3405 αὐτοῦ
2575 3348 2902 3421 τυραννίδα*
2942 3345 3084 3400 ὥστε
3137 3344 3201 3398 τὸ
3248 3343 3522 3413 σωτήριον
3553 3342 3655 3392 καὶ

2066 3443 2381 3499 δεσποτικὸν
2404 3438 2544 3513 αἷμα
2562 3442 2659 3495 καὶ
2700 3440 2901 3510 λύτρου
2930 3436 3116 3509 χώραν
3131 3436 3197 3491 ἂν
3221 3435 3433 3503 ἐπέχοι,
3457 3433 3657 3485 ἀνεκο-

2072 3538 2267 3610 μίσατο
2300 3536 2409 3606 γὰρ
2438 3536 2587 3606 ἡμᾶς
2611 3533 2710 3603 τῆς
2760 3528 3161 3602 αίχμαὶωσίας,
3185 3526 3284 3580 καὶ
3316 3524 3414 3578 τοῦ
3448 3522 3653 3591 λύτρου

2069 3628 2465 3700 παραλλάσσει,
2499 3626 2581 3678 ὃτι
2609 3622 2745 3696 μηδὲ
2774 3620 3114 3693 προσενέχοη
3138 3616 3216 3688 τῷ
3241 3615 3342 3687 τὴν
3370 3614 3656 3686 ἡμετέραν

2070 3725 2231 3794 φύσιν
2263 3721 2448 3791 ἀπάτῃ
2472 3717 2867 3787 δουλωσαμένῳ
2888 3728 2904 3744 °
2937 3714 3033 3766 καὶ
3051 3713 3131 3766 ὅτι
3155 3712 3213 3764 ὲν
3248 3708 3348 3780 μὲν
3367 3706 3448 3777 τῷ
3467 3704 3664 3776 λύτρῳ

2068 3816 2129 3868 τὸ
2168 3813 2360 3885 κέρδος
2388 3812 2581 3881 ὁρᾶται
2616 3808 2782 3879 μέγα,
2827 3805 2963 3877 μηδὲ
2997 3804 3125 3875 μιᾶς
3160 3797 3656 3866 συνεπινοουμένης

2070 3908 2296 3979 ζημίας
2329 3909 2386 3959 ὲν
2404 3905 2461 3958 δὲ
2482 3902 2561 3973 τῷ
2587 3901 2874 3972 κατέχοντι
2901 3898 3029 3961 τοὺς
3058 3893 3461 3965 αἰχμαλώτους,
3483 3890 3654 3959 διπλῆ

2073 4001 2274 4073 μᾶλλον
2336 3998 2394 4051 δὲ
2440 3995 2711 4063 παντελὴς
2744 3994 2778 4063 ἡ
2802 3991 2976 4062 ζημία
2995 4004 3009 4018 ·
3037 3990 3088 4042 εί
3116 3987 3290 4058 βούλει
3313 3984 3371 4037 δὲ
3391 3985 3489 4037 καὶ
3518 3982 3658 4034 διότι

2069 4094 2177 4146 τῶν
2209 4092 2305 4162 μὲν
2327 4089 2501 4144 ἄλλων
2534 4087 2748 4158 λύτρων
2774 4082 3138 4155 συμϐατήριοι
3162 4075 3534 4149 προηγοῦνται
3564 4074 3655 4124 λό-

2070 4202 2179 4255 γοι,
2220 4181 2453 4236 ἐνταῦθα
2473 4180 2531 4233 δὲ
2560 4179 2654 4233 τοῦ
2680 4177 2877 4249 λύτρου
2930 4173 3328 4246 μελετωμένου,
3378 4172 3411 4238 ὴ
3467 4166 3659 4220 δικαία

389 4264 515 4319 aliis
545 4263 767 4333 paciﬁca
797 4263 961 4318 verba
1005 4272 1281 4332 prmeunt;
1331 4263 1420 4317 hic
1465 4262 1595 4317 dum
1622 4262 1854 4332 pretium
1885 4278 1960 4318 re-

2073 4277 2253 4350 κρίσις
2274 4276 2340 4329 ἐκ
2358 4272 2690 4327 παλαιτάτου
2709 4268 2788 4340 τῷ
2815 4267 3059 4338 πολεμίῳ
3081 4264 3142 4318 τὸ
3189 4261 3455 4318 ἄσπονδον
3487 4274 3664 4311 κατα-

390 4356 719 4426 demptionis
744 4356 1091 4425 persolvitur,
1120 4356 1330 4425 justum
1361 4355 1455 4411 Dei
1476 4355 1769 4425 judicium,
1803 4373 1960 4428 quam

2070 4344 2418 4441 ψηφιζομένη
2439 4408 2454 4434 ,
2485 4366 2567 4419 ἔτι
2595 4363 2797 4436 μᾶλλον
2848 4359 3152 4432 τηνικαῦτα
3177 4359 3277 4427 τὴν
3307 4353 3570 4420 τοιαύτην
3595 4351 3659 4416 ὲξ

394 4452 711 4508 ﬁrmissime
738 4451 869 4506 olim
902 4451 1219 4506 decreverat
1252 4450 1305 4504 in
1339 4451 1551 4506 hostem
1578 4465 1819 4522 poenam,
1847 4468 1970 4508 eam

394 4546 502 4601 hoc
549 4546 897 4615 potissimum
933 4556 1177 4610 tempore
1215 4543 1549 4599 facinoribus
1582 4543 1703 4613 ejus
1750 4544 1970 4600 inﬂixit.

393 4636 640 4707 Denique
668 4638 721 4691 in
751 4636 965 4691 caeteris
994 4635 1456 4704 redemptionibus
1487 4634 1692 4691 foedera
1722 4636 1970 4706 quaedam

393 4728 477 4785 vel
507 4729 575 4782 ad
617 4728 839 4796 longum
887 4728 970 4782 vel
996 4730 1065 4782 ad
1109 4729 1270 4783 breve
1316 4735 1529 4799 tempus
1576 4727 1880 4796 feriuntur;
1916 4730 1973 4784 in

394 4821 518 4884 hac.
543 4819 609 4873 de
630 4834 739 4888 qua
771 4819 1004 4889 agimus,
1032 4818 1171 4873 nihil
1189 4819 1293 4874 tale
1313 4819 1585 4889 suspicari
1614 4819 1763 4875 licet.
1789 4820 1969 4890 Atque

394 4911 668 4981 ejusmodi
700 4910 820 4966 alia;
848 4910 1094 4983 plurima:
1116 4911 1439 4967 diil'erentia:
1458 4920 1611 4967 sunt.
1635 4911 1819 4979 Quare
1852 4913 1969 4968 ﬁeri

397 5018 509 5060 non
565 5011 741 5074 potest
784 5014 840 5058 ut
873 5004 1051 5059 oratio
1095 5004 1475 5060 necessitatem
1532 5019 1644 5075 pm
1705 5021 1767 5061 se
1810 5004 1969 5072 ferat,

396 5096 857 5165 quemadmodum
891 5113 1014 5153 eam
1046 5097 1341 5152 obtendere
1367 5106 1567 5168 potest,
1593 5112 1719 5153 cum
1748 5112 1853 5153 vox
1883 5113 1973 5152 re-
2019 5092 2023 5097 ’

396 5189 580 5247 άίωἱεε
607 5189 865 5261 primario
886 5206 1051 5247 sensu
1073 5191 1415 5261 intelligitur.
1438 5187 1573 5245 Nam
1604 5190 1833 5264 ﬁgurate
1866 5190 1973 5247 hoc

398 5283 541 5348 loco,
572 5284 616 5339 si
652 5300 893 5355 unquam
923 5285 1086 5349 alias,
1118 5298 1222 5338 vox
1260 5282 1543 5353 accipitur.

2070 4457 2145 4519 ὧν
2170 4463 2380 4525 ἐκεῖνος
2442 4459 2709 4529 ἔπραττεν
2761 4453 3044 4508 ἐπιϐάλλει
3091 4448 3426 4517 καταδίκην·
3469 4447 3567 4499 καὶ
3588 4445 3657 4516 δὴ

2072 4552 2167 4606 καὶ
2194 4551 2288 4605 ἐπὶ
2324 4550 2422 4620 μὲν
2453 4546 2563 4601 τῶν
2590 4545 2786 4609 ἄλλων,
2808 4543 3031 4597 σπονδαὶ
3053 4540 3269 4601 πάντως
3298 4539 3330 4607 ἢ
3365 4536 3463 4589 ἐπὶ
3484 4536 3663 4588 πολὺν

2073 4643 2108 4713 ἢ
2137 4642 2223 4695 ἐπ’
2279 4638 2458 4707 ὀλίγον
2489 4636 2841 4691 συνίστανται
2874 4633 3065 4704 χρόνον
3088 4643 3104 4660 ⁸
3134 4631 3193 4683 έν
3231 4629 3288 4682 δὲ
3320 4628 3398 4698 τῷ
3420 4626 3663 4694 παρόντι

2072 4734 2255 4804 λύτρῳ
2295 4730 2405 4785 οὐδ’
2452 4729 2666 4801 ἐπινοίᾳ
2722 4726 2908 4781 λαϐεῖν
2965 4724 3082 4777 ἐστι
3146 4722 3275 4792 ψιλῇ
3313 4717 3560 4772 τοιοῦτόν
3605 4733 3661 4769 τι

2075 4822 2509 4895 προενηγμένον,
2540 4820 2637 4875 κα)⁸
2656 4820 2798 4872 πόσα
2836 4817 2974 4871 ἄλλα
3004 4814 3257 4869 τοιαῦταο
3295 4812 3437 4864 ὥστε
3471 4809 3667 4879 χώραν

2073 4918 2102 4970 ὁ
2130 4917 2287 4984 λόγος
2338 4912 2721 4985 προτείνεσθαι
2763 4910 3011 4979 ἀνάγκην
3040 4908 3140 4961 οὐκ
3165 4904 3298 4975 ἔχει,
3344 4904 3405 4956 ὃν
3451 4903 3662 4972 τρόπον

2074 5012 2166 5064 ἐπὶ
2217 5006 2314 5062 τοῦ
2362 5006 2568 5077 κυρίως
2612 5004 2834 5059 δύναται
2872 4998 3276 5073 προϐάλλεσθαι
3322 4996 3563 5065 λύτρουο
3595 4995 3662 5047 έκ

2078 5101 2395 5174 μεταφορᾶς
2413 5099 2524 5171 γάρ
2554 5096 2806 5163 ἐνταῦθα,
2822 5095 2981 5166 ειπερ
2998 5091 3254 5163 ἀλλαχοῦ,
3277 5086 3663 5159 παρείληπται

2078 5197 2114 5267 ἠ
2138 5196 2311 5264 φωνή-

1937 5467 2168 5525 NOTAE.

480 5589 589 5657 (39)
627 5589 905 5661 Notandus
929 5589 1016 5643 hic
1060 5587 1239 5646 Photii
1260 5590 1415 5647 locus
1444 5597 1662 5660 propter
1704 5588 1968 5646 famosam
2009 5590 2077 5648 de
2108 5590 2374 5661 sanguine
2402 5588 2607 5645 Christi
2659 5586 2782 5643 fuso
2848 5590 3117 5639 versatam
3154 5578 3293 5633 inter
3353 5573 3663 5631 catholicos

408 5662 692 5731 theologos
716 5660 1089 5730 quaestionem.
