3888 6186
264 193 363 265 181

1182 216 1283 277 AD
1319 216 1914 284 AMPHILOCHIUM
1954 222 2304 289 OUIESTIO
2336 231 2549 294 XXIV.

3413 230 3516 305 1.82

328 323 394 374 ε’.
422 318 529 374 Καὶ
551 320 711 392 δῆλον
735 323 813 388 ὡς
837 323 901 379 οὗ
923 326 1029 399 χρὴ
1064 326 1343 399 βιάζεσθαι
1374 334 1836 406 συνεφαῃεόττειν

2009 344 2064 399 5.
2097 344 2351 402 Pﬁifecto
2376 355 2595 403 constat
2634 361 2744 403 non
2783 362 2907 405 esse
2940 346 3302 405 adnitendum
3361 361 3421 407 ut
3452 353 3522 409 ad

258 413 374 476 τοῖς
407 413 547 467 κατὰ
583 418 896 488 μεταφορὰν
941 419 1276 491 λεγομένοις,
1307 425 1409 478 ὅσα
1443 425 1661 490 πάντως
1698 444 1842 497 παρ-

258 501 492 558 έπεσθαι
526 506 686 560 είωθε
712 508 791 581 τῷ
818 512 962 565 κατὰ
983 512 1081 585 τὴν
1109 514 1205 568 ἀπ’
1229 516 1405 587 ἀρχῆς
1428 515 1577 570 θέσιν
1601 519 1699 589 τῆς
1721 536 1837 588 φω-

257 593 359 664 νῆς
388 596 762 670 ὡνομασμένῳ
793 617 807 631 ο
855 601 937 656 δεῖ
961 603 1069 675 γάρ
1096 606 1177 670 είς
1204 606 1385 661 κοινὸν
1420 610 1719 677 ἀναγαγεῖν
1742 610 1840 663 τύ-

257 703 383 752 πον,
413 687 449 742 ά
477 688 573 744 νῦν
603 690 698 745 ἐπὶ
725 693 821 746 τοῦ
852 696 1216 766 προταθέντος
1243 699 1559 771 ὲγυμνάσθη
1595 700 1839 772 προϐλή-

257 793 431 847 ματος
456 795 472 811 ·
529 781 606 844 ὡς
646 781 715 836 ἂν
754 786 892 856 πρὸς
927 787 1099 842 πολλὰ
1133 789 1218 859 εἴη
1252 789 1361 842 τῶν
1393 790 1564 860 αὐτὴν
1608 791 1841 861 ἀπορίαν

256 870 587 939 συνάγεσθαι
607 873 940 947 δυναμένων,
964 879 1025 947 ἐξ
1048 880 1265 952 ἑτοίμου
1287 883 1381 937 καὶ
1402 882 1840 958 καθολικωτέρας

251 962 447 1032 ἐφόδου
471 965 573 1036 τὴν
604 966 757 1022 λύσιν
793 970 1044 1040 ἐπάγειν,
1071 972 1168 1026 καὶ
1204 974 1266 1026 τὸ
1297 974 1665 1046 συνταράττον
1697 976 1838 1029 ἀπο-

254 1055 625 1121 σκευάζεσθαι
646 1102 662 1126 ,
695 1062 757 1115 ού
782 1062 940 1116 τοῦτο
965 1063 1024 1117 δέ
1050 1082 1213 1136 φημι,
1242 1065 1447 1136 ἄπαγε,
1474 1067 1550 1132 ὡς
1577 1069 1691 1133 τοῖς
1713 1085 1839 1141 τρο-

252 1149 438 1212 πικοῖς
473 1149 581 1203 τῶν
614 1152 896 1223 ὀνομάτων
938 1156 999 1210 οὐ
1035 1156 1117 1209 δεῖ
1143 1158 1445 1229 κεχρῆσθαι
1469 1176 1486 1193 ο
1535 1159 1836 1231 σύντροφος

1941 436 2191 492 ordinem
2234 439 2732 510 metaphoricorum
2780 443 3065 496 trahamus
3093 458 3178 507 ea,
3210 458 3332 512 qua:
3365 458 3524 514 pror-

1941 544 2038 585 sus
2066 530 2265 585 sectari
2290 530 2467 586 solent
2486 531 2537 586 id
2555 531 2701 603 quod
2724 532 3053 603 appellatum
3087 534 3189 590 fuit
3216 537 3520 591 secundum

1940 619 2169 688 primam
2191 619 2343 676 vocis
2371 620 2722 690 positionem.
2749 620 2907 693 (Nam
2935 638 3024 678 me
3060 608 3421 695 jam'oportet
3453 626 3523 681 ad

1939 710 2245 780 generalem
2274 710 2507 768 formam
2538 713 2782 784 redigere
2814 713 2869 769 id
2933 716 3079 784 quod
3132 714 3399 772 hactenus
3454 718 3524 773 de

1937 803 2218 873 proposito
2248 803 2488 860 themate
2547 805 2845 876 disputavi.
2902 805 2994 863 Sic
3042 808 3187 863 enim
3233 808 3418 863 licebit
3468 823 3523 865 et

1938 892 2061 948 aliis
2082 893 2286 961 multis,
2311 910 2432 965 qua:
2462 896 2708 951 eamdem
2737 897 3146 968 perplexitatem
3175 915 3367 955 creare
3397 916 3525 970 pos-

1937 990 2095 1047 sent,
2140 983 2393 1054 expedite
2439 993 2494 1040 et
2536 985 2914 1042 communiore
2945 988 3159 1043 ratione
3189 989 3521 1045 solutionem

1937 1073 2217 1141 adhibere,
2240 1085 2406 1146 atque
2436 1077 2829 1133 obscuritatem
2858 1085 3152 1151 avertere.)
3178 1081 3321 1136 Cave
3338 1091 3520 1136 autem

1938 1174 2120 1237 putes,
2151 1182 2238 1224 me
2269 1169 2559 1225 verborum
2584 1171 3090 1253 metaphoricorum
3146 1189 3304 1228 usum
3341 1177 3522 1229 inter-

248 1239 366 1311 γὰρ
394 1243 527 1313 ήμῖν
571 1243 633 1297 ού
661 1245 797 1300 πολὺ
828 1247 938 1300 τῶν
964 1248 1168 1319 κυρίων
1193 1248 1415 1304 ἔλαττον
1436 1253 1470 1322 ή
1503 1254 1702 1323 χρῆσις
1733 1254 1834 1308 αὖ·

1940 1262 2120 1317 dicere
2149 1277 2165 1314 :
2205 1270 2289 1316 est
2321 1261 2467 1316 enim
2504 1261 2665 1317 nobis
2683 1264 2882 1318 horum
2916 1248 3106 1318 innata
3145 1263 3520 1331 familiaritas,

245 1335 365 1429 τῶν
436 1337 533 1391 καὶ
557 1339 613 1393 si
644 1358 728 1404 τις
759 1341 949 1411 ἀφέλοι
991 1344 1198 1409 ταύτας
1233 1345 1298 1400 ἔκ
1323 1363 1386 1400 τε
1421 1348 1520 1418 τῆς
1547 1348 1652 1402 ἀνά
1680 1353 1836 1422 χεῖρα

1940 1369 2047 1409 non
2072 1353 2257 1409 minus
2294 1355 2691 1424 propemodum
2722 1372 2886 1425 quam
2915 1371 3107 1411 eorum
3140 1373 3263 1426 qua:
3299 1359 3522 1429 proprio

243 1427 490 1522 δμιλίας,
545 1431 643 1484 καὶ
683 1431 743 1497 ἐξ
787 1434 961 1504 αὐτῆς
998 1453 1064 1506 γε
1101 1437 1209 1491 τῶν
1239 1440 1688 1511 συγγραμμάτων
1737 1445 1836 1510 τῆς

1940 1464 2099 1504 sensu
2132 1447 2450 1505 efferuntur.
2481 1449 2559 1505 Ac
2600 1451 2647 1504 si
2678 1451 2805 1521 quis
2844 1450 2963 1519 ejus
3012 1451 3230 1522 generis
3267 1452 3430 1506 verba
3456 1468 3522 1508 ex

245 1518 571 1611 ἑρμηνείας,
605 1523 701 1575 καὶ
736 1523 973 1594 μάλιστά
1001 1544 1067 1596 γε
1107 1528 1208 1593 τὰς
1234 1528 1434 1600 πολλὴν
1478 1530 1708 1602 ἐχούσας
1735 1533 1836 1604 τὴν

1940 1541 2042 1594 hoc
2073 1542 2213 1610 ipso,
2248 1540 2342 1610 qui
2369 1540 2423 1594 in
2448 1518 2710 1596 manibus
2727 1551 2832 1608 est,
2875 1518 3139 1611 tractatu,
3180 1544 3265 1597 vel
3304 1560 3334 1599 a
3375 1543 3525 1598 Serio

241 1610 542 1681 ὁμοιότητα
569 1616 662 1667 καὶ
694 1616 970 1689 ἐγγύτητα
999 1619 1135 1690 πρὸς
1159 1620 1259 1683 τὰς
1282 1621 1435 1675 οὐδὲν
1455 1623 1834 1695 τετραμμένον

1940 1642 2215 1701 pturarum
2247 1633 2595 1688 enarratione
2634 1635 2993 1700 submoveat,
3034 1637 3332 1705 praesertim
3371 1638 3524 1691 valde

241 1708 653 1774 παρεχομένας,
700 1711 801 1763 οὐκ
831 1712 925 1765 ἐπὶ
972 1713 1108 1766 πολὺ
1142 1714 1365 1769 ἔλαττον
1403 1716 1485 1779 είς
1524 1718 1708 1772 στενὸν
1735 1734 1830 1771 κο-

1940 1722 2136 1776 similia
2164 1736 2230 1777 ac
2258 1724 2510 1791 proxima
2541 1722 2672 1788 illis,
2705 1738 2943 1792 quorum
2972 1725 3155 1781 nullus
3180 1736 3370 1794 tropus
3399 1737 3521 1792 est;

243 1795 381 1866 μιδῇ
423 1795 523 1867 τὴν
562 1797 670 1851 τῶν
721 1799 895 1868 λόγων
922 1803 1233 1870 συγκλείσει
1277 1805 1469 1877 χρείαν
1499 1821 1514 1836 °
1554 1805 1632 1870 ὡς
1659 1806 1831 1860 πολλὰ

1940 1814 1981 1869 is
2019 1814 2162 1868 haud
2192 1814 2369 1870 multo
2418 1814 2602 1869 secius
2645 1816 2813 1871 arctis
2853 1817 3148 1873 admodum
3175 1819 3375 1874 ﬁnibus
3404 1836 3523 1875 ser-

237 1884 359 1938 τῶν
394 1890 736 1959 πραγμάτων
782 1893 905 1962 μηδ’
947 1893 1094 1964 ἔχειν
1131 1894 1357 1966 ὀνόματι
1392 1896 1653 1968 δηλῶσαι,
1694 1896 1728 1968 ἢ
1781 1897 1836 1951 εί

1940 1905 2112 1960 monis
2142 1920 2303 1960 usum
2335 1906 2647 1961 concludet.
2677 1906 2818 1973 Quin
2855 1908 2995 1963 adeo
3023 1910 3209 1964 multae
3249 1926 3338 1965 res
3372 1921 3524 1977 sunt,

238 1993 334 2041 τις
360 1977 459 2050 τὴν
484 1983 785 2053 κυριότητα
809 1984 919 2038 τῶν
946 1986 1229 2055 ὀνομάτων
1267 1992 1366 2059 τῆς
1389 1989 1664 2061 ἡμετέρας
1692 1990 1830 2063 χρή-

1940 2009 2072 2064 quas
2100 2010 2169 2050 ne
2216 1995 2445 2050 nomine
2476 1996 2694 2066 quidem
2727 1997 3003 2066 appellare
3034 2013 3355 2065 possumus,
3416 1999 3525 2053 nisi

239 2085 388 2165 σεως
415 2071 704 2144 ὑπερόριον
734 2077 946 2165 ποιέήσει
970 2078 1196 2133 ὀὔκουν
1213 2080 1516 2153 ἀχρηστίαν
1546 2082 1627 2136 ἔτι
1654 2097 1833 2136 κατα-

1940 2089 2240 2158 proprietas
2268 2089 2555 2144 nominum
2585 2090 2778 2159 procul
2806 2104 2906 2145 usu
2941 2091 3266 2160 quotidiano
3290 2091 3525 2146 submo-

237 2159 536 2227 γινώσκειν
599 2165 709 2219 τῶν
731 2159 842 2221 ἁπδ
861 2170 959 2240 τῆς
991 2174 1201 2243 τροπῆς
1227 2173 1328 2241 τὴν
1349 2174 1564 2241 γένεσιν
1593 2174 1827 2244 ἐχόντων

1940 2189 2143 2235 veatur.
2178 2178 2321 2250 Ergo
2356 2195 2465 2235 non
2494 2180 2621 2236 licet
2655 2159 2970 2236 inutilitatis
2998 2194 3264 2237 accusare
3293 2184 3525 2237 nomina

234 2250 525 2323 ὀνομάτων
556 2271 572 2288 ·
602 2255 719 2310 ἀλλ’
756 2260 934 2314 ἐκεῖνο
963 2262 1131 2334 φαίην
1159 2263 1227 2318 ἂν
1257 2263 1335 2328 ὡς
1365 2264 1563 2318 εἰδέναι
1598 2265 1703 2336 χρὴ
1732 2264 1826 2317 λέ-

1940 2269 2189 2341 illa,qu:e
2232 2285 2264 2324 a
2317 2271 2645 2341 metaphora
2698 2271 2967 2342 originem
3008 2271 3263 2327 ducunt:
3298 2272 3397 2327 sed
3438 2273 3525 2327 vis

236 2344 384 2410 ξεως
416 2347 613 2420 ἰδίωμα
646 2352 854 2423 κυρίως
883 2371 945 2408 τε
966 2355 1267 2428 λεγομένης
1300 2359 1396 2412 καὶ
1432 2358 1574 2412 κατά
1601 2357 1830 2429 μετάθεο

236 2438 332 2493 σίν
357 2457 481 2495 τινα
507 2445 624 2505 τοῖς
648 2446 974 2515 πράγμασιν
1008 2449 1392 2521 ἐπιτιθεμένης
1423 2466 1438 2482 ’
1471 2452 1566 2506 καὶ
1593 2450 1828 2523 χρῆσθαι

238 2530 350 2601 μὲν
375 2534 495 2597 ταῖς
523 2536 729 2603 φωναῖς
765 2537 842 2601 ὡς
869 2540 1156 2611 ἐπιτρέπει
1184 2541 1248 2595 τὸ
1277 2541 1428 2605 εθος,
1462 2542 1539 2614 μὴ
1574 2542 1827 2614 μέντοιγε

234 2622 313 2677 τὰ
342 2624 434 2678 ὑπ’
463 2624 644 2679 αὐτῶν
672 2630 1047 2701 σημαινόμενα
1069 2633 1149 2697 είς
1172 2633 1271 2705 τὴν
1295 2634 1467 2707 αὐτὴν
1494 2633 1555 2701 εξ
1581 2635 1829 2708 ἀνάγκης

236 2716 504 2786 συνάγειν
529 2735 591 2772 τε
634 2720 728 2775 καὶ
761 2723 1169 2779 συνδιαπλέκειν
1198 2726 1363 2796 φύσιν
1390 2742 1406 2760 ο
1438 2728 1691 2798 μεγάλων
1719 2728 1828 2801 γάρ

235 2808 447 2874 γένοιτ’
484 2810 555 2865 ἂν
585 2812 746 2868 τοῦτο
775 2816 1112 2886 σφαλμάτων
1142 2819 1311 2885 αίτία,
1343 2820 1439 2874 καὶ
1481 2822 1709 2893 ἀπορίαι
1736 2821 1828 2876 δό-

238 2902 396 2965 ξουσι
432 2904 808 2975 προκύπτειν,
861 2910 1098 2980 ἀπορίας
1146 2911 1246 2981 μὲν
1286 2914 1352 2984 τῇ
1391 2912 1623 2986 ἀληθείᾳ
1671 2913 1830 2983 λόγον

235 2992 435 3096 ούδένα
477 2997 942 3070 προδεόλημέναι,
978 3004 1045 3071 τῇ
1075 3002 1133 3056 δὲ
1160 3001 1238 3074 μὴ
1270 3004 1412 3058 κατά
1448 3004 1606 3072 λόγον
1633 3007 1830 3077 χρήσει
1858 3037 1902 3096 c

236 3088 358 3145 τῶν
409 3093 850 3163 σημαινομένων,
880 3096 940 3147 οὑ
982 3095 1117 3167 πρὸς
1150 3097 1371 3168 ἑτέρους
1401 3097 1603 3168 μᾶλλον
1645 3098 1680 3169 ἦ
1708 3098 1833 3152 καθ’

238 3182 460 3236 ἑαυτῶν
486 3181 596 3238 τῶν
613 3183 759 3238 οὕτω
779 3185 1076 3257 χρωμένων
1103 3190 1223 3252 ταῖς
1243 3191 1451 3259 φωναῖς
1473 3189 1575 3261 τήν
1598 3189 1837 3262 ἀπορίαν

237 3274 633 3331 ἐπινοούντων.

316 3374 395 3433 ς’.
423 3368 630 3422 Αὐτίκα
655 3370 940 3442 μάρτυρας
961 3370 1236 3442 καλοῦμεν
1260 3373 1388 3437 τοὺς
1417 3373 1835 3445 ὁπεραθλήσαν-

238 3476 350 3523 τας
377 3460 640 3531 Χριστοῦ,
673 3464 770 3517 καὶ
796 3465 863 3518 τά
891 3464 1098 3534 αἵματα
1126 3465 1306 3519 αὐτῶν
1331 3468 1699 3537 προσαγαγεῖν
1729 3485 1836 3537 φα·-

246 3548 354 3616 μὲν
377 3549 457 3620 τῷ
483 3551 609 3624 Θεῷ
632 3553 813 3616 καλῶς
840 3572 903 3620 γε
946 3554 1039 3609 καὶ
1062 3554 1284 3620 δικαίως
1314 3572 1329 3587 '
1356 3556 1474 3610 ἀλλ’
1502 3558 1567 3610 ὲκ
1602 3574 1838 3627 μεταφο-

246 3642 353 3709 ρᾶς
374 3642 483 3694 τῶν
510 3645 792 3713 ὀνομάτων
818 3646 1077 3716 ἑκάτερον
1101 3647 1320 3715 λέγεται
1339 3662 1356 3679 ⁸
1388 3647 1496 3701 ἀπὸ
1524 3648 1655 3719 γὰρ,
1686 3647 1779 3710 οὓς
1801 3648 1835 3718 ἡ

247 3732 503 3787 πολιτεία
539 3734 821 3808 μάρτυρας
868 3737 1054 3791 καλεῖν
1092 3736 1230 3792 οἶδεν
1252 3726 1308 3792 οἳ
1346 3739 1603 3809 πάρεισιν
1628 3741 1719 3793 ἐπὶ
1749 3741 1838 3810 βε-

244 3825 481 3880 σαιώσει
508 3828 608 3899 τῆς
643 3831 788 3882 κατά
819 3831 909 3882 τὸν
956 3830 1077 3900 βίον
1112 3830 1392 3902 ἀληθείας,
1434 3833 1528 3886 καὶ¹
1554 3832 1739 3886 πίστιν
1767 3834 1837 3886 δι’

243 3912 325 3971 ὧν
362 3920 541 3973 ῖσασιν
574 3921 842 3987 ἐπάγουσι
865 3925 979 3987 τοῖς
1007 3924 1469 3995 προτεινομένοις,
1495 3925 1604 3978 ἀπὸ
1626 3925 1834 3980 τούτων

242 4011 347 4064 καί¹
373 4011 503 4074 τοὺς
542 4012 641 4082 τῆς
676 4013 958 4076 εὐσεϐείας
979 4015 1289 4082 ἀγωνιστάς
1320 4014 1661 4085 ὀνομάζομεν
1696 4015 1843 4085 μάρ-

243 4120 422 4174 τυρας
454 4121 469 4135 ο
504 4106 600 4157 καὶ
654 4105 765 4176 γάρ
801 4106 877 4170 ὼς
906 4106 1121 4177 ἀληθῶς
1162 4101 1310 4161 οὗτοι
1343 4107 1443 4176 τὴν
1474 4108 1840 4162 ὲνυπόστατον

244 4195 630 4265 θεολογοῦντες
662 4198 939 4270 ἀλήθειαν,
978 4199 1211 4253 ἐνώπιον
1250 4201 1529 4271 τυράννων
1552 4201 1646 4254 καὶ
1674 4200 1838 4271 βασι-

243 4288 390 4343 λέων
417 4289 808 4361 ὲμαρτύρησαν
827 4306 840 4320 ⁸
885 4292 980 4345 καὶ
1009 4294 1399 4363 προσενεγκεῖν
1445 4291 1626 4345 αὐτῶν
1654 4292 1726 4345 τὰ
1754 4292 1841 4345 αῖ-

1927 2362 2111 2433 potius
2155 2362 2429 2433 cujusque
2478 2363 2733 2418 vocabuli
2793 2364 3180 2434 cognoscenda
3247 2375 3353 2429 est,
3411 2365 3529 2420 sive

1926 2457 2146 2528 proprie
2170 2457 2446 2527 usurpati,
2470 2457 2588 2511 sive
2606 2472 2732 2512 cum
2764 2457 2947 2527 aliqua
2980 2456 3340 2513 translatione
3360 2458 3528 2522 rebus

1927 2548 2191 2619 impositi.
2231 2548 2411 2619 Atque
2442 2547 2624 2604 verbis
2657 2547 2924 2604 utendum
2957 2558 3044 2604 est
3070 2558 3239 2619 prout
3281 2564 3525 2605 consue-

1933 2642 2067 2697 tudo
2103 2640 2232 2705 fert,
2267 2655 2378 2695 non
2410 2649 2596 2695 autem
2627 2640 2845 2695 illorum
2871 2639 3251 2709 signiﬁcantia:
3283 2641 3350 2695 ad
3378 2656 3531 2696 eam-

1928 2733 2052 2788 dem
2086 2741 2343 2788 naturam
2374 2732 2703 2788 necessitate
2728 2732 2988 2803 cogendae
3034 2744 3091 2788 et
3137 2732 3527 2789 convolveudas

1929 2833 2078 2880 sunt.
2107 2823 2250 2879 Hinc
2282 2824 2430 2880 enim
2462 2825 2642 2894 magni
2672 2825 2923 2881 orientur
2973 2840 3214 2892 errores,
3253 2841 3319 2880 ac
3349 2824 3521 2880 dubia

1930 2916 2137 2988 passim
2157 2925 2477 2988 emergent;
2511 2931 2634 2987 quae
2660 2917 2882 2986 quidem
2920 2932 3108 2973 veram
3135 2918 3343 2973 nullam
3392 2932 3523 2987 per-

1936 3009 2248 3080 plexitatem
2282 3009 2652 3075 exhibebunt,
2694 3018 3074 3066 verumtamen
3107 3010 3179 3065 ob
3214 3010 3520 3065 absurdum

1938 3101 2348 3170 signiﬁcatuum
2370 3116 2573 3170 usum,
2608 3102 2659 3156 hi
2697 3102 2792 3172 qui
2828 3103 2901 3157 ita
2925 3102 3192 3156 vocabula
3230 3110 3524 3172 usurpant,

1938 3206 2047 3245 non
2084 3200 2193 3246 tam
2237 3191 2360 3247 aliis
2391 3206 2556 3261 quam
2591 3191 2693 3246 sibi
2722 3192 3097 3248 dubitationes
3126 3193 3415 3248 creabunt.

2008 3354 2059 3409 6.
2093 3353 2342 3424 Exempli
2361 3354 2533 3424 gratia
2553 3361 2719 3408 testes
2748 3351 3065 3424 (martyres)
3092 3352 3400 3407 vocitamus
3429 3367 3527 3407 eos

1938 3447 2035 3519 qui
2064 3463 2161 3518 pro
2184 3445 2406 3502 Christo
2428 3455 2707 3501 certamen
2738 3445 3051 3510 subierunt,
3074 3460 3280 3515 eosque
3305 3447 3528 3514 sangui-

1941 3555 2063 3594 nem
2098 3554 2259 3593 suum
2300 3537 2570 3592 obtulisse
2608 3536 2719 3590 Deo
2742 3537 2998 3591 dicimus.
3022 3534 3292 3591 Praeclare
3321 3536 3373 3590 id
3403 3537 3531 3605 qui-

1939 3630 2064 3685 dem
2089 3637 2143 3684 et
2171 3630 2367 3683 merito
2398 3645 2412 3682 :
2447 3628 2539 3683 sed
2582 3634 2778 3681 tamen‘
2804 3627 2924 3681 sine
2963 3628 3284 3697 metaphora
3333 3635 3528 3680 neutra

1940 3722 2147 3777 locutio
2192 3730 2295 3777 est.
2332 3718 2467 3773 Nam
2521 3718 2650 3790 quia
2698 3718 2918 3789 politica
2972 3719 3315 3773 consuetudo
3363 3726 3529 3772 testes

1947 3814 2185 3885 appellat
2229 3828 2326 3869 eos
2369 3813 2464 3883 qui
2506 3812 2573 3866 ad
2609 3808 3046 3866 continuandam
3083 3811 3529 3881 quotidianarum

1943 3923 2126 3962 rerum
2157 3907 2444 3962 veritatem
2474 3905 2695 3967 adsunt,
2735 3903 3008 3973 ﬁdemque
3041 3913 3312 3973 quatenus
3346 3903 3530 3957 sciunt

1941 3997 2291 4069 suppeditant
2340 3995 2547 4066 judicio
2602 3994 2965 4056 certantibus,
3021 3993 3243 4057 horum,
3281 3993 3526 4061 inquam,

1943 4089 2193 4160 exemplo
2220 4087 2504 4158 religionis
2537 4100 2759 4156 quoque
2804 4084 3027 4140 athletis
3074 4084 3294 4139 testium
3326 4098 3527 4137 nomen

1944 4181 2329 4254 imposuimus.
2363 4178 2578 4234 Etenim
2616 4179 2671 4232 hi
2706 4194 2898 4233 revera
2931 4178 3352 4233 substantialem
3382 4174 3525 4231 veri-

1944 4288 2107 4332 tatem
2138 4274 2438 4343 theologica
2458 4274 2710 4328 oratione
2732 4288 2918 4327 coram
2947 4271 3198 4342 tyrannis
3217 4285 3281 4324 ac
3303 4271 3526 4339 regibus

222 4432 225 4435 λ
248 4398 403 4451 ματα
430 4381 509 4451 τῷ
536 4381 756 4452 Χριστῷ
780 4399 983 4451 φαμεν,
1019 4361 1441 4454 μετενεγκόντες
1464 4383 1565 4453 τὴν
1594 4400 1836 4457 προσφο-

1944 4367 2128 4424 testati
2161 4376 2313 4423 sunt.
2350 4364 2573 4433 ilusque
2622 4362 2891 4417 obtulisse
2932 4361 3157 4416 Christo
3206 4362 3526 4430 sanguinem

248 4471 357 4541 ράν
385 4473 480 4541 ἀφ’
507 4466 583 4528 ὦν
612 4490 671 4526 τε
701 4474 867 4526 Ἅϐελ
893 4474 1145 4536 όδίκαιος
1181 4474 1253 4528 τά
1287 4475 1396 4527 τῶν
1426 4475 1608 4545 ἀρνῶν
1642 4476 1839 4527 ὲστεα-

245 4565 494 4634 τωμένα,
540 4568 635 4620 καὶ
691 4567 948 4637 Ἀϐραάμ
992 4568 1063 4621 τὰ
1107 4568 1541 4638 διχοτομήματα,
1576 4568 1671 4621 καὶ
1712 4567 1841 4632 τοὺς

244 4658 454 4731 ἄρτους
490 4660 584 4712 καὶ
611 4659 703 4713 τὸν
725 4657 868 4713 οἶνον
892 4660 921 4712 ὁ
960 4660 1296 4731 Μελχισεδὲκ
1326 4661 1405 4731 τῷ
1461 4661 1713 4733 Ἀϐραάμ
1740 4676 1757 4692 ⁸
1789 4660 1839 4713 εί

251 4750 440 4820 βούλει
474 4752 531 4805 δὲ
558 4753 651 4805 καὶ
683 4754 782 4823 τὴν
815 4753 1051 4822 δεκάτην
1072 4755 1150 4824 τῷ
1175 4755 1511 4825 Μελχισεδὲκ
1545 4756 1574 4807 ὁ
1612 4755 1842 4825 προσδε-

246 4841 880 4913 ξιωθεὶς.προσενήνοχε
906 4860 920 4874 ·
974 4844 1071 4897 καὶ
1115 4844 1276 4914 δῆλον
1322 4846 1398 4908 ὼς
1451 4845 1683 4908 ἕκαστος
1726 4844 1839 4899 τῶν

248 4932 767 5002 προσενεγκόντων,
822 4933 1009 5006 ἕτερον
1052 4936 1399 5006 προσήνεγκε
1439 4937 1574 5005 παρ’
1618 4936 1835 4999 ἑαυτὸν,

248 5026 346 5076 καὶ
379 5023 548 5093 μηδὲν
588 5025 813 5095 ἀνιαρὸν
854 5026 1242 5095 ὑφιστάμενος,
1271 5026 1391 5081 ούδέ
1421 5044 1474 5080 τι
1514 5026 1624 5080 τῶν
1661 5025 1839 5096 μελῶν

248 5116 718 5186 περικοπτόμενος
747 5134 764 5150 ·
809 5120 858 5172 οἰ
897 5118 955 5172 δὲ
988 5119 1082 5173 τοῦ
1125 5120 1364 5190 Χριστοῦ
1399 5119 1678 5189 μάρτυρες
1713 5116 1838 5171 οὔτε

248 5224 304 5259 τι
349 5210 752 5280 κεχωρισμένον
789 5213 1206 5283 προσήνεγκαν,
1233 5212 1343 5266 οὐδ’
1385 5212 1618 5276 ἀπαθεῖς
1658 5212 1719 5266 τὸ
1738 5211 1840 5266 σῶ-

255 5316 335 5368 μα
361 5302 766 5373 προσφέροντες
800 5303 1025 5371 ἔμειναν
1056 5320 1069 5332 ⁸
1110 5304 1226 5358 ἀλλ’
1263 5306 1381 5359 οὐδὲ
1414 5305 1705 5372 κληθέντες
1734 5304 1840 5358 ὑπό

251 5406 420 5455 τινος,
458 5395 754 5463 μαρτυρεῖν
784 5396 1174 5466 ἐφεστήκασιν,
1206 5395 1321 5449 ἀλλ’
1349 5395 1667 5465 αὐτοκλήτῳ
1697 5394 1839 5463 γνώ-

258 5499 335 5553 μη
379 5482 480 5552 τὴν
529 5484 853 5555 θαυμαστὴν
884 5488 1101 5557 ἐκείνην
1131 5488 1226 5541 καὶ
1251 5487 1501 5555 θεὸλογον
1529 5487 1842 5557 μαρτυρίαν

254 5574 645 5645 ἐμαρτύρησαν
678 5591 691 5604 ·
724 5577 776 5630 εί
798 5595 881 5642 τις
908 5578 1002 5631 οὖν
1033 5578 1107 5649 μὴ
1136 5578 1443 5642 διαστείλας
1483 5578 1551 5630 τὰ
1582 5577 1677 5630 τοῦ
1708 5578 1841 5649 μάρ-

253 5681 417 5740 τυρος
438 5670 811 5743 σημαινόμενα
836 5714 850 5739 ,
878 5671 972 5727 ἐπὶ
1005 5670 1236 5746 θατέρου
1268 5671 1336 5731 τὰ
1364 5672 1457 5728 τοῦ
1481 5672 1667 5747 ἐτέρου
1702 5688 1838 5744 συμ-

1942 4463 2200 4527 dicimus,
2232 4457 2552 4527 metaphora
2583 4456 2881 4511 oblationis
2912 4470 2979 4509 ex
3008 4453 3339 4524 Abelejusto
3373 4469 3528 4508 sum-

1942 4566 2055 4626 pta,
2091 4554 2185 4625 qui
2225 4554 2461 4607 arietum
2493 4549 2717 4619 adipes;
2750 4560 2805 4604 et
2835 4564 2903 4602 ex
2946 4546 3284 4609 Abrahamo,
3313 4548 3406 4615 qui
3438 4545 3527 4599 di-

1941 4648 2088 4702 visas
2109 4660 2333 4711 carnes;
2360 4658 2459 4698 nec
2482 4657 2591 4697 non
2613 4658 2645 4696 a
2670 4640 3081 4701 Melchisedeco,
3103 4637 3525 4708 quiAhrahamo

1940 4755 2111 4811 panes
2144 4747 2199 4794 et
2230 4738 2419 4792 viuum
2452 4735 2685 4800 obtulit;
2718 4734 2828 4787 imo
2866 4732 3011 4787 etab
3048 4733 3153 4785 hoc
3185 4731 3278 4801 qui
3338 4745 3525 4784 susce-

1943 4844 2161 4905 ptarum
2184 4848 2368 4888 rerum
2405 4830 2647 4886 decimas
2676 4826 3072 4882 Melchisedeco
3103 4824 3369 4880 attribuit.
3390 4826 3524 4879 Cer-

1941 4927 2127 4983 nimus
2155 4934 2334 4980 autem
2368 4923 2615 4994 singulos
2654 4920 2759 4975 hos
2795 4935 2910 4975 rem
2957 4936 2989 4973 a
3018 4918 3215 4989 seipsis
3249 4918 3523 4972 diversam

1939 5021 2238 5085 obtulisse,
2286 5017 2423 5073 nihil
2454 5016 2748 5071 molestum
2794 5028 3031 5084 passos,
3092 5012 3365 5083 nullisque
3406 5011 3523 5067 suis

1939 5112 2205 5168 membris
2232 5111 2473 5167 amissis.
2522 5109 2689 5179 Atqui
2722 5108 2924 5165 Christi
2966 5120 3235 5180 martyres
3282 5106 3418 5161 nihil
3452 5106 3523 5160 ah

1940 5221 2000 5261 se
2025 5205 2262 5259 alienum
2294 5203 2683 5270 exhibuerunt,
2714 5218 2891 5272 neque
2920 5202 3049 5257 dum
3096 5201 3146 5255 id
3190 5200 3522 5256 sacriﬁcium

1940 5299 2206 5363 facerent,
2233 5297 2531 5352 incolumia
2560 5310 2792 5365 corpora
2820 5295 3180 5350 retinuerunt.
3208 5292 3314 5348 Sed
3346 5308 3525 5363 neque

1941 5392 2010 5447 ab
2058 5391 2246 5460 aliquo
2280 5390 2537 5459 postulati
2593 5388 2908 5444 testimonio
2939 5386 3173 5443 dicendo
3204 5384 3519 5451 adfuerunt,

1941 5499 2135 5539 verum
2176 5482 2279 5551 ipsi
2307 5491 2615 5552 spontaneo
2636 5482 2867 5537 consilio
2894 5481 3095 5535 mirum
3128 5478 3260 5533 illud
3309 5478 3521 5532 theolo-

1944 5577 2239 5646 gicumque
2265 5576 2636 5631 testimonium
2676 5576 3045 5645 prmbuerunt.
3098 5570 3156 5625 Si
3198 5570 3321 5641 quis
3360 5569 3521 5640 igitur

1945 5670 2281 5729 indistinctis
2317 5669 2568 5729 vocabuli
2614 5670 2759 5725 testis
2803 5664 3232 5749 signiﬁcatibus,
3274 5660 3522 5723 alterutri
