3888 6186
340 134 447 197 183

1498 130 1760 193 PHOTII
1793 133 2301 198 PATRIARCHIE
2341 136 2455 199 ΟΡ.

3513 132 3616 205 184

335 249 388 301 id
419 244 861 301 accommodabit
911 243 1057 313 quod
1105 243 1336 300 alterius
1374 253 1499 306 est,
1546 260 1731 302 nonne
1759 261 1916 302 aures

2023 248 2269 314 διδάξειν
2292 249 2680 319 φιλονεικήσει,
2710 245 2801 319 ἆρ’
2830 248 2931 302 οὐκ
2955 247 3223 320 ἐκπλήσει
3254 248 3502 319 ἀποριῶν
3547 253 3617 305 τά

335 338 737 410 imperitiorum
765 338 1166 408 quaastionibus
1187 338 1488 393 onerabit?
1528 337 1717 409 Neque
1745 340 1929 396 minus

335 434 454 503 ipse
482 446 542 487 se
564 431 740 496 fallet,
787 431 917 486 dum
948 445 1007 485 se
1034 432 1394 500 quaestionem
1440 432 1493 486 in
1521 432 1760 487 medium
1794 448 1925 503 pro-

330 525 475 579 ferre
496 522 789 595 judicabit,
818 538 987 593 quam
1020 537 1212 593 reapse
1257 538 1364 578 non
1406 540 1590 579 rerum
1635 525 1927 581 diflicultas

329 617 577 680 exhibet,
596 617 692 672 sed
717 615 891 685 ipsius
920 615 1179 685 imperita
1197 616 1592 671 vocabulorum
1614 618 1924 687 usurpatio.

331 707 485 762 Dicet
508 708 657 763 enim
682 708 782 762 hic
813 707 1005 770 etiam,
1038 715 1098 761 ut
1118 706 1279 763 facile
1299 718 1455 779 puto,
1491 709 1539 764 si
1585 717 1754 764 testes
1787 724 1925 765 san-

328 802 549 869 guinem
576 800 845 867 offerunt,
902 801 1030 871 quis
1062 802 1217 855 hunc
1254 801 1489 871 recipit?
1551 800 1608 856 Si
1649 802 1923 867 Christus,

336 892 619 959 quomodo
644 892 751 946 diei
792 901 974 961 potest
1004 892 1246 948 clemens
1296 894 1384 948 hic
1414 895 1782 965 sanguin'tbus
1824 896 1925 950 ho-

335 984 546 1037 minum
574 984 882 1040 delectari?
925 985 983 1039 Si
1012 984 1266 1041 diabolus
1312 989 1542 1057 recepit,
1597 1004 1828 1043 curnam
1885 988 1922 1044 ii

330 1075 639 1131 voluissent
667 1092 828 1131 suum
875 1080 1019 1133 hosti
1059 1080 1383 1150 sanguinem
1423 1081 1629 1134 libare?
1683 1081 1919 1136 Ubinam

328 1167 670 1238 verojudex,
704 1170 799 1239 qui
834 1186 993 1240 aequo
1017 1172 1143 1241 jure
1171 1188 1297 1227 cum
1315 1172 1751 1242 disceptantibus
1765 1176 1923 1245 agat?

331 1260 711 1331 llisceptantes
736 1273 941 1330 autem,
979 1280 1214 1334 quorum
1252 1267 1502 1320 alterutri
1532 1267 1689 1323 testis
1726 1268 1794 1323 ad
1832 1269 1919 1324 vi-

327 1354 552 1408 ctoriam
579 1357 960 1410 testimonium
990 1358 1106 1423 dat,
1143 1359 1369 1428 quinam
1399 1360 1567 1414 sunt?

398 1447 453 1502 7.
487 1446 782 1503 lnnumera
808 1448 1082 1517 ejusmodi
1113 1466 1143 1504 ιι
1174 1451 1480 1507 forensibus
1507 1454 1739 1509 testibus
1767 1468 1918 1509 sum-

327 1547 415 1607 pta
448 1540 516 1593 ad
551 1555 747 1595 sacros
784 1542 1079 1597 transferet
1120 1551 1285 1598 testes
1311 1583 1324 1607 ,
1366 1545 1688 1615 quicunque
1732 1548 1917 1616 inepto

2031 338 2146 394 ὦτα
2179 341 2287 394 τῶν
2325 342 2681 414 ἀπειρότερον
2729 342 3067 407 ἀκουόντων;
3099 341 3329 413 σφαλείη
3362 343 3420 397 δὲ
3462 344 3617 397 οὐδὲν

2029 433 2251 487 ἔλαττον
2272 434 2433 498 αὐτὸς
2460 434 2699 505 ἀπορίαν
2728 434 2975 505 οἰόμενος
3003 434 3384 505 προκομίζειν,
3404 436 3474 506 ἢν
3515 436 3615 507 οὐχ

2030 527 2063 597 ή
2093 525 2202 577 τῶν
2231 526 2571 597 πραγμάτων
2599 526 2855 583 δυσκολία
2878 526 3175 596 παρέσχεν,
3200 526 3314 579 ἀλλ’
3336 528 3370 597 ὴ
3400 528 3614 581 ἐκείνου

2027 616 2138 670 τῶν
2159 618 2442 685 ὀνομάτων
2472 619 2571 671 οὐκ
2597 620 2657 670 ἐν
2688 617 2887 686 γνώσει
2915 619 3286 690 μεταχείρισις
3308 635 3322 649 ·
3352 620 3469 691 ἐρεῖ
3505 621 3617 692 γὰρ

2028 707 2314 761 κάνταῦθα
2347 710 2499 779 ῥᾷον,
2539 708 2661 761 Τῶν
2693 707 2989 779 μαρτύρων
3035 710 3519 785 προσενεγκάντων
3551 711 3616 765 τὸ

2025 794 2187 868 αἷμα,
2223 801 2306 863 τίς
2344 802 2374 852 ό
2400 799 2875 871 προσδεξάμενος;
2922 800 2985 854 Εἰ
3018 818 3115 871 μεν
3141 803 3251 872 γάρ
3285 802 3315 855 ό
3355 805 3611 875 Χριστὸς,

2024 893 2119 943 καὶ
2150 891 2269 956 πῶς
2300 894 2328 945 ὁ
2356 892 2738 964 φιλάνθρωπος
2764 892 3072 963 ἀνθρώπων
3107 895 3336 964 αἰμασιν
3362 897 3614 965 ἐπαγάλ-

2024 982 2213 1050 λεται;
2244 984 2294 1037 εί
2324 985 2370 1037 δ’
2400 987 2428 1039 ὁ
2449 984 2705 1054 πονηρὸς,
2737 986 2831 1037 καὶ
2862 985 2979 1049 πῶς
3006 986 3301 1057 ἠνέσχοντο
3329 988 3407 1060 τῷ
3429 990 3614 1061 ἐχθρῷ

2023 1074 2083 1127 τὸ
2116 1075 2319 1129 οίκεῖον
2338 1071 2480 1147 αἷμα
2506 1077 2837 1131 σπείσασθαι
2864 1096 2879 1145 ;
2907 1078 3010 1132 ποῦ
3034 1081 3080 1132 δ’
3109 1084 3138 1134 ὁ
3168 1084 3384 1151 κριτὴς,
3420 1084 3479 1146 ὃς
3513 1086 3615 1155 τὴν

2025 1164 2146 1236 ἴσην
2177 1165 2403 1236 γνώμην
2440 1170 2554 1228 τοῖς
2587 1168 2933 1239 κρινομένοις
2970 1170 3278 1241 διένειμεν;
3310 1174 3359 1225 οἱ
3391 1174 3449 1227 δὲ
3489 1191 3615 1244 κρι-

2021 1258 2255 1327 νόμενοι,
2291 1253 2366 1312 ὧν
2412 1263 2441 1314 ὀ
2467 1262 2677 1331 μάρτυς
2718 1262 2933 1334 θατέρῳ
2981 1263 3081 1335 τὴν
3124 1266 3217 1318 ἐπὶ
3271 1268 3394 1339 νίκῃ
3438 1268 3615 1339 ῥοπὴν

2021 1354 2326 1421 παρασχεῖν
2346 1354 2640 1423 ἐφέστηκε,
2677 1355 2823 1411 τίνες
2841 1372 2858 1416 ς

2090 1440 2161 1504 ζ’.
2192 1443 2302 1496 Καὶ
2323 1444 2465 1496 πόσα
2493 1444 2559 1497 ἄν
2590 1462 2675 1507 τις
2719 1446 2950 1499 τοιαῦτα
2989 1446 3173 1500 λαϐὼν
3205 1448 3315 1500 ἀπὸ
3336 1448 3445 1502 τῶν
3467 1450 3614 1503 κατά

2018 1535 2118 1605 τὴν
2147 1536 2425 1589 πολιτείαν
2456 1537 2747 1608 μαρτύρων
2775 1540 2867 1591 ἐπὶ¹
2897 1541 3026 1606 τοὺς
3056 1538 3340 1608 θεολόγους
3360 1540 3612 1596 διαϐιϐά-

329 1630 517 1685 studio
564 1633 929 1702 quatstionum
975 1641 1212 1701 tenetur,
1265 1645 1357 1690 aut
1394 1653 1556 1706 quem
1592 1639 1647 1692 in
1681 1653 1742 1693 re
1774 1640 1916 1695 seria

2022 1643 2133 1678 σειε
2166 1629 2473 1697 μάρτυρας,
2590 1631 2821 1699 φορυτὸς
2853 1630 2994 1701 ἔρως
3027 1631 3293 1701 ἀποριῶν,
3318 1633 3412 1689 καὶ
3444 1632 3614 1702 μυθοο

326 1722 543 1777 fabulas
576 1724 859 1781 venditare
889 1737 984 1782 aut
1015 1728 1189 1797 jocari
1221 1746 1329 1784 non
1365 1732 1548 1799 pudet.
1592 1732 1759 1802 Atqui
1792 1749 1919 1804 per-

324 1812 504 1869 facilis
534 1815 742 1870 solutio
774 1826 878 1884 est,
906 1818 951 1872 si
980 1819 1048 1873 ad
1082 1820 1316 1888 primam
1341 1821 1753 1878 dubitationum
1786 1839 1908 1895 spe-

323 1905 465 1961 ciem
501 1906 753 1965 dicamus
776 1950 792 1976 ,
841 1911 1123 1967 Christum
1159 1914 1383 1984 quidem
1415 1916 1559 1970 haud
1588 1918 1916 1973 athletarum

326 2014 524 2056 cruore
554 2002 649 2057 sed
683 2014 867 2058 mente
906 2005 1236 2061 delectatum
1257 2048 1272 2071 ,
1326 2010 1527 2064 caedem
1558 2025 1749 2065 eorum
1784 2026 1919 2067 san-

324 2090 659 2162 guinemque
689 2093 1019 2150 exhaustum
1050 2099 1345 2168 recepisse.
1382 2099 1571 2171 Neque
1602 2103 1763 2158 facile
1805 2105 1914 2159 mi-

324 2197 433 2235 nus
460 2182 617 2238 dicas
638 2223 653 2247 ,
690 2199 863 2240 caesos
905 2186 1078 2243 fuisse
1108 2203 1210 2258 pro
1241 2190 1462 2246 Christo
1488 2201 1655 2249 testes
1700 2203 1757 2250 et
1783 2211 1917 2251 san-

324 2274 547 2343 guinem
580 2276 873 2347 effudisse;
934 2280 989 2335 id
1048 2284 1197 2338 enim
1252 2286 1474 2354 praprie
1523 2286 1747 2355 dicitur,
1806 2305 1916 2345 non

326 2366 581 2435 figurate.
621 2365 825 2425 Verum
865 2372 1137 2429 dictiones
1186 2374 1488 2431 obtulerunt
1532 2387 1587 2432 et
1627 2380 1915 2449 offerebant

322 2465 379 2511 et
412 2458 534 2513 alia:
563 2458 877 2530 ejusmodi,
926 2464 982 2519 in
1028 2466 1212 2522 verbis
1253 2470 1533 2525 translatis
1562 2473 1919 2528 numeranda:

323 2558 476 2604 sunt.
513 2548 704 2621 Neque
736 2554 904 2624 igitur
936 2559 1312 2614 necessarium
1352 2570 1437 2616 est
1469 2563 1760 2633 exquirere
1798 2566 1917 2622 cui-

322 2655 449 2694 nam
510 2642 809 2698 obtulerint
845 2663 860 2700 :
892 2647 1055 2701 sicuti
1108 2648 1246 2703 nihil
1297 2665 1435 2720 opus
1500 2661 1586 2707 est
1647 2669 1914 2723 quaerere,

321 2745 561 2800 quonam
594 2733 629 2787 ii
654 2745 815 2804 pacto
835 2737 943 2793 dici
972 2750 1179 2808 queant
1210 2741 1501 2809 obtulisse,
1529 2760 1765 2815 quorum
1791 2762 1918 2802 cor-

323 2840 459 2897 pora
509 2830 786 2885 exhausto
818 2835 1089 2905 sanguine
1121 2838 1435 2892 exanimata
1488 2839 1732 2895 fuerunt.
1768 2840 1917 2909 Quo-

2021 1716 2201 1785 λογεῖν
2233 1719 2329 1771 καὶ
2356 1720 2579 1784 παίζειν
2624 1723 2727 1775 κάν
2752 1724 2866 1785 τοῖς
2899 1724 3212 1787 σπουδαίοις
3257 1724 3609 1797 ἀνύϐριστον.

2019 1808 2133 1860 Καὶ
2170 1808 2280 1880 γάρ
2327 1808 2479 1863 οὐδὲν
2514 1810 2675 1881 ἔργον
2722 1812 2859 1880 πρὸς
2890 1812 2951 1865 τὸ
3008 1812 3226 1883 πρῶτον
3255 1812 3444 1885 σχῆμα
3498 1812 3613 1867 τῶν

2019 1902 2395 1971 ἀπορημάτων
2453 1905 2651 1970 εἰπεῖν,
2690 1905 2767 1968 ὡς
2812 1905 2936 1976 οὐχὶ
2972 1906 3051 1977 τῷ
3079 1907 3271 1977 αἵματι
3295 1905 3404 1959 τῶν
3436 1906 3613 1977 ἀθλη-

2018 1996 2149 2060 τῶν,
2179 1998 2245 2067 τῇ
2297 1996 2355 2050 δέ
2398 1996 2595 2070 γνώμῃ
2636 1999 3105 2069 συναρεσκύμενος
3145 2002 3174 2053 ὁ
3214 1999 3469 2071 Χριστὸς,
3514 1999 3613 2052 καὶ

1998 2085 2139 2169 τὴν.
2173 2088 2389 2157 σφαγὴν
2448 2090 2544 2141 καὶ
2596 2090 2659 2141 τὸ
2710 2090 2948 2144 κενωθὲν
3006 2086 3143 2163 αἷμα
3193 2091 3560 2162 προσεδέξατο
3591 2107 3611 2124 ·

2018 2177 2170 2231 ὥσπε
2178 2196 2210 2249 ρ
2238 2179 2363 2232 οὐδὲ
2382 2180 2443 2233 τὸ
2466 2181 2785 2250 ἐπενεγκεῖν
2814 2182 2890 2246 ὡς
2912 2184 3233 2254 ἐσφάγησαν
3266 2183 3367 2255 μὲν
3386 2184 3437 2236 οί
3462 2184 3613 2254 μάρ-

2018 2293 2177 2347 τυρες
2200 2277 2342 2348 ὑπὲρ
2362 2277 2622 2349 Χριστοῦ,
2653 2279 2748 2332 καὶ
2780 2278 2843 2333 τὸ
2869 2272 3015 2349 αἷμα
3036 2279 3279 2351 ἐξέχεαν,
3305 2279 3464 2345 τοῦτο
3515 2297 3613 2333 κυ-

2022 2367 2151 2435 ρίως
2178 2367 2270 2419 καὶ
2302 2368 2361 2419 ού
2394 2368 2657 2437 τροπικόν
2677 2382 2691 2397 °
2720 2369 2782 2421 τὸ
2806 2368 2863 2422 δὲ
2895 2371 3283 2440 προσήνεγκαν
3308 2370 3403 2423 καὶ
3434 2387 3611 2442 προσρ

2018 2463 2214 2531 έφερον
2231 2460 2322 2514 καὶ
2342 2462 2410 2514 τὰ
2429 2459 2677 2525 τοιαῦτα,
2705 2462 2968 2532 ῥημάτων
2992 2463 3142 2516 ἐστὶν
3158 2462 3625 2532 ἐξοικειουμένων.

2017 2550 2116 2619 τὴν
2144 2551 2353 2620 τροπήν
2384 2566 2400 2581 ·
2446 2549 2643 2604 οΰκουν
2687 2551 2796 2605 οὐδ’
2834 2552 3134 2621 ἀναγκαῖον
3172 2554 3457 2623 ἐπιζητεῖν
3498 2552 3611 2606 τίνι

2019 2644 2437 2712 προσήνεγκαν⁵
2475 2642 2665 2712 ὥσπερ
2702 2642 2824 2697 ούδέ
2855 2644 3039 2714 ζητεῖν
3072 2644 3191 2707 πῶς
3226 2646 3276 2697 ot
3301 2644 3610 2715 νεκρωθέν-

2018 2752 2109 2798 τες
2147 2734 2209 2788 τὸ
2246 2734 2406 2805 σῶμα
2438 2737 2507 2807 τῇ
2558 2736 2789 2789 κενώσει
2831 2737 2927 2790 τοῦ
2975 2738 3210 2805 αἵματος
3254 2737 3492 2791 δύναιντ’
3542 2736 3613 2791 ἂν

2017 2831 2410 2897 προσενεγκεῖν
2440 2826 2696 2897 λέγεσθαι
2719 2844 2732 2856 ·
2760 2828 2877 2893 πῶς
2902 2829 2959 2881 δέ
2984 2829 3345 2900 προσέφερον,
3369 2828 3614 2900 ούχέτεο

322 2920 487 2973 modo
519 2922 666 2976 enim
697 2923 958 2980 offerrent
982 2966 997 2991 ,
1037 2941 1163 2983 cum
1195 2929 1332 2983 nihil
1383 2945 1413 2984 a
1468 2946 1528 2986 se
1590 2933 1911 2989 distinctum

2021 2938 2115 2992 ρον
2147 2921 2533 2992 προσάγοντες,
2570 2921 2707 2992 ὅπερ
2737 2921 2854 2976 ἐστὶ
2879 2921 2989 2975 τῶν
3028 2922 3235 2993 κυρίως
3261 2922 3614 2993 προσφερόνο

320 3011 603 3079 ulferrent,
641 3030 803 3071 secus
834 3033 901 3073 ac
949 3017 1010 3073 fit
1038 3019 1231 3075 abillis
1258 3022 1351 3091 qui
1393 3024 1615 3093 proprie
1645 3024 1916 3081 oﬂ‘erunt?

2021 3031 2166 3078 των;
2206 3016 2275 3067 τά
2301 3014 2408 3084 γάρ
2448 3013 2668 3067 τοιαῦτα
2694 3014 2949 3068 τοσοῦτον
2987 3016 3183 3087 ἀπέχει
3220 3014 3316 3068 τοῦ
3355 3015 3617 3087 διαπορη-

323 3101 479 3169 llaec,
515 3106 766 3176 inquam,
794 3111 980 3165 omnia
1016 3119 1301 3182 tantopere
1327 3115 1530 3168 absunt
1559 3131 1589 3168 a
1615 3114 1789 3170 forma
1817 3117 1919 3171 du-

322 3195 573 3263 hitativa,
604 3207 662 3251 ut
685 3199 958 3269 negligere
998 3202 1175 3256 satius
1214 3204 1309 3269 sit,
1336 3219 1402 3258 ne
1434 3203 1575 3260 forte
1601 3206 1698 3260 tibi
1733 3207 1919 3263 videa-

321 3303 445 3347 mur
480 3306 584 3342 non
618 3288 890 3347 immerito
916 3291 1370 3361 reprehendendi,
1407 3297 1536 3365 quia
1564 3311 1692 3351 cum
1730 3298 1921 3353 luden-

326 3380 473 3435 tibus
502 3381 851 3439 dimicemus.
890 3382 1029 3439 Nam
1061 3385 1225 3440 sicuti
1286 3386 1343 3440 in
1410 3404 1469 3442 re
1522 3389 1665 3443 seria
1725 3390 1919 3447 ludere

322 3473 575 3539 insanum
606 3484 711 3539 est,
753 3474 834 3530 sic
864 3475 921 3530 in
959 3476 1210 3533 ridiculis
1262 3480 1409 3535 serio
1456 3496 1618 3555 agere
1664 3482 1921 3553 dignissi-

324 3583 471 3621 mmn
496 3569 607 3623 risu
627 3578 731 3623 est.
764 3567 820 3624 Si
849 3585 972 3640 quae
994 3587 1122 3627 vero
1142 3572 1448 3631 locutiones
1476 3574 1676 3630 absunt
1697 3577 1918 3647 quidem

322 3674 353 3713 a
394 3660 678 3740 manifesta
716 3661 1087 3729 absurditate,
1145 3681 1323 3735 neque
1375 3678 1548 3722 semet
1599 3669 1731 3738 ipsa:
1770 3669 1920 3725 refu-

324 3762 477 3821 tant,
537 3754 632 3809 sed
689 3764 869 3809 tamen
909 3758 1379 3826 perturbationem
1424 3761 1919 3834 confusionemque

325 3844 624 3899 multorum
663 3845 895 3903 auribus
927 3857 1146 3916 creant,
1190 3849 1509 3906 hominibus
1544 3853 1798 3909 videlicet
1823 3854 1918 3923 qui

322 3937 637 3993 discernere
688 3940 943 3995 nesciunt
980 3942 1147 3998 verba
1198 3953 1358 4015 tropo
1409 3946 1687 4011 carentia,
1736 3947 1806 4001 ab
1848 3946 1917 4002 iis

322 4046 447 4099 qua:
484 4040 766 4101 troporum
801 4031 1012 4104 legibus
1039 4035 1377 4103 figurantur;
1408 4034 1643 4103 facilius,
1668 4038 1913 4108 inquam,

322 4133 407 4179 est
438 4122 483 4178 si
515 4123 836 4178 differentia:
879 4141 1071 4179 earum
1104 4128 1555 4193 considerentur,
1592 4129 1917 4199 propulsare

324 4230 389 4275 ac
417 4215 723 4271 dissolvere
745 4216 1055 4273 umbratilis
1085 4222 1477 4276 controversia:
1528 4223 1910 4281 subtilitatem.

2018 3107 2172 3161 τικοῦ
2205 3108 2399 3172 τύπου,
2435 3107 2509 3171 ὡς
2535 3106 2758 3177 ἄμεινον
2788 3109 3085 3179 ὑπεριδεῖν,
3119 3109 3201 3179 μή
3223 3124 3356 3161 ποτε
3386 3108 3496 3177 ἄρα
3528 3123 3617 3160 σοι,

2019 3198 2262 3270 δόξωμεν
2297 3199 2739 3270 συμπλεκόμενοι
2772 3202 2886 3263 τοῖς
2932 3200 3243 3263 παίζουσιν,
3274 3198 3376 3252 οὐκ
3405 3197 3625 3262 ἔξωθεν,

2010 3292 2116 3346 τοῦ
2170 3294 2380 3356 εἰκότος
2440 3292 2916 3347 συνδιαϐάλλεσθαι
2952 3310 2967 3323 ·
3026 3292 3217 3363 ὥσπερ
3258 3293 3369 3362 γὰρ
3408 3294 3469 3345 ἐν
3494 3292 3615 3354 τοῖς

2022 3385 2335 3448 σπουδαίοις
2367 3384 2584 3449 παίζειν
2622 3385 2904 3452 ἀσύνετον,
2954 3384 3098 3439 οὕτω
3129 3386 3271 3456 πρὸς
3309 3386 3378 3438 τὰ
3402 3384 3616 3453 γελοιό-

2017 3495 2155 3550 τερα
2188 3479 2511 3543 σπουδάζειν
2538 3479 2947 3548 καταγέλαστον
2975 3496 2990 3509 ·
3027 3478 3095 3531 τά
3117 3479 3173 3532 δὲ
3198 3480 3298 3548 τῆς
3331 3476 3615 3549 ἐμφανοῦς

2023 3571 2123 3640 μέν
2149 3571 2382 3634 ἀτοπίας
2406 3571 2502 3624 καὶ
2522 3570 2741 3624 οἴκοθεν
2769 3572 3005 3641 ἐχόντων
3037 3573 3129 3624 τὸν
3156 3571 3379 3640 ἔλεγχον
3407 3572 3613 3624 ἀνακε-

2020 3660 2333 3731 χωρηκότα,
2381 3660 2630 3731 ταραχὴν
2659 3659 2759 3730 μὲν
2797 3661 2893 3713 καὶ
2940 3660 3170 3731 θόρυϐον
3217 3659 3615 3729 προτεινόμενσ.

2018 3756 2139 3815 ταῖς
2168 3752 2276 3806 τῶν
2298 3753 2513 3806 πολλῶν
2541 3753 2753 3817 ἀκοαῖς,
2782 3753 2877 3807 καὶ
2905 3749 2987 3816 οἷς
3017 3754 3120 3807 οὐκ
3148 3752 3264 3806 ἐστι
3295 3752 3479 3823 κρίσις
3498 3752 3615 3805 δια-

2022 3844 2261 3897 στέλλειν
2291 3845 2399 3897 τῶν
2424 3845 2554 3900 ἀνευ
2579 3846 2790 3917 τροπῆς
2812 3845 3206 3916 προαγομένων
3232 3843 3448 3914 φωνῶν,
3488 3844 3554 3904 ἃς
3580 3844 3613 3895 δ

2018 3938 2116 4005 τῆς
2144 3936 2353 4007 τροπῆς
2386 3937 2549 4007 νόμος
2579 3938 2950 4009 ἐσχημάτισεν
2981 3954 2996 3969 ο
3035 3937 3159 3991 ἐπεὶ
3190 3938 3321 4008 ῥᾷόν
3350 3938 3470 3989 ἐστι
3492 3938 3613 3999 τοίς

2017 4029 2078 4081 τὸ
2135 4029 2396 4102 διάφορον
2438 4029 2620 4085 αὐτῶν
2684 4030 3141 4101 ἐπεσκεμμένοις,
3198 4030 3611 4101 ἀποκρούεσθαι

2017 4122 2113 4174 καὶ
2167 4122 2405 4175 διαλύειν
2456 4122 2556 4191 τῆς
2601 4123 2865 4194 δοκούσης
2896 4124 3133 4193 ἀπορίας
3166 4122 3229 4175 τὸ
3268 4122 3608 4193 περίεργονο

2016 4214 2097 4269 δεῖ
2140 4215 2184 4269 δ’
2211 4214 2304 4272 οῦν
2331 4214 2510 4284 λέγειν
2538 4218 2636 4286 μέν
2676 4215 2774 4279 τὰς
2804 4217 2989 4283 φωνάς
3033 4217 3130 4271 καὶ¹
3174 4215 3383 4269 τιθέναι
3414 4216 3500 4285 ἐφ’
3532 4209 3610 4270 ὧν

324 4304 633 4379 Deligenda:
650 4310 814 4377 igitur
840 4326 1003 4366 voces
1026 4320 1176 4381 sunt,
1199 4312 1641 4385 collocandaeque
1661 4332 1771 4385 quo
1791 4316 1911 4372 loco

2021 4308 2204 4379 φέρειν
2229 4307 2501 4377 εἰώθαμεν
2520 4324 2534 4338 ·
2568 4306 2768 4362 είδέναι.
2783 4307 2843 4361 δὲ
2867 4309 2937 4360 τά
2958 4308 3198 4378 ἑκάτερα
3223 4308 3608 4379 παρεπόμενα,

323 4397 570 4459 adhiberi
600 4400 795 4457 solent.
834 4401 988 4458 Scire
1006 4403 1175 4458 etiam
1210 4414 1425 4474 oportet
1456 4414 1747 4476 utramque
1799 4407 1910 4462 cir-

323 4494 736 4559 cumstantiam,
778 4495 852 4550 ita
881 4503 939 4549 ut
964 4494 1209 4552 distincti
1250 4506 1540 4554 serventur
1565 4498 1909 4569 significatus

323 4596 375 4638 et
403 4587 731 4655 proprietas.
780 4585 921 4642 llinc
961 4588 1239 4657 specimen
1272 4599 1415 4645 esto.
1449 4589 1711 4647 Forensis
1756 4593 1911 4648 testis

323 4675 453 4729 dum
484 4677 581 4731 uni
629 4694 661 4733 e
708 4677 1143 4748 disceptantibus
1186 4679 1348 4749 favet,
1389 4682 1620 4738 alterum
1659 4683 1909 4753 iniquum

324 4770 573 4839 coarguit
600 4787 614 4823 :
645 4779 700 4823 at
728 4770 899 4840 judex
926 4769 1147 4826 interim
1177 4787 1388 4843 aequam
1429 4776 1758 4830 sententiam
1806 4775 1910 4829 ho-

326 4862 567 4917 rninibus
614 4862 815 4918 reddit.
847 4862 1049 4920 Verum
1097 4865 1151 4919 in
1200 4882 1359 4921 sacro
1403 4875 1538 4921 teste
1566 4868 1789 4922 ubinam
1821 4868 1912 4922 bic

328 4968 511 5008 rerum
545 4955 765 5009 status?
806 4956 890 5009 vel
929 4955 1201 5010 undenam
1246 4957 1417 5012 libera
1447 4958 1665 5014 dicendi
1714 4958 1912 5028 copia?

326 5044 544 5105 llursus
589 5045 795 5102 athleta
849 5051 1229 5105 adversarium
1281 5049 1539 5105 manibus
1604 5051 1911 5123 pugnisque

328 5140 650 5206 verberans,
681 5156 747 5195 ac
782 5141 1018 5212 denique
1039 5158 1331 5213 superans,
1369 5142 1614 5197 victoriae
1646 5157 1910 5201 coronam

330 5233 622 5303 impetrat:
652 5234 743 5289 hic
780 5243 964 5289 autem
1008 5235 1102 5305 qui
1136 5234 1443 5304 percutitur
1475 5250 1541 5289 ac
1568 5233 1909 5300 vulneratur,

328 5329 658 5397 flammaque
689 5337 786 5383 aut
815 5330 963 5385 ferro
992 5328 1317 5384 interficitur
1338 5371 1353 5395 ,
1407 5328 1491 5382 vel
1536 5328 1660 5383 aliis
1693 5328 1910 5385 crucia-

330 5434 481 5474 tuum
514 5420 828 5490 generibus,
875 5437 998 5493 qua)
1025 5421 1346 5476 carnificum
1376 5430 1569 5475 contra
1613 5421 1909 5476 humanam

328 5525 577 5567 naturam
607 5515 904 5570 crudelitas
926 5514 997 5568 ob
1017 5514 1327 5569 enecandos
1356 5513 1608 5570 homines
1636 5517 1912 5583 excogita-

331 5608 426 5673 vit,
461 5606 570 5674 hic,
609 5607 856 5678 inquam,
890 5604 1129 5660 victoria:
1150 5618 1352 5665 corona
1376 5604 1695 5675 insignitur.
1730 5604 1910 5673 Atque

2018 4401 2113 4453 καὶ
2142 4399 2438 4468 φυλάττειν
2470 4398 2652 4453 αὐτῶν
2686 4398 2994 4469 ἀσύγχυτον
3038 4400 3134 4453 καὶ⁸
3172 4399 3233 4453 τὸ
3266 4400 3610 4470 σημαινόμε-

2017 4507 2107 4543 νον
2136 4489 2229 4542 ttat
2264 4488 2326 4542 τὸ
2356 4488 2554 4559 ίδίωμα
2590 4505 2605 4520 ·
2642 4490 2777 4561 ὁρᾷν
2797 4488 2853 4542 δὲ
2884 4490 3001 4542 ἐστι
3032 4486 3329 4544 κάντεῦθεν
3354 4505 3371 4522 ο
3393 4491 3424 4542 ό
3459 4492 3609 4562 μάρ-

2015 4599 2112 4645 τυς
2136 4584 2165 4636 ό
2202 4582 2481 4645 πολιτικὸς
2509 4582 2606 4636 ἕνα
2642 4584 2753 4635 τῶν
2780 4582 3155 4653 δικαζομένων
3198 4582 3487 4646 συνιστῶν,
3514 4583 3610 4636 τὸν

2016 4675 2203 4744 ἕτερον
2234 4674 2580 4745 συκοφάντην
2599 4676 2897 4745 ἀπελέγχει
2919 4674 3014 4728 τοῦ
3042 4672 3233 4745 κριτοῦ
3258 4674 3358 4744 τὴν
3378 4672 3615 4744 γνώμην

2020 4766 2141 4836 ῐσην
2189 4764 2538 4836 διανέμοντος
2580 4768 2695 4830 τοῖς
2725 4765 3040 4837 προσώποις
3073 4781 3089 4797 ⁶
3124 4766 3182 4818 ἐν
3213 4766 3271 4818 δὲ
3307 4764 3388 4835 τῷ
3425 4765 3611 4819 θεολο-

2017 4861 2205 4932 γοῦντι
2237 4862 2499 4934 μάρτυρι,
2536 4862 2641 4917 ποῦ
2672 4864 2895 4933 σχέσις;
2960 4863 2994 4934 ἢ
3041 4863 3205 4917 πόθεν
3234 4863 3348 4933 ἔχει
3392 4865 3612 4935 παρρη-

2018 4955 2141 5007 σίαν
2189 4957 2223 5025 ἡ
2260 4955 2529 5026 cautim;
2585 4956 2758 5012 πάλιν.
2801 4958 2831 5010 ό
2879 4956 3119 5028 ἀθλητὴς
3167 4956 3267 5017 τὸν
3312 4956 3612 5021 ἀντίπαλον

2018 5048 2175 5116 χερσὶ
2207 5048 2301 5101 καὶ
2346 5051 2596 5119 πυγμαῖς
2622 5048 2823 5114 παίων,
2870 5049 2966 5103 καί⁵
3001 5048 3367 5120 κατακρατῶν
3403 5050 3487 5111 είς
3517 5048 3609 5101 τέ-

2017 5138 2127 5203 λος,
2163 5139 2258 5192 τοῦ
2301 5139 2584 5210 νικητικοῦ
2618 5141 2872 5210 τυγχάνει
2918 5139 3185 5209 στεφάνου
3219 5154 3236 5171 ο
3282 5137 3524 5193 ἐνταῦθα
3550 5138 3610 5192 δὲ

2021 5230 2354 5301 βαλλόμενός
2407 5248 2469 5285 τε
2525 5232 2619 5285 καὶ
2658 5232 3119 5302 τιτρωσκόμενος,
3149 5232 3241 5283 καὶ
3281 5229 3610 5301 πυρὶνθανα-

2016 5324 2284 5394 τούμενος
2321 5324 2356 5395 ἢ
2407 5324 2633 5394 σιδήρῳ,
2660 5324 2692 5393 ἦ
2719 5325 2787 5378 δι’
2812 5318 2887 5378 ὧν
2933 5324 3108 5378 ἄλλων
3136 5324 3434 5394 ἐπενόησεν
3457 5324 3494 5393 ἡ
3516 5322 3613 5393 δή·

2023 5434 2141 5485 μιος
2178 5417 2400 5487 ὠμότης
2430 5417 2573 5470 κατά
2598 5419 2697 5486 τῆς
2738 5417 3088 5488 ἀνθρωπίνης
3117 5416 3336 5488 φύσεως
3356 5416 3487 5478 τοὺς
3512 5416 3611 5467 ἀν-

2019 5508 2273 5579 θρώπους
2326 5508 2617 5577 ἐξαγαγεῖν
2660 5508 2759 5577 τῆς
2809 5510 2973 5579 ζωῆς,
3011 5509 3080 5563 τὰ
3117 5510 3216 5579 τῆς
3253 5508 3408 5578 νίκης
3457 5507 3610 5559 ἐστὶν

2021 5601 2385 5670 ἀναδούμενος
2447 5601 2752 5671 διαδήματα
2787 5617 2798 5630 °
2850 5602 2941 5653 καὶ
2975 5601 3067 5652 ἐπὶ
3107 5598 3316 5670 μυρίων
3361 5596 3543 5659 ἀλλων
3574 5612 3617 5673 η¹
