3888 6186
224 306 334 378 185

1217 309 1318 370 ΑΙ)
1347 300 1943 370 AMPHILOCHIUM
1973 305 2321 380 QUIESTIO
2355 311 2563 371 XXIV.

3398 314 3501 379 186

219 421 460 492 διαφορά
492 434 509 450 ⁶
557 418 678 482 πῶς
708 415 802 472 οὖν
856 417 919 471 οὐ
948 416 1258 488 παράλογον
1289 419 1348 470 ὲν
1397 415 1646 486 ἑκατέρῳ
1692 413 1804 466 τῶν

1928 414 2028 470 ilia:
2053 425 2315 486 praeterea
2355 417 2656 473 innumerzc
2704 417 3029 475 differentia:
3073 431 3222 478 sunt.
3287 421 3492 491 Quidni

220 512 649 584 σημαινομένων
697 510 768 564 τὰ
814 509 954 564 αὺτά
1003 509 1186 581 ζητεῖν
1228 509 1586 578 ὲπιθεωρεῖνς
1627 507 1724 560 καὶ
1772 507 1808 560 ἂ

222 605 439 675 προσῆν
470 602 548 672 τῷ
580 601 775 673 ἑτέρῳ,
802 601 872 655 τὰ
911 601 1054 657 αὐτά
1096 599 1314 672 θατέρῳ
1357 600 1681 671 περιάπτειν
1715 599 1810 652 ὲκ-

221 693 511 760 ϐιάζεσθαι
534 711 550 759 ;

293 794 366 857 η’.
413 786 592 840 Πολλά
620 786 722 856 μὲν
748 785 841 839 οὖν
889 786 1000 839 τῶν
1037 786 1130 839 ἐπὶ
1164 785 1438 856 διαφόρων
1466 783 1809 856 πραγμάτων

217 879 581 950 ταττομένων
605 877 886 949 ὀνομάτων
912 878 1330 948 ἑμφανεστάτην
1359 877 1474 947 ἔχει
1504 876 1602 947 τὴν
1625 875 1812 944 διαφοο

222 972 332 1044 ράν
361 988 376 1003 ·
422 971 499 1035 ὡς
564 971 700 1042 μηδέ
761 987 886 1025 τινα
909 971 1020 1023 τῶν
1046 971 1127 1033 είς
1157 970 1326 1041 ἀκρον
1364 969 1746 1040 ἀναισχυντίας
1775 967 1810 1036 ἢ

215 1063 512 1128 ἀσθενείας
548 1063 794 1134 ἡκόντων
819 1063 989 1133 χωρὶς
1010 1062 1272 1133 αίσχύνης
1305 1060 1338 1133 ἢ
1368 1060 1654 1123 εὐλαϐείας
1686 1077 1816 1132 μετ-

217 1159 470 1224 ενεγκεῖν
518 1156 614 1210 ἐπὶ
667 1157 899 1228 θάτερον
949 1155 986 1210 ἃ
1028 1155 1108 1227 τῷ
1145 1155 1319 1227 ἑτέρῳ
1361 1154 1809 1224 διωμολόγηται·

219 1253 396 1306 πολλά
417 1253 474 1306 δὲ
499 1250 732 1324 κρύφιον
759 1252 916 1323 φέρει
942 1251 1040 1322 τὴν
1067 1251 1384 1322 ἑτερότητα.
1416 1251 1491 1312 ὡς
1519 1252 1548 1302 ὁ
1573 1251 1808 1320 μάρτυς,

219 1344 299 1408 ὡς
326 1345 358 1397 ὁ
388 1343 646 1415 ἀθλητὴς,
678 1344 755 1408 ὼς
782 1343 844 1397 τὺ
875 1344 1091 1414 λύτρον,
1127 1343 1205 1406 ὡς
1233 1343 1296 1396 τὸ
1326 1343 1611 1414 τρόπαιον,
1643 1342 1719 1406 ὡς
1750 1344 1816 1396 τὰ

216 1432 321 1487 τοῦ
349 1432 479 1505 ᾅδου
519 1433 789 1504 βασίλεια,
815 1434 891 1497 ὡς
940 1433 1108 1504 μυρία
1145 1432 1280 1487 ἄλλα
1313 1433 1403 1502 ἐφ’
1428 1427 1504 1487 ὧν
1536 1434 1656 1486 ἐστὶ
1685 1435 1816 1504 ῥᾷον

218 1525 322 1578 καὶ
349 1525 516 1579 αὐτὸν
554 1524 820 1587 πολλάκις
855 1525 1076 1595 ἀπάτης
1113 1522 1298 1577 λαϐεῖν
1319 1526 1418 1594 τὴν
1450 1525 1683 1598 ἀπορίαν
1709 1541 1818 1576 πα·-

221 1617 578 1690 ραδυόμενον,
628 1616 662 1686 ἢ
697 1617 908 1689 ἑτέροις
945 1615 1044 1688 τὴν
1076 1617 1294 1687 ἀπάτην
1341 1617 1606 1688 προάγειν
1639 1617 1702 1669 ὲν
1741 1615 1818 1686 τῷ

216 1709 543 1775 λανθάνοντι
571 1725 587 1740 ο
619 1709 702 1782 δεῖ
731 1709 774 1762 δ’
797 1705 893 1763 οὖν
911 1709 976 1762 ὲκ
999 1708 1106 1762 τῶν
1132 1710 1556 1780 ἐμφανεστάτην
1582 1708 1818 1778 ἐχόντων

218 1803 324 1874 τὴν
361 1785 722 1874 παραλλαγὴν
752 1803 850 1857 καὶ
886 1802 1168 1863 παντελῶς
1195 1802 1515 1856 ἐπιπόλαιον
1543 1803 1660 1854 τῶν
1686 1819 1818 1870 προ-

189 1899 555 1969 τεινομένων
601 1897 703 1967 τὴν
748 1895 1016 1960 διάλυσιν,
1058 1894 1151 1948 τὸν
1212 1895 1415 1949 κανόνα
1465 1893 1673 1960 λαϐεῖν,
1721 1895 1816 1946 καὶ

220 1991 555 2045 ἀπευθύνειν
600 1991 673 2062 τῇ
721 1990 878 2060 κοινῇ
928 1989 1138 2060 μεθόδῳ
1163 1988 1264 2042 καὶ
1292 1987 1329 2042 ἃ
1363 1987 1570 2058 πολλὴν
1592 1987 1692 2056 τὴν
1723 1989 1817 2054 ἐγ-

222 2085 439 2157 γύτητα
468 2085 606 2156 πρὸς
634 2083 840 2155 ἄλληλα
867 2082 1202 2154 κεκτημένα,
1229 2081 1290 2135 τὸ
1314 2083 1412 2152 τῆς
1433 2082 1647 2154 ἀπάτης
1683 2085 1817 2151 ο·χῆ-

226 2193 307 2245 μα
330 2173 708 2245 πιθανώτερον
731 2173 1124 2246 προϐάλληται,
1157 2175 1252 2227 καὶ
1273 2173 1446 2237 οὕτως
1473 2176 1570 2226 ἀπ’
1594 2175 1821 2227 ἐκείνων

221 2269 327 2339 τὴν
356 2269 541 2338 κρίσιν
603 2268 821 2337 ἀπλανῆ
858 2269 955 2321 καὶ
982 2269 1077 2321 ἐπὶ
1127 2266 1336 2322 τούτων
1379 2267 1768 2329 συνδιασώζειν
1799 2259 1814 2298 ³

221 2359 427 2414 αὐτίκα
452 2359 514 2412 τὸ
542 2357 837 2430 πτερύγιον
866 2358 960 2412 τοῦ
994 2358 1140 2430 ίερού
1180 2373 1196 2389 ο
1229 2357 1292 2413 τδ
1323 2358 1382 2411 δὲ
1409 2357 1705 2429 πτερύγιον
1735 2353 1819 2422 οἷς

229 2451 384 2521 μέλει
407 2452 508 2523 τῆς
522 2453 776 2521 Ἀττικῆς
809 2450 1079 2521 γλώττης,
1115 2451 1165 2505 οἱ
1205 2449 1304 2520 μὲν
1319 2449 1478 2505 ἀετὸν
1504 2489 1519 2513 ,
1564 2450 1616 2502 σί
1638 2449 1694 2502 δὲ
1726 2451 1820 2503 καὶ

223 2541 454 2610 ἀέτωμα
503 2539 754 2606 καλοῦσι,
802 2543 899 2595 καὶ
940 2542 1226 2612 στέγασμα
1276 2542 1443 2611 φασὶν
1483 2538 1623 2595 εἶναι
1664 2539 1822 2594 τοῦτο

222 2633 340 2687 τῶν
372 2632 534 2703 ιερῶν
560 2632 757 2699 οἴκων,
795 2634 876 2705 τῷ
898 2636 1142 2704 σχήματι
1195 2631 1294 2705 τὴν
1325 2633 1529 2702 πτῆσιν
1558 2631 1651 2685 τοῦ
1680 2629 1820 2702 ζῴου

229 2726 590 2796 μιμούμενον,
623 2724 651 2779 ὃ
690 2727 755 2798 δὴ
787 2728 883 2781 καὶ
935 2727 1136 2798 πτερὸν
1181 2726 1314 2780 ένιοι
1356 2725 1616 2778 καλοῦσιν
1639 2724 1726 2777 ὀί
1766 2723 1823 2776 δὲ

222 2819 599 2872 διαστέλλουσι
643 2819 706 2873 τὺ
744 2819 948 2889 πτερὸν
985 2818 1167 2874 καὶτὸ
1201 2819 1497 2890 πτερύγιον
1525 2816 1620 2871 τοῦ
1658 2815 1822 2870 ἀετοῦ

223 2928 290 2964 τε
314 2912 413 2965 καὶ
442 2911 538 2965 τοῦ
563 2911 881 2981 ἀετώματος
907 2930 922 2945 ο
952 2912 1088 2982 φασὶ
1111 2911 1222 2982 γὰρ
1242 2906 1384 2964 εἶναι
1409 2910 1470 2964 τὸ
1492 2909 1826 2980 δηλούμενον

227 3004 324 3057 ὑπ’
367 3004 568 3071 αὐτῶν,
617 3004 679 3058 τὸ
737 3003 845 3076 πρὸ
869 3005 980 3057 τῶν
1027 3005 1194 3076 ἱερῶν
1223 3006 1289 3056 ἐκ
1334 3003 1485 3056 λίθου
1515 3003 1655 3074 πρὸς
1688 3001 1824 3072 ὕψος

1909 508 2096 578 itaque
2122 509 2194 564 sit
2225 511 2520 566 absurdum
2542 555 2559 578 ,
2597 511 2649 565 in
2682 520 2916 584 utraque
2954 529 3014 568 re
3045 515 3346 586 significata
3377 535 3503 573 cas-

1909 601 2031 656 dem
2072 601 2526 659 circumstantias
2559 605 2895 676 exquirere?
2945 615 3000 662 et
3045 623 3169 679 quas
3216 609 3314 663 uni
3364 625 3502 665 cono

1909 702 2135 764 gruunt,
2167 696 2390 752 easdem
2424 696 2491 752 ad
2519 698 2746 753 alteram
2772 699 2825 754 vi
2851 701 3217 770 pertrahere?

1979 787 2034 841 8.
2069 786 2233 841 Multa
2267 788 2437 860 igitur
2473 804 2541 843 ex
2601 788 2669 844 iis
2705 791 3045 858 nominibus,
3101 807 3224 862 qua:
3269 791 3504 847 diversis

1910 880 2078 934 rebus
2117 880 2511 952 imponuntur,
2573 883 3084 940 manifestissimam
3137 885 3502 941 differentiam

1910 972 2161 1028 habent:
2195 989 2368 1045 quare
2417 990 2521 1032 nec
2545 976 2640 1031 ulli
2674 977 2923 1034 homines
2967 993 3284 1048 quanquam
3324 980 3508 1050 appri-

1910 1080 2000 1122 me
2025 1067 2371 1138 impudentes
2393 1069 2482 1124 vel
2504 1069 2722 1141 ingenio
2755 1071 3033 1127 imbecillo
3086 1071 3324 1140 praediti,
3385 1073 3507 1126 sine

1911 1161 2119 1228 pudore
2144 1167 2240 1213 aut
2272 1168 2421 1214 metu
2450 1159 2745 1216 transferre
2779 1161 2960 1218 solent
3002 1163 3071 1218 ad
3119 1179 3234 1218 rem
3273 1164 3505 1218 alteram

1912 1249 2061 1320 quod
2091 1249 2317 1306 alterius
2345 1252 2628 1322 proprium
2659 1261 2764 1308 est.
2794 1253 2955 1308 Multa
2988 1263 3171 1309 tamen
3195 1254 3506 1310 subobscu-

1913 1356 2034 1397 ram
2061 1341 2432 1398 diversitatem
2465 1345 2769 1409 continent,
2803 1354 2863 1399 ut
2893 1346 3071 1407 testis.
3108 1354 3168 1400 ut
3195 1347 3420 1413 athleta,
3448 1358 3509 1401 ut

1913 1434 2176 1501 redimite,
2207 1443 2268 1490 ut
2290 1443 2578 1506 tropaaum,
2609 1446 2668 1490 ut
2701 1435 3005 1492 inferorum
3039 1453 3292 1509 regnum,
3319 1440 3508 1494 utalia

1915 1527 2210 1598 plurima:
2255 1528 2310 1583 in
2343 1530 2547 1599 quibus
2591 1529 2806 1584 facilius
2863 1538 2947 1586 est
3003 1531 3182 1602 ipsum
3243 1533 3355 1587 falli
3414 1534 3509 1603 qui

1917 1621 2274 1690 quaestionem
2307 1622 2666 1692 ingredietur,
2716 1637 2881 1692 quam
2923 1623 3049 1678 aliis
3098 1622 3285 1679 fucum
3331 1622 3512 1677 facere

1919 1714 1974 1769 in
2021 1729 2083 1770 re
2124 1715 2348 1769 latente.
2397 1711 2624 1785 Oportet
2676 1715 2861 1784 itaque
2909 1729 2977 1770 ex
3036 1715 3105 1770 iis
3160 1731 3282 1785 qua:
3335 1715 3511 1768 mani.

1921 1805 2273 1862 festissimam
2303 1806 2816 1862 transmutatiouem
2845 1807 3067 1871 habent,
3089 1815 3252 1877 atque
3287 1807 3513 1860 omnino

1916 1899 2103 1953 tritam
2145 1899 2599 1954 contradictionis
2661 1915 2778 1954 suae
2838 1899 3192 1963 solutionem,
3259 1912 3511 1951 normam

1917 2005 2136 2046 sumere
2169 2007 2184 2045 :
2217 2000 2382 2062 atque
2403 1993 2470 2046 ad
2504 2006 2855 2047 communem
2891 1991 3214 2046 methodum
3250 1989 3340 2045 illa
3377 2006 3514 2060 qun-

1916 2098 2024 2154 que
2054 2085 2296 2154 exigere,
2352 2100 2478 2156 qua:
2528 2085 2655 2156 quia
2715 2085 2876 2140 valde
2925 2085 3158 2139 invicem
3204 2084 3513 2155 propinqua

1917 2183 2067 2241 sunt,
2109 2177 2317 2231 erroris
2359 2177 2601 2247 speciem
2661 2177 3028 2233 credibilioris
3093 2177 3445 2247 suppeditant
3497 2194 3510 2229 :

1920 2277 2085 2337 atque
2114 2266 2188 2321 ita
2213 2281 2279 2321 ex
2311 2267 2399 2321 his
2422 2278 2634 2323 certum
2663 2267 2936 2337 judicium
2986 2267 3054 2322 de
3108 2267 3230 2322 aliis
3287 2282 3516 2336 quoque

1920 2355 2121 2412 facere.
2179 2357 2445 2428 Exemplo
2493 2359 2567 2414 sit
2599 2366 2897 2430 πτερύγιον
2931 2357 3340 2428 (pinnaculum)
3379 2368 3517 2410 tem-

1920 2451 2047 2519 plis.
2070 2450 2377 2521 Πτερύγιον
2398 2449 2592 2506 Attica:
2615 2452 2816 2521 linguae
2848 2450 3103 2516 studiosi,
3130 2449 3221 2503 alii
3250 2448 3514 2519 aquilam.

1921 2539 2013 2593 alii
2045 2538 2325 2610 fastigium
2381 2541 2603 2612 (aquilae
2647 2543 2818 2612 figura
2862 2541 3173 2611 praeditum)
3221 2551 3383 2610 atque
3435 2549 3514 2594 tc-

1920 2642 2071 2688 ctum
2105 2649 2228 2689 esse
2255 2635 2412 2688 aiunt
2443 2647 2728 2688 sacrorum
2754 2632 3134 2698 aedificiorum,
3157 2633 3314 2702 cujus
3344 2633 3519 2705 figura

1921 2725 2194 2781 volantem
2232 2741 2389 2781 avem
2431 2726 2679 2781 imitatur
2737 2739 2755 2779 :
2811 2740 2976 2796 quam
3036 2724 3248 2779 aedilicii
3305 2735 3517 2796 partem

1924 2819 2171 2873 nonnulli
2207 2820 2373 2874 etiam
2403 2820 2630 2889 pinnam
2667 2820 2967 2889 appellant.
3020 2819 3124 2873 Alii
3172 2818 3520 2889 distinguunt

1924 2910 2147 2980 pinnam
2172 2917 2227 2963 et
2250 2910 2607 2980 pinnaculum
2638 2909 2688 2942 “
2722 2910 2838 2968 sive
2888 2910 3086 2980 aquilae
3133 2909 3249 2964 sive
3292 2909 3518 2979 fastigii.

1923 3002 2092 3057 Aiunt
2112 3003 2258 3056 enim
2293 3003 2378 3058 his
2401 3003 2698 3074 signiﬁcari
2729 3012 2942 3074 partem
2980 3002 3129 3057 illam
3181 3002 3394 3058 aedilicii
3441 3003 3523 3057 la-

226 3097 650 3166 ἀνατεινόμενον
687 3098 886 3168 μᾶλλον
907 3097 1412 3169 κατεσκευασμένον
1441 3095 1784 3168 οίκοδόμημα
1804 3109 1820 3127 ⁸

1929 3097 2168 3168 pideam,
2213 3097 2483 3166 altiusque
2526 3099 2750 3163 elatam,
2808 3112 2932 3168 qua:
2973 3111 3255 3152 sacrarum
3321 3097 3520 3150 aedium

227 3188 377 3260 πλὴν
403 3187 542 3240 ἀλλὰ
559 3189 670 3259 γὰρ
700 3191 753 3241 εἰ
785 3206 870 3252 τις
899 3190 1190 3262 προτείνας
1211 3189 1272 3242 τὸ
1301 3188 1616 3260 πτερύγιον,
1637 3189 1829 3256 διερω-

225 3278 349 3349 τῴη
377 3277 606 3348 πότερον
637 3279 920 3349 ὲξήπλωτο
949 3278 1027 3350 τῷ
1064 3279 1190 3351 ἀέρι
1218 3280 1314 3333 καὶ
1345 3280 1610 3351 ὑπηρέτει
1640 3277 1828 3334 κινού-

231 3388 404 3443 μενον
451 3372 532 3443 τῷ
582 3371 762 3445 ὄρνιθι
808 3373 909 3444 τὴν
940 3375 1160 3444 πτῆσιν,
1204 3374 1237 3444 ἢ
1275 3373 1607 3428 συνέσταλτό
1642 3390 1702 3428 τε
1733 3373 1829 3427 καὶ

230 3463 662 3528 συνεπτύσσετο,
696 3465 789 3518 καὶ
825 3468 908 3528 είς
935 3465 992 3519 τὸ
1031 3467 1218 3537 σχῆμα
1243 3464 1354 3519 τῶν
1379 3464 1736 3539 ἠρεμούντων
1766 3465 1830 3519 τὸ

228 3557 442 3628 πτηνὸν
478 3557 715 3628 συνῆγεν
734 3598 750 3623 ,
781 3553 938 3630 οἶμαι
969 3558 1034 3612 ἂν
1067 3558 1188 3612 ἀντὶ
1214 3557 1308 3611 τοῦ
1341 3557 1496 3612 λύσιν
1531 3559 1703 3612 αίτεῖν
1726 3557 1831 3627 τῆς

230 3648 498 3717 ἀπορίας,
541 3649 758 3717 γέλωτα
785 3652 1092 3720 παρασχεῖν
1125 3664 1140 3679 ·
1173 3650 1348 3704 καίτοι
1376 3651 1429 3719 γ’
1455 3648 1524 3704 ἂν
1556 3650 1686 3713 ἴσως
1735 3650 1830 3702 καὶ

233 3742 753 3812 ἐπινεωτερίσαιτο,
785 3741 861 3805 ὡς
901 3742 1160 3810 ὁπότερον
1192 3742 1256 3792 ἄν
1287 3759 1370 3804 τις
1417 3741 1554 3812 δοίη,
1591 3742 1829 3794 ἀδύνατα

233 3835 416 3904 λέγων
457 3835 848 3906 φωραθήσεται
875 3850 890 3864 ο
929 3835 1052 3887 οὔτε
1075 3833 1184 3905 γὰρ
1209 3834 1569 3902 ἐκτεταμένον
1605 3833 1667 3886 τὸ
1699 3850 1830 3886 πτε-

237 3929 432 4000 ρύγιον
460 3929 623 3997 ὄγκον
661 3927 916 3999 σώματος
945 3927 1038 3981 καὶ
1074 3927 1239 3998 βάρος
1287 3927 1569 3980 ἐπιϐαῖνον
1614 3926 1830 3996 ἀνέχειν

233 4023 483 4084 δύναται,
511 4019 637 4074 οὗτε
667 4020 767 4093 τὴν
804 4020 949 4074 κατά
985 4020 1248 4091 συστολὴν
1272 4018 1423 4072 θέσιν
1450 4020 1572 4090 ἕχον
1599 4036 1614 4050 ο
1650 4017 1830 4087 πολλῷ

237 4118 449 4190 μᾶλλον
471 4117 593 4171 οὐδὲ
617 4117 714 4186 τὴν
738 4117 996 4170 ἐπίϐασιν
1019 4117 1158 4180 ὅλως
1192 4115 1540 4187 παραδέχοιτ’
1571 4115 1639 4170 ἀν
1671 4131 1687 4146 ·
1720 4111 1830 4187 ἆρα

234 4212 350 4282 γὰρ
381 4213 428 4263 oi
459 4212 526 4264 τὰ
575 4209 803 4264 τοιαῦτα
839 4209 1176 4281 προάγοντες
1197 4209 1317 4263 ἀντὶ
1339 4208 1433 4262 τοῦ
1465 4209 1722 4276 συνάγειν
1749 4208 1830 4270 εἰς

234 4301 476 4372 ἀπορίαν
534 4300 772 4369 ἐτέρους,
830 4301 893 4352 οὐ
946 4299 1081 4352 πολὺ
1138 4301 1405 4370 πρότερον
1461 4299 1688 4362 ἑαυτοὺς
1749 4300 1830 4362 είς

1933 3186 2085 3241 frons
2112 3195 2217 3242 est.
2257 3185 2314 3240 Si
2345 3187 2469 3254 quis
2499 3195 2682 3241 tamen
2718 3187 2942 3256 pinnam
3005 3201 3104 3240 seu
3160 3185 3518 3255 pinnaculnm

1932 3278 2238 3344 iuculcans,
2270 3287 2486 3348 rogaret
2515 3288 2694 3333 utrum
2735 3279 2789 3334 id
2826 3279 3228 3349 expanderetur
3274 3279 3328 3331 in
3363 3291 3516 3335 aere.

1932 3381 2379 3436 commotumque
2407 3371 2524 3426 avis
2563 3371 2774 3426 volatui
2803 3371 3048 3426 faveret?
3085 3386 3152 3426 an
3183 3371 3367 3441 potius
3387 3383 3519 3424 ceu-

1931 3465 2248 3519 traheretur
2276 3473 2441 3533 atque
2463 3465 2909 3534 complicaretur,
2955 3465 3182 3534 avisque
3229 3465 3527 3532 quiescen-

1933 3557 2003 3612 tis
2033 3558 2270 3626 speciem
2299 3555 2617 3612 exhiberet?
2649 3556 2813 3611 credo
2851 3555 3104 3625 equidem
3133 3556 3430 3610 excitatum
3459 3557 3522 3610 iri

1934 3647 2114 3718 potius
2135 3649 2204 3702 ab
2235 3649 2342 3704 hoc
2392 3649 2591 3711 risura,
2648 3662 2814 3718 quam
2871 3657 3120 3701 curatum
3181 3654 3242 3700 ut
3289 3647 3524 3716 quaestio

1935 3742 2200 3798 solvatur.
2231 3740 2487 3797 Fortasse
2514 3741 2678 3795 etiam
2719 3755 2862 3794 novo
2890 3740 2999 3794 alio
3039 3751 3362 3809 argumento
3402 3748 3522 3794 ule-

1937 3843 2045 3898 tur,
2082 3850 2279 3904 nempe
2309 3833 2454 3905 quod
2485 3833 2809 3888 alterutrum
2842 3832 2966 3903 quis
2992 3833 3273 3900 concedat,
3315 3833 3522 3902 impos-

1934 3925 2115 3982 sibilia
2143 3925 2324 3981 dicere
2355 3923 2820 3994 deprehendetur.
2871 3921 3011 3977 Nam
3068 3937 3246 3992 neque
3295 3932 3518 3977 extensa

1933 4017 2101 4088 pinna
2154 4017 2473 4085 gravitatem
2530 4015 2779 4085 corporis
2830 4013 3155 4085 pondusque
3208 4015 3520 4084 impositum

1933 4110 2208 4165 sustinere
2230 4117 2430 4179 potest,
2465 4108 2804 4178 nequeitem
2856 4122 2980 4161 cum
3039 4115 3122 4162 est
3175 4105 3518 4176 complicato.

1935 4200 2066 4256 Illud
2095 4216 2224 4255 vero
2257 4201 2611 4270 praecipuum,
2645 4200 2790 4270 quod
2819 4214 3109 4254 ascensum
3138 4198 3194 4253 in
3238 4213 3364 4253 aera
3396 4215 3507 4252 non

1935 4295 2161 4365 patitur.
2195 4291 2390 4348 Nonne
2410 4293 2505 4363 qui
2539 4293 2665 4346 talia
2693 4291 3012 4346 inmedium
3057 4292 3262 4354 ferunt,
3315 4291 3516 4345 nedum

236 4393 442 4464 χλεύην
459 4392 798 4460 ἀπάγουσιν;
834 4391 983 4462 Ἐρεῖ
1010 4393 1139 4462 γὰρ,
1164 4388 1341 4460 οἶμαι,
1368 4393 1568 4464 ῥᾳδίως
1591 4391 1686 4445 καὶ
1721 4390 1824 4444 τῶν

1937 4385 2060 4440 aliis
2090 4385 2465 4440 dubitationes
2504 4385 2649 4438 haud
2679 4393 2888 4448 creant,
2918 4384 3009 4438 sed
3041 4383 3215 4452 ipsos,
3253 4397 3312 4438 se
3346 4384 3521 4436 multo

235 4485 717 4554 ἐπιτυγχανόντων
738 4485 991 4548 ἕκαστος,
1013 4484 1109 4549 ὡς,
1133 4480 1203 4537 Ὦ
1221 4486 1513 4556 βέλτιστοι,
1528 4483 1703 4538 ταῦτά
1725 4497 1828 4536 που

235 4576 310 4628 τὰ
333 4574 533 4646 δριμέα
567 4575 953 4646 διαπορήματα
982 4573 1074 4628 ἐπὶ
1111 4575 1212 4645 μὲν
1229 4574 1324 4628 τοῦ
1350 4575 1436 4628 ἑτέ
1448 4593 1539 4646 ρου
1567 4591 1830 4646 σημαινο-

242 4667 409 4736 μένου
431 4666 670 4738 ἀπορίαν
696 4667 1076 4739 ὲμποιήσειεν,
1108 4667 1344 4722 ἐνταῦθα
1369 4669 1425 4722 δὲ
1453 4671 1544 4721 καὶ
1574 4670 1683 4722 οὐδ’
1708 4669 1829 4721 ’ἐτε-

242 4775 338 4830 ρον
388 4757 602 4812 ἔνεστιν
651 4760 850 4821 εἰπεῖν,
884 4761 982 4813 καὶ
1006 4761 1234 4830 οὐδεμία
1273 4760 1526 4829 φαίνεται
1558 4761 1833 4831 πρόφασις

238 4851 481 4921 ἀπορίας
524 4850 915 4904 ἀνακύπτουσα
947 4867 961 4882 ·
991 4851 1102 4904 ἀπὺ
1129 4850 1261 4920 γοῦν
1289 4852 1400 4905 τῶν
1428 4851 1572 4905 οὕτω
1605 4869 1836 4924 περιφα·

239 4944 509 5013 νεστάτην
557 4945 657 5013 τὴν
685 4943 951 5015 διαφορὰν
982 4944 1239 5015 ἐχόντων,
1291 4944 1683 5016 εὐχερέστερον
1717 4947 1833 4997 ἐστι

239 5035 339 5088 καὶ
366 5035 518 5088 οὐδὲν
550 5035 807 5107 ἐργῶδες,
841 5038 938 5090 καὶ
969 5038 1193 5091 ἐπὶτῶν
1222 5037 1679 5109 ἐγκεκρυμμένην
1700 5037 1834 5091 ταύο

238 5138 346 5192 την
375 5125 670 5192 φερόντων,
701 5125 778 5196 τῷ
800 5127 966 5197 κοινῷ
993 5128 1313 5198 χρωμένους
1339 5127 1545 5194 κανόνι,
1570 5128 1668 5192 τὰς
1700 5129 1835 5182 ἀπο-

246 5211 370 5283 ρίας
407 5216 488 5278 είς
514 5217 774 5286 εὐπορίαν
819 5218 1196 5288 μεταϐάλλειν.

320 5305 387 5358 θ’.
421 5307 698 5380 Τρύπαιόν
723 5311 872 5362 ἐστιν
899 5311 927 5362 ὀ
959 5313 1192 5382 σταυρὸς
1208 5311 1304 5365 τοῦ
1325 5311 1563 5382 Χριστοῦ
1585 5311 1726 5365 κατά
1740 5310 1835 5364 τοῦ

247 5390 500 5448 διαϐόλου
523 5398 815 5468 ἱστάμενον
839 5416 852 5432 ⁸
890 5403 984 5453 καὶ
1011 5403 1291 5473 τροπαίων
1316 5403 1377 5454 τὺ
1419 5403 1832 5472 λαμπρότατον,

249 5487 387 5539 ὅπου
420 5503 485 5554 γε
516 5490 613 5544 καὶ
639 5492 806 5555 αὐτὸς
832 5495 859 5546 ὁ
887 5494 1058 5556 τύπος
1099 5495 1263 5548 αὐτοῦ
1303 5495 1383 5564 τῷ
1413 5495 1535 5565 ἀέρι
1567 5495 1840 5566 χαρασσὸο

252 5593 438 5646 μενος,
476 5583 658 5637 πᾶσαν
688 5586 841 5657 αὐτῷ
875 5587 1292 5657 συμφυγαδεύει
1316 5589 1414 5659 τὴν
1445 5588 1676 5659 δύναμιν
1696 5605 1710 5619 ο
1747 5589 1839 5641 καὶ

246 5669 489 5741 ούδήπου
512 5673 685 5728 δεῖται
713 5679 1017 5750 βαθυτέρας
1056 5681 1356 5751 περινοίας,
1385 5681 1438 5734 εί
1469 5698 1553 5746 τις
1583 5684 1662 5745 είς
1701 5683 1838 5735 ἀπο-

332 5789 354 5818 ²
393 5789 587 5846 Matth.
625 5807 696 5854 Iv,
731 5793 782 5848 5.

1932 4480 2100 4535 citius
2131 4479 2368 4533 ludibrio
2401 4477 2709 4548 objiciunt?
2754 4477 3023 4532 Existimo
3069 4477 3215 4532 enim
3269 4476 3522 4546 quemvis

1937 4571 2094 4627 facile
2124 4572 2204 4624 sic
2238 4571 2513 4625 dicturum
2549 4588 2562 4623 :
2606 4570 2650 4622 υ
2679 4569 2830 4631 boui,
2863 4569 2946 4622 ha:
2983 4578 3254 4638 peracutzc
3299 4567 3518 4620 dubita-

1935 4665 2114 4720 tiones
2161 4680 2285 4719 cum
2351 4663 2473 4718 aliis
2512 4661 2748 4716 fortasse
2802 4661 3200 4731 significatibus
3263 4661 3522 4730 quaestio-

1935 4775 2060 4815 nem
2093 4758 2442 4823 conﬂabunt;
2479 4756 2569 4810 hic
2613 4764 2796 4809 tamen
2839 4762 3094 4808 neutrum
3151 4752 3261 4807 dici
3321 4759 3516 4822 potest,

1936 4854 2199 4923 nullaque
2223 4867 2357 4906 ansa
2389 4849 2671 4904 dubitandi
2718 4847 2846 4901 hinc
2875 4846 3112 4900 exsistit.
3157 4844 3235 4898 Ex
3285 4845 3368 4899 his
3417 4843 3519 4914 igi-

1938 4957 2049 5012 tur,
2073 4960 2196 5016 qua:
2223 4952 2332 4996 tam
2364 4941 2703 5011 exploratam
2743 4937 3106 4992 differentiam
3144 4936 3368 4998 habent,
3437 4935 3521 4988 lac

1938 5039 2100 5093 cilius
2135 5045 2220 5090 est
2248 5034 2564 5103 nulliusque
2587 5032 2815 5096 laboris,
2855 5045 3044 5084 eorum
3075 5030 3264 5092 etiam,
3287 5043 3523 5098 quorum

1939 5129 2245 5187 differentia
2262 5126 2568 5181 abstrusior
2592 5133 2697 5189 est,
2720 5122 2997 5179 communi
3034 5123 3220 5192 regula
3249 5121 3515 5178 adhibita,

1941 5222 2353 5293 perplexitatem
2377 5217 2678 5288 perducere
2708 5215 2775 5269 ad
2805 5213 3097 5282 liquidum.

2011 5315 2064 5372 9.
2095 5313 2384 5381 Tropzeum
2435 5319 2519 5366 est
2558 5318 2749 5365 contra
2800 5307 3080 5362 diabolum
3135 5304 3337 5360 Christi
3386 5319 3520 5358 cruv

1939 5409 2274 5471 excitatum;
2307 5415 2359 5460 ct
2381 5405 2601 5476 quidem
2622 5401 3150 5476 Splcmlidissimum,
3177 5397 3522 5468 quandoquia

1941 5505 2064 5558 dem
2100 5499 2184 5555 vel
2205 5499 2325 5571 ejus
2360 5506 2520 5570 typus
2561 5497 2617 5563 in
2668 5511 2793 5550 acre
2841 5496 3166 5564 impressum
3225 5489 3524 5561 quamlibet

1941 5611 2066 5651 cum
2131 5595 2225 5648 illo
2273 5599 2594 5662 potestatem
2655 5587 2823 5658 fugat.
2872 5584 3059 5654 Neque
3101 5593 3279 5638 tamen
3331 5582 3525 5636 altiore

1943 5687 2262 5745 certandum
2295 5692 2376 5740 est
2408 5683 2685 5748 acumine,
2716 5681 2762 5735 si
2790 5677 2912 5748 quis
2945 5677 3083 5732 forte
3131 5675 3199 5731 de
3237 5673 3342 5728 hoc
3366 5689 3526 5726 voca-
