  <div class='ocr_page' id='page_1' title='image "/cluster/home/n/w/nwhite01/storage/ocr_20150623/101/hvd.32044018872879/117.png"; bbox 0 0 3888 6186; ppageno 0'>
   <div class='ocr_carea' id='block_1_1' title="bbox 388 273 497 339">
    <p class='ocr_par' dir='ltr' id='par_1_1' title="bbox 388 273 497 339">
     <span class='ocr_line' id='line_1_1' title="bbox 388 273 497 339; baseline 0 0"><span class='ocrx_word' id='word_1_1' title='bbox 388 273 497 339; x_wconf 82' lang='lat'><strong>187</strong></span> 
     </span>
    </p>
   </div>
   <div class='ocr_carea' id='block_1_2' title="bbox 1541 214 2493 324">
    <p class='ocr_par' dir='ltr' id='par_1_2' title="bbox 1541 214 2493 324">
     <span class='ocr_line' id='line_1_2' title="bbox 1541 214 2493 324; baseline -0.004 0"><span class='ocrx_word' id='word_1_2' title='bbox 1541 259 1813 324; x_wconf 86' lang='lat' dir='ltr'><strong>PHOTII</strong></span> <span class='ocrx_word' id='word_1_3' title='bbox 1842 257 2358 323; x_wconf 69' lang='lat' dir='ltr'><strong>PATRIARCH/E</strong></span> <span class='ocrx_word' id='word_1_4' title='bbox 2382 257 2493 320; x_wconf 75' lang='lat' dir='ltr'><strong>cr.</strong></span> 
     </span>
    </p>
   </div>
   <div class='ocr_carea' id='block_1_3' title="bbox 383 369 1974 459">
    <p class='ocr_par' dir='ltr' id='par_1_3' title="bbox 383 377 1962 459">
     <span class='ocr_line' id='line_1_3' title="bbox 383 377 1962 459; baseline -0.011 -11"><span class='ocrx_word' id='word_1_5' title='bbox 383 392 516 448; x_wconf 77' lang='lat' dir='ltr'><strong>bulo</strong></span> <span class='ocrx_word' id='word_1_6' title='bbox 544 385 908 459; x_wconf 61' lang='lat' dir='ltr'><strong>quastionem</strong></span> <span class='ocrx_word' id='word_1_7' title='bbox 933 382 1174 453; x_wconf 87' lang='lat' dir='ltr'><strong>aliquam</strong></span> <span class='ocrx_word' id='word_1_8' title='bbox 1203 377 1552 436; x_wconf 85' lang='lat' dir='ltr'><strong>conflandam</strong></span> <span class='ocrx_word' id='word_1_9' title='bbox 1595 377 1901 448; x_wconf 75' lang='lat' dir='ltr'><strong>susceperit</strong></span> <span class='ocrx_word' id='word_1_10' title='bbox 1945 392 1962 431; x_wconf 87' lang='lat'><strong>:</strong></span> 
     </span>
    </p>
   </div>
   <div class='ocr_carea' id='block_1_4' title="bbox 2081 369 3654 459">
    <p class='ocr_par' dir='ltr' id='par_1_4' title="bbox 2081 369 3654 445">
     <span class='ocr_line' id='line_1_4' title="bbox 2081 369 3654 445; baseline 0.001 -19"><span class='ocrx_word' id='word_1_11' title='bbox 2081 373 2193 440; x_wconf 62' lang='lat' dir='ltr'><strong>aio»</strong></span> <span class='ocrx_word' id='word_1_12' title='bbox 2258 372 2556 427; x_wconf 87' lang='grc' dir='ltr'>διαπλάσαι</span> <span class='ocrx_word' id='word_1_13' title='bbox 2597 370 2660 425; x_wconf 89' lang='lat'>16</span> <span class='ocrx_word' id='word_1_14' title='bbox 2709 371 2862 444; x_wconf 80' lang='grc' dir='ltr'>ῥῆμα</span> <span class='ocrx_word' id='word_1_15' title='bbox 2909 370 3231 444; x_wconf 79' lang='grc' dir='ltr'>προέλοιτο·</span> <span class='ocrx_word' id='word_1_16' title='bbox 3264 369 3331 426; x_wconf 83' lang='grc' dir='ltr'><strong>ἐκ</strong></span> <span class='ocrx_word' id='word_1_17' title='bbox 3383 372 3496 445; x_wconf 80' lang='grc' dir='ltr'><strong>γάρ</strong></span> <span class='ocrx_word' id='word_1_18' title='bbox 3541 374 3654 427; x_wconf 79' lang='grc' dir='ltr'>τῶν</span> 
     </span>
    </p>
   </div>
   <div class='ocr_carea' id='block_1_5' title="bbox 386 467 1967 550">
    <p class='ocr_par' dir='ltr' id='par_1_5' title="bbox 386 467 1967 550">
     <span class='ocr_line' id='line_1_5' title="bbox 386 467 1967 550; baseline -0.009 -13"><span class='ocrx_word' id='word_1_19' title='bbox 386 494 621 550; x_wconf 84' lang='lat' dir='ltr'><strong>namque</strong></span> <span class='ocrx_word' id='word_1_20' title='bbox 645 494 677 533; x_wconf 94' lang='lat' dir='ltr'><strong>e</strong></span> <span class='ocrx_word' id='word_1_21' title='bbox 700 475 955 547; x_wconf 81' lang='lat' dir='ltr'><strong>superius</strong></span> <span class='ocrx_word' id='word_1_22' title='bbox 983 473 1146 529; x_wconf 89' lang='lat' dir='ltr'><strong>dictis</strong></span> <span class='ocrx_word' id='word_1_23' title='bbox 1180 471 1511 527; x_wconf 75' lang='lat' dir='ltr'><strong>solutionem</strong></span> <span class='ocrx_word' id='word_1_24' title='bbox 1556 467 1967 539; x_wconf 82' lang='lat' dir='ltr'><strong>deprehendere</strong></span> 
     </span>
    </p>
   </div>
   <div class='ocr_carea' id='block_1_6' title="bbox 386 561 1964 645">
    <p class='ocr_par' dir='ltr' id='par_1_6' title="bbox 386 561 1964 645">
     <span class='ocr_line' id='line_1_6' title="bbox 386 561 1964 645; baseline -0.008 -18"><span class='ocrx_word' id='word_1_25' title='bbox 386 573 647 645; x_wconf 78' lang='lat' dir='ltr'><strong>perfacile</strong></span> <span class='ocrx_word' id='word_1_26' title='bbox 675 580 780 627; x_wconf 91' lang='lat' dir='ltr'><strong>est.</strong></span> <span class='ocrx_word' id='word_1_27' title='bbox 837 568 898 623; x_wconf 86' lang='lat' dir='ltr'><strong>Si</strong></span> <span class='ocrx_word' id='word_1_28' title='bbox 946 582 1106 629; x_wconf 85' lang='lat' dir='ltr'><strong>crux,</strong></span> <span class='ocrx_word' id='word_1_29' title='bbox 1156 565 1354 635; x_wconf 79' lang='lat' dir='ltr'><strong>inquit,</strong></span> <span class='ocrx_word' id='word_1_30' title='bbox 1413 561 1647 632; x_wconf 87' lang='lat' dir='ltr'><strong>aliquis,</strong></span> <span class='ocrx_word' id='word_1_31' title='bbox 1700 569 1964 630; x_wconf 74' lang='lat' dir='ltr'><strong>tropaeum</strong></span> 
     </span>
    </p>
   </div>
   <div class='ocr_carea' id='block_1_7' title="bbox 383 652 1965 737">
    <p class='ocr_par' dir='ltr' id='par_1_7' title="bbox 383 652 1965 737">
     <span class='ocr_line' id='line_1_7' title="bbox 383 652 1965 737; baseline -0.011 -14"><span class='ocrx_word' id='word_1_32' title='bbox 383 676 491 730; x_wconf 87' lang='lat' dir='ltr'><strong>est,</strong></span> <span class='ocrx_word' id='word_1_33' title='bbox 521 665 645 737; x_wconf 92' lang='lat' dir='ltr'><strong>quis</strong></span> <span class='ocrx_word' id='word_1_34' title='bbox 675 663 730 719; x_wconf 89' lang='lat' dir='ltr'><strong>id</strong></span> <span class='ocrx_word' id='word_1_35' title='bbox 763 660 976 717; x_wconf 79' lang='lat' dir='ltr'><strong>erexit?</strong></span> <span class='ocrx_word' id='word_1_36' title='bbox 1004 673 1129 713; x_wconf 91' lang='lat' dir='ltr'><strong>nam</strong></span> <span class='ocrx_word' id='word_1_37' title='bbox 1187 656 1234 712; x_wconf 93' lang='lat' dir='ltr'><strong>si</strong></span> <span class='ocrx_word' id='word_1_38' title='bbox 1299 655 1417 726; x_wconf 92' lang='lat' dir='ltr'><strong>ipse</strong></span> <span class='ocrx_word' id='word_1_39' title='bbox 1457 653 1656 720; x_wconf 90' lang='lat' dir='ltr'><strong>victor,</strong></span> <span class='ocrx_word' id='word_1_40' title='bbox 1698 668 1796 709; x_wconf 92' lang='lat' dir='ltr'><strong>cur</strong></span> <span class='ocrx_word' id='word_1_41' title='bbox 1853 652 1965 723; x_wconf 86' lang='lat' dir='ltr'><strong>jam</strong></span> 
     </span>
    </p>
   </div>
   <div class='ocr_carea' id='block_1_8' title="bbox 385 744 1967 822">
    <p class='ocr_par' dir='ltr' id='par_1_8' title="bbox 385 744 1967 822">
     <span class='ocr_line' id='line_1_8' title="bbox 385 744 1967 822; baseline -0.009 -10"><span class='ocrx_word' id='word_1_42' title='bbox 385 769 591 812; x_wconf 85' lang='lat' dir='ltr'><strong>temere</strong></span> <span class='ocrx_word' id='word_1_43' title='bbox 634 753 864 810; x_wconf 85' lang='lat' dir='ltr'><strong>Judaico</strong></span> <span class='ocrx_word' id='word_1_44' title='bbox 896 750 1096 822; x_wconf 92' lang='lat' dir='ltr'><strong>populo</strong></span> <span class='ocrx_word' id='word_1_45' title='bbox 1140 747 1345 803; x_wconf 81' lang='lat' dir='ltr'><strong>Christi</strong></span> <span class='ocrx_word' id='word_1_46' title='bbox 1394 747 1571 801; x_wconf 61' lang='lat' dir='ltr'><strong>cades</strong></span> <span class='ocrx_word' id='word_1_47' title='bbox 1630 744 1967 815; x_wconf 82' lang='lat' dir='ltr'><strong>imputatur?</strong></span> 
     </span>
    </p>
   </div>
   <div class='ocr_carea' id='block_1_9' title="bbox 383 838 1968 916">
    <p class='ocr_par' dir='ltr' id='par_1_9' title="bbox 383 838 1968 916">
     <span class='ocr_line' id='line_1_9' title="bbox 383 838 1968 916; baseline -0.006 -14"><span class='ocrx_word' id='word_1_48' title='bbox 383 848 541 916; x_wconf 78' lang='lat' dir='ltr'><strong>Quod</strong></span> <span class='ocrx_word' id='word_1_49' title='bbox 565 847 611 903; x_wconf 86' lang='lat' dir='ltr'><strong>si</strong></span> <span class='ocrx_word' id='word_1_50' title='bbox 642 844 774 901; x_wconf 91' lang='lat' dir='ltr'><strong>illud</strong></span> <span class='ocrx_word' id='word_1_51' title='bbox 808 843 981 899; x_wconf 71' lang='grc' dir='ltr'>,ιιιᾶεί</span> <span class='ocrx_word' id='word_1_52' title='bbox 1008 848 1319 897; x_wconf 88' lang='lat' dir='ltr'><strong>statuerunt</strong></span> <span class='ocrx_word' id='word_1_53' title='bbox 1349 838 1522 910; x_wconf 82' lang='lat' dir='ltr'><strong>(quod</strong></span> <span class='ocrx_word' id='word_1_54' title='bbox 1575 852 1767 909; x_wconf 82' lang='lat' dir='ltr'><strong>reapse</strong></span> <span class='ocrx_word' id='word_1_55' title='bbox 1811 847 1968 893; x_wconf 83' lang='lat' dir='ltr'><strong>extra</strong></span> 
     </span>
    </p>
   </div>
   <div class='ocr_carea' id='block_1_10' title="bbox 384 928 1969 1004">
    <p class='ocr_par' dir='ltr' id='par_1_10' title="bbox 384 928 1969 1004">
     <span class='ocr_line' id='line_1_10' title="bbox 384 928 1969 1004; baseline -0.009 -7"><span class='ocrx_word' id='word_1_56' title='bbox 384 943 556 997; x_wconf 88' lang='lat' dir='ltr'><strong>aleam</strong></span> <span class='ocrx_word' id='word_1_57' title='bbox 585 937 955 996; x_wconf 91' lang='lat' dir='ltr'><strong>contentionis</strong></span> <span class='ocrx_word' id='word_1_58' title='bbox 982 934 1086 1004; x_wconf 91' lang='lat' dir='ltr'><strong>est)</strong></span> <span class='ocrx_word' id='word_1_59' title='bbox 1110 947 1349 1004; x_wconf 91' lang='lat' dir='ltr'><strong>quonam</strong></span> <span class='ocrx_word' id='word_1_60' title='bbox 1384 938 1542 1000; x_wconf 89' lang='lat' dir='ltr'><strong>pacto</strong></span> <span class='ocrx_word' id='word_1_61' title='bbox 1564 928 1820 986; x_wconf 85' lang='lat' dir='ltr'><strong>Christus</strong></span> <span class='ocrx_word' id='word_1_62' title='bbox 1833 944 1969 986; x_wconf 91' lang='lat' dir='ltr'><strong>con-</strong></span> 
     </span>
    </p>
   </div>
   <div class='ocr_carea' id='block_1_11' title="bbox 385 1021 1964 1095">
    <p class='ocr_par' dir='ltr' id='par_1_11' title="bbox 385 1021 1964 1095">
     <span class='ocr_line' id='line_1_11' title="bbox 385 1021 1964 1095; baseline -0.01 -5"><span class='ocrx_word' id='word_1_63' title='bbox 385 1046 468 1090; x_wconf 90' lang='lat' dir='ltr'><strong>tra</strong></span> <span class='ocrx_word' id='word_1_64' title='bbox 502 1034 777 1090; x_wconf 83' lang='lat' dir='ltr'><strong>diabolum</strong></span> <span class='ocrx_word' id='word_1_65' title='bbox 807 1028 1162 1086; x_wconf 86' lang='lat' dir='ltr'><strong>constituisse</strong></span> <span class='ocrx_word' id='word_1_66' title='bbox 1210 1035 1475 1095; x_wconf 54' lang='lat' dir='ltr'><strong>tropaeum</strong></span> <span class='ocrx_word' id='word_1_67' title='bbox 1524 1022 1770 1078; x_wconf 82' lang='lat' dir='ltr'><strong>dicitur?</strong></span> <span class='ocrx_word' id='word_1_68' title='bbox 1829 1021 1964 1077; x_wconf 86' lang='lat' dir='ltr'><strong>Item</strong></span> 
     </span>
    </p>
   </div>
   <div class='ocr_carea' id='block_1_12' title="bbox 384 1114 1965 1196">
    <p class='ocr_par' dir='ltr' id='par_1_12' title="bbox 384 1114 1965 1196">
     <span class='ocr_line' id='line_1_12' title="bbox 384 1114 1965 1196; baseline -0.009 -15"><span class='ocrx_word' id='word_1_69' title='bbox 384 1127 431 1181; x_wconf 93' lang='lat' dir='ltr'><strong>si</strong></span> <span class='ocrx_word' id='word_1_70' title='bbox 461 1126 585 1196; x_wconf 89' lang='lat' dir='ltr'><strong>quis</strong></span> <span class='ocrx_word' id='word_1_71' title='bbox 636 1125 704 1179; x_wconf 88' lang='lat' dir='ltr'><strong>de</strong></span> <span class='ocrx_word' id='word_1_72' title='bbox 749 1136 915 1193; x_wconf 83' lang='lat' dir='ltr'><strong>regno</strong></span> <span class='ocrx_word' id='word_1_73' title='bbox 966 1119 1269 1175; x_wconf 82' lang='lat' dir='ltr'><strong>inferorum</strong></span> <span class='ocrx_word' id='word_1_74' title='bbox 1329 1130 1639 1173; x_wconf 87' lang='lat' dir='ltr'><strong>sermonem</strong></span> <span class='ocrx_word' id='word_1_75' title='bbox 1690 1114 1965 1184; x_wconf 89' lang='lat' dir='ltr'><strong>injiciens,</strong></span> 
     </span>
    </p>
   </div>
   <div class='ocr_carea' id='block_1_13' title="bbox 384 1207 1969 1287">
    <p class='ocr_par' dir='ltr' id='par_1_13' title="bbox 384 1207 1969 1287">
     <span class='ocr_line' id='line_1_13' title="bbox 384 1207 1969 1287; baseline -0.005 -17"><span class='ocrx_word' id='word_1_76' title='bbox 384 1226 576 1287; x_wconf 79' lang='lat' dir='ltr'><strong>pergat</strong></span> <span class='ocrx_word' id='word_1_77' title='bbox 604 1229 768 1286; x_wconf 89' lang='lat' dir='ltr'><strong>porro</strong></span> <span class='ocrx_word' id='word_1_78' title='bbox 787 1214 971 1269; x_wconf 89' lang='lat' dir='ltr'><strong>dicere</strong></span> <span class='ocrx_word' id='word_1_79' title='bbox 1012 1230 1027 1268; x_wconf 90' lang='lat'><strong>:</strong></span> <span class='ocrx_word' id='word_1_80' title='bbox 1063 1212 1108 1266; x_wconf 89' lang='lat' dir='ltr'><strong>si</strong></span> <span class='ocrx_word' id='word_1_81' title='bbox 1131 1222 1214 1267; x_wconf 92' lang='lat' dir='ltr'><strong>est</strong></span> <span class='ocrx_word' id='word_1_82' title='bbox 1240 1208 1544 1265; x_wconf 89' lang='lat' dir='ltr'><strong>inferorum</strong></span> <span class='ocrx_word' id='word_1_83' title='bbox 1573 1224 1826 1280; x_wconf 77' lang='lat' dir='ltr'><strong>regnum,</strong></span> <span class='ocrx_word' id='word_1_84' title='bbox 1848 1207 1969 1262; x_wconf 91' lang='lat' dir='ltr'><strong>sine</strong></span> 
     </span>
    </p>
   </div>
   <div class='ocr_carea' id='block_1_14' title="bbox 384 1299 1966 1377">
    <p class='ocr_par' dir='ltr' id='par_1_14' title="bbox 384 1299 1966 1377">
     <span class='ocr_line' id='line_1_14' title="bbox 384 1299 1966 1377; baseline -0.008 -12"><span class='ocrx_word' id='word_1_85' title='bbox 384 1310 555 1365; x_wconf 88' lang='lat' dir='ltr'><strong>dubio</strong></span> <span class='ocrx_word' id='word_1_86' title='bbox 590 1307 912 1377; x_wconf 84' lang='lat' dir='ltr'><strong>intelligitur</strong></span> <span class='ocrx_word' id='word_1_87' title='bbox 939 1319 1162 1376; x_wconf 89' lang='lat' dir='ltr'><strong>quoque</strong></span> <span class='ocrx_word' id='word_1_88' title='bbox 1206 1319 1322 1359; x_wconf 86' lang='lat' dir='ltr'><strong>rex.</strong></span> <span class='ocrx_word' id='word_1_89' title='bbox 1348 1302 1417 1358; x_wconf 90' lang='lat' dir='ltr'><strong>Et</strong></span> <span class='ocrx_word' id='word_1_90' title='bbox 1440 1301 1663 1373; x_wconf 88' lang='lat' dir='ltr'><strong>quidem</strong></span> <span class='ocrx_word' id='word_1_91' title='bbox 1712 1300 1790 1356; x_wconf 86' lang='lat' dir='ltr'><strong>ait</strong></span> <span class='ocrx_word' id='word_1_92' title='bbox 1822 1299 1966 1355; x_wconf 88' lang='lat' dir='ltr'><strong>Pau-</strong></span> 
     </span>
    </p>
   </div>
   <div class='ocr_carea' id='block_1_15' title="bbox 384 1392 1968 1469">
    <p class='ocr_par' dir='ltr' id='par_1_15' title="bbox 384 1392 1968 1469">
     <span class='ocr_line' id='line_1_15' title="bbox 384 1392 1968 1469; baseline -0.008 -10"><span class='ocrx_word' id='word_1_93' title='bbox 384 1404 471 1459; x_wconf 91' lang='lat' dir='ltr'><strong>lus</strong></span> <span class='ocrx_word' id='word_1_94' title='bbox 501 1403 547 1434; x_wconf 80' lang='lat'>&quot;</span> <span class='ocrx_word' id='word_1_95' title='bbox 581 1401 830 1455; x_wconf 81' lang='lat' dir='ltr'><strong>veritatis</strong></span> <span class='ocrx_word' id='word_1_96' title='bbox 860 1412 1061 1469; x_wconf 77' lang='lat' dir='ltr'><strong>przeco,</strong></span> <span class='ocrx_word' id='word_1_97' title='bbox 1097 1396 1413 1468; x_wconf 83' lang='lat' dir='ltr'><strong>regnavisse</strong></span> <span class='ocrx_word' id='word_1_98' title='bbox 1440 1406 1671 1450; x_wconf 91' lang='lat' dir='ltr'><strong>mortem</strong></span> <span class='ocrx_word' id='word_1_99' title='bbox 1708 1393 1777 1448; x_wconf 89' lang='lat' dir='ltr'><strong>ab</strong></span> <span class='ocrx_word' id='word_1_100' title='bbox 1819 1392 1968 1447; x_wconf 81' lang='lat' dir='ltr'><strong>Ada-</strong></span> 
     </span>
    </p>
   </div>
   <div class='ocr_carea' id='block_1_16' title="bbox 383 1489 1967 1559">
    <p class='ocr_par' dir='ltr' id='par_1_16' title="bbox 383 1489 1967 1559">
     <span class='ocr_line' id='line_1_16' title="bbox 383 1489 1967 1559; baseline -0.005 -9"><span class='ocrx_word' id='word_1_101' title='bbox 383 1511 475 1550; x_wconf 93' lang='lat' dir='ltr'><strong>mo</strong></span> <span class='ocrx_word' id='word_1_102' title='bbox 505 1495 573 1550; x_wconf 91' lang='lat' dir='ltr'><strong>ad</strong></span> <span class='ocrx_word' id='word_1_103' title='bbox 605 1492 836 1557; x_wconf 85' lang='lat' dir='ltr'><strong>Mosem,</strong></span> <span class='ocrx_word' id='word_1_104' title='bbox 872 1506 981 1546; x_wconf 95' lang='lat' dir='ltr'><strong>non</strong></span> <span class='ocrx_word' id='word_1_105' title='bbox 1011 1490 1065 1544; x_wconf 91' lang='lat' dir='ltr'><strong>in</strong></span> <span class='ocrx_word' id='word_1_106' title='bbox 1091 1504 1187 1544; x_wconf 91' lang='lat' dir='ltr'><strong>eos</strong></span> <span class='ocrx_word' id='word_1_107' title='bbox 1215 1489 1394 1543; x_wconf 89' lang='lat' dir='ltr'><strong>solum</strong></span> <span class='ocrx_word' id='word_1_108' title='bbox 1423 1503 1657 1558; x_wconf 86' lang='lat' dir='ltr'><strong>quorum</strong></span> <span class='ocrx_word' id='word_1_109' title='bbox 1683 1497 1967 1559; x_wconf 88' lang='lat' dir='ltr'><strong>peccatum</strong></span> 
     </span>
    </p>
   </div>
   <div class='ocr_carea' id='block_1_17' title="bbox 383 1578 1966 1644">
    <p class='ocr_par' dir='ltr' id='par_1_17' title="bbox 383 1578 1966 1644">
     <span class='ocr_line' id='line_1_17' title="bbox 383 1578 1966 1644; baseline -0.005 -4"><span class='ocrx_word' id='word_1_110' title='bbox 383 1584 687 1641; x_wconf 88' lang='lat' dir='ltr'><strong>secundum</strong></span> <span class='ocrx_word' id='word_1_111' title='bbox 743 1580 937 1638; x_wconf 83' lang='lat' dir='ltr'><strong>Adami</strong></span> <span class='ocrx_word' id='word_1_112' title='bbox 1000 1580 1417 1636; x_wconf 89' lang='lat' dir='ltr'><strong>similitudinem</strong></span> <span class='ocrx_word' id='word_1_113' title='bbox 1474 1587 1615 1644; x_wconf 87' lang='lat' dir='ltr'><strong>erat,</strong></span> <span class='ocrx_word' id='word_1_114' title='bbox 1666 1593 1860 1633; x_wconf 88' lang='lat' dir='ltr'><strong>verum</strong></span> <span class='ocrx_word' id='word_1_115' title='bbox 1910 1578 1966 1632; x_wconf 92' lang='lat' dir='ltr'><strong>in</strong></span> 
     </span>
    </p>
   </div>
   <div class='ocr_carea' id='block_1_18' title="bbox 324 1665 1967 1743">
    <p class='ocr_par' dir='ltr' id='par_1_18' title="bbox 324 1665 1967 1743">
     <span class='ocr_line' id='line_1_18' title="bbox 324 1665 1967 1743; baseline -0.002 -18"><span class='ocrx_word' id='word_1_116' title='bbox 324 1680 327 1683; x_wconf 87' lang='lat'>&#39;</span> <span class='ocrx_word' id='word_1_117' title='bbox 382 1688 480 1727; x_wconf 88' lang='lat' dir='ltr'><strong>eos</strong></span> <span class='ocrx_word' id='word_1_118' title='bbox 510 1686 729 1743; x_wconf 90' lang='lat' dir='ltr'><strong>quoque</strong></span> <span class='ocrx_word' id='word_1_119' title='bbox 754 1672 849 1742; x_wconf 91' lang='lat' dir='ltr'><strong>qui</strong></span> <span class='ocrx_word' id='word_1_120' title='bbox 880 1669 1002 1740; x_wconf 84' lang='lat' dir='ltr'><strong>ejus</strong></span> <span class='ocrx_word' id='word_1_121' title='bbox 1034 1669 1286 1739; x_wconf 86' lang='lat' dir='ltr'><strong>exemplo</strong></span> <span class='ocrx_word' id='word_1_122' title='bbox 1320 1676 1705 1739; x_wconf 87' lang='lat' dir='ltr'><strong>peccaverunt.</strong></span> <span class='ocrx_word' id='word_1_123' title='bbox 1739 1665 1896 1733; x_wconf 86' lang='lat' dir='ltr'><strong>Quod</strong></span> <span class='ocrx_word' id='word_1_124' title='bbox 1920 1667 1967 1723; x_wconf 91' lang='lat' dir='ltr'><strong>si</strong></span> 
     </span>
    </p>
   </div>
   <div class='ocr_carea' id='block_1_19' title="bbox 2068 459 3654 538">
    <p class='ocr_par' dir='ltr' id='par_1_19' title="bbox 2068 459 3654 538">
     <span class='ocr_line' id='line_1_19' title="bbox 2068 459 3654 538; baseline 0.001 -19"><span class='ocrx_word' id='word_1_125' title='bbox 2068 465 2511 538; x_wconf 83' lang='grc' dir='ltr'><strong>προειρημένων,</strong></span> <span class='ocrx_word' id='word_1_126' title='bbox 2536 465 2918 537; x_wconf 79' lang='grc' dir='ltr'>εὐφωρότατον</span> <span class='ocrx_word' id='word_1_127' title='bbox 2941 464 3056 535; x_wconf 72' lang='grc' dir='ltr'>ἔχει</span> <span class='ocrx_word' id='word_1_128' title='bbox 3077 464 3175 536; x_wconf 83' lang='grc' dir='ltr'><strong>τὴν</strong></span> <span class='ocrx_word' id='word_1_129' title='bbox 3200 465 3477 536; x_wconf 82' lang='grc' dir='ltr'><strong>διάκρισιν</strong></span> <span class='ocrx_word' id='word_1_130' title='bbox 3504 483 3518 492; x_wconf 78' lang='grc'><strong>“</strong></span> <span class='ocrx_word' id='word_1_131' title='bbox 3539 459 3654 520; x_wconf 73' lang='grc' dir='ltr'>οἷον</span> 
     </span>
    </p>
   </div>
   <div class='ocr_carea' id='block_1_20' title="bbox 2067 556 3653 629">
    <p class='ocr_par' dir='ltr' id='par_1_20' title="bbox 2067 556 3653 629">
     <span class='ocr_line' id='line_1_20' title="bbox 2067 556 3653 629; baseline 0.001 -19"><span class='ocrx_word' id='word_1_132' title='bbox 2067 558 2118 611; x_wconf 79' lang='grc' dir='ltr'>εἰ</span> <span class='ocrx_word' id='word_1_133' title='bbox 2163 557 2427 627; x_wconf 89' lang='grc' dir='ltr'>τρόπαιον</span> <span class='ocrx_word' id='word_1_134' title='bbox 2477 559 2507 611; x_wconf 92' lang='lat'><strong>6</strong></span> <span class='ocrx_word' id='word_1_135' title='bbox 2544 556 2801 629; x_wconf 76' lang='grc' dir='ltr'><strong>σταυρὸς,</strong></span> <span class='ocrx_word' id='word_1_136' title='bbox 2840 558 2926 620; x_wconf 87' lang='grc' dir='ltr'><strong>τίς</strong></span> <span class='ocrx_word' id='word_1_137' title='bbox 2973 560 3001 611; x_wconf 98' lang='lat'><strong>6</strong></span> <span class='ocrx_word' id='word_1_138' title='bbox 3027 559 3234 627; x_wconf 83' lang='grc' dir='ltr'><strong>στήσας</strong></span> <span class='ocrx_word' id='word_1_139' title='bbox 3263 558 3327 612; x_wconf 85' lang='lat'>16</span> <span class='ocrx_word' id='word_1_140' title='bbox 3353 557 3653 629; x_wconf 86' lang='grc' dir='ltr'>τρόπαιον;</span> 
     </span>
    </p>
   </div>
   <div class='ocr_carea' id='block_1_21' title="bbox 2068 649 3658 722">
    <p class='ocr_par' dir='ltr' id='par_1_21' title="bbox 2068 649 3658 722">
     <span class='ocr_line' id='line_1_21' title="bbox 2068 649 3658 722; baseline -0.001 -18"><span class='ocrx_word' id='word_1_141' title='bbox 2068 652 2118 705; x_wconf 86' lang='grc' dir='ltr'>εἰ</span> <span class='ocrx_word' id='word_1_142' title='bbox 2150 650 2302 721; x_wconf 76' lang='grc' dir='ltr'><strong>μένό</strong></span> <span class='ocrx_word' id='word_1_143' title='bbox 2335 651 2584 722; x_wconf 85' lang='grc' dir='ltr'><strong>νικήσας,</strong></span> <span class='ocrx_word' id='word_1_144' title='bbox 2619 651 2673 703; x_wconf 85' lang='grc' dir='ltr'><strong>τί</strong></span> <span class='ocrx_word' id='word_1_145' title='bbox 2730 651 2906 721; x_wconf 81' lang='grc' dir='ltr'><strong>μάτην</strong></span> <span class='ocrx_word' id='word_1_146' title='bbox 2957 650 3019 704; x_wconf 87' lang='lat'>16</span> <span class='ocrx_word' id='word_1_147' title='bbox 3063 649 3331 705; x_wconf 83' lang='grc' dir='ltr'>Ἰουδαίων</span> <span class='ocrx_word' id='word_1_148' title='bbox 3369 650 3524 714; x_wconf 73' lang='grc' dir='ltr'>ἔθνος</span> <span class='ocrx_word' id='word_1_149' title='bbox 3570 652 3658 714; x_wconf 85' lang='grc' dir='ltr'><strong>είς</strong></span> 
     </span>
    </p>
   </div>
   <div class='ocr_carea' id='block_1_22' title="bbox 2069 742 3659 816">
    <p class='ocr_par' dir='ltr' id='par_1_22' title="bbox 2069 742 3659 816">
     <span class='ocr_line' id='line_1_22' title="bbox 2069 742 3659 816; baseline 0.001 -21"><span class='ocrx_word' id='word_1_150' title='bbox 2069 744 2481 816; x_wconf 84' lang='grc' dir='ltr'>χριστοκτονίαν</span> <span class='ocrx_word' id='word_1_151' title='bbox 2525 742 2913 809; x_wconf 73' lang='grc' dir='ltr'>διαϐάλλεταις</span> <span class='ocrx_word' id='word_1_152' title='bbox 2950 744 2998 796; x_wconf 79' lang='grc' dir='ltr'>εἰ</span> <span class='ocrx_word' id='word_1_153' title='bbox 3045 743 3089 795; x_wconf 83' lang='grc' dir='ltr'>δ’</span> <span class='ocrx_word' id='word_1_154' title='bbox 3116 742 3272 796; x_wconf 76' lang='grc' dir='ltr'>αὐτοὶ</span> <span class='ocrx_word' id='word_1_155' title='bbox 3316 743 3508 797; x_wconf 81' lang='grc' dir='ltr'>τοῦτον</span> <span class='ocrx_word' id='word_1_156' title='bbox 3552 745 3659 797; x_wconf 80' lang='grc' dir='ltr'><strong>ὲπο</strong></span> 
     </span>
    </p>
   </div>
   <div class='ocr_carea' id='block_1_23' title="bbox 2069 834 3661 906">
    <p class='ocr_par' dir='ltr' id='par_1_23' title="bbox 2069 834 3661 906">
     <span class='ocr_line' id='line_1_23' title="bbox 2069 834 3661 906; baseline 0.001 -18"><span class='ocrx_word' id='word_1_157' title='bbox 2069 834 2269 905; x_wconf 79' lang='grc' dir='ltr'>ήξαντο</span> <span class='ocrx_word' id='word_1_158' title='bbox 2294 850 2306 864; x_wconf 72' lang='grc'><strong>⁸</strong></span> <span class='ocrx_word' id='word_1_159' title='bbox 2339 835 2461 889; x_wconf 82' lang='grc' dir='ltr'>οὐδὲ</span> <span class='ocrx_word' id='word_1_160' title='bbox 2486 834 2596 906; x_wconf 78' lang='grc' dir='ltr'><strong>γὰρ</strong></span> <span class='ocrx_word' id='word_1_161' title='bbox 2616 835 3105 906; x_wconf 86' lang='grc' dir='ltr'>ἀμφισϐητήσιμον</span> <span class='ocrx_word' id='word_1_162' title='bbox 3124 834 3284 888; x_wconf 88' lang='grc' dir='ltr'>τοῦτο</span> <span class='ocrx_word' id='word_1_163' title='bbox 3298 851 3312 865; x_wconf 75' lang='grc' dir='ltr'><strong>ο</strong></span> <span class='ocrx_word' id='word_1_164' title='bbox 3339 835 3459 898; x_wconf 83' lang='grc' dir='ltr'>πῶς</span> <span class='ocrx_word' id='word_1_165' title='bbox 3475 838 3506 889; x_wconf 90' lang='grc' dir='ltr'><strong>ό</strong></span> <span class='ocrx_word' id='word_1_166' title='bbox 3525 836 3661 906; x_wconf 83' lang='grc' dir='ltr'>Χρι·</span> 
     </span>
    </p>
   </div>
   <div class='ocr_carea' id='block_1_24' title="bbox 2071 927 3655 999">
    <p class='ocr_par' dir='ltr' id='par_1_24' title="bbox 2071 927 3655 999">
     <span class='ocr_line' id='line_1_24' title="bbox 2071 927 3655 999; baseline 0.001 -18"><span class='ocrx_word' id='word_1_167' title='bbox 2071 928 2196 992; x_wconf 86' lang='grc' dir='ltr'>στὸς</span> <span class='ocrx_word' id='word_1_168' title='bbox 2246 930 2388 983; x_wconf 87' lang='grc' dir='ltr'><strong>κατά</strong></span> <span class='ocrx_word' id='word_1_169' title='bbox 2423 928 2519 982; x_wconf 90' lang='grc' dir='ltr'><strong>τοῦ</strong></span> <span class='ocrx_word' id='word_1_170' title='bbox 2555 927 2806 981; x_wconf 88' lang='grc' dir='ltr'>διαϐόλου</span> <span class='ocrx_word' id='word_1_171' title='bbox 2848 928 3111 999; x_wconf 83' lang='grc' dir='ltr'>τρόπαιον</span> <span class='ocrx_word' id='word_1_172' title='bbox 3157 927 3353 997; x_wconf 84' lang='grc' dir='ltr'>στῆσαι</span> <span class='ocrx_word' id='word_1_173' title='bbox 3393 928 3655 996; x_wconf 83' lang='grc' dir='ltr'>λέγεται;</span> 
     </span>
    </p>
   </div>
   <div class='ocr_carea' id='block_1_25' title="bbox 2081 1019 3656 1092">
    <p class='ocr_par' dir='ltr' id='par_1_25' title="bbox 2081 1019 3656 1092">
     <span class='ocr_line' id='line_1_25' title="bbox 2081 1019 3656 1092; baseline -0.001 -18"><span class='ocrx_word' id='word_1_174' title='bbox 2081 1019 2356 1085; x_wconf 80' lang='grc' dir='ltr'><strong>Ὡσαύτως</strong></span> <span class='ocrx_word' id='word_1_175' title='bbox 2389 1021 2445 1075; x_wconf 74' lang='grc' dir='ltr'><strong>δέ</strong></span> <span class='ocrx_word' id='word_1_176' title='bbox 2478 1022 2573 1075; x_wconf 78' lang='grc' dir='ltr'>καὶ</span> <span class='ocrx_word' id='word_1_177' title='bbox 2594 1022 2647 1075; x_wconf 84' lang='grc' dir='ltr'><strong>εί</strong></span> <span class='ocrx_word' id='word_1_178' title='bbox 2672 1038 2757 1084; x_wconf 90' lang='grc' dir='ltr'><strong>τις</strong></span> <span class='ocrx_word' id='word_1_179' title='bbox 2798 1019 2979 1075; x_wconf 87' lang='grc' dir='ltr'>λαϐὼν</span> <span class='ocrx_word' id='word_1_180' title='bbox 3029 1020 3107 1091; x_wconf 87' lang='grc' dir='ltr'>τῷ</span> <span class='ocrx_word' id='word_1_181' title='bbox 3135 1020 3277 1090; x_wconf 79' lang='grc' dir='ltr'>λόγῳ</span> <span class='ocrx_word' id='word_1_182' title='bbox 3304 1020 3373 1075; x_wconf 88' lang='grc' dir='ltr'><strong>τά</strong></span> <span class='ocrx_word' id='word_1_183' title='bbox 3401 1019 3497 1074; x_wconf 90' lang='grc' dir='ltr'><strong>τοῦ</strong></span> <span class='ocrx_word' id='word_1_184' title='bbox 3524 1022 3656 1092; x_wconf 67' lang='grc' dir='ltr'>ᾅδου</span> 
     </span>
    </p>
   </div>
   <div class='ocr_carea' id='block_1_26' title="bbox 2070 1112 3657 1184">
    <p class='ocr_par' dir='ltr' id='par_1_26' title="bbox 2070 1112 3657 1184">
     <span class='ocr_line' id='line_1_26' title="bbox 2070 1112 3657 1184; baseline -0.001 -18"><span class='ocrx_word' id='word_1_185' title='bbox 2070 1112 2369 1184; x_wconf 72' lang='grc' dir='ltr'>βασιλείας,</span> <span class='ocrx_word' id='word_1_186' title='bbox 2394 1113 2637 1183; x_wconf 89' lang='grc' dir='ltr'>δηλονότι</span> <span class='ocrx_word' id='word_1_187' title='bbox 2666 1114 2758 1166; x_wconf 82' lang='grc' dir='ltr'>τὸν</span> <span class='ocrx_word' id='word_1_188' title='bbox 2793 1112 3021 1183; x_wconf 83' lang='grc' dir='ltr'>βασιλέα</span> <span class='ocrx_word' id='word_1_189' title='bbox 3054 1112 3444 1180; x_wconf 83' lang='grc' dir='ltr'>συνεπάγεται.</span> <span class='ocrx_word' id='word_1_190' title='bbox 3488 1114 3657 1181; x_wconf 78' lang='grc' dir='ltr'>Λέγει</span> 
     </span>
    </p>
   </div>
   <div class='ocr_carea' id='block_1_27' title="bbox 2068 1204 3659 1276">
    <p class='ocr_par' dir='ltr' id='par_1_27' title="bbox 2068 1204 3659 1276">
     <span class='ocr_line' id='line_1_27' title="bbox 2068 1204 3659 1276; baseline -0.001 -17"><span class='ocrx_word' id='word_1_191' title='bbox 2068 1205 2127 1259; x_wconf 86' lang='grc' dir='ltr'><strong>δέ</strong></span> <span class='ocrx_word' id='word_1_192' title='bbox 2153 1222 2258 1259; x_wconf 89' lang='grc' dir='ltr'><strong>που</strong></span> <span class='ocrx_word' id='word_1_193' title='bbox 2293 1206 2388 1260; x_wconf 75' lang='grc' dir='ltr'>καὶ</span> <span class='ocrx_word' id='word_1_194' title='bbox 2408 1204 2619 1268; x_wconf 80' lang='grc' dir='ltr'>Παῦλος</span> <span class='ocrx_word' id='word_1_195' title='bbox 2649 1208 2677 1258; x_wconf 87' lang='lat'><strong>6</strong></span> <span class='ocrx_word' id='word_1_196' title='bbox 2699 1205 2799 1276; x_wconf 85' lang='grc' dir='ltr'>τῆς</span> <span class='ocrx_word' id='word_1_197' title='bbox 2829 1205 3089 1274; x_wconf 83' lang='grc' dir='ltr'>ἀληθείας</span> <span class='ocrx_word' id='word_1_198' title='bbox 3126 1204 3339 1276; x_wconf 79' lang='grc' dir='ltr'>κῆρυξ,</span> <span class='ocrx_word' id='word_1_199' title='bbox 3369 1205 3449 1269; x_wconf 85' lang='grc' dir='ltr'>ὡς</span> <span class='ocrx_word' id='word_1_200' title='bbox 3470 1205 3659 1258; x_wconf 78' lang='grc' dir='ltr'>ἐϐασί-</span> 
     </span>
    </p>
   </div>
   <div class='ocr_carea' id='block_1_28' title="bbox 2071 1296 3654 1368">
    <p class='ocr_par' dir='ltr' id='par_1_28' title="bbox 2071 1296 3654 1368">
     <span class='ocr_line' id='line_1_28' title="bbox 2071 1296 3654 1368; baseline -0.001 -17"><span class='ocrx_word' id='word_1_201' title='bbox 2071 1297 2264 1351; x_wconf 87' lang='grc' dir='ltr'>λευσεν</span> <span class='ocrx_word' id='word_1_202' title='bbox 2293 1299 2323 1352; x_wconf 91' lang='lat'><strong>6</strong></span> <span class='ocrx_word' id='word_1_203' title='bbox 2373 1298 2601 1362; x_wconf 84' lang='grc' dir='ltr'>θανάτος</span> <span class='ocrx_word' id='word_1_204' title='bbox 2655 1297 2762 1352; x_wconf 85' lang='grc' dir='ltr'>ἀπὸ</span> <span class='ocrx_word' id='word_1_205' title='bbox 2808 1297 2983 1367; x_wconf 78' lang='grc' dir='ltr'>Ἀδὰμ</span> <span class='ocrx_word' id='word_1_206' title='bbox 3038 1297 3201 1368; x_wconf 79' lang='grc' dir='ltr'>μέχρι</span> <span class='ocrx_word' id='word_1_207' title='bbox 3240 1296 3545 1362; x_wconf 85' lang='grc' dir='ltr'>Μωῦσέως,</span> <span class='ocrx_word' id='word_1_208' title='bbox 3589 1298 3654 1350; x_wconf 81' lang='grc' dir='ltr'>οὐ</span> 
     </span>
    </p>
   </div>
   <div class='ocr_carea' id='block_1_29' title="bbox 2076 1384 3653 1463">
    <p class='ocr_par' dir='ltr' id='par_1_29' title="bbox 2076 1384 3653 1463">
     <span class='ocr_line' id='line_1_29' title="bbox 2076 1384 3653 1463; baseline -0.001 -18"><span class='ocrx_word' id='word_1_209' title='bbox 2076 1392 2237 1463; x_wconf 89' lang='grc' dir='ltr'>μόνον</span> <span class='ocrx_word' id='word_1_210' title='bbox 2265 1384 2341 1445; x_wconf 84' lang='grc' dir='ltr'><strong>ὧν</strong></span> <span class='ocrx_word' id='word_1_211' title='bbox 2364 1386 2434 1463; x_wconf 84' lang='grc' dir='ltr'><strong>ἦν</strong></span> <span class='ocrx_word' id='word_1_212' title='bbox 2464 1391 2526 1445; x_wconf 91' lang='lat'>16</span> <span class='ocrx_word' id='word_1_213' title='bbox 2547 1390 2851 1462; x_wconf 83' lang='grc' dir='ltr'>ἁμάρτημα</span> <span class='ocrx_word' id='word_1_214' title='bbox 2867 1389 2989 1444; x_wconf 87' lang='grc' dir='ltr'>καθ’</span> <span class='ocrx_word' id='word_1_215' title='bbox 3010 1389 3307 1460; x_wconf 86' lang='grc' dir='ltr'>ὁμοιότητα</span> <span class='ocrx_word' id='word_1_216' title='bbox 3325 1388 3419 1442; x_wconf 91' lang='grc' dir='ltr'><strong>τοῦ</strong></span> <span class='ocrx_word' id='word_1_217' title='bbox 3456 1388 3653 1458; x_wconf 81' lang='grc' dir='ltr'>Ἀδὰμ,</span> 
     </span>
    </p>
   </div>
   <div class='ocr_carea' id='block_1_30' title="bbox 2070 1481 3658 1553">
    <p class='ocr_par' dir='ltr' id='par_1_30' title="bbox 2070 1481 3658 1553">
     <span class='ocr_line' id='line_1_30' title="bbox 2070 1481 3658 1553; baseline -0.003 -16"><span class='ocrx_word' id='word_1_218' title='bbox 2070 1483 2212 1537; x_wconf 86' lang='grc' dir='ltr'><strong>ἀλλά</strong></span> <span class='ocrx_word' id='word_1_219' title='bbox 2231 1483 2330 1537; x_wconf 77' lang='grc' dir='ltr'>καὶ</span> <span class='ocrx_word' id='word_1_220' title='bbox 2363 1482 2458 1537; x_wconf 70' lang='grc' dir='ltr'>ἐπὶ</span> <span class='ocrx_word' id='word_1_221' title='bbox 2482 1484 2609 1546; x_wconf 76' lang='grc' dir='ltr'>τοὺς</span> <span class='ocrx_word' id='word_1_222' title='bbox 2655 1481 2775 1536; x_wconf 85' lang='grc' dir='ltr'>κατ’</span> <span class='ocrx_word' id='word_1_223' title='bbox 2802 1481 3025 1550; x_wconf 85' lang='grc' dir='ltr'>ἐκείνην</span> <span class='ocrx_word' id='word_1_224' title='bbox 3066 1481 3165 1551; x_wconf 82' lang='grc' dir='ltr'>τὴν</span> <span class='ocrx_word' id='word_1_225' title='bbox 3202 1481 3441 1553; x_wconf 81' lang='grc' dir='ltr'>μίμησιν</span> <span class='ocrx_word' id='word_1_226' title='bbox 3469 1481 3658 1552; x_wconf 67' lang='grc' dir='ltr'>ἀμαρο</span> 
     </span>
    </p>
   </div>
   <div class='ocr_carea' id='block_1_31' title="bbox 2069 1573 3658 1649">
    <p class='ocr_par' dir='ltr' id='par_1_31' title="bbox 2069 1573 3658 1649">
     <span class='ocr_line' id='line_1_31' title="bbox 2069 1573 3658 1649; baseline -0.003 -18"><span class='ocrx_word' id='word_1_227' title='bbox 2069 1578 2377 1649; x_wconf 73' lang='grc' dir='ltr'>τήσανταςο</span> <span class='ocrx_word' id='word_1_228' title='bbox 2407 1578 2456 1630; x_wconf 88' lang='grc' dir='ltr'><strong>εί</strong></span> <span class='ocrx_word' id='word_1_229' title='bbox 2500 1577 2559 1631; x_wconf 79' lang='grc' dir='ltr'>δὲ</span> <span class='ocrx_word' id='word_1_230' title='bbox 2588 1576 2864 1647; x_wconf 81' lang='grc' dir='ltr'>βασιλεὺς,</span> <span class='ocrx_word' id='word_1_231' title='bbox 2904 1574 2984 1645; x_wconf 83' lang='grc' dir='ltr'><strong>τῷ</strong></span> <span class='ocrx_word' id='word_1_232' title='bbox 3036 1574 3095 1628; x_wconf 80' lang='grc' dir='ltr'>δὲ</span> <span class='ocrx_word' id='word_1_233' title='bbox 3134 1573 3347 1644; x_wconf 89' lang='grc' dir='ltr'>βασιλεῖ</span> <span class='ocrx_word' id='word_1_234' title='bbox 3396 1573 3564 1645; x_wconf 92' lang='grc' dir='ltr'>νόμος</span> <span class='ocrx_word' id='word_1_235' title='bbox 3592 1591 3658 1625; x_wconf 77' lang='grc' dir='ltr'>τι</span> 
     </span>
    </p>
   </div>
   <div class='ocr_carea' id='block_1_32' title="bbox 2069 1664 3655 1740">
    <p class='ocr_par' dir='ltr' id='par_1_32' title="bbox 2069 1664 3655 1740">
     <span class='ocr_line' id='line_1_32' title="bbox 2069 1664 3655 1740; baseline -0.003 -18"><span class='ocrx_word' id='word_1_236' title='bbox 2069 1669 2133 1722; x_wconf 89' lang='lat'>16</span> <span class='ocrx_word' id='word_1_237' title='bbox 2167 1668 2387 1739; x_wconf 84' lang='grc' dir='ltr'>ἀξίωμα</span> <span class='ocrx_word' id='word_1_238' title='bbox 2417 1670 2567 1740; x_wconf 79' lang='grc' dir='ltr'>καὶὴ</span> <span class='ocrx_word' id='word_1_239' title='bbox 2609 1668 2719 1722; x_wconf 85' lang='grc' dir='ltr'><strong>τῶν</strong></span> <span class='ocrx_word' id='word_1_240' title='bbox 2752 1667 3014 1739; x_wconf 75' lang='grc' dir='ltr'><strong>ὑπηκόων</strong></span> <span class='ocrx_word' id='word_1_241' title='bbox 3055 1665 3424 1738; x_wconf 71' lang='grc' dir='ltr'><strong>ἐγχειρίζεται</strong></span> <span class='ocrx_word' id='word_1_242' title='bbox 3448 1664 3655 1737; x_wconf 72' lang='grc' dir='ltr'>ψῆφος,</span> 
     </span>
    </p>
   </div>
   <div class='ocr_carea' id='block_1_33' title="bbox 382 1735 1974 1835">
    <p class='ocr_par' dir='ltr' id='par_1_33' title="bbox 382 1735 1971 1835">
     <span class='ocr_line' id='line_1_33' title="bbox 382 1735 1971 1835; baseline -0.004 -15"><span class='ocrx_word' id='word_1_243' title='bbox 382 1781 479 1822; x_wconf 91' lang='lat' dir='ltr'><strong>rex</strong></span> <span class='ocrx_word' id='word_1_244' title='bbox 512 1735 980 1835; x_wconf 32' lang='lat' dir='ltr'><strong>est,&#39;regi-autevm</strong></span> <span class='ocrx_word' id='word_1_245' title='bbox 1025 1762 1144 1833; x_wconf 89' lang='lat' dir='ltr'><strong>lege</strong></span> <span class='ocrx_word' id='word_1_246' title='bbox 1196 1735 1258 1818; x_wconf 77' lang='lat' dir='ltr'><strong>et</strong></span> <span class='ocrx_word' id='word_1_247' title='bbox 1308 1735 1661 1817; x_wconf 76' lang='lat' dir='ltr'><strong>subditorum</strong></span> <span class='ocrx_word' id='word_1_248' title='bbox 1711 1760 1971 1828; x_wconf 72' lang='lat' dir='ltr'><strong>suffragio</strong></span> 
     </span>
    </p>
   </div>
   <div class='ocr_carea' id='block_1_34' title="bbox 2081 1735 3657 1835">
    <p class='ocr_par' dir='ltr' id='par_1_34' title="bbox 2081 1735 3657 1833">
     <span class='ocr_line' id='line_1_34' title="bbox 2081 1735 3657 1833; baseline -0.004 -16"><span class='ocrx_word' id='word_1_249' title='bbox 2081 1755 2115 1831; x_wconf 70' lang='grc' dir='ltr'>ᾧ</span> <span class='ocrx_word' id='word_1_250' title='bbox 2142 1735 2396 1817; x_wconf 80' lang='grc' dir='ltr'>δὲταῦτα</span> <span class='ocrx_word' id='word_1_251' title='bbox 2437 1735 2706 1833; x_wconf 75' lang='grc' dir='ltr'>περίεστι,</span> <span class='ocrx_word' id='word_1_252' title='bbox 2744 1735 2866 1825; x_wconf 80' lang='grc' dir='ltr'><strong>πῶς</strong></span> <span class='ocrx_word' id='word_1_253' title='bbox 2886 1760 2954 1814; x_wconf 85' lang='grc' dir='ltr'>ἀν</span> <span class='ocrx_word' id='word_1_254' title='bbox 2984 1759 3069 1832; x_wconf 82' lang='grc' dir='ltr'>εἴη</span> <span class='ocrx_word' id='word_1_255' title='bbox 3285 1758 3408 1830; x_wconf 78' lang='grc' dir='ltr'>ἔχον</span> <span class='ocrx_word' id='word_1_256' title='bbox 3570 1759 3657 1811; x_wconf 81' lang='grc' dir='ltr'><strong>δτι</strong></span> 
     </span>
    </p>
   </div>
   <div class='ocr_carea' id='block_1_35' title="bbox 383 1850 1969 1923">
    <p class='ocr_par' dir='ltr' id='par_1_35' title="bbox 383 1850 1969 1923">
     <span class='ocr_line' id='line_1_35' title="bbox 383 1850 1969 1923; baseline -0.002 -17"><span class='ocrx_word' id='word_1_257' title='bbox 383 1852 623 1922; x_wconf 78' lang='lat' dir='ltr'><strong>dignitas</strong></span> <span class='ocrx_word' id='word_1_258' title='bbox 665 1853 1017 1917; x_wconf 85' lang='lat' dir='ltr'><strong>attribuitur;</strong></span> <span class='ocrx_word' id='word_1_259' title='bbox 1075 1851 1165 1906; x_wconf 90' lang='lat' dir='ltr'><strong>cui</strong></span> <span class='ocrx_word' id='word_1_260' title='bbox 1229 1852 1348 1906; x_wconf 81' lang='lat' dir='ltr'><strong>haec</strong></span> <span class='ocrx_word' id='word_1_261' title='bbox 1414 1850 1655 1923; x_wconf 82' lang='lat' dir='ltr'><strong>dignitas</strong></span> <span class='ocrx_word' id='word_1_262' title='bbox 1704 1850 1969 1922; x_wconf 88' lang='lat' dir='ltr'><strong>suppetit,</strong></span> 
     </span>
    </p>
   </div>
   <div class='ocr_carea' id='block_1_36' title="bbox 383 1942 1970 2014">
    <p class='ocr_par' dir='ltr' id='par_1_36' title="bbox 383 1942 1970 2014">
     <span class='ocr_line' id='line_1_36' title="bbox 383 1942 1970 2014; baseline 0.001 -17"><span class='ocrx_word' id='word_1_263' title='bbox 383 1943 658 2013; x_wconf 89' lang='lat' dir='ltr'><strong>quomodo</strong></span> <span class='ocrx_word' id='word_1_264' title='bbox 687 1951 1120 1999; x_wconf 84' lang='lat' dir='ltr'><strong>consentaneum</strong></span> <span class='ocrx_word' id='word_1_265' title='bbox 1156 1942 1249 2009; x_wconf 88' lang='lat' dir='ltr'><strong>sit,</strong></span> <span class='ocrx_word' id='word_1_266' title='bbox 1273 1957 1399 1996; x_wconf 91' lang='lat' dir='ltr'><strong>eum</strong></span> <span class='ocrx_word' id='word_1_267' title='bbox 1431 1942 1657 1999; x_wconf 83' lang='lat' dir='ltr'><strong>honoris</strong></span> <span class='ocrx_word' id='word_1_268' title='bbox 1690 1943 1813 1998; x_wconf 87' lang='lat' dir='ltr'><strong>loco</strong></span> <span class='ocrx_word' id='word_1_269' title='bbox 1843 1958 1970 2014; x_wconf 90' lang='lat' dir='ltr'><strong>per-</strong></span> 
     </span>
    </p>
   </div>
   <div class='ocr_carea' id='block_1_37' title="bbox 384 2031 1973 2105">
    <p class='ocr_par' dir='ltr' id='par_1_37' title="bbox 384 2031 1973 2105">
     <span class='ocr_line' id='line_1_37' title="bbox 384 2031 1973 2105; baseline -0.001 -16"><span class='ocrx_word' id='word_1_270' title='bbox 384 2035 492 2105; x_wconf 89' lang='lat' dir='ltr'><strong>peti</strong></span> <span class='ocrx_word' id='word_1_271' title='bbox 528 2033 657 2105; x_wconf 87' lang='lat' dir='ltr'><strong>justi</strong></span> <span class='ocrx_word' id='word_1_272' title='bbox 695 2032 944 2088; x_wconf 87' lang='lat' dir='ltr'><strong>muneris</strong></span> <span class='ocrx_word' id='word_1_273' title='bbox 971 2032 1414 2087; x_wconf 87' lang='lat' dir='ltr'><strong>abdicationem?</strong></span> <span class='ocrx_word' id='word_1_274' title='bbox 1440 2031 1576 2085; x_wconf 83' lang='lat' dir='ltr'><strong>Nam</strong></span> <span class='ocrx_word' id='word_1_275' title='bbox 1614 2041 1850 2104; x_wconf 90' lang='lat' dir='ltr'><strong>utraque</strong></span> <span class='ocrx_word' id='word_1_276' title='bbox 1893 2034 1973 2088; x_wconf 85' lang='lat' dir='ltr'><strong>lo-</strong></span> 
     </span>
    </p>
   </div>
   <div class='ocr_carea' id='block_1_38' title="bbox 384 2121 1971 2193">
    <p class='ocr_par' dir='ltr' id='par_1_38' title="bbox 384 2121 1971 2193">
     <span class='ocr_line' id='line_1_38' title="bbox 384 2121 1971 2193; baseline 0.001 -14"><span class='ocrx_word' id='word_1_277' title='bbox 384 2126 552 2190; x_wconf 76' lang='lat' dir='ltr'><strong>cutio,</strong></span> <span class='ocrx_word' id='word_1_278' title='bbox 578 2133 633 2181; x_wconf 90' lang='lat' dir='ltr'><strong>et</strong></span> <span class='ocrx_word' id='word_1_279' title='bbox 672 2124 891 2193; x_wconf 88' lang='lat' dir='ltr'><strong>quidem</strong></span> <span class='ocrx_word' id='word_1_280' title='bbox 918 2138 984 2179; x_wconf 80' lang='lat' dir='ltr'><strong>ex</strong></span> <span class='ocrx_word' id='word_1_281' title='bbox 1011 2122 1203 2179; x_wconf 91' lang='lat' dir='ltr'><strong>eodem</strong></span> <span class='ocrx_word' id='word_1_282' title='bbox 1241 2124 1473 2180; x_wconf 84' lang='lat' dir='ltr'><strong>fortasse</strong></span> <span class='ocrx_word' id='word_1_283' title='bbox 1513 2121 1681 2190; x_wconf 86' lang='lat' dir='ltr'><strong>fonte,</strong></span> <span class='ocrx_word' id='word_1_284' title='bbox 1710 2140 1823 2180; x_wconf 89' lang='lat' dir='ltr'><strong>rem</strong></span> <span class='ocrx_word' id='word_1_285' title='bbox 1850 2133 1971 2181; x_wconf 89' lang='lat' dir='ltr'><strong>stu-</strong></span> 
     </span>
    </p>
   </div>
   <div class='ocr_carea' id='block_1_39' title="bbox 386 2216 1973 2288">
    <p class='ocr_par' dir='ltr' id='par_1_39' title="bbox 386 2216 1973 2288">
     <span class='ocr_line' id='line_1_39' title="bbox 386 2216 1973 2288; baseline 0 -15"><span class='ocrx_word' id='word_1_286' title='bbox 386 2220 540 2274; x_wconf 89' lang='lat' dir='ltr'><strong>diose</strong></span> <span class='ocrx_word' id='word_1_287' title='bbox 580 2218 935 2288; x_wconf 89' lang='lat' dir='ltr'><strong>pensantibus</strong></span> <span class='ocrx_word' id='word_1_288' title='bbox 979 2225 1035 2272; x_wconf 91' lang='lat' dir='ltr'><strong>et</strong></span> <span class='ocrx_word' id='word_1_289' title='bbox 1076 2216 1475 2272; x_wconf 89' lang='lat' dir='ltr'><strong>dubitationem</strong></span> <span class='ocrx_word' id='word_1_290' title='bbox 1542 2218 1855 2288; x_wconf 90' lang='lat' dir='ltr'><strong>suppeditat</strong></span> <span class='ocrx_word' id='word_1_291' title='bbox 1918 2225 1973 2273; x_wconf 94' lang='lat' dir='ltr'><strong>et</strong></span> 
     </span>
    </p>
   </div>
   <div class='ocr_carea' id='block_1_40' title="bbox 384 2307 1972 2382">
    <p class='ocr_par' dir='ltr' id='par_1_40' title="bbox 384 2307 1972 2382">
     <span class='ocr_line' id='line_1_40' title="bbox 384 2307 1972 2382; baseline -0.003 -14"><span class='ocrx_word' id='word_1_292' title='bbox 384 2312 848 2382; x_wconf 81' lang='lat' dir='ltr'><strong>explanationem.</strong></span> <span class='ocrx_word' id='word_1_293' title='bbox 884 2308 1167 2379; x_wconf 66' lang='lat' dir='ltr'><strong>Praecipue</strong></span> <span class='ocrx_word' id='word_1_294' title='bbox 1198 2324 1324 2363; x_wconf 90' lang='lat' dir='ltr'><strong>vero</strong></span> <span class='ocrx_word' id='word_1_295' title='bbox 1362 2323 1430 2363; x_wconf 90' lang='lat' dir='ltr'><strong>ex</strong></span> <span class='ocrx_word' id='word_1_296' title='bbox 1464 2319 1590 2363; x_wconf 83' lang='lat' dir='ltr'><strong>ante</strong></span> <span class='ocrx_word' id='word_1_297' title='bbox 1639 2307 1804 2364; x_wconf 89' lang='lat' dir='ltr'><strong>dictis</strong></span> <span class='ocrx_word' id='word_1_298' title='bbox 1843 2324 1972 2379; x_wconf 90' lang='lat' dir='ltr'><strong>pro-</strong></span> 
     </span>
    </p>
   </div>
   <div class='ocr_carea' id='block_1_41' title="bbox 387 2400 1971 2478">
    <p class='ocr_par' dir='ltr' id='par_1_41' title="bbox 387 2400 1971 2478">
     <span class='ocr_line' id='line_1_41' title="bbox 387 2400 1971 2478; baseline -0.006 -16"><span class='ocrx_word' id='word_1_299' title='bbox 387 2423 457 2462; x_wconf 89' lang='lat' dir='ltr'><strong>na</strong></span> <span class='ocrx_word' id='word_1_300' title='bbox 497 2406 784 2478; x_wconf 82' lang='lat' dir='ltr'><strong>responsio</strong></span> <span class='ocrx_word' id='word_1_301' title='bbox 823 2413 1027 2459; x_wconf 89' lang='lat' dir='ltr'><strong>manat.</strong></span> <span class='ocrx_word' id='word_1_302' title='bbox 1064 2401 1162 2457; x_wconf 87' lang='lat' dir='ltr'><strong>Est</strong></span> <span class='ocrx_word' id='word_1_303' title='bbox 1210 2402 1357 2458; x_wconf 89' lang='lat' dir='ltr'><strong>enim</strong></span> <span class='ocrx_word' id='word_1_304' title='bbox 1407 2401 1544 2457; x_wconf 90' lang='lat' dir='ltr'><strong>satis</strong></span> <span class='ocrx_word' id='word_1_305' title='bbox 1604 2400 1971 2471; x_wconf 85' lang='lat' dir='ltr'><strong>exploratum,</strong></span> 
     </span>
    </p>
   </div>
   <div class='ocr_carea' id='block_1_42' title="bbox 386 2493 1974 2571">
    <p class='ocr_par' dir='ltr' id='par_1_42' title="bbox 386 2493 1974 2571">
     <span class='ocr_line' id='line_1_42' title="bbox 386 2493 1974 2571; baseline -0.004 -16"><span class='ocrx_word' id='word_1_306' title='bbox 386 2500 578 2571; x_wconf 67' lang='lat' dir='ltr'><strong>tropaei</strong></span> <span class='ocrx_word' id='word_1_307' title='bbox 618 2498 841 2554; x_wconf 90' lang='lat' dir='ltr'><strong>nomine</strong></span> <span class='ocrx_word' id='word_1_308' title='bbox 870 2496 978 2553; x_wconf 91' lang='lat' dir='ltr'><strong>dici</strong></span> <span class='ocrx_word' id='word_1_309' title='bbox 1010 2511 1253 2561; x_wconf 90' lang='lat' dir='ltr'><strong>crucem,</strong></span> <span class='ocrx_word' id='word_1_310' title='bbox 1288 2511 1318 2549; x_wconf 86' lang='lat' dir='ltr'><strong>a</strong></span> <span class='ocrx_word' id='word_1_311' title='bbox 1347 2504 1555 2565; x_wconf 70' lang='lat' dir='ltr'><strong>tropazo</strong></span> <span class='ocrx_word' id='word_1_312' title='bbox 1601 2493 1799 2549; x_wconf 88' lang='lat' dir='ltr'><strong>bellico</strong></span> <span class='ocrx_word' id='word_1_313' title='bbox 1839 2507 1974 2549; x_wconf 90' lang='lat' dir='ltr'><strong>voce</strong></span> 
     </span>
    </p>
   </div>
   <div class='ocr_carea' id='block_1_43' title="bbox 386 2584 1974 2661">
    <p class='ocr_par' dir='ltr' id='par_1_43' title="bbox 386 2584 1974 2661">
     <span class='ocr_line' id='line_1_43' title="bbox 386 2584 1974 2661; baseline -0.005 -14"><span class='ocrx_word' id='word_1_314' title='bbox 386 2592 653 2648; x_wconf 86' lang='lat' dir='ltr'><strong>translata</strong></span> <span class='ocrx_word' id='word_1_315' title='bbox 692 2609 706 2645; x_wconf 91' lang='lat'><strong>:</strong></span> <span class='ocrx_word' id='word_1_316' title='bbox 743 2590 1016 2661; x_wconf 86' lang='lat' dir='ltr'><strong>siquidem</strong></span> <span class='ocrx_word' id='word_1_317' title='bbox 1069 2589 1325 2643; x_wconf 77' lang='lat' dir='ltr'><strong>Christus</strong></span> <span class='ocrx_word' id='word_1_318' title='bbox 1379 2587 1644 2657; x_wconf 67' lang='lat' dir='ltr'><strong>prmclare</strong></span> <span class='ocrx_word' id='word_1_319' title='bbox 1672 2585 1885 2641; x_wconf 87' lang='lat' dir='ltr'><strong>hostem</strong></span> <span class='ocrx_word' id='word_1_320' title='bbox 1919 2584 1974 2639; x_wconf 88' lang='lat' dir='ltr'><strong>vi</strong></span> 
     </span>
    </p>
   </div>
   <div class='ocr_carea' id='block_1_44' title="bbox 383 2678 1972 2755">
    <p class='ocr_par' dir='ltr' id='par_1_44' title="bbox 383 2678 1972 2755">
     <span class='ocr_line' id='line_1_44' title="bbox 383 2678 1972 2755; baseline -0.005 -17"><span class='ocrx_word' id='word_1_321' title='bbox 383 2684 604 2755; x_wconf 84' lang='lat' dir='ltr'><strong>propria</strong></span> <span class='ocrx_word' id='word_1_322' title='bbox 645 2681 958 2753; x_wconf 86' lang='lat' dir='ltr'><strong>superavit;</strong></span> <span class='ocrx_word' id='word_1_323' title='bbox 988 2696 1095 2735; x_wconf 92' lang='lat' dir='ltr'><strong>non</strong></span> <span class='ocrx_word' id='word_1_324' title='bbox 1142 2690 1324 2735; x_wconf 84' lang='lat' dir='ltr'><strong>autem</strong></span> <span class='ocrx_word' id='word_1_325' title='bbox 1378 2679 1526 2750; x_wconf 90' lang='lat' dir='ltr'><strong>quod</strong></span> <span class='ocrx_word' id='word_1_326' title='bbox 1589 2678 1705 2749; x_wconf 89' lang='lat' dir='ltr'><strong>ipse</strong></span> <span class='ocrx_word' id='word_1_327' title='bbox 1751 2690 1972 2732; x_wconf 90' lang='lat' dir='ltr'><strong>crucem</strong></span> 
     </span>
    </p>
   </div>
   <div class='ocr_carea' id='block_1_45' title="bbox 382 2768 1972 2842">
    <p class='ocr_par' dir='ltr' id='par_1_45' title="bbox 382 2768 1972 2842">
     <span class='ocr_line' id='line_1_45' title="bbox 382 2768 1972 2842; baseline -0.005 -11"><span class='ocrx_word' id='word_1_328' title='bbox 382 2776 780 2831; x_wconf 82' lang='lat' dir='ltr'><strong>constituerit:</strong></span> <span class='ocrx_word' id='word_1_329' title='bbox 830 2774 973 2829; x_wconf 87' lang='lat' dir='ltr'><strong>hanc</strong></span> <span class='ocrx_word' id='word_1_330' title='bbox 1019 2773 1165 2829; x_wconf 92' lang='lat' dir='ltr'><strong>enim</strong></span> <span class='ocrx_word' id='word_1_331' title='bbox 1224 2772 1495 2841; x_wconf 87' lang='lat' dir='ltr'><strong>sacrilega</strong></span> <span class='ocrx_word' id='word_1_332' title='bbox 1552 2784 1688 2842; x_wconf 88' lang='lat' dir='ltr'><strong>gens</strong></span> <span class='ocrx_word' id='word_1_333' title='bbox 1755 2768 1972 2837; x_wconf 80' lang='lat' dir='ltr'><strong>deﬁxit;</strong></span> 
     </span>
    </p>
   </div>
   <div class='ocr_carea' id='block_1_46' title="bbox 386 2857 1976 2938">
    <p class='ocr_par' dir='ltr' id='par_1_46' title="bbox 386 2857 1976 2938">
     <span class='ocr_line' id='line_1_46' title="bbox 386 2857 1976 2938; baseline -0.006 -17"><span class='ocrx_word' id='word_1_334' title='bbox 386 2883 560 2938; x_wconf 80' lang='lat' dir='ltr'><strong>neque</strong></span> <span class='ocrx_word' id='word_1_335' title='bbox 589 2867 665 2921; x_wconf 89' lang='lat' dir='ltr'><strong>uti</strong></span> <span class='ocrx_word' id='word_1_336' title='bbox 698 2876 963 2935; x_wconf 68' lang='lat' dir='ltr'><strong>tropaeum</strong></span> <span class='ocrx_word' id='word_1_337' title='bbox 996 2864 1065 2919; x_wconf 91' lang='lat' dir='ltr'><strong>de</strong></span> <span class='ocrx_word' id='word_1_338' title='bbox 1093 2863 1274 2928; x_wconf 87' lang='lat' dir='ltr'><strong>hoste,</strong></span> <span class='ocrx_word' id='word_1_339' title='bbox 1302 2876 1491 2917; x_wconf 87' lang='lat' dir='ltr'><strong>verum</strong></span> <span class='ocrx_word' id='word_1_340' title='bbox 1544 2868 1607 2915; x_wconf 91' lang='lat' dir='ltr'><strong>ut</strong></span> <span class='ocrx_word' id='word_1_341' title='bbox 1662 2857 1976 2915; x_wconf 85' lang='lat' dir='ltr'><strong>communis</strong></span> 
     </span>
    </p>
   </div>
   <div class='ocr_carea' id='block_1_47' title="bbox 386 2952 1975 3029">
    <p class='ocr_par' dir='ltr' id='par_1_47' title="bbox 386 2952 1975 3029">
     <span class='ocr_line' id='line_1_47' title="bbox 386 2952 1975 3029; baseline -0.009 -12"><span class='ocrx_word' id='word_1_342' title='bbox 386 2960 699 3017; x_wconf 85' lang='lat' dir='ltr'><strong>Servatoris</strong></span> <span class='ocrx_word' id='word_1_343' title='bbox 727 2959 1080 3029; x_wconf 90' lang='lat' dir='ltr'><strong>supplicium.</strong></span> <span class='ocrx_word' id='word_1_344' title='bbox 1101 2956 1207 3012; x_wconf 88' lang='lat' dir='ltr'><strong>Sed</strong></span> <span class='ocrx_word' id='word_1_345' title='bbox 1235 2965 1415 3010; x_wconf 88' lang='lat' dir='ltr'><strong>tamen</strong></span> <span class='ocrx_word' id='word_1_346' title='bbox 1438 2954 1529 3009; x_wconf 91' lang='lat' dir='ltr'><strong>ille</strong></span> <span class='ocrx_word' id='word_1_347' title='bbox 1552 2952 1761 3008; x_wconf 88' lang='lat' dir='ltr'><strong>malitia</strong></span> <span class='ocrx_word' id='word_1_348' title='bbox 1780 2964 1975 3007; x_wconf 88' lang='lat' dir='ltr'><strong>eorum</strong></span> 
     </span>
    </p>
   </div>
   <div class='ocr_carea' id='block_1_48' title="bbox 2072 1849 3658 1924">
    <p class='ocr_par' dir='ltr' id='par_1_48' title="bbox 2072 1849 3658 1924">
     <span class='ocr_line' id='line_1_48' title="bbox 2072 1849 3658 1924; baseline -0.004 -15"><span class='ocrx_word' id='word_1_349' title='bbox 2072 1856 2298 1920; x_wconf 79' lang='grc' dir='ltr'>δικαίως</span> <span class='ocrx_word' id='word_1_350' title='bbox 2322 1853 2606 1908; x_wconf 89' lang='grc' dir='ltr'>ἐϐασίλευε</span> <span class='ocrx_word' id='word_1_351' title='bbox 2648 1853 2837 1924; x_wconf 82' lang='grc' dir='ltr'>τιμῆς,</span> <span class='ocrx_word' id='word_1_352' title='bbox 2875 1852 3000 1907; x_wconf 75' lang='grc' dir='ltr'>ἀντὶ</span> <span class='ocrx_word' id='word_1_353' title='bbox 3030 1851 3126 1907; x_wconf 90' lang='grc' dir='ltr'><strong>τοῦ</strong></span> <span class='ocrx_word' id='word_1_354' title='bbox 3157 1852 3332 1923; x_wconf 82' lang='grc' dir='ltr'>γέρας</span> <span class='ocrx_word' id='word_1_355' title='bbox 3361 1849 3658 1922; x_wconf 88' lang='grc' dir='ltr'>προσλαμ-</span> 
     </span>
    </p>
   </div>
   <div class='ocr_carea' id='block_1_49' title="bbox 2073 1934 3658 2018">
    <p class='ocr_par' dir='ltr' id='par_1_49' title="bbox 2073 1934 3658 2018">
     <span class='ocr_line' id='line_1_49' title="bbox 2073 1934 3658 2018; baseline -0.003 -19"><span class='ocrx_word' id='word_1_356' title='bbox 2073 1947 2276 2009; x_wconf 86' lang='grc' dir='ltr'>ϐάνειν,</span> <span class='ocrx_word' id='word_1_357' title='bbox 2307 1946 2533 2017; x_wconf 84' lang='grc' dir='ltr'>ὑπέχειν</span> <span class='ocrx_word' id='word_1_358' title='bbox 2557 1934 2657 2018; x_wconf 83' lang='grc' dir='ltr'>τὴν</span> <span class='ocrx_word' id='word_1_359' title='bbox 2680 1946 2936 2017; x_wconf 83' lang='grc' dir='ltr'>στέρησιν</span> <span class='ocrx_word' id='word_1_360' title='bbox 2960 1962 2977 2013; x_wconf 92' lang='lat'><strong>;</strong></span> <span class='ocrx_word' id='word_1_361' title='bbox 3005 1943 3230 2014; x_wconf 77' lang='grc' dir='ltr'>καὶγὰρ</span> <span class='ocrx_word' id='word_1_362' title='bbox 3254 1943 3515 2015; x_wconf 83' lang='grc' dir='ltr'>ἐκάτερον</span> <span class='ocrx_word' id='word_1_363' title='bbox 3542 1942 3658 1995; x_wconf 81' lang='grc' dir='ltr'>τῶν</span> 
     </span>
    </p>
   </div>
   <div class='ocr_carea' id='block_1_50' title="bbox 2073 2036 3657 2113">
    <p class='ocr_par' dir='ltr' id='par_1_50' title="bbox 2073 2036 3657 2113">
     <span class='ocr_line' id='line_1_50' title="bbox 2073 2036 3657 2113; baseline -0.004 -19"><span class='ocrx_word' id='word_1_364' title='bbox 2073 2043 2405 2113; x_wconf 81' lang='grc' dir='ltr'>εἰρημένων,</span> <span class='ocrx_word' id='word_1_365' title='bbox 2441 2041 2571 2104; x_wconf 74' lang='grc' dir='ltr'>ἴσως</span> <span class='ocrx_word' id='word_1_366' title='bbox 2598 2040 2697 2111; x_wconf 80' lang='grc' dir='ltr'><strong>μὲν</strong></span> <span class='ocrx_word' id='word_1_367' title='bbox 2742 2039 2839 2094; x_wconf 66' lang='grc' dir='ltr'><strong>καλ⁵</strong></span> <span class='ocrx_word' id='word_1_368' title='bbox 2885 2039 3134 2101; x_wconf 79' lang='grc' dir='ltr'>αὐτόθεν,</span> <span class='ocrx_word' id='word_1_369' title='bbox 3157 2038 3258 2109; x_wconf 80' lang='grc' dir='ltr'><strong>τὴν</strong></span> <span class='ocrx_word' id='word_1_370' title='bbox 3279 2036 3515 2106; x_wconf 78' lang='grc' dir='ltr'>ἀπορίαν</span> <span class='ocrx_word' id='word_1_371' title='bbox 3540 2037 3657 2097; x_wconf 76' lang='grc' dir='ltr'>τοῖς</span> 
     </span>
    </p>
   </div>
   <div class='ocr_carea' id='block_1_51' title="bbox 2072 2126 3665 2205">
    <p class='ocr_par' dir='ltr' id='par_1_51' title="bbox 2072 2126 3665 2205">
     <span class='ocr_line' id='line_1_51' title="bbox 2072 2126 3665 2205; baseline -0.006 -18"><span class='ocrx_word' id='word_1_372' title='bbox 2072 2133 2463 2205; x_wconf 87' lang='grc' dir='ltr'>ἀκριϐέστερον</span> <span class='ocrx_word' id='word_1_373' title='bbox 2496 2131 2698 2202; x_wconf 84' lang='grc' dir='ltr'>ὁρῶσιν</span> <span class='ocrx_word' id='word_1_374' title='bbox 2728 2131 2883 2185; x_wconf 82' lang='grc' dir='ltr'>οὐδὲν</span> <span class='ocrx_word' id='word_1_375' title='bbox 2907 2126 3130 2202; x_wconf 82' lang='grc' dir='ltr'>ἦττονῆ</span> <span class='ocrx_word' id='word_1_376' title='bbox 3170 2128 3271 2200; x_wconf 80' lang='grc' dir='ltr'>τὴν</span> <span class='ocrx_word' id='word_1_377' title='bbox 3320 2127 3474 2180; x_wconf 86' lang='grc' dir='ltr'>λύσιν</span> <span class='ocrx_word' id='word_1_378' title='bbox 3522 2141 3665 2196; x_wconf 81' lang='grc' dir='ltr'>προ-</span> 
     </span>
    </p>
   </div>
   <div class='ocr_carea' id='block_1_52' title="bbox 2074 2219 3661 2296">
    <p class='ocr_par' dir='ltr' id='par_1_52' title="bbox 2074 2219 3661 2296">
     <span class='ocr_line' id='line_1_52' title="bbox 2074 2219 3661 2296; baseline -0.005 -18"><span class='ocrx_word' id='word_1_379' title='bbox 2074 2224 2365 2279; x_wconf 75' lang='grc' dir='ltr'>ϐάλλεταιο</span> <span class='ocrx_word' id='word_1_380' title='bbox 2401 2224 2639 2296; x_wconf 83' lang='grc' dir='ltr'>μάλιστα</span> <span class='ocrx_word' id='word_1_381' title='bbox 2661 2226 2719 2279; x_wconf 85' lang='grc' dir='ltr'>δὲ</span> <span class='ocrx_word' id='word_1_382' title='bbox 2748 2226 2813 2278; x_wconf 79' lang='grc' dir='ltr'><strong>ἐκ</strong></span> <span class='ocrx_word' id='word_1_383' title='bbox 2836 2223 2944 2277; x_wconf 84' lang='grc' dir='ltr'>τῶν</span> <span class='ocrx_word' id='word_1_384' title='bbox 2990 2221 3428 2292; x_wconf 87' lang='grc' dir='ltr'>προειρημένων,</span> <span class='ocrx_word' id='word_1_385' title='bbox 3465 2219 3661 2291; x_wconf 63' lang='grc' dir='ltr'>ῥᾳδίαν</span> 
     </span>
    </p>
   </div>
   <div class='ocr_carea' id='block_1_53' title="bbox 2073 2312 3659 2391">
    <p class='ocr_par' dir='ltr' id='par_1_53' title="bbox 2073 2312 3659 2391">
     <span class='ocr_line' id='line_1_53' title="bbox 2073 2312 3659 2391; baseline -0.005 -20"><span class='ocrx_word' id='word_1_386' title='bbox 2073 2318 2292 2373; x_wconf 73' lang='grc' dir='ltr'>ἕλκουσι</span> <span class='ocrx_word' id='word_1_387' title='bbox 2318 2318 2417 2390; x_wconf 76' lang='grc' dir='ltr'>τὴν</span> <span class='ocrx_word' id='word_1_388' title='bbox 2445 2319 2785 2391; x_wconf 75' lang='grc' dir='ltr'>ἀπάντησινο</span> <span class='ocrx_word' id='word_1_389' title='bbox 2814 2318 2913 2372; x_wconf 81' lang='grc' dir='ltr'>καὶ</span> <span class='ocrx_word' id='word_1_390' title='bbox 2953 2318 3063 2390; x_wconf 83' lang='grc' dir='ltr'>γὰρ</span> <span class='ocrx_word' id='word_1_391' title='bbox 3104 2314 3358 2386; x_wconf 85' lang='grc' dir='ltr'>ἐπίδηλον</span> <span class='ocrx_word' id='word_1_392' title='bbox 3393 2312 3659 2386; x_wconf 86' lang='grc' dir='ltr'>τρόπαιον</span> 
     </span>
    </p>
   </div>
   <div class='ocr_carea' id='block_1_54' title="bbox 2078 2404 3660 2482">
    <p class='ocr_par' dir='ltr' id='par_1_54' title="bbox 2078 2404 3660 2482">
     <span class='ocr_line' id='line_1_54' title="bbox 2078 2404 3660 2482; baseline -0.006 -18"><span class='ocrx_word' id='word_1_393' title='bbox 2078 2410 2177 2482; x_wconf 84' lang='grc' dir='ltr'><strong>μὲν</strong></span> <span class='ocrx_word' id='word_1_394' title='bbox 2205 2410 2461 2481; x_wconf 90' lang='grc' dir='ltr'>λέγεσθαι</span> <span class='ocrx_word' id='word_1_395' title='bbox 2496 2410 2589 2465; x_wconf 84' lang='grc' dir='ltr'><strong>τδν</strong></span> <span class='ocrx_word' id='word_1_396' title='bbox 2623 2410 2879 2482; x_wconf 83' lang='grc' dir='ltr'>σταυρὸν,</span> <span class='ocrx_word' id='word_1_397' title='bbox 2908 2409 3019 2465; x_wconf 83' lang='grc' dir='ltr'>ἀπὸ</span> <span class='ocrx_word' id='word_1_398' title='bbox 3044 2408 3140 2463; x_wconf 89' lang='grc' dir='ltr'><strong>τοῦ</strong></span> <span class='ocrx_word' id='word_1_399' title='bbox 3171 2407 3315 2462; x_wconf 87' lang='grc' dir='ltr'><strong>κατά</strong></span> <span class='ocrx_word' id='word_1_400' title='bbox 3339 2406 3471 2469; x_wconf 84' lang='grc' dir='ltr'>τοὺς</span> <span class='ocrx_word' id='word_1_401' title='bbox 3492 2404 3660 2457; x_wconf 72' lang='grc' dir='ltr'>πολί-</span> 
     </span>
    </p>
   </div>
   <div class='ocr_carea' id='block_1_55' title="bbox 2077 2495 3659 2573">
    <p class='ocr_par' dir='ltr' id='par_1_55' title="bbox 2077 2495 3659 2573">
     <span class='ocr_line' id='line_1_55' title="bbox 2077 2495 3659 2573; baseline -0.005 -19"><span class='ocrx_word' id='word_1_402' title='bbox 2077 2518 2217 2572; x_wconf 92' lang='grc' dir='ltr'>μους</span> <span class='ocrx_word' id='word_1_403' title='bbox 2244 2502 2508 2573; x_wconf 88' lang='grc' dir='ltr'>τροπαίου</span> <span class='ocrx_word' id='word_1_404' title='bbox 2557 2502 2658 2573; x_wconf 84' lang='grc' dir='ltr'>τῆς</span> <span class='ocrx_word' id='word_1_405' title='bbox 2707 2500 2895 2571; x_wconf 77' lang='grc' dir='ltr'>φωνῆς</span> <span class='ocrx_word' id='word_1_406' title='bbox 2934 2498 3387 2571; x_wconf 78' lang='grc' dir='ltr'>μετενεχθείσηςο</span> <span class='ocrx_word' id='word_1_407' title='bbox 3415 2495 3541 2550; x_wconf 82' lang='grc' dir='ltr'>ἐπεί</span> <span class='ocrx_word' id='word_1_408' title='bbox 3593 2510 3659 2562; x_wconf 81' lang='grc' dir='ltr'><strong>γε</strong></span> 
     </span>
    </p>
   </div>
   <div class='ocr_carea' id='block_1_56' title="bbox 2074 2587 3657 2665">
    <p class='ocr_par' dir='ltr' id='par_1_56' title="bbox 2074 2587 3657 2665">
     <span class='ocr_line' id='line_1_56' title="bbox 2074 2587 3657 2665; baseline -0.003 -19"><span class='ocrx_word' id='word_1_409' title='bbox 2074 2592 2348 2665; x_wconf 86' lang='grc' dir='ltr'>λαμπρῶς</span> <span class='ocrx_word' id='word_1_410' title='bbox 2374 2592 2626 2647; x_wconf 84' lang='grc' dir='ltr'>καθεῖλεν</span> <span class='ocrx_word' id='word_1_411' title='bbox 2654 2594 2683 2646; x_wconf 94' lang='lat'><strong>6</strong></span> <span class='ocrx_word' id='word_1_412' title='bbox 2714 2592 2952 2664; x_wconf 82' lang='grc' dir='ltr'>Χριστὸς</span> <span class='ocrx_word' id='word_1_413' title='bbox 3000 2592 3070 2646; x_wconf 85' lang='grc' dir='ltr'><strong>δι’</strong></span> <span class='ocrx_word' id='word_1_414' title='bbox 3099 2591 3265 2645; x_wconf 85' lang='grc' dir='ltr'>αὑτοῦ</span> <span class='ocrx_word' id='word_1_415' title='bbox 3301 2590 3393 2644; x_wconf 81' lang='grc' dir='ltr'><strong>τὸν</strong></span> <span class='ocrx_word' id='word_1_416' title='bbox 3422 2587 3620 2661; x_wconf 83' lang='grc' dir='ltr'>ἐχθρόν</span> <span class='ocrx_word' id='word_1_417' title='bbox 3639 2600 3657 2617; x_wconf 90' lang='grc'><strong>·</strong></span> 
     </span>
    </p>
   </div>
   <div class='ocr_carea' id='block_1_57' title="bbox 2075 2681 3662 2757">
    <p class='ocr_par' dir='ltr' id='par_1_57' title="bbox 2075 2681 3662 2757">
     <span class='ocr_line' id='line_1_57' title="bbox 2075 2681 3662 2757; baseline -0.003 -19"><span class='ocrx_word' id='word_1_418' title='bbox 2075 2686 2135 2738; x_wconf 83' lang='grc' dir='ltr'>οὐ</span> <span class='ocrx_word' id='word_1_419' title='bbox 2172 2685 2309 2740; x_wconf 84' lang='grc' dir='ltr'>διότι</span> <span class='ocrx_word' id='word_1_420' title='bbox 2337 2684 2396 2739; x_wconf 84' lang='grc' dir='ltr'>δὲ</span> <span class='ocrx_word' id='word_1_421' title='bbox 2426 2686 2518 2740; x_wconf 80' lang='grc' dir='ltr'><strong>τὸν</strong></span> <span class='ocrx_word' id='word_1_422' title='bbox 2563 2685 2798 2757; x_wconf 80' lang='grc' dir='ltr'>σταυρὸν</span> <span class='ocrx_word' id='word_1_423' title='bbox 2850 2684 3083 2757; x_wconf 79' lang='grc' dir='ltr'>ἔστησεν</span> <span class='ocrx_word' id='word_1_424' title='bbox 3103 2701 3121 2718; x_wconf 89' lang='grc'><strong>·</strong></span> <span class='ocrx_word' id='word_1_425' title='bbox 3148 2684 3272 2739; x_wconf 68' lang='grc' dir='ltr'>οὐδὲ</span> <span class='ocrx_word' id='word_1_426' title='bbox 3330 2682 3443 2753; x_wconf 80' lang='grc' dir='ltr'><strong>γὰρ</strong></span> <span class='ocrx_word' id='word_1_427' title='bbox 3495 2681 3662 2744; x_wconf 74' lang='grc' dir='ltr'>αὐτὸς</span> 
     </span>
    </p>
   </div>
   <div class='ocr_carea' id='block_1_58' title="bbox 2076 2772 3662 2851">
    <p class='ocr_par' dir='ltr' id='par_1_58' title="bbox 2076 2772 3662 2851">
     <span class='ocr_line' id='line_1_58' title="bbox 2076 2772 3662 2851; baseline -0.004 -19"><span class='ocrx_word' id='word_1_428' title='bbox 2076 2779 2328 2851; x_wconf 73' lang='grc' dir='ltr'>ἔστησεν,</span> <span class='ocrx_word' id='word_1_429' title='bbox 2353 2778 2597 2850; x_wconf 77' lang='grc' dir='ltr'>ἐπήξατο</span> <span class='ocrx_word' id='word_1_430' title='bbox 2630 2777 2731 2848; x_wconf 80' lang='grc' dir='ltr'><strong>μὲν</strong></span> <span class='ocrx_word' id='word_1_431' title='bbox 2758 2776 2871 2848; x_wconf 82' lang='grc' dir='ltr'><strong>γάρ</strong></span> <span class='ocrx_word' id='word_1_432' title='bbox 2894 2776 3063 2831; x_wconf 78' lang='grc' dir='ltr'>αὑτὸν</span> <span class='ocrx_word' id='word_1_433' title='bbox 3098 2775 3163 2830; x_wconf 84' lang='lat'>16</span> <span class='ocrx_word' id='word_1_434' title='bbox 3193 2774 3464 2846; x_wconf 84' lang='grc' dir='ltr'>θεομάχον</span> <span class='ocrx_word' id='word_1_435' title='bbox 3486 2772 3662 2836; x_wconf 78' lang='grc' dir='ltr'>ἔθνος,</span> 
     </span>
    </p>
   </div>
   <div class='ocr_carea' id='block_1_59' title="bbox 2076 2864 3663 2944">
    <p class='ocr_par' dir='ltr' id='par_1_59' title="bbox 2076 2864 3663 2944">
     <span class='ocr_line' id='line_1_59' title="bbox 2076 2864 3663 2944; baseline -0.004 -20"><span class='ocrx_word' id='word_1_436' title='bbox 2076 2872 2177 2943; x_wconf 83' lang='grc' dir='ltr'>οὐχ</span> <span class='ocrx_word' id='word_1_437' title='bbox 2210 2872 2286 2936; x_wconf 80' lang='grc' dir='ltr'>ὼς</span> <span class='ocrx_word' id='word_1_438' title='bbox 2324 2872 2592 2944; x_wconf 89' lang='grc' dir='ltr'>τρόπαιον</span> <span class='ocrx_word' id='word_1_439' title='bbox 2617 2870 2674 2924; x_wconf 85' lang='grc' dir='ltr'><strong>δέ</strong></span> <span class='ocrx_word' id='word_1_440' title='bbox 2712 2870 2857 2925; x_wconf 87' lang='grc' dir='ltr'><strong>κατά</strong></span> <span class='ocrx_word' id='word_1_441' title='bbox 2886 2868 2982 2924; x_wconf 89' lang='grc' dir='ltr'><strong>τοῦ</strong></span> <span class='ocrx_word' id='word_1_442' title='bbox 3024 2868 3249 2940; x_wconf 87' lang='grc' dir='ltr'>ἐχθροῦ,</span> <span class='ocrx_word' id='word_1_443' title='bbox 3281 2868 3399 2922; x_wconf 87' lang='grc' dir='ltr'>ἀλλ’</span> <span class='ocrx_word' id='word_1_444' title='bbox 3431 2867 3511 2932; x_wconf 84' lang='grc' dir='ltr'>ὼς</span> <span class='ocrx_word' id='word_1_445' title='bbox 3564 2864 3663 2919; x_wconf 89' lang='grc' dir='ltr'><strong>τοῦ</strong></span> 
     </span>
    </p>
   </div>
   <div class='ocr_carea' id='block_1_60' title="bbox 2078 2960 3667 3034">
    <p class='ocr_par' dir='ltr' id='par_1_60' title="bbox 2078 2960 3667 3034">
     <span class='ocr_line' id='line_1_60' title="bbox 2078 2960 3667 3034; baseline -0.002 -17"><span class='ocrx_word' id='word_1_446' title='bbox 2078 2962 2259 3017; x_wconf 88' lang='grc' dir='ltr'>κοινοῦ</span> <span class='ocrx_word' id='word_1_447' title='bbox 2286 2964 2540 3032; x_wconf 76' lang='grc' dir='ltr'>Σωτῆρος</span> <span class='ocrx_word' id='word_1_448' title='bbox 2582 2962 2971 3034; x_wconf 74' lang='grc' dir='ltr'>κολαστήριονο</span> <span class='ocrx_word' id='word_1_449' title='bbox 3005 2964 3035 3016; x_wconf 92' lang='lat'><strong>6</strong></span> <span class='ocrx_word' id='word_1_450' title='bbox 3060 2961 3118 3015; x_wconf 85' lang='grc' dir='ltr'><strong>δέ</strong></span> <span class='ocrx_word' id='word_1_451' title='bbox 3155 2961 3256 3032; x_wconf 83' lang='grc' dir='ltr'><strong>τὴν</strong></span> <span class='ocrx_word' id='word_1_452' title='bbox 3294 2960 3523 3015; x_wconf 77' lang='grc' dir='ltr'>ἐκείνων</span> <span class='ocrx_word' id='word_1_453' title='bbox 3562 2976 3667 3014; x_wconf 85' lang='grc' dir='ltr'>κα-</span> 
     </span>
    </p>
   </div>
   <div class='ocr_carea' id='block_1_61' title="bbox 386 3049 1974 3139">
    <p class='ocr_par' dir='ltr' id='par_1_61' title="bbox 386 3049 1974 3113">
     <span class='ocr_line' id='line_1_61' title="bbox 386 3049 1974 3113; baseline -0.006 -6"><span class='ocrx_word' id='word_1_454' title='bbox 386 3053 440 3108; x_wconf 90' lang='lat' dir='ltr'><strong>iu</strong></span> <span class='ocrx_word' id='word_1_455' title='bbox 476 3052 760 3107; x_wconf 87' lang='lat' dir='ltr'><strong>victoriam</strong></span> <span class='ocrx_word' id='word_1_456' title='bbox 796 3051 861 3104; x_wconf 88' lang='lat' dir='ltr'><strong>de</strong></span> <span class='ocrx_word' id='word_1_457' title='bbox 892 3049 1051 3104; x_wconf 90' lang='lat' dir='ltr'><strong>hoste</strong></span> <span class='ocrx_word' id='word_1_458' title='bbox 1098 3062 1281 3111; x_wconf 77' lang='lat' dir='ltr'><strong>versa,</strong></span> <span class='ocrx_word' id='word_1_459' title='bbox 1323 3059 1505 3113; x_wconf 44' lang='lat' dir='ltr'><strong>cruce;</strong></span> <span class='ocrx_word' id='word_1_460' title='bbox 1534 3051 1798 3112; x_wconf 86' lang='lat' dir='ltr'><strong>tanquam</strong></span> <span class='ocrx_word' id='word_1_461' title='bbox 1859 3050 1974 3097; x_wconf 86' lang='lat' dir='ltr'><strong>tro-</strong></span> 
     </span>
    </p>
   </div>
   <div class='ocr_carea' id='block_1_62' title="bbox 2081 3049 3664 3139">
    <p class='ocr_par' dir='ltr' id='par_1_62' title="bbox 2081 3053 3664 3130">
     <span class='ocr_line' id='line_1_62' title="bbox 2081 3053 3664 3130; baseline -0.003 -19"><span class='ocrx_word' id='word_1_462' title='bbox 2081 3057 2347 3130; x_wconf 90' lang='grc' dir='ltr'>κουργίαν</span> <span class='ocrx_word' id='word_1_463' title='bbox 2369 3060 2449 3120; x_wconf 86' lang='grc' dir='ltr'><strong>είς</strong></span> <span class='ocrx_word' id='word_1_464' title='bbox 2472 3058 2569 3128; x_wconf 82' lang='grc' dir='ltr'>τὴν</span> <span class='ocrx_word' id='word_1_465' title='bbox 2586 3056 2726 3111; x_wconf 84' lang='grc' dir='ltr'><strong>κατά</strong></span> <span class='ocrx_word' id='word_1_466' title='bbox 2740 3054 2838 3111; x_wconf 89' lang='grc' dir='ltr'><strong>τοῦ</strong></span> <span class='ocrx_word' id='word_1_467' title='bbox 2862 3054 3061 3128; x_wconf 81' lang='grc' dir='ltr'>ἐχθροῦ</span> <span class='ocrx_word' id='word_1_468' title='bbox 3082 3054 3241 3126; x_wconf 85' lang='grc' dir='ltr'>νίκην</span> <span class='ocrx_word' id='word_1_469' title='bbox 3266 3053 3664 3125; x_wconf 82' lang='grc' dir='ltr'>ἀντιστρέψας,</span> 
     </span>
    </p>
   </div>
   <div class='ocr_carea' id='block_1_63' title="bbox 385 3134 1978 3214">
    <p class='ocr_par' dir='ltr' id='par_1_63' title="bbox 385 3134 1978 3214">
     <span class='ocr_line' id='line_1_63' title="bbox 385 3134 1978 3214; baseline -0.006 -14"><span class='ocrx_word' id='word_1_470' title='bbox 385 3160 503 3214; x_wconf 60' lang='lat' dir='ltr'><strong>pato</strong></span> <span class='ocrx_word' id='word_1_471' title='bbox 559 3148 713 3211; x_wconf 65' lang='lat' dir='ltr'><strong>usus:</strong></span> <span class='ocrx_word' id='word_1_472' title='bbox 746 3152 853 3198; x_wconf 92' lang='lat' dir='ltr'><strong>est.</strong></span> <span class='ocrx_word' id='word_1_473' title='bbox 888 3139 1076 3207; x_wconf 85' lang='lat' dir='ltr'><strong>Neque</strong></span> <span class='ocrx_word' id='word_1_474' title='bbox 1129 3138 1296 3210; x_wconf 88' lang='lat' dir='ltr'><strong>igitur</strong></span> <span class='ocrx_word' id='word_1_475' title='bbox 1354 3135 1669 3192; x_wconf 70' lang='lat' dir='ltr'><strong>Judaeorum</strong></span> <span class='ocrx_word' id='word_1_476' title='bbox 1726 3134 1978 3205; x_wconf 89' lang='lat' dir='ltr'><strong>impietas</strong></span> 
     </span>
    </p>
   </div>
   <div class='ocr_carea' id='block_1_64' title="bbox 387 3227 1977 3306">
    <p class='ocr_par' dir='ltr' id='par_1_64' title="bbox 387 3227 1977 3306">
     <span class='ocr_line' id='line_1_64' title="bbox 387 3227 1977 3306; baseline -0.006 -17"><span class='ocrx_word' id='word_1_477' title='bbox 387 3246 648 3306; x_wconf 76' lang='lat' dir='ltr'><strong>tropaeum</strong></span> <span class='ocrx_word' id='word_1_478' title='bbox 688 3233 901 3297; x_wconf 87' lang='lat' dir='ltr'><strong>statuit,</strong></span> <span class='ocrx_word' id='word_1_479' title='bbox 928 3246 1106 3302; x_wconf 86' lang='lat' dir='ltr'><strong>neque</strong></span> <span class='ocrx_word' id='word_1_480' title='bbox 1130 3246 1324 3286; x_wconf 89' lang='lat' dir='ltr'><strong>rursus</strong></span> <span class='ocrx_word' id='word_1_481' title='bbox 1377 3229 1637 3283; x_wconf 87' lang='lat' dir='ltr'><strong>Servator</strong></span> <span class='ocrx_word' id='word_1_482' title='bbox 1691 3227 1977 3282; x_wconf 88' lang='lat' dir='ltr'><strong>hominum</strong></span> 
     </span>
    </p>
   </div>
   <div class='ocr_carea' id='block_1_65' title="bbox 386 3317 1978 3393">
    <p class='ocr_par' dir='ltr' id='par_1_65' title="bbox 386 3317 1978 3393">
     <span class='ocr_line' id='line_1_65' title="bbox 386 3317 1978 3393; baseline -0.008 -10"><span class='ocrx_word' id='word_1_483' title='bbox 386 3341 607 3383; x_wconf 86' lang='lat' dir='ltr'><strong>crucem</strong></span> <span class='ocrx_word' id='word_1_484' title='bbox 647 3325 754 3382; x_wconf 89' lang='lat' dir='ltr'><strong>sibi</strong></span> <span class='ocrx_word' id='word_1_485' title='bbox 789 3324 977 3380; x_wconf 84' lang='lat' dir='ltr'><strong>defixit</strong></span> <span class='ocrx_word' id='word_1_486' title='bbox 1017 3340 1033 3378; x_wconf 89' lang='lat'><strong>:</strong></span> <span class='ocrx_word' id='word_1_487' title='bbox 1066 3322 1161 3379; x_wconf 85' lang='lat' dir='ltr'><strong>sed</strong></span> <span class='ocrx_word' id='word_1_488' title='bbox 1201 3323 1352 3393; x_wconf 90' lang='lat' dir='ltr'><strong>quod</strong></span> <span class='ocrx_word' id='word_1_489' title='bbox 1398 3321 1473 3376; x_wconf 92' lang='lat' dir='ltr'><strong>illi</strong></span> <span class='ocrx_word' id='word_1_490' title='bbox 1511 3320 1720 3391; x_wconf 86' lang='lat' dir='ltr'><strong>lignum</strong></span> <span class='ocrx_word' id='word_1_491' title='bbox 1760 3318 1827 3373; x_wconf 90' lang='lat' dir='ltr'><strong>ad</strong></span> <span class='ocrx_word' id='word_1_492' title='bbox 1867 3317 1978 3371; x_wconf 91' lang='lat' dir='ltr'><strong>Do-</strong></span> 
     </span>
    </p>
   </div>
   <div class='ocr_carea' id='block_1_66' title="bbox 387 3413 1979 3488">
    <p class='ocr_par' dir='ltr' id='par_1_66' title="bbox 387 3413 1979 3488">
     <span class='ocr_line' id='line_1_66' title="bbox 387 3413 1979 3488; baseline -0.006 -17"><span class='ocrx_word' id='word_1_493' title='bbox 387 3418 521 3473; x_wconf 88' lang='lat' dir='ltr'><strong>mini</strong></span> <span class='ocrx_word' id='word_1_494' title='bbox 550 3416 881 3488; x_wconf 90' lang='lat' dir='ltr'><strong>supplicium</strong></span> <span class='ocrx_word' id='word_1_495' title='bbox 908 3415 1235 3480; x_wconf 79' lang='lat' dir='ltr'><strong>delixerant,</strong></span> <span class='ocrx_word' id='word_1_496' title='bbox 1265 3413 1356 3468; x_wconf 87' lang='lat' dir='ltr'><strong>hic</strong></span> <span class='ocrx_word' id='word_1_497' title='bbox 1395 3413 1462 3467; x_wconf 87' lang='lat' dir='ltr'><strong>ad</strong></span> <span class='ocrx_word' id='word_1_498' title='bbox 1502 3413 1733 3468; x_wconf 90' lang='lat' dir='ltr'><strong>salutem</strong></span> <span class='ocrx_word' id='word_1_499' title='bbox 1765 3418 1979 3465; x_wconf 67' lang='lat' dir='ltr'><strong>natura:</strong></span> 
     </span>
    </p>
   </div>
   <div class='ocr_carea' id='block_1_67' title="bbox 388 3503 1982 3578">
    <p class='ocr_par' dir='ltr' id='par_1_67' title="bbox 388 3503 1982 3578">
     <span class='ocr_line' id='line_1_67' title="bbox 388 3503 1982 3578; baseline -0.006 -14"><span class='ocrx_word' id='word_1_500' title='bbox 388 3516 593 3565; x_wconf 66' lang='lat' dir='ltr'><strong>nostra:</strong></span> <span class='ocrx_word' id='word_1_501' title='bbox 629 3506 819 3578; x_wconf 68' lang='lat' dir='ltr'><strong>tropazi</strong></span> <span class='ocrx_word' id='word_1_502' title='bbox 848 3506 1026 3562; x_wconf 88' lang='lat' dir='ltr'><strong>forma</strong></span> <span class='ocrx_word' id='word_1_503' title='bbox 1071 3505 1317 3562; x_wconf 88' lang='lat' dir='ltr'><strong>donavit.</strong></span> <span class='ocrx_word' id='word_1_504' title='bbox 1356 3504 1491 3560; x_wconf 84' lang='lat' dir='ltr'><strong>Item</strong></span> <span class='ocrx_word' id='word_1_505' title='bbox 1545 3503 1849 3558; x_wconf 91' lang='lat' dir='ltr'><strong>inferorum</strong></span> <span class='ocrx_word' id='word_1_506' title='bbox 1893 3517 1982 3556; x_wconf 90' lang='lat' dir='ltr'><strong>re-</strong></span> 
     </span>
    </p>
   </div>
   <div class='ocr_carea' id='block_1_68' title="bbox 389 3595 1980 3673">
    <p class='ocr_par' dir='ltr' id='par_1_68' title="bbox 389 3595 1980 3673">
     <span class='ocr_line' id='line_1_68' title="bbox 389 3595 1980 3673; baseline -0.005 -16"><span class='ocrx_word' id='word_1_507' title='bbox 389 3617 557 3673; x_wconf 83' lang='lat' dir='ltr'><strong>gnum</strong></span> <span class='ocrx_word' id='word_1_508' title='bbox 595 3601 819 3667; x_wconf 90' lang='lat' dir='ltr'><strong>dicitur,</strong></span> <span class='ocrx_word' id='word_1_509' title='bbox 860 3600 1158 3671; x_wconf 84' lang='lat' dir='ltr'><strong>reginaque</strong></span> <span class='ocrx_word' id='word_1_510' title='bbox 1186 3613 1370 3664; x_wconf 87' lang='lat' dir='ltr'><strong>mors;</strong></span> <span class='ocrx_word' id='word_1_511' title='bbox 1401 3612 1509 3651; x_wconf 90' lang='lat' dir='ltr'><strong>non</strong></span> <span class='ocrx_word' id='word_1_512' title='bbox 1549 3596 1698 3667; x_wconf 90' lang='lat' dir='ltr'><strong>quod</strong></span> <span class='ocrx_word' id='word_1_513' title='bbox 1744 3595 1980 3650; x_wconf 87' lang='lat' dir='ltr'><strong>decretis</strong></span> 
     </span>
    </p>
   </div>
   <div class='ocr_carea' id='block_1_69' title="bbox 389 3687 1982 3766">
    <p class='ocr_par' dir='ltr' id='par_1_69' title="bbox 389 3687 1982 3766">
     <span class='ocr_line' id='line_1_69' title="bbox 389 3687 1982 3766; baseline -0.008 -15"><span class='ocrx_word' id='word_1_514' title='bbox 389 3694 762 3766; x_wconf 77' lang='lat' dir='ltr'><strong>sufl‘ragioque</strong></span> <span class='ocrx_word' id='word_1_515' title='bbox 784 3693 1132 3748; x_wconf 88' lang='lat' dir='ltr'><strong>subditorum</strong></span> <span class='ocrx_word' id='word_1_516' title='bbox 1156 3691 1498 3745; x_wconf 84' lang='lat' dir='ltr'><strong>dominatum</strong></span> <span class='ocrx_word' id='word_1_517' title='bbox 1558 3687 1614 3743; x_wconf 93' lang='lat' dir='ltr'><strong>in</strong></span> <span class='ocrx_word' id='word_1_518' title='bbox 1659 3702 1756 3744; x_wconf 89' lang='lat' dir='ltr'><strong>eos</strong></span> <span class='ocrx_word' id='word_1_519' title='bbox 1804 3687 1982 3756; x_wconf 88' lang='lat' dir='ltr'><strong>impe-</strong></span> 
     </span>
    </p>
   </div>
   <div class='ocr_carea' id='block_1_70' title="bbox 390 3778 1981 3852">
    <p class='ocr_par' dir='ltr' id='par_1_70' title="bbox 390 3778 1981 3852">
     <span class='ocr_line' id='line_1_70' title="bbox 390 3778 1981 3852; baseline -0.006 -10"><span class='ocrx_word' id='word_1_520' title='bbox 390 3788 652 3852; x_wconf 88' lang='lat' dir='ltr'><strong>traverit;</strong></span> <span class='ocrx_word' id='word_1_521' title='bbox 685 3786 802 3840; x_wconf 62' lang='lat' dir='ltr'><strong>hac</strong></span> <span class='ocrx_word' id='word_1_522' title='bbox 835 3784 982 3839; x_wconf 92' lang='lat' dir='ltr'><strong>enim</strong></span> <span class='ocrx_word' id='word_1_523' title='bbox 1035 3786 1182 3852; x_wconf 80' lang='lat' dir='ltr'><strong>regis</strong></span> <span class='ocrx_word' id='word_1_524' title='bbox 1238 3781 1510 3838; x_wconf 90' lang='lat' dir='ltr'><strong>vocabulo</strong></span> <span class='ocrx_word' id='word_1_525' title='bbox 1564 3779 1786 3851; x_wconf 88' lang='lat' dir='ltr'><strong>proprie</strong></span> <span class='ocrx_word' id='word_1_526' title='bbox 1832 3778 1981 3833; x_wconf 91' lang='lat' dir='ltr'><strong>dicto</strong></span> 
     </span>
    </p>
   </div>
   <div class='ocr_carea' id='block_1_71' title="bbox 389 3870 1980 3943">
    <p class='ocr_par' dir='ltr' id='par_1_71' title="bbox 389 3870 1980 3943">
     <span class='ocr_line' id='line_1_71' title="bbox 389 3870 1980 3943; baseline -0.006 -10"><span class='ocrx_word' id='word_1_527' title='bbox 389 3876 760 3940; x_wconf 85' lang='lat' dir='ltr'><strong>conveniunt;</strong></span> <span class='ocrx_word' id='word_1_528' title='bbox 797 3874 892 3930; x_wconf 92' lang='lat' dir='ltr'><strong>sed</strong></span> <span class='ocrx_word' id='word_1_529' title='bbox 931 3873 1058 3942; x_wconf 87' lang='lat' dir='ltr'><strong>quia</strong></span> <span class='ocrx_word' id='word_1_530' title='bbox 1099 3887 1264 3943; x_wconf 88' lang='lat' dir='ltr'><strong>quam</strong></span> <span class='ocrx_word' id='word_1_531' title='bbox 1296 3887 1391 3927; x_wconf 84' lang='lat' dir='ltr'><strong>rex</strong></span> <span class='ocrx_word' id='word_1_532' title='bbox 1450 3879 1703 3927; x_wconf 91' lang='lat' dir='ltr'><strong>terrenus</strong></span> <span class='ocrx_word' id='word_1_533' title='bbox 1749 3870 1980 3924; x_wconf 88' lang='lat' dir='ltr'><strong>liberam</strong></span> 
     </span>
    </p>
   </div>
   <div class='ocr_carea' id='block_1_72' title="bbox 394 3961 1981 4039">
    <p class='ocr_par' dir='ltr' id='par_1_72' title="bbox 394 3961 1981 4039">
     <span class='ocr_line' id='line_1_72' title="bbox 394 3961 1981 4039; baseline -0.005 -16"><span class='ocrx_word' id='word_1_534' title='bbox 394 3975 717 4039; x_wconf 87' lang='lat' dir='ltr'><strong>potestatem</strong></span> <span class='ocrx_word' id='word_1_535' title='bbox 755 3967 808 4019; x_wconf 90' lang='lat' dir='ltr'><strong>in</strong></span> <span class='ocrx_word' id='word_1_536' title='bbox 845 3965 1096 4020; x_wconf 89' lang='lat' dir='ltr'><strong>subditos</strong></span> <span class='ocrx_word' id='word_1_537' title='bbox 1127 3980 1258 4019; x_wconf 93' lang='lat' dir='ltr'><strong>suos</strong></span> <span class='ocrx_word' id='word_1_538' title='bbox 1312 3973 1550 4026; x_wconf 77' lang='lat' dir='ltr'><strong>exercet,</strong></span> <span class='ocrx_word' id='word_1_539' title='bbox 1590 3963 1839 4018; x_wconf 87' lang='lat' dir='ltr'><strong>eamdem</strong></span> <span class='ocrx_word' id='word_1_540' title='bbox 1877 3961 1981 4016; x_wconf 90' lang='lat' dir='ltr'><strong>sibi</strong></span> 
     </span>
    </p>
   </div>
   <div class='ocr_carea' id='block_1_73' title="bbox 394 4054 1983 4129">
    <p class='ocr_par' dir='ltr' id='par_1_73' title="bbox 394 4054 1983 4129">
     <span class='ocr_line' id='line_1_73' title="bbox 394 4054 1983 4129; baseline -0.004 -16"><span class='ocrx_word' id='word_1_541' title='bbox 394 4075 546 4114; x_wconf 90' lang='lat' dir='ltr'><strong>mors</strong></span> <span class='ocrx_word' id='word_1_542' title='bbox 571 4058 781 4129; x_wconf 89' lang='lat' dir='ltr'><strong>peccati</strong></span> <span class='ocrx_word' id='word_1_543' title='bbox 812 4072 979 4111; x_wconf 89' lang='lat' dir='ltr'><strong>causa</strong></span> <span class='ocrx_word' id='word_1_544' title='bbox 1003 4056 1303 4111; x_wconf 88' lang='lat' dir='ltr'><strong>vindicavit</strong></span> <span class='ocrx_word' id='word_1_545' title='bbox 1336 4074 1350 4110; x_wconf 87' lang='lat'><strong>:</strong></span> <span class='ocrx_word' id='word_1_546' title='bbox 1382 4067 1547 4125; x_wconf 84' lang='lat' dir='ltr'><strong>atque</strong></span> <span class='ocrx_word' id='word_1_547' title='bbox 1586 4055 1656 4109; x_wconf 84' lang='lat' dir='ltr'><strong>ob</strong></span> <span class='ocrx_word' id='word_1_548' title='bbox 1695 4054 1748 4109; x_wconf 89' lang='lat' dir='ltr'><strong>id</strong></span> <span class='ocrx_word' id='word_1_549' title='bbox 1796 4063 1851 4109; x_wconf 90' lang='lat' dir='ltr'><strong>ct</strong></span> <span class='ocrx_word' id='word_1_550' title='bbox 1895 4069 1983 4107; x_wconf 91' lang='lat' dir='ltr'><strong>re-</strong></span> 
     </span>
    </p>
   </div>
   <div class='ocr_carea' id='block_1_74' title="bbox 392 4146 1980 4223">
    <p class='ocr_par' dir='ltr' id='par_1_74' title="bbox 392 4146 1980 4223">
     <span class='ocr_line' id='line_1_74' title="bbox 392 4146 1980 4223; baseline -0.004 -17"><span class='ocrx_word' id='word_1_551' title='bbox 392 4153 520 4223; x_wconf 86' lang='lat' dir='ltr'><strong>gina</strong></span> <span class='ocrx_word' id='word_1_552' title='bbox 544 4164 694 4205; x_wconf 90' lang='lat' dir='ltr'><strong>mors</strong></span> <span class='ocrx_word' id='word_1_553' title='bbox 722 4158 777 4205; x_wconf 88' lang='lat' dir='ltr'><strong>et</strong></span> <span class='ocrx_word' id='word_1_554' title='bbox 814 4148 1118 4203; x_wconf 89' lang='lat' dir='ltr'><strong>inferorum</strong></span> <span class='ocrx_word' id='word_1_555' title='bbox 1174 4164 1403 4217; x_wconf 90' lang='lat' dir='ltr'><strong>regnum</strong></span> <span class='ocrx_word' id='word_1_556' title='bbox 1452 4147 1733 4202; x_wconf 87' lang='lat' dir='ltr'><strong>translatis</strong></span> <span class='ocrx_word' id='word_1_557' title='bbox 1793 4146 1980 4217; x_wconf 85' lang='lat' dir='ltr'><strong>appel-</strong></span> 
     </span>
    </p>
   </div>
   <div class='ocr_carea' id='block_1_75' title="bbox 393 4239 1983 4313">
    <p class='ocr_par' dir='ltr' id='par_1_75' title="bbox 393 4239 1983 4313">
     <span class='ocr_line' id='line_1_75' title="bbox 393 4239 1983 4313; baseline -0.004 -12"><span class='ocrx_word' id='word_1_558' title='bbox 393 4244 691 4301; x_wconf 87' lang='lat' dir='ltr'><strong>lationibus</strong></span> <span class='ocrx_word' id='word_1_559' title='bbox 718 4242 825 4298; x_wconf 90' lang='lat' dir='ltr'><strong>dici</strong></span> <span class='ocrx_word' id='word_1_560' title='bbox 861 4250 1116 4313; x_wconf 92' lang='lat' dir='ltr'><strong>possunt.</strong></span> <span class='ocrx_word' id='word_1_561' title='bbox 1150 4242 1215 4295; x_wconf 86' lang='lat' dir='ltr'><strong>Et</strong></span> <span class='ocrx_word' id='word_1_562' title='bbox 1245 4256 1378 4295; x_wconf 90' lang='lat' dir='ltr'><strong>sane</strong></span> <span class='ocrx_word' id='word_1_563' title='bbox 1421 4239 1616 4294; x_wconf 90' lang='lat' dir='ltr'><strong>mortis</strong></span> <span class='ocrx_word' id='word_1_564' title='bbox 1655 4248 1774 4293; x_wconf 91' lang='lat' dir='ltr'><strong>erat</strong></span> <span class='ocrx_word' id='word_1_565' title='bbox 1796 4239 1849 4295; x_wconf 90' lang='lat' dir='ltr'><strong>in</strong></span> <span class='ocrx_word' id='word_1_566' title='bbox 1883 4253 1983 4295; x_wconf 92' lang='lat' dir='ltr'><strong>nos</strong></span> 
     </span>
    </p>
   </div>
   <div class='ocr_carea' id='block_1_76' title="bbox 393 4332 1978 4403">
    <p class='ocr_par' dir='ltr' id='par_1_76' title="bbox 393 4332 1978 4403">
     <span class='ocr_line' id='line_1_76' title="bbox 393 4332 1978 4403; baseline -0.004 -12"><span class='ocrx_word' id='word_1_567' title='bbox 393 4347 520 4391; x_wconf 86' lang='lat' dir='ltr'><strong>ante</strong></span> <span class='ocrx_word' id='word_1_568' title='bbox 566 4350 787 4390; x_wconf 88' lang='lat' dir='ltr'><strong>crucem</strong></span> <span class='ocrx_word' id='word_1_569' title='bbox 820 4333 1066 4403; x_wconf 91' lang='lat' dir='ltr'><strong>potentia</strong></span> <span class='ocrx_word' id='word_1_570' title='bbox 1105 4333 1330 4398; x_wconf 89' lang='lat' dir='ltr'><strong>invicta,</strong></span> <span class='ocrx_word' id='word_1_571' title='bbox 1374 4332 1525 4386; x_wconf 89' lang='lat' dir='ltr'><strong>omni</strong></span> <span class='ocrx_word' id='word_1_572' title='bbox 1579 4345 1674 4399; x_wconf 92' lang='lat' dir='ltr'><strong>spe</strong></span> <span class='ocrx_word' id='word_1_573' title='bbox 1728 4345 1978 4385; x_wconf 83' lang='lat' dir='ltr'><strong>resurre-</strong></span> 
     </span>
    </p>
   </div>
   <div class='ocr_carea' id='block_1_77' title="bbox 2081 3146 3666 3225">
    <p class='ocr_par' dir='ltr' id='par_1_77' title="bbox 2081 3146 3666 3225">
     <span class='ocr_line' id='line_1_77' title="bbox 2081 3146 3666 3225; baseline -0.004 -20"><span class='ocrx_word' id='word_1_574' title='bbox 2081 3147 2169 3205; x_wconf 80' lang='grc' dir='ltr'>οἷα</span> <span class='ocrx_word' id='word_1_575' title='bbox 2191 3150 2257 3219; x_wconf 79' lang='grc' dir='ltr'>δὴ</span> <span class='ocrx_word' id='word_1_576' title='bbox 2281 3149 2527 3223; x_wconf 85' lang='grc' dir='ltr'>τροπαίῳ</span> <span class='ocrx_word' id='word_1_577' title='bbox 2548 3150 2627 3221; x_wconf 80' lang='grc' dir='ltr'>τῷ</span> <span class='ocrx_word' id='word_1_578' title='bbox 2655 3150 2877 3225; x_wconf 89' lang='grc' dir='ltr'>σταυρῷ</span> <span class='ocrx_word' id='word_1_579' title='bbox 2898 3150 3321 3221; x_wconf 87' lang='grc' dir='ltr'>προσεχρήσατο</span> <span class='ocrx_word' id='word_1_580' title='bbox 3343 3164 3359 3179; x_wconf 87' lang='grc'><strong>·</strong></span> <span class='ocrx_word' id='word_1_581' title='bbox 3381 3147 3508 3201; x_wconf 79' lang='grc' dir='ltr'>οὔτε</span> <span class='ocrx_word' id='word_1_582' title='bbox 3530 3146 3666 3216; x_wconf 89' lang='grc' dir='ltr'>γοῦν</span> 
     </span>
    </p>
   </div>
   <div class='ocr_carea' id='block_1_78' title="bbox 2080 3237 3669 3312">
    <p class='ocr_par' dir='ltr' id='par_1_78' title="bbox 2080 3237 3669 3312">
     <span class='ocr_line' id='line_1_78' title="bbox 2080 3237 3669 3312; baseline -0.004 -17"><span class='ocrx_word' id='word_1_583' title='bbox 2080 3244 2143 3295; x_wconf 87' lang='lat'>16</span> <span class='ocrx_word' id='word_1_584' title='bbox 2172 3241 2282 3295; x_wconf 86' lang='grc' dir='ltr'>τῶν</span> <span class='ocrx_word' id='word_1_585' title='bbox 2320 3242 2591 3296; x_wconf 89' lang='grc' dir='ltr'>Ἰουδαίων</span> <span class='ocrx_word' id='word_1_586' title='bbox 2634 3242 2767 3310; x_wconf 81' lang='grc' dir='ltr'>ἄγος</span> <span class='ocrx_word' id='word_1_587' title='bbox 2793 3240 2855 3294; x_wconf 87' lang='lat'>16</span> <span class='ocrx_word' id='word_1_588' title='bbox 2882 3240 3145 3312; x_wconf 89' lang='grc' dir='ltr'>τρόπαιον</span> <span class='ocrx_word' id='word_1_589' title='bbox 3185 3238 3436 3308; x_wconf 75' lang='grc' dir='ltr'>ἔστησεν,</span> <span class='ocrx_word' id='word_1_590' title='bbox 3462 3238 3524 3291; x_wconf 83' lang='grc' dir='ltr'><strong>οὑ</strong></span> <span class='ocrx_word' id='word_1_591' title='bbox 3559 3237 3669 3307; x_wconf 77' lang='grc' dir='ltr'>μὴν</span> 
     </span>
    </p>
   </div>
   <div class='ocr_carea' id='block_1_79' title="bbox 2081 3330 3671 3406">
    <p class='ocr_par' dir='ltr' id='par_1_79' title="bbox 2081 3330 3671 3406">
     <span class='ocr_line' id='line_1_79' title="bbox 2081 3330 3671 3406; baseline -0.003 -18"><span class='ocrx_word' id='word_1_592' title='bbox 2081 3333 2201 3389; x_wconf 84' lang='grc' dir='ltr'>ἀλλ’</span> <span class='ocrx_word' id='word_1_593' title='bbox 2230 3333 2336 3387; x_wconf 71' lang='grc' dir='ltr'>οὐδ’</span> <span class='ocrx_word' id='word_1_594' title='bbox 2367 3335 2395 3386; x_wconf 91' lang='lat'><strong>6</strong></span> <span class='ocrx_word' id='word_1_595' title='bbox 2412 3333 2603 3406; x_wconf 84' lang='grc' dir='ltr'>Σωτὴρ</span> <span class='ocrx_word' id='word_1_596' title='bbox 2625 3333 2720 3387; x_wconf 92' lang='grc' dir='ltr'><strong>τοῦ</strong></span> <span class='ocrx_word' id='word_1_597' title='bbox 2744 3333 2935 3403; x_wconf 85' lang='grc' dir='ltr'>γένους</span> <span class='ocrx_word' id='word_1_598' title='bbox 2966 3332 3144 3403; x_wconf 88' lang='grc' dir='ltr'>ἐαυτῷ</span> <span class='ocrx_word' id='word_1_599' title='bbox 3166 3331 3259 3385; x_wconf 80' lang='grc' dir='ltr'>τὸν</span> <span class='ocrx_word' id='word_1_600' title='bbox 3277 3330 3514 3402; x_wconf 79' lang='grc' dir='ltr'>σταυρὸν</span> <span class='ocrx_word' id='word_1_601' title='bbox 3542 3346 3671 3384; x_wconf 83' lang='grc' dir='ltr'>συν-</span> 
     </span>
    </p>
   </div>
   <div class='ocr_carea' id='block_1_80' title="bbox 2083 3421 3670 3497">
    <p class='ocr_par' dir='ltr' id='par_1_80' title="bbox 2083 3421 3670 3497">
     <span class='ocr_line' id='line_1_80' title="bbox 2083 3421 3670 3497; baseline -0.004 -18"><span class='ocrx_word' id='word_1_602' title='bbox 2083 3425 2347 3497; x_wconf 79' lang='grc' dir='ltr'>επήξατο,</span> <span class='ocrx_word' id='word_1_603' title='bbox 2369 3425 2484 3479; x_wconf 79' lang='grc' dir='ltr'>ἀλλ’</span> <span class='ocrx_word' id='word_1_604' title='bbox 2512 3424 2736 3479; x_wconf 86' lang='grc' dir='ltr'>ἐκείνων</span> <span class='ocrx_word' id='word_1_605' title='bbox 2760 3426 2854 3477; x_wconf 72' lang='grc' dir='ltr'><strong>ἐπὶ</strong></span> <span class='ocrx_word' id='word_1_606' title='bbox 2883 3424 3105 3478; x_wconf 84' lang='grc' dir='ltr'>κολάσει</span> <span class='ocrx_word' id='word_1_607' title='bbox 3134 3423 3229 3477; x_wconf 88' lang='grc' dir='ltr'><strong>τοῦ</strong></span> <span class='ocrx_word' id='word_1_608' title='bbox 3253 3421 3530 3476; x_wconf 88' lang='grc' dir='ltr'>Δεσπότου</span> <span class='ocrx_word' id='word_1_609' title='bbox 3557 3438 3670 3482; x_wconf 83' lang='grc' dir='ltr'>πη-</span> 
     </span>
    </p>
   </div>
   <div class='ocr_carea' id='block_1_81' title="bbox 2084 3514 3670 3589">
    <p class='ocr_par' dir='ltr' id='par_1_81' title="bbox 2084 3514 3670 3589">
     <span class='ocr_line' id='line_1_81' title="bbox 2084 3514 3670 3589; baseline -0.002 -19"><span class='ocrx_word' id='word_1_610' title='bbox 2084 3517 2358 3588; x_wconf 79' lang='grc' dir='ltr'>ξαμένων,</span> <span class='ocrx_word' id='word_1_611' title='bbox 2389 3516 2553 3580; x_wconf 83' lang='grc' dir='ltr'>αὐτὸς</span> <span class='ocrx_word' id='word_1_612' title='bbox 2582 3518 2677 3570; x_wconf 77' lang='grc' dir='ltr'>ἐπὶ</span> <span class='ocrx_word' id='word_1_613' title='bbox 2698 3517 2944 3589; x_wconf 83' lang='grc' dir='ltr'>σωτηρίᾳ</span> <span class='ocrx_word' id='word_1_614' title='bbox 2971 3518 3070 3586; x_wconf 82' lang='grc' dir='ltr'>τῆς</span> <span class='ocrx_word' id='word_1_615' title='bbox 3115 3517 3395 3588; x_wconf 81' lang='grc' dir='ltr'>ἡμετέρας</span> <span class='ocrx_word' id='word_1_616' title='bbox 3447 3514 3670 3584; x_wconf 80' lang='grc' dir='ltr'>φύσεως</span> 
     </span>
    </p>
   </div>
   <div class='ocr_carea' id='block_1_82' title="bbox 2083 3605 3668 3680">
    <p class='ocr_par' dir='ltr' id='par_1_82' title="bbox 2083 3605 3668 3680">
     <span class='ocr_line' id='line_1_82' title="bbox 2083 3605 3668 3680; baseline -0.004 -17"><span class='ocrx_word' id='word_1_617' title='bbox 2083 3612 2165 3673; x_wconf 84' lang='grc' dir='ltr'><strong>είς</strong></span> <span class='ocrx_word' id='word_1_618' title='bbox 2185 3609 2449 3679; x_wconf 88' lang='grc' dir='ltr'>τρόπαιον</span> <span class='ocrx_word' id='word_1_619' title='bbox 2478 3611 2811 3679; x_wconf 81' lang='grc' dir='ltr'>μετετάξατο</span> <span class='ocrx_word' id='word_1_620' title='bbox 2832 3625 2847 3639; x_wconf 84' lang='grc'>⁶</span> <span class='ocrx_word' id='word_1_621' title='bbox 2879 3610 2974 3664; x_wconf 76' lang='grc' dir='ltr'>καὶ</span> <span class='ocrx_word' id='word_1_622' title='bbox 3025 3609 3153 3680; x_wconf 78' lang='grc' dir='ltr'>ᾅδου</span> <span class='ocrx_word' id='word_1_623' title='bbox 3201 3609 3258 3662; x_wconf 79' lang='grc' dir='ltr'>δὲ</span> <span class='ocrx_word' id='word_1_624' title='bbox 3291 3605 3545 3677; x_wconf 87' lang='grc' dir='ltr'>βασίλεια</span> <span class='ocrx_word' id='word_1_625' title='bbox 3577 3605 3668 3656; x_wconf 83' lang='grc' dir='ltr'>λέ-</span> 
     </span>
    </p>
   </div>
   <div class='ocr_carea' id='block_1_83' title="bbox 2082 3692 3670 3770">
    <p class='ocr_par' dir='ltr' id='par_1_83' title="bbox 2082 3692 3670 3770">
     <span class='ocr_line' id='line_1_83' title="bbox 2082 3692 3670 3770; baseline -0.003 -19"><span class='ocrx_word' id='word_1_626' title='bbox 2082 3715 2264 3767; x_wconf 89' lang='grc' dir='ltr'>γεται,</span> <span class='ocrx_word' id='word_1_627' title='bbox 2306 3700 2403 3753; x_wconf 73' lang='grc' dir='ltr'>καὶ</span> <span class='ocrx_word' id='word_1_628' title='bbox 2428 3699 2688 3770; x_wconf 80' lang='grc' dir='ltr'>βασιλεὺς</span> <span class='ocrx_word' id='word_1_629' title='bbox 2715 3701 2743 3753; x_wconf 90' lang='lat'><strong>6</strong></span> <span class='ocrx_word' id='word_1_630' title='bbox 2783 3700 3041 3763; x_wconf 85' lang='grc' dir='ltr'>θάνατος,</span> <span class='ocrx_word' id='word_1_631' title='bbox 3073 3699 3172 3769; x_wconf 81' lang='grc' dir='ltr'>οὐχ</span> <span class='ocrx_word' id='word_1_632' title='bbox 3200 3699 3281 3752; x_wconf 82' lang='grc' dir='ltr'>ὃτι</span> <span class='ocrx_word' id='word_1_633' title='bbox 3316 3698 3540 3767; x_wconf 84' lang='grc' dir='ltr'>θεσμοῖς</span> <span class='ocrx_word' id='word_1_634' title='bbox 3576 3692 3670 3747; x_wconf 70' lang='grc' dir='ltr'>καὶ</span> 
     </span>
    </p>
   </div>
   <div class='ocr_carea' id='block_1_84' title="bbox 2084 3785 3669 3861">
    <p class='ocr_par' dir='ltr' id='par_1_84' title="bbox 2084 3785 3669 3861">
     <span class='ocr_line' id='line_1_84' title="bbox 2084 3785 3669 3861; baseline -0.002 -21"><span class='ocrx_word' id='word_1_635' title='bbox 2084 3785 2295 3859; x_wconf 79' lang='grc' dir='ltr'>γνώμῃ,</span> <span class='ocrx_word' id='word_1_636' title='bbox 2308 3787 2415 3841; x_wconf 86' lang='grc' dir='ltr'>τῶν</span> <span class='ocrx_word' id='word_1_637' title='bbox 2446 3789 2768 3860; x_wconf 85' lang='grc' dir='ltr'>ἀρχομένων</span> <span class='ocrx_word' id='word_1_638' title='bbox 2790 3790 2891 3861; x_wconf 84' lang='grc' dir='ltr'>τὴν</span> <span class='ocrx_word' id='word_1_639' title='bbox 2922 3791 3043 3843; x_wconf 77' lang='grc' dir='ltr'>κατ’</span> <span class='ocrx_word' id='word_1_640' title='bbox 3076 3788 3259 3841; x_wconf 84' lang='grc' dir='ltr'>αὐτῶν</span> <span class='ocrx_word' id='word_1_641' title='bbox 3302 3788 3429 3857; x_wconf 77' lang='grc' dir='ltr'>ἔσχε</span> <span class='ocrx_word' id='word_1_642' title='bbox 3475 3786 3669 3855; x_wconf 82' lang='grc' dir='ltr'>κυριό-</span> 
     </span>
    </p>
   </div>
   <div class='ocr_carea' id='block_1_85' title="bbox 2082 3877 3670 3952">
    <p class='ocr_par' dir='ltr' id='par_1_85' title="bbox 2082 3877 3670 3952">
     <span class='ocr_line' id='line_1_85' title="bbox 2082 3877 3670 3952; baseline -0.001 -21"><span class='ocrx_word' id='word_1_643' title='bbox 2082 3895 2245 3948; x_wconf 88' lang='grc' dir='ltr'>τητα,</span> <span class='ocrx_word' id='word_1_644' title='bbox 2278 3878 2453 3933; x_wconf 88' lang='grc' dir='ltr'>ταῦτα</span> <span class='ocrx_word' id='word_1_645' title='bbox 2499 3880 2609 3951; x_wconf 91' lang='grc' dir='ltr'><strong>γάρ</strong></span> <span class='ocrx_word' id='word_1_646' title='bbox 2654 3880 2733 3952; x_wconf 83' lang='grc' dir='ltr'>τῷ</span> <span class='ocrx_word' id='word_1_647' title='bbox 2778 3881 2983 3950; x_wconf 83' lang='grc' dir='ltr'>κυρίως</span> <span class='ocrx_word' id='word_1_648' title='bbox 3028 3881 3414 3952; x_wconf 75' lang='grc' dir='ltr'>σημαινομένῳ</span> <span class='ocrx_word' id='word_1_649' title='bbox 3440 3877 3533 3931; x_wconf 84' lang='grc' dir='ltr'><strong>διὰ</strong></span> <span class='ocrx_word' id='word_1_650' title='bbox 3569 3877 3670 3945; x_wconf 86' lang='grc' dir='ltr'>τῆς</span> 
     </span>
    </p>
   </div>
   <div class='ocr_carea' id='block_1_86' title="bbox 2083 3969 3671 4043">
    <p class='ocr_par' dir='ltr' id='par_1_86' title="bbox 2083 3969 3671 4043">
     <span class='ocr_line' id='line_1_86' title="bbox 2083 3969 3671 4043; baseline -0.001 -21"><span class='ocrx_word' id='word_1_651' title='bbox 2083 3972 2179 4023; x_wconf 84' lang='grc' dir='ltr'><strong>τοῦ</strong></span> <span class='ocrx_word' id='word_1_652' title='bbox 2211 3971 2474 4042; x_wconf 84' lang='grc' dir='ltr'>βασιλέως</span> <span class='ocrx_word' id='word_1_653' title='bbox 2502 3974 2688 4043; x_wconf 76' lang='grc' dir='ltr'>φωνῆς</span> <span class='ocrx_word' id='word_1_654' title='bbox 2717 3974 2932 4039; x_wconf 70' lang='grc' dir='ltr'>ἕπεται,</span> <span class='ocrx_word' id='word_1_655' title='bbox 2964 3974 3080 4027; x_wconf 78' lang='grc' dir='ltr'>ἀλλ’</span> <span class='ocrx_word' id='word_1_656' title='bbox 3117 3973 3417 4042; x_wconf 83' lang='grc' dir='ltr'>ἐπειδήπερ</span> <span class='ocrx_word' id='word_1_657' title='bbox 3435 3970 3545 4023; x_wconf 83' lang='grc' dir='ltr'><strong>τῶν</strong></span> <span class='ocrx_word' id='word_1_658' title='bbox 3576 3969 3671 4021; x_wconf 78' lang='grc' dir='ltr'>ἐπὶ</span> 
     </span>
    </p>
   </div>
   <div class='ocr_carea' id='block_1_87' title="bbox 2085 4059 3672 4137">
    <p class='ocr_par' dir='ltr' id='par_1_87' title="bbox 2085 4059 3672 4137">
     <span class='ocr_line' id='line_1_87' title="bbox 2085 4059 3672 4137; baseline -0.006 -16"><span class='ocrx_word' id='word_1_659' title='bbox 2085 4065 2188 4135; x_wconf 83' lang='grc' dir='ltr'>γῆς</span> <span class='ocrx_word' id='word_1_660' title='bbox 2223 4067 2251 4119; x_wconf 92' lang='lat'><strong>6</strong></span> <span class='ocrx_word' id='word_1_661' title='bbox 2282 4065 2581 4135; x_wconf 85' lang='grc' dir='ltr'>βασιλεύων</span> <span class='ocrx_word' id='word_1_662' title='bbox 2632 4068 2693 4120; x_wconf 89' lang='lat'>16</span> <span class='ocrx_word' id='word_1_663' title='bbox 2737 4069 2940 4137; x_wconf 87' lang='grc' dir='ltr'>κράτος</span> <span class='ocrx_word' id='word_1_664' title='bbox 2984 4067 3281 4121; x_wconf 85' lang='grc' dir='ltr'>ἀδέσποτον</span> <span class='ocrx_word' id='word_1_665' title='bbox 3323 4064 3481 4134; x_wconf 84' lang='grc' dir='ltr'>φέρει</span> <span class='ocrx_word' id='word_1_666' title='bbox 3528 4059 3672 4113; x_wconf 88' lang='grc' dir='ltr'><strong>κατά</strong></span> 
     </span>
    </p>
   </div>
   <div class='ocr_carea' id='block_1_88' title="bbox 2084 4148 3672 4229">
    <p class='ocr_par' dir='ltr' id='par_1_88' title="bbox 2084 4148 3672 4229">
     <span class='ocr_line' id='line_1_88' title="bbox 2084 4148 3672 4229; baseline -0.006 -20"><span class='ocrx_word' id='word_1_667' title='bbox 2084 4157 2196 4210; x_wconf 82' lang='grc' dir='ltr'>τῶν</span> <span class='ocrx_word' id='word_1_668' title='bbox 2228 4156 2335 4210; x_wconf 83' lang='grc' dir='ltr'>ὑπὸ</span> <span class='ocrx_word' id='word_1_669' title='bbox 2365 4161 2522 4229; x_wconf 85' lang='grc' dir='ltr'>χεῖρα</span> <span class='ocrx_word' id='word_1_670' title='bbox 2544 4175 2559 4189; x_wconf 75' lang='grc' dir='ltr'><strong>ο</strong></span> <span class='ocrx_word' id='word_1_671' title='bbox 2597 4159 2753 4212; x_wconf 87' lang='grc' dir='ltr'>τοῦτο</span> <span class='ocrx_word' id='word_1_672' title='bbox 2779 4159 2835 4212; x_wconf 80' lang='grc' dir='ltr'>δὲ</span> <span class='ocrx_word' id='word_1_673' title='bbox 2856 4160 2885 4211; x_wconf 90' lang='lat'><strong>6</strong></span> <span class='ocrx_word' id='word_1_674' title='bbox 2911 4157 3138 4220; x_wconf 84' lang='grc' dir='ltr'>Θάνατος</span> <span class='ocrx_word' id='word_1_675' title='bbox 3162 4155 3252 4209; x_wconf 87' lang='grc' dir='ltr'>διὰ</span> <span class='ocrx_word' id='word_1_676' title='bbox 3288 4154 3387 4223; x_wconf 84' lang='grc' dir='ltr'>τῆς</span> <span class='ocrx_word' id='word_1_677' title='bbox 3414 4148 3672 4221; x_wconf 83' lang='grc' dir='ltr'>παραϐά-</span> 
     </span>
    </p>
   </div>
   <div class='ocr_carea' id='block_1_89' title="bbox 2088 4238 3674 4321">
    <p class='ocr_par' dir='ltr' id='par_1_89' title="bbox 2088 4238 3674 4321">
     <span class='ocr_line' id='line_1_89' title="bbox 2088 4238 3674 4321; baseline -0.006 -20"><span class='ocrx_word' id='word_1_678' title='bbox 2088 4262 2226 4311; x_wconf 86' lang='grc' dir='ltr'>σεως</span> <span class='ocrx_word' id='word_1_679' title='bbox 2252 4248 2503 4319; x_wconf 76' lang='grc' dir='ltr'>ἥρπασεν</span> <span class='ocrx_word' id='word_1_680' title='bbox 2523 4264 2536 4277; x_wconf 78' lang='grc'><strong>⁸</strong></span> <span class='ocrx_word' id='word_1_681' title='bbox 2568 4249 2741 4321; x_wconf 84' lang='grc' dir='ltr'>ταύτῃ</span> <span class='ocrx_word' id='word_1_682' title='bbox 2763 4250 2820 4303; x_wconf 79' lang='grc' dir='ltr'>δὲ</span> <span class='ocrx_word' id='word_1_683' title='bbox 2848 4249 2943 4300; x_wconf 70' lang='grc' dir='ltr'>καὶ</span> <span class='ocrx_word' id='word_1_684' title='bbox 2968 4247 3221 4317; x_wconf 83' lang='grc' dir='ltr'>βασιλεὺς</span> <span class='ocrx_word' id='word_1_685' title='bbox 3266 4241 3428 4305; x_wconf 76' lang='grc' dir='ltr'>εἶναι,</span> <span class='ocrx_word' id='word_1_686' title='bbox 3464 4243 3562 4295; x_wconf 71' lang='grc' dir='ltr'>καὶ</span> <span class='ocrx_word' id='word_1_687' title='bbox 3604 4238 3674 4292; x_wconf 79' lang='grc' dir='ltr'>τὰ</span> 
     </span>
    </p>
   </div>
   <div class='ocr_carea' id='block_1_90' title="bbox 2088 4331 3670 4411">
    <p class='ocr_par' dir='ltr' id='par_1_90' title="bbox 2088 4331 3670 4411">
     <span class='ocr_line' id='line_1_90' title="bbox 2088 4331 3670 4411; baseline -0.004 -22"><span class='ocrx_word' id='word_1_688' title='bbox 2088 4338 2279 4391; x_wconf 85' lang='grc' dir='ltr'>τούτου</span> <span class='ocrx_word' id='word_1_689' title='bbox 2320 4341 2571 4409; x_wconf 80' lang='grc' dir='ltr'>βασίλεια</span> <span class='ocrx_word' id='word_1_690' title='bbox 2598 4340 2856 4409; x_wconf 88' lang='grc' dir='ltr'>λέγεσθαι</span> <span class='ocrx_word' id='word_1_691' title='bbox 2887 4339 3280 4411; x_wconf 86' lang='grc' dir='ltr'>μεταθεμένοις</span> <span class='ocrx_word' id='word_1_692' title='bbox 3302 4336 3364 4390; x_wconf 92' lang='lat'>16</span> <span class='ocrx_word' id='word_1_693' title='bbox 3384 4336 3560 4404; x_wconf 76' lang='grc' dir='ltr'>ὄνομα</span> <span class='ocrx_word' id='word_1_694' title='bbox 3578 4331 3670 4383; x_wconf 83' lang='grc' dir='ltr'>δύ-</span> 
     </span>
    </p>
   </div>
   <div class='ocr_carea' id='block_1_91' title="bbox 392 4416 1974 4499">
    <p class='ocr_par' dir='ltr' id='par_1_91' title="bbox 392 4423 1974 4497">
     <span class='ocr_line' id='line_1_91' title="bbox 392 4423 1974 4497; baseline -0.007 -14"><span class='ocrx_word' id='word_1_695' title='bbox 392 4427 597 4484; x_wconf 88' lang='lat' dir='ltr'><strong>ctionis</strong></span> <span class='ocrx_word' id='word_1_696' title='bbox 628 4426 855 4497; x_wconf 76' lang='lat' dir='ltr'><strong>praecisa</strong></span> <span class='ocrx_word' id='word_1_697' title='bbox 886 4436 939 4480; x_wconf 90' lang='lat' dir='ltr'><strong>et</strong></span> <span class='ocrx_word' id='word_1_698' title='bbox 968 4426 1241 4480; x_wconf 84' lang='lat' dir='ltr'><strong>exstincta</strong></span> <span class='ocrx_word' id='word_1_699' title='bbox 1277 4443 1291 4479; x_wconf 89' lang='lat'><strong>:</strong></span> <span class='ocrx_word' id='word_1_700' title='bbox 1323 4438 1512 4478; x_wconf 90' lang='lat' dir='ltr'><strong>verum</strong></span> <span class='ocrx_word' id='word_1_701' title='bbox 1544 4423 1827 4477; x_wconf 88' lang='lat' dir='ltr'><strong>enimvero</strong></span> <span class='ocrx_word' id='word_1_702' title='bbox 1861 4439 1974 4477; x_wconf 87' lang='lat' dir='ltr'><strong>cun:</strong></span> 
     </span>
    </p>
   </div>
   <div class='ocr_carea' id='block_1_92' title="bbox 2081 4416 3674 4499">
    <p class='ocr_par' dir='ltr' id='par_1_92' title="bbox 2092 4416 3674 4499">
     <span class='ocr_line' id='line_1_92' title="bbox 2092 4416 3674 4499; baseline 0 -20"><span class='ocrx_word' id='word_1_703' title='bbox 2092 4445 2249 4481; x_wconf 82' lang='grc' dir='ltr'>ναται</span> <span class='ocrx_word' id='word_1_704' title='bbox 2273 4445 2288 4458; x_wconf 82' lang='lat'>&#39;</span> <span class='ocrx_word' id='word_1_705' title='bbox 2324 4428 2420 4482; x_wconf 77' lang='grc' dir='ltr'>καὶ</span> <span class='ocrx_word' id='word_1_706' title='bbox 2434 4425 2502 4499; x_wconf 81' lang='grc' dir='ltr'><strong>ἦν</strong></span> <span class='ocrx_word' id='word_1_707' title='bbox 2528 4430 2625 4499; x_wconf 84' lang='grc' dir='ltr'><strong>μὲν</strong></span> <span class='ocrx_word' id='word_1_708' title='bbox 2648 4428 2798 4499; x_wconf 79' lang='grc' dir='ltr'>αὑτῷ</span> <span class='ocrx_word' id='word_1_709' title='bbox 2818 4427 2927 4498; x_wconf 87' lang='grc' dir='ltr'>πρὸ</span> <span class='ocrx_word' id='word_1_710' title='bbox 2951 4426 3045 4480; x_wconf 88' lang='grc' dir='ltr'><strong>τοῦ</strong></span> <span class='ocrx_word' id='word_1_711' title='bbox 3073 4424 3308 4495; x_wconf 85' lang='grc' dir='ltr'>σταυροῦ</span> <span class='ocrx_word' id='word_1_712' title='bbox 3337 4421 3458 4475; x_wconf 82' lang='grc' dir='ltr'>καθ’</span> <span class='ocrx_word' id='word_1_713' title='bbox 3489 4416 3674 4490; x_wconf 64' lang='grc' dir='ltr'>ἡμῶν,</span> 
     </span>
    </p>
   </div>
   <div class='ocr_carea' id='block_1_93' title="bbox 396 4512 1985 4586">
    <p class='ocr_par' dir='ltr' id='par_1_93' title="bbox 396 4512 1985 4586">
     <span class='ocr_line' id='line_1_93' title="bbox 396 4512 1985 4586; baseline 0.001 -18"><span class='ocrx_word' id='word_1_714' title='bbox 396 4514 679 4570; x_wconf 89' lang='lat' dir='ltr'><strong>Dominica</strong></span> <span class='ocrx_word' id='word_1_715' title='bbox 708 4514 895 4586; x_wconf 86' lang='lat' dir='ltr'><strong>passio</strong></span> <span class='ocrx_word' id='word_1_716' title='bbox 922 4515 1030 4568; x_wconf 91' lang='lat' dir='ltr'><strong>vim</strong></span> <span class='ocrx_word' id='word_1_717' title='bbox 1071 4514 1220 4569; x_wconf 89' lang='lat' dir='ltr'><strong>illius</strong></span> <span class='ocrx_word' id='word_1_718' title='bbox 1253 4514 1484 4568; x_wconf 88' lang='lat' dir='ltr'><strong>omnino</strong></span> <span class='ocrx_word' id='word_1_719' title='bbox 1517 4512 1830 4578; x_wconf 84' lang='lat' dir='ltr'><strong>abstulerit,</strong></span> <span class='ocrx_word' id='word_1_720' title='bbox 1859 4514 1985 4583; x_wconf 86' lang='lat' dir='ltr'><strong>jure</strong></span> 
     </span>
    </p>
   </div>
   <div class='ocr_carea' id='block_1_94' title="bbox 396 4604 1876 4678">
    <p class='ocr_par' dir='ltr' id='par_1_94' title="bbox 396 4604 1876 4678">
     <span class='ocr_line' id='line_1_94' title="bbox 396 4604 1876 4678; baseline -0.001 -16"><span class='ocrx_word' id='word_1_721' title='bbox 396 4608 700 4678; x_wconf 92' lang='lat' dir='ltr'><strong>meritoque</strong></span> <span class='ocrx_word' id='word_1_722' title='bbox 739 4608 977 4662; x_wconf 87' lang='lat' dir='ltr'><strong>dicimus</strong></span> <span class='ocrx_word' id='word_1_723' title='bbox 999 4622 1228 4677; x_wconf 89' lang='lat' dir='ltr'><strong>regnum</strong></span> <span class='ocrx_word' id='word_1_724' title='bbox 1269 4606 1390 4675; x_wconf 86' lang='lat' dir='ltr'><strong>ejus</strong></span> <span class='ocrx_word' id='word_1_725' title='bbox 1425 4621 1550 4660; x_wconf 88' lang='lat' dir='ltr'><strong>esse</strong></span> <span class='ocrx_word' id='word_1_726' title='bbox 1578 4604 1876 4675; x_wconf 89' lang='lat' dir='ltr'><strong>direptum.</strong></span> 
     </span>
    </p>
   </div>
   <div class='ocr_carea' id='block_1_95' title="bbox 2092 4511 3675 4592">
    <p class='ocr_par' dir='ltr' id='par_1_95' title="bbox 2092 4511 3675 4592">
     <span class='ocr_line' id='line_1_95' title="bbox 2092 4511 3675 4592; baseline -0.02 0"><span class='ocrx_word' id='word_1_727' title='bbox 2092 4520 2306 4590; x_wconf 72' lang='grc' dir='ltr'>ἄμαχος</span> <span class='ocrx_word' id='word_1_728' title='bbox 2335 4523 2366 4591; x_wconf 80' lang='grc' dir='ltr'><strong>ἡ</strong></span> <span class='ocrx_word' id='word_1_729' title='bbox 2402 4521 2630 4590; x_wconf 79' lang='grc' dir='ltr'>τοιαύτη</span> <span class='ocrx_word' id='word_1_730' title='bbox 2670 4523 2835 4592; x_wconf 84' lang='grc' dir='ltr'>ἀρχὴ,</span> <span class='ocrx_word' id='word_1_731' title='bbox 2888 4522 3071 4574; x_wconf 83' lang='grc' dir='ltr'>πᾶσαν</span> <span class='ocrx_word' id='word_1_732' title='bbox 3097 4518 3453 4575; x_wconf 82' lang='grc' dir='ltr'>ἀναστάσεως</span> <span class='ocrx_word' id='word_1_733' title='bbox 3484 4511 3675 4565; x_wconf 84' lang='grc' dir='ltr'>ἐλπίδα</span> 
     </span>
    </p>
   </div>
   <div class='ocr_carea' id='block_1_96' title="bbox 2092 4606 3675 4684">
    <p class='ocr_par' dir='ltr' id='par_1_96' title="bbox 2092 4606 3675 4684">
     <span class='ocr_line' id='line_1_96' title="bbox 2092 4606 3675 4684; baseline -0.005 -21"><span class='ocrx_word' id='word_1_734' title='bbox 2092 4613 2505 4681; x_wconf 86' lang='grc' dir='ltr'>περικόπτουσά</span> <span class='ocrx_word' id='word_1_735' title='bbox 2533 4631 2591 4666; x_wconf 90' lang='grc' dir='ltr'><strong>τε</strong></span> <span class='ocrx_word' id='word_1_736' title='bbox 2635 4617 2727 4668; x_wconf 74' lang='grc' dir='ltr'>καὶ</span> <span class='ocrx_word' id='word_1_737' title='bbox 2769 4611 3187 4684; x_wconf 83' lang='grc' dir='ltr'>νεκροποιοῦσα,</span> <span class='ocrx_word' id='word_1_738' title='bbox 3218 4608 3315 4662; x_wconf 90' lang='grc' dir='ltr'><strong>τοῦ</strong></span> <span class='ocrx_word' id='word_1_739' title='bbox 3338 4607 3395 4660; x_wconf 85' lang='grc' dir='ltr'>δὲ</span> <span class='ocrx_word' id='word_1_740' title='bbox 3419 4606 3675 4659; x_wconf 79' lang='grc' dir='ltr'>δεσποτι-</span> 
     </span>
    </p>
   </div>
   <div class='ocr_carea' id='block_1_97' title="bbox 397 4695 3677 4776">
    <p class='ocr_par' dir='ltr' id='par_1_97' title="bbox 397 4695 3677 4776">
     <span class='ocr_line' id='line_1_97' title="bbox 397 4695 3677 4776; baseline -0 -24"><span class='ocrx_word' id='word_1_741' title='bbox 397 4699 492 4752; x_wconf 76' lang='grc' dir='ltr'><strong>κοῦ</strong></span> <span class='ocrx_word' id='word_1_742' title='bbox 526 4699 733 4763; x_wconf 88' lang='grc' dir='ltr'>πάθους</span> <span class='ocrx_word' id='word_1_743' title='bbox 764 4699 862 4765; x_wconf 81' lang='grc' dir='ltr'>τῆς</span> <span class='ocrx_word' id='word_1_744' title='bbox 896 4698 1079 4769; x_wconf 80' lang='grc' dir='ltr'>ἰσχύος</span> <span class='ocrx_word' id='word_1_745' title='bbox 1102 4698 1266 4752; x_wconf 79' lang='grc' dir='ltr'>αὑτὸν</span> <span class='ocrx_word' id='word_1_746' title='bbox 1294 4695 1575 4760; x_wconf 85' lang='grc' dir='ltr'>παντελῶς</span> <span class='ocrx_word' id='word_1_747' title='bbox 1618 4696 1981 4768; x_wconf 87' lang='grc' dir='ltr'>ἀφελομένου,</span> <span class='ocrx_word' id='word_1_748' title='bbox 2019 4703 2246 4767; x_wconf 78' lang='grc' dir='ltr'>εἰκότως</span> <span class='ocrx_word' id='word_1_749' title='bbox 2279 4706 2374 4757; x_wconf 72' lang='grc' dir='ltr'>καὶ</span> <span class='ocrx_word' id='word_1_750' title='bbox 2398 4705 2544 4759; x_wconf 83' lang='grc' dir='ltr'><strong>κατά</strong></span> <span class='ocrx_word' id='word_1_751' title='bbox 2571 4706 2727 4775; x_wconf 89' lang='grc' dir='ltr'>λόγον</span> <span class='ocrx_word' id='word_1_752' title='bbox 2767 4706 2948 4776; x_wconf 82' lang='grc' dir='ltr'>φαμὲν</span> <span class='ocrx_word' id='word_1_753' title='bbox 2983 4701 3346 4757; x_wconf 85' lang='grc' dir='ltr'>ἐσκυλεῦσθαι</span> <span class='ocrx_word' id='word_1_754' title='bbox 3402 4700 3475 4753; x_wconf 84' lang='grc' dir='ltr'>τὰ</span> <span class='ocrx_word' id='word_1_755' title='bbox 3549 4697 3677 4751; x_wconf 84' lang='grc' dir='ltr'>τού-</span> 
     </span>
    </p>
   </div>
   <div class='ocr_carea' id='block_1_98' title="bbox 405 4796 793 4866">
    <p class='ocr_par' dir='ltr' id='par_1_98' title="bbox 405 4796 793 4866">
     <span class='ocr_line' id='line_1_98' title="bbox 405 4796 793 4866; baseline -0.003 -15"><span class='ocrx_word' id='word_1_756' title='bbox 405 4815 490 4851; x_wconf 73' lang='grc' dir='ltr'>σου</span> <span class='ocrx_word' id='word_1_757' title='bbox 522 4796 793 4866; x_wconf 80' lang='grc' dir='ltr'>βασίλεια.</span> 
     </span>
    </p>
   </div>
   <div class='ocr_carea' id='block_1_99' title="bbox 469 4886 1986 4959">
    <p class='ocr_par' dir='ltr' id='par_1_99' title="bbox 469 4886 1986 4959">
     <span class='ocr_line' id='line_1_99' title="bbox 469 4886 1986 4959; baseline -0.002 -14"><span class='ocrx_word' id='word_1_758' title='bbox 469 4890 555 4945; x_wconf 79' lang='grc'><strong>10.</strong></span> <span class='ocrx_word' id='word_1_759' title='bbox 600 4888 743 4959; x_wconf 88' lang='lat' dir='ltr'><strong>Ergo</strong></span> <span class='ocrx_word' id='word_1_760' title='bbox 782 4889 936 4951; x_wconf 90' lang='lat' dir='ltr'><strong>licet,</strong></span> <span class='ocrx_word' id='word_1_761' title='bbox 964 4896 1024 4942; x_wconf 95' lang='lat' dir='ltr'><strong>ut</strong></span> <span class='ocrx_word' id='word_1_762' title='bbox 1048 4886 1315 4951; x_wconf 90' lang='lat' dir='ltr'><strong>arbitror,</strong></span> <span class='ocrx_word' id='word_1_763' title='bbox 1362 4886 1535 4941; x_wconf 88' lang='lat' dir='ltr'><strong>alacri</strong></span> <span class='ocrx_word' id='word_1_764' title='bbox 1579 4888 1765 4941; x_wconf 90' lang='lat' dir='ltr'><strong>animo</strong></span> <span class='ocrx_word' id='word_1_765' title='bbox 1815 4888 1986 4943; x_wconf 78' lang='lat' dir='ltr'><strong>confi-</strong></span> 
     </span>
    </p>
   </div>
   <div class='ocr_carea' id='block_1_100' title="bbox 398 4979 1988 5052">
    <p class='ocr_par' dir='ltr' id='par_1_100' title="bbox 398 4979 1988 5052">
     <span class='ocr_line' id='line_1_100' title="bbox 398 4979 1988 5052; baseline -0.002 -14"><span class='ocrx_word' id='word_1_766' title='bbox 398 4982 658 5052; x_wconf 87' lang='lat' dir='ltr'><strong>dentique</strong></span> <span class='ocrx_word' id='word_1_767' title='bbox 681 4982 870 5051; x_wconf 87' lang='lat' dir='ltr'><strong>lingua</strong></span> <span class='ocrx_word' id='word_1_768' title='bbox 916 4980 1118 5043; x_wconf 90' lang='lat' dir='ltr'><strong>dicere,</strong></span> <span class='ocrx_word' id='word_1_769' title='bbox 1151 4979 1515 5034; x_wconf 90' lang='lat' dir='ltr'><strong>voluntariam</strong></span> <span class='ocrx_word' id='word_1_770' title='bbox 1547 4979 1710 5034; x_wconf 89' lang='lat' dir='ltr'><strong>simul</strong></span> <span class='ocrx_word' id='word_1_771' title='bbox 1745 4990 1800 5035; x_wconf 93' lang='lat' dir='ltr'><strong>et</strong></span> <span class='ocrx_word' id='word_1_772' title='bbox 1829 4980 1988 5035; x_wconf 78' lang='lat' dir='ltr'><strong>invo-</strong></span> 
     </span>
    </p>
   </div>
   <div class='ocr_carea' id='block_1_101' title="bbox 403 5068 1987 5129">
    <p class='ocr_par' dir='ltr' id='par_1_101' title="bbox 403 5068 1987 5129">
     <span class='ocr_line' id='line_1_101' title="bbox 403 5068 1987 5129; baseline -0.002 0"><span class='ocrx_word' id='word_1_773' title='bbox 403 5074 697 5129; x_wconf 86' lang='lat' dir='ltr'><strong>Iuntariam</strong></span> <span class='ocrx_word' id='word_1_774' title='bbox 722 5070 872 5127; x_wconf 86' lang='lat' dir='ltr'><strong>Patri</strong></span> <span class='ocrx_word' id='word_1_775' title='bbox 906 5069 1173 5127; x_wconf 85' lang='lat' dir='ltr'><strong>accidisse</strong></span> <span class='ocrx_word' id='word_1_776' title='bbox 1188 5068 1308 5125; x_wconf 87' lang='lat' dir='ltr'><strong>Filii</strong></span> <span class='ocrx_word' id='word_1_777' title='bbox 1343 5086 1533 5127; x_wconf 91' lang='lat' dir='ltr'><strong>necem</strong></span> <span class='ocrx_word' id='word_1_778' title='bbox 1562 5089 1576 5127; x_wconf 90' lang='lat'><strong>:</strong></span> <span class='ocrx_word' id='word_1_779' title='bbox 1601 5079 1657 5126; x_wconf 95' lang='lat' dir='ltr'><strong>et</strong></span> <span class='ocrx_word' id='word_1_780' title='bbox 1684 5071 1738 5127; x_wconf 91' lang='lat' dir='ltr'><strong>id</strong></span> <span class='ocrx_word' id='word_1_781' title='bbox 1771 5080 1987 5126; x_wconf 84' lang='lat' dir='ltr'><strong>utrum-</strong></span> 
     </span>
    </p>
   </div>
   <div class='ocr_carea' id='block_1_102' title="bbox 401 5163 1989 5237">
    <p class='ocr_par' dir='ltr' id='par_1_102' title="bbox 401 5163 1989 5237">
     <span class='ocr_line' id='line_1_102' title="bbox 401 5163 1989 5237; baseline -0.001 -16"><span class='ocrx_word' id='word_1_782' title='bbox 401 5182 510 5237; x_wconf 89' lang='lat' dir='ltr'><strong>que</strong></span> <span class='ocrx_word' id='word_1_783' title='bbox 554 5167 623 5220; x_wconf 89' lang='lat' dir='ltr'><strong>de</strong></span> <span class='ocrx_word' id='word_1_784' title='bbox 659 5165 818 5219; x_wconf 86' lang='lat' dir='ltr'><strong>hoste</strong></span> <span class='ocrx_word' id='word_1_785' title='bbox 863 5178 1080 5234; x_wconf 92' lang='lat' dir='ltr'><strong>quoque</strong></span> <span class='ocrx_word' id='word_1_786' title='bbox 1142 5163 1363 5219; x_wconf 91' lang='lat' dir='ltr'><strong>diabolo</strong></span> <span class='ocrx_word' id='word_1_787' title='bbox 1414 5163 1763 5233; x_wconf 87' lang='lat' dir='ltr'><strong>pronuntiari</strong></span> <span class='ocrx_word' id='word_1_788' title='bbox 1824 5178 1989 5233; x_wconf 85' lang='lat' dir='ltr'><strong>posse</strong></span> 
     </span>
    </p>
   </div>
   <div class='ocr_carea' id='block_1_103' title="bbox 402 5254 1989 5325">
    <p class='ocr_par' dir='ltr' id='par_1_103' title="bbox 402 5254 1989 5325">
     <span class='ocr_line' id='line_1_103' title="bbox 402 5254 1989 5325; baseline -0.001 -13"><span class='ocrx_word' id='word_1_789' title='bbox 402 5258 673 5312; x_wconf 88' lang='lat' dir='ltr'><strong>videmus.</strong></span> <span class='ocrx_word' id='word_1_790' title='bbox 708 5254 949 5311; x_wconf 86' lang='lat' dir='ltr'><strong>Dicimus</strong></span> <span class='ocrx_word' id='word_1_791' title='bbox 980 5256 1202 5325; x_wconf 83' lang='lat' dir='ltr'><strong>insuper</strong></span> <span class='ocrx_word' id='word_1_792' title='bbox 1228 5256 1381 5311; x_wconf 90' lang='lat' dir='ltr'><strong>cruci</strong></span> <span class='ocrx_word' id='word_1_793' title='bbox 1404 5255 1687 5310; x_wconf 85' lang='lat' dir='ltr'><strong>Christum</strong></span> <span class='ocrx_word' id='word_1_794' title='bbox 1712 5270 1809 5324; x_wconf 90' lang='lat' dir='ltr'><strong>pro</strong></span> <span class='ocrx_word' id='word_1_795' title='bbox 1829 5254 1989 5311; x_wconf 86' lang='lat' dir='ltr'><strong>nobis</strong></span> 
     </span>
    </p>
   </div>
   <div class='ocr_carea' id='block_1_104' title="bbox 405 5346 1989 5419">
    <p class='ocr_par' dir='ltr' id='par_1_104' title="bbox 405 5346 1989 5419">
     <span class='ocr_line' id='line_1_104' title="bbox 405 5346 1989 5419; baseline -0.002 -16"><span class='ocrx_word' id='word_1_796' title='bbox 405 5347 770 5417; x_wconf 87' lang='lat' dir='ltr'><strong>subjacuisse,</strong></span> <span class='ocrx_word' id='word_1_797' title='bbox 801 5364 1070 5418; x_wconf 90' lang='lat' dir='ltr'><strong>suumque</strong></span> <span class='ocrx_word' id='word_1_798' title='bbox 1097 5350 1420 5419; x_wconf 86' lang='lat' dir='ltr'><strong>sanguinem</strong></span> <span class='ocrx_word' id='word_1_799' title='bbox 1449 5346 1755 5402; x_wconf 75' lang='lat' dir='ltr'><strong>clementia:</strong></span> <span class='ocrx_word' id='word_1_800' title='bbox 1788 5347 1989 5403; x_wconf 90' lang='lat' dir='ltr'><strong>iustin-</strong></span> 
     </span>
    </p>
   </div>
   <div class='ocr_carea' id='block_1_105' title="bbox 406 5439 1987 5511">
    <p class='ocr_par' dir='ltr' id='par_1_105' title="bbox 406 5439 1987 5511">
     <span class='ocr_line' id='line_1_105' title="bbox 406 5439 1987 5511; baseline 0.001 -16"><span class='ocrx_word' id='word_1_801' title='bbox 406 5449 499 5497; x_wconf 88' lang='lat' dir='ltr'><strong>ctu</strong></span> <span class='ocrx_word' id='word_1_802' title='bbox 533 5439 846 5511; x_wconf 85' lang='lat' dir='ltr'><strong>profudisse</strong></span> <span class='ocrx_word' id='word_1_803' title='bbox 877 5459 892 5495; x_wconf 90' lang='lat'><strong>:</strong></span> <span class='ocrx_word' id='word_1_804' title='bbox 929 5455 1109 5511; x_wconf 88' lang='lat' dir='ltr'><strong>neque</strong></span> <span class='ocrx_word' id='word_1_805' title='bbox 1150 5450 1331 5496; x_wconf 90' lang='lat' dir='ltr'><strong>tamen</strong></span> <span class='ocrx_word' id='word_1_806' title='bbox 1376 5440 1634 5510; x_wconf 89' lang='lat' dir='ltr'><strong>cuiquam</strong></span> <span class='ocrx_word' id='word_1_807' title='bbox 1670 5441 1936 5497; x_wconf 89' lang='lat' dir='ltr'><strong>obtulisse</strong></span> <span class='ocrx_word' id='word_1_808' title='bbox 1971 5458 1987 5497; x_wconf 93' lang='lat'><strong>:</strong></span> 
     </span>
    </p>
   </div>
   <div class='ocr_carea' id='block_1_106' title="bbox 412 5532 1987 5603">
    <p class='ocr_par' dir='ltr' id='par_1_106' title="bbox 412 5532 1987 5603">
     <span class='ocr_line' id='line_1_106' title="bbox 412 5532 1987 5603; baseline 0.002 -17"><span class='ocrx_word' id='word_1_809' title='bbox 412 5549 517 5588; x_wconf 92' lang='lat' dir='ltr'><strong>non</strong></span> <span class='ocrx_word' id='word_1_810' title='bbox 540 5532 686 5588; x_wconf 89' lang='lat' dir='ltr'><strong>enim</strong></span> <span class='ocrx_word' id='word_1_811' title='bbox 709 5533 757 5587; x_wconf 92' lang='lat' dir='ltr'><strong>ei</strong></span> <span class='ocrx_word' id='word_1_812' title='bbox 784 5535 1122 5603; x_wconf 89' lang='lat' dir='ltr'><strong>propositum</strong></span> <span class='ocrx_word' id='word_1_813' title='bbox 1146 5541 1263 5587; x_wconf 87' lang='lat' dir='ltr'><strong>erat</strong></span> <span class='ocrx_word' id='word_1_814' title='bbox 1295 5532 1621 5603; x_wconf 88' lang='lat' dir='ltr'><strong>sanguinem</strong></span> <span class='ocrx_word' id='word_1_815' title='bbox 1640 5532 1859 5598; x_wconf 83' lang='lat' dir='ltr'><strong>offerre,</strong></span> <span class='ocrx_word' id='word_1_816' title='bbox 1892 5534 1987 5589; x_wconf 93' lang='lat' dir='ltr'><strong>sed</strong></span> 
     </span>
    </p>
   </div>
   <div class='ocr_carea' id='block_1_107' title="bbox 413 5624 1989 5698">
    <p class='ocr_par' dir='ltr' id='par_1_107' title="bbox 413 5624 1989 5698">
     <span class='ocr_line' id='line_1_107' title="bbox 413 5624 1989 5698; baseline 0.003 -23"><span class='ocrx_word' id='word_1_817' title='bbox 413 5626 666 5694; x_wconf 72' lang='lat' dir='ltr'><strong>passione</strong></span> <span class='ocrx_word' id='word_1_818' title='bbox 695 5640 793 5679; x_wconf 91' lang='lat' dir='ltr'><strong>sua</strong></span> <span class='ocrx_word' id='word_1_819' title='bbox 832 5626 977 5695; x_wconf 89' lang='lat' dir='ltr'><strong>quod</strong></span> <span class='ocrx_word' id='word_1_820' title='bbox 1011 5624 1249 5693; x_wconf 87' lang='lat' dir='ltr'><strong>perierat</strong></span> <span class='ocrx_word' id='word_1_821' title='bbox 1273 5638 1619 5683; x_wconf 82' lang='lat' dir='ltr'><strong>conservare.</strong></span> <span class='ocrx_word' id='word_1_822' title='bbox 1667 5627 1785 5683; x_wconf 87' lang='lat' dir='ltr'><strong>Non</strong></span> <span class='ocrx_word' id='word_1_823' title='bbox 1824 5627 1989 5698; x_wconf 89' lang='lat' dir='ltr'><strong>igitur</strong></span> 
     </span>
    </p>
   </div>
   <div class='ocr_carea' id='block_1_108' title="bbox 478 5739 915 5805">
    <p class='ocr_par' dir='ltr' id='par_1_108' title="bbox 478 5739 915 5805">
     <span class='ocr_line' id='line_1_108' title="bbox 478 5739 915 5805; baseline -0.007 -11"><span class='ocrx_word' id='word_1_824' title='bbox 478 5740 523 5771; x_wconf 82' lang='grc'><strong><em>³⁸</em></strong></span> <span class='ocrx_word' id='word_1_825' title='bbox 556 5739 719 5793; x_wconf 77' lang='lat' dir='ltr'><strong>Rom.</strong></span> <span class='ocrx_word' id='word_1_826' title='bbox 745 5754 799 5805; x_wconf 78' lang='grc' dir='ltr'><strong>ν,</strong></span> <span class='ocrx_word' id='word_1_827' title='bbox 829 5739 915 5791; x_wconf 72' lang='grc'><strong>14.</strong></span> 
     </span>
    </p>
   </div>
   <div class='ocr_carea' id='block_1_109' title="bbox 2166 4882 3677 4961">
    <p class='ocr_par' dir='ltr' id='par_1_109' title="bbox 2166 4882 3677 4961">
     <span class='ocr_line' id='line_1_109' title="bbox 2166 4882 3677 4961; baseline -0.006 -17"><span class='ocrx_word' id='word_1_828' title='bbox 2166 4897 2216 4946; x_wconf 85' lang='grc' dir='ltr'><strong>ι’.</strong></span> <span class='ocrx_word' id='word_1_829' title='bbox 2251 4890 2501 4945; x_wconf 86' lang='grc' dir='ltr'>Ἕνεστιν</span> <span class='ocrx_word' id='word_1_830' title='bbox 2524 4888 2638 4958; x_wconf 77' lang='grc' dir='ltr'>οὖν,</span> <span class='ocrx_word' id='word_1_831' title='bbox 2686 4885 2864 4961; x_wconf 79' lang='grc' dir='ltr'>οἶμαι,</span> <span class='ocrx_word' id='word_1_832' title='bbox 2896 4886 3093 4961; x_wconf 79' lang='grc' dir='ltr'>γνώμῃ</span> <span class='ocrx_word' id='word_1_833' title='bbox 3147 4903 3205 4939; x_wconf 89' lang='grc' dir='ltr'><strong>τε</strong></span> <span class='ocrx_word' id='word_1_834' title='bbox 3263 4882 3533 4954; x_wconf 77' lang='grc' dir='ltr'>χαιρούσῃ</span> <span class='ocrx_word' id='word_1_835' title='bbox 3587 4883 3677 4936; x_wconf 72' lang='grc' dir='ltr'>καὶ</span> 
     </span>
    </p>
   </div>
   <div class='ocr_carea' id='block_1_110' title="bbox 2096 4975 3679 5058">
    <p class='ocr_par' dir='ltr' id='par_1_110' title="bbox 2096 4975 3679 5058">
     <span class='ocr_line' id='line_1_110' title="bbox 2096 4975 3679 5058; baseline -0.008 -21"><span class='ocrx_word' id='word_1_836' title='bbox 2096 4984 2597 5058; x_wconf 73' lang='grc' dir='ltr'>παρρησιαζομένη</span> <span class='ocrx_word' id='word_1_837' title='bbox 2636 4981 2861 5054; x_wconf 79' lang='grc' dir='ltr'>γλώσσῃ</span> <span class='ocrx_word' id='word_1_838' title='bbox 2907 4981 3113 5049; x_wconf 83' lang='grc' dir='ltr'>λέγειν,</span> <span class='ocrx_word' id='word_1_839' title='bbox 3150 4979 3299 5040; x_wconf 84' lang='grc' dir='ltr'>ὅπως</span> <span class='ocrx_word' id='word_1_840' title='bbox 3339 4993 3400 5030; x_wconf 87' lang='grc' dir='ltr'><strong>τε</strong></span> <span class='ocrx_word' id='word_1_841' title='bbox 3457 4975 3679 5043; x_wconf 75' lang='grc' dir='ltr'>θελητόν</span> 
     </span>
    </p>
   </div>
   <div class='ocr_carea' id='block_1_111' title="bbox 2094 5065 3678 5146">
    <p class='ocr_par' dir='ltr' id='par_1_111' title="bbox 2094 5065 3678 5146">
     <span class='ocr_line' id='line_1_111' title="bbox 2094 5065 3678 5146; baseline -0.008 -17"><span class='ocrx_word' id='word_1_842' title='bbox 2094 5076 2212 5128; x_wconf 81' lang='grc' dir='ltr'>ἐστι</span> <span class='ocrx_word' id='word_1_843' title='bbox 2236 5075 2331 5129; x_wconf 71' lang='grc' dir='ltr'>καὶ</span> <span class='ocrx_word' id='word_1_844' title='bbox 2354 5075 2620 5146; x_wconf 88' lang='grc' dir='ltr'>ἀθέλητον</span> <span class='ocrx_word' id='word_1_845' title='bbox 2645 5077 2673 5129; x_wconf 87' lang='grc' dir='ltr'><strong>ὁ</strong></span> <span class='ocrx_word' id='word_1_846' title='bbox 2695 5075 2925 5136; x_wconf 87' lang='grc' dir='ltr'>θάνατος</span> <span class='ocrx_word' id='word_1_847' title='bbox 2949 5072 3048 5126; x_wconf 89' lang='grc' dir='ltr'><strong>τοῦ</strong></span> <span class='ocrx_word' id='word_1_848' title='bbox 3073 5068 3206 5124; x_wconf 82' lang='grc' dir='ltr'>Υίοῦ</span> <span class='ocrx_word' id='word_1_849' title='bbox 3235 5069 3314 5139; x_wconf 83' lang='grc' dir='ltr'>τῷ</span> <span class='ocrx_word' id='word_1_850' title='bbox 3343 5066 3524 5138; x_wconf 89' lang='grc' dir='ltr'>Πατρί</span> <span class='ocrx_word' id='word_1_851' title='bbox 3547 5082 3560 5094; x_wconf 67' lang='grc'><strong>⁸</strong></span> <span class='ocrx_word' id='word_1_852' title='bbox 3588 5065 3678 5118; x_wconf 69' lang='grc' dir='ltr'>καὶ</span> 
     </span>
    </p>
   </div>
   <div class='ocr_carea' id='block_1_112' title="bbox 2094 5158 3658 5242">
    <p class='ocr_par' dir='ltr' id='par_1_112' title="bbox 2094 5158 3658 5242">
     <span class='ocr_line' id='line_1_112' title="bbox 2094 5158 3658 5242; baseline -0.009 -19"><span class='ocrx_word' id='word_1_853' title='bbox 2094 5170 2244 5233; x_wconf 84' lang='grc' dir='ltr'>ὅπως</span> <span class='ocrx_word' id='word_1_854' title='bbox 2269 5168 2531 5242; x_wconf 80' lang='grc' dir='ltr'>ἑκάτερον</span> <span class='ocrx_word' id='word_1_855' title='bbox 2556 5168 2736 5223; x_wconf 78' lang='grc' dir='ltr'>αὐτῶν</span> <span class='ocrx_word' id='word_1_856' title='bbox 2759 5168 2888 5237; x_wconf 75' lang='grc' dir='ltr'>περὶ</span> <span class='ocrx_word' id='word_1_857' title='bbox 2908 5166 2999 5220; x_wconf 83' lang='grc' dir='ltr'>τὸν</span> <span class='ocrx_word' id='word_1_858' title='bbox 3027 5163 3287 5234; x_wconf 90' lang='grc' dir='ltr'>πολέμιον</span> <span class='ocrx_word' id='word_1_859' title='bbox 3310 5162 3507 5232; x_wconf 79' lang='grc' dir='ltr'>ὁρᾶται</span> <span class='ocrx_word' id='word_1_860' title='bbox 3526 5158 3658 5226; x_wconf 89' lang='grc' dir='ltr'>λεγό</span> 
     </span>
    </p>
   </div>
   <div class='ocr_carea' id='block_1_113' title="bbox 2100 5248 3674 5335">
    <p class='ocr_par' dir='ltr' id='par_1_113' title="bbox 2100 5248 3674 5335">
     <span class='ocr_line' id='line_1_113' title="bbox 2100 5248 3674 5335; baseline -0.011 -17"><span class='ocrx_word' id='word_1_861' title='bbox 2100 5280 2261 5335; x_wconf 87' lang='grc' dir='ltr'>μενον</span> <span class='ocrx_word' id='word_1_862' title='bbox 2284 5279 2300 5297; x_wconf 78' lang='grc' dir='ltr'><strong>ο</strong></span> <span class='ocrx_word' id='word_1_863' title='bbox 2335 5265 2433 5316; x_wconf 73' lang='grc' dir='ltr'>καὶ</span> <span class='ocrx_word' id='word_1_864' title='bbox 2456 5262 2532 5325; x_wconf 83' lang='grc' dir='ltr'><strong>ὡς</strong></span> <span class='ocrx_word' id='word_1_865' title='bbox 2570 5261 2669 5332; x_wconf 76' lang='grc' dir='ltr'><strong>μὲν</strong></span> <span class='ocrx_word' id='word_1_866' title='bbox 2701 5260 2839 5332; x_wconf 80' lang='grc' dir='ltr'>ὑπὲρ</span> <span class='ocrx_word' id='word_1_867' title='bbox 2866 5260 3023 5331; x_wconf 83' lang='grc' dir='ltr'>ἡμῶν</span> <span class='ocrx_word' id='word_1_868' title='bbox 3052 5255 3288 5327; x_wconf 84' lang='grc' dir='ltr'>σταυρὸν</span> <span class='ocrx_word' id='word_1_869' title='bbox 3317 5253 3553 5322; x_wconf 82' lang='grc' dir='ltr'>ὑπέστη,</span> <span class='ocrx_word' id='word_1_870' title='bbox 3585 5248 3674 5302; x_wconf 59' lang='grc' dir='ltr'>καὶ</span> 
     </span>
    </p>
   </div>
   <div class='ocr_carea' id='block_1_114' title="bbox 2094 5341 3652 5423">
    <p class='ocr_par' dir='ltr' id='par_1_114' title="bbox 2094 5341 3652 5423">
     <span class='ocr_line' id='line_1_114' title="bbox 2094 5341 3652 5423; baseline -0.012 -14"><span class='ocrx_word' id='word_1_871' title='bbox 2094 5356 2156 5409; x_wconf 85' lang='grc' dir='ltr'>τὸ</span> <span class='ocrx_word' id='word_1_872' title='bbox 2184 5356 2384 5409; x_wconf 77' lang='grc' dir='ltr'>οἰκεῖον</span> <span class='ocrx_word' id='word_1_873' title='bbox 2442 5356 2471 5407; x_wconf 89' lang='grc' dir='ltr'>ὁ</span> <span class='ocrx_word' id='word_1_874' title='bbox 2527 5352 2911 5423; x_wconf 82' lang='grc' dir='ltr'>φιλάνθρωπος</span> <span class='ocrx_word' id='word_1_875' title='bbox 2965 5344 3108 5420; x_wconf 77' lang='grc' dir='ltr'>αἷμα</span> <span class='ocrx_word' id='word_1_876' title='bbox 3156 5346 3392 5416; x_wconf 80' lang='grc' dir='ltr'>ἐξέχεεν,</span> <span class='ocrx_word' id='word_1_877' title='bbox 3415 5341 3477 5396; x_wconf 81' lang='grc' dir='ltr'>οὐ</span> <span class='ocrx_word' id='word_1_878' title='bbox 3514 5351 3652 5411; x_wconf 82' lang='grc' dir='ltr'>προσ</span> 
     </span>
    </p>
   </div>
   <div class='ocr_carea' id='block_1_115' title="bbox 2097 5428 3671 5517">
    <p class='ocr_par' dir='ltr' id='par_1_115' title="bbox 2097 5428 3671 5517">
     <span class='ocr_line' id='line_1_115' title="bbox 2097 5428 3671 5517; baseline -0.015 -16"><span class='ocrx_word' id='word_1_879' title='bbox 2097 5447 2297 5517; x_wconf 86' lang='grc' dir='ltr'>ήνεγκε</span> <span class='ocrx_word' id='word_1_880' title='bbox 2324 5444 2382 5500; x_wconf 79' lang='grc' dir='ltr'><strong>δέ</strong></span> <span class='ocrx_word' id='word_1_881' title='bbox 2406 5444 2571 5499; x_wconf 86' lang='grc' dir='ltr'>τοῦτό</span> <span class='ocrx_word' id='word_1_882' title='bbox 2598 5461 2706 5497; x_wconf 80' lang='grc' dir='ltr'>τινι</span> <span class='ocrx_word' id='word_1_883' title='bbox 2726 5458 2741 5474; x_wconf 75' lang='grc' dir='ltr'><strong>ο</strong></span> <span class='ocrx_word' id='word_1_884' title='bbox 2772 5442 2833 5497; x_wconf 85' lang='grc' dir='ltr'><strong>ού</strong></span> <span class='ocrx_word' id='word_1_885' title='bbox 2867 5440 2978 5513; x_wconf 83' lang='grc' dir='ltr'>γὰρ</span> <span class='ocrx_word' id='word_1_886' title='bbox 3004 5437 3154 5510; x_wconf 84' lang='grc' dir='ltr'><strong>αὺτῷ</strong></span> <span class='ocrx_word' id='word_1_887' title='bbox 3182 5436 3385 5498; x_wconf 82' lang='grc' dir='ltr'>σκοπὸς</span> <span class='ocrx_word' id='word_1_888' title='bbox 3414 5428 3484 5503; x_wconf 83' lang='grc' dir='ltr'><strong>ἦν</strong></span> <span class='ocrx_word' id='word_1_889' title='bbox 3512 5443 3671 5497; x_wconf 61' lang='grc' dir='ltr'>προσ,</span> 
     </span>
    </p>
   </div>
   <div class='ocr_carea' id='block_1_116' title="bbox 2097 5521 3665 5605">
    <p class='ocr_par' dir='ltr' id='par_1_116' title="bbox 2097 5521 3665 5605">
     <span class='ocr_line' id='line_1_116' title="bbox 2097 5521 3665 5605; baseline -0.011 -17"><span class='ocrx_word' id='word_1_890' title='bbox 2097 5538 2365 5605; x_wconf 85' lang='grc' dir='ltr'>ενεγκεῖν,</span> <span class='ocrx_word' id='word_1_891' title='bbox 2391 5534 2507 5589; x_wconf 85' lang='grc' dir='ltr'>ἀλλ’</span> <span class='ocrx_word' id='word_1_892' title='bbox 2538 5538 2597 5588; x_wconf 83' lang='grc' dir='ltr'><strong>ἐν</strong></span> <span class='ocrx_word' id='word_1_893' title='bbox 2635 5533 2716 5604; x_wconf 87' lang='grc' dir='ltr'>τῷ</span> <span class='ocrx_word' id='word_1_894' title='bbox 2761 5533 2924 5587; x_wconf 89' lang='grc' dir='ltr'>πάθει</span> <span class='ocrx_word' id='word_1_895' title='bbox 2952 5532 3015 5585; x_wconf 89' lang='lat'>16</span> <span class='ocrx_word' id='word_1_896' title='bbox 3063 5528 3344 5590; x_wconf 84' lang='grc' dir='ltr'>ἀπολωλὸς</span> <span class='ocrx_word' id='word_1_897' title='bbox 3386 5521 3665 5576; x_wconf 85' lang='grc' dir='ltr'>ἀνασώσα-</span> 
     </span>
    </p>
   </div>
   <div class='ocr_carea' id='block_1_117' title="bbox 2101 5616 3667 5702">
    <p class='ocr_par' dir='ltr' id='par_1_117' title="bbox 2101 5616 3667 5702">
     <span class='ocr_line' id='line_1_117' title="bbox 2101 5616 3667 5702; baseline -0.01 -18"><span class='ocrx_word' id='word_1_898' title='bbox 2101 5631 2254 5686; x_wconf 89' lang='grc' dir='ltr'>σθαι·</span> <span class='ocrx_word' id='word_1_899' title='bbox 2287 5631 2350 5685; x_wconf 86' lang='grc' dir='ltr'><strong>ού</strong></span> <span class='ocrx_word' id='word_1_900' title='bbox 2383 5632 2760 5702; x_wconf 82' lang='grc' dir='ltr'>προσήνεγκεν</span> <span class='ocrx_word' id='word_1_901' title='bbox 2788 5622 2904 5693; x_wconf 77' lang='grc' dir='ltr'>οὖν,</span> <span class='ocrx_word' id='word_1_902' title='bbox 2935 5627 2984 5679; x_wconf 81' lang='grc' dir='ltr'><strong>εί</strong></span> <span class='ocrx_word' id='word_1_903' title='bbox 3016 5625 3090 5696; x_wconf 89' lang='grc' dir='ltr'><strong>μή</strong></span> <span class='ocrx_word' id='word_1_904' title='bbox 3130 5640 3236 5677; x_wconf 88' lang='grc' dir='ltr'>τινι</span> <span class='ocrx_word' id='word_1_905' title='bbox 3265 5616 3407 5672; x_wconf 87' lang='grc' dir='ltr'><strong>κατά</strong></span> <span class='ocrx_word' id='word_1_906' title='bbox 3442 5626 3667 5686; x_wconf 68' lang='grc' dir='ltr'>μεταφο</span> 
     </span>
    </p>
   </div>
  </div>
