3888 6186
251 272 345 339 193

1141 275 1243 336 AD
1281 273 1877 339 AMPHILOCHIUM
1919 275 2265 350 QUESHO
2297 275 2507 338 XXVI.

3376 281 3480 347 194

311 382 372 435 Ei
397 378 573 450 βούλει
602 379 660 434 δὲ
692 380 787 434 καὶ
818 379 1165 452 παραμύθιον
1183 384 1305 447 ταῖς
1334 383 1622 454 μεγίσταις
1650 400 1807 455 περιο

1974 383 2144 451 Adde,
2178 383 2224 440 si
2262 382 2459 454 placet,
2490 382 2636 454 quod
2677 383 2729 439 in
2778 384 3116 454 gravissimis
3163 387 3479 447 infortuniis

247 475 492 530 στάσεσιν
526 470 875 542 ἐταζόμενον,
919 472 1053 544 όρᾷν
1116 470 1264 526 ἐστιν
1316 474 1695 545 ἀναφυόμενον
1716 475 1804 528 ἐν-

244 566 446 621 τεῦθεν.
496 564 862 633 Σφαγιάζεται
900 568 1008 635 γάρ
1040 563 1109 618 τὰ
1148 563 1349 635 βρέφη.
1380 559 1458 621 ὧν
1486 568 1515 619 ὀ
1541 565 1655 637 βίος
1707 566 1806 621 ἀν-

246 657 514 720 επίδεκτος
548 656 818 728 ἁμαρτίας
838 671 852 685 ·
871 656 951 709 ἵν’
973 656 1192 711 ἐπειδάν
1222 655 1475 728 πάσχωσι
1517 674 1683 722 τινες,
1706 658 1803 729 μὴ,

245 747 327 802 διὰ
355 747 634 820 βαρύτητα
677 748 1165 820 πλημμελημάτων
1191 749 1503 820 νομίζοντες
1552 749 1804 822 πάσχειν,

243 839 334 909 τὴν
391 839 456 891 ἐκ
517 838 628 891 τῶν
651 838 839 892 παθῶν
885 836 1097 909 πληγὴν
1119 838 1445 908 ὑφίστανται
1475 839 1805 911 βαρυτέραν,

243 932 274 1001 ἢ
311 929 664 1001 πικροτέραν,
686 931 784 983 καὶ
810 930 947 1002 πρὸς
970 929 1285 999 ἀπόγνωσιν
1300 923 1434 986 ὦσιν
1459 916 1805 1003 ἀφορῶντες·

1902 476 2158 531 solatium
2204 475 2333 531 hinc
2376 475 2599 545 prodire
2650 478 2921 534 videatur.
2977 476 3293 535 Eneeantur
3332 483 3482 538 enim

1904 567 2078 637 pueri,
2111 582 2346 638 quorum
2377 567 2489 621 vita
2538 574 2760 637 peccato
2794 568 3059 633 carebat.
3106 584 3175 625 ne
3216 585 3340 625 cum
3382 587 3482 643 pa-

1907 656 2115 711 tiuntur
2159 656 2349 726 aliqui,
2402 656 2474 711 ob
2513 656 2796 726 culparum
2846 658 3163 729 gravitatem
3211 674 3273 716 se
3316 660 3482 730 plecti

1888 740 2182 817 putantes,
2215 748 2431 819 plagam
2469 762 2537 802 ex
2579 748 2714 818 ipsis
2760 748 2929 804 animi
2970 750 3481 821 perturbationibus

1907 836 2237 906 graviorem,
2267 842 2363 892 aut
2389 835 2726 893 acerbiorem
2774 837 3026 906 reddant,
3076 854 3254 910 neque
3295 839 3350 896 in
3380 840 3482 898 de-

1908 926 2277 996 sperationem
2319 926 2679 999 dejiciantur;
2722 928 2823 986 sed
2871 929 3239 987 innocentiam
3281 947 3483 1002 puero-

242 1020 349 1075 ἀλλ’
384 1021 471 1074 ἵνα
508 1021 569 1074 τὸ
617 1020 1003 1092 ἀναμάρτητον
1045 1021 1150 1075 τῶν
1207 1020 1447 1093 βρεφῶν,
1491 1021 1584 1075 καὶ
1631 1021 1694 1076 τὸ
1718 1012 1815 1076 ἐπ’

1915 1030 2050 1082 nun,
2074 1016 2348 1088 simulque
2382 1017 2438 1073 in
2462 1032 2560 1076 eos
2584 1019 2931 1078 exsecranda:
2971 1019 3267 1092 impietatis
3296 1039 3486 1082 exeme

243 1112 466 1176 ἐκείνοις
491 1112 752 1183 τόλμημα
766 1113 874 1166 τῶν
924 1112 1237 1182 ἀλαστόρων
1268 1112 1485 1184 ἔχοντες
1543 1113 1805 1185 παράδει-

243 1220 354 1272 γμα
373 1203 747 1273 ψυχαγωγίας,
778 1205 875 1258 καὶ
901 1203 1086 1257 ἱκανὸν
1126 1204 1508 1274 παρακαλέσαι
1530 1204 1811 1276 μακροθυ·

244 1295 380 1364 μεῖν,
408 1294 489 1357 είς
517 1294 866 1366 εὐχαριστίαν
887 1295 1258 1349 διανίστανται
1291 1294 1386 1349 τοῦ
1419 1295 1597 1350 πάντα
1628 1295 1812 1365 σοφῶς

240 1386 304 1438 τά
326 1384 569 1456 ἡμέτερα
594 1386 1023 1457 οἱκονομοῦντος.
1069 1386 1180 1440 Καί
1204 1402 1268 1455 γε
1293 1387 1358 1458 δὴ
1391 1386 1490 1440 καὶ
1518 1387 1579 1441 τό
1604 1387 1671 1440 δι’
1695 1380 1812 1441 ὦνό

241 1476 429 1547 φθόνος
459 1476 636 1541 οὐδεὶς
685 1477 1084 1547 ἀναφλέγεσθαι
1122 1477 1306 1550 χώραν
1344 1475 1488 1549 εἶχεν
1526 1480 1811 1551 (άρτιγενῆ

240 1568 343 1637 γὰρ
376 1567 551 1639 βρέφη
587 1567 692 1621 τίν’
742 1568 809 1623 ἂν
833 1568 1108 1640 παράσχοι
1156 1569 1432 1640 πρόφασιν
1452 1569 1811 1641 βασκανίας),

240 1658 371 1714 ἀλλά
399 1660 508 1730 γὰρ
524 1658 583 1712 τὸ
604 1657 726 1713 κατ’
749 1660 971 1713 ἐκείνων
1012 1663 1093 1725 είς
1136 1660 1351 1731 σφαγὴν
1431 1660 1606 1725 οὕτως
1658 1660 1814 1715 ἀναί-

1908 1106 2058 1177 plum
2105 1107 2372 1164 habentes
2408 1111 2525 1179 {pro
2573 1118 2894 1179 argumento
2943 1112 3150 1177 solatii,
3210 1115 3355 1185 quod
3414 1116 3484 1172 ad

1909 1199 2274 1255 constantiam
2298 1198 2596 1255 bortationi
2639 1200 2891 1270 suliiciat,
2916 1204 2983 1258 ad
3010 1206 3213 1275 gratias
3242 1207 3484 1278 agendas

1912 1289 1981 1353 ei,
2013 1290 2107 1360 qui
2138 1300 2327 1346 nostra
2349 1289 2531 1346 omnia
2548 1291 2955 1363 sapientissime
2977 1296 3313 1363 moderatur,
3337 1298 3485 1354 exci-

1914 1388 2114 1438 tentur.
2138 1379 2313 1437 Porro
2332 1391 2512 1439 autem
2540 1398 2611 1439 ex
2644 1398 2711 1439 eo
2734 1386 2910 1456 quod,
2954 1385 3009 1442 in
3038 1387 3240 1458 quibus
3273 1389 3483 1446 nullam

1912 1471 2272 1528 succensendi
2315 1487 2503 1528 ansam
2554 1471 2788 1529 habebat
2844 1474 3044 1531 invidia
3087 1475 3274 1547 (quam
3332 1478 3483 1533 enim

1914 1579 2091 1635 nuper
2115 1564 2231 1620 nati
2264 1566 2420 1635 pueri
2454 1564 2755 1636 praeberent
2797 1565 2911 1622 odii
2956 1581 3181 1626 causam
3197 1567 3243 1638 τ)
3288 1568 3346 1625 in
3396 1569 3484 1626 bis

1916 1657 2276 1713 nihilominus
2323 1673 2499 1728 usque
2543 1658 2614 1713 ad
2658 1673 2847 1715 necem
2893 1659 3032 1715 adeo
3083 1659 3482 1730 impudentem,

244 1725 492 1819 exmov,
548 1748 644 1803 καὶ
692 1749 1045 1828 ἀνιστόρητον
1102 1725 1430 1821 ἐξορμῆσαι,
1487 1748 1805 1820 ζητήματος

1917 1756 2081 1817 atque
2118 1725 2426 1805 inauditam
2474 1749 2726 1819 impietas
2780 1751 3067 1816 exarserit,
3109 1725 3325 1807 diilicile
3372 1768 3484 1809 non

240 1842 390 1895 λύσιν
441 1842 542 1895 οὐκ
569 1841 717 1895 ἐστιν
766 1840 972 1913 ἄπορον
998 1844 1326 1912 παρασχεῖν,
1354 1840 1468 1894 οὐδ’
1514 1844 1595 1905 είς
1633 1841 1813 1911 εὐμά-

242 1950 388 2006 ρειαν
449 1932 875 2004 μεταρυθμίσαι,
952 1935 1120 1998 ὅπως,
1172 1934 1234 1986 τὸ
1296 1934 1644 2005 μισόχριστον
1705 1933 1815 1989 τῶν

253 2024 517 2079 Ἰουδαίων
549 2026 704 2094 γένος
736 2023 1145 2095 εὐεργετοῦντα,
1168 2024 1264 2078 καὶ⁵
1296 2023 1686 2098 θεραπεύοντα,
1722 2023 1815 2091 νό-

242 2135 362 2181 σους
386 2118 640 2180 ἀνιάτους
681 2116 775 2170 τὸν
802 2117 1030 2188 Σωτῆρα
1079 2117 1200 2169 όιντλ⁸
1229 2114 1322 2168 τοῦ
1350 2114 1672 2184 δοξολογεῖν,
1717 2113 1815 2168 καὶ

243 2209 530 2279 πεφάνοις
559 2208 887 2280 ἀμείϐεσθαι
930 2207 1193 2280 χαρίτων,
1227 2207 1443 2278 σταυρῷ
1465 2206 1813 2272 κατεδίκασε,

240 2300 331 2352 καὶ
352 2297 703 2369 ἐπονειδίστῳ
759 2296 996 2367 θανάτῳ.
1056 2296 1117 2349 Εί
1167 2295 1297 2366 γὰρ,
1322 2297 1406 2366 ἐφ’
1453 2289 1581 2351 ὧνό
1623 2294 1817 2366 φθόνος

242 2388 499 2461 οὐδεμίαν
546 2388 779 2461 πάροδον
806 2384 941 2458 εἷχε,
980 2390 1161 2461 σφαγῇ
1197 2388 1323 2451 τοὺς
1354 2388 1627 2451 ἀναιτίους
1649 2389 1678 2441 ὀ
1704 2387 1817 2441 τῶν

1916 1849 2000 1895 est
2031 1839 2352 1911 quaestionis
2382 1840 2707 1896 solutionem
2744 1841 3011 1913 depromi,
3046 1852 3209 1912 atque
3248 1842 3305 1897 in
3338 1843 3486 1913 apri—

1916 1945 2040 1986 cum
2074 1931 2330 2002 prol’erri,
2376 1947 2619 2003 quanam
2663 1933 2875 1989 scilicet
2910 1933 3123 1989 ratione
3173 1932 3486 1991 intimorum

1916 2022 2065 2076 natio
2116 2020 2336 2077 Christo
2388 2021 2783 2091 infensissima,
2826 2021 3146 2079 fundentem
3194 2023 3485 2091 beneﬁcia,

1916 2122 2080 2184 atque
2105 2114 2533 2170 immedicabiles
2573 2115 2796 2170 morbos
2825 2122 3111 2170 sanantem
3142 2113 3486 2173 Serratorem

1915 2221 2025 2262 non
2076 2207 2239 2263 modo
2288 2223 2400 2263 non
2452 2207 2707 2264 laudibus
2754 2218 2809 2265 et
2847 2209 3066 2266 coronis
3123 2210 3263 2280 grati
3316 2210 3488 2266 animi

1914 2312 2047 2369 ergo
2088 2307 2373 2365 mactaret,
2421 2299 2517 2354 sed
2564 2299 2727 2355 etiam
2767 2315 2928 2356 cruce
2961 2316 3026 2356 ac
3066 2313 3241 2358 morte
3282 2303 3488 2373 turpis—

1917 2386 2056 2441 sima
2079 2386 2371 2442 damnarit.
2396 2388 2451 2443 Si
2474 2389 2620 2443 enim
2646 2390 2985 2458 innocentes,
3012 2390 3065 2446 in
3083 2392 3283 2463 quibus
3305 2393 3489 2450 nullus

250 2480 521 2534 Ἰουδαίων
552 2479 776 2551 ἡγεμὼν
812 2478 1099 2549 μετῆλθεν,
1131 2479 1180 2532 oi
1209 2481 1328 2541 ταῖς
1359 2478 1692 2549 μιαιφονίαις
1722 2478 1815 2532 ὐπ’

1916 2476 2135 2533 invidiae
2192 2479 2410 2549 patebat
2469 2479 2671 2547 aditus,
2738 2478 3054 2537 Judazorum
3109 2482 3363 2554 princeps
3412 2484 3486 2540 ad

241 2572 403 2627 αὐτοῦ
431 2571 961 2643 παιδοτριϐηθέντες,
985 2570 1081 2625 καὶ
1110 2569 1622 2643 πῳγυμνασθέντες
1642 2569 1695 2622 τί
1715 2570 1815 2624 οὐκ

1917 2575 2150 2623 mortem
2201 2579 2520 2639 persecutus
2567 2581 2673 2640 est,
2719 2572 2849 2643 quid
2894 2586 3005 2628 non
3058 2574 3332 2644 praecipue
3382 2558 3489 2630 sub

239 2666 303 2718 ἂν
330 2664 738 2735 άπετόλμησαν,
766 2663 1001 2732 μάλιστα
1040 2662 1220 2716 αὐτῶν
1270 2662 1588 2734 τηλικούτου
1612 2662 1811 2732 φθόνου

1919 2668 2084 2716 tanta:
2110 2659 2401 2731 impietatis
2449 2662 2712 2732 auspiciis
2751 2663 3015 2719 auderent
3056 2662 3093 2719 li
3138 2665 3233 2734 qui
3270 2664 3342 2721 ab
3369 2666 3489 2737 ipso

244 2756 711 2828 στρατηγοῦντος;
772 2756 883 2809 Καὶ
918 2754 1029 2827 γὰρ
1078 2747 1154 2809 ὧν
1186 2754 1335 2808 ἐστιν
1382 2756 1516 2827 ὀρᾷν
1548 2755 1686 2829 ἔργα
1718 2771 1815 2825 με-

1920 2753 2144 2808 saevitia:
2182 2753 2579 2810 institutionem
2626 2770 2692 2810 ac
2752 2756 3072 2825 prmludium
3126 2757 3489 2828 acceperant?

240 2849 401 2918 γάλα,
432 2848 526 2902 καὶ
587 2848 888 2917 θαυμάσια,
946 2848 1042 2902 καλ⁵
1089 2846 1198 2901 τῶν
1240 2845 1451 2900 πολλῶν
1490 2846 1628 2915 πρὸς
1679 2844 1815 2899 αὐτὰ

1918 2844 2055 2898 Cum
2099 2844 2244 2898 enim
2296 2844 2519 2915 grandia
2567 2854 2623 2900 et
2671 2845 2809 2901 mira
2867 2856 3181 2915 spectantur
3221 2847 3487 2916 facinora,

240 2939 393 2993 οὐδὲν
424 2939 647 2993 ἔλαττον
675 2939 774 3009 τὴν
796 2938 947 3001 θέαν,
970 2937 1005 3006 ἢ
1034 2936 1132 3006 τὴν
1160 2935 1372 2990 εὔνοιαν
1403 2935 1815 3006 ἐπιστρέφοντα,

1919 2942 1972 2987 et
2020 2950 2142 3003 qua
2178 2934 2474 2990 multorum
2529 2951 2636 2990 non
2685 2937 2867 2993 minus
2922 2937 3275 2995 attentionem
3319 2955 3486 3011 quam

239 3031 350 3101 ὅσῳ
385 3033 512 3094 τοὺς
529 3027 876 3100 εὐγνώμονας
900 3030 980 3093 είς
1001 3028 1302 3099 εὐφημίαν,
1320 3027 1413 3081 καὶ
1438 3025 1623 3097 θαῦμα
1645 3026 1815 3094 γλυκύ

1922 3026 2352 3081 benevolentiam
2400 3026 2503 3082 sibi
2544 3026 2878 3096 conciliant,
2928 3038 3135 3099 quanto
3164 3030 3341 3101 magis
3372 3029 3490 3088 bac

242 3125 336 3176 καὶ
360 3122 765 3193 σεϐασμιότητα
822 3120 1101 3191 διεγείρει,
1150 3119 1390 3190 τοσούτῳ
1421 3118 1656 3190 μάλιστα
1701 3120 1815 3181 τοῖς

1924 3115 1977 3171 in
2009 3117 2199 3174 amicis
2239 3117 2682 3184 celebrationem,
2720 3119 3245 3192 demirationemque
3286 3121 3491 3193 jucun-

241 3210 559 3287 ἀχαρίστοις
609 3216 702 3269 καί
751 3212 1160 3285 κακομηχάνοις
1216 3212 1277 3266 τὸ
1324 3212 1607 3280 ἐξάγιστον
1658 3209 1815 3264 τοῦτο

1920 3206 2045 3262 dam
2096 3219 2259 3279 atque
2292 3209 2612 3280 obsequium
2652 3210 2926 3277 excitant,
2962 3220 3114 3266 tanto
3156 3211 3209 3265 in
3260 3213 3488 3283 ingratis

242 3307 411 3371 πάθος
442 3306 814 3361 ἐνδυναστεύει
869 3307 964 3359 καὶ
1004 3305 1066 3359 τὸ
1093 3305 1293 3371 κράτος
1327 3305 1539 3375 ἀμαγον
1561 3301 1815 3374 περιϐάλ·

1921 3312 1987 3352 ac
2016 3299 2264 3370 malignis
2285 3300 2605 3357 detestabile
2653 3302 2756 3358 hoc
2788 3301 2981 3358 vitium
3007 3302 3293 3373 imperium
3344 3320 3489 3361 vim-

239 3399 408 3454 λεται,
1922 3404 2027 3458 que
2065 3390 2486 3461 insuperabilem
2509 3392 2764 3463 acquirit.

311 3492 374 3545 Ei
416 3492 474 3546 δέ
512 3509 596 3545 σοι
629 3489 781 3561 φίλον
823 3490 918 3544 καὶ
963 3489 1183 3552 πλείους
1232 3488 1554 3560 ἐπιθεωρεῖν
1597 3489 1812 3555 αἰτίας,

1994 3477 2147 3543 Quod
2198 3479 2243 3533 si
2293 3478 2389 3533 tibi
2440 3479 2599 3551 plura
2647 3496 2866 3552 quoque
2906 3482 3123 3551 placeat
3174 3483 3491 3553 conspicere

240 3585 458 3655 πρῶτος
504 3584 604 3654 μὲν
648 3585 677 3637 ὀ
705 3581 911 3645 δίκαιος
946 3580 1112 3634 Ἅϐελ
1138 3580 1289 3634 οὐδὲν
1326 3581 1576 3649 ὀφείλων,
1610 3582 1713 3644 ὅσα
1747 3598 1813 3652 γε

1926 3570 2244 3639 hnjusmodi
2274 3571 2507 3627 crimina
2534 3612 2549 3637 ,
2587 3582 2862 3627 incruento
2902 3574 3047 3643 quod
3084 3574 3240 3641 Abel,
3280 3574 3492 3645 primus

237 3671 373 3748 ἧκεν
423 3676 506 3737 εἰς
553 3673 770 3727 οἰκείων
807 3672 982 3743 ἔργων
1028 3670 1272 3742 ὀφειλὴν,
1324 3671 1667 3742 παραδοθεὶς,
1722 3673 1815 3727 καὶ

1924 3661 2014 3715 ille
2068 3661 2253 3731 justus
2312 3675 2437 3718 cum
2492 3664 2641 3718 nulla
2709 3679 2936 3720 suarum
2996 3664 3274 3722 actionum
3330 3665 3492 3735 culpa

242 3765 571 3835 ὐποϐληθεὶς
599 3764 676 3835 τῷ
720 3762 937 3833 θανάτῳ
972 3761 1182 3835 σαθρὰν
1211 3761 1376 3816 αὐτοῦ
1407 3761 1518 3816 τῶν
1551 3762 1815 3835 θεμελίων

1923 3763 2217 3819 teneretur,
2251 3755 2499 3825 proditus
2545 3766 2710 3827 atque
2750 3771 2849 3827 per
2878 3754 3109 3813 insidias
3146 3755 3313 3812 morti
3357 3754 3493 3813 sub-

236 3858 334 3930 τὴν
368 3858 613 3930 κρηπῖδα
641 3855 1122 3927 καταϐαλλομένην
1147 3854 1373 3923 ἔδειξεν.
1418 3855 1573 3909 Ἐπεὶ
1602 3856 1661 3910 δὲ
1695 3854 1815 3927 μετ’

1917 3845 2135 3917 jectus,
2176 3846 2512 3902 exsecranda
2547 3846 2795 3917 ejusdem
2847 3846 2967 3904 vitii
3007 3847 3490 3904 fundamentorum

235 3951 403 4003 αὐτὸν
441 3949 626 4002 πολλοὶ
668 3948 778 4002 τῶν
808 3947 1011 4018 ἐνόχων
1054 3946 1460 4019 περιετείχισάν
1492 3963 1553 4001 τε
1598 3947 1697 4001 καὶ
1730 3945 1815 4012 ἐξ·

1918 3936 2188 4007 principia
2230 3935 2378 4007 jacta
2409 3936 2525 4003 jam
2569 3950 2693 3993 esse
2736 3934 3001 3995 ostendit.
3044 3935 3315 4003 Quoniam
3356 3949 3492 3991 vero

235 4044 551 4113 ωρόφωσαν
575 4040 741 4095 αὐτοῦ
762 4040 864 4110 τὴν
887 4039 1177 4111 οἰκοδομὴν
1193 4040 1274 4103 είς
1303 4038 1566 4110 ὀχύρωμα
1585 4053 1603 4070 ο
1623 4037 1815 4109 ἔμελλε

1921 4039 2048 4101 post
2097 4029 2250 4084 illum
2324 4029 2479 4085 multi
2538 4029 2902 4087 conscelerati
2961 4030 3216 4089 homines
3272 4029 3494 4087 invidiae

234 4132 293 4186 δὲ
327 4136 358 4187 ὀ
387 4132 584 4205 Σωτὴρ
625 4132 714 4187 ἐπ’
752 4131 1044 4204 εὐεργεσία
1070 4130 1165 4184 τοῦ
1191 4129 1384 4199 γένους
1417 4128 1815 4203 παραγεγονὼς

1924 4123 2097 4193 ipsius
2120 4121 2301 4177 sedem
2332 4136 2492 4177 muro
2528 4137 2594 4178 ac
2624 4131 2765 4178 tecto
2798 4122 3149 4191 munierunt,
3175 4134 3343 4196 atque
3366 4137 3494 4179 eam

237 4223 530 4278 σκυλεύειν
560 4222 723 4276 αὐτοῦ
752 4220 822 4275 τά
868 4220 1142 4292 βασίλειαο
1184 4221 1349 4275 οἱονεὶ
1390 4222 1679 4294 δορυφόροι
1733 4239 1815 4276 τι·

1924 4214 2089 4285 regali
2124 4212 2271 4271 fastu
2303 4212 2633 4285 Redemptor
2661 4214 2943 4271 hominum
2986 4214 3133 4272 bono
3159 4226 3321 4273 natus
3364 4232 3496 4288 spo-

235 4317 327 4381 νὶς
376 4315 477 4370 καὶ
512 4315 810 4388 πρόδρομοι
837 4313 933 4368 τοῦ
972 4314 1209 4385 μεγάλου
1250 4314 1514 4385 βασιλέως
1560 4314 1815 4386 ἀναμάρ-

1922 4306 2159 4362 liaturus
2208 4315 2369 4372 erat,
2442 4313 2705 4376 tanquam
2764 4307 2952 4378 magni
3020 4308 3166 4378 regis
3229 4311 3493 4367 satellites

235 4407 393 4480 τητοί
423 4424 486 4459 τε
508 4446 524 4471 ,
556 4406 652 4460 καὶ
678 4409 792 4470 τοῖς
828 4406 1189 4477 μαρτυρικοῖς
1225 4405 1422 4475 αἵμασι
1453 4405 1815 4478 περιρρεόμε-

1921 4400 2144 4470 quidam
2172 4408 2337 4470 atque
2368 4413 2736 4469 praecursores
2761 4399 3105 4464 innocentes,
3131 4410 3189 4456 et
3239 4402 3493 4473 martyrii

240 4515 320 4553 νοι
353 4496 687 4552 καταλαϐεῖν
716 4498 843 4560 τοὺς
874 4499 933 4550 ἐν
960 4495 1039 4566 τῷ
1069 4496 1171 4568 ᾄδῃ
1202 4498 1599 4568 κατεχομένους
1623 4496 1819 4550 διοικοο

235 4592 578 4661 νομοῦνται,
636 4590 733 4645 καὶ
799 4588 1357 4661 προαποστέλλονταιο
1425 4587 1540 4660 ἅμα
1598 4605 1685 4652 τε,
1720 4588 1821 4659 τῆν

237 4682 585 4754 Δεσποτικὴν
634 4682 953 4753 παρουσίαν,
985 4680 1080 4735 καὶ
1107 4680 1291 4752 κοινὴν
1322 4680 1698 4752 ἀπολύτρωσιν
1733 4679 1823 4733 διὰ

236 4778 339 4849 τῆς
397 4776 584 4831 αὐτῶν
623 4774 948 4839 ἐπιστασίας
997 4772 1500 4843 εὐαγγελιζόμενοι,
1558 4770 1654 4825 καὶ
1714 4770 1822 4824 δει-

239 4871 475 4934 κνύντες
500 4868 602 4933 τὰς
627 4868 864 4939 σφαγὰς,
890 4867 955 4931 ἃς
988 4865 1078 4920 διὰ
1097 4865 1189 4919 τὸν
1212 4864 1393 4919 κοινὸν
1419 4861 1820 4935 Ἑλευθερωτὴν

238 4963 519 5031 ὑπέσχον·
557 4961 651 5016 καὶ
690 4960 758 5014 δι’
802 4958 981 5014 αὐτῶν
1028 4956 1376 5028 πιστούμενοι
1410 4954 1820 5025 παραγενέσθαι

236 5055 331 5107 τὸν
387 5052 498 5106 ὑπὸ
549 5049 846 5124 προφητῶν
889 5047 1399 5122 ἀνακηρυττόμενον
1450 5044 1684 5116 Σωτῆρα
1722 5041 1818 5097 τοῦ

238 5146 442 5216 γένους
462 5159 478 5174 ο
509 5143 605 5197 καὶ
629 5141 694 5213 δὴ
726 5143 821 5196 καὶ
850 5140 944 5195 τὸν
970 5140 1105 5212 ᾅδην
1131 5138 1346 5211 δρῶντα
1394 5136 1662 5207 τοσαύτην
1706 5135 1820 5206 φά-

239 5237 428 5305 λαγγα
465 5234 676 5306 μυρίων
715 5233 1023 5289 ἀνευθύνων
1052 5231 1350 5303 ἁμαρτίαις
1384 5229 1685 5283 ἐπιστᾶσαν
1728 5229 1822 5281 ἐκ·

238 5328 584 5401 δειματῶσαί
617 5344 698 5390 τε,
729 5327 824 5381 καὶ
853 5325 951 5397 τὴν
973 5327 1096 5380 ὅσον
1123 5322 1277 5378 οὔπω
1298 5362 1315 5388 ,
1346 5319 1645 5394 μέλλουσαν
1670 5317 1823 5389 αὐτῷ

242 5421 497 5490 παντελῆ
541 5419 863 5489 καθαίρεσιν
905 5416 997 5471 διὰ
1048 5415 1158 5470 τῶν
1198 5413 1500 5487 προοιμίων
1532 5409 1821 5477 ἐπιδείξαι.

254 5513 694 5584 ’Δναμαρτήτων
720 5510 850 5583 γὰρ,
883 5511 978 5563 καὶ
999 5508 1124 5562 τότε
1147 5506 1418 5562 τοσούτων
1442 5505 1625 5573 σφαγῇ
1651 5518 1823 5556 κατα-

242 5608 442 5662 ϐάλλει
472 5603 770 5668 παντελῶς,
802 5602 897 5657 καὶ
923 5602 1239 5672 ἀφαιρεῖται
1263 5598 1324 5653 τὸ
1350 5596 1444 5652 τοῦ
1473 5595 1703 5652 θανάτου
1739 5593 1849 5688 δι-⁴

245 5700 501 5772 καίωμα.

528 5790 775 5852 Parum.
840 5786 955 5849 Gn.
996 5787 1092 5849 CI.

1924 4492 2191 4565 sanguine
2225 4490 2552 4548 circumfusi
2584 4491 2651 4545 ad
2695 4505 2814 4555 eos,
2856 4491 2952 4562 qui
2984 4491 3041 4546 in
3077 4491 3247 4547 limbo
3274 4492 3495 4549 detine-

1922 4584 2141 4649 bantur,
2163 4581 2557 4654 amplexandos
2579 4581 2894 4653 diriguntur
2924 4580 3440 4653 praemittunturque
3458 4621 3477 4648 ,
3510 4600 3515 4637 τ

1921 4685 1981 4731 ut
2007 4691 2106 4732 sua
2140 4675 2427 4746 praesentia
2458 4674 2624 4730 simul
2649 4682 2706 4729 et
2753 4672 2971 4728 Domini
2996 4673 3289 4729 adventum
3330 4684 3496 4745 atque

1921 4782 2266 4823 communem
2296 4765 2675 4823 liberationem
2712 4765 3170 4837 evangelizarent,
3208 4766 3494 4825 mactatio-

1922 4874 2157 4931 nemque
2202 4874 2358 4915 suam
2387 4873 2489 4929 pro
2538 4856 2821 4914 communi
2868 4856 3159 4912 Servatore
3203 4857 3495 4914 toleratam

1923 4952 2307 5017 ostenderent,
2340 4966 2405 5007 ac
2422 4948 2620 5006 Patres
2642 4964 2740 5022 per
2766 4964 2864 5006 eos
2889 4949 3176 5006 crederent
3196 4965 3231 5004 α
3250 4950 3493 5021 prophe-

1924 5043 1995 5100 tis
2029 5044 2379 5114 praadicatum
2402 5040 2575 5097 nostri
2608 5042 2828 5114 generis
2855 5039 3231 5097 Liberatorem
3257 5041 3491 5109 adesse;

1924 5135 2035 5192 imo
2072 5136 2236 5192 etiam
2272 5141 2333 5189 ut
2373 5132 2621 5191 internus
2651 5142 2804 5191 tanta
2851 5133 3270 5192 innumerorum
3300 5133 3496 5189 inson-

1925 5227 2059 5282 tium
2114 5224 2465 5282 multitudine
2517 5223 2842 5282 adveniente
2885 5233 3222 5290 terraretur.
3272 5223 3499 5280 absolu-

1924 5331 2145 5390 tamque
2159 5317 2574 5375 debellationem
2593 5325 2629 5373 a
2654 5331 2715 5373 se
2740 5315 2983 5373 nondum
3002 5323 3372 5388 exspectatam
3399 5326 3498 5384 per

1924 5411 2172 5481 quaedam
2203 5409 2463 5483 prmludia
2493 5409 2950 5481 praesentisseret.
2976 5407 3199 5464 Scilicet
3230 5407 3497 5463 innocen-

1925 5504 2085 5569 tium,
2118 5512 2174 5560 et
2212 5503 2433 5575 quidem
2482 5509 2565 5558 tot
2593 5517 2888 5574 puerorum
2936 5501 3143 5560 occisio
3182 5500 3377 5559 mortis
3398 5498 3498 5571 jus

1926 5612 2153 5668 prorsus
2182 5595 2379 5654 crertit
2408 5610 2475 5653 ac
2501 5595 2753 5653 destruit.

3084 5754 3122 5813 7
