  <div class='ocr_page' id='page_1' title='image "/cluster/home/n/w/nwhite01/storage/ocr_20150623/101/hvd.32044018872879/121.png"; bbox 0 0 3888 6186; ppageno 0'>
   <div class='ocr_carea' id='block_1_1' title="bbox 424 315 525 380">
    <p class='ocr_par' dir='ltr' id='par_1_1' title="bbox 424 315 525 380">
     <span class='ocr_line' id='line_1_1' title="bbox 424 315 525 380; baseline 0.01 -3"><span class='ocrx_word' id='word_1_1' title='bbox 424 315 525 380; x_wconf 78' lang='grc'><strong>195</strong></span> 
     </span>
    </p>
   </div>
   <div class='ocr_carea' id='block_1_2' title="bbox 499 423 2075 496">
    <p class='ocr_par' dir='ltr' id='par_1_2' title="bbox 499 423 2075 496">
     <span class='ocr_line' id='line_1_2' title="bbox 499 423 2075 496; baseline -0.001 -15"><span class='ocrx_word' id='word_1_2' title='bbox 499 428 592 483; x_wconf 92' lang='lat' dir='ltr'><strong>llis</strong></span> <span class='ocrx_word' id='word_1_3' title='bbox 626 427 852 492; x_wconf 86' lang='lat' dir='ltr'><strong>accedit,</strong></span> <span class='ocrx_word' id='word_1_4' title='bbox 890 426 1035 496; x_wconf 86' lang='lat' dir='ltr'><strong>quod</strong></span> <span class='ocrx_word' id='word_1_5' title='bbox 1080 424 1276 480; x_wconf 71' lang='lat' dir='ltr'><strong>divinae</strong></span> <span class='ocrx_word' id='word_1_6' title='bbox 1318 423 1615 495; x_wconf 59' lang='lat' dir='ltr'><strong>Sapientiae</strong></span> <span class='ocrx_word' id='word_1_7' title='bbox 1660 430 2003 482; x_wconf 82' lang='lat' dir='ltr'><strong>consuetudo</strong></span> <span class='ocrx_word' id='word_1_8' title='bbox 2034 436 2075 491; x_wconf 79' lang='grc' dir='ltr'><strong>Λ</strong></span> 
     </span>
    </p>
   </div>
   <div class='ocr_carea' id='block_1_3' title="bbox 432 517 2001 588">
    <p class='ocr_par' dir='ltr' id='par_1_3' title="bbox 432 517 2001 588">
     <span class='ocr_line' id='line_1_3' title="bbox 432 517 2001 588; baseline 0.001 -17"><span class='ocrx_word' id='word_1_9' title='bbox 432 519 537 573; x_wconf 89' lang='lat' dir='ltr'><strong>hac</strong></span> <span class='ocrx_word' id='word_1_10' title='bbox 591 518 643 572; x_wconf 93' lang='lat' dir='ltr'><strong>in</strong></span> <span class='ocrx_word' id='word_1_11' title='bbox 708 533 764 572; x_wconf 89' lang='lat' dir='ltr'><strong>re</strong></span> <span class='ocrx_word' id='word_1_12' title='bbox 819 519 1018 572; x_wconf 91' lang='lat' dir='ltr'><strong>mirum</strong></span> <span class='ocrx_word' id='word_1_13' title='bbox 1085 530 1349 588; x_wconf 88' lang='lat' dir='ltr'><strong>quantum</strong></span> <span class='ocrx_word' id='word_1_14' title='bbox 1415 517 1691 588; x_wconf 76' lang='lat' dir='ltr'><strong>ctfulgeat.</strong></span> <span class='ocrx_word' id='word_1_15' title='bbox 1754 519 2001 585; x_wconf 86' lang='lat' dir='ltr'><strong>Quonam</strong></span> 
     </span>
    </p>
   </div>
   <div class='ocr_carea' id='block_1_4' title="bbox 428 608 1999 679">
    <p class='ocr_par' dir='ltr' id='par_1_4' title="bbox 428 608 1999 679">
     <span class='ocr_line' id='line_1_4' title="bbox 428 608 1999 679; baseline 0.003 -19"><span class='ocrx_word' id='word_1_16' title='bbox 428 609 627 679; x_wconf 75' lang='lat' dir='ltr'><strong>pacto?</strong></span> <span class='ocrx_word' id='word_1_17' title='bbox 681 608 830 664; x_wconf 85' lang='lat' dir='ltr'><strong>Solet</strong></span> <span class='ocrx_word' id='word_1_18' title='bbox 876 609 930 662; x_wconf 92' lang='lat' dir='ltr'><strong>in</strong></span> <span class='ocrx_word' id='word_1_19' title='bbox 978 611 1233 663; x_wconf 84' lang='lat' dir='ltr'><strong>omnibus</strong></span> <span class='ocrx_word' id='word_1_20' title='bbox 1274 608 1575 678; x_wconf 78' lang='lat' dir='ltr'><strong>ingenium,</strong></span> <span class='ocrx_word' id='word_1_21' title='bbox 1621 617 1674 662; x_wconf 84' lang='lat' dir='ltr'><strong>et</strong></span> <span class='ocrx_word' id='word_1_22' title='bbox 1725 610 1999 678; x_wconf 79' lang='lat' dir='ltr'><strong>eloquium</strong></span> 
     </span>
    </p>
   </div>
   <div class='ocr_carea' id='block_1_5' title="bbox 428 699 2003 769">
    <p class='ocr_par' dir='ltr' id='par_1_5' title="bbox 428 699 2003 769">
     <span class='ocr_line' id='line_1_5' title="bbox 428 699 2003 769; baseline -0.003 -13"><span class='ocrx_word' id='word_1_23' title='bbox 428 702 699 756; x_wconf 80' lang='lat' dir='ltr'><strong>excedens</strong></span> <span class='ocrx_word' id='word_1_24' title='bbox 748 701 933 755; x_wconf 88' lang='lat' dir='ltr'><strong>divina</strong></span> <span class='ocrx_word' id='word_1_25' title='bbox 998 700 1274 769; x_wconf 77' lang='lat' dir='ltr'><strong>Sapientia</strong></span> <span class='ocrx_word' id='word_1_26' title='bbox 1323 714 1388 753; x_wconf 83' lang='lat' dir='ltr'><strong>ex</strong></span> <span class='ocrx_word' id='word_1_27' title='bbox 1449 699 1701 753; x_wconf 89' lang='lat' dir='ltr'><strong>tristibus</strong></span> <span class='ocrx_word' id='word_1_28' title='bbox 1759 715 1821 753; x_wconf 85' lang='lat' dir='ltr'><strong>ea</strong></span> <span class='ocrx_word' id='word_1_29' title='bbox 1881 715 2003 769; x_wconf 67' lang='lat' dir='ltr'><strong>quae</strong></span> 
     </span>
    </p>
   </div>
   <div class='ocr_carea' id='block_1_6' title="bbox 427 792 2003 863">
    <p class='ocr_par' dir='ltr' id='par_1_6' title="bbox 427 792 2003 863">
     <span class='ocr_line' id='line_1_6' title="bbox 427 792 2003 863; baseline -0.001 -16"><span class='ocrx_word' id='word_1_30' title='bbox 427 792 682 863; x_wconf 72' lang='lat' dir='ltr'><strong>gaudium</strong></span> <span class='ocrx_word' id='word_1_31' title='bbox 732 801 787 847; x_wconf 90' lang='lat' dir='ltr'><strong>et</strong></span> <span class='ocrx_word' id='word_1_32' title='bbox 836 793 1166 863; x_wconf 85' lang='lat' dir='ltr'><strong>voluptatem</strong></span> <span class='ocrx_word' id='word_1_33' title='bbox 1206 800 1486 860; x_wconf 51' lang='lat' dir='ltr'><strong>praestant,</strong></span> <span class='ocrx_word' id='word_1_34' title='bbox 1538 792 1788 857; x_wconf 84' lang='lat' dir='ltr'><strong>educere,</strong></span> <span class='ocrx_word' id='word_1_35' title='bbox 1840 801 2003 860; x_wconf 89' lang='lat' dir='ltr'><strong>atque</strong></span> 
     </span>
    </p>
   </div>
   <div class='ocr_carea' id='block_1_7' title="bbox 425 882 1997 953">
    <p class='ocr_par' dir='ltr' id='par_1_7' title="bbox 425 882 1997 953">
     <span class='ocr_line' id='line_1_7' title="bbox 425 882 1997 953; baseline -0.003 -14"><span class='ocrx_word' id='word_1_36' title='bbox 425 898 493 939; x_wconf 82' lang='lat' dir='ltr'><strong>ex</strong></span> <span class='ocrx_word' id='word_1_37' title='bbox 549 884 841 939; x_wconf 74' lang='lat' dir='ltr'><strong>contrariis</strong></span> <span class='ocrx_word' id='word_1_38' title='bbox 893 882 1169 939; x_wconf 87' lang='lat' dir='ltr'><strong>contraria</strong></span> <span class='ocrx_word' id='word_1_39' title='bbox 1227 897 1569 952; x_wconf 87' lang='lat' dir='ltr'><strong>comparare.</strong></span> <span class='ocrx_word' id='word_1_40' title='bbox 1636 882 1702 936; x_wconf 87' lang='lat' dir='ltr'><strong>Et</strong></span> <span class='ocrx_word' id='word_1_41' title='bbox 1758 884 1997 953; x_wconf 90' lang='lat' dir='ltr'><strong>primum</strong></span> 
     </span>
    </p>
   </div>
   <div class='ocr_carea' id='block_1_8' title="bbox 422 974 2001 1047">
    <p class='ocr_par' dir='ltr' id='par_1_8' title="bbox 422 974 2001 1047">
     <span class='ocr_line' id='line_1_8' title="bbox 422 974 2001 1047; baseline -0.001 -17"><span class='ocrx_word' id='word_1_42' title='bbox 422 976 643 1047; x_wconf 87' lang='lat' dir='ltr'><strong>quidem</strong></span> <span class='ocrx_word' id='word_1_43' title='bbox 703 974 999 1045; x_wconf 73' lang='lat' dir='ltr'><strong>Josephum</strong></span> <span class='ocrx_word' id='word_1_44' title='bbox 1051 975 1289 1029; x_wconf 85' lang='lat' dir='ltr'><strong>fraterna</strong></span> <span class='ocrx_word' id='word_1_45' title='bbox 1360 975 1564 1029; x_wconf 89' lang='lat' dir='ltr'><strong>invidia</strong></span> <span class='ocrx_word' id='word_1_46' title='bbox 1627 984 1876 1029; x_wconf 82' lang='lat' dir='ltr'><strong>vexatum</strong></span> <span class='ocrx_word' id='word_1_47' title='bbox 1934 974 2001 1028; x_wconf 88' lang='lat' dir='ltr'><strong>ad</strong></span> 
     </span>
    </p>
   </div>
   <div class='ocr_carea' id='block_1_9' title="bbox 422 1064 2001 1139">
    <p class='ocr_par' dir='ltr' id='par_1_9' title="bbox 422 1064 2001 1139">
     <span class='ocr_line' id='line_1_9' title="bbox 422 1064 2001 1139; baseline -0.001 -16"><span class='ocrx_word' id='word_1_48' title='bbox 422 1068 644 1139; x_wconf 63' lang='lat' dir='ltr'><strong>IEgypti</strong></span> <span class='ocrx_word' id='word_1_49' title='bbox 686 1068 973 1137; x_wconf 88' lang='lat' dir='ltr'><strong>imperiunt</strong></span> <span class='ocrx_word' id='word_1_50' title='bbox 1023 1067 1220 1122; x_wconf 83' lang='lat' dir='ltr'><strong>evexit.</strong></span> <span class='ocrx_word' id='word_1_51' title='bbox 1278 1065 1393 1121; x_wconf 88' lang='lat' dir='ltr'><strong>Nisi</strong></span> <span class='ocrx_word' id='word_1_52' title='bbox 1439 1068 1585 1121; x_wconf 89' lang='lat' dir='ltr'><strong>enim</strong></span> <span class='ocrx_word' id='word_1_53' title='bbox 1637 1064 1835 1121; x_wconf 81' lang='lat' dir='ltr'><strong>fratres</strong></span> <span class='ocrx_word' id='word_1_54' title='bbox 1882 1066 2001 1136; x_wconf 88' lang='lat' dir='ltr'><strong>ejus</strong></span> 
     </span>
    </p>
   </div>
   <div class='ocr_carea' id='block_1_10' title="bbox 425 1157 2001 1230">
    <p class='ocr_par' dir='ltr' id='par_1_10' title="bbox 425 1157 2001 1230">
     <span class='ocr_line' id='line_1_10' title="bbox 425 1157 2001 1230; baseline 0 -17"><span class='ocrx_word' id='word_1_55' title='bbox 425 1160 640 1215; x_wconf 88' lang='lat' dir='ltr'><strong>invidos</strong></span> <span class='ocrx_word' id='word_1_56' title='bbox 686 1160 739 1214; x_wconf 91' lang='lat' dir='ltr'><strong>in</strong></span> <span class='ocrx_word' id='word_1_57' title='bbox 784 1161 960 1230; x_wconf 89' lang='lat' dir='ltr'><strong>ipsum</strong></span> <span class='ocrx_word' id='word_1_58' title='bbox 1007 1160 1197 1213; x_wconf 86' lang='lat' dir='ltr'><strong>oculos</strong></span> <span class='ocrx_word' id='word_1_59' title='bbox 1250 1157 1640 1228; x_wconf 70' lang='lat' dir='ltr'><strong>conjec-issent,</strong></span> <span class='ocrx_word' id='word_1_60' title='bbox 1686 1159 2001 1227; x_wconf 86' lang='lat' dir='ltr'><strong>neutiquam</strong></span> 
     </span>
    </p>
   </div>
   <div class='ocr_carea' id='block_1_11' title="bbox 420 1250 2003 1321">
    <p class='ocr_par' dir='ltr' id='par_1_11' title="bbox 420 1250 2003 1321">
     <span class='ocr_line' id='line_1_11' title="bbox 420 1250 2003 1321; baseline 0.001 -18"><span class='ocrx_word' id='word_1_61' title='bbox 420 1252 674 1307; x_wconf 82' lang='lat' dir='ltr'><strong>venditus</strong></span> <span class='ocrx_word' id='word_1_62' title='bbox 705 1252 917 1313; x_wconf 87' lang='lat' dir='ltr'><strong>fuisset,</strong></span> <span class='ocrx_word' id='word_1_63' title='bbox 976 1253 1323 1321; x_wconf 88' lang='lat' dir='ltr'><strong>neutiquam,</strong></span> <span class='ocrx_word' id='word_1_64' title='bbox 1372 1251 1476 1304; x_wconf 85' lang='lat' dir='ltr'><strong>nisi</strong></span> <span class='ocrx_word' id='word_1_65' title='bbox 1508 1250 1763 1306; x_wconf 86' lang='lat' dir='ltr'><strong>venditus</strong></span> <span class='ocrx_word' id='word_1_66' title='bbox 1797 1260 1851 1305; x_wconf 91' lang='lat' dir='ltr'><strong>et</strong></span> <span class='ocrx_word' id='word_1_67' title='bbox 1891 1266 2003 1305; x_wconf 88' lang='lat' dir='ltr'><strong>ser-</strong></span> 
     </span>
    </p>
   </div>
   <div class='ocr_carea' id='block_1_12' title="bbox 420 1343 2000 1416">
    <p class='ocr_par' dir='ltr' id='par_1_12' title="bbox 420 1343 2000 1416">
     <span class='ocr_line' id='line_1_12' title="bbox 420 1343 2000 1416; baseline -0.002 -18"><span class='ocrx_word' id='word_1_68' title='bbox 420 1348 596 1409; x_wconf 90' lang='lat' dir='ltr'><strong>viens,</strong></span> <span class='ocrx_word' id='word_1_69' title='bbox 662 1356 718 1401; x_wconf 90' lang='lat' dir='ltr'><strong>et</strong></span> <span class='ocrx_word' id='word_1_70' title='bbox 778 1344 1053 1416; x_wconf 68' lang='lat' dir='ltr'><strong>pudicitiae</strong></span> <span class='ocrx_word' id='word_1_71' title='bbox 1111 1360 1221 1398; x_wconf 93' lang='lat' dir='ltr'><strong>non</strong></span> <span class='ocrx_word' id='word_1_72' title='bbox 1281 1343 1615 1398; x_wconf 87' lang='lat' dir='ltr'><strong>erubescens</strong></span> <span class='ocrx_word' id='word_1_73' title='bbox 1670 1343 2000 1406; x_wconf 86' lang='lat' dir='ltr'><strong>libertatem,</strong></span> 
     </span>
    </p>
   </div>
   <div class='ocr_carea' id='block_1_13' title="bbox 421 1434 2002 1493">
    <p class='ocr_par' dir='ltr' id='par_1_13' title="bbox 421 1434 2002 1493">
     <span class='ocr_line' id='line_1_13' title="bbox 421 1434 2002 1493; baseline -0.003 -2"><span class='ocrx_word' id='word_1_74' title='bbox 421 1439 676 1493; x_wconf 82' lang='lat' dir='ltr'><strong>latuisset</strong></span> <span class='ocrx_word' id='word_1_75' title='bbox 731 1438 783 1491; x_wconf 90' lang='lat' dir='ltr'><strong>in</strong></span> <span class='ocrx_word' id='word_1_76' title='bbox 832 1438 1070 1492; x_wconf 80' lang='lat' dir='ltr'><strong>vinculis</strong></span> <span class='ocrx_word' id='word_1_77' title='bbox 1102 1436 1354 1491; x_wconf 88' lang='lat' dir='ltr'><strong>detentus</strong></span> <span class='ocrx_word' id='word_1_78' title='bbox 1387 1454 1399 1489; x_wconf 91' lang='lat'><strong>:</strong></span> <span class='ocrx_word' id='word_1_79' title='bbox 1436 1435 1543 1490; x_wconf 89' lang='lat' dir='ltr'><strong>nisi</strong></span> <span class='ocrx_word' id='word_1_80' title='bbox 1579 1434 1816 1488; x_wconf 90' lang='lat' dir='ltr'><strong>vinculis</strong></span> <span class='ocrx_word' id='word_1_81' title='bbox 1865 1448 2002 1488; x_wconf 88' lang='lat' dir='ltr'><strong>con-</strong></span> 
     </span>
    </p>
   </div>
   <div class='ocr_carea' id='block_1_14' title="bbox 402 1528 2003 1599">
    <p class='ocr_par' dir='ltr' id='par_1_14' title="bbox 402 1528 2003 1599">
     <span class='ocr_line' id='line_1_14' title="bbox 402 1528 2003 1599; baseline -0.005 -12"><span class='ocrx_word' id='word_1_82' title='bbox 402 1532 647 1587; x_wconf 78' lang='lat' dir='ltr'><strong>‘strictus</strong></span> <span class='ocrx_word' id='word_1_83' title='bbox 689 1539 848 1595; x_wconf 88' lang='lat' dir='ltr'><strong>esset,</strong></span> <span class='ocrx_word' id='word_1_84' title='bbox 887 1531 1026 1585; x_wconf 85' lang='lat' dir='ltr'><strong>duos</strong></span> <span class='ocrx_word' id='word_1_85' title='bbox 1074 1530 1303 1585; x_wconf 85' lang='lat' dir='ltr'><strong>somniis</strong></span> <span class='ocrx_word' id='word_1_86' title='bbox 1339 1529 1645 1599; x_wconf 88' lang='lat' dir='ltr'><strong>implicatos</strong></span> <span class='ocrx_word' id='word_1_87' title='bbox 1687 1543 1792 1582; x_wconf 84' lang='lat' dir='ltr'><strong>non</strong></span> <span class='ocrx_word' id='word_1_88' title='bbox 1834 1528 2003 1582; x_wconf 80' lang='lat' dir='ltr'><strong>extri-</strong></span> 
     </span>
    </p>
   </div>
   <div class='ocr_carea' id='block_1_15' title="bbox 419 1619 2003 1691">
    <p class='ocr_par' dir='ltr' id='par_1_15' title="bbox 419 1619 2003 1691">
     <span class='ocr_line' id='line_1_15' title="bbox 419 1619 2003 1691; baseline -0.001 -15"><span class='ocrx_word' id='word_1_89' title='bbox 419 1632 620 1683; x_wconf 82' lang='lat' dir='ltr'><strong>casset,</strong></span> <span class='ocrx_word' id='word_1_90' title='bbox 673 1637 853 1691; x_wconf 86' lang='lat' dir='ltr'><strong>neque</strong></span> <span class='ocrx_word' id='word_1_91' title='bbox 910 1621 1035 1676; x_wconf 88' lang='lat' dir='ltr'><strong>inde</strong></span> <span class='ocrx_word' id='word_1_92' title='bbox 1092 1621 1420 1675; x_wconf 90' lang='lat' dir='ltr'><strong>innotuisset</strong></span> <span class='ocrx_word' id='word_1_93' title='bbox 1463 1619 1762 1683; x_wconf 85' lang='lat' dir='ltr'><strong>Pharaoni,</strong></span> <span class='ocrx_word' id='word_1_94' title='bbox 1829 1636 2003 1688; x_wconf 76' lang='lat' dir='ltr'><strong>neque</strong></span> 
     </span>
    </p>
   </div>
   <div class='ocr_carea' id='block_1_16' title="bbox 421 1709 1997 1781">
    <p class='ocr_par' dir='ltr' id='par_1_16' title="bbox 421 1709 1997 1781">
     <span class='ocr_line' id='line_1_16' title="bbox 421 1709 1997 1781; baseline -0.001 -15"><span class='ocrx_word' id='word_1_95' title='bbox 421 1713 616 1767; x_wconf 86' lang='lat' dir='ltr'><strong>fuisset</strong></span> <span class='ocrx_word' id='word_1_96' title='bbox 648 1712 963 1767; x_wconf 75' lang='lat' dir='ltr'><strong>secundum</strong></span> <span class='ocrx_word' id='word_1_97' title='bbox 1015 1712 1163 1767; x_wconf 90' lang='lat' dir='ltr'><strong>hunc</strong></span> <span class='ocrx_word' id='word_1_98' title='bbox 1209 1711 1439 1781; x_wconf 88' lang='lat' dir='ltr'><strong>imperio</strong></span> <span class='ocrx_word' id='word_1_99' title='bbox 1496 1709 1713 1781; x_wconf 54' lang='lat' dir='ltr'><strong>{Egypti</strong></span> <span class='ocrx_word' id='word_1_100' title='bbox 1776 1711 1997 1779; x_wconf 88' lang='lat' dir='ltr'><strong>potitus.</strong></span> 
     </span>
    </p>
   </div>
   <div class='ocr_carea' id='block_1_17' title="bbox 1575 313 2517 377">
    <p class='ocr_par' dir='ltr' id='par_1_17' title="bbox 1575 313 2517 377">
     <span class='ocr_line' id='line_1_17' title="bbox 1575 313 2517 377; baseline 0.002 -3"><span class='ocrx_word' id='word_1_101' title='bbox 1575 313 1804 374; x_wconf 83' lang='lat' dir='ltr'>PHOTI</span> <span class='ocrx_word' id='word_1_102' title='bbox 1813 317 1837 374; x_wconf 95' lang='grc' dir='ltr'>Ι</span> <span class='ocrx_word' id='word_1_103' title='bbox 1868 316 2377 377; x_wconf 78' lang='lat' dir='ltr'><strong>PATRIARCH/E</strong></span> <span class='ocrx_word' id='word_1_104' title='bbox 2406 316 2517 376; x_wconf 74' lang='grc' dir='ltr'>(ΖΡ.</span> 
     </span>
    </p>
   </div>
   <div class='ocr_carea' id='block_1_18' title="bbox 2180 422 3689 500">
    <p class='ocr_par' dir='ltr' id='par_1_18' title="bbox 2180 422 3689 500">
     <span class='ocr_line' id='line_1_18' title="bbox 2180 422 3689 500; baseline -0.006 -18"><span class='ocrx_word' id='word_1_105' title='bbox 2180 429 2324 500; x_wconf 73' lang='grc' dir='ltr'>Πρὸς</span> <span class='ocrx_word' id='word_1_106' title='bbox 2354 429 2412 481; x_wconf 81' lang='grc' dir='ltr'><strong>δέ</strong></span> <span class='ocrx_word' id='word_1_107' title='bbox 2436 445 2500 497; x_wconf 88' lang='grc' dir='ltr'><strong>γε</strong></span> <span class='ocrx_word' id='word_1_108' title='bbox 2527 427 2641 488; x_wconf 85' lang='grc' dir='ltr'>τοῖς</span> <span class='ocrx_word' id='word_1_109' title='bbox 2668 425 2979 497; x_wconf 77' lang='grc' dir='ltr'><strong>εἰρημένοις</strong></span> <span class='ocrx_word' id='word_1_110' title='bbox 3010 422 3100 477; x_wconf 69' lang='grc' dir='ltr'>καὶ</span> <span class='ocrx_word' id='word_1_111' title='bbox 3127 422 3187 476; x_wconf 79' lang='grc' dir='ltr'>τὸ</span> <span class='ocrx_word' id='word_1_112' title='bbox 3214 422 3442 492; x_wconf 88' lang='grc' dir='ltr'>σύνηθες</span> <span class='ocrx_word' id='word_1_113' title='bbox 3467 422 3568 484; x_wconf 81' lang='grc' dir='ltr'>τῆς</span> <span class='ocrx_word' id='word_1_114' title='bbox 3590 422 3689 473; x_wconf 76' lang='grc' dir='ltr'>τοῦ</span> 
     </span>
    </p>
   </div>
   <div class='ocr_carea' id='block_1_19' title="bbox 2103 514 3691 587">
    <p class='ocr_par' dir='ltr' id='par_1_19' title="bbox 2103 514 3691 587">
     <span class='ocr_line' id='line_1_19' title="bbox 2103 514 3691 587; baseline -0.006 -15"><span class='ocrx_word' id='word_1_115' title='bbox 2103 519 2240 572; x_wconf 76' lang='grc' dir='ltr'>Θεοῦ</span> <span class='ocrx_word' id='word_1_116' title='bbox 2278 519 2471 587; x_wconf 80' lang='grc' dir='ltr'>σοφίας</span> <span class='ocrx_word' id='word_1_117' title='bbox 2497 516 2734 571; x_wconf 78' lang='grc' dir='ltr'>ἐνταῦθα</span> <span class='ocrx_word' id='word_1_118' title='bbox 2763 516 3003 587; x_wconf 87' lang='grc' dir='ltr'>μάλιστα</span> <span class='ocrx_word' id='word_1_119' title='bbox 3031 514 3502 586; x_wconf 72' lang='grc' dir='ltr'>παρρησιάζεται.</span> <span class='ocrx_word' id='word_1_120' title='bbox 3528 514 3691 564; x_wconf 80' lang='grc' dir='ltr'>Ποῖον</span> 
     </span>
    </p>
   </div>
   <div class='ocr_carea' id='block_1_20' title="bbox 2103 603 3692 678">
    <p class='ocr_par' dir='ltr' id='par_1_20' title="bbox 2103 603 3692 678">
     <span class='ocr_line' id='line_1_20' title="bbox 2103 603 3692 678; baseline -0.008 -14"><span class='ocrx_word' id='word_1_121' title='bbox 2103 610 2294 678; x_wconf 83' lang='grc' dir='ltr'>τοῦτο;</span> <span class='ocrx_word' id='word_1_122' title='bbox 2335 608 2542 663; x_wconf 82' lang='grc' dir='ltr'>Είωθεν</span> <span class='ocrx_word' id='word_1_123' title='bbox 2577 609 2653 672; x_wconf 86' lang='grc' dir='ltr'>ὡς</span> <span class='ocrx_word' id='word_1_124' title='bbox 2684 608 2888 662; x_wconf 85' lang='grc' dir='ltr'>ἐπίπαν</span> <span class='ocrx_word' id='word_1_125' title='bbox 2946 608 2980 678; x_wconf 82' lang='grc' dir='ltr'>ἠ</span> <span class='ocrx_word' id='word_1_126' title='bbox 3028 605 3389 677; x_wconf 87' lang='grc' dir='ltr'>ἀπερινόητος</span> <span class='ocrx_word' id='word_1_127' title='bbox 3412 643 3427 665; x_wconf 89' lang='grc'><strong>,</strong></span> <span class='ocrx_word' id='word_1_128' title='bbox 3467 604 3558 655; x_wconf 69' lang='grc' dir='ltr'>καὶ</span> <span class='ocrx_word' id='word_1_129' title='bbox 3596 603 3692 654; x_wconf 83' lang='grc' dir='ltr'>άν-</span> 
     </span>
    </p>
   </div>
   <div class='ocr_carea' id='block_1_21' title="bbox 2104 697 3691 775">
    <p class='ocr_par' dir='ltr' id='par_1_21' title="bbox 2104 697 3691 775">
     <span class='ocr_line' id='line_1_21' title="bbox 2104 697 3691 775; baseline -0.006 -20"><span class='ocrx_word' id='word_1_130' title='bbox 2104 703 2414 775; x_wconf 83' lang='grc' dir='ltr'>έκφραστος</span> <span class='ocrx_word' id='word_1_131' title='bbox 2464 703 2558 757; x_wconf 80' lang='grc' dir='ltr'>τοῦ</span> <span class='ocrx_word' id='word_1_132' title='bbox 2592 701 2727 756; x_wconf 85' lang='grc' dir='ltr'><strong>Θεοῦ</strong></span> <span class='ocrx_word' id='word_1_133' title='bbox 2772 701 2934 769; x_wconf 80' lang='grc' dir='ltr'>σοφία</span> <span class='ocrx_word' id='word_1_134' title='bbox 2988 701 3052 754; x_wconf 84' lang='grc' dir='ltr'><strong>ἐκ</strong></span> <span class='ocrx_word' id='word_1_135' title='bbox 3093 699 3205 752; x_wconf 88' lang='grc' dir='ltr'><strong>τῶν</strong></span> <span class='ocrx_word' id='word_1_136' title='bbox 3244 697 3488 768; x_wconf 83' lang='grc' dir='ltr'>ἀνιαρῶν</span> <span class='ocrx_word' id='word_1_137' title='bbox 3550 710 3691 765; x_wconf 82' lang='grc' dir='ltr'>προ-</span> 
     </span>
    </p>
   </div>
   <div class='ocr_carea' id='block_1_22' title="bbox 2104 788 3691 868">
    <p class='ocr_par' dir='ltr' id='par_1_22' title="bbox 2104 788 3691 868">
     <span class='ocr_line' id='line_1_22' title="bbox 2104 788 3691 868; baseline -0.008 -16"><span class='ocrx_word' id='word_1_138' title='bbox 2104 798 2283 865; x_wconf 88' lang='grc' dir='ltr'>άγειν,</span> <span class='ocrx_word' id='word_1_139' title='bbox 2312 796 2348 851; x_wconf 80' lang='grc' dir='ltr'><strong>ἃ.</strong></span> <span class='ocrx_word' id='word_1_140' title='bbox 2372 798 2546 868; x_wconf 79' lang='grc' dir='ltr'>χαρᾶς</span> <span class='ocrx_word' id='word_1_141' title='bbox 2581 797 2717 857; x_wconf 84' lang='grc' dir='ltr'>ἐστι,</span> <span class='ocrx_word' id='word_1_142' title='bbox 2745 794 2841 849; x_wconf 71' lang='grc' dir='ltr'><strong>καὶ</strong></span> <span class='ocrx_word' id='word_1_143' title='bbox 2868 791 3209 864; x_wconf 81' lang='grc' dir='ltr'>εὐφροσύνης</span> <span class='ocrx_word' id='word_1_144' title='bbox 3239 788 3550 861; x_wconf 83' lang='grc' dir='ltr'>παρεκτικά</span> <span class='ocrx_word' id='word_1_145' title='bbox 3592 789 3691 841; x_wconf 76' lang='grc' dir='ltr'>καὶ</span> 
     </span>
    </p>
   </div>
   <div class='ocr_carea' id='block_1_23' title="bbox 2111 880 3691 959">
    <p class='ocr_par' dir='ltr' id='par_1_23' title="bbox 2111 880 3691 959">
     <span class='ocr_line' id='line_1_23' title="bbox 2111 880 3691 959; baseline -0.006 -17"><span class='ocrx_word' id='word_1_146' title='bbox 2111 891 2176 943; x_wconf 88' lang='grc' dir='ltr'><strong>ἐκ</strong></span> <span class='ocrx_word' id='word_1_147' title='bbox 2218 889 2328 942; x_wconf 89' lang='grc' dir='ltr'><strong>τῶν</strong></span> <span class='ocrx_word' id='word_1_148' title='bbox 2359 888 2618 943; x_wconf 81' lang='grc' dir='ltr'>ἐναντίων</span> <span class='ocrx_word' id='word_1_149' title='bbox 2663 887 2930 959; x_wconf 76' lang='grc' dir='ltr'>πηγάζειν</span> <span class='ocrx_word' id='word_1_150' title='bbox 2971 884 3039 938; x_wconf 78' lang='grc' dir='ltr'><strong>τά</strong></span> <span class='ocrx_word' id='word_1_151' title='bbox 3071 884 3442 953; x_wconf 83' lang='grc' dir='ltr'>ἀντικείμενα.</span> <span class='ocrx_word' id='word_1_152' title='bbox 3477 880 3691 934; x_wconf 82' lang='grc' dir='ltr'>Αὐτίκα</span> 
     </span>
    </p>
   </div>
   <div class='ocr_carea' id='block_1_24' title="bbox 2056 967 3687 1051">
    <p class='ocr_par' dir='ltr' id='par_1_24' title="bbox 2056 967 3687 1051">
     <span class='ocr_line' id='line_1_24' title="bbox 2056 967 3687 1051; baseline -0.006 -19"><span class='ocrx_word' id='word_1_153' title='bbox 2056 1031 2077 1050; x_wconf 73' lang='grc'><em>,</em></span> <span class='ocrx_word' id='word_1_154' title='bbox 2105 981 2170 1032; x_wconf 82' lang='grc' dir='ltr'><strong>ἐκ</strong></span> <span class='ocrx_word' id='word_1_155' title='bbox 2229 981 2326 1051; x_wconf 84' lang='grc' dir='ltr'>τῆς</span> <span class='ocrx_word' id='word_1_156' title='bbox 2357 1021 2361 1024; x_wconf 79' lang='grc'><strong>-</strong></span> <span class='ocrx_word' id='word_1_157' title='bbox 2388 976 2687 1049; x_wconf 85' lang='grc' dir='ltr'>βασκανίας</span> <span class='ocrx_word' id='word_1_158' title='bbox 2732 977 2842 1031; x_wconf 87' lang='grc' dir='ltr'><strong>τῶν</strong></span> <span class='ocrx_word' id='word_1_159' title='bbox 2901 967 3145 1043; x_wconf 81' lang='grc' dir='ltr'>ἀδελφῶν</span> <span class='ocrx_word' id='word_1_160' title='bbox 3198 973 3291 1026; x_wconf 80' lang='grc' dir='ltr'>τὸν</span> <span class='ocrx_word' id='word_1_161' title='bbox 3326 971 3527 1042; x_wconf 73' lang='grc' dir='ltr'>Ἰωσὴφ</span> <span class='ocrx_word' id='word_1_162' title='bbox 3590 972 3687 1024; x_wconf 75' lang='grc' dir='ltr'>τὸν</span> 
     </span>
    </p>
   </div>
   <div class='ocr_carea' id='block_1_25' title="bbox 2105 1064 3689 1143">
    <p class='ocr_par' dir='ltr' id='par_1_25' title="bbox 2105 1064 3689 1143">
     <span class='ocr_line' id='line_1_25' title="bbox 2105 1064 3689 1143; baseline -0.007 -18"><span class='ocrx_word' id='word_1_163' title='bbox 2105 1070 2445 1143; x_wconf 89' lang='grc' dir='ltr'>φθονηθέντα</span> <span class='ocrx_word' id='word_1_164' title='bbox 2469 1071 2568 1141; x_wconf 79' lang='grc' dir='ltr'>τῆς</span> <span class='ocrx_word' id='word_1_165' title='bbox 2596 1070 2876 1138; x_wconf 71' lang='grc' dir='ltr'>Αἰγύπτου</span> <span class='ocrx_word' id='word_1_166' title='bbox 2902 1068 3208 1135; x_wconf 87' lang='grc' dir='ltr'>κατέστησε</span> <span class='ocrx_word' id='word_1_167' title='bbox 3260 1064 3470 1136; x_wconf 84' lang='grc' dir='ltr'>κύριον.</span> <span class='ocrx_word' id='word_1_168' title='bbox 3509 1064 3569 1116; x_wconf 77' lang='grc' dir='ltr'><strong>Εἰ</strong></span> <span class='ocrx_word' id='word_1_169' title='bbox 3611 1064 3689 1131; x_wconf 80' lang='grc' dir='ltr'>μὴ</span> 
     </span>
    </p>
   </div>
   <div class='ocr_carea' id='block_1_26' title="bbox 2103 1154 3692 1235">
    <p class='ocr_par' dir='ltr' id='par_1_26' title="bbox 2103 1154 3692 1235">
     <span class='ocr_line' id='line_1_26' title="bbox 2103 1154 3692 1235; baseline -0.009 -17"><span class='ocrx_word' id='word_1_170' title='bbox 2103 1164 2214 1235; x_wconf 84' lang='grc' dir='ltr'><strong>γὰρ</strong></span> <span class='ocrx_word' id='word_1_171' title='bbox 2260 1163 2517 1234; x_wconf 67' lang='grc' dir='ltr'>φθονερὸν</span> <span class='ocrx_word' id='word_1_172' title='bbox 2551 1160 2699 1232; x_wconf 85' lang='grc' dir='ltr'><strong>αύτῷ</strong></span> <span class='ocrx_word' id='word_1_173' title='bbox 2731 1158 2995 1212; x_wconf 83' lang='grc' dir='ltr'>ἐπέϐαλον</span> <span class='ocrx_word' id='word_1_174' title='bbox 3043 1157 3198 1228; x_wconf 76' lang='grc' dir='ltr'>ὄμμα</span> <span class='ocrx_word' id='word_1_175' title='bbox 3243 1157 3292 1209; x_wconf 86' lang='grc' dir='ltr'>οἱ</span> <span class='ocrx_word' id='word_1_176' title='bbox 3338 1157 3445 1208; x_wconf 90' lang='grc' dir='ltr'><strong>τῶν</strong></span> <span class='ocrx_word' id='word_1_177' title='bbox 3479 1154 3692 1206; x_wconf 78' lang='grc' dir='ltr'>ὠδίνων</span> 
     </span>
    </p>
   </div>
   <div class='ocr_carea' id='block_1_27' title="bbox 2103 1247 3691 1324">
    <p class='ocr_par' dir='ltr' id='par_1_27' title="bbox 2103 1247 3691 1324">
     <span class='ocr_line' id='line_1_27' title="bbox 2103 1247 3691 1324; baseline -0.006 -15"><span class='ocrx_word' id='word_1_178' title='bbox 2103 1257 2373 1318; x_wconf 78' lang='grc' dir='ltr'>κοινωνοὶ,</span> <span class='ocrx_word' id='word_1_179' title='bbox 2400 1256 2502 1307; x_wconf 86' lang='grc' dir='ltr'><strong>ούκ</strong></span> <span class='ocrx_word' id='word_1_180' title='bbox 2549 1253 2617 1307; x_wconf 87' lang='grc' dir='ltr'>ἂν</span> <span class='ocrx_word' id='word_1_181' title='bbox 2670 1251 2910 1324; x_wconf 82' lang='grc' dir='ltr'>ἐπράθη,</span> <span class='ocrx_word' id='word_1_182' title='bbox 2953 1250 3054 1304; x_wconf 87' lang='grc' dir='ltr'>οὐκ</span> <span class='ocrx_word' id='word_1_183' title='bbox 3082 1249 3148 1303; x_wconf 81' lang='grc' dir='ltr'>ἂν</span> <span class='ocrx_word' id='word_1_184' title='bbox 3182 1250 3257 1320; x_wconf 80' lang='grc' dir='ltr'>μὴ</span> <span class='ocrx_word' id='word_1_185' title='bbox 3292 1247 3556 1319; x_wconf 79' lang='grc' dir='ltr'>πραθεὶς.</span> <span class='ocrx_word' id='word_1_186' title='bbox 3591 1248 3691 1301; x_wconf 58' lang='grc' dir='ltr'><strong>καὶ⁸</strong></span> 
     </span>
    </p>
   </div>
   <div class='ocr_carea' id='block_1_28' title="bbox 2102 1338 3691 1415">
    <p class='ocr_par' dir='ltr' id='par_1_28' title="bbox 2102 1338 3691 1415">
     <span class='ocr_line' id='line_1_28' title="bbox 2102 1338 3691 1415; baseline -0.007 -15"><span class='ocrx_word' id='word_1_187' title='bbox 2102 1346 2389 1410; x_wconf 82' lang='grc' dir='ltr'>δουλεύων,</span> <span class='ocrx_word' id='word_1_188' title='bbox 2441 1346 2537 1400; x_wconf 68' lang='grc' dir='ltr'><strong>καὶ</strong></span> <span class='ocrx_word' id='word_1_189' title='bbox 2576 1344 2675 1415; x_wconf 85' lang='grc' dir='ltr'>τὴν</span> <span class='ocrx_word' id='word_1_190' title='bbox 2716 1344 2818 1413; x_wconf 80' lang='grc' dir='ltr'>τῆς</span> <span class='ocrx_word' id='word_1_191' title='bbox 2866 1341 3224 1412; x_wconf 76' lang='grc' dir='ltr'><strong>σωφροσύνης</strong></span> <span class='ocrx_word' id='word_1_192' title='bbox 3262 1342 3363 1393; x_wconf 90' lang='grc' dir='ltr'><strong>ούκ</strong></span> <span class='ocrx_word' id='word_1_193' title='bbox 3411 1338 3691 1409; x_wconf 78' lang='grc' dir='ltr'>αἰσχύνων</span> 
     </span>
    </p>
   </div>
   <div class='ocr_carea' id='block_1_29' title="bbox 2105 1433 3689 1508">
    <p class='ocr_par' dir='ltr' id='par_1_29' title="bbox 2105 1433 3689 1508">
     <span class='ocr_line' id='line_1_29' title="bbox 2105 1433 3689 1508; baseline -0.006 -16"><span class='ocrx_word' id='word_1_194' title='bbox 2105 1438 2420 1508; x_wconf 73' lang='grc' dir='ltr'>ἐλευθερίαν</span> <span class='ocrx_word' id='word_1_195' title='bbox 2449 1437 2824 1508; x_wconf 82' lang='grc' dir='ltr'>δεσμωτήριον</span> <span class='ocrx_word' id='word_1_196' title='bbox 2847 1435 3066 1506; x_wconf 73' lang='grc' dir='ltr'>ᾤκησεν</span> <span class='ocrx_word' id='word_1_197' title='bbox 3083 1451 3097 1464; x_wconf 77' lang='grc' dir='ltr'><strong><em>ο</em></strong></span> <span class='ocrx_word' id='word_1_198' title='bbox 3131 1435 3180 1487; x_wconf 83' lang='grc' dir='ltr'><strong>εί</strong></span> <span class='ocrx_word' id='word_1_199' title='bbox 3211 1434 3287 1503; x_wconf 81' lang='grc' dir='ltr'>μὴ</span> <span class='ocrx_word' id='word_1_200' title='bbox 3311 1433 3535 1501; x_wconf 76' lang='grc' dir='ltr'>δέσμιος</span> <span class='ocrx_word' id='word_1_201' title='bbox 3560 1434 3689 1498; x_wconf 83' lang='grc' dir='ltr'>ἐγε-</span> 
     </span>
    </p>
   </div>
   <div class='ocr_carea' id='block_1_30' title="bbox 2103 1523 3690 1601">
    <p class='ocr_par' dir='ltr' id='par_1_30' title="bbox 2103 1523 3690 1601">
     <span class='ocr_line' id='line_1_30' title="bbox 2103 1523 3690 1601; baseline -0.008 -16"><span class='ocrx_word' id='word_1_202' title='bbox 2103 1533 2274 1601; x_wconf 88' lang='grc' dir='ltr'>γόνει,</span> <span class='ocrx_word' id='word_1_203' title='bbox 2305 1532 2406 1584; x_wconf 89' lang='grc' dir='ltr'><strong>ούκ</strong></span> <span class='ocrx_word' id='word_1_204' title='bbox 2437 1531 2503 1584; x_wconf 84' lang='grc' dir='ltr'>ἂν</span> <span class='ocrx_word' id='word_1_205' title='bbox 2532 1531 2661 1589; x_wconf 79' lang='grc' dir='ltr'>τοὺς</span> <span class='ocrx_word' id='word_1_206' title='bbox 2695 1528 2928 1599; x_wconf 82' lang='grc' dir='ltr'>ὀνείροις</span> <span class='ocrx_word' id='word_1_207' title='bbox 2952 1526 3291 1597; x_wconf 76' lang='grc' dir='ltr'><strong>δεδεμένους,</strong></span> <span class='ocrx_word' id='word_1_208' title='bbox 3317 1524 3555 1577; x_wconf 83' lang='grc' dir='ltr'>διέλυεν·</span> <span class='ocrx_word' id='word_1_209' title='bbox 3582 1523 3690 1575; x_wconf 70' lang='grc' dir='ltr'>οὐκ</span> 
     </span>
    </p>
   </div>
   <div class='ocr_carea' id='block_1_31' title="bbox 2105 1616 3691 1694">
    <p class='ocr_par' dir='ltr' id='par_1_31' title="bbox 2105 1616 3691 1694">
     <span class='ocr_line' id='line_1_31' title="bbox 2105 1616 3691 1694; baseline -0.008 -15"><span class='ocrx_word' id='word_1_210' title='bbox 2105 1626 2172 1679; x_wconf 84' lang='grc' dir='ltr'>ἂν</span> <span class='ocrx_word' id='word_1_211' title='bbox 2198 1623 2410 1677; x_wconf 80' lang='grc' dir='ltr'>ἐκεῖθεν</span> <span class='ocrx_word' id='word_1_212' title='bbox 2441 1621 2765 1694; x_wconf 79' lang='grc' dir='ltr'>ἐγνωρίζετο</span> <span class='ocrx_word' id='word_1_213' title='bbox 2810 1620 3043 1692; x_wconf 83' lang='grc' dir='ltr'>βασιλεῖ,</span> <span class='ocrx_word' id='word_1_214' title='bbox 3077 1618 3200 1674; x_wconf 72' lang='grc' dir='ltr'>οὐδὲ</span> <span class='ocrx_word' id='word_1_215' title='bbox 3247 1618 3345 1687; x_wconf 81' lang='grc' dir='ltr'>τὴν</span> <span class='ocrx_word' id='word_1_216' title='bbox 3374 1616 3495 1688; x_wconf 88' lang='grc' dir='ltr'>μετ’</span> <span class='ocrx_word' id='word_1_217' title='bbox 3520 1616 3691 1669; x_wconf 74' lang='grc' dir='ltr'>αὑτὸν</span> 
     </span>
    </p>
   </div>
   <div class='ocr_carea' id='block_1_32' title="bbox 2104 1707 3689 1787">
    <p class='ocr_par' dir='ltr' id='par_1_32' title="bbox 2104 1707 3689 1787">
     <span class='ocr_line' id='line_1_32' title="bbox 2104 1707 3689 1787; baseline -0.007 -19"><span class='ocrx_word' id='word_1_218' title='bbox 2104 1715 2279 1787; x_wconf 82' lang='grc' dir='ltr'>ἀρχὴν</span> <span class='ocrx_word' id='word_1_219' title='bbox 2313 1716 2411 1787; x_wconf 80' lang='grc' dir='ltr'>τῆς</span> <span class='ocrx_word' id='word_1_220' title='bbox 2457 1714 2736 1784; x_wconf 83' lang='grc' dir='ltr'>Αἰγύπτου</span> <span class='ocrx_word' id='word_1_221' title='bbox 2785 1712 3142 1782; x_wconf 72' lang='grc' dir='ltr'>ἐκεχείρωτο.</span> <span class='ocrx_word' id='word_1_222' title='bbox 3185 1709 3348 1779; x_wconf 79' lang='grc' dir='ltr'>Ὁρᾷς</span> <span class='ocrx_word' id='word_1_223' title='bbox 3391 1707 3579 1778; x_wconf 75' lang='grc' dir='ltr'>ἡλίκον</span> <span class='ocrx_word' id='word_1_224' title='bbox 3620 1707 3689 1758; x_wconf 86' lang='grc' dir='ltr'><strong>ἐκ</strong></span> 
     </span>
    </p>
   </div>
   <div class='ocr_carea' id='block_1_33' title="bbox 404 1779 2001 1877">
    <p class='ocr_par' dir='ltr' id='par_1_33' title="bbox 404 1803 1997 1875">
     <span class='ocr_line' id='line_1_33' title="bbox 404 1803 1997 1875; baseline -0.003 -14"><span class='ocrx_word' id='word_1_225' title='bbox 404 1806 612 1861; x_wconf 80' lang='lat' dir='ltr'><strong>Cernis</strong></span> <span class='ocrx_word' id='word_1_226' title='bbox 655 1814 921 1875; x_wconf 89' lang='lat' dir='ltr'><strong>quantum</strong></span> <span class='ocrx_word' id='word_1_227' title='bbox 958 1820 1025 1858; x_wconf 78' lang='lat' dir='ltr'><strong>ex</strong></span> <span class='ocrx_word' id='word_1_228' title='bbox 1076 1804 1275 1858; x_wconf 84' lang='lat' dir='ltr'><strong>invidia</strong></span> <span class='ocrx_word' id='word_1_229' title='bbox 1326 1803 1565 1871; x_wconf 87' lang='lat' dir='ltr'><strong>odioque</strong></span> <span class='ocrx_word' id='word_1_230' title='bbox 1608 1804 1847 1857; x_wconf 86' lang='lat' dir='ltr'><strong>fraterno</strong></span> <span class='ocrx_word' id='word_1_231' title='bbox 1879 1818 1997 1856; x_wconf 88' lang='lat' dir='ltr'><strong>ma-</strong></span> 
     </span>
    </p>
   </div>
   <div class='ocr_carea' id='block_1_34' title="bbox 2107 1779 3688 1877">
    <p class='ocr_par' dir='ltr' id='par_1_34' title="bbox 2107 1779 3688 1877">
     <span class='ocr_line' id='line_1_34' title="bbox 2107 1779 3688 1877; baseline -0.007 -17"><span class='ocrx_word' id='word_1_232' title='bbox 2107 1779 2320 1877; x_wconf 64' lang='grc' dir='ltr'>φὸξνὸυ,</span> <span class='ocrx_word' id='word_1_233' title='bbox 2356 1779 2450 1860; x_wconf 74' lang='grc' dir='ltr'>καὶ</span> <span class='ocrx_word' id='word_1_234' title='bbox 2516 1779 3013 1876; x_wconf 31' lang='grc' dir='ltr'>μισαδελφίαςῄἐφυ</span> <span class='ocrx_word' id='word_1_235' title='bbox 3061 1800 3292 1870; x_wconf 79' lang='grc' dir='ltr'>ἀγαθὸν,</span> <span class='ocrx_word' id='word_1_236' title='bbox 3337 1799 3434 1853; x_wconf 77' lang='grc' dir='ltr'><strong>καὶ</strong></span> <span class='ocrx_word' id='word_1_237' title='bbox 3463 1799 3621 1860; x_wconf 83' lang='grc' dir='ltr'>ὅσαις</span> <span class='ocrx_word' id='word_1_238' title='bbox 3657 1799 3688 1849; x_wconf 85' lang='grc' dir='ltr'><strong>ό</strong></span> 
     </span>
    </p>
   </div>
   <div class='ocr_carea' id='block_1_35' title="bbox 421 1895 1996 1968">
    <p class='ocr_par' dir='ltr' id='par_1_35' title="bbox 421 1895 1996 1968">
     <span class='ocr_line' id='line_1_35' title="bbox 421 1895 1996 1968; baseline -0.003 -15"><span class='ocrx_word' id='word_1_239' title='bbox 421 1899 569 1954; x_wconf 88' lang='lat' dir='ltr'><strong>narit</strong></span> <span class='ocrx_word' id='word_1_240' title='bbox 615 1899 859 1961; x_wconf 90' lang='lat' dir='ltr'><strong>bonum,</strong></span> <span class='ocrx_word' id='word_1_241' title='bbox 905 1904 960 1952; x_wconf 89' lang='lat' dir='ltr'><strong>et</strong></span> <span class='ocrx_word' id='word_1_242' title='bbox 1011 1908 1215 1968; x_wconf 88' lang='lat' dir='ltr'><strong>quanta</strong></span> <span class='ocrx_word' id='word_1_243' title='bbox 1275 1895 1417 1951; x_wconf 85' lang='lat' dir='ltr'><strong>Deus</strong></span> <span class='ocrx_word' id='word_1_244' title='bbox 1475 1895 1770 1966; x_wconf 76' lang='lat' dir='ltr'><strong>Joseplutm</strong></span> <span class='ocrx_word' id='word_1_245' title='bbox 1823 1896 1996 1965; x_wconf 84' lang='lat' dir='ltr'><strong>gloria</strong></span> 
     </span>
    </p>
   </div>
   <div class='ocr_carea' id='block_1_36' title="bbox 416 1991 748 2047">
    <p class='ocr_par' dir='ltr' id='par_1_36' title="bbox 416 1991 748 2047">
     <span class='ocr_line' id='line_1_36' title="bbox 416 1991 748 2047; baseline -0.009 0"><span class='ocrx_word' id='word_1_246' title='bbox 416 1991 748 2047; x_wconf 81' lang='lat' dir='ltr'><strong>coronavit?</strong></span> 
     </span>
    </p>
   </div>
   <div class='ocr_carea' id='block_1_37' title="bbox 493 2082 1994 2155">
    <p class='ocr_par' dir='ltr' id='par_1_37' title="bbox 493 2082 1994 2155">
     <span class='ocr_line' id='line_1_37' title="bbox 493 2082 1994 2155; baseline 0 -18"><span class='ocrx_word' id='word_1_247' title='bbox 493 2084 650 2139; x_wconf 85' lang='lat' dir='ltr'><strong>Alius</strong></span> <span class='ocrx_word' id='word_1_248' title='bbox 683 2083 878 2139; x_wconf 88' lang='lat' dir='ltr'><strong>deinde</strong></span> <span class='ocrx_word' id='word_1_249' title='bbox 911 2082 1126 2136; x_wconf 84' lang='lat' dir='ltr'><strong>Pharao</strong></span> <span class='ocrx_word' id='word_1_250' title='bbox 1172 2092 1361 2137; x_wconf 91' lang='lat' dir='ltr'><strong>contra</strong></span> <span class='ocrx_word' id='word_1_251' title='bbox 1395 2083 1747 2138; x_wconf 89' lang='lat' dir='ltr'><strong>lsraeliticam</strong></span> <span class='ocrx_word' id='word_1_252' title='bbox 1783 2092 1994 2155; x_wconf 71' lang='lat' dir='ltr'><strong>gentem</strong></span> 
     </span>
    </p>
   </div>
   <div class='ocr_carea' id='block_1_38' title="bbox 419 2176 1994 2245">
    <p class='ocr_par' dir='ltr' id='par_1_38' title="bbox 419 2176 1994 2245">
     <span class='ocr_line' id='line_1_38' title="bbox 419 2176 1994 2245; baseline 0 -14"><span class='ocrx_word' id='word_1_253' title='bbox 419 2176 549 2231; x_wconf 89' lang='lat' dir='ltr'><strong>odio</strong></span> <span class='ocrx_word' id='word_1_254' title='bbox 579 2176 807 2243; x_wconf 81' lang='lat' dir='ltr'><strong>exarsit,</strong></span> <span class='ocrx_word' id='word_1_255' title='bbox 846 2191 909 2231; x_wconf 89' lang='lat' dir='ltr'><strong>ac</strong></span> <span class='ocrx_word' id='word_1_256' title='bbox 941 2176 1142 2245; x_wconf 83' lang='lat' dir='ltr'><strong>impius</strong></span> <span class='ocrx_word' id='word_1_257' title='bbox 1172 2176 1433 2231; x_wconf 88' lang='lat' dir='ltr'><strong>masculis</strong></span> <span class='ocrx_word' id='word_1_258' title='bbox 1466 2176 1768 2231; x_wconf 82' lang='lat' dir='ltr'><strong>infantibus</strong></span> <span class='ocrx_word' id='word_1_259' title='bbox 1813 2176 1994 2231; x_wconf 87' lang='lat' dir='ltr'><strong>Nilum</strong></span> 
     </span>
    </p>
   </div>
   <div class='ocr_carea' id='block_1_39' title="bbox 419 2265 1996 2336">
    <p class='ocr_par' dir='ltr' id='par_1_39' title="bbox 419 2265 1996 2336">
     <span class='ocr_line' id='line_1_39' title="bbox 419 2265 1996 2336; baseline 0.001 -17"><span class='ocrx_word' id='word_1_260' title='bbox 419 2282 519 2336; x_wconf 89' lang='lat' dir='ltr'><strong>pro</strong></span> <span class='ocrx_word' id='word_1_261' title='bbox 544 2266 804 2322; x_wconf 84' lang='lat' dir='ltr'><strong>carnifice</strong></span> <span class='ocrx_word' id='word_1_262' title='bbox 832 2267 1139 2322; x_wconf 87' lang='lat' dir='ltr'><strong>constituit.</strong></span> <span class='ocrx_word' id='word_1_263' title='bbox 1175 2268 1243 2319; x_wconf 82' lang='lat' dir='ltr'><strong>At</strong></span> <span class='ocrx_word' id='word_1_264' title='bbox 1267 2281 1332 2320; x_wconf 84' lang='lat' dir='ltr'><strong>ex</strong></span> <span class='ocrx_word' id='word_1_265' title='bbox 1366 2265 1512 2321; x_wconf 91' lang='lat' dir='ltr'><strong>illius</strong></span> <span class='ocrx_word' id='word_1_266' title='bbox 1545 2266 1760 2321; x_wconf 88' lang='lat' dir='ltr'><strong>feritate</strong></span> <span class='ocrx_word' id='word_1_267' title='bbox 1794 2266 1996 2321; x_wconf 84' lang='lat' dir='ltr'><strong>factum</strong></span> 
     </span>
    </p>
   </div>
   <div class='ocr_carea' id='block_1_40' title="bbox 419 2359 2001 2429">
    <p class='ocr_par' dir='ltr' id='par_1_40' title="bbox 419 2359 2001 2429">
     <span class='ocr_line' id='line_1_40' title="bbox 419 2359 2001 2429; baseline 0 -16"><span class='ocrx_word' id='word_1_268' title='bbox 419 2368 523 2424; x_wconf 83' lang='lat' dir='ltr'><strong>est,</strong></span> <span class='ocrx_word' id='word_1_269' title='bbox 554 2368 612 2414; x_wconf 91' lang='lat' dir='ltr'><strong>ut</strong></span> <span class='ocrx_word' id='word_1_270' title='bbox 644 2375 743 2429; x_wconf 90' lang='lat' dir='ltr'><strong>pro</strong></span> <span class='ocrx_word' id='word_1_271' title='bbox 787 2359 1142 2426; x_wconf 89' lang='lat' dir='ltr'><strong>domuncula,</strong></span> <span class='ocrx_word' id='word_1_272' title='bbox 1178 2359 1233 2413; x_wconf 92' lang='lat' dir='ltr'><strong>in</strong></span> <span class='ocrx_word' id='word_1_273' title='bbox 1276 2373 1383 2428; x_wconf 88' lang='lat' dir='ltr'><strong>qua</strong></span> <span class='ocrx_word' id='word_1_274' title='bbox 1434 2359 1597 2413; x_wconf 83' lang='lat' dir='ltr'><strong>simul</strong></span> <span class='ocrx_word' id='word_1_275' title='bbox 1652 2359 1805 2412; x_wconf 91' lang='lat' dir='ltr'><strong>multi</strong></span> <span class='ocrx_word' id='word_1_276' title='bbox 1840 2359 2001 2426; x_wconf 75' lang='lat' dir='ltr'><strong>dege-</strong></span> 
     </span>
    </p>
   </div>
   <div class='ocr_carea' id='block_1_41' title="bbox 420 2450 2000 2521">
    <p class='ocr_par' dir='ltr' id='par_1_41' title="bbox 420 2450 2000 2521">
     <span class='ocr_line' id='line_1_41' title="bbox 420 2450 2000 2521; baseline 0 -16"><span class='ocrx_word' id='word_1_277' title='bbox 420 2452 571 2515; x_wconf 88' lang='lat' dir='ltr'><strong>bant,</strong></span> <span class='ocrx_word' id='word_1_278' title='bbox 605 2466 837 2521; x_wconf 62' lang='lat' dir='ltr'><strong>quasque</strong></span> <span class='ocrx_word' id='word_1_279' title='bbox 884 2450 1016 2504; x_wconf 85' lang='lat' dir='ltr'><strong>nihil</strong></span> <span class='ocrx_word' id='word_1_280' title='bbox 1051 2466 1079 2503; x_wconf 91' lang='lat' dir='ltr'><strong>a</strong></span> <span class='ocrx_word' id='word_1_281' title='bbox 1122 2451 1337 2505; x_wconf 61' lang='lat' dir='ltr'><strong>caneris</strong></span> <span class='ocrx_word' id='word_1_282' title='bbox 1376 2452 1735 2521; x_wconf 86' lang='lat' dir='ltr'><strong>p0pularibus</strong></span> <span class='ocrx_word' id='word_1_283' title='bbox 1785 2450 2000 2506; x_wconf 77' lang='lat' dir='ltr'><strong>differe-</strong></span> 
     </span>
    </p>
   </div>
   <div class='ocr_carea' id='block_1_42' title="bbox 410 2534 2000 2616">
    <p class='ocr_par' dir='ltr' id='par_1_42' title="bbox 410 2534 2000 2616">
     <span class='ocr_line' id='line_1_42' title="bbox 410 2534 2000 2616; baseline 0.002 -23"><span class='ocrx_word' id='word_1_284' title='bbox 410 2534 531 2615; x_wconf 65' lang='lat' dir='ltr'><strong>bat,</strong></span> <span class='ocrx_word' id='word_1_285' title='bbox 566 2540 619 2594; x_wconf 93' lang='lat' dir='ltr'><strong>in</strong></span> <span class='ocrx_word' id='word_1_286' title='bbox 662 2540 785 2594; x_wconf 84' lang='lat' dir='ltr'><strong>aula</strong></span> <span class='ocrx_word' id='word_1_287' title='bbox 818 2538 1200 2611; x_wconf 70' lang='lat' dir='ltr'><strong>Egyptiorum</strong></span> <span class='ocrx_word' id='word_1_288' title='bbox 1226 2555 1425 2616; x_wconf 51' lang='lat' dir='ltr'><strong>,regum</strong></span> <span class='ocrx_word' id='word_1_289' title='bbox 1474 2540 1689 2612; x_wconf 82' lang='lat' dir='ltr'><strong>Moyses</strong></span> <span class='ocrx_word' id='word_1_290' title='bbox 1728 2541 2000 2596; x_wconf 78' lang='lat' dir='ltr'><strong>enutrirc-</strong></span> 
     </span>
    </p>
   </div>
   <div class='ocr_carea' id='block_1_43' title="bbox 422 2620 1995 2704">
    <p class='ocr_par' dir='ltr' id='par_1_43' title="bbox 422 2620 1995 2704">
     <span class='ocr_line' id='line_1_43' title="bbox 422 2620 1995 2704; baseline 0.002 -19"><span class='ocrx_word' id='word_1_291' title='bbox 422 2620 530 2697; x_wconf 68' lang='lat' dir='ltr'><strong>tur,</strong></span> <span class='ocrx_word' id='word_1_292' title='bbox 564 2632 704 2687; x_wconf 72' lang='lat' dir='ltr'><strong>inde</strong></span> <span class='ocrx_word' id='word_1_293' title='bbox 732 2632 911 2686; x_wconf 88' lang='lat' dir='ltr'><strong>divina</strong></span> <span class='ocrx_word' id='word_1_294' title='bbox 950 2630 1292 2687; x_wconf 88' lang='lat' dir='ltr'><strong>Providentia</strong></span> <span class='ocrx_word' id='word_1_295' title='bbox 1336 2634 1656 2688; x_wconf 85' lang='lat' dir='ltr'><strong>ostendente</strong></span> <span class='ocrx_word' id='word_1_296' title='bbox 1697 2634 1843 2704; x_wconf 87' lang='lat' dir='ltr'><strong>quod</strong></span> <span class='ocrx_word' id='word_1_297' title='bbox 1899 2633 1995 2704; x_wconf 90' lang='lat' dir='ltr'><strong>qui</strong></span> 
     </span>
    </p>
   </div>
   <div class='ocr_carea' id='block_1_44' title="bbox 416 2724 1999 2795">
    <p class='ocr_par' dir='ltr' id='par_1_44' title="bbox 416 2724 1999 2795">
     <span class='ocr_line' id='line_1_44' title="bbox 416 2724 1999 2795; baseline 0.002 -18"><span class='ocrx_word' id='word_1_298' title='bbox 416 2724 639 2780; x_wconf 72' lang='lat' dir='ltr'><strong>insidiis</strong></span> <span class='ocrx_word' id='word_1_299' title='bbox 676 2724 1060 2794; x_wconf 87' lang='lat' dir='ltr'><strong>impetcbatur,</strong></span> <span class='ocrx_word' id='word_1_300' title='bbox 1108 2724 1491 2779; x_wconf 88' lang='lat' dir='ltr'><strong>insidiatorum</strong></span> <span class='ocrx_word' id='word_1_301' title='bbox 1528 2726 1826 2795; x_wconf 83' lang='lat' dir='ltr'><strong>imperium</strong></span> <span class='ocrx_word' id='word_1_302' title='bbox 1867 2726 1999 2780; x_wconf 88' lang='lat' dir='ltr'><strong>sub-</strong></span> 
     </span>
    </p>
   </div>
   <div class='ocr_carea' id='block_1_45' title="bbox 408 2812 1997 2885">
    <p class='ocr_par' dir='ltr' id='par_1_45' title="bbox 408 2812 1997 2885">
     <span class='ocr_line' id='line_1_45' title="bbox 408 2812 1997 2885; baseline 0 -16"><span class='ocrx_word' id='word_1_303' title='bbox 408 2812 658 2871; x_wconf 76' lang='lat' dir='ltr'><strong>acturus</strong></span> <span class='ocrx_word' id='word_1_304' title='bbox 707 2823 876 2870; x_wconf 87' lang='lat' dir='ltr'><strong>esset.</strong></span> <span class='ocrx_word' id='word_1_305' title='bbox 931 2812 1202 2869; x_wconf 85' lang='lat' dir='ltr'><strong>Nimirum</strong></span> <span class='ocrx_word' id='word_1_306' title='bbox 1263 2815 1424 2885; x_wconf 86' lang='lat' dir='ltr'><strong>paulo</strong></span> <span class='ocrx_word' id='word_1_307' title='bbox 1456 2825 1578 2885; x_wconf 83' lang='lat' dir='ltr'><strong>post</strong></span> <span class='ocrx_word' id='word_1_308' title='bbox 1615 2816 1809 2871; x_wconf 89' lang='lat' dir='ltr'><strong>mortis</strong></span> <span class='ocrx_word' id='word_1_309' title='bbox 1839 2831 1997 2885; x_wconf 73' lang='lat' dir='ltr'><strong>ptena</strong></span> 
     </span>
    </p>
   </div>
   <div class='ocr_carea' id='block_1_46' title="bbox 421 2900 1998 2974">
    <p class='ocr_par' dir='ltr' id='par_1_46' title="bbox 421 2900 1998 2974">
     <span class='ocr_line' id='line_1_46' title="bbox 421 2900 1998 2974; baseline 0.003 -19"><span class='ocrx_word' id='word_1_310' title='bbox 421 2904 659 2958; x_wconf 80' lang='lat' dir='ltr'><strong>afficiens</strong></span> <span class='ocrx_word' id='word_1_311' title='bbox 708 2900 1046 2974; x_wconf 60' lang='lat' dir='ltr'><strong>Egyptium,</strong></span> <span class='ocrx_word' id='word_1_312' title='bbox 1081 2903 1174 2973; x_wconf 92' lang='lat' dir='ltr'><strong>qui</strong></span> <span class='ocrx_word' id='word_1_313' title='bbox 1212 2919 1331 2958; x_wconf 86' lang='lat' dir='ltr'><strong>eam</strong></span> <span class='ocrx_word' id='word_1_314' title='bbox 1380 2904 1672 2959; x_wconf 88' lang='lat' dir='ltr'><strong>contribuli</strong></span> <span class='ocrx_word' id='word_1_315' title='bbox 1719 2919 1819 2958; x_wconf 88' lang='lat' dir='ltr'><strong>suo</strong></span> <span class='ocrx_word' id='word_1_316' title='bbox 1854 2904 1998 2959; x_wconf 79' lang='lat' dir='ltr'><strong>infe-</strong></span> 
     </span>
    </p>
   </div>
   <div class='ocr_carea' id='block_1_47' title="bbox 421 2994 1996 3067">
    <p class='ocr_par' dir='ltr' id='par_1_47' title="bbox 421 2994 1996 3067">
     <span class='ocr_line' id='line_1_47' title="bbox 421 2994 1996 3067; baseline 0.002 -18"><span class='ocrx_word' id='word_1_317' title='bbox 421 2995 599 3055; x_wconf 84' lang='lat' dir='ltr'><strong>rebat,</strong></span> <span class='ocrx_word' id='word_1_318' title='bbox 659 3004 707 3048; x_wconf 89' lang='lat' dir='ltr'><strong>et</strong></span> <span class='ocrx_word' id='word_1_319' title='bbox 753 2994 865 3062; x_wconf 86' lang='lat' dir='ltr'><strong>jam</strong></span> <span class='ocrx_word' id='word_1_320' title='bbox 925 2994 1172 3049; x_wconf 89' lang='lat' dir='ltr'><strong>detectus</strong></span> <span class='ocrx_word' id='word_1_321' title='bbox 1235 2995 1383 3050; x_wconf 89' lang='lat' dir='ltr'><strong>illiue</strong></span> <span class='ocrx_word' id='word_1_322' title='bbox 1441 2996 1600 3067; x_wconf 79' lang='lat' dir='ltr'><strong>fugit,</strong></span> <span class='ocrx_word' id='word_1_323' title='bbox 1652 3013 1716 3051; x_wconf 79' lang='lat' dir='ltr'><strong>ac</strong></span> <span class='ocrx_word' id='word_1_324' title='bbox 1777 3014 1996 3053; x_wconf 88' lang='lat' dir='ltr'><strong>rursum</strong></span> 
     </span>
    </p>
   </div>
   <div class='ocr_carea' id='block_1_48' title="bbox 2098 1892 3254 1967">
    <p class='ocr_par' dir='ltr' id='par_1_48' title="bbox 2098 1892 3254 1967">
     <span class='ocr_line' id='line_1_48' title="bbox 2098 1892 3254 1967; baseline -0.007 -15"><span class='ocrx_word' id='word_1_325' title='bbox 2098 1898 2231 1963; x_wconf 80' lang='grc' dir='ltr'>Θεὸς</span> <span class='ocrx_word' id='word_1_326' title='bbox 2266 1899 2359 1951; x_wconf 77' lang='grc' dir='ltr'>τὸν</span> <span class='ocrx_word' id='word_1_327' title='bbox 2399 1896 2600 1967; x_wconf 82' lang='grc' dir='ltr'>Ἰωσὴφ</span> <span class='ocrx_word' id='word_1_328' title='bbox 2628 1894 2811 1960; x_wconf 83' lang='grc' dir='ltr'>δόξαις</span> <span class='ocrx_word' id='word_1_329' title='bbox 2842 1892 3254 1963; x_wconf 72' lang='grc' dir='ltr'>κατεστέψατο;</span> 
     </span>
    </p>
   </div>
   <div class='ocr_carea' id='block_1_49' title="bbox 2173 2067 3683 2148">
    <p class='ocr_par' dir='ltr' id='par_1_49' title="bbox 2173 2067 3683 2148">
     <span class='ocr_line' id='line_1_49' title="bbox 2173 2067 3683 2148; baseline -0.006 -19"><span class='ocrx_word' id='word_1_330' title='bbox 2173 2076 2364 2140; x_wconf 76' lang='grc' dir='ltr'>Ἄλλος</span> <span class='ocrx_word' id='word_1_331' title='bbox 2419 2075 2645 2148; x_wconf 72' lang='grc' dir='ltr'>ὕστερον</span> <span class='ocrx_word' id='word_1_332' title='bbox 2696 2074 2898 2145; x_wconf 79' lang='grc' dir='ltr'>Φαραὼ</span> <span class='ocrx_word' id='word_1_333' title='bbox 2950 2071 3093 2127; x_wconf 87' lang='grc' dir='ltr'>κατὰ</span> <span class='ocrx_word' id='word_1_334' title='bbox 3141 2072 3243 2142; x_wconf 83' lang='grc' dir='ltr'>τῆς</span> <span class='ocrx_word' id='word_1_335' title='bbox 3292 2067 3683 2143; x_wconf 86' lang='grc' dir='ltr'>Ἰσραηλίτιδος</span> 
     </span>
    </p>
   </div>
   <div class='ocr_carea' id='block_1_50' title="bbox 2098 2162 3680 2239">
    <p class='ocr_par' dir='ltr' id='par_1_50' title="bbox 2098 2162 3680 2239">
     <span class='ocr_line' id='line_1_50' title="bbox 2098 2162 3680 2239; baseline -0.006 -18"><span class='ocrx_word' id='word_1_336' title='bbox 2098 2168 2274 2239; x_wconf 84' lang='grc' dir='ltr'>φυλῆς</span> <span class='ocrx_word' id='word_1_337' title='bbox 2304 2169 2564 2239; x_wconf 82' lang='grc' dir='ltr'><strong>ἐξεμάνη,</strong></span> <span class='ocrx_word' id='word_1_338' title='bbox 2594 2168 2689 2222; x_wconf 68' lang='grc' dir='ltr'>καὶ</span> <span class='ocrx_word' id='word_1_339' title='bbox 2719 2170 2831 2229; x_wconf 88' lang='grc' dir='ltr'>τοῖς</span> <span class='ocrx_word' id='word_1_340' title='bbox 2857 2167 2968 2218; x_wconf 83' lang='grc' dir='ltr'><strong>τῶν</strong></span> <span class='ocrx_word' id='word_1_341' title='bbox 2996 2162 3211 2235; x_wconf 80' lang='grc' dir='ltr'>βρεφῶν</span> <span class='ocrx_word' id='word_1_342' title='bbox 3234 2163 3430 2234; x_wconf 72' lang='grc' dir='ltr'>ἄρρεσι</span> <span class='ocrx_word' id='word_1_343' title='bbox 3452 2162 3545 2213; x_wconf 78' lang='grc' dir='ltr'><strong>τδν</strong></span> <span class='ocrx_word' id='word_1_344' title='bbox 3575 2176 3680 2212; x_wconf 85' lang='grc' dir='ltr'>πο-</span> 
     </span>
    </p>
   </div>
   <div class='ocr_carea' id='block_1_51' title="bbox 2097 2251 3688 2331">
    <p class='ocr_par' dir='ltr' id='par_1_51' title="bbox 2097 2251 3688 2331">
     <span class='ocr_line' id='line_1_51' title="bbox 2097 2251 3688 2331; baseline -0.006 -16"><span class='ocrx_word' id='word_1_345' title='bbox 2097 2262 2271 2331; x_wconf 81' lang='grc' dir='ltr'>ταμὸν</span> <span class='ocrx_word' id='word_1_346' title='bbox 2300 2264 2327 2315; x_wconf 88' lang='grc' dir='ltr'>ὁ</span> <span class='ocrx_word' id='word_1_347' title='bbox 2360 2260 2678 2331; x_wconf 89' lang='grc' dir='ltr'>παράνομος</span> <span class='ocrx_word' id='word_1_348' title='bbox 2724 2257 2987 2328; x_wconf 76' lang='grc' dir='ltr'>ἐπενόησε</span> <span class='ocrx_word' id='word_1_349' title='bbox 3024 2257 3241 2326; x_wconf 79' lang='grc' dir='ltr'>δήμιον.</span> <span class='ocrx_word' id='word_1_350' title='bbox 3283 2253 3445 2306; x_wconf 81' lang='grc' dir='ltr'>Ἀλλά</span> <span class='ocrx_word' id='word_1_351' title='bbox 3481 2254 3546 2305; x_wconf 88' lang='grc' dir='ltr'><strong>ἐκ</strong></span> <span class='ocrx_word' id='word_1_352' title='bbox 3582 2251 3688 2321; x_wconf 78' lang='grc' dir='ltr'>τῆς</span> 
     </span>
    </p>
   </div>
   <div class='ocr_carea' id='block_1_52' title="bbox 2099 2344 3684 2424">
    <p class='ocr_par' dir='ltr' id='par_1_52' title="bbox 2099 2344 3684 2424">
     <span class='ocr_line' id='line_1_52' title="bbox 2099 2344 3684 2424; baseline -0.008 -18"><span class='ocrx_word' id='word_1_353' title='bbox 2099 2354 2310 2407; x_wconf 79' lang='grc' dir='ltr'>ἐκείνου</span> <span class='ocrx_word' id='word_1_354' title='bbox 2358 2353 2668 2424; x_wconf 79' lang='grc' dir='ltr'>μιαιφονίας</span> <span class='ocrx_word' id='word_1_355' title='bbox 2704 2351 2732 2403; x_wconf 85' lang='grc' dir='ltr'><strong>ὁ</strong></span> <span class='ocrx_word' id='word_1_356' title='bbox 2774 2348 3014 2418; x_wconf 75' lang='grc' dir='ltr'><strong>Μωῦτῆς</strong></span> <span class='ocrx_word' id='word_1_357' title='bbox 3046 2349 3167 2399; x_wconf 76' lang='grc' dir='ltr'>ἀντὶ</span> <span class='ocrx_word' id='word_1_358' title='bbox 3191 2346 3292 2416; x_wconf 81' lang='grc' dir='ltr'>τῆς</span> <span class='ocrx_word' id='word_1_359' title='bbox 3321 2346 3463 2407; x_wconf 86' lang='grc' dir='ltr'>ίδίας</span> <span class='ocrx_word' id='word_1_360' title='bbox 3493 2344 3684 2406; x_wconf 79' lang='grc' dir='ltr'>ἑστίας</span> 
     </span>
    </p>
   </div>
   <div class='ocr_carea' id='block_1_53' title="bbox 2100 2437 3687 2518">
    <p class='ocr_par' dir='ltr' id='par_1_53' title="bbox 2100 2437 3687 2518">
     <span class='ocr_line' id='line_1_53' title="bbox 2100 2437 3687 2518; baseline -0.007 -18"><span class='ocrx_word' id='word_1_361' title='bbox 2100 2448 2233 2518; x_wconf 80' lang='grc' dir='ltr'>μιᾶς</span> <span class='ocrx_word' id='word_1_362' title='bbox 2259 2445 2367 2499; x_wconf 85' lang='grc' dir='ltr'><strong>τῶν</strong></span> <span class='ocrx_word' id='word_1_363' title='bbox 2401 2445 2610 2499; x_wconf 85' lang='grc' dir='ltr'>πολλῶν</span> <span class='ocrx_word' id='word_1_364' title='bbox 2642 2442 2831 2513; x_wconf 76' lang='grc' dir='ltr'>οὔσης,</span> <span class='ocrx_word' id='word_1_365' title='bbox 2876 2443 2969 2495; x_wconf 73' lang='grc' dir='ltr'>καὶ</span> <span class='ocrx_word' id='word_1_366' title='bbox 3013 2441 3167 2495; x_wconf 73' lang='grc' dir='ltr'>οὐδὲν</span> <span class='ocrx_word' id='word_1_367' title='bbox 3200 2441 3300 2510; x_wconf 81' lang='grc' dir='ltr'>τῆς</span> <span class='ocrx_word' id='word_1_368' title='bbox 3333 2440 3442 2491; x_wconf 90' lang='grc' dir='ltr'><strong>τῶν</strong></span> <span class='ocrx_word' id='word_1_369' title='bbox 3472 2437 3687 2508; x_wconf 80' lang='grc' dir='ltr'>ὁμοφύ-</span> 
     </span>
    </p>
   </div>
   <div class='ocr_carea' id='block_1_54' title="bbox 2097 2532 3687 2608">
    <p class='ocr_par' dir='ltr' id='par_1_54' title="bbox 2097 2532 3687 2608">
     <span class='ocr_line' id='line_1_54' title="bbox 2097 2532 3687 2608; baseline -0.006 -17"><span class='ocrx_word' id='word_1_370' title='bbox 2097 2538 2207 2593; x_wconf 89' lang='grc' dir='ltr'><strong>λων</strong></span> <span class='ocrx_word' id='word_1_371' title='bbox 2235 2538 2600 2608; x_wconf 80' lang='grc' dir='ltr'>διαφερούσης</span> <span class='ocrx_word' id='word_1_372' title='bbox 2638 2540 2696 2589; x_wconf 84' lang='grc' dir='ltr'><strong>ἐν</strong></span> <span class='ocrx_word' id='word_1_373' title='bbox 2726 2538 2841 2599; x_wconf 85' lang='grc' dir='ltr'>τοῖς</span> <span class='ocrx_word' id='word_1_374' title='bbox 2872 2535 2984 2588; x_wconf 86' lang='grc' dir='ltr'><strong>τῶν</strong></span> <span class='ocrx_word' id='word_1_375' title='bbox 3009 2532 3324 2602; x_wconf 77' lang='grc' dir='ltr'>Αἰγυπτίων</span> <span class='ocrx_word' id='word_1_376' title='bbox 3361 2532 3687 2601; x_wconf 83' lang='grc' dir='ltr'>ἀνακτόρων</span> 
     </span>
    </p>
   </div>
   <div class='ocr_carea' id='block_1_55' title="bbox 2098 2621 3688 2701">
    <p class='ocr_par' dir='ltr' id='par_1_55' title="bbox 2098 2621 3688 2701">
     <span class='ocr_line' id='line_1_55' title="bbox 2098 2621 3688 2701; baseline -0.006 -17"><span class='ocrx_word' id='word_1_377' title='bbox 2098 2629 2449 2701; x_wconf 82' lang='grc' dir='ltr'>ἀνετρέφετο,</span> <span class='ocrx_word' id='word_1_378' title='bbox 2498 2628 2725 2681; x_wconf 76' lang='grc' dir='ltr'>αὐτόθεν</span> <span class='ocrx_word' id='word_1_379' title='bbox 2768 2626 2867 2697; x_wconf 81' lang='grc' dir='ltr'>τῆς</span> <span class='ocrx_word' id='word_1_380' title='bbox 2912 2626 3062 2690; x_wconf 83' lang='grc' dir='ltr'>Θείας</span> <span class='ocrx_word' id='word_1_381' title='bbox 3093 2625 3354 2696; x_wconf 85' lang='grc' dir='ltr'>προνοίας</span> <span class='ocrx_word' id='word_1_382' title='bbox 3394 2621 3688 2693; x_wconf 83' lang='grc' dir='ltr'>ἐπιδηλού-</span> 
     </span>
    </p>
   </div>
   <div class='ocr_carea' id='block_1_56' title="bbox 2101 2717 3686 2792">
    <p class='ocr_par' dir='ltr' id='par_1_56' title="bbox 2101 2717 3686 2792">
     <span class='ocr_line' id='line_1_56' title="bbox 2101 2717 3686 2792; baseline -0.004 -16"><span class='ocrx_word' id='word_1_383' title='bbox 2101 2740 2221 2792; x_wconf 85' lang='grc' dir='ltr'>σης,</span> <span class='ocrx_word' id='word_1_384' title='bbox 2246 2722 2320 2786; x_wconf 83' lang='grc' dir='ltr'>ὡς</span> <span class='ocrx_word' id='word_1_385' title='bbox 2342 2724 2369 2775; x_wconf 87' lang='grc' dir='ltr'>ὁ</span> <span class='ocrx_word' id='word_1_386' title='bbox 2403 2721 2910 2789; x_wconf 83' lang='grc' dir='ltr'>ἐπιϐουλευόμενος,</span> <span class='ocrx_word' id='word_1_387' title='bbox 2944 2719 3111 2783; x_wconf 80' lang='grc' dir='ltr'>αὐτὸς</span> <span class='ocrx_word' id='word_1_388' title='bbox 3140 2718 3413 2789; x_wconf 83' lang='grc' dir='ltr'>ἐγκρατὴς</span> <span class='ocrx_word' id='word_1_389' title='bbox 3436 2717 3535 2788; x_wconf 76' lang='grc' dir='ltr'>τῆς</span> <span class='ocrx_word' id='word_1_390' title='bbox 3570 2718 3686 2769; x_wconf 85' lang='grc' dir='ltr'><strong>τῶν</strong></span> 
     </span>
    </p>
   </div>
   <div class='ocr_carea' id='block_1_57' title="bbox 2099 2810 3689 2880">
    <p class='ocr_par' dir='ltr' id='par_1_57' title="bbox 2099 2810 3689 2880">
     <span class='ocr_line' id='line_1_57' title="bbox 2099 2810 3689 2880; baseline -0.004 -12"><span class='ocrx_word' id='word_1_391' title='bbox 2099 2816 2559 2870; x_wconf 85' lang='grc' dir='ltr'>ἐπιϐουλευόντων</span> <span class='ocrx_word' id='word_1_392' title='bbox 2607 2814 2925 2877; x_wconf 86' lang='grc' dir='ltr'>δυναστείας</span> <span class='ocrx_word' id='word_1_393' title='bbox 2956 2812 3130 2865; x_wconf 72' lang='grc' dir='ltr'>ἔσται.</span> <span class='ocrx_word' id='word_1_394' title='bbox 3168 2811 3405 2863; x_wconf 77' lang='grc' dir='ltr'>Ἔπειτα</span> <span class='ocrx_word' id='word_1_395' title='bbox 3451 2812 3560 2880; x_wconf 80' lang='grc' dir='ltr'>γὰρ</span> <span class='ocrx_word' id='word_1_396' title='bbox 3607 2810 3689 2863; x_wconf 86' lang='grc' dir='ltr'>δί-</span> 
     </span>
    </p>
   </div>
   <div class='ocr_carea' id='block_1_58' title="bbox 2099 2898 3687 2977">
    <p class='ocr_par' dir='ltr' id='par_1_58' title="bbox 2099 2898 3687 2977">
     <span class='ocr_line' id='line_1_58' title="bbox 2099 2898 3687 2977; baseline -0.004 -16"><span class='ocrx_word' id='word_1_397' title='bbox 2099 2924 2204 2971; x_wconf 80' lang='grc' dir='ltr'><strong>κας</strong></span> <span class='ocrx_word' id='word_1_398' title='bbox 2250 2908 2411 2977; x_wconf 89' lang='grc' dir='ltr'>φόνου</span> <span class='ocrx_word' id='word_1_399' title='bbox 2459 2906 2662 2972; x_wconf 84' lang='grc' dir='ltr'>λαϐὼν,</span> <span class='ocrx_word' id='word_1_400' title='bbox 2711 2906 2851 2977; x_wconf 80' lang='grc' dir='ltr'>ὑπὲρ</span> <span class='ocrx_word' id='word_1_401' title='bbox 2883 2898 2958 2958; x_wconf 84' lang='grc' dir='ltr'>ὧν</span> <span class='ocrx_word' id='word_1_402' title='bbox 2989 2904 3161 2975; x_wconf 79' lang='grc' dir='ltr'>ἠδίκει</span> <span class='ocrx_word' id='word_1_403' title='bbox 3220 2903 3311 2956; x_wconf 71' lang='grc' dir='ltr'>τὸν</span> <span class='ocrx_word' id='word_1_404' title='bbox 3344 2902 3616 2972; x_wconf 81' lang='grc' dir='ltr'>ὁμόφυλον</span> <span class='ocrx_word' id='word_1_405' title='bbox 3654 2904 3687 2954; x_wconf 81' lang='grc' dir='ltr'><strong>ὁ</strong></span> 
     </span>
    </p>
   </div>
   <div class='ocr_carea' id='block_1_59' title="bbox 2100 2993 3687 3068">
    <p class='ocr_par' dir='ltr' id='par_1_59' title="bbox 2100 2993 3687 3068">
     <span class='ocr_line' id='line_1_59' title="bbox 2100 2993 3687 3068; baseline -0.005 -15"><span class='ocrx_word' id='word_1_406' title='bbox 2100 3000 2421 3067; x_wconf 79' lang='grc' dir='ltr'>Αἰγύπτιος,</span> <span class='ocrx_word' id='word_1_407' title='bbox 2458 2999 2553 3052; x_wconf 74' lang='grc' dir='ltr'><strong>καὶ</strong></span> <span class='ocrx_word' id='word_1_408' title='bbox 2585 2998 2914 3068; x_wconf 84' lang='grc' dir='ltr'>κατάφωρος</span> <span class='ocrx_word' id='word_1_409' title='bbox 2954 2997 3192 3066; x_wconf 88' lang='grc' dir='ltr'>γεγονώς</span> <span class='ocrx_word' id='word_1_410' title='bbox 3220 3012 3278 3048; x_wconf 88' lang='grc' dir='ltr'><strong>τε</strong></span> <span class='ocrx_word' id='word_1_411' title='bbox 3309 2994 3540 3059; x_wconf 84' lang='grc' dir='ltr'>ἐκεῖθεν,</span> <span class='ocrx_word' id='word_1_412' title='bbox 3586 2993 3687 3046; x_wconf 79' lang='grc' dir='ltr'>καὶ</span> 
     </span>
    </p>
   </div>
   <div class='ocr_carea' id='block_1_60' title="bbox 422 3078 2001 3172">
    <p class='ocr_par' dir='ltr' id='par_1_60' title="bbox 422 3078 1993 3161">
     <span class='ocr_line' id='line_1_60' title="bbox 422 3078 1993 3161; baseline 0.003 -21"><span class='ocrx_word' id='word_1_413' title='bbox 422 3087 597 3155; x_wconf 76' lang='lat' dir='ltr'><strong>signis</strong></span> <span class='ocrx_word' id='word_1_414' title='bbox 624 3078 997 3155; x_wconf 72' lang='lat' dir='ltr'><strong>prodigiisque</strong></span> <span class='ocrx_word' id='word_1_415' title='bbox 1027 3088 1296 3151; x_wconf 89' lang='lat' dir='ltr'><strong>munitus,</strong></span> <span class='ocrx_word' id='word_1_416' title='bbox 1320 3098 1510 3143; x_wconf 89' lang='lat' dir='ltr'><strong>contra</strong></span> <span class='ocrx_word' id='word_1_417' title='bbox 1535 3090 1993 3161; x_wconf 78' lang='lat' dir='ltr'><strong>exspectationem</strong></span> 
     </span>
    </p>
   </div>
   <div class='ocr_carea' id='block_1_61' title="bbox 2107 3078 3687 3172">
    <p class='ocr_par' dir='ltr' id='par_1_61' title="bbox 2107 3088 3687 3164">
     <span class='ocr_line' id='line_1_61' title="bbox 2107 3088 3687 3164; baseline -0.004 -19"><span class='ocrx_word' id='word_1_418' title='bbox 2107 3092 2264 3145; x_wconf 86' lang='grc' dir='ltr'>πάλιν</span> <span class='ocrx_word' id='word_1_419' title='bbox 2319 3091 2616 3164; x_wconf 68' lang='grc' dir='ltr'>ὀχυρωθεὶς</span> <span class='ocrx_word' id='word_1_420' title='bbox 2645 3092 2890 3162; x_wconf 85' lang='grc' dir='ltr'>σημείοις</span> <span class='ocrx_word' id='word_1_421' title='bbox 2941 3108 3000 3143; x_wconf 91' lang='grc' dir='ltr'><strong>τε</strong></span> <span class='ocrx_word' id='word_1_422' title='bbox 3032 3090 3128 3143; x_wconf 78' lang='grc' dir='ltr'>καὶ</span> <span class='ocrx_word' id='word_1_423' title='bbox 3152 3088 3363 3159; x_wconf 78' lang='grc' dir='ltr'>τέρασι.</span> <span class='ocrx_word' id='word_1_424' title='bbox 3400 3089 3497 3141; x_wconf 73' lang='grc' dir='ltr'><strong>καὶ</strong></span> <span class='ocrx_word' id='word_1_425' title='bbox 3530 3088 3687 3157; x_wconf 65' lang='grc' dir='ltr'>παρὰ</span> 
     </span>
    </p>
   </div>
   <div class='ocr_carea' id='block_1_62' title="bbox 420 3177 2001 3252">
    <p class='ocr_par' dir='ltr' id='par_1_62' title="bbox 420 3177 2001 3252">
     <span class='ocr_line' id='line_1_62' title="bbox 420 3177 2001 3252; baseline 0.004 -21"><span class='ocrx_word' id='word_1_426' title='bbox 420 3180 667 3245; x_wconf 73' lang='lat' dir='ltr'><strong>exsurgit</strong></span> <span class='ocrx_word' id='word_1_427' title='bbox 721 3179 1065 3247; x_wconf 88' lang='lat' dir='ltr'><strong>percutitque</strong></span> <span class='ocrx_word' id='word_1_428' title='bbox 1109 3177 1428 3249; x_wconf 66' lang='lat' dir='ltr'><strong>Egyptum,</strong></span> <span class='ocrx_word' id='word_1_429' title='bbox 1475 3190 1531 3235; x_wconf 89' lang='lat' dir='ltr'><strong>et</strong></span> <span class='ocrx_word' id='word_1_430' title='bbox 1574 3196 1729 3236; x_wconf 86' lang='lat' dir='ltr'><strong>suam</strong></span> <span class='ocrx_word' id='word_1_431' title='bbox 1766 3183 2001 3252; x_wconf 84' lang='lat' dir='ltr'><strong>denique</strong></span> 
     </span>
    </p>
   </div>
   <div class='ocr_carea' id='block_1_63' title="bbox 423 3269 2002 3345">
    <p class='ocr_par' dir='ltr' id='par_1_63' title="bbox 423 3269 2002 3345">
     <span class='ocr_line' id='line_1_63' title="bbox 423 3269 2002 3345; baseline 0.004 -22"><span class='ocrx_word' id='word_1_432' title='bbox 423 3278 638 3339; x_wconf 72' lang='lat' dir='ltr'><strong>gentem</strong></span> <span class='ocrx_word' id='word_1_433' title='bbox 669 3285 697 3322; x_wconf 91' lang='lat' dir='ltr'><strong>a</strong></span> <span class='ocrx_word' id='word_1_434' title='bbox 731 3272 868 3323; x_wconf 87' lang='lat' dir='ltr'><strong>dura</strong></span> <span class='ocrx_word' id='word_1_435' title='bbox 895 3269 1090 3323; x_wconf 89' lang='lat' dir='ltr'><strong>liberat</strong></span> <span class='ocrx_word' id='word_1_436' title='bbox 1120 3272 1380 3326; x_wconf 85' lang='lat' dir='ltr'><strong>servitute</strong></span> <span class='ocrx_word' id='word_1_437' title='bbox 1408 3290 1420 3325; x_wconf 87' lang='lat'><strong>:</strong></span> <span class='ocrx_word' id='word_1_438' title='bbox 1452 3288 1546 3327; x_wconf 90' lang='lat' dir='ltr'><strong>eos</strong></span> <span class='ocrx_word' id='word_1_439' title='bbox 1572 3282 1776 3339; x_wconf 75' lang='lat' dir='ltr'><strong>autem,</strong></span> <span class='ocrx_word' id='word_1_440' title='bbox 1804 3277 2002 3345; x_wconf 91' lang='lat' dir='ltr'><strong>quibus</strong></span> 
     </span>
    </p>
   </div>
   <div class='ocr_carea' id='block_1_64' title="bbox 424 3359 2003 3425">
    <p class='ocr_par' dir='ltr' id='par_1_64' title="bbox 424 3359 2003 3425">
     <span class='ocr_line' id='line_1_64' title="bbox 424 3359 2003 3425; baseline 0.004 -10"><span class='ocrx_word' id='word_1_441' title='bbox 424 3362 732 3415; x_wconf 80' lang='lat' dir='ltr'><strong>serviebant</strong></span> <span class='ocrx_word' id='word_1_442' title='bbox 789 3359 1042 3425; x_wconf 73' lang='lat' dir='ltr'><strong>llebrtei,</strong></span> <span class='ocrx_word' id='word_1_443' title='bbox 1108 3376 1231 3416; x_wconf 90' lang='lat' dir='ltr'><strong>cum</strong></span> <span class='ocrx_word' id='word_1_444' title='bbox 1299 3362 1448 3416; x_wconf 89' lang='lat' dir='ltr'><strong>omni</strong></span> <span class='ocrx_word' id='word_1_445' title='bbox 1518 3366 1758 3419; x_wconf 84' lang='lat' dir='ltr'><strong>exercitu</strong></span> <span class='ocrx_word' id='word_1_446' title='bbox 1834 3367 2003 3421; x_wconf 88' lang='lat' dir='ltr'><strong>maris</strong></span> 
     </span>
    </p>
   </div>
   <div class='ocr_carea' id='block_1_65' title="bbox 422 3449 1997 3519">
    <p class='ocr_par' dir='ltr' id='par_1_65' title="bbox 422 3449 1997 3519">
     <span class='ocr_line' id='line_1_65' title="bbox 422 3449 1997 3519; baseline 0.003 -15"><span class='ocrx_word' id='word_1_447' title='bbox 422 3450 679 3506; x_wconf 84' lang='lat' dir='ltr'><strong>ﬂuctibus</strong></span> <span class='ocrx_word' id='word_1_448' title='bbox 731 3465 830 3519; x_wconf 90' lang='lat' dir='ltr'><strong>pro</strong></span> <span class='ocrx_word' id='word_1_449' title='bbox 887 3449 1128 3504; x_wconf 83' lang='lat' dir='ltr'><strong>ﬂuminis</strong></span> <span class='ocrx_word' id='word_1_450' title='bbox 1195 3451 1355 3519; x_wconf 80' lang='lat' dir='ltr'><strong>aquis</strong></span> <span class='ocrx_word' id='word_1_451' title='bbox 1405 3452 1569 3507; x_wconf 87' lang='lat' dir='ltr'><strong>tradit</strong></span> <span class='ocrx_word' id='word_1_452' title='bbox 1620 3452 1997 3510; x_wconf 89' lang='lat' dir='ltr'><strong>suffocandos.</strong></span> 
     </span>
    </p>
   </div>
   <div class='ocr_carea' id='block_1_66' title="bbox 423 3538 2001 3611">
    <p class='ocr_par' dir='ltr' id='par_1_66' title="bbox 423 3538 2001 3611">
     <span class='ocr_line' id='line_1_66' title="bbox 423 3538 2001 3611; baseline 0.001 -15"><span class='ocrx_word' id='word_1_453' title='bbox 423 3542 605 3609; x_wconf 81' lang='lat' dir='ltr'><strong>Quare</strong></span> <span class='ocrx_word' id='word_1_454' title='bbox 652 3556 719 3596; x_wconf 78' lang='lat' dir='ltr'><strong>ex</strong></span> <span class='ocrx_word' id='word_1_455' title='bbox 765 3555 831 3596; x_wconf 92' lang='lat' dir='ltr'><strong>eo</strong></span> <span class='ocrx_word' id='word_1_456' title='bbox 874 3540 1002 3611; x_wconf 90' lang='lat' dir='ltr'><strong>quia</strong></span> <span class='ocrx_word' id='word_1_457' title='bbox 1046 3538 1396 3595; x_wconf 71' lang='lat' dir='ltr'><strong>Hebrzeorum</strong></span> <span class='ocrx_word' id='word_1_458' title='bbox 1446 3542 1691 3598; x_wconf 89' lang='lat' dir='ltr'><strong>insontes</strong></span> <span class='ocrx_word' id='word_1_459' title='bbox 1731 3546 1783 3597; x_wconf 94' lang='lat' dir='ltr'><strong>in</strong></span> <span class='ocrx_word' id='word_1_460' title='bbox 1834 3542 2001 3598; x_wconf 87' lang='lat' dir='ltr'><strong>fluvio</strong></span> 
     </span>
    </p>
   </div>
   <div class='ocr_carea' id='block_1_67' title="bbox 422 3632 1999 3704">
    <p class='ocr_par' dir='ltr' id='par_1_67' title="bbox 422 3632 1999 3704">
     <span class='ocr_line' id='line_1_67' title="bbox 422 3632 1999 3704; baseline 0.001 -16"><span class='ocrx_word' id='word_1_461' title='bbox 422 3634 631 3689; x_wconf 89' lang='lat' dir='ltr'><strong>enecati</strong></span> <span class='ocrx_word' id='word_1_462' title='bbox 665 3642 816 3695; x_wconf 88' lang='lat' dir='ltr'><strong>sunt,</strong></span> <span class='ocrx_word' id='word_1_463' title='bbox 851 3643 959 3687; x_wconf 90' lang='lat' dir='ltr'><strong>tota</strong></span> <span class='ocrx_word' id='word_1_464' title='bbox 989 3633 1135 3686; x_wconf 90' lang='lat' dir='ltr'><strong>natio</strong></span> <span class='ocrx_word' id='word_1_465' title='bbox 1169 3647 1198 3685; x_wconf 90' lang='lat' dir='ltr'><strong>a</strong></span> <span class='ocrx_word' id='word_1_466' title='bbox 1224 3632 1447 3687; x_wconf 86' lang='lat' dir='ltr'><strong>servitio</strong></span> <span class='ocrx_word' id='word_1_467' title='bbox 1474 3633 1751 3704; x_wconf 87' lang='lat' dir='ltr'><strong>redempta</strong></span> <span class='ocrx_word' id='word_1_468' title='bbox 1777 3643 1898 3701; x_wconf 91' lang='lat' dir='ltr'><strong>est;</strong></span> <span class='ocrx_word' id='word_1_469' title='bbox 1934 3649 1999 3689; x_wconf 91' lang='lat' dir='ltr'><strong>ac</strong></span> 
     </span>
    </p>
   </div>
   <div class='ocr_carea' id='block_1_68' title="bbox 422 3722 2003 3799">
    <p class='ocr_par' dir='ltr' id='par_1_68' title="bbox 422 3722 2003 3799">
     <span class='ocr_line' id='line_1_68' title="bbox 422 3722 2003 3799; baseline 0.001 -22"><span class='ocrx_word' id='word_1_470' title='bbox 422 3723 674 3778; x_wconf 81' lang='lat' dir='ltr'><strong>fremitus</strong></span> <span class='ocrx_word' id='word_1_471' title='bbox 704 3722 1079 3799; x_wconf 59' lang='lat' dir='ltr'><strong>{Egyptiorum</strong></span> <span class='ocrx_word' id='word_1_472' title='bbox 1112 3737 1233 3777; x_wconf 92' lang='lat' dir='ltr'><strong>cum</strong></span> <span class='ocrx_word' id='word_1_473' title='bbox 1282 3722 1415 3792; x_wconf 88' lang='lat' dir='ltr'><strong>ipsis</strong></span> <span class='ocrx_word' id='word_1_474' title='bbox 1459 3724 1793 3793; x_wconf 81' lang='lat' dir='ltr'><strong>agminibus,</strong></span> <span class='ocrx_word' id='word_1_475' title='bbox 1830 3726 2003 3779; x_wconf 89' lang='lat' dir='ltr'><strong>curri-</strong></span> 
     </span>
    </p>
   </div>
   <div class='ocr_carea' id='block_1_69' title="bbox 424 3811 1624 3883">
    <p class='ocr_par' dir='ltr' id='par_1_69' title="bbox 424 3811 1624 3883">
     <span class='ocr_line' id='line_1_69' title="bbox 424 3811 1624 3883; baseline -0.002 -14"><span class='ocrx_word' id='word_1_476' title='bbox 424 3815 548 3877; x_wconf 86' lang='lat' dir='ltr'><strong>bus,</strong></span> <span class='ocrx_word' id='word_1_477' title='bbox 581 3814 1020 3883; x_wconf 71' lang='lat' dir='ltr'><strong>satellitibusque</strong></span> <span class='ocrx_word' id='word_1_478' title='bbox 1061 3811 1225 3868; x_wconf 82' lang='lat' dir='ltr'><strong>ﬂuctu</strong></span> <span class='ocrx_word' id='word_1_479' title='bbox 1263 3814 1443 3867; x_wconf 87' lang='lat' dir='ltr'><strong>obruti</strong></span> <span class='ocrx_word' id='word_1_480' title='bbox 1479 3824 1624 3868; x_wconf 88' lang='lat' dir='ltr'><strong>sunt.</strong></span> 
     </span>
    </p>
   </div>
   <div class='ocr_carea' id='block_1_70' title="bbox 495 3990 1995 4063">
    <p class='ocr_par' dir='ltr' id='par_1_70' title="bbox 495 3990 1995 4063">
     <span class='ocr_line' id='line_1_70' title="bbox 495 3990 1995 4063; baseline -0.002 -15"><span class='ocrx_word' id='word_1_481' title='bbox 495 3993 555 4048; x_wconf 80' lang='lat' dir='ltr'><strong>Et</strong></span> <span class='ocrx_word' id='word_1_482' title='bbox 611 3993 783 4048; x_wconf 89' lang='lat' dir='ltr'><strong>multa</strong></span> <span class='ocrx_word' id='word_1_483' title='bbox 826 3992 1045 4063; x_wconf 89' lang='lat' dir='ltr'><strong>quidem</strong></span> <span class='ocrx_word' id='word_1_484' title='bbox 1097 3990 1413 4061; x_wconf 86' lang='lat' dir='ltr'><strong>hujusmodi</strong></span> <span class='ocrx_word' id='word_1_485' title='bbox 1461 4007 1524 4047; x_wconf 75' lang='lat' dir='ltr'><strong>ex</strong></span> <span class='ocrx_word' id='word_1_486' title='bbox 1572 3991 1746 4047; x_wconf 88' lang='lat' dir='ltr'><strong>sacris</strong></span> <span class='ocrx_word' id='word_1_487' title='bbox 1809 3991 1995 4046; x_wconf 86' lang='lat' dir='ltr'><strong>Eccle-</strong></span> 
     </span>
    </p>
   </div>
   <div class='ocr_carea' id='block_1_71' title="bbox 420 4085 1998 4155">
    <p class='ocr_par' dir='ltr' id='par_1_71' title="bbox 420 4085 1998 4155">
     <span class='ocr_line' id='line_1_71' title="bbox 420 4085 1998 4155; baseline -0.001 -15"><span class='ocrx_word' id='word_1_488' title='bbox 420 4086 522 4141; x_wconf 68' lang='lat' dir='ltr'><strong>siae</strong></span> <span class='ocrx_word' id='word_1_489' title='bbox 582 4086 830 4141; x_wconf 85' lang='lat' dir='ltr'><strong>historiis</strong></span> <span class='ocrx_word' id='word_1_490' title='bbox 897 4086 1128 4141; x_wconf 89' lang='lat' dir='ltr'><strong>collecta</strong></span> <span class='ocrx_word' id='word_1_491' title='bbox 1182 4095 1369 4155; x_wconf 87' lang='lat' dir='ltr'><strong>posset.</strong></span> <span class='ocrx_word' id='word_1_492' title='bbox 1426 4085 1699 4154; x_wconf 87' lang='lat' dir='ltr'><strong>quispiam</strong></span> <span class='ocrx_word' id='word_1_493' title='bbox 1762 4085 1815 4139; x_wconf 91' lang='lat' dir='ltr'><strong>in</strong></span> <span class='ocrx_word' id='word_1_494' title='bbox 1885 4101 1998 4139; x_wconf 90' lang='lat' dir='ltr'><strong>me-</strong></span> 
     </span>
    </p>
   </div>
   <div class='ocr_carea' id='block_1_72' title="bbox 420 4174 1997 4245">
    <p class='ocr_par' dir='ltr' id='par_1_72' title="bbox 420 4174 1997 4245">
     <span class='ocr_line' id='line_1_72' title="bbox 420 4174 1997 4245; baseline -0.001 -16"><span class='ocrx_word' id='word_1_495' title='bbox 420 4178 576 4231; x_wconf 83' lang='lat' dir='ltr'><strong>dium</strong></span> <span class='ocrx_word' id='word_1_496' title='bbox 606 4176 818 4230; x_wconf 77' lang='lat' dir='ltr'><strong>afferre.</strong></span> <span class='ocrx_word' id='word_1_497' title='bbox 854 4174 1056 4230; x_wconf 89' lang='lat' dir='ltr'><strong>Eadem</strong></span> <span class='ocrx_word' id='word_1_498' title='bbox 1094 4177 1277 4245; x_wconf 89' lang='lat' dir='ltr'><strong>itaque</strong></span> <span class='ocrx_word' id='word_1_499' title='bbox 1323 4176 1535 4229; x_wconf 89' lang='lat' dir='ltr'><strong>ratione</strong></span> <span class='ocrx_word' id='word_1_500' title='bbox 1563 4190 1659 4245; x_wconf 88' lang='lat' dir='ltr'><strong>per</strong></span> <span class='ocrx_word' id='word_1_501' title='bbox 1702 4190 1997 4229; x_wconf 80' lang='lat' dir='ltr'><strong>exsecran-</strong></span> 
     </span>
    </p>
   </div>
   <div class='ocr_carea' id='block_1_73' title="bbox 423 4267 1995 4337">
    <p class='ocr_par' dir='ltr' id='par_1_73' title="bbox 423 4267 1995 4337">
     <span class='ocr_line' id='line_1_73' title="bbox 423 4267 1995 4337; baseline -0.001 -16"><span class='ocrx_word' id='word_1_502' title='bbox 423 4269 550 4321; x_wconf 82' lang='lat' dir='ltr'><strong>dam</strong></span> <span class='ocrx_word' id='word_1_503' title='bbox 589 4268 995 4336; x_wconf 83' lang='lat' dir='ltr'><strong>immanemque</strong></span> <span class='ocrx_word' id='word_1_504' title='bbox 1033 4282 1327 4337; x_wconf 91' lang='lat' dir='ltr'><strong>puerorum</strong></span> <span class='ocrx_word' id='word_1_505' title='bbox 1358 4267 1559 4321; x_wconf 68' lang='lat' dir='ltr'><strong>caadem</strong></span> <span class='ocrx_word' id='word_1_506' title='bbox 1604 4282 1817 4321; x_wconf 84' lang='lat' dir='ltr'><strong>coronae</strong></span> <span class='ocrx_word' id='word_1_507' title='bbox 1848 4284 1995 4321; x_wconf 84' lang='lat' dir='ltr'><strong>tuar-</strong></span> 
     </span>
    </p>
   </div>
   <div class='ocr_carea' id='block_1_74' title="bbox 424 4358 1996 4430">
    <p class='ocr_par' dir='ltr' id='par_1_74' title="bbox 424 4358 1996 4430">
     <span class='ocr_line' id='line_1_74' title="bbox 424 4358 1996 4430; baseline 0.002 -19"><span class='ocrx_word' id='word_1_508' title='bbox 424 4359 636 4428; x_wconf 83' lang='lat' dir='ltr'><strong>tyribus</strong></span> <span class='ocrx_word' id='word_1_509' title='bbox 701 4360 911 4430; x_wconf 58' lang='lat' dir='ltr'><strong>dignm,</strong></span> <span class='ocrx_word' id='word_1_510' title='bbox 970 4368 1024 4413; x_wconf 91' lang='lat' dir='ltr'><strong>et</strong></span> <span class='ocrx_word' id='word_1_511' title='bbox 1075 4358 1563 4413; x_wconf 86' lang='lat' dir='ltr'><strong>immarcescibiles</strong></span> <span class='ocrx_word' id='word_1_512' title='bbox 1627 4360 1762 4428; x_wconf 89' lang='lat' dir='ltr'><strong>ipsis</strong></span> <span class='ocrx_word' id='word_1_513' title='bbox 1821 4358 1996 4414; x_wconf 89' lang='lat' dir='ltr'><strong>beatis</strong></span> 
     </span>
    </p>
   </div>
   <div class='ocr_carea' id='block_1_75' title="bbox 2103 3182 3688 3255">
    <p class='ocr_par' dir='ltr' id='par_1_75' title="bbox 2103 3182 3688 3255">
     <span class='ocr_line' id='line_1_75' title="bbox 2103 3182 3688 3255; baseline -0.003 -18"><span class='ocrx_word' id='word_1_514' title='bbox 2103 3184 2263 3249; x_wconf 78' lang='grc' dir='ltr'>δόξαν</span> <span class='ocrx_word' id='word_1_515' title='bbox 2314 3186 2621 3254; x_wconf 84' lang='grc' dir='ltr'>ἐφίσταται,</span> <span class='ocrx_word' id='word_1_516' title='bbox 2655 3187 2750 3239; x_wconf 73' lang='grc' dir='ltr'><strong>καὶ</strong></span> <span class='ocrx_word' id='word_1_517' title='bbox 2787 3185 3042 3254; x_wconf 76' lang='grc' dir='ltr'>μαστίζει</span> <span class='ocrx_word' id='word_1_518' title='bbox 3086 3182 3185 3255; x_wconf 76' lang='grc' dir='ltr'>τὴν</span> <span class='ocrx_word' id='word_1_519' title='bbox 3234 3184 3553 3252; x_wconf 77' lang='grc' dir='ltr'>Αἴγυπτον·</span> <span class='ocrx_word' id='word_1_520' title='bbox 3586 3182 3688 3233; x_wconf 81' lang='grc' dir='ltr'>καὶ</span> 
     </span>
    </p>
   </div>
   <div class='ocr_carea' id='block_1_76' title="bbox 2101 3271 3686 3344">
    <p class='ocr_par' dir='ltr' id='par_1_76' title="bbox 2101 3271 3686 3344">
     <span class='ocr_line' id='line_1_76' title="bbox 2101 3271 3686 3344; baseline -0.002 -18"><span class='ocrx_word' id='word_1_521' title='bbox 2101 3273 2255 3336; x_wconf 87' lang='grc' dir='ltr'>τέλος</span> <span class='ocrx_word' id='word_1_522' title='bbox 2280 3275 2405 3337; x_wconf 79' lang='grc' dir='ltr'>τοὺς</span> <span class='ocrx_word' id='word_1_523' title='bbox 2432 3274 2535 3344; x_wconf 87' lang='grc' dir='ltr'>μὲν</span> <span class='ocrx_word' id='word_1_524' title='bbox 2565 3274 2869 3344; x_wconf 81' lang='grc' dir='ltr'>ὁμοφύλους</span> <span class='ocrx_word' id='word_1_525' title='bbox 2900 3274 3001 3344; x_wconf 82' lang='grc' dir='ltr'>τῆς</span> <span class='ocrx_word' id='word_1_526' title='bbox 3030 3272 3271 3343; x_wconf 80' lang='grc' dir='ltr'>χαλεπῆς</span> <span class='ocrx_word' id='word_1_527' title='bbox 3301 3271 3547 3333; x_wconf 82' lang='grc' dir='ltr'>δουλείας</span> <span class='ocrx_word' id='word_1_528' title='bbox 3571 3273 3686 3325; x_wconf 79' lang='grc' dir='ltr'>άπ-</span> 
     </span>
    </p>
   </div>
   <div class='ocr_carea' id='block_1_77' title="bbox 2103 3365 3689 3436">
    <p class='ocr_par' dir='ltr' id='par_1_77' title="bbox 2103 3365 3689 3436">
     <span class='ocr_line' id='line_1_77' title="bbox 2103 3365 3689 3436; baseline -0.002 -17"><span class='ocrx_word' id='word_1_529' title='bbox 2103 3365 2385 3420; x_wconf 84' lang='grc' dir='ltr'>αλλάττει·</span> <span class='ocrx_word' id='word_1_530' title='bbox 2428 3367 2553 3430; x_wconf 82' lang='grc' dir='ltr'>τοὺς</span> <span class='ocrx_word' id='word_1_531' title='bbox 2600 3368 2657 3419; x_wconf 79' lang='grc' dir='ltr'>δὲ</span> <span class='ocrx_word' id='word_1_532' title='bbox 2703 3366 3294 3436; x_wconf 83' lang='grc' dir='ltr'>καταδουλωσαμένους</span> <span class='ocrx_word' id='word_1_533' title='bbox 3340 3367 3689 3436; x_wconf 80' lang='grc' dir='ltr'>πανστρατιᾷ</span> 
     </span>
    </p>
   </div>
   <div class='ocr_carea' id='block_1_78' title="bbox 2103 3458 3686 3530">
    <p class='ocr_par' dir='ltr' id='par_1_78' title="bbox 2103 3458 3686 3530">
     <span class='ocr_line' id='line_1_78' title="bbox 2103 3458 3686 3530; baseline -0.001 -17"><span class='ocrx_word' id='word_1_534' title='bbox 2103 3458 2373 3529; x_wconf 84' lang='grc' dir='ltr'>θαλάττης</span> <span class='ocrx_word' id='word_1_535' title='bbox 2403 3460 2523 3512; x_wconf 81' lang='grc' dir='ltr'>ἀντὶ</span> <span class='ocrx_word' id='word_1_536' title='bbox 2544 3460 2643 3530; x_wconf 82' lang='grc' dir='ltr'>τῆς</span> <span class='ocrx_word' id='word_1_537' title='bbox 2668 3460 2938 3530; x_wconf 84' lang='grc' dir='ltr'>ποταμίου</span> <span class='ocrx_word' id='word_1_538' title='bbox 2971 3459 3283 3530; x_wconf 81' lang='grc' dir='ltr'>μιαιφονίας</span> <span class='ocrx_word' id='word_1_539' title='bbox 3315 3459 3686 3525; x_wconf 81' lang='grc' dir='ltr'>ἐναποπνίγει</span> 
     </span>
    </p>
   </div>
   <div class='ocr_carea' id='block_1_79' title="bbox 2104 3544 3683 3624">
    <p class='ocr_par' dir='ltr' id='par_1_79' title="bbox 2104 3544 3683 3624">
     <span class='ocr_line' id='line_1_79' title="bbox 2104 3544 3683 3624; baseline -0.003 -19"><span class='ocrx_word' id='word_1_540' title='bbox 2104 3551 2392 3624; x_wconf 77' lang='grc' dir='ltr'>ῥεύμασιν.</span> <span class='ocrx_word' id='word_1_541' title='bbox 2430 3554 2592 3605; x_wconf 83' lang='grc' dir='ltr'>Ὥστε</span> <span class='ocrx_word' id='word_1_542' title='bbox 2635 3551 2695 3617; x_wconf 83' lang='grc' dir='ltr'>ἐξ</span> <span class='ocrx_word' id='word_1_543' title='bbox 2741 3544 2815 3606; x_wconf 82' lang='grc' dir='ltr'>ὧν</span> <span class='ocrx_word' id='word_1_544' title='bbox 2840 3554 2868 3605; x_wconf 87' lang='grc' dir='ltr'>ὁ</span> <span class='ocrx_word' id='word_1_545' title='bbox 2898 3551 3096 3622; x_wconf 84' lang='grc' dir='ltr'>Φαραὼ</span> <span class='ocrx_word' id='word_1_546' title='bbox 3141 3553 3211 3606; x_wconf 77' lang='grc' dir='ltr'><strong>τὰ</strong></span> <span class='ocrx_word' id='word_1_547' title='bbox 3257 3552 3366 3605; x_wconf 84' lang='grc' dir='ltr'><strong>τῶν</strong></span> <span class='ocrx_word' id='word_1_548' title='bbox 3403 3553 3683 3622; x_wconf 80' lang='grc' dir='ltr'>Ἐϐραίων</span> 
     </span>
    </p>
   </div>
   <div class='ocr_carea' id='block_1_80' title="bbox 2104 3644 3682 3716">
    <p class='ocr_par' dir='ltr' id='par_1_80' title="bbox 2104 3644 3682 3716">
     <span class='ocr_line' id='line_1_80' title="bbox 2104 3644 3682 3716; baseline -0.001 -19"><span class='ocrx_word' id='word_1_549' title='bbox 2104 3644 2280 3716; x_wconf 84' lang='grc' dir='ltr'>βρέφη</span> <span class='ocrx_word' id='word_1_550' title='bbox 2319 3647 2575 3716; x_wconf 83' lang='grc' dir='ltr'>ποταμίῳ</span> <span class='ocrx_word' id='word_1_551' title='bbox 2607 3645 2823 3716; x_wconf 78' lang='grc' dir='ltr'>Θανάτῳ</span> <span class='ocrx_word' id='word_1_552' title='bbox 2848 3645 3265 3707; x_wconf 88' lang='grc' dir='ltr'>κατεδικάσατο,</span> <span class='ocrx_word' id='word_1_553' title='bbox 3289 3647 3353 3697; x_wconf 85' lang='grc' dir='ltr'><strong>ἐκ</strong></span> <span class='ocrx_word' id='word_1_554' title='bbox 3380 3646 3592 3696; x_wconf 82' lang='grc' dir='ltr'>τούτων</span> <span class='ocrx_word' id='word_1_555' title='bbox 3621 3662 3682 3696; x_wconf 86' lang='grc' dir='ltr'><strong>τε</strong></span> 
     </span>
    </p>
   </div>
   <div class='ocr_carea' id='block_1_81' title="bbox 2099 3735 3684 3809">
    <p class='ocr_par' dir='ltr' id='par_1_81' title="bbox 2099 3735 3684 3809">
     <span class='ocr_line' id='line_1_81' title="bbox 2099 3735 3684 3809; baseline 0 -22"><span class='ocrx_word' id='word_1_556' title='bbox 2099 3735 2160 3788; x_wconf 85' lang='grc' dir='ltr'>τὸ</span> <span class='ocrx_word' id='word_1_557' title='bbox 2198 3736 2358 3805; x_wconf 80' lang='grc' dir='ltr'>γένος</span> <span class='ocrx_word' id='word_1_558' title='bbox 2393 3736 2539 3791; x_wconf 82' lang='grc' dir='ltr'>ἆπαν</span> <span class='ocrx_word' id='word_1_559' title='bbox 2577 3737 2823 3809; x_wconf 84' lang='grc' dir='ltr'>ἀνεσώθη</span> <span class='ocrx_word' id='word_1_560' title='bbox 2876 3738 2975 3805; x_wconf 84' lang='grc' dir='ltr'>τῆς</span> <span class='ocrx_word' id='word_1_561' title='bbox 3002 3737 3402 3807; x_wconf 83' lang='grc' dir='ltr'>αἰχμαλωσίας,</span> <span class='ocrx_word' id='word_1_562' title='bbox 3435 3736 3533 3788; x_wconf 78' lang='grc' dir='ltr'>καὶ</span> <span class='ocrx_word' id='word_1_563' title='bbox 3572 3737 3684 3788; x_wconf 88' lang='grc' dir='ltr'><strong>τῶν</strong></span> 
     </span>
    </p>
   </div>
   <div class='ocr_carea' id='block_1_82' title="bbox 2100 3827 3679 3900">
    <p class='ocr_par' dir='ltr' id='par_1_82' title="bbox 2100 3827 3679 3900">
     <span class='ocr_line' id='line_1_82' title="bbox 2100 3827 3679 3900; baseline 0 -21"><span class='ocrx_word' id='word_1_564' title='bbox 2100 3827 2416 3895; x_wconf 78' lang='grc' dir='ltr'>Αἰγυπτίων</span> <span class='ocrx_word' id='word_1_565' title='bbox 2442 3828 2503 3881; x_wconf 82' lang='grc' dir='ltr'>τὸ</span> <span class='ocrx_word' id='word_1_566' title='bbox 2533 3829 2801 3900; x_wconf 85' lang='grc' dir='ltr'>φρύαγμα</span> <span class='ocrx_word' id='word_1_567' title='bbox 2843 3830 2982 3900; x_wconf 79' lang='grc' dir='ltr'>αὐτῇ</span> <span class='ocrx_word' id='word_1_568' title='bbox 3020 3830 3269 3900; x_wconf 82' lang='grc' dir='ltr'>στρατιᾷ,</span> <span class='ocrx_word' id='word_1_569' title='bbox 3305 3829 3398 3882; x_wconf 77' lang='grc' dir='ltr'>καὶ</span> <span class='ocrx_word' id='word_1_570' title='bbox 3438 3828 3679 3899; x_wconf 75' lang='grc' dir='ltr'>ἅρμασι,</span> 
     </span>
    </p>
   </div>
   <div class='ocr_carea' id='block_1_83' title="bbox 2101 3920 3223 3992">
    <p class='ocr_par' dir='ltr' id='par_1_83' title="bbox 2101 3920 3223 3992">
     <span class='ocr_line' id='line_1_83' title="bbox 2101 3920 3223 3992; baseline 0.002 -20"><span class='ocrx_word' id='word_1_571' title='bbox 2101 3920 2198 3972; x_wconf 73' lang='grc' dir='ltr'>καὶ</span> <span class='ocrx_word' id='word_1_572' title='bbox 2230 3920 2550 3989; x_wconf 86' lang='grc' dir='ltr'>τριστάταις</span> <span class='ocrx_word' id='word_1_573' title='bbox 2581 3921 2912 3992; x_wconf 79' lang='grc' dir='ltr'>ὑποϐρύχιον</span> <span class='ocrx_word' id='word_1_574' title='bbox 2945 3920 3223 3988; x_wconf 87' lang='grc' dir='ltr'>γεγόνασι.</span> 
     </span>
    </p>
   </div>
   <div class='ocr_carea' id='block_1_84' title="bbox 2170 4006 3679 4081">
    <p class='ocr_par' dir='ltr' id='par_1_84' title="bbox 2170 4006 3679 4081">
     <span class='ocr_line' id='line_1_84' title="bbox 2170 4006 3679 4081; baseline -0.002 -18"><span class='ocrx_word' id='word_1_575' title='bbox 2170 4010 2282 4063; x_wconf 79' lang='grc' dir='ltr'><strong>Καὶ</strong></span> <span class='ocrx_word' id='word_1_576' title='bbox 2322 4009 2491 4064; x_wconf 79' lang='grc' dir='ltr'>πολλά</span> <span class='ocrx_word' id='word_1_577' title='bbox 2535 4010 2759 4064; x_wconf 83' lang='grc' dir='ltr'>τοιαῦτα</span> <span class='ocrx_word' id='word_1_578' title='bbox 2792 4012 2856 4063; x_wconf 85' lang='grc' dir='ltr'><strong>ἐκ</strong></span> <span class='ocrx_word' id='word_1_579' title='bbox 2887 4009 2995 4062; x_wconf 90' lang='grc' dir='ltr'><strong>τῶν</strong></span> <span class='ocrx_word' id='word_1_580' title='bbox 3044 4010 3207 4080; x_wconf 87' lang='grc' dir='ltr'>ἱερῶν</span> <span class='ocrx_word' id='word_1_581' title='bbox 3246 4006 3530 4081; x_wconf 67' lang='grc' dir='ltr'>λειμώνων</span> <span class='ocrx_word' id='word_1_582' title='bbox 3578 4010 3679 4079; x_wconf 77' lang='grc' dir='ltr'>τῆς</span> 
     </span>
    </p>
   </div>
   <div class='ocr_carea' id='block_1_85' title="bbox 2112 4097 3675 4169">
    <p class='ocr_par' dir='ltr' id='par_1_85' title="bbox 2112 4097 3675 4169">
     <span class='ocr_line' id='line_1_85' title="bbox 2112 4097 3675 4169; baseline -0.001 -17"><span class='ocrx_word' id='word_1_583' title='bbox 2112 4100 2438 4169; x_wconf 86' lang='grc' dir='ltr'>Ἑκκλησίας</span> <span class='ocrx_word' id='word_1_584' title='bbox 2482 4100 2984 4169; x_wconf 88' lang='grc' dir='ltr'>άνθολογησάμενος</span> <span class='ocrx_word' id='word_1_585' title='bbox 3030 4097 3365 4162; x_wconf 77' lang='grc' dir='ltr'>ἐπιδείξειεν.</span> <span class='ocrx_word' id='word_1_586' title='bbox 3398 4098 3555 4151; x_wconf 78' lang='grc' dir='ltr'>Οὕτω</span> <span class='ocrx_word' id='word_1_587' title='bbox 3595 4101 3675 4161; x_wconf 80' lang='grc' dir='ltr'>δὲ,</span> 
     </span>
    </p>
   </div>
   <div class='ocr_carea' id='block_1_86' title="bbox 2099 4188 3679 4260">
    <p class='ocr_par' dir='ltr' id='par_1_86' title="bbox 2099 4188 3679 4260">
     <span class='ocr_line' id='line_1_86' title="bbox 2099 4188 3679 4260; baseline 0.001 -18"><span class='ocrx_word' id='word_1_588' title='bbox 2099 4188 2242 4242; x_wconf 77' lang='grc' dir='ltr'>οὕτω</span> <span class='ocrx_word' id='word_1_589' title='bbox 2276 4191 2371 4243; x_wconf 75' lang='grc' dir='ltr'>καὶ</span> <span class='ocrx_word' id='word_1_590' title='bbox 2405 4190 2495 4243; x_wconf 82' lang='grc' dir='ltr'><strong>διά</strong></span> <span class='ocrx_word' id='word_1_591' title='bbox 2552 4191 2649 4260; x_wconf 75' lang='grc' dir='ltr'>τῆς</span> <span class='ocrx_word' id='word_1_592' title='bbox 2686 4191 2983 4260; x_wconf 86' lang='grc' dir='ltr'>ἀλάστορος</span> <span class='ocrx_word' id='word_1_593' title='bbox 3037 4190 3133 4243; x_wconf 75' lang='grc' dir='ltr'>καὶ</span> <span class='ocrx_word' id='word_1_594' title='bbox 3179 4190 3530 4258; x_wconf 81' lang='grc' dir='ltr'>παλαμναίας</span> <span class='ocrx_word' id='word_1_595' title='bbox 3568 4191 3679 4243; x_wconf 88' lang='grc' dir='ltr'><strong>τῶν</strong></span> 
     </span>
    </p>
   </div>
   <div class='ocr_carea' id='block_1_87' title="bbox 2100 4282 3680 4354">
    <p class='ocr_par' dir='ltr' id='par_1_87' title="bbox 2100 4282 3680 4354">
     <span class='ocr_line' id='line_1_87' title="bbox 2100 4282 3680 4354; baseline 0.001 -19"><span class='ocrx_word' id='word_1_596' title='bbox 2100 4283 2308 4353; x_wconf 89' lang='grc' dir='ltr'>νηπίων</span> <span class='ocrx_word' id='word_1_597' title='bbox 2339 4285 2554 4353; x_wconf 78' lang='grc' dir='ltr'>σφαγῆς</span> <span class='ocrx_word' id='word_1_598' title='bbox 2583 4284 2632 4334; x_wconf 75' lang='lat' dir='ltr'><strong>oi</strong></span> <span class='ocrx_word' id='word_1_599' title='bbox 2664 4282 2993 4353; x_wconf 88' lang='grc' dir='ltr'>μαρτυρικοί</span> <span class='ocrx_word' id='word_1_600' title='bbox 3018 4298 3076 4335; x_wconf 91' lang='grc' dir='ltr'><strong>τε</strong></span> <span class='ocrx_word' id='word_1_601' title='bbox 3100 4324 3115 4347; x_wconf 94' lang='grc'><strong>,</strong></span> <span class='ocrx_word' id='word_1_602' title='bbox 3146 4283 3241 4335; x_wconf 73' lang='grc' dir='ltr'>καὶ</span> <span class='ocrx_word' id='word_1_603' title='bbox 3272 4284 3542 4354; x_wconf 85' lang='grc' dir='ltr'>ἀκήρατοι</span> <span class='ocrx_word' id='word_1_604' title='bbox 3564 4286 3680 4347; x_wconf 83' lang='grc' dir='ltr'>τοῖς</span> 
     </span>
    </p>
   </div>
   <div class='ocr_carea' id='block_1_88' title="bbox 2103 4374 3675 4445">
    <p class='ocr_par' dir='ltr' id='par_1_88' title="bbox 2103 4374 3675 4445">
     <span class='ocr_line' id='line_1_88' title="bbox 2103 4374 3675 4445; baseline 0.001 -19"><span class='ocrx_word' id='word_1_605' title='bbox 2103 4374 2394 4445; x_wconf 83' lang='grc' dir='ltr'>μακαρίοις</span> <span class='ocrx_word' id='word_1_606' title='bbox 2424 4374 2728 4444; x_wconf 76' lang='grc' dir='ltr'>ἐξήνθησάν</span> <span class='ocrx_word' id='word_1_607' title='bbox 2749 4391 2830 4440; x_wconf 91' lang='grc' dir='ltr'><strong>τε,</strong></span> <span class='ocrx_word' id='word_1_608' title='bbox 2862 4375 2955 4427; x_wconf 66' lang='grc' dir='ltr'>καὶ</span> <span class='ocrx_word' id='word_1_609' title='bbox 2987 4374 3361 4445; x_wconf 72' lang='grc' dir='ltr'>διεπλάκησαν</span> <span class='ocrx_word' id='word_1_610' title='bbox 3396 4376 3675 4444; x_wconf 77' lang='grc' dir='ltr'>στέφανοι·</span> 
     </span>
    </p>
   </div>
   <div class='ocr_carea' id='block_1_89' title="bbox 424 4450 2001 4538">
    <p class='ocr_par' dir='ltr' id='par_1_89' title="bbox 424 4450 1992 4521">
     <span class='ocr_line' id='line_1_89' title="bbox 424 4450 1992 4521; baseline -0.001 -14"><span class='ocrx_word' id='word_1_611' title='bbox 424 4450 795 4507; x_wconf 78' lang='lat' dir='ltr'><strong>exfloruerunt</strong></span> <span class='ocrx_word' id='word_1_612' title='bbox 838 4462 1003 4521; x_wconf 90' lang='lat' dir='ltr'><strong>atque</strong></span> <span class='ocrx_word' id='word_1_613' title='bbox 1040 4452 1260 4506; x_wconf 57' lang='lat' dir='ltr'><strong>intextas</strong></span> <span class='ocrx_word' id='word_1_614' title='bbox 1293 4458 1421 4507; x_wconf 89' lang='lat' dir='ltr'><strong>sunt</strong></span> <span class='ocrx_word' id='word_1_615' title='bbox 1454 4467 1468 4504; x_wconf 91' lang='lat'>:</span> <span class='ocrx_word' id='word_1_616' title='bbox 1512 4450 1623 4504; x_wconf 88' lang='lat' dir='ltr'><strong>imo</strong></span> <span class='ocrx_word' id='word_1_617' title='bbox 1658 4450 1858 4505; x_wconf 85' lang='lat' dir='ltr'><strong>factum</strong></span> <span class='ocrx_word' id='word_1_618' title='bbox 1888 4460 1992 4516; x_wconf 90' lang='lat' dir='ltr'><strong>est,</strong></span> 
     </span>
    </p>
   </div>
   <div class='ocr_carea' id='block_1_90' title="bbox 2107 4450 3679 4538">
    <p class='ocr_par' dir='ltr' id='par_1_90' title="bbox 2107 4464 3679 4538">
     <span class='ocr_line' id='line_1_90' title="bbox 2107 4464 3679 4538; baseline 0 -19"><span class='ocrx_word' id='word_1_619' title='bbox 2107 4466 2197 4519; x_wconf 71' lang='grc' dir='ltr'>καὶ</span> <span class='ocrx_word' id='word_1_620' title='bbox 2226 4466 2285 4519; x_wconf 82' lang='grc' dir='ltr'>τὸ</span> <span class='ocrx_word' id='word_1_621' title='bbox 2315 4468 2410 4520; x_wconf 82' lang='grc' dir='ltr'>σὺν</span> <span class='ocrx_word' id='word_1_622' title='bbox 2448 4464 2734 4538; x_wconf 74' lang='grc' dir='ltr'>παρρησίᾳ</span> <span class='ocrx_word' id='word_1_623' title='bbox 2773 4467 3140 4538; x_wconf 86' lang='grc' dir='ltr'>παρίστασθαί</span> <span class='ocrx_word' id='word_1_624' title='bbox 3186 4486 3245 4520; x_wconf 89' lang='grc' dir='ltr'><strong>τε</strong></span> <span class='ocrx_word' id='word_1_625' title='bbox 3278 4468 3354 4537; x_wconf 79' lang='grc' dir='ltr'>τῷ</span> <span class='ocrx_word' id='word_1_626' title='bbox 3400 4469 3542 4537; x_wconf 80' lang='grc' dir='ltr'>Θεῷ,</span> <span class='ocrx_word' id='word_1_627' title='bbox 3581 4468 3679 4521; x_wconf 74' lang='grc' dir='ltr'>καὶ</span> 
     </span>
    </p>
   </div>
   <div class='ocr_carea' id='block_1_91' title="bbox 423 4543 1996 4614">
    <p class='ocr_par' dir='ltr' id='par_1_91' title="bbox 423 4543 1996 4614">
     <span class='ocr_line' id='line_1_91' title="bbox 423 4543 1996 4614; baseline 0 -17"><span class='ocrx_word' id='word_1_628' title='bbox 423 4554 485 4599; x_wconf 80' lang='grc' dir='ltr'><strong>ιιι</strong></span> <span class='ocrx_word' id='word_1_629' title='bbox 535 4548 714 4600; x_wconf 86' lang='lat' dir='ltr'><strong>securi</strong></span> <span class='ocrx_word' id='word_1_630' title='bbox 772 4543 881 4600; x_wconf 90' lang='lat' dir='ltr'><strong>Deo</strong></span> <span class='ocrx_word' id='word_1_631' title='bbox 934 4545 1278 4606; x_wconf 88' lang='lat' dir='ltr'><strong>sisterentur,</strong></span> <span class='ocrx_word' id='word_1_632' title='bbox 1338 4561 1402 4599; x_wconf 90' lang='lat' dir='ltr'><strong>ac</strong></span> <span class='ocrx_word' id='word_1_633' title='bbox 1464 4556 1779 4614; x_wconf 86' lang='lat' dir='ltr'><strong>perpetuam</strong></span> <span class='ocrx_word' id='word_1_634' title='bbox 1851 4546 1996 4598; x_wconf 91' lang='lat' dir='ltr'><strong>illam</strong></span> 
     </span>
    </p>
   </div>
   <div class='ocr_carea' id='block_1_92' title="bbox 422 4636 1997 4708">
    <p class='ocr_par' dir='ltr' id='par_1_92' title="bbox 422 4636 1997 4708">
     <span class='ocr_line' id='line_1_92' title="bbox 422 4636 1997 4708; baseline 0.001 -19"><span class='ocrx_word' id='word_1_635' title='bbox 422 4636 681 4691; x_wconf 78' lang='lat' dir='ltr'><strong>ineffabili</strong></span> <span class='ocrx_word' id='word_1_636' title='bbox 734 4637 932 4707; x_wconf 85' lang='lat' dir='ltr'><strong>gaudio</strong></span> <span class='ocrx_word' id='word_1_637' title='bbox 1006 4646 1060 4691; x_wconf 89' lang='lat' dir='ltr'><strong>et</strong></span> <span class='ocrx_word' id='word_1_638' title='bbox 1131 4637 1389 4692; x_wconf 83' lang='lat' dir='ltr'><strong>felicitate</strong></span> <span class='ocrx_word' id='word_1_639' title='bbox 1457 4652 1580 4692; x_wconf 91' lang='lat' dir='ltr'><strong>cum</strong></span> <span class='ocrx_word' id='word_1_640' title='bbox 1655 4639 1997 4708; x_wconf 89' lang='lat' dir='ltr'><strong>incorporeis</strong></span> 
     </span>
    </p>
   </div>
   <div class='ocr_carea' id='block_1_93' title="bbox 421 4728 2000 4800">
    <p class='ocr_par' dir='ltr' id='par_1_93' title="bbox 421 4728 2000 4800">
     <span class='ocr_line' id='line_1_93' title="bbox 421 4728 2000 4800; baseline -0.001 -16"><span class='ocrx_word' id='word_1_641' title='bbox 421 4732 733 4800; x_wconf 80' lang='lat' dir='ltr'><strong>agminibus</strong></span> <span class='ocrx_word' id='word_1_642' title='bbox 781 4730 1037 4783; x_wconf 87' lang='lat' dir='ltr'><strong>choream</strong></span> <span class='ocrx_word' id='word_1_643' title='bbox 1083 4729 1425 4797; x_wconf 87' lang='lat' dir='ltr'><strong>plauderent,</strong></span> <span class='ocrx_word' id='word_1_644' title='bbox 1473 4728 1897 4797; x_wconf 83' lang='lat' dir='ltr'><strong>beatissimuqne</strong></span> <span class='ocrx_word' id='word_1_645' title='bbox 1948 4739 2000 4783; x_wconf 89' lang='lat' dir='ltr'><strong>et</strong></span> 
     </span>
    </p>
   </div>
   <div class='ocr_carea' id='block_1_94' title="bbox 422 4823 1995 4893">
    <p class='ocr_par' dir='ltr' id='par_1_94' title="bbox 422 4823 1995 4893">
     <span class='ocr_line' id='line_1_94' title="bbox 422 4823 1995 4893; baseline -0.002 -15"><span class='ocrx_word' id='word_1_646' title='bbox 422 4824 662 4893; x_wconf 85' lang='lat' dir='ltr'><strong>perfecta</strong></span> <span class='ocrx_word' id='word_1_647' title='bbox 731 4823 1050 4892; x_wconf 86' lang='lat' dir='ltr'><strong>optabilium</strong></span> <span class='ocrx_word' id='word_1_648' title='bbox 1119 4839 1301 4877; x_wconf 89' lang='lat' dir='ltr'><strong>rerum</strong></span> <span class='ocrx_word' id='word_1_649' title='bbox 1369 4823 1579 4877; x_wconf 87' lang='lat' dir='ltr'><strong>visione</strong></span> <span class='ocrx_word' id='word_1_650' title='bbox 1638 4823 1995 4889; x_wconf 64' lang='lat' dir='ltr'><strong>la‘tarentur;</strong></span> 
     </span>
    </p>
   </div>
   <div class='ocr_carea' id='block_1_95' title="bbox 422 4915 2000 4986">
    <p class='ocr_par' dir='ltr' id='par_1_95' title="bbox 422 4915 2000 4986">
     <span class='ocr_line' id='line_1_95' title="bbox 422 4915 2000 4986; baseline -0.002 -16"><span class='ocrx_word' id='word_1_651' title='bbox 422 4916 623 4985; x_wconf 88' lang='lat' dir='ltr'><strong>quibus</strong></span> <span class='ocrx_word' id='word_1_652' title='bbox 664 4932 911 4985; x_wconf 54' lang='lat' dir='ltr'><strong>quasnam</strong></span> <span class='ocrx_word' id='word_1_653' title='bbox 966 4916 1365 4970; x_wconf 83' lang='lat' dir='ltr'><strong>interneciones</strong></span> <span class='ocrx_word' id='word_1_654' title='bbox 1410 4924 1465 4970; x_wconf 88' lang='lat' dir='ltr'><strong>et</strong></span> <span class='ocrx_word' id='word_1_655' title='bbox 1496 4930 1746 4986; x_wconf 77' lang='lat' dir='ltr'><strong>quamam</strong></span> <span class='ocrx_word' id='word_1_656' title='bbox 1794 4915 2000 4983; x_wconf 88' lang='lat' dir='ltr'><strong>suppli-</strong></span> 
     </span>
    </p>
   </div>
   <div class='ocr_carea' id='block_1_96' title="bbox 423 5004 2001 5075">
    <p class='ocr_par' dir='ltr' id='par_1_96' title="bbox 423 5004 2001 5075">
     <span class='ocr_line' id='line_1_96' title="bbox 423 5004 2001 5075; baseline 0 -17"><span class='ocrx_word' id='word_1_657' title='bbox 423 5006 631 5058; x_wconf 86' lang='lat' dir='ltr'><strong>ciorum</strong></span> <span class='ocrx_word' id='word_1_658' title='bbox 686 5005 1013 5060; x_wconf 88' lang='lat' dir='ltr'><strong>acerbitates</strong></span> <span class='ocrx_word' id='word_1_659' title='bbox 1043 5006 1328 5075; x_wconf 82' lang='lat' dir='ltr'><strong>condigna:</strong></span> <span class='ocrx_word' id='word_1_660' title='bbox 1365 5005 1823 5060; x_wconf 76' lang='lat' dir='ltr'><strong>:estimabuntur?</strong></span> <span class='ocrx_word' id='word_1_661' title='bbox 1860 5004 2001 5071; x_wconf 88' lang='lat' dir='ltr'><strong>Qua-</strong></span> 
     </span>
    </p>
   </div>
   <div class='ocr_carea' id='block_1_97' title="bbox 425 5097 1995 5169">
    <p class='ocr_par' dir='ltr' id='par_1_97' title="bbox 425 5097 1995 5169">
     <span class='ocr_line' id='line_1_97' title="bbox 425 5097 1995 5169; baseline 0 -20"><span class='ocrx_word' id='word_1_662' title='bbox 425 5106 649 5167; x_wconf 86' lang='lat' dir='ltr'><strong>propter</strong></span> <span class='ocrx_word' id='word_1_663' title='bbox 688 5097 823 5149; x_wconf 88' lang='lat' dir='ltr'><strong>adco</strong></span> <span class='ocrx_word' id='word_1_664' title='bbox 865 5112 970 5151; x_wconf 91' lang='lat' dir='ltr'><strong>non</strong></span> <span class='ocrx_word' id='word_1_665' title='bbox 1018 5098 1339 5166; x_wconf 66' lang='lat' dir='ltr'><strong>expediebat</strong></span> <span class='ocrx_word' id='word_1_666' title='bbox 1381 5099 1625 5168; x_wconf 84' lang='lat' dir='ltr'><strong>iniquam</strong></span> <span class='ocrx_word' id='word_1_667' title='bbox 1665 5112 1716 5153; x_wconf 90' lang='lat' dir='ltr'><strong>et</strong></span> <span class='ocrx_word' id='word_1_668' title='bbox 1754 5112 1995 5169; x_wconf 63' lang='lat' dir='ltr'><strong>praepro-</strong></span> 
     </span>
    </p>
   </div>
   <div class='ocr_carea' id='block_1_98' title="bbox 426 5190 1997 5261">
    <p class='ocr_par' dir='ltr' id='par_1_98' title="bbox 426 5190 1997 5261">
     <span class='ocr_line' id='line_1_98' title="bbox 426 5190 1997 5261; baseline 0.002 -19"><span class='ocrx_word' id='word_1_669' title='bbox 426 5204 610 5259; x_wconf 87' lang='lat' dir='ltr'><strong>peram</strong></span> <span class='ocrx_word' id='word_1_670' title='bbox 656 5190 949 5243; x_wconf 83' lang='lat' dir='ltr'><strong>infantth</strong></span> <span class='ocrx_word' id='word_1_671' title='bbox 982 5201 1212 5244; x_wconf 85' lang='lat' dir='ltr'><strong>mortem</strong></span> <span class='ocrx_word' id='word_1_672' title='bbox 1245 5207 1574 5260; x_wconf 90' lang='lat' dir='ltr'><strong>quacunque</strong></span> <span class='ocrx_word' id='word_1_673' title='bbox 1606 5192 1813 5245; x_wconf 88' lang='lat' dir='ltr'><strong>ratione</strong></span> <span class='ocrx_word' id='word_1_674' title='bbox 1859 5207 1997 5261; x_wconf 64' lang='lat' dir='ltr'><strong>prae-</strong></span> 
     </span>
    </p>
   </div>
   <div class='ocr_carea' id='block_1_99' title="bbox 422 5280 1996 5351">
    <p class='ocr_par' dir='ltr' id='par_1_99' title="bbox 422 5280 1996 5351">
     <span class='ocr_line' id='line_1_99' title="bbox 422 5280 1996 5351; baseline 0.003 -19"><span class='ocrx_word' id='word_1_675' title='bbox 422 5280 639 5351; x_wconf 84' lang='lat' dir='ltr'><strong>pedire;</strong></span> <span class='ocrx_word' id='word_1_676' title='bbox 686 5291 745 5335; x_wconf 89' lang='lat' dir='ltr'><strong>ttt</strong></span> <span class='ocrx_word' id='word_1_677' title='bbox 795 5282 965 5335; x_wconf 90' lang='lat' dir='ltr'><strong>multo</strong></span> <span class='ocrx_word' id='word_1_678' title='bbox 1019 5283 1214 5335; x_wconf 87' lang='lat' dir='ltr'><strong>melius</strong></span> <span class='ocrx_word' id='word_1_679' title='bbox 1269 5281 1434 5335; x_wconf 86' lang='lat' dir='ltr'><strong>fuerit</strong></span> <span class='ocrx_word' id='word_1_680' title='bbox 1486 5298 1605 5337; x_wconf 88' lang='lat' dir='ltr'><strong>eam</strong></span> <span class='ocrx_word' id='word_1_681' title='bbox 1654 5284 1889 5351; x_wconf 85' lang='lat' dir='ltr'><strong>permitti</strong></span> <span class='ocrx_word' id='word_1_682' title='bbox 1932 5298 1996 5336; x_wconf 91' lang='lat' dir='ltr'><strong>ac</strong></span> 
     </span>
    </p>
   </div>
   <div class='ocr_carea' id='block_1_100' title="bbox 423 5371 1994 5442">
    <p class='ocr_par' dir='ltr' id='par_1_100' title="bbox 423 5371 1994 5442">
     <span class='ocr_line' id='line_1_100' title="bbox 423 5371 1994 5442; baseline 0.001 -17"><span class='ocrx_word' id='word_1_683' title='bbox 423 5371 745 5442; x_wconf 85' lang='lat' dir='ltr'><strong>perpetrari,</strong></span> <span class='ocrx_word' id='word_1_684' title='bbox 779 5386 888 5441; x_wconf 94' lang='lat' dir='ltr'><strong>quo</strong></span> <span class='ocrx_word' id='word_1_685' title='bbox 920 5372 1020 5439; x_wconf 91' lang='lat' dir='ltr'><strong>ipsi</strong></span> <span class='ocrx_word' id='word_1_686' title='bbox 1052 5373 1213 5426; x_wconf 85' lang='lat' dir='ltr'><strong>tantis</strong></span> <span class='ocrx_word' id='word_1_687' title='bbox 1243 5372 1297 5427; x_wconf 89' lang='lat' dir='ltr'><strong>in</strong></span> <span class='ocrx_word' id='word_1_688' title='bbox 1327 5383 1525 5426; x_wconf 63' lang='lat' dir='ltr'><strong>aeterna</strong></span> <span class='ocrx_word' id='word_1_689' title='bbox 1565 5380 1617 5426; x_wconf 89' lang='lat' dir='ltr'><strong>ct</strong></span> <span class='ocrx_word' id='word_1_690' title='bbox 1649 5374 1994 5427; x_wconf 80' lang='lat' dir='ltr'><strong>inenarrabili</strong></span> 
     </span>
    </p>
   </div>
   <div class='ocr_carea' id='block_1_101' title="bbox 422 5466 1767 5537">
    <p class='ocr_par' dir='ltr' id='par_1_101' title="bbox 422 5466 1767 5537">
     <span class='ocr_line' id='line_1_101' title="bbox 422 5466 1767 5537; baseline -0.001 -15"><span class='ocrx_word' id='word_1_691' title='bbox 422 5468 683 5523; x_wconf 85' lang='lat' dir='ltr'><strong>beatitate</strong></span> <span class='ocrx_word' id='word_1_692' title='bbox 712 5466 1109 5537; x_wconf 87' lang='lat' dir='ltr'><strong>pullulantibus</strong></span> <span class='ocrx_word' id='word_1_693' title='bbox 1143 5466 1300 5520; x_wconf 90' lang='lat' dir='ltr'><strong>bonis</strong></span> <span class='ocrx_word' id='word_1_694' title='bbox 1336 5467 1767 5520; x_wconf 87' lang='lat' dir='ltr'><strong>cumularentur.</strong></span> 
     </span>
    </p>
   </div>
   <div class='ocr_carea' id='block_1_102' title="bbox 492 5556 2079 5630">
    <p class='ocr_par' dir='ltr' id='par_1_102' title="bbox 492 5556 2079 5630">
     <span class='ocr_line' id='line_1_102' title="bbox 492 5556 2079 5630; baseline -0.003 -17"><span class='ocrx_word' id='word_1_695' title='bbox 492 5562 673 5630; x_wconf 82' lang='lat' dir='ltr'><strong>Atque</strong></span> <span class='ocrx_word' id='word_1_696' title='bbox 708 5561 825 5615; x_wconf 60' lang='lat' dir='ltr'><strong>hinc</strong></span> <span class='ocrx_word' id='word_1_697' title='bbox 858 5558 1015 5628; x_wconf 89' lang='lat' dir='ltr'><strong>quasi</strong></span> <span class='ocrx_word' id='word_1_698' title='bbox 1066 5559 1131 5612; x_wconf 89' lang='lat' dir='ltr'><strong>ad</strong></span> <span class='ocrx_word' id='word_1_699' title='bbox 1181 5558 1501 5627; x_wconf 61' lang='lat' dir='ltr'><strong>explendam</strong></span> <span class='ocrx_word' id='word_1_700' title='bbox 1536 5572 1707 5611; x_wconf 73' lang='lat' dir='ltr'><strong>sacra:</strong></span> <span class='ocrx_word' id='word_1_701' title='bbox 1751 5556 1994 5612; x_wconf 70' lang='lat' dir='ltr'><strong>scientia:</strong></span> <span class='ocrx_word' id='word_1_702' title='bbox 2078 5606 2079 5609; x_wconf 44' lang='grc' dir='ltr'><strong>η</strong></span> 
     </span>
    </p>
   </div>
   <div class='ocr_carea' id='block_1_103' title="bbox 417 5648 1993 5721">
    <p class='ocr_par' dir='ltr' id='par_1_103' title="bbox 417 5648 1993 5721">
     <span class='ocr_line' id='line_1_103' title="bbox 417 5648 1993 5721; baseline -0.001 -15"><span class='ocrx_word' id='word_1_703' title='bbox 417 5652 770 5721; x_wconf 80' lang='lat' dir='ltr'><strong>cupiditatem</strong></span> <span class='ocrx_word' id='word_1_704' title='bbox 802 5651 897 5705; x_wconf 85' lang='lat' dir='ltr'><strong>tibi</strong></span> <span class='ocrx_word' id='word_1_705' title='bbox 947 5650 1237 5705; x_wconf 86' lang='lat' dir='ltr'><strong>suﬂiciant.</strong></span> <span class='ocrx_word' id='word_1_706' title='bbox 1274 5648 1428 5714; x_wconf 90' lang='lat' dir='ltr'><strong>Quod</strong></span> <span class='ocrx_word' id='word_1_707' title='bbox 1460 5650 1504 5704; x_wconf 90' lang='lat' dir='ltr'><strong>si</strong></span> <span class='ocrx_word' id='word_1_708' title='bbox 1552 5649 1676 5717; x_wconf 89' lang='lat' dir='ltr'><strong>quis</strong></span> <span class='ocrx_word' id='word_1_709' title='bbox 1701 5648 1753 5702; x_wconf 91' lang='lat' dir='ltr'><strong>in</strong></span> <span class='ocrx_word' id='word_1_710' title='bbox 1794 5666 1993 5704; x_wconf 85' lang='lat' dir='ltr'><strong>arcana</strong></span> 
     </span>
    </p>
   </div>
   <div class='ocr_carea' id='block_1_104' title="bbox 412 5742 1989 5809">
    <p class='ocr_par' dir='ltr' id='par_1_104' title="bbox 412 5742 1989 5809">
     <span class='ocr_line' id='line_1_104' title="bbox 412 5742 1989 5809; baseline -0.002 -9"><span class='ocrx_word' id='word_1_711' title='bbox 412 5759 547 5800; x_wconf 78' lang='lat' dir='ltr'><strong>cum</strong></span> <span class='ocrx_word' id='word_1_712' title='bbox 605 5742 773 5799; x_wconf 74' lang='lat' dir='ltr'><strong>Paulo</strong></span> <span class='ocrx_word' id='word_1_713' title='bbox 836 5743 999 5799; x_wconf 85' lang='lat' dir='ltr'><strong>verba</strong></span> <span class='ocrx_word' id='word_1_714' title='bbox 1060 5743 1375 5809; x_wconf 81' lang='lat' dir='ltr'><strong>adtuissus,</strong></span> <span class='ocrx_word' id='word_1_715' title='bbox 1444 5742 1602 5798; x_wconf 86' lang='lat' dir='ltr'><strong>nobis</strong></span> <span class='ocrx_word' id='word_1_716' title='bbox 1662 5742 1858 5797; x_wconf 88' lang='lat' dir='ltr'><strong>tnelius</strong></span> <span class='ocrx_word' id='word_1_717' title='bbox 1927 5758 1989 5797; x_wconf 92' lang='lat' dir='ltr'><strong>ea</strong></span> 
     </span>
    </p>
   </div>
   <div class='ocr_carea' id='block_1_105' title="bbox 2103 4558 3679 4630">
    <p class='ocr_par' dir='ltr' id='par_1_105' title="bbox 2103 4558 3679 4630">
     <span class='ocr_line' id='line_1_105' title="bbox 2103 4558 3679 4630; baseline 0.001 -21"><span class='ocrx_word' id='word_1_718' title='bbox 2103 4558 2199 4628; x_wconf 81' lang='grc' dir='ltr'>τὴν</span> <span class='ocrx_word' id='word_1_719' title='bbox 2241 4558 2476 4629; x_wconf 85' lang='grc' dir='ltr'>ἄληκτον</span> <span class='ocrx_word' id='word_1_720' title='bbox 2512 4559 2727 4629; x_wconf 86' lang='grc' dir='ltr'>ἐκείνην</span> <span class='ocrx_word' id='word_1_721' title='bbox 2756 4560 2814 4611; x_wconf 80' lang='grc' dir='ltr'><strong>ἐν</strong></span> <span class='ocrx_word' id='word_1_722' title='bbox 2845 4558 3122 4629; x_wconf 76' lang='grc' dir='ltr'>ἀδιηγήτῳ</span> <span class='ocrx_word' id='word_1_723' title='bbox 3157 4561 3321 4630; x_wconf 84' lang='grc' dir='ltr'>χαρᾷ,</span> <span class='ocrx_word' id='word_1_724' title='bbox 3355 4562 3449 4612; x_wconf 73' lang='grc' dir='ltr'>καὶ</span> <span class='ocrx_word' id='word_1_725' title='bbox 3478 4559 3679 4629; x_wconf 76' lang='grc' dir='ltr'>εὖφρο-</span> 
     </span>
    </p>
   </div>
   <div class='ocr_carea' id='block_1_106' title="bbox 2104 4646 3679 4719">
    <p class='ocr_par' dir='ltr' id='par_1_106' title="bbox 2104 4646 3679 4719">
     <span class='ocr_line' id='line_1_106' title="bbox 2104 4646 3679 4719; baseline 0.001 -20"><span class='ocrx_word' id='word_1_726' title='bbox 2104 4646 2237 4717; x_wconf 82' lang='grc' dir='ltr'>σύνῃ</span> <span class='ocrx_word' id='word_1_727' title='bbox 2268 4648 2364 4700; x_wconf 73' lang='grc' dir='ltr'><strong>σὺν</strong></span> <span class='ocrx_word' id='word_1_728' title='bbox 2398 4650 2511 4711; x_wconf 79' lang='grc' dir='ltr'>τοῖς</span> <span class='ocrx_word' id='word_1_729' title='bbox 2542 4648 2856 4718; x_wconf 79' lang='grc' dir='ltr'>ἀσωμάτοις</span> <span class='ocrx_word' id='word_1_730' title='bbox 2884 4650 3127 4717; x_wconf 78' lang='grc' dir='ltr'>τάγμασι</span> <span class='ocrx_word' id='word_1_731' title='bbox 3158 4648 3552 4714; x_wconf 81' lang='grc' dir='ltr'>συνεξελίσσειν</span> <span class='ocrx_word' id='word_1_732' title='bbox 3585 4660 3679 4719; x_wconf 70' lang='grc' dir='ltr'>χορ-ξ</span> 
     </span>
    </p>
   </div>
   <div class='ocr_carea' id='block_1_107' title="bbox 2105 4737 3676 4813">
    <p class='ocr_par' dir='ltr' id='par_1_107' title="bbox 2105 4737 3676 4813">
     <span class='ocr_line' id='line_1_107' title="bbox 2105 4737 3676 4813; baseline 0.003 -24"><span class='ocrx_word' id='word_1_733' title='bbox 2105 4737 2277 4809; x_wconf 89' lang='grc' dir='ltr'>ρείαν,</span> <span class='ocrx_word' id='word_1_734' title='bbox 2314 4740 2408 4792; x_wconf 69' lang='grc' dir='ltr'>καὶ</span> <span class='ocrx_word' id='word_1_735' title='bbox 2437 4739 2531 4792; x_wconf 78' lang='grc' dir='ltr'>τοῦ</span> <span class='ocrx_word' id='word_1_736' title='bbox 2585 4742 3007 4811; x_wconf 84' lang='grc' dir='ltr'>μακαριωτάτου</span> <span class='ocrx_word' id='word_1_737' title='bbox 3034 4782 3048 4806; x_wconf 89' lang='grc'><strong>,</strong></span> <span class='ocrx_word' id='word_1_738' title='bbox 3084 4743 3179 4795; x_wconf 78' lang='grc' dir='ltr'><strong>καὶ</strong></span> <span class='ocrx_word' id='word_1_739' title='bbox 3234 4743 3539 4813; x_wconf 82' lang='grc' dir='ltr'>ἀκροτάτου</span> <span class='ocrx_word' id='word_1_740' title='bbox 3568 4744 3676 4796; x_wconf 91' lang='grc' dir='ltr'><strong>τῶν</strong></span> 
     </span>
    </p>
   </div>
   <div class='ocr_carea' id='block_1_108' title="bbox 2102 4826 3674 4903">
    <p class='ocr_par' dir='ltr' id='par_1_108' title="bbox 2102 4826 3674 4903">
     <span class='ocr_line' id='line_1_108' title="bbox 2102 4826 3674 4903; baseline 0.004 -23"><span class='ocrx_word' id='word_1_741' title='bbox 2102 4829 2343 4896; x_wconf 90' lang='grc' dir='ltr'>ὁρεκτῶν</span> <span class='ocrx_word' id='word_1_742' title='bbox 2392 4830 2689 4885; x_wconf 82' lang='grc' dir='ltr'>ἀπολαύειν</span> <span class='ocrx_word' id='word_1_743' title='bbox 2738 4832 3042 4901; x_wconf 77' lang='grc' dir='ltr'>θεάματοςο</span> <span class='ocrx_word' id='word_1_744' title='bbox 3098 4826 3172 4886; x_wconf 83' lang='grc' dir='ltr'>ὧν</span> <span class='ocrx_word' id='word_1_745' title='bbox 3220 4833 3382 4886; x_wconf 84' lang='grc' dir='ltr'>πόσαι</span> <span class='ocrx_word' id='word_1_746' title='bbox 3444 4836 3674 4903; x_wconf 75' lang='grc' dir='ltr'>σφαγαὶ,</span> 
     </span>
    </p>
   </div>
   <div class='ocr_carea' id='block_1_109' title="bbox 2102 4921 3677 4997">
    <p class='ocr_par' dir='ltr' id='par_1_109' title="bbox 2102 4921 3677 4997">
     <span class='ocr_line' id='line_1_109' title="bbox 2102 4921 3677 4997; baseline 0.004 -25"><span class='ocrx_word' id='word_1_747' title='bbox 2102 4922 2253 4973; x_wconf 77' lang='grc' dir='ltr'>ποῖαι</span> <span class='ocrx_word' id='word_1_748' title='bbox 2281 4921 2337 4973; x_wconf 81' lang='grc' dir='ltr'>δὲ</span> <span class='ocrx_word' id='word_1_749' title='bbox 2374 4923 2653 4992; x_wconf 85' lang='grc' dir='ltr'>τιμωριῶν</span> <span class='ocrx_word' id='word_1_750' title='bbox 2685 4924 3017 4995; x_wconf 87' lang='grc' dir='ltr'>δριμύτητες</span> <span class='ocrx_word' id='word_1_751' title='bbox 3047 4924 3275 4989; x_wconf 78' lang='grc' dir='ltr'>ἀντάξια</span> <span class='ocrx_word' id='word_1_752' title='bbox 3326 4925 3677 4997; x_wconf 77' lang='grc' dir='ltr'>λογισθήσονο</span> 
     </span>
    </p>
   </div>
   <div class='ocr_carea' id='block_1_110' title="bbox 2100 5013 3675 5089">
    <p class='ocr_par' dir='ltr' id='par_1_110' title="bbox 2100 5013 3675 5089">
     <span class='ocr_line' id='line_1_110' title="bbox 2100 5013 3675 5089; baseline 0.005 -25"><span class='ocrx_word' id='word_1_753' title='bbox 2100 5030 2225 5075; x_wconf 75' lang='grc' dir='ltr'>ταις</span> <span class='ocrx_word' id='word_1_754' title='bbox 2254 5015 2419 5067; x_wconf 83' lang='grc' dir='ltr'>Ὥστε</span> <span class='ocrx_word' id='word_1_755' title='bbox 2449 5016 2508 5070; x_wconf 88' lang='grc' dir='ltr'><strong>ού</strong></span> <span class='ocrx_word' id='word_1_756' title='bbox 2544 5016 2707 5087; x_wconf 83' lang='grc' dir='ltr'>μόνον</span> <span class='ocrx_word' id='word_1_757' title='bbox 2734 5018 2833 5069; x_wconf 84' lang='grc' dir='ltr'>οὐκ</span> <span class='ocrx_word' id='word_1_758' title='bbox 2860 5013 2928 5089; x_wconf 81' lang='grc' dir='ltr'>ἦν</span> <span class='ocrx_word' id='word_1_759' title='bbox 2963 5018 3184 5086; x_wconf 85' lang='grc' dir='ltr'>ἄμεινον</span> <span class='ocrx_word' id='word_1_760' title='bbox 3216 5020 3519 5087; x_wconf 72' lang='grc' dir='ltr'>οὐδαμόθεν</span> <span class='ocrx_word' id='word_1_761' title='bbox 3548 5022 3675 5073; x_wconf 81' lang='grc' dir='ltr'>ἐπι-</span> 
     </span>
    </p>
   </div>
   <div class='ocr_carea' id='block_1_111' title="bbox 2104 5105 3678 5181">
    <p class='ocr_par' dir='ltr' id='par_1_111' title="bbox 2104 5105 3678 5181">
     <span class='ocr_line' id='line_1_111' title="bbox 2104 5105 3678 5181; baseline 0.004 -26"><span class='ocrx_word' id='word_1_762' title='bbox 2104 5108 2251 5174; x_wconf 87' lang='grc' dir='ltr'>σχεῖν</span> <span class='ocrx_word' id='word_1_763' title='bbox 2279 5105 2369 5157; x_wconf 80' lang='grc' dir='ltr'><strong>τδν</strong></span> <span class='ocrx_word' id='word_1_764' title='bbox 2394 5106 2661 5177; x_wconf 80' lang='grc' dir='ltr'>ἕκθεσμόν</span> <span class='ocrx_word' id='word_1_765' title='bbox 2690 5125 2773 5172; x_wconf 87' lang='grc' dir='ltr'><strong>τε,</strong></span> <span class='ocrx_word' id='word_1_766' title='bbox 2804 5110 2897 5162; x_wconf 75' lang='grc' dir='ltr'>καὶ</span> <span class='ocrx_word' id='word_1_767' title='bbox 2928 5108 3107 5177; x_wconf 79' lang='grc' dir='ltr'>ἄωρον</span> <span class='ocrx_word' id='word_1_768' title='bbox 3134 5110 3241 5162; x_wconf 84' lang='grc' dir='ltr'><strong>τῶν</strong></span> <span class='ocrx_word' id='word_1_769' title='bbox 3271 5110 3485 5181; x_wconf 86' lang='grc' dir='ltr'>βρεφῶν</span> <span class='ocrx_word' id='word_1_770' title='bbox 3518 5110 3678 5163; x_wconf 84' lang='grc' dir='ltr'>θάνα-</span> 
     </span>
    </p>
   </div>
   <div class='ocr_carea' id='block_1_112' title="bbox 2099 5197 3674 5270">
    <p class='ocr_par' dir='ltr' id='par_1_112' title="bbox 2099 5197 3674 5270">
     <span class='ocr_line' id='line_1_112' title="bbox 2099 5197 3674 5270; baseline 0.003 -22"><span class='ocrx_word' id='word_1_771' title='bbox 2099 5214 2192 5249; x_wconf 87' lang='grc' dir='ltr'><strong>τον</strong></span> <span class='ocrx_word' id='word_1_772' title='bbox 2218 5213 2231 5226; x_wconf 92' lang='grc'><strong>·</strong></span> <span class='ocrx_word' id='word_1_773' title='bbox 2260 5197 2396 5252; x_wconf 84' lang='grc' dir='ltr'>ἀλλὰ</span> <span class='ocrx_word' id='word_1_774' title='bbox 2424 5198 2516 5252; x_wconf 74' lang='grc' dir='ltr'>καὶ</span> <span class='ocrx_word' id='word_1_775' title='bbox 2543 5199 2720 5269; x_wconf 85' lang='grc' dir='ltr'>πολλῷ</span> <span class='ocrx_word' id='word_1_776' title='bbox 2746 5203 2997 5270; x_wconf 74' lang='grc' dir='ltr'>κρεῖσσον</span> <span class='ocrx_word' id='word_1_777' title='bbox 3033 5202 3310 5269; x_wconf 83' lang='grc' dir='ltr'>ἐναφεῖναί</span> <span class='ocrx_word' id='word_1_778' title='bbox 3360 5219 3419 5254; x_wconf 90' lang='grc' dir='ltr'><strong>τε</strong></span> <span class='ocrx_word' id='word_1_779' title='bbox 3460 5202 3555 5254; x_wconf 74' lang='grc' dir='ltr'>καὶ</span> <span class='ocrx_word' id='word_1_780' title='bbox 3584 5204 3674 5253; x_wconf 83' lang='grc' dir='ltr'><strong>ὲν-</strong></span> 
     </span>
    </p>
   </div>
   <div class='ocr_carea' id='block_1_113' title="bbox 2098 5285 3676 5357">
    <p class='ocr_par' dir='ltr' id='par_1_113' title="bbox 2098 5285 3676 5357">
     <span class='ocr_line' id='line_1_113' title="bbox 2098 5285 3676 5357; baseline 0.004 -20"><span class='ocrx_word' id='word_1_781' title='bbox 2098 5285 2280 5339; x_wconf 79' lang='grc' dir='ltr'>δοῦναι</span> <span class='ocrx_word' id='word_1_782' title='bbox 2331 5289 2615 5357; x_wconf 86' lang='grc' dir='ltr'>προελθεῖν</span> <span class='ocrx_word' id='word_1_783' title='bbox 2644 5289 2910 5342; x_wconf 85' lang='grc' dir='ltr'>τοσούτων</span> <span class='ocrx_word' id='word_1_784' title='bbox 2955 5292 3137 5353; x_wconf 68' lang='grc' dir='ltr'>αὐτοῖς</span> <span class='ocrx_word' id='word_1_785' title='bbox 3184 5290 3394 5343; x_wconf 79' lang='grc' dir='ltr'>ἐκεῖθεν</span> <span class='ocrx_word' id='word_1_786' title='bbox 3438 5292 3676 5343; x_wconf 83' lang='grc' dir='ltr'>αίωνιίων</span> 
     </span>
    </p>
   </div>
   <div class='ocr_carea' id='block_1_114' title="bbox 2098 5381 3473 5452">
    <p class='ocr_par' dir='ltr' id='par_1_114' title="bbox 2098 5381 3473 5452">
     <span class='ocr_line' id='line_1_114' title="bbox 2098 5381 3473 5452; baseline 0.004 -21"><span class='ocrx_word' id='word_1_787' title='bbox 2098 5396 2171 5431; x_wconf 91' lang='grc' dir='ltr'><strong>τε.</strong></span> <span class='ocrx_word' id='word_1_788' title='bbox 2213 5381 2306 5432; x_wconf 72' lang='grc' dir='ltr'>καὶ</span> <span class='ocrx_word' id='word_1_789' title='bbox 2336 5381 2645 5451; x_wconf 77' lang='grc' dir='ltr'>ἀδιηγήτων</span> <span class='ocrx_word' id='word_1_790' title='bbox 2674 5381 3203 5452; x_wconf 80' lang='grc' dir='ltr'>άναϐλαστησάντων</span> <span class='ocrx_word' id='word_1_791' title='bbox 3232 5381 3473 5451; x_wconf 89' lang='grc' dir='ltr'>ἀγαθῶν.</span> 
     </span>
    </p>
   </div>
   <div class='ocr_carea' id='block_1_115' title="bbox 2183 5558 3677 5633">
    <p class='ocr_par' dir='ltr' id='par_1_115' title="bbox 2183 5558 3677 5633">
     <span class='ocr_line' id='line_1_115' title="bbox 2183 5558 3677 5633; baseline 0.002 -21"><span class='ocrx_word' id='word_1_792' title='bbox 2183 5559 2340 5612; x_wconf 77' lang='grc' dir='ltr'><strong>Ἀλλὰ</strong></span> <span class='ocrx_word' id='word_1_793' title='bbox 2385 5558 2557 5613; x_wconf 72' lang='grc' dir='ltr'>ταῦτα</span> <span class='ocrx_word' id='word_1_794' title='bbox 2590 5560 2691 5629; x_wconf 82' lang='grc' dir='ltr'>μὲν</span> <span class='ocrx_word' id='word_1_795' title='bbox 2738 5561 2877 5615; x_wconf 80' lang='grc' dir='ltr'>ἔστω</span> <span class='ocrx_word' id='word_1_796' title='bbox 2921 5579 3001 5615; x_wconf 91' lang='grc' dir='ltr'><strong>σοι</strong></span> <span class='ocrx_word' id='word_1_797' title='bbox 3030 5565 3131 5633; x_wconf 82' lang='grc' dir='ltr'>τῆς</span> <span class='ocrx_word' id='word_1_798' title='bbox 3165 5563 3317 5633; x_wconf 79' lang='grc' dir='ltr'>ἱερᾶς</span> <span class='ocrx_word' id='word_1_799' title='bbox 3345 5561 3677 5632; x_wconf 80' lang='grc' dir='ltr'>φιλομαθίας</span> 
     </span>
    </p>
   </div>
   <div class='ocr_carea' id='block_1_116' title="bbox 2096 5651 3679 5723">
    <p class='ocr_par' dir='ltr' id='par_1_116' title="bbox 2096 5651 3679 5723">
     <span class='ocr_line' id='line_1_116' title="bbox 2096 5651 3679 5723; baseline 0.001 -19"><span class='ocrx_word' id='word_1_800' title='bbox 2096 5651 2285 5721; x_wconf 81' lang='grc' dir='ltr'>ὥσπερ</span> <span class='ocrx_word' id='word_1_801' title='bbox 2338 5667 2421 5714; x_wconf 86' lang='grc' dir='ltr'><strong>τις</strong></span> <span class='ocrx_word' id='word_1_802' title='bbox 2455 5652 2575 5721; x_wconf 87' lang='grc' dir='ltr'><strong>ίερά</strong></span> <span class='ocrx_word' id='word_1_803' title='bbox 2625 5654 2949 5721; x_wconf 68' lang='grc' dir='ltr'>ἀφοσίωσις.</span> <span class='ocrx_word' id='word_1_804' title='bbox 2994 5654 3055 5706; x_wconf 82' lang='grc' dir='ltr'>Εἰ</span> <span class='ocrx_word' id='word_1_805' title='bbox 3082 5654 3137 5706; x_wconf 84' lang='grc' dir='ltr'><strong>δέ</strong></span> <span class='ocrx_word' id='word_1_806' title='bbox 3171 5670 3254 5716; x_wconf 80' lang='grc' dir='ltr'><strong>τις</strong></span> <span class='ocrx_word' id='word_1_807' title='bbox 3284 5653 3393 5705; x_wconf 84' lang='grc' dir='ltr'><strong>τῶν</strong></span> <span class='ocrx_word' id='word_1_808' title='bbox 3427 5654 3679 5723; x_wconf 73' lang='grc' dir='ltr'>ἀπορρή-</span> 
     </span>
    </p>
   </div>
   <div class='ocr_carea' id='block_1_117' title="bbox 2096 5742 3673 5817">
    <p class='ocr_par' dir='ltr' id='par_1_117' title="bbox 2096 5742 3673 5817">
     <span class='ocr_line' id='line_1_117' title="bbox 2096 5742 3673 5817; baseline 0.001 -20"><span class='ocrx_word' id='word_1_809' title='bbox 2096 5760 2205 5797; x_wconf 89' lang='grc' dir='ltr'><strong>των</strong></span> <span class='ocrx_word' id='word_1_810' title='bbox 2240 5742 2333 5796; x_wconf 80' lang='grc' dir='ltr'>τοῦ</span> <span class='ocrx_word' id='word_1_811' title='bbox 2365 5743 2576 5797; x_wconf 84' lang='grc' dir='ltr'>Παύλου</span> <span class='ocrx_word' id='word_1_812' title='bbox 2608 5747 2871 5817; x_wconf 72' lang='grc' dir='ltr'>ῥημάτων</span> <span class='ocrx_word' id='word_1_813' title='bbox 2927 5747 3139 5817; x_wconf 87' lang='grc' dir='ltr'>μύστης</span> <span class='ocrx_word' id='word_1_814' title='bbox 3196 5743 3459 5815; x_wconf 63' lang='grc' dir='ltr'>γεγονὼς,</span> <span class='ocrx_word' id='word_1_815' title='bbox 3498 5762 3673 5817; x_wconf 88' lang='grc' dir='ltr'>μυστ-</span> 
     </span>
    </p>
   </div>
  </div>
