3888 6186
222 293 313 356 107
402 366 410 370 _
1141 292 1240 353 AD
1278 295 1874 360 AMPHILOCHIUM
1925 295 2270 370 QU/ESTIO
2306 296 2544 355 XXVII.

3349 304 3447 368 198

214 408 401 477 γωγεῖν
432 402 578 476 ἡμᾶς
627 401 901 476 ἐθελήσειε
949 401 1299 477 τελειότερον,
1344 406 1514 476 ἡδέως
1563 408 1650 471 ἂν,
1685 410 1780 461 καὶ

1904 410 2138 480 nysteria
2183 409 2419 479 pandere
2466 409 2735 475 voluerit;
2772 420 2899 466 tunc
2950 429 3049 467 nos
3102 415 3350 480 libenter.
3393 432 3446 474 et

214 500 365 571 χάριν
405 498 865 568 ἀνομολογοῦντες
912 497 1146 565 ὀφείλειν
1173 498 1252 570 τῷ
1280 500 1458 571 ἀνδρὶ,
1503 500 1592 554 διὰ
1635 500 1775 571 βίον,

215 590 302 644 καὶ
328 592 481 660 κοινῇ
510 589 615 659 μαθ
623 589 963 661 ητεύσωμεν.

730 705 1065 758 ΕΡΩΤΗΣΙΣ
1102 703 1229 759 KZ'.

214 795 337 862 Πῶς
364 795 647 865 ,πέττοντας
678 796 830 850 Θεὸν
874 795 988 865 μὲν
1033 795 1165 860 ἕνα,
1212 795 1369 865 τρεῖς
1404 796 1477 865 se
1509 797 1773 851 ὑποστά-

277 864 559 931 σειςμκαὶ
599 864 706 919 τὸν
733 864 964 932 Πατέρα
1005 864 1263 934 λέγομεν
1308 864 1479 933 Θεὸν,
1518 866 1617 920 καί
1676 868 1784 921 τὸν

295 937 432 988 fier
468 937 596 988 κατ’
642 934 830 990 αὐτὸν
860 937 1027 997 Θεὸν,
1064 937 1164 988 καὶ
1198 934 1262 988 τὸ
1293 935 1536 1004 Πνεῦμα
1584 937 1784 989 ὡσαύ-

279 1020 428 1070 τως’
486 1006 744 1072 Θεότητα
788 1005 855 1057 δὲ
913 1005 1199 1071 λέγοντες
1246 1005 1412 1072 μίαν,
1463 1006 1561 1058 καί
1627 1007 1783 1073 τρεῖς

277 1074 669 1138 ὑποστάσεις,
692 1076 802 1128 οὐκ
826 1074 912 1127 ἐτι
941 1073 1246 1143 δυνάμεθα
1265 1075 1468 1139 λέγειν
1502 1075 1641 1128 οὔτε
1675 1076 1782 1129 τὸν

275 1143 506 1209 Πατέρα
569 1146 862 1209 Θεότητα,
920 1144 1059 1210 οὔτε
1122 1143 1229 1197 τὸν
1297 1145 1460 1210 Υὶὸν,
1516 1145 1657 1200 οὔτε
1711 1147 1781 1200 τὸ

186 1254 190 1258 .
277 1207 538 1282 Πνεῦμα,
571 1212 699 1267 οὐδ’
732 1207 852 1283 ἅμα
888 1207 1038 1285 (45);

1883 498 2112 569 gratiam
2133 499 2181 552 ei
2214 500 2443 553 fatentes
2472 499 2691 563 habere,
2722 500 2851 555 dum
2886 503 3137 567 vivimus,
3166 511 3447 561 communi

1886 606 2050 645 usura
2083 588 2353 644 discemus
2385 589 2518 658 (l4).

2181 703 2509 771 QUESTIO
2550 703 2740 759 XXVII
2782 703 2879 775 [αι.
2920 705 3132 778 XXYl].

1885 798 2158 871 Quomodo
2203 814 2320 850 cum
2351 798 2518 871 Deum
2552 814 2739 871 unum,
2781 808 2883 852 tres
2918 810 3102 871 autem
3146 802 3450 871 Itypgs‘tases

1956 868 2221 929 dicamus,
2270 877 2318 921 et
2366 867 2580 921 Patrem
2638 870 2863 921 dicimus
2909 869 3092 931 Deum,
3145 867 3450 925 etrFilium

1954 954 2046 1007 per
2074 954 2128 991 se
2161 937 2349 1003 Deum,
2377 949 2425 991 et
2460 937 2719 1006 Spiritum
2742 950 2983 992 sanctum
3014 940 3261 994 similiter
3287 955 3304 994 :
3331 959 3449 995 cum

1950 1017 2125 1061 autem
2161 1007 2404 1061 dicamus
2442 1024 2601 1060 unam
2643 1008 3007 1073 Diviuitatem,
3050 1018 3100 1061 et
3143 1021 3245 1064 tres
3288 1013 3451 1077 Impo-

1950 1087 2137 1143 stases,
2166 1091 2264 1129 non
2298 1079 2423 1130 item
2453 1077 2608 1130 liceat
2638 1078 2912 1132 lliviuitat.
2931 1096 2977 1131 m
3006 1078 3179 1133 dicere
3216 1080 3448 1143 Patrem,

1952 1164 2143 1269 neque?
2164 1147 2404 1211 Filium,
2448 1163 2608 1217 neque
2650 1147 2905 1217 Spiritum
2950 1160 3229 1215 sanctum,
3291 1167 3451 1218 neque

1952 1234 2085 1269 nutu
2117 1258 2130 1269 .

1946 1234 2130 1271 "tituli

1468 1331 1611 1381 Edita
1636 1329 1697 1379 ab
1718 1330 1836 1381 Ant.
1869 1331 2057 1391 Scotlo,
2083 1344 2130 1393 p.
2165 1331 2188 1378 1
2206 1330 2244 1380 t.

278 1404 351 1466 Τὸ
381 1413 480 1484 μὲν
508 1407 601 1467 οὖν
646 1412 765 1484 ἅμα
808 1414 883 1485 μὴ
932 1414 1113 1483 λέγειν
1160 1416 1257 1480 τὰς
1290 1417 1588 1490 θεαρχικὰς
1643 1419 1779 1472 ὐπο-

214 1504 431 1567 στάσεις
454 1504 715 1574 Θεότητα,
746 1506 924 1559 καίτοι
976 1508 1277 1578 λεγομένας
1310 1511 1369 1562 ἐν
1415 1512 1515 1581 μιᾷ
1560 1510 1781 1582 θεωρεῖ-

215 1596 338 1649 σθαι
381 1588 633 1666 Θεότητι,
683 1599 731 1649 εί
782 1597 963 1666 βούλει
993 1598 1071 1663 δὲ,
1126 1599 1221 1653 καὶ
1254 1601 1654 1670 γνωρίζεσθαι,
1686 1602 1782 1656 καὶ

214 1687 564 1757 περιέχεσθαι
590 1704 604 1718 ο
650 1687 809 1740 τοῦτο
840 1688 1032 1756 δέξοιτ*
1065 1690 1132 1744 ἂν
1157 1692 1338 1746 αἰτίαν
1366 1693 1467 1747 οὐκ
1492 1693 1687 1762 ἄλογον
1720 1693 1783 1747 τὸ

217 1776 337 1848 μηδ’
366 1778 604 1848 ἑκάστην
642 1777 763 1831 καθ’
796 1780 998 1850 ἑαυτὴν
1036 1780 1145 1834 τῶν
1191 1784 1482 1854 μακαρίων
1532 1784 1780 1849 ἐκείνων,

215 1868 305 1920 καὶ
338 1859 750 1939 δημιουργικῶν
772 1869 1121 1924 ὑποστάσεων
1145 1870 1409 1926 δύνασθαι
1432 1872 1612 1941 λέγειν
1634 1876 1785 1945 ἡμᾶς

212 1958 475 2029 Θεότητα.
494 1960 593 2012 Διὰ
624 1959 675 2012 τί
701 1960 758 2013 δὲ
785 1959 917 2013 Θεὸν
953 1959 1051 2029 μὲν
1080 1960 1319 2032 ἑκάστην
1350 1961 1458 2015 τῶν
1489 1962 1787 2034 ὑπερφυῶν

217 2042 565 2102 ὗποστάσεων
602 2049 858 2120 λέγομεν,
894 2050 993 2104 οὐκ
1026 2049 1193 2103 ἔτιδὲ
1238 2052 1331 2105 καὶ
1376 2051 1638 2122 Θεὸτητα,
1681 2047 1785 2108 ὦδε

215 2140 281 2192 ἂν
327 2138 460 2203 ἴσως
508 2140 735 2212 θεωροίη
762 2159 776 2174 ο
811 2142 1015 2212 μᾶλλον
1057 2142 1115 2195 δὲ
1143 2142 1249 2214 πρὸ
1288 2143 1479 2197 τούτου
1525 2144 1786 2217 ζητητέον

214 2229 453 2301 (ἐκεῖθεν
480 2230 590 2302 γὰρ
616 2233 710 2285 καὶ
740 2233 834 2286 τοῦ
869 2233 1135 2303 παρόντος
1156 2232 1467 2304 ζητήματος
1490 2238 1523 2306 ὴ
1560 2236 1787 2307 βλάστη-

215 2338 297 2384 σις
349 2320 450 2386 τὰς
498 2322 753 2394 ἀφορμὰς
792 2325 1148 2395 ὑπεϐάλλετο)
1177 2327 1407 2398 πότερον
1437 2329 1465 2380 ὁ
1503 2328 1655 2392 Θεὸς,
1690 2328 1787 2382 καὶ

214 2408 249 2483 ἧ
272 2414 474 2486 Θεότης
502 2416 698 2469 ταυτὸν
726 2399 833 2487 είή,
883 2416 916 2488 ἢ
945 2417 1131 2486 ἕτερον
1157 2435 1173 2485 ;
1208 2419 1269 2471 Et
1304 2419 1406 2489 μὲν
1440 2418 1550 2491 γὰρ
1574 2420 1783 2491 ἕτερον,

212 2509 265 2560 τί
298 2507 477 2571 τοῦτο,
512 2512 603 2561 καὶ
628 2508 680 2562 τί
711 2509 863 2578 παρὰ
894 2509 985 2563 τὸν
1013 2510 1147 2564 Θεόν
1176 2529 1191 2576 ;
1232 2511 1296 2564 Et
1326 2511 1383 2564 δὲ
1414 2512 1636 2578 ταυτὸν,
1667 2512 1786 2575 πῶς

214 2600 424 2670 ἑκάστη
460 2600 569 2654 τῶν
600 2602 922 2671 ζωαρχικῶν
952 2602 1305 2660 ὑποστάσεων
1335 2603 1467 2667 Θεὸς
1495 2604 1786 2674 λεγόμενος

214 2693 273 2744 οὐ
301 2690 523 2760 λέγεται
542 2690 777 2763 Θεότηςς
802 2694 864 2747 Ol
898 2694 997 2764 μὲν
1022 2691 1118 2749 οὖν
1149 2695 1209 2749 τὸ
1244 2696 1432 2767 σχῆμα
1455 2696 1558 2767 τῆς
1590 2694 1788 2761 λέξεως

214 2782 618 2852 αἰτιασάμενοι,
657 2783 733 2847 ὡς
766 2786 798 2856 ὴ
832 2784 932 2855 μὲν
956 2784 1253 2858 ἀρῤενικοῦ
1288 2788 1483 2851 τύπου,
1510 2791 1544 2856 ἡ
1569 2786 1626 2840 δὲ
1651 2786 1786 2858 πρὸς

211 2872 272 2926 τὸ
300 2873 439 2943 θῆλυ
477 2876 576 2946 τῆς
607 2875 790 2946 φωνῆς
834 2876 1225 2947 σχηματίζεται
1244 2917 1260 2943 ,
1292 2877 1387 2931 καὶ
1416 2877 1506 2930 διὰ
1528 2876 1687 2931 τοῦτο
1713 2877 1789 2948 μὴ

211 2965 421 3035 ὁμοίως
451 2967 713 3038 ἑκάτερον
745 2967 838 3022 ἐπὶ
860 2969 953 3022 τοῦ
987 2969 1224 3039 Πατρὸς,
1260 2970 1355 3023 καὶ
1388 2969 1484 3022 τοῦ
1510 2968 1663 3035 Υίοῦ,
1695 2970 1789 3023 καὶ

1957 1418 2112 1485 Quod
2145 1418 2309 1473 simul
2341 1416 2541 1473 divinat
2569 1433 2833 1489 personat,
2862 1419 2989 1474 licet
3017 1420 3071 1473 in
3099 1435 3204 1475 una
3238 1419 3452 1476 Divini-

1885 1515 1998 1560 tate
2028 1509 2284 1574 spectari,
2320 1505 2452 1572 imo,
2496 1508 2542 1561 si
2578 1506 2679 1573 vis,
2706 1515 2759 1562 et
2786 1508 3064 1579 cognosci.
3097 1518 3153 1564 et
3183 1511 3451 1565 contineri

1887 1595 2163 1659 dicuntur,
2213 1605 2394 1651 tamen
2442 1595 2707 1653 Divinitas
2764 1613 2871 1654 non
2918 1601 3289 1670 appellentur;
3347 1603 3453 1657 hoc

1888 1686 2085 1757 poterit
2139 1687 2280 1741 hanc
2333 1687 2475 1742 haud
2542 1688 2837 1745 absurdam
2894 1691 3093 1748 habere
3147 1693 3449 1759 ratiOnem,

1886 1779 2029 1849 quod
2073 1779 2287 1835 scilicet
2314 1794 2491 1850 neque
2533 1782 2783 1853 singulas
2818 1784 3006 1840 beatas
3048 1785 3190 1848 illas.
3229 1789 3453 1841 creatri-

1886 1884 2085 1941 cesque
2137 1887 2405 1942 personas
2474 1889 2571 1944 per
2623 1888 2682 1929 se
2730 1873 3075 1930 Divinitatem
3132 1892 3453 1948 nuncupare

1887 1965 2180 2034 possimus.
2221 1965 2333 2020 Cur
2370 1976 2553 2021 autem
2608 1982 3051 2038 unamquamque
3096 1968 3307 2023 illarum
3356 1985 3455 2025 au-

1887 2053 2330 2124 gustissimarum
2375 2055 2737 2126 liypostascon
2772 2054 2940 2108 Deum
2977 2054 3219 2123 quidem,
3251 2062 3306 2109 at
3345 2070 3453 2109 non

1887 2146 2092 2216 pariter
2125 2145 2475 2201 Divinitatem
2510 2161 2788 2211 vocemus,
2820 2146 2907 2200 hic
2939 2145 3174 2200 fortasse
3195 2145 3451 2216 perpendi

1886 2237 2046 2292 debet
2078 2239 2299 2306 :potius
2330 2246 2416 2292 est
2449 2248 2629 2293 autem
2659 2238 2713 2292 in
2751 2247 3091 2292 antecessum
3125 2238 3456 2309 investigan-
3510 2276 3513 2277 ν

1885 2329 2015 2384 dum
2048 2329 2269 2401 (quippe
2295 2330 2423 2401 quia
2460 2332 2746 2400 pr0positae
2775 2331 3094 2401 quaestionis
3124 2340 3289 2400 caput
3330 2332 3456 2386 inde

1886 2421 2231 2477 occasionem
2278 2422 2508 2493 accepit)
2552 2431 2733 2476 utrum
2781 2420 2924 2476 Deus
2964 2436 3029 2476 ac
3070 2420 3253 2487 Deitas
3310 2421 3453 2476 idem

1889 2513 2021 2577 sint,
2071 2528 2140 2566 an
2198 2512 2369 2567 aliud.
2422 2510 2668 2582 Namque
2713 2513 2757 2567 si
2807 2511 2976 2574 aliud,
3032 2512 3291 2580 quidnam
3352 2513 3456 2567 hoc

1887 2612 1991 2666 est,
2042 2612 2097 2657 et
2134 2602 2394 2673 quidnam
2439 2602 2493 2657 in
2543 2602 2688 2658 Deo?
2721 2601 2780 2656 Si
2812 2618 2941 2658 vero
2988 2603 3150 2668 idem,
3181 2604 3457 2673 quomodo

1887 2695 2092 2764 quaevis
2137 2696 2353 2749 illarum
2402 2694 2789 2750 viviﬁcantium
2824 2709 3179 2765 personarum
3216 2690 3379 2758 Deus‘,
3405 2707 3460 2749 et

1891 2799 1996 2837 non
2026 2783 2211 2838 Deitas
2254 2783 2597 2854 appellatur?
2624 2771 2729 2849 Qui
2763 2783 3099 2839 discriminis
3130 2798 3354 2838 causam
3400 2784 3458 2838 in

1890 2876 2144 2930 vocabuli
2191 2876 2365 2930 forma
2411 2886 2683 2946 quaerunt,
2711 2876 2859 2945 quod
2892 2890 3084 2945 nempe
3129 2877 3359 2930 alterum
3389 2876 3460 2930 sit

1891 2967 2182 3023 masculini
2229 2971 2468 3038 generis,
2511 2969 2743 3023 alterum
2789 2984 2918 3023 vero
2946 2968 3013 3023 ad
3053 2968 3294 3023 feminini
3342 2983 3461 3021 mo-

211 3056 307 3109 τοῦ
339 3057 658 3128 Πνεύματος
685 3059 926 3127 λέγεται,
962 3060 1190 3114 αὐτόθεν
1216 3060 1309 3114 τὸν
1354 3061 1579 3130 ἔλεγχον
1605 3060 1785 3131 δέχονο

1904 3056 2016 3110 lum
2067 3057 2395 3119 iutlectatur,
2443 3073 2507 3112 ac
2537 3066 2824 3127 propterea
2879 3073 2986 3111 non
3038 3057 3213 3126 possit
3256 3058 3460 3126 pariter

210 3164 322 3201 ται.
358 3148 495 3202 Κατ’
520 3148 800 3220 οὐδέτερον
831 3150 940 3221 γὰρ
966 3151 1347 3223 σχηματισμὸν
1366 3153 1439 3216 ,τὸ
1468 3151 1695 3222 Πνεῦμα
1721 3154 1787 3223 τῇ

212 3235 432 3309 γλώττῃ
462 3239 890 3310 προφερόμενον,
908 3241 1059 3295 οὐδὲν
1085 3236 1250 3312 ἦττον
1282 3243 1515 3314 Πατρδς,
1536 3244 1632 3297 καὶ
1660 3243 1790 3296 Υίοῦ

211 3329 347 3394 Θεὸς
377 3329 628 3397 λέγεταιο
659 3332 755 3385 καὶ
796 3331 904 3385 τῶν
950 3333 1232 3405 ὀνομάτων
1258 3334 1319 3388 τὸ
1349 3334 1663 3406 έτερογενὲς
1695 3336 1787 3388 οὺ-

208 3418 300 3477 δὲν
330 3422 576 3476 ἐκώλυσε
617 3424 716 3495 τὴν
748 3424 919 3496 αὐτὴν
950 3428 1322 3499 προσηγορίαν
1364 3427 1692 3496 ἐπάγεσθαι,
1719 3428 1787 3499 ἣν

210 3514 308 3568 καὶ
331 3516 399 3567 οὐ
430 3516 489 3568 τὸ
516 3515 653 3570 αὐτὸ
690 3516 847 3585 γένος
870 3517 971 3587 τῆς
1000 3520 1186 3589 φωνῆς
1221 3517 1674 3587 περιεπτύσσετο·
1693 3518 1787 3571 καὶ
1822 3514 1825 3519 ’

208 3606 409 3660 τούτου
460 3609 790 3680 σαφέστερον
833 3608 913 3663 ἔτι
961 3610 1153 3678 γένους
1208 3611 1395 3680 ἑτέρου
1446 3612 1788 3680 τυγχάνουσα

208 3697 354 3749 κατὰ
405 3697 590 3767 φωνὴν
635 3699 668 3768 ἡ
720 3698 879 3753 οὐσία
929 3700 1024 3753 ἐπὶ
1077 3700 1309 3771 ῐίατρδς,
1358 3700 1452 3754 καὶ
1494 3699 1651 3763 Υίοῦ,
1696 3700 1789 3752 καὶ

212 3785 539 3855 Πνεύματος
579 3786 855 3857 ὁμοτίμως
888 3791 1304 3860 κατηγορεῖται·
1336 3788 1527 3841 οὐσίαν
1567 3804 1628 3841 τε
1679 3786 1788 3856 γὰρ

208 3877 390 3941 αὐτὰς
418 3878 670 3951 λέγομεν,
706 3882 799 3934 καὶ
825 3883 955 3949 μιᾶς
980 3882 1168 3945 οὐσίας
1186 3899 1201 3914 ο
1231 3881 1352 3935 οὐδὲ
1386 3880 1478 3935 τὸν
1501 3880 1791 3951 ἄνθρωπον

209 3968 268 4024 δὲ
299 3971 466 4039 ζῶον,
512 3972 544 4044 ἢ
572 3973 760 4027 οὐσίαν
788 3974 1070 4029 καλεῖσθαι
1117 3974 1179 4027 τὸ
1204 3972 1519 4045 ἑτερογενὲς
1546 3973 1647 4042 τῆς
1677 3989 1793 4040 φω-

210 4062 311 4133 νῆς
341 4064 689 4120 ἁπεκώλυσε.

210 4161 536 4226 essentiam,
580 4173 636 4216 et
684 4164 846 4217 unius
909 4163 1163 4219 essentia:
1214 4161 1559 4217 nominamus
1606 4180 1621 4215 :

210 4253 478 4307 stantiam
509 4269 748 4324 unquam
778 4254 1074 4323 prohibuit.

283 4342 353 4395 Τί
383 4344 478 4398 οὖν
500 4345 579 4399 δεϊ
606 4345 817 4413 λέγειν;
852 4347 922 4398 Ἣ
952 4347 1057 4410 ὅτι,
1088 4344 1277 4414 ὥσπερ
1305 4347 1333 4398 ὁ
1359 4345 1665 4417 ἄνθρωπος,
1692 4349 1787 4401 καὶ

1894 3144 1961 3200 de
1992 3144 2173 3212 Patre,
2214 3147 2281 3201 de
2304 3145 2461 3209 Filio,
2510 3155 2566 3201 et
2596 3147 2663 3202 de
2710 3145 2917 3216 Spiritu
2949 3155 3140 3201 sancto
3168 3156 3463 3215 utrumque

1894 3236 2171 3306 usurpari,
2206 3252 2273 3292 ex
2304 3238 2409 3293 hoc
2434 3238 2553 3308 ipso
2585 3237 2906 3293 refelluntur
2929 3255 2942 3291 :
2962 3238 3062 3292 etsi
3087 3237 3230 3291 enim
3259 3251 3460 3292 nomen

1892 3328 2118 3399 Πνεῦμα
2161 3328 2427 3400 (Spiritus
2453 3332 2700 3401 sanctus)
2746 3340 2936 3385 nostra
2971 3330 3155 3401 lingua
3189 3331 3460 3399 prolatum

1894 3423 2140 3477 neutrius
2167 3423 2240 3477 sit
2265 3424 2504 3493 generis,
2536 3434 2717 3478 tamen
2753 3422 2897 3479 Deus
2930 3438 3038 3478 non
3067 3423 3268 3485 minus,
3296 3438 3460 3493 quam

1894 3510 2075 3577 Pater,
2106 3522 2161 3567 et
2197 3511 2369 3568 Filius
2400 3522 2783 3581 nuncupatur;
2821 3522 2876 3566 et
2916 3512 3133 3581 generis
3178 3513 3461 3566 nominum

1896 3604 2190 3660 diversitas
2235 3620 2342 3659 non
2398 3605 2503 3659 fuit
2550 3605 2970 3675 impedimento,
3010 3605 3302 3676 quoiiiinus
3348 3605 3466 3659 haec

1896 3697 2186 3768 appellatio
2228 3697 2592 3763 induceretur,
2622 3714 2784 3767 quam
2835 3708 2891 3753 et
2922 3698 3063 3753 idem
3095 3698 3249 3754 vocis
3291 3714 3463 3770 genus

1899 3803 2009 3843 non
2060 3788 2559 3858 complectebatur:
2594 3790 2705 3843 imo
2739 3773 2931 3859 magis
2956 3789 3262 3859 perspicue,
3296 3804 3463 3858 quam

1898 3880 2024 3946 hoc,
2059 3896 2163 3933 vox
2206 3882 2464 3945 essentia,
2510 3888 2631 3935 utut
2668 3881 2735 3935 ad
2780 3880 2925 3935 aliud
2971 3896 3144 3951 genus
3172 3881 3462 3950 pertineat.

1900 3980 2081 4028 tamen
2110 3972 2415 4042 :equojure
2443 3972 2511 4026 de
2542 3973 2719 4036 Patre,
2752 3971 2912 4035 Filio,
2944 3980 2999 4027 et
3025 3970 3230 4041 Spiritu
3272 3980 3465 4026 sancto

1901 4066 2223 4119 enuntiatur
2249 4083 2262 4119 :
2296 4080 2391 4119 eas
2421 4064 2689 4134 siquidem
2720 4079 2983 4134 personas
3010 4063 3186 4132 ipsam
3219 4063 3462 4118 divinam

1689 4167 1865 4231 neqtre
1902 4160 2118 4231 generis
2159 4158 2450 4215 diversitas
2498 4159 2773 4216 hominem
2801 4159 2907 4214 dici
2949 4157 3173 4223 animal,
3205 4158 3287 4213 vel
3331 4159 3466 4214 sub-

1963 4345 2103 4411 Quid
2133 4360 2262 4416 ergo
2300 4344 2592 4400 dicendum
2638 4344 2920 4414 superest?
2949 4343 3029 4395 An
3064 4342 3229 4411 quod,
3263 4356 3462 4412 quem-

1732 4497 1963 4554 NOTAE.

286 4659 408 4738 (44)
449 4659 695 4738 Profecto
721 4659 811 4714 ubi
836 4659 905 4713 de
932 4658 1130 4738 divinis
1157 4659 1786 4738 operilnts,.ac_prae_ser-
1817 4658 1866 4717 1)
1892 4656 2115 4738 Cantica
2146 4660 2233 4715 ϐυ.

213 4728 312 4785 tiui
370 4728 439 4785 de
486 4732 753 4785 scelerum
809 4729 1167 4798 permissione
1198 4728 1390 4784 sermo
1437 4728 1784 4798 instituitur:

213 4812 350 4870 tunc
383 4799 652 4870 praecipue
686 4795 833 4862 sunt,
884 4798 959 4870 uti
981 4798 1264 4870 scriptum
1298 4807 1381 4851 est
1429 4795 1785 4870 Sap._tx,_|4.

211 4865 577 4939 Cogitationes
595 4871 861 4923 hominum
878 4866 1099 4939 timidre,
1112 4865 1389 4939 etincerta:
1403 4865 1744 4939 prouidentia:
1768 4882 1787 4921 ε

211 4937 388 5009 idque
422 4940 670 4995 humanae
712 4940 879 4993 menti
908 4937 1135 5009 omnino
1169 4938 1494 5009 impervium
1520 4951 1640 4990 esse
1669 4938 1789 5009 plu-

211 5004 330 5079 rie's
370 5010 558 5064 docuit
598 5009 911 5079 Apostolus.
942 5007 1102 5063 Rom.
1132 5024 1208 5079 χι,
1250 5004 1551 5079 ὃῖηιϐοτ.
1604 5022 1661 5068 ιι,
1698 5006 1785 5060 l6.

212 5078 407 5133 Nihilo
451 5076 854 5133 tanien—minus
895 5080 1137 5133 rationes
1178 5078 1302 5142 illae,
1339 5085 1395 5129 ut
1444 5076 1619 5139 aiunt,
1662 5091 1795 5129 con-

213 5150 506 5218 grucntiae,
530 5163 667 5215 quas
690 5147 915 5204 Photius
938 5148 1112 5212 ail‘ert,
1144 5150 1212 5202 ab
1237 5149 1325 5213 iis,
1348 5161 1469 5215 qua:
1491 5147 1545 5199 in
1572 5145 1792 5218 lfatrum

215 5213 481 5287 operibus
545 5213 860 5280 accurrunt,
918 5234 1026 5272 non
1081 5219 1246 5273 nimis
1315 5213 1536 5271 absunt.
1586 5213 1795 5269 Videsis

218 5289 371 5341 inter
408 5288 624 5342 Graecos
672 5287 933 5343 Irenaeum
972 5303 1055 5350 tu.
1087 5288 1141 5341 4.
1189 5287 1328 5343 Just.
1360 5295 1553 5355 quaest.
1597 5287 1684 5347 l5,
1726 5287 1793 5339 ad

215 5355 383 5412 Orth.
424 5357 569 5428 Orig.
606 5358 751 5411 hom.
802 5360 872 5428 in
906 5358 1098 5412 Matth.
1130 5357 1413 5428 Chrysost.
1465 5358 1612 5428 hom.
1654 5357 1690 5407 2
1737 5356 1792 5409 in

215 5443 343 5481 var.
385 5428 480 5481 Ev.
516 5425 806 5481 Eusebium
838 5427 1110 5482 Emissen.
1139 5445 1154 5494 ;
1188 5425 1330 5481 inter
1357 5425 1582 5481 Latinos
1612 5436 1793 5478 autem

216 5497 459 5565 August.
484 5513 578 5562 ut;
622 5499 688 5551 de
714 5499 946 5567 expositi.
985 5497 1176 5567 Symb.
1207 5497 1258 5560 4,
1302 5505 1357 5551 et
1414 5496 1679 5567 Serinrti
1726 5496 1794 5548 de

217 5568 455 5629 sanctis,
484 5566 647 5637 Prud.
693 5565 881 5637 ll)lllll.
911 5565 1104 5636 Epipli.
1138 5566 1387 5637 Fulgent.
1421 5567 1489 5637 de
1524 5565 1719 5635 Epiph.
1740 5573 1795 5637 et

142 5698 149 5703 ι
220 5637 411 5689 librat
460 5638 531 5690 De
560 5635 693 5689 Fide
734 5634 806 5689 ad
848 5634 1064 5691 Petrum
1099 5637 1133 5690 5
1179 5634 1378 5701 et'59;
1419 5634 1740 5689 Lco.7se’rnt.
1774 5634 1791 5686 1

219 5706 292 5760 de
342 5704 537 5776 Epipti.
572 5705 834 5762 Bcrnard.
881 5722 1049 5763 serm.
1098 5707 1167 5763 de
1213 5706 1374 5761 lunoc
1430 5707 1484 5761 cl
1515 5705 1700 5761 lioutil.
1736 5706 1789 5759 iu

1965 4729 2229 4784 Cauterqu
2285 4747 2379 4800 per
2427 4728 2800 4783 Innocentium
2859 4727 3095 4800 ca‘deur,
3139 4725 3229 4800 uti
3280 4730 3465 4800 mouet

1898 4799 2147 4862 historia,
2206 4790 2406 4855 factum
2456 4810 2556 4860 est,
2593 4806 2788 4851 utnon
2846 4798 3018 4849 solum
3048 4794 3241 4859 .ludzei,
3282 4802 3336 4845 et
3364 4790 3465 4845 Sa~

1896 4869 2174 4941 maritam.
2226 4870 2318 4925 sed
2350 4878 2535 4941 gentes
2571 4882 2706 4941 pene
2759 4879 2963 4941 omnes
3008 4874 3252 4941 tempus“
3278 4863 3461 4941 magni

1896 4939 2039 4992 illius
2071 4938 2301 5002 Messiae,
2333 4931 2425 5009 ιῖιιὶ
2446 4931 2655 5009 jamdiu
2695 4931 3135 5009 exspectabatur,
3164 4931 3462 5009 aProplie-

1898 5009 1966 5062 tis
1996 5010 2308 5076 praedictum
2346 5002 2631 5062 advenisse
2654 5002 2924 5061 audirent.
2979 5014 3143 5073 atque
3165 5006 3238 5057 ita
3265 5002 3461 5073 praeli-

1896 5079 2097 5133 cationi
2129 5079 2455 5147 evangelicae
2486 5080 2572 5130 via
2612 5084 2979 5147 sterneretur.

1967 5148 2080 5220 (45)
2102 5148 2155 5201 lit
2181 5141 2513 5203 Coisliniano
2540 5147 2725 5200 codice
2752 5146 2944 5267 legitur
2965 5144 3071 5197 οὐδ’
3091 5143 3207 5212 ἅμα
3225 5142 3292 5196 τὰ
3313 5141 3461 5208 τρία,

1987 5222 2037 5267 in
2068 5217 2326 5267 Vaticano
2347 5216 2463 5267 ἀλλ’
2483 5217 2590 5267 οὐδ’
2620 5215 2737 5267 ἅμα
2764 5232 2793 5266 τ
2857 5214 3014 5267 τοία;
3043 5214 3257 5267 tametsi
3290 5212 3461 5265 male-

1896 5228 1951 5272 et
1975 5212 2037 5271 ἰιι
2064 5212 2326 5272 Vaticano
2347 5216 2463 5271 ἀλλ’
2483 5217 2590 5271 οὐδ’
2620 5215 2737 5286 ἅμα
2764 5212 2834 5267 τὰ
2857 5214 3014 5283 τρία;
3043 5214 3257 5286 tametsi
3290 5212 3465 5265 male-

1896 5289 2073 5342 l'eriati
2122 5289 2408 5359 cujusdam
2470 5285 2671 5351 critici,
2727 5287 2809 5359 vel
2866 5285 3231 5359 emendator-is
3286 5297 3465 5359 manu

1898 5352 2287 5413 hodiedum'cb
2309 5358 2429 5413 οὐδὲ
2460 5359 2697 5430 deletum
2725 5356 2995 5430 videatur.
3037 5353 3095 5430 l‘n
3137 5352 3462 5430 Taurineusi

1896 5443 2025 5483 vero
2066 5430 2180 5483 ἀλλ’
2228 5430 2346 5500 ἅμα
2370 5431 2438 5485 τὰ
2470 5429 2619 5499 τρία,
2666 5436 2721 5481 et
2761 5428 2900 5502 hanc
2943 5425 3255 5502 lectionem“
3281 5425 3467 5502 sensui

1898 5490 2315 5573 consentaneain
2369 5490 2518 5573 gesse'
2572 5508 2790 5573 temere
2868 5494 3156 5573 Iosephus.
3217 5490 3467 5573 Dasinius

1896 5569 2163 5643 atlirniat.
2240 5571 2506 5643 siquidem
2571 5568 2751 5639 ipsum
2817 5566 3191 5636 responsionis
3249 5566 3465 5617 initium

1896 5641 1982 5697 rei”
1982 5651 2125 5713 ragat
2136 5657 2219 5698 ur.
2304 5641 2320 5643 “
2685 5647 2690 5651 ’
