3888 6186
464 341 564 405 199

1603 338 1863 401 ΡΠΟΤΙΙ
1902 326 2403 399 ΡΑΤΒῙΑΒΕΠΕ
2430 328 2538 399 Οἳ).

3594 329 3709 393 200

459 456 751 512 admodum
814 456 1033 509 nomina
1096 456 1258 507 homo
1322 462 1376 508 ct
1424 455 1736 508 humanitas
1789 468 1898 506 non
1954 451 2021 506 ad

2133 449 2542 522 ἠάνθρωπότης
2574 449 2674 505 οὐκ
2702 451 2883 515 ἄλλον,
2933 452 3029 505 καὶ
3075 451 3233 505 ἀλλον
3281 448 3712 520 παραδεχῦμενι

460 548 627 601 alium
675 559 835 613 atque
876 547 1040 599 alium
1092 558 1311 599 sensum
1357 550 1635 612 spectant;
1662 550 1715 595 et
1747 540 2027 594 nihilomi—

462 654 565 692 nus
594 638 725 690 illud
757 639 819 690 de
850 636 1076 690 Socrate
1111 635 1259 689 nullo
1300 634 1682 702 impedimento
1709 639 2023 700 usurpatur,

464 728 569 781 hoc
619 734 799 779 autem
869 740 1251 795 nequaquam;
1308 724 1381 777 ita
1430 737 1649 792 quoque
1703 736 1862 775 voces
1923 720 2027 774 illte

463 815 631 880 Deus,
680 828 732 871 et
773 818 975 881 Deitas,
1028 818 1153 870 licet
1195 816 1438 871 diversas
1488 815 1639 869 ideas
1690 830 1798 867 non
1848 814 2026 866 conti—

462 919 647 973 neant,
682 918 953 977 nequeant
982 916 1162 962 tamen
1203 909 1269 962 de
1309 908 1507 961 divinis
1539 907 1785 977 personis
1826 907 2028 975 pariter

461 1000 610 1054 dici?
665 999 731 1053 At
783 1000 926 1053 dicet
988 997 1221 1053 fortasse
1285 996 1677 1066 elegantiorum
1740 994 2027 1049 hominum

461 1091 758 1160 quispiam,
790 1091 935 1160 quod
969 1098 1167 1159 augeat
1210 1090 1333 1153 hoc,
1387 1104 1494 1143 non
1526 1088 1701 1142 diluat
1737 1086 2027 1156 proposita:

461 1182 783 1253 quaestionis
823 1180 1193 1235 dimcultatem
1221 1197 1235 1243 ;
1272 1187 1435 1247 atque
1464 1178 1739 1246 petitionis
1772 1176 2026 1246 principii

462 1275 827 1344 suSpicioncm
882 1273 1103 1327 minime
1152 1270 1391 1340 ellugiat.
1418 1271 1529 1325 Hos
1578 1280 1759 1323 autem
1792 1283 1903 1321 rem
1935 1283 2028 1321 ae-

460 1373 646 1418 curate
679 1380 784 1417 non
817 1363 985 1417 fuisse
1022 1370 1303 1416 assecutus
1345 1361 1469 1415 inde
1496 1370 1657 1428 patet,
1684 1359 1828 1429 quod
1858 1374 1965 1412 non
1996 1373 2028 1413 e

460 1473 519 1510 re
571 1456 737 1509 simili
793 1455 857 1515 ad
914 1469 1028 1507 rem
1077 1453 1411 1523 propositam
1478 1452 1531 1505 in
1581 1450 1884 1521 qtuestione
1936 1451 2028 1503 ﬁat

462 1547 733 1608 transitio,
761 1562 936 1615 neque
965 1544 1016 1598 id
1045 1543 1435 1599 obscuritatem
1471 1551 1687 1609 augeat,
1714 1542 1824 1594 imo
1850 1550 2028 1609 neque

453 1639 688 1703 primam
744 1634 1116 1704 interrogandi
1174 1648 1437 1697 causam,
1498 1631 1655 1700 quasi
1712 1630 2026 1698 cognitam,

458 1735 731 1797 supponat
776 1745 789 1781 :
839 1736 1002 1793 atque
1073 1724 1201 1777 hinc
1263 1723 1445 1792 potius
1505 1722 1591 1775 isti
1648 1729 1853 1774 rectum
1915 1732 2024 1771 non

457 1821 649 1874 tulisse
688 1818 956 1894 judicium
1014 1825 1341 1883 arguuntur.
1402 1813 1458 1866 Si
1510 1812 1654 1866 cnim
1710 1811 1765 1864 in
1819 1806 2098 1862 naturaeB

458 1927 713 1967 sermone
742 1910 1053 1979 lmjusmodi
1081 1906 1472 1961 vocabulorum
1510 1904 1752 1958 conditio
1783 1900 2030 1955 animad-

458 2004 688 2057 vertitur
740 2002 795 2055 in
842 2001 948 2055 illis
993 2000 1192 2062 rebus,
1248 1998 1302 2051 in
1362 1997 1563 2066 quibus
1610 1996 1867 2049 identitas
1919 2007 2029 2045 non

460 2094 711 2155 laeditur,
762 2105 927 2160 atque
974 2089 1030 2143 in
1082 2087 1553 2143 enuntiationibus
1601 2086 1717 2153 ipsa
1763 2082 2027 2136 vocabula

460 2201 621 2240 usum
669 2200 777 2238 non
825 2182 1057 2238 similem
1104 2180 1337 2245 habent;
1389 2180 1667 2249 quomodo
1712 2177 1935 2229 evidens
1975 2182 2032 2226 et

459 2276 808 2345 perspicuum
839 2288 948 2327 non
996 2280 1102 2336 est,
1149 2270 1292 2339 quod
1346 2283 1521 2338 neque
1569 2271 1882 2321 abstrusum
1926 2279 2029 2333 pu-

459 2368 685 2422 tandum
725 2366 815 2429 sit,
847 2378 1022 2433 neque
1064 2361 1363 2417 absurdum
1405 2360 1458 2413 in
1492 2360 1785 2427 theologia,
1831 2373 1955 2425 quae
1999 2372 2030 2409 a

460 2460 692 2515 materie
738 2460 902 2527 longo
952 2456 1241 2511 intervallo
1274 2454 1457 2517 distat,
1504 2468 1735 2522 qumque
1796 2451 2029 2503 maxima

459 2550 773 2606 dililcultate
805 2550 1101 2603 humanam
1136 2554 1371 2599 mentem
1406 2545 1770 2612 undequaque
1815 2540 2032 2611 gravio-

452 2644 611 2696 ribus
639 2642 878 2711 implicat
910 2636 1329 2709 quaestionibus,
1369 2636 1422 2689 in
1462 2635 1667 2704 quibus
1712 2648 1888 2701 neque
1922 2633 2029 2686 ulla

457 2735 566 2786 alia
607 2747 738 2785 voce
769 2730 1107 2785 adamussim
1142 2728 1268 2782 licet
1297 2726 1655 2796 quaastinnmn
1683 2725 2027 2792 expriirzere;

456 2827 514 2879 in
566 2826 671 2890 bis,
710 2824 956 2893 inquam,
989 2833 1209 2891 quoque
1252 2818 1416 2872 modo
1448 2816 1760 2885 bujusmodi
1801 2816 2031 2868 commi-

455 2918 597 2972 nisci
662 2932 821 2971 usum
880 2913 1318 2974 vocabulorum,
1371 2925 1534 2979 quae.
1599 2907 1810 2963 etiamsi
1871 2908 2031 2961 rebus

458 3011 740 3080 corporeis
788 3008 955 3063 veteri
997 3016 1050 3060 et
1093 3014 1311 3074 recepto
1354 3002 1566 3070 judicio
1604 2999 2029 3061 accommodari,

458 3113 625 3173 atque
676 3102 815 3155 idem
874 3098 1181 3169 significare
1232 3096 1558 3158 videantur,
1602 3094 1801 3147 eodem
1848 3102 2027 3145 tamen

459 3205 618 3266 pacto
656 3192 938 3263 praadicari
980 3206 1087 3244 non
1124 3188 1391 3258 possunt?
1434 3185 1666 3240 Ubinam
1713 3185 1897 3252 itaque
1924 3183 2029 3237 dif-

462 3289 677 3344 ticultas
703 3287 789 3339 bic
827 3293 1080 3354 augetur,
1111 3291 1205 3335 aut
1242 3294 1408 3335 causa
1446 3293 1546 3348 pro
1577 3293 1744 3331 causa
1778 3275 2033 3347 ponitur?

532 3380 666 3434 Novi
693 3387 873 3433 autem
908 3375 1192 3445 quosdam,
1231 3372 1324 3442 qui
1368 3372 1591 3426 dubium
1633 3371 1843 3424 diluere
1879 3370 2031 3422 arbi-

462 3481 679 3528 trantur
710 3469 1008 3528 hominem.
1042 3480 1105 3519 ac
1140 3476 1415 3525 naturam.
1458 3462 1807 3532 speciemque
1838 3462 2031 3513 huma-

462 3582 589 3621 nam
618 3563 967 3625 assumendo,
1006 3575 1126 3629 qua:
1170 3556 1573 3629 quodammodo
1598 3556 1650 3608 in
1694 3554 1838 3607 idem
1891 3553 2030 3605 imi-

461 3674 577 3714 cem
613 3656 898 3711 concidere
931 3653 1215 3717 videntur;
1254 3651 1307 3705 in
1340 3648 1586 3703 Socratis
1616 3654 1808 3721 autem
1833 3644 2031 3713 praedi-

461 3749 673 3805 catione
708 3746 1099 3805 diversitatem,
1123 3757 1229 3795 non
1266 3738 1700 3795 convenientiam
1726 3734 2029 3804 proferunt.

464 3840 719 3895 Socrates
738 3838 883 3891 enim
920 3836 1083 3888 homo
1111 3832 1326 3903 quidem
1353 3831 1573 3893 dicitttr,
1607 3837 1665 3883 at
1702 3841 1879 3897 neque
1904 3840 2029 3895 spc-

462 3935 595 3995 cies,
632 3944 808 3998 neque
847 3938 1062 3989 natura,
1095 3926 1139 3980 si
1172 3926 1254 3978 vis
1295 3934 1499 3985 autem,
1526 3935 1701 3990 neque
1726 3921 1900 3974 forma
1945 3917 2030 3973 bis

464 4021 755 4091 conjuncta
786 4016 1045 4087 appellari
1081 4016 1299 4085 poterit.
1325 4013 1434 4067 Hos
1459 4024 1640 4067 autem
1670 4011 1828 4082 fugit,
1866 4021 1925 4066 ut
1954 4010 2035 4064 vi-

461 4115 641 4174 detur,
659 4110 947 4181 quomodo
981 4110 1053 4164 sit
1100 4108 1167 4162 de
1210 4105 1525 4160 nominibus
1566 4104 1945 4171 judicandum,
1978 4110 2033 4157 et

451 4205 607 4276 quod
645 4216 985 4273 quascunque
1049 4199 1117 4254 ad
1150 4198 1407 4269 physicas
1462 4211 1550 4249 res
1602 4195 1825 4249 nomina
1865 4194 2032 4263 perti-

452 4307 612 4361 nent,
650 4296 767 4365 ipsa
789 4294 857 4348 ad
877 4308 963 4348 res
998 4290 1334 4360 signiﬁcatas
1357 4288 1685 4354 luculenter,
1718 4280 1779 4339 ac
1812 4286 2029 4356 proprie

461 4392 706 4445 ferantur
742 4404 757 4441 :
788 4399 911 4454 uiue
945 4398 1073 4438 vero
1112 4397 1143 4436 a
1171 4380 1454 4435 dialectica
1492 4380 1744 4435 oriuntur
1778 4379 2027 4449 specula-

2128 541 2304 609 λόγον,
2355 542 2503 610 ὅμως
2543 542 2604 595 τὸ
2651 544 2748 613 μὲν
2781 542 2997 611 λέγεται
3045 542 3188 596 κατά
3234 540 3326 593 τοῦ
3376 538 3710 607 Σωκράτους

2127 634 2441 697 ἀκωλύτως,
2470 635 2532 687 rb
2557 634 2612 688 δὲ
2642 635 2827 687 ούκέτι
2848 650 2861 663 ⁸
2880 633 3022 687 οὕτω
3045 636 3137 687 καὶ
3170 634 3202 703 ἠ
3232 634 3364 696 Θεὸς
3391 630 3568 700 φωνὴ,
3609 631 3711 681 καὶ

2126 727 2159 795 ἡ
2193 725 2416 797 Θεότης,
2434 727 2535 779 ούκ
2565 728 2645 789 είς
2670 726 2877 799 ἕτερον,
2905 728 3001 781 καὶ
3028 727 3215 797 ἕτερον
3240 724 3712 792 ἀναπτυσσόμενι

2128 814 2327 883 νόημα,
2377 815 2475 884 ούχ
2518 815 2722 885 ὁμοίως
2771 816 3027 869 δύνανται
3075 816 3169 868 καὶ
3220 816 3330 867 τῶν
3390 810 3713 883 θεαρχικῶν

2129 903 2481 957 ύποστάσεων
2531 904 2825 973 λέγεσθαι;
2864 905 3021 958 Ἀλλά
3069 906 3273 957 είποιεν
3314 903 3381 959 ἄν
3434 919 3516 965 τις
3574 902 3715 961 ἴσως

2128 994 2237 1045 τῶν
2264 994 2664 1065 χαριεστέρων·
2692 996 2767 1058 ῶς
2800 995 3029 1066 αὔξησίς
3074 997 3243 1057 ἐστιν,
3296 995 3358 1047 ού
3400 993 3558 1055 λύσις
3612 992 3713 1043 τοῦ

2131 1086 2490 1157 ἀπορήματος
2511 1086 2692 1151 τοῦτο,
2722 1088 2819 1141 καὶ
2850 1090 2948 1157 τὴν
2975 1087 3068 1140 τοῦ
3096 1087 3191 1140 ἀπ’
3229 1086 3402 1158 ἀρχῆς
3431 1083 3713 1138 αἰτεῖσθαι

2134 1178 2367 1247 ὑποψίαν
2394 1179 2494 1233 ούκ
2522 1179 2801 1249 ἐκφεύγει.
2837 1180 2975 1244 Τοὺς
3010 1179 3067 1232 δὲ
3099 1180 3286 1250 μάθοις
3318 1180 3384 1232 ἂν
3424 1177 3712 1235 ἐντεῦθεν.

2129 1269 2204 1332 ὡς
2230 1270 2558 1341 διαπέφευγε
2589 1272 2652 1324 rb
2682 1271 2908 1343 ἀκριϐές
2928 1287 2941 1300 ·
2996 1271 3058 1324 ού
3090 1272 3198 1340 γὰρ
3241 1269 3350 1324 ἀπὸ
3377 1268 3469 1322 τοῦ
3510 1270 3715 1338 ὁμοίου

2130 1362 2267 1430 πρὸς
2310 1361 2372 1415 rb
2404 1363 2765 1434 προκείμενον
2822 1364 2918 1417 ἐπὶ
2962 1364 3191 1432 ζήτησιν
3225 1361 3543 1432 μετάϐασις,
3579 1360 3714 1411 οὕτε

2131 1449 2388 1517 κρατύνει
2441 1451 2641 1521 μᾶλλον
2684 1453 2745 1506 τὸ
2789 1452 3020 1525 ἄπορον·
3074 1450 3189 1504 ἀλλ’
3238 1451 3345 1503 οὐδ’
3381 1450 3714 1518 ὲπισύρεται

2135 1542 2233 1611 τὴν
2253 1541 2433 1596 αἰτίαν
2456 1542 2549 1596 τοῦ
2578 1542 2834 1614 ἀπαρχῆς
2854 1542 3121 1597 αἰτεῖσθαι
3139 1560 3154 1573 ’
3183 1538 3391 1595 ἐκεῖθεν
3419 1542 3474 1595 δὲ
3497 1541 3713 1611 μᾶλλον

2129 1636 2480 1706 διελέγχοιντ⁹
2515 1636 2581 1691 ἂν
2612 1637 2711 1690 οὐκ
2736 1636 2900 1709 ὀρθὴν
2929 1635 3251 1698 ὑπελθόντες
3280 1636 3379 1705 τὴν
3407 1634 3617 1704 κρίσιν.
3637 1631 3715 1684 Tb

2131 1730 2239 1799 γὰρ
2264 1729 2396 1799 ὁρᾷν
2430 1730 2490 1783 ἐν
2520 1730 2837 1800 φυσιολογίᾳ
2859 1729 3116 1800 τοιαύτην
3138 1729 3417 1798 ὀνομάτων
3445 1726 3626 1787 θέσιν,
3653 1728 3713 1778 ἐν

2128 1814 2210 1882 οἷς
2237 1821 2333 1873 καὶ
2362 1822 2423 1873 rb
2452 1821 2648 1874 ταυτὸν
2676 1822 2738 1874 ού
2792 1820 3132 1892 λυμαίνεται,
3178 1820 3272 1873 καὶ⁸
3311 1820 3445 1889 πρὸς
3473 1818 3534 1871 rb
3567 1834 3712 1870 κατ-

2127 1911 2447 1982 ηγορεῖσθαι
2478 1912 2576 1984 τὴν
2610 1913 2801 1983 χρείαν
2844 1915 2941 1983 οὐχ
2970 1913 3161 1984 ὁμοίαν
3217 1912 3539 1980 παρέχεται,
3584 1906 3712 1970 πῶς

2130 2006 2247 2057 ἐστι
2298 2004 2475 2074 σαφής
2523 2019 2605 2067 τε,
2649 2004 2744 2058 καὶ¹
2785 2004 3177 2075 ἀναντίρῤητος
3222 2002 3559 2071 παράστασις
3609 1999 3711 2051 τοῦ

2134 2093 2297 2162 μηδὲν
2320 2093 2523 2163 ἄπορον
2545 2093 2808 2163 νομίζειν,
2842 2093 2974 2163 μηδὲ
3007 2093 3316 2162 παράλογον
3341 2095 3398 2144 ὲν
3424 2093 3490 2161 τῇ
3518 2090 3711 2159 πολλῷ

2128 2184 2229 2254 τῆς
2282 2185 2414 2254 ὖλης
2457 2186 2836 2257 ύπερκαιμένῃ
2900 2186 3011 2257 (46)
3069 2185 3337 2257 θεολογίᾳ,
3380 2186 3471 2238 καὶ
3529 2183 3709 2253 πολλῇ

2133 2276 2471 2345 πανταχόθεν
2500 2277 2593 2329 τὸν
2624 2277 2961 2348 ἀνθρώπινον
2994 2276 3117 2331 νοῦν
3153 2279 3209 2330 ἐν
3234 2280 3345 2340 τοῖς
3381 2276 3711 2347 βαθυτέροις

2130 2369 2239 2422 τῶν
2263 2369 2592 2439 ζητημάτων
2620 2369 2819 2441 ἀπορίᾳ
2849 2369 3308 2445 περιτειχιζούσῃ,
3338 2372 3421 2437 ἐφ’
3444 2363 3518 2421 ῶν
3546 2368 3712 2421 οὐδὲν

2130 2458 2249 2510 οὐδὲ
2274 2459 2381 2510 τῶν
2413 2459 2588 2512 ἄλλων
2622 2460 2901 2530 ὀνομάτων
2939 2461 3114 2513 οὐδενὶ
3148 2462 3280 2531 ῥᾷόν
3310 2464 3423 2513 ἐστι
3461 2461 3711 2530 δηλῶσαι

2131 2550 2224 2602 τοῦ
2252 2549 2585 2619 ζητουμένου
2609 2552 2708 2619 τὴν
2738 2551 3021 2621 ἀκρίϐειαν
3041 2569 3056 2584 ο
3092 2554 3184 2605 ἐπὶ
3212 2555 3417 2605 τούτων
3448 2554 3712 2623 ἀμωσγέο

2132 2658 2250 2705 πως
2282 2646 2537 2714 τοιαύτην
2590 2644 2784 2713 φωνῶν
2834 2646 3181 2717 ἀνευρίσκειν
3230 2649 3443 2716 χρῆσιν,
3496 2647 3551 2698 αἲ
3601 2650 3711 2698 κάν

2131 2738 2241 2797 τοῖς
2271 2735 2475 2799 ἐνύλοις
2514 2736 2745 2806 ὁρῶνται
2777 2736 2981 2807 παλαιᾴ
3024 2740 3117 2791 καὶ
3147 2738 3367 2808 συνήθει
3394 2740 3572 2808 κρίσει
3619 2740 3711 2790 ἐν·

2133 2825 2526 2896 αρμόττουσαι,
2553 2829 2649 2882 καὶ
2676 2829 2772 2897 τῆς
2801 2828 2900 2898 μὲν
2929 2830 3255 2898 ταυτότητος
3282 2830 3382 2883 ούκ
3411 2830 3710 2899 ἐξιστάμε-

2132 2932 2241 2979 ναι,
2272 2917 2328 2967 ἐν
2358 2916 2415 2968 δὲ
2448 2917 2525 2985 τῷ
2561 2918 2982 2987 κατηγορεῖσθαι
3014 2919 3391 2988 διιστάμεναις
3451 2920 3561 2973 Ποῦ
3590 2922 3710 2973 τοί-

2133 3025 2223 3057 νυν
2258 3007 2491 3060 ἐνταῦθα
2529 3009 2561 3079 ή
2591 3010 2689 3079 τῆς
2717 3011 2953 3081 ἀπορίας
2983 3010 3255 3075 ἐπίτασις,
3307 3012 3339 3082 ἢ
3385 3011 3487 3082 τῆς
3539 3012 3712 3083 ἄλλης

2133 3099 2310 3161 αἰτίας
2346 3098 2607 3169 ὑπόληψις
2628 3118 2642 3166 ;

2204 3362 2367 3427 Τινάς
2396 3363 2450 3415 δὲ
2476 3362 2620 3416 λύειν
2652 3366 2981 3435 νομίσαντας
3010 3360 3124 3419 οἴδα
3158 3367 3220 3420 ἐκ
3254 3368 3346 3421 τοῦ
3378 3368 3468 3421 τὸν
3492 3371 3713 3441 ἄνθρω-

2135 3470 2234 3505 πον
2288 3454 2641 3524 παραλαϐεῖν,
2707 3457 2799 3509 καὶ
2851 3457 2950 3526 τὴν
3004 3458 3182 3525 φύσιν,
3233 3461 3322 3511 καὶ
3365 3461 3425 3511 τὸ
3458 3459 3635 3523 εἶδος·
3678 3464 3713 3516 ἃ

2132 3544 2279 3597 δοκεὶ
2304 3546 2400 3613 μέν
2426 3561 2540 3607 πως
2569 3547 2813 3615 ἀλλήλοις
2834 3549 2911 3609 εἰς
2939 3549 3137 3601 ταυτὸν
3168 3551 3402 3602 συνιέναι
3426 3569 3438 3581 ’
3467 3555 3523 3603 ἐν
3553 3554 3608 3604 δὲ
3632 3558 3704 3622 τῇ

2130 3636 2226 3689 τοῦ
2276 3638 2599 3708 Σωκράτους
2660 3639 2967 3709 κατηγορία
2996 3640 3092 3710 τὴν
3125 3641 3405 3693 διάστασιν
3436 3643 3558 3695 ἀντὶ
3606 3646 3711 3711 τῆς

2133 3729 2421 3798 ὁμολογίας
2452 3730 2859 3795 ἐξοικειοῦνται.
2894 3730 3214 3799 Ἀνθρωπος
3267 3733 3365 3800 μὲν
3395 3735 3505 3801 γὰρ
3532 3738 3560 3785 ὀ
3587 3737 3709 3787 Σωο

2134 3823 2363 3892 κράτηξ,
2396 3823 2519 3877 οὗτε
2545 3825 2600 3877 δὲ
2630 3820 2786 3887 εἶδος,
2814 3825 2936 3877 οὔτε
2968 3826 3150 3892 φύσις,
3180 3828 3226 3877 εἰ
3267 3828 3444 3895 βούλει
3476 3830 3553 3889 δὲ,
3589 3830 3706 3882 οὗθ’

2135 3914 2168 3981 ἡ
2195 3914 2591 3983 συνταττομένη
2632 3914 2840 3976 τούτοις
2874 3914 3055 3984 μορφὴ
3100 3915 3301 3966 δύναιτ’
3323 3915 3388 3968 ἂν
3422 3917 3703 3984 λέγεσθαι.

2134 4003 2404 4058 Λανθάνει
2461 4006 2518 4058 δὲ
2568 4004 2809 4070 τούτους,
2862 4005 2937 4069 ὼς
2988 4006 3181 4067 ἔοικεν,
3227 4009 3398 4078 ἡτῶν
3420 4011 3705 4082 ὀνομάτων

2131 4094 2421 4164 διάκρισις,
2457 4096 2549 4147 καὶ
2582 4096 2663 4148 ὅτι
2688 4097 2785 4148 ὅσα
2818 4096 2916 4166 μέν
2939 4098 3053 4149 ἐστι
3076 4098 3320 4166 φυσικῶν
3358 4106 3703 4171 πραγμάτων

2130 4187 2388 4255 ὀνόματα,
2445 4186 2616 4240 ταῦτα
2667 4189 2981 4259 περιφανῶς
3017 4207 3097 4253 τε,
3126 4192 3219 4244 καὶ
3253 4192 3508 4261 καθαρῶς
3558 4197 3702 4247 κατὰ

2129 4280 2240 4333 τῶν
2297 4281 2672 4350 ὑποκειμένων
2748 4280 2973 4350 φέρεται
3008 4298 3023 4312 ’
3081 4284 3180 4335 ὅσα
3231 4284 3286 4336 δὲ
3352 4285 3699 4356 διαλεκτικῆς

2132 4371 2397 4442 προῆλθον
2430 4370 2690 4438 ἐπινοίας,
2717 4372 2812 4424 καὶ
2846 4371 3182 4426 διαλεκτικόν
3208 4392 3327 4428 τινα
3380 4379 3698 4446 περιέχουσι

448 4483 630 4545 .tione,
656 4488 716 4533 et
746 4477 1090 4532 dialecticum
1134 4472 1425 4542 quemdam
1461 4472 1740 4525 involvunt
1782 4486 2023 4533 sensum,

2133 4463 2277 4527 νοῦν,
2308 4462 2481 4516 ταῦτα
2510 4462 2616 4514 τῶν
2677 4463 3055 4532 ὑποκειμένων
3108 4464 3208 4533 τῆς
3264 4465 3479 4534 φύσεως
3522 4468 3699 4538 ἔργων

461 4576 577 4629 haec
600 4572 665 4626 ad
693 4569 1028 4638 signiticatas
1062 4574 1269 4621 natura:
1300 4580 1387 4619 res
1422 4564 1471 4617 vi
1504 4564 1725 4634 propria
1764 4578 1869 4617 non
1902 4576 2025 4631 per-

461 4670 696 4736 tinguut.
740 4661 915 4715 llomo
944 4673 1073 4712 vero
1104 4666 1159 4710 et
1187 4655 1525 4718 humanitas,
1559 4669 1769 4729 necnon
1818 4651 2025 4706 Divini-

459 4769 567 4822 tas,
598 4765 652 4810 et
683 4754 820 4807 Deus
842 4765 947 4805 non
994 4757 1122 4803 sunt
1165 4747 1356 4816 lagica:
1389 4745 1705 4800 subtilitatis
1743 4759 2023 4797 commen-

460 4847 716 4906 tationes,
746 4840 838 4895 sed
867 4839 1181 4895 ersistentis
1208 4837 1284 4892 rei
1315 4836 1533 4890 nomina
1555 4844 1823 4889 :attamen
1845 4849 1911 4887 ex
1940 4833 2024 4887 bis

459 4939 707 5007 quaedam
750 4946 969 5004 quoque
1014 4929 1243 5001 vestigia
1289 4926 1497 4998 ingredi
1535 4925 1616 4979 fas
1655 4934 1758 4988 est,
1798 4939 1919 4993 quae
1957 4924 2025 4977 ad

460 5028 611 5084 dubii
661 5025 985 5081 solutionem
1031 5023 1329 5078 adducunt.
1370 5017 1580 5074 Etenim
1632 5032 1755 5072 cum
1792 5015 1906 5071 haec
1938 5030 2027 5070 se-

447 5132 584 5172 cum
622 5114 850 5170 invicem
884 5122 1287 5181 comparantur,
1322 5123 1501 5162 rerum
1539 5106 1747 5161 scilicet
1786 5102 2026 5167 nomina,

458 5220 515 5265 et
549 5226 611 5266 ea
645 5224 765 5280 quat
808 5205 1037 5278 logicam
1084 5205 1139 5258 in
1178 5204 1359 5258 verbis
1406 5201 1763 5257 subtilitatem
1802 5196 2025 5262 habent,

459 5318 571 5358 non
596 5301 877 5355 tninimam
906 5298 958 5352 i’n
978 5297 1091 5366 ipsa
1115 5293 1416 5349 differentia
1436 5300 1678 5344 tnutuam
1711 5284 2026 5341 communio

458 5395 730 5450 cationem
770 5391 1033 5445 retinent.
1070 5384 1242 5440 Verba
1273 5383 1417 5438 enim
1446 5379 1817 5451 singularibus
1862 5377 2028 5431 rebus

456 5487 663 5545 tributa
680 5494 731 5541 et
750 5482 1032 5539 involvunt
1055 5480 1157 5535 ista
1188 5475 1435 5539 nomina,
1460 5484 1514 5528 et
1536 5472 1668 5543 ipsis
1695 5470 2027 5533 innituntur,

2134 4557 2285 4624 ἰσχὺν
2312 4556 2410 4608 οὐκ
2437 4555 2549 4625 ἔχει
2582 4555 3013 4619 διαϐιϐάζεσθαι.
3062 4556 3118 4609 Ὀ
3144 4557 3199 4608 δὲ
3260 4557 3569 4627 ἄνθρωπος,
3608 4564 3698 4613 καὶ

2130 4648 2164 4715 ἠ
2196 4646 2570 4717 ἀνθρωπότης,
2606 4648 2698 4699 καὶ
2725 4647 2790 4717 δὴ
2822 4647 2914 4699 καὶ
2944 4649 2975 4717 ή
3016 4648 3236 4718 Θεὸτης,
3291 4650 3385 4702 καὶ
3414 4653 3441 4703 ὀ
3473 4653 3609 4715 Θεὸς
3638 4655 3695 4705 οὐ

2130 4738 2354 4807 λογικῆς
2379 4738 2495 4791 ἐστι
2526 4739 2917 4808 τεχνασμάτων
2964 4738 3343 4809 προϐλήματα,
3400 4744 3699 4814 ύποκειμέ·

2130 4845 2222 4883 νου
2256 4830 2311 4882 δὲ
2339 4830 2661 4899 πράγματος
2698 4830 2937 4899 ὀνόματα
2968 4843 2984 4859 ⁸
3032 4828 3172 4901 πλὴν
3208 4832 3315 4883 κάκ
3338 4834 3526 4885 τούτου
3549 4835 3695 4887 ἐστιν

2132 4924 2252 4992 ῐχνη
2278 4920 2397 4974 τινὰ
2425 4922 2610 4974 λαϐεῖν
2656 4922 2791 4992 πρὸς
2827 4921 2924 4992 τὴν
2958 4920 3057 4990 τῆς
3116 4921 3352 4992 ἀπορίας
3403 4922 3558 4978 λύσιν
3612 4930 3697 4980 ἐν-

2128 5011 2351 5078 ἀγοντα.
2383 5011 2489 5065 Καὶ
2515 5010 2622 5081 γὰρ
2644 5010 2895 5079 ἀλλήλοις
2924 5010 3095 5064 ταῦτα
3119 5012 3384 5072 συνιέντα.
3408 5014 3476 5067 τά
3504 5032 3566 5068 τε
3588 5019 3696 5070 τῶν

2129 5104 2473 5172 πραγμάτων
2497 5102 2759 5172 ὀνόματα,
2778 5102 2872 5154 καὶ
2900 5103 3044 5173 ἅπερ
3077 5103 3177 5171 τῆς
3216 5105 3440 5175 λογικῆς
3507 5109 3695 5180 ἐντρε-

2125 5193 2299 5263 χείας,
2357 5195 2610 5263 τυγχάνει
2661 5195 2797 5263 πρὸς
2822 5194 3063 5265 ῥήματα,
3119 5197 3219 5248 οὐκ
3265 5197 3453 5267 ὀλίγην
3505 5201 3565 5252 ὲν
3625 5206 3690 5271 τῇ

2124 5287 2372 5356 διαστολῇ
2403 5286 2500 5356 τὴν
2518 5285 2651 5357 πρὸς
2673 5286 2875 5356 ἄλληλα
2895 5288 3176 5341 κοινωνίαν
3191 5289 3536 5354 ἀσπάζεσθαι
3556 5293 3691 5359 (47).

2125 5378 2443 5448 Περιέχουσι
2471 5376 2577 5457 γὰρ
2601 5377 2671 5429 τὰ
2698 5377 2822 5430 καθ’
2840 5379 3045 5431 ἕκαστα
3067 5379 3159 5431 καὶ⁸
3188 5380 3387 5446 ταῦτα,
3410 5383 3507 5434 καὶ
3535 5384 3692 5453 ὑπερ-

2142 5466 2347 5537 ίδρυται
2386 5466 2609 5535 τούτων,
2661 5468 2755 5522 καὶ
2784 5470 2922 5541 πρὸς
2947 5472 3132 5526 ἐκεῖνα
3154 5472 3392 5539 λέγεται,
3421 5474 3471 5528 εί
3504 5476 3599 5529 καὶ⁸
3612 5478 3689 5548 μη

1954 5582 2189 5640 NOTAE.

531 5692 643 5765 (46)
673 5689 807 5765 Vide
848 5704 914 5743 an
954 5684 1116 5765 scribi
1164 5682 1353 5738 dcbcat
1411 5679 1882 5751 ὑπερκαινυμένῃ,
1944 5677 2026 5732 vel

452 5761 652 5823 saltem
681 5761 1067 5833 ὑπερκειμένη.

2210 5675 2322 5754 (i7)
2349 5674 2598 5743 Corrigas
2623 5679 2779 5754 velim
2816 5680 3141 5747 ἀσπάζεται.
3164 5682 3246 5738 vel
3273 5699 3334 5739 ex
3368 5684 3687 5752 praecelenti

2136 5746 2358 5814 periodo
2390 5761 2635 5803 t'csumas
2663 5749 2825 5803 ἔστιν.
