3888 6186
169 226 268 292 201

1084 237 1184 295 AI)
1214 234 1805 295 AMPIIILOCIIIUM
1868 232 2217 305 QUEESTIO
2262 233 2503 305 XXVII.
3312 233 3417 295 202

172 343 314 397 κατά
340 344 432 396 τὸν
455 343 640 413 ὅμοιον
661 346 880 416 τρόπον.
909 346 1092 415 Φαμὲν
1122 347 1229 417 γὰρ
1288 346 1589 416 Σωκράτην
1634 345 1741 413 quia
1769 381 1780 404 λ

1897 344 2116 411 mnlque
2157 340 2466 396 referuntur
2496 341 2563 394 ad
2617 342 2731 404 illa,
2780 342 2905 395 licet
2951 358 3057 397 non
3098 346 3286 398 eadem
3334 364 3421 399 Ia-

174 453 277 503 σιν,
335 437 429 490 καὶ
477 433 635 503 εἶδος,
687 437 784 491 καὶ
840 442 1146 509 μορφὴν,εἰ
1198 440 1292 492 καὶ
1342 439 1417 511 μὴ
1447 440 1556 491 τῶν
1587 442 1645 490 ἐν
1674 442 1740 510 τῇ

174 528 432 599 προτάσει
477 527 677 599 μερῶν,
733 528 923 599 ὥσπερ
969 532 1026 583 ὲν
1083 533 1203 593 ταῖς
1254 533 1514 598 φυσικαῖς
1550 532 1744 601 ὁρᾶται

175 622 399 688 φωναῖς,
433 620 694 692 ἑκάτερον
713 620 994 691 ὁμολόγως
1024 621 1165 676 κατὰ
1210 622 1309 692 τὴν
1370 621 1740 692 ὀνομαστικὴν

176 712 480 785 προάγεται
515 713 730 783 κλῆσιν.

250 891 370 943 ’Ἔτι
386 891 441 943 δέ
475 907 656 960 φαμεν
684 890 774 944 τόν
802 907 860 943 τε
893 889 1199 960 ἄνθρωπον,
1234 891 1327 945 καὶ
1373 890 1430 943 τὸ
1459 889 1597 954 ζῶον
1652 889 1746 941 λο-

179 982 355 1051 γικὸν,
388 981 600 1051 θνητὸν,
632 982 835 1036 ταυτόν
860 998 876 1014 ο
909 982 1000 1035 ναὶ
1035 982 1132 1052 μὲν
1172 983 1267 1035 καὶ
1324 982 1384 1033 τὸ
1428 981 1750 1050 γελαστικὸν

182 1074 424 1146 ἑκατέρῳ
449 1092 463 1108 ·
487 1074 548 1127 οὐ
574 1075 700 1145 μὴν,
731 1074 831 1127 ὅσα
852 1074 978 1145 περὶ
1010 1073 1126 1137 ἑνὸς
1155 1072 1360 1126 τούτων
1385 1073 1624 1141 λέγεται,
1658 1073 1752 1125 καὶ⁸

182 1166 313 1236 περὶ
344 1165 450 1218 τῶν
479 1165 680 1217 λοιπῶν
712 1164 937 1218 δυνατόν
969 1167 1119 1217 ἑστιν
1157 1165 1354 1218 εἰπεῖν.
1380 1165 1464 1221 Τὸ
1493 1165 1590 1233 μὲν
1644 1164 1753 1235 γὰρ

184 1258 316 1309 ἰδιον
377 1255 687 1327 ἀνθρώπου,
740 1258 801 1309 τὸ
827 1257 884 1309 δὲ
908 1257 1052 1327 ὅρος,
1102 1256 1380 1327 οὐδέτερον
1412 1256 1467 1308 δὲ
1492 1255 1695 1308 τούτων
1727 1257 1754 1309 ὁ

181 1347 468 1415 ἄνθρωπος
520 1346 712 1417 ῥηθείη
772 1347 838 1400 ἂν
885 1347 1223 1418 ἀνθρώπουκ
1276 1347 1451 1400 καίτοι
1501 1350 1644 1402 κατὰ
1696 1348 1755 1400 τδ

187 1438 424 1508 μάλιστα
435 1438 629 1491 ταυτὸν
657 1436 755 1506 τὴν
771 1436 1076 1507 ταυτότητα
1101 1435 1536 1507 διεκληρώσαντο
1559 1437 1753 1492 ταῦτα.

185 1530 335 1601 Πλὴν
363 1530 455 1583 τὸν
519 1530 809 1600 εἰρημένον
849 1530 979 1600 περὶ
1024 1528 1120 1582 τοῦ
1175 1530 1489 1601 ἀνθρώπου,
1515 1531 1607 1583 καὶ
1656 1530 1757 1599 τῆς

186 1622 423 1691 φύσεως,
460 1620 667 1675 καὶτοῦ
712 1622 886 1685 εἴδους
912 1621 1071 1689 λόγον
1116 1622 1396 1676 κάνταῦθα
1426 1622 1613 1675 λαϐεῖν
1642 1622 1757 1675 ἑστι

1850 437 2013 489 tione.
2042 434 2279 489 Dicimus
2309 435 2453 487 enim
2480 434 2762 488 Socratem
2790 444 3060 499 naturam,
3082 446 3137 488 et
3156 438 3416 504 speciem.

1846 536 1900 591 et
1956 527 2210 589 formam,
2265 525 2478 582 etiamsi
2525 542 2631 579 non
2692 527 2953 581 alterutra
3032 529 3420 596 propositionis

1848 634 1994 688 pars,
2020 619 2479 687 quemadmodum
2508 618 2561 671 in
2586 618 2823 687 physicis
2852 619 3096 673 cernitur
3121 618 3420 682 vocabulis,

1848 710 2037 763 eodem
2088 718 2246 779 pacto
2299 711 2351 764 in
2404 711 2782 780 appellationis
2838 711 3157 766 conditione
3216 711 3421 779 produ-

1850 810 2027 857 catur.

1920 891 2185 947 Praeterea
2243 892 2477 949 dicimus
2522 894 2798 957 honm...m
2862 904 2916 949 et
2958 894 3166 949 animal
3216 893 3427 948 ratione

1851 985 2157 1054 praeditum,
2210 995 2263 1040 et
2300 988 2466 1041 morti
2516 987 2815 1041 obnoxium
2890 986 3036 1041 idem
3104 1001 3264 1051 esse,
3318 987 3428 1039 imo

1853 1077 2019 1130 etiam
2066 1078 2265 1131 risibile
2302 1086 2593 1148 utrumque
2619 1096 2649 1131 ~:
2686 1094 2803 1149 non,
2850 1090 3056 1142 tamen,
3091 1093 3432 1146 quaacunque

1853 1170 1920 1223 de
1968 1171 2223 1239 quopiam
2277 1170 2469 1224 horum
2507 1168 2792 1233 dicuntur,
2844 1170 2910 1225 de
2941 1169 3169 1239 reliquis
3215 1183 3432 1238 quoque

1854 1270 2082 1331 possunt
2112 1262 2415 1315 enuntiari.
2452 1260 2566 1317 lloc
2602 1260 2847 1330 Profecto
2881 1260 3118 1317 hominis
3150 1259 3429 1327 proprium

1856 1363 1958 1415 est,
1994 1352 2124 1407 illud
2160 1368 2289 1406 vero
2313 1352 2558 1415 delinitio
2593 1370 2606 1405 :
2646 1362 2900 1407 neutrum
2923 1357 3107 1406 tamen
3146 1352 3343 1403 horum
3380 1348 3441 1400 in.

1857 1442 2079 1497 homine
2110 1445 2273 1499 homo
2324 1444 2629 1513 nuncupari
2672 1444 2828 1509 licet;
2865 1444 2967 1499 etsi
2999 1444 3113 1496 haec
3142 1445 3258 1504 uni,
3291 1442 3433 1509 quod

1858 1534 2001 1589 idem
2042 1537 2266 1590 omnino
2319 1544 2423 1600 est,
2475 1535 2663 1590 eadem
2704 1536 2832 1589 sint.
2874 1533 3243 1603 Praeterquam
3291 1533 3435 1601 quod

1860 1641 2045 1681 sermo
2069 1626 2205 1695 ipse,
2233 1627 2323 1697 qui
2361 1627 2428 1681 de
2462 1627 2703 1691 homine,
2745 1637 2938 1685 natura
3012 1640 3077 1679 ac
3105 1624 3288 1694 specie
3353 1622 3435 1676 fa-

184 1715 281 1782 τὴν
307 1715 511 1769 τούτων
545 1716 725 1786 κρίσιν
753 1715 1169 1787 ἀναδεχόμενον.
1205 1716 1318 1768 Καὶ
1346 1714 1457 1785 γὰρ
1480 1717 1755 1785 ἀφαιρου-

1887 1727 1980 1773 .tus
2010 1729 2113 1783 est,
2147 1719 2234 1773 hic
2259 1734 2476 1787 quoque
2503 1719 2569 1773 ad
2612 1718 2883 1788 judicium
2904 1718 2973 1773 de
3001 1717 3122 1771 istis
3152 1714 3437 1772 ferendum

192 1808 369 1876 μένων
397 1807 494 1878 τῆς
522 1806 745 1877 λογικῆς
772 1808 966 1878 φωνῶν
996 1807 1198 1862 ταυτόν
1225 1808 1375 1860 ἐστιν
1404 1806 1638 1860 ἕκαστον
1664 1807 1761 1859 ἁλ-

193 1898 369 1970 λήλων
387 1899 496 1951 τῶν
524 1899 716 1970 τριῶν.

272 1990 437 2045 Ἀλλὰ
474 1991 568 2044 ἐπὶ
597 1990 697 2060 μὲν
721 1991 831 2045 τῶν
859 1991 1163 2062 εἰρημένων
1192 1990 1487 2045 αἰτιάσαιτ’
1510 1992 1576 2047 ἄν
1598 2008 1679 2054 τις
1703 1991 1765 2043 τὸ

196 2080 507 2149 ἓτερογενὲς
537 2080 649 2133 τῶν
687 2080 880 2149 φωνῶν
912 2080 1371 2152 μεταρῤυθμίζων
1398 2083 1477 2144 εἰς
1500 2080 1561 2133 τὸ
1601 2080 1765 2133 εΰπο-

196 2188 287 2243 ρον
315 2172 415 2247 τὴν
438 2171 689 2241 ἀπορίαν.
732 2172 855 2225 Ἐπὶ
876 2172 932 2225 δὲ
982 2172 1076 2225 τοῦ
1115 2172 1489 2244 ῥηθησομένου
1545 2174 1597 2225 τί
1646 2173 1767 2226 ποτ’

196 2263 258 2317 ἂν
308 2265 464 2335 ἐρεῖς
508 2263 566 2317 '0
618 2263 715 2334 μὲν
769 2264 879 2334 γὰρ
940 2263 1229 2333 ἄνθρωπος
1278 2265 1427 2318 ἐστὶν
1465 2265 1642 2331 οὐσία,
1674 2265 1770 2319 καὶ

198 2353 375 2417 ζῶον⁸
434 2354 629 2408 ταυτὸν
680 2353 738 2408 δὲ
789 2353 848 2407 ὃν
893 2354 971 2425 τῷ
1025 2354 1300 2427 ἀνθρώπῳ
1338 2354 1398 2407 τὸ
1424 2354 1767 2423 γελαστικὸν,

198 2449 338 2517 ὅπερ
391 2446 509 2498 ἐστὶ
565 2444 797 2515 φυσικοῦ
855 2448 1180 2515 πράγματος
1212 2446 1384 2517 φωνὴ,
1436 2446 1559 2499 οὔτε
1591 2448 1769 2512 οὐσία,

200 2537 323 2591 οὔτε
349 2537 488 2602 ζῶον
517 2538 583 2592 ἂν
614 2538 806 2608 ῥηθείη
835 2553 851 2568 ο
882 2539 1004 2591 ἐπεὶ
1033 2541 1060 2591 ό
1121 2538 1408 2610 ἄνθρωπος
1463 2538 1656 2592 πολλαὶ
1708 2539 1773 2593 ἂν

201 2630 395 2699 εἴησαν
423 2628 623 2693 οὐσίαι,
648 2630 742 2682 καὶ
771 2629 907 2694 ζῶα.
944 2629 1106 2682 Ὥστε
1136 2630 1235 2683 οὐκ
1286 2629 1345 2695 ἐξ
1374 2630 1621 2700 ἀνάγκης
1651 2631 1779 2683 ἒπε-

210 2740 290 2775 ιαι
310 2722 528 2793 θατέρῳ
554 2721 662 2775 τῶν
688 2722 1111 2793 συναπτομένων
1134 2724 1201 2793 τῇ
1234 2722 1523 2793 ταυτότητι
1554 2723 1655 2775 ὅσα
1682 2722 1779 2775 καὶ

202 2815 283 2886 τῷ
312 2817 488 2886 ἑτέρῳ
516 2816 845 2885 παρέπεται,
872 2815 906 2887 ἢ
934 2817 962 2868 ό
990 2815 1151 2884 λόγος
1174 2808 1329 2879 οὗτος
1358 2814 1645 2887 διορισμοῦ
1672 2816 1780 2868 δεῖ-

210 2926 316 2963 ται.
346 2909 411 2961 Εἰ
444 2907 544 2978 μὲν
566 2908 676 2979 γὰρ
693 2908 1012 2977 γελαστικὸν
1045 2907 1220 2972 λέγων
1242 2925 1326 2971 τις
1354 2907 1454 2978 τὴν
1501 2906 1596 2959 τοῦ
1652 2907 1781 2960 ἰδίου

1860 1810 2115 1879 usurpari
2142 1818 2341 1879 potest.
2376 1807 2513 1862 Nam
2546 1809 2686 1863 idem
2710 1818 2815 1866 est.
2853 1808 2901 1862 si
2922 1807 3128 1877 logieas
3157 1820 3319 1861 voces
3346 1820 3441 1863 ex.-

1862 1902 2055 1972 cipias,
2083 1904 2227 1972 quod
2255 1918 2285 1957 a
2310 1902 2543 1973 singulis
2567 1902 2654 1957 bis
2685 1902 2865 1956 tribus
2897 1901 3197 1961 indicatur.

1942 1996 2062 2050 Jam
2090 2011 2217 2051 vero
2262 1996 2315 2051 in
2360 1996 2465 2058 his,
2491 2010 2614 2064 quae
2651 1994 2792 2048 dicta
2845 2002 2993 2058 sunt,
3025 1992 3166 2049 dicet
3207 1989 3465 2044 fortasse-

1865 2091 2164 2164 quispiam,
2202 2097 2262 2140 ut
2310 2085 2363 2139 in
2405 2083 2710 2154 perspicuis
2754 2083 3009 2137 tenebras
3047 2079 3333 2143 obfundat,
3377 2093 3442 2131 ex

1867 2184 2081 2255 generis
2103 2180 2418 2236 diversitate
2460 2192 2682 2232 causam
2720 2174 3089 2230 distinctionis
3120 2186 3428 2239 erumpere.

1868 2277 1937 2329 At
1964 2276 2026 2327 ad
2055 2289 2141 2336 ea,
2166 2288 2288 2340 quae
2320 2269 2663 2339 adjiciemus,
2697 2266 2828 2336 quid
2861 2264 3128 2335 reponet?
3158 2262 3337 2316 llomo
3363 2262 3449 2313 ni-
3514 2266 3517 2267 '

1872 2368 2069 2423 mirum
2102 2362 2405 2420 substantia
2457 2370 2511 2415 et
2531 2359 2729 2412 animal
2746 2368 2871 2412 est:
2909 2355 3113 2412 interea
3148 2354 3276 2408 licet
3301 2349 3444 2407 idem

1874 2462 1964 2524 sit,
1990 2472 2152 2528 quam
2190 2458 2370 2524 homo,
2400 2450 2620 2515 risibile,
2653 2450 2797 2519 quod
2822 2448 3056 2519 physica:
3085 2445 3316 2501 actionis
3345 2454 3431 2499 est

1877 2564 2097 2611 nomen,
2125 2546 2175 2598 id
2206 2554 2385 2599 tamen
2442 2556 2616 2610 neque
2662 2538 2988 2603 substantia,
3037 2552 3214 2606 neque
3244 2535 3445 2590 animal

1878 2639 2062 2693 vocari
2115 2637 2319 2690 debet:
2373 2634 2503 2702 quia
2554 2631 2737 2685 multae
2786 2628 3127 2692 substantiae,
3178 2627 3455 2697 multaque

1880 2727 2131 2784 animalia
2167 2726 2329 2778 homo
2372 2730 2536 2778 esset.
2565 2721 2931 2787 Quamobrem
2983 2719 3217 2773 alterum
3253 2732 3455 2773 coeun-

1883 2821 2017 2873 tium
2049 2819 2100 2871 in
2128 2818 2268 2871 idem
2297 2828 2399 2867 n0n
2427 2812 2736 2867 necessario
2776 2819 3080 2879 sequuntur
3117 2825 3458 2879 quacunque

1883 2924 1937 2968 et
1963 2914 2191 2965 alterum
2221 2907 2576 2968 comitantur,
2598 2903 2681 2957 vel
2710 2912 2856 2958 certe
2881 2901 3163 2956 distinctio
3187 2902 3238 2954 in
3266 2899 3459 2969 hujus-

206 3003 421 3056 ἔννοιαν
442 3001 734 3072 ἐνδέχεται,
760 3001 860 3055 οὐκ
886 3002 952 3054 ἂν
972 3000 1097 3054 οὔτε
1123 2999 1281 3064 ζῶον,
1306 2999 1428 3053 οὔτε
1457 3000 1612 3053 οὐσία
1628 2999 1780 3053 τοῦτο

1887 3004 2031 3059 modi
2082 3014 2333 3055 sermone
2382 2997 2725 3059 adhibeatur,
2770 3001 3004 3064 oportet.
3039 2991 3095 3045 Si
3144 2992 3267 3062 quis
3314 2991 3458 3045 enim

206 3092 297 3163 εἴη
330 3106 347 3122 ⁸
378 3093 472 3145 εἰδ⁹
508 3092 640 3146 αὐτὸ
672 3093 732 3145 τὸ
765 3091 1125 3162 ὑποκείμενον
1149 3092 1236 3144 διὰ
1272 3090 1379 3143 τῶν
1405 3090 1600 3159 φωνῶν
1653 3090 1784 3144 τού-

206 3202 320 3238 των
354 3183 779 3256 παραδηλοῦσιν,
813 3184 911 3254 οὔχ
959 3184 1124 3255 ἕτερά
1152 3200 1295 3248 τινα,
1316 3183 1351 3237 ἃ
1387 3182 1461 3253 μὴ
1531 3181 1789 3252 ἀπαρχῆς

210 3280 463 3349 ὑπῆρχεν
493 3277 707 3348 ἐκείνῳ,
755 3277 979 3347 προσέτι
1030 3276 1371 3345 συνάγουσι·
1440 3276 1535 3329 καὶ
1588 3276 1788 3346 μᾶλλον

211 3374 281 3426 ἂν
313 3373 507 3442 ἐπεῖχε
536 3370 720 3442 χώραν
776 3371 912 3441 μήτε
941 3369 1158 3438 λογικὸν
1206 3369 1344 3434 ζῶον
1395 3368 1597 3437 λέγειν,
1653 3370 1790 3441 μήτε

215 3464 384 3533 σῶμα
408 3478 424 3494 θ
466 3463 600 3515 ἀλλὰ
637 3462 773 3531 μηδὲ
799 3461 989 3515 οὐσίαν
1016 3462 1283 3532 ὑπάρχειν
1326 3462 1418 3514 τὸν
1469 3460 1782 3534 ἄνθρωπον,

214 3557 303 3608 ἵνα
335 3554 413 3625 μὴ
439 3553 679 3608 τοιοῦτον
704 3554 904 3625 πλῆθος
929 3555 1068 3624 ληρη
1080 3540 1261 3624 μάτων
1298 3555 1594 3625 Σωκράτην
1625 3572 1795 3609 κατα-

215 3649 486 3718 λείψεται.
523 3647 667 3718 Πλὴν
694 3648 741 3723 εἰ
772 3648 865 3700 καὶ
891 3647 1013 3699 καθ’
1040 3648 1298 3717 ἑκάτερον
1336 3647 1498 3717 μέρος
1528 3647 1627 3717 τῆς
1651 3646 1791 3699 διαι-

219 3742 431 3812 ρέσεως
456 3742 647 3811 ὁρᾶται
680 3740 754 3810 μὴ
784 3739 863 3810 τῷ
889 3739 1059 3811 ἑτέρῳ
1100 3738 1462 3807 συνεπόμενα,
1494 3738 1530 3792 ἃ
1566 3738 1797 3792 συνόντα

216 3834 301 3903 τῷ
353 3834 528 3903 ἑτέρῳ
581 3832 929 3903 ἑγνωρίςετο,
982 3832 1133 3887 οὐδὲν
1161 3826 1325 3904 ἦττον
1358 3832 1387 3885 ό
1413 3832 1572 3900 λόγος
1597 3831 1790 3902 εὕρετο

222 3925 709 3995 σπουδαζόμενος’
762 3924 883 3981 οὐδὲ
936 3925 1044 3995 γὰρ
1072 3924 1124 3976 εἴ
1171 3942 1241 3995 με
1270 3922 1382 3993 (48)
1438 3924 1639 3986 πάντα.
1698 3923 1799 3976 ὅσα

220 4019 407 4073 ταῦτα
434 4016 746 4087 προῦκειτο,
766 4015 935 4079 δεῖξαι
962 4015 1059 4086 τὴν
1084 4015 1347 4087 διαφορὰν
1371 4014 1800 4085 ἑξοικειούμεναο

221 4108 344 4162 ἀλλ’
375 4109 537 4178 ἢρκει
562 4107 639 4175 τῷ
658 4106 801 4176 λόγῳ
824 4104 1193 4175 παραστῆσαι,
1228 4104 1281 4157 εἴ
1327 4119 1448 4155 τινα
1473 4102 1585 4173 (49)
1612 4102 1668 4154 ἑν
1692 4102 1807 4163 τοῖς

223 4199 498 4263 τοιούτοις
521 4199 829 4270 λεγομένων
856 4199 912 4251 ἑν
938 4199 1004 4267 τῇ
1029 4197 1166 4268 πρὸς
1191 4195 1395 4267 ἄλληλα
1420 4193 1680 4267 κοινωνίᾳ
1706 4193 1803 4247 καὶ

225 4296 330 4366 τὴν
361 4293 663 4365 ἑτερότητα
692 4291 1071 4357 διασώζουσιν.

307 4581 483 4633 ’Ὅσον
513 4577 557 4631 δ’
596 4577 660 4631 ἄν
687 4592 770 4638 τις
794 4591 913 4644 ερῃ,
945 4573 1019 4634 ὼς
1050 4571 1200 4625 οὐδὲν
1226 4570 1331 4623 τῶν
1352 4568 1816 4639 παραδειγμάτων

235 4675 319 4738 εἰς
352 4672 656 4742 ὁμοιότητα
680 4672 792 4729 τοῖς
824 4666 918 4720 ἀπ’
952 4664 1126 4735 ἀρχῆς
1161 4662 1527 4734 ἠπορημένοις
1562 4660 1819 4729 συνέρχε-

234 4784 355 4830 ται,
382 4765 509 4818 οὒτε
542 4763 669 4816 ἴδιον
698 4761 924 4831 θατέρου
950 4757 1196 4826 θάτερον,
1232 4753 1355 4809 οὕτε
1408 4754 1650 4823 ὁρισμὸς,
1680 4752 1817 4815 ἀλλ’,

238 4860 319 4921 ὡς
360 4858 430 4910 ἂν
460 4856 606 4908 εἷποι
639 4871 742 4917 τις,
774 4853 1012 4918 ὀνόματα
1051 4847 1142 4900 δύο
1173 4845 1301 4915 περὶ
1345 4843 1402 4896 ἓν
1459 4843 1820 4912 ὑποκείμενον

241 4947 725 5019 ἀναστρεφόμενα,
754 4944 827 5007 ὡς
861 4942 1083 5005 λώπιον,
1108 4936 1202 4991 καὶ
1248 4936 1483 5017 ἱμάτιον.
1531 4932 1658 4996 Πῶς
1708 4928 1824 4997 οὖν,

244 5039 444 5109 φασὶν,
471 5039 531 5090 ἑν
564 5037 676 5097 σοῖς
708 5030 1023 5103 προνομίοις
1048 5029 1108 5080 τὸ
1136 5026 1325 5096 ἕτερον
1347 5026 1461 5086 τοῖς
1482 5022 1686 5086 αὐτοῖς,
1706 5023 1827 5092 οὐχὶ

248 5132 351 5185 καὶ
380 5130 609 5199 θάτερον
639 5125 1099 5193 ὲπιγινώσκεταις
1130 5115 1264 5171 Οἶδα
1318 5115 1416 5185 μὲν
1462 5110 1555 5167 οὖν
1606 5116 1663 5167 ἐν
1710 5116 1829 5176 ταῖς

1888 3095 2090 3150 risibile
2135 3093 2322 3147 dicens
2359 3086 2709 3159 proprietatis
2742 3087 3021 3139 notionem
3067 3082 3461 3142 consideraret,

1890 3190 2005 3244 haec
2032 3199 2207 3256 neque
2239 3182 2442 3236 animal
2487 3187 2652 3242 esset,
2695 3191 2873 3246 neque
2920 3174 3275 3230 substantia:
3314 3175 3459 3241 quod

1891 3280 1936 3335 si
1969 3278 2060 3333 alii
2088 3278 2268 3345 ipsum
2300 3270 2609 3341 subjectum
2659 3283 2754 3338 per
2777 3268 2874 3321 bas
2912 3279 3075 3321 voces
3100 3264 3263 3317 velint
3299 3262 3467 3316 deno-

1894 3380 2027 3435 tare,
2059 3382 2165 3422 non
2215 3364 2321 3418 alia
2368 3360 2639 3431 quaadam,
2675 3374 2797 3429 quae
2840 3374 2872 3412 a
2921 3355 3193 3435 principio
3238 3354 3315 3408 illi
3360 3368 3469 3407 non

1894 3462 2128 3520 inerant,
2156 3455 2529 3528 superaddunt
2558 3471 2571 3507 :
2606 3459 2769 3520 atque
2802 3448 2855 3502 id
2881 3449 3066 3519 potius
3088 3445 3301 3515 copiam
3347 3444 3470 3498 adi-

1896 3551 1995 3604 mit
2037 3547 2252 3603 dicendi
2279 3544 2555 3599 hominem
2590 3539 2791 3595 animal
2817 3554 2939 3593 esse
2965 3536 3250 3599 rationale,
3270 3549 3473 3604 corpus

1898 3641 2009 3693 imo
2039 3650 2091 3693 et
2134 3635 2519 3698 substantiam,
2555 3648 2622 3687 ne
2666 3641 2815 3686 tanta
2859 3630 3122 3685 tricarum
3179 3628 3471 3682 multitudo

1898 3732 2139 3788 Socratis
2166 3731 2344 3784 ideam
2396 3728 2662 3783 destruat.
2700 3723 2909 3793 Itaque,
2945 3720 3160 3776 tametsi
3212 3721 3267 3775 in
3307 3720 3474 3774 alter-

1901 3838 2023 3882 utra
2051 3823 2338 3879 divisionis
2379 3798 2530 3891 parte
2564 3800 2909 3887 quaecunque
2954 3814 3147 3868 adesse
3164 3811 3471 3880 deprehen-

1902 3916 2104 3970 duntur
2136 3914 2189 3967 in
2223 3913 2415 3972 altero,
2441 3910 2507 3963 ad
2538 3908 2771 3961 alterum
2798 3904 3073 3960 conﬂuere
3093 3918 3199 3956 non
3231 3901 3479 3956 animad-

1902 4015 2203 4073 vertuntur,
2236 4018 2418 4059 sermo
2457 4012 2635 4055 tamen
2693 4014 2800 4053 non
2846 3998 3029 4053 minus
3056 4005 3349 4049 accuratus
3391 3994 3478 4048 in-

1906 4096 2167 4151 venitur:
2218 4109 2319 4147 nec
2356 4092 2501 4145 enim
2540 4106 2680 4160 opus
2720 4097 2859 4149 erat,
2906 4095 2965 4140 ut
3004 4086 3209 4150 omnia,
3258 4100 3379 4153 quae
3409 4083 3479 4137 ita

1851 4249 1859 4257 ,
1908 4203 1968 4243 se
1994 4185 2286 4249 habebant,
2313 4197 2498 4237 secum
2530 4180 2762 4234 invicem
2798 4177 3093 4232 convenire
3127 4174 3482 4230 ostenderen-

1908 4295 2000 4336 tur
2034 4292 2281 4334 :-verum
2320 4275 2455 4329 satis
2492 4281 2631 4338 erat,
2687 4280 2746 4325 ut
2791 4284 2977 4324 sermo
3025 4269 3295 4338 proderet,
3339 4268 3483 4335 quod

1843 4383 1888 4439 1)
1917 4375 2094 4442 aliqua
2130 4384 2342 4432 eorum,
2364 4382 2482 4436 quae
2507 4363 2879 4434 proferuntur,
2905 4361 2958 4414 in
2986 4362 3098 4429 ipsa
3124 4368 3311 4412 mutua
3334 4376 3486 4412 com-

1921 4466 2181 4522 munione
2211 4462 2579 4518 diversitatem
2611 4472 2833 4527 quoque
2862 4462 3157 4510 retmeant.

1992 4554 2154 4625 Atqui
2181 4555 2234 4608 id
2272 4562 2480 4606 tantum
2520 4558 2745 4619 reponat
2772 4548 3069 4619 quispiam,
3099 4558 3244 4613 quon
3285 4543 3487 4594 nullum

1924 4665 1990 4704 ex
2050 4644 2299 4702 adductis
2345 4642 2609 4710 exemplis
2653 4657 2778 4695 cum
2850 4638 3129 4708 proposita
3190 4633 3493 4706 quarstione

1928 4741 2123 4795 habeat
2164 4735 2370 4806 aliquid
2415 4748 2745 4797 commune;
2805 4729 3005 4798 quippe
3051 4728 3102 4779 in
3158 4742 3221 4781 ea
3264 4725 3491 4779 alterum

1927 4831 2151 4886 verbum
2191 4843 2299 4882 non
2343 4836 2425 4880 est
2456 4823 2692 4889 ;alterius
2729 4819 3051 4891 proprietas,
3097 4817 3180 4871 vel
3227 4814 3491 4877 deﬁnitio,

1925 4922 2017 4978 sed
2043 4921 2149 4976 dici
2174 4927 2403 4990 possunt
2441 4916 2551 4970 duo
2578 4912 2822 4976 nomina,
2846 4926 2967 4980 qua:
2996 4911 3145 4964 circa
3173 4922 3343 4963 unum
3364 4904 3494 4961 sub-

1924 5016 2130 5085 jectum
2174 5018 2481 5072 versantur,
2534 5005 2696 5060 veluti
2774 5002 2947 5057 vestis
3000 5011 3054 5056 et
3100 5000 3497 5056 indumentum.

1929 5098 2215 5175 Quomodo
2266 5102 2469 5171 itaque.
2547 5097 2822 5167 inquiunt,
2893 5095 2981 5149 bis
3036 5094 3089 5148 in
3151 5101 3500 5149 antecessum

252 5181 596 5293 γυμνασίαις
618 5181 776 5286 λόγον
802 5181 1094 5285 εἰρημένον
1123 5181 1363 5263 τοιοῦτον
1390 5224 1406 5238 ο
1444 5205 1519 5269 ὼς
1547 5208 1575 5258 ό
1608 5204 1705 5275 μὲν
1737 5206 1780 5258 ἅ·

1932 5197 2243 5254 constitutis
2287 5196 2543 5253 alterum,
2587 5200 2639 5244 et
2676 5205 2782 5242 non
2829 5188 3058 5242 alterum
3120 5186 3252 5257 ipsis
3303 5181 3504 5238 divinis

254 5280 507 5389 θρέοπος,
539 5280 633 5368 καὶ
663 5280 704 5382 ἡ.
727 5310 820 5364 avo
832 5280 1079 5380 ρωπότης
1098 5302 1158 5357 τὸ
1181 5299 1312 5355 αὐτὸ
1353 5298 1452 5371 μὲν
1476 5296 1780 5366 ὑποκείμεν

1946 5291 2192 5361 persentis
2219 5287 2480 5343 tributum
2514 5282 2828 5338 invenitur?
2849 5280 2985 5336 Novi
3016 5280 3277 5335 nimirum
3302 5280 3355 5332 in
3381 5288 3507 5329 sco’

1778 5427 2009 5484 NOTAE.

340 5602 460 5741 at

345 5654 460 5742 Ulli
496 5654 572 5725 lita
597 5668 823 5724 omnino
854 5680 953 5737 pro
974 5681 1025 5716 τι
1063 5654 1409 5717 scribendum
1442 5662 1685 5706 autumo.

501 5602 608 5656 Pro
641 5598 855 5651 duabus
893 5593 1012 5648 istis
1043 5587 1251 5644 voculis
1285 5582 1347 5656 τδ
1375 5580 1565 5651 ἐχρῆν,
1599 5582 1650 5630 ni
1679 5573 1859 5638 fallor,
1899 5569 2271 5642 reponendum
2303 5576 2468 5624 esset.
