3888 6186
413 286 519 354 203

1562 296 1827 357 PHOTII
1866 298 2370 358 PATRIARCH/E
2403 298 2515 358 ΟΡ.

3559 288 3663 354 204

415 406 627 462 lasticts
658 405 1143 462 exercitationibus
1176 408 1281 464 hoc
1315 410 1422 464 dici
1450 411 1692 480 solitum,
1716 414 1860 483 quod
1880 414 1981 469 sci-

2094 415 2368 488 δηλοῦσιν,
2422 415 2519 484 οὐχ
2550 411 2811 474 ὡσαύτως
2843 411 2899 465 δὲ
2945 411 3467 482 παραλαμϐάνονται
3498 428 3512 441 ·
3575 418 3667 463 και

412 501 543 555 licet
571 500 754 563 homo,
786 508 840 553 ct
868 498 1181 556 humanitas
1211 502 1351 557 idem
1384 503 1626 559 i'udicent
1652 505 1981 573 subiectum;

412 591 506 645 sed
544 605 651 643 non
694 589 887 644 eodem
927 602 1089 660 pacto
1127 592 1497 661 accipiantur;
1543 592 1708 663 idque
1751 594 1987 651 fortasse

410 694 469 735 tu
513 681 713 750 pariter
753 682 1095 735 memineris.
1148 681 1291 736 Sane
1346 699 1469 737 cum
1526 684 1801 739 hominem
1846 685 1986 739 dici-

412 790 557 837 inus,
591 784 838 828 naturam
888 774 1168 829 individuo
1210 775 1563 830 inltmrentem
1597 777 1982 847 intelligimus;

411 883 535 919 eum
564 882 693 921 vero
718 866 1131 929 humanitatem,
1161 868 1333 936 ipsam
1367 869 1585 938 quidem
1618 869 1855 925 hominis
1886 885 1987 924 na-

413 966 615 1023 turam,
658 957 754 1013 sed
811 973 920 1012 non
969 957 1345 1024 inhaerentem,
1390 969 1446 1013 at
1484 961 1701 1030 qualem
1755 977 1911 1016 mens
1956 975 1986 1014 a

414 1052 641 1104 materie
663 1050 994 1104 abstractam
1029 1050 1327 1105 secundum
1360 1066 1419 1105 se
1449 1052 1781 1107 considerat.
1806 1051 1987 1119 Quare

412 1143 554 1197 idem
582 1152 711 1198 sunt
744 1143 909 1197 homo
968 1151 1023 1197 et
1052 1142 1389 1207 humanitas,
1420 1144 1514 1198 sed
1545 1145 1763 1197 modum
1809 1144 1982 1215 signi-

415 1234 609 1289 ﬁcandi
631 1235 908 1288 diversum
942 1232 1185 1287 habent:
1213 1248 1277 1288 ac
1296 1242 1583 1303 propterea
1617 1249 1841 1289 necesse
1876 1251 1985 1290 non

412 1338 518 1393 est,
559 1338 619 1383 ut
672 1329 726 1381 in
773 1328 1195 1397 quiltuscuuque
1242 1327 1473 1381 alterunt
1509 1326 1985 1395 animadvertitur,

414 1419 470 1471 in
508 1419 640 1488 ipsis
666 1419 1038 1488 conspiciatur
1081 1428 1134 1473 et
1154 1420 1407 1474 alterum.
1434 1418 1625 1474 Modus
1653 1420 1797 1475 enim
1820 1420 1989 1491 signi-

412 1510 611 1565 ﬁcandi
635 1511 689 1565 in
718 1512 917 1581 quibus
945 1511 1176 1566 invicem
1208 1520 1450 1565 mutatus
1479 1520 1583 1577 est,
1625 1512 1678 1567 in
1708 1512 1775 1567 iis
1805 1522 1988 1567 muta-

412 1613 527 1655 tum
560 1616 778 1671 quoque
819 1601 1071 1673 loquendi
1107 1617 1267 1656 usum
1308 1602 1533 1657 reddere
1567 1603 1745 1657 debet.
1776 1602 1988 1658 Idcirco

410 1703 465 1747 et
514 1694 796 1749 Socratem
844 1703 990 1749 recte
1028 1694 1303 1748 hominem
1362 1695 1731 1765 appellamus,
1775 1702 1832 1750 at
1876 1712 1985 1750 non

2091 508 2155 562 σὺ
2179 507 2222 560 δ’
2254 507 2321 560 ἂν
2358 506 2486 569 ἴσως
2516 502 2942 577 ἀναμνησθείης.
3034 503 3227 557 Ἠνίκα
3284 504 3383 574 μὲν
3415 503 3527 574 γὰρ
3572 504 3669 557 ἄν-

2088 595 2305 668 θρωπόν
2335 613 2536 666 φαμεν,
2584 593 2682 665 τὴν
2719 594 3267 665 ὲγκατατεταγμένην
3324 596 3392 664 τῇ
3428 593 3672 647 ὑποστά-

2090 704 2171 740 σει
2231 687 2393 756 φύσιν
2447 685 2774 757 λογιζόμεθα
2802 704 2816 720 ·
2845 686 3008 759 ηνίκα
3051 686 3517 757 δ’ἀνθρωπότητα
3569 687 3668 755 τὴν

2088 778 2257 848 αὐτὴν
2287 777 2386 848 μὲν
2409 775 2697 848 ἀνθρώπου
2732 776 2914 847 φύσιν,
2945 777 3007 830 οὐ
3039 777 3138 847 τὴν
3164 775 3655 846 ἐγκατατεταγμέ-

2087 888 2186 942 νην
2222 870 2298 935 δὲ,
2322 870 2437 925 ἀλλ’
2455 870 2520 940 ἢν
2545 873 2572 924 6
2596 870 2718 935 νοῦς
2751 870 2983 943 ἐξαιρῶν
3008 872 3107 941 τῆς
3126 870 3258 942 ὕλης
3307 870 3431 924 καθ’
3466 870 3668 941 ἑαυτὴν

2087 962 2554 1034 πολυπραγμονεῖ.
2585 964 2747 1016 Ὥστε
2777 964 2972 1017 ταυτόν
3010 965 3155 1016 ἐστιν
3179 965 3207 1016 6
3229 963 3543 1033 ἄνθρωπος,
3574 964 3670 1015 καὶ

2087 1055 2122 1125 ή
2146 1054 2524 1125 ἀνθρωπότης,
2555 1055 2649 1108 καὶ
2677 1054 2877 1124 τρόπον
2934 1054 3123 1125 ἕτερον
3170 1052 3623 1125 παραλλάττοντα
3651 1070 3666 1085 ο

2086 1145 2168 1199 διὸ
2195 1146 2296 1199 ούκ
2330 1147 2651 1213 ἀναγκαῖον,
2677 1147 2823 1209 ὅσοις
2847 1145 3199 1217 ἐνθεωρείται
3224 1146 3285 1198 τὸ
3321 1146 3534 1216 ἕτερον,
3556 1147 3670 1208 τοῖς

2089 1239 2276 1302 αὐτοῖς
2322 1239 2554 1310 ὁρᾶσθαι
2578 1241 2674 1293 καὶ
2702 1238 2950 1308 θάτερον.
2977 1233 3073 1300 Οἷς
3097 1238 3207 1310 γὰρ
3234 1237 3481 1309 ἀλλήλων
3522 1254 3672 1306 παρ-

2088 1330 2374 1400 ήλλακται,
2434 1330 2899 1403 παρηλλαγμένην
2931 1330 3150 1394 πάντως
3196 1331 3288 1384 καὶ
3325 1330 3425 1402 τὴν
3476 1328 3670 1399 χρείαν

2088 1424 2412 1494 παράσχοιτ’
2438 1423 2523 1478 ἄν.
2558 1423 2649 1477 Διὸ
2676 1424 2771 1478 καὶ
2795 1424 3081 1495 ἄνθρωπον
3106 1422 3207 1494 μὲν
3260 1422 3495 1491 εύλόγως
3558 1440 3670 1491 (pa-

2091 1516 2192 1587 μὲν
2219 1517 2311 1570 τὸν
2341 1517 2659 1588 Σωκράτην,
2687 1517 3082 1588 ἀνθρωπότητα
3097 1516 3153 1569 δὲ
3177 1517 3277 1570 ούκ
3310 1516 3527 1570 ἔτι.Ἐν
3554 1515 3673 1584 γὰρ

2088 1608 2167 1681 τῷ
2200 1609 2631 1681 παραλλάττοντι
2663 1613 2762 1681 τῆς
2798 1611 3132 1682 κατηγορίας
3174 1609 3320 1680 ἔχειν
3356 1608 3541 1679 μέντοι
3564 1608 3670 1678 τὴν

2091 1701 2488 1774 ἀνθρωπότητα
2542 1702 2634 1755 τὸν
2666 1703 2963 1774 Σωκράτην
3028 1701 3260 1773 ἐροῦμεν
3291 1716 3308 1731 ο
3352 1702 3448 1755 καὶ
3499 1717 3667 1771 περι-

410 1792 670 1849 υπειετειι
712 1784 1129 1839 humanitatem.
1164 1782 1380 1838 Etenim
1422 1790 1781 1854 permutando
1810 1802 1981 1841 enun-

2094 1794 2307 1864 ἔχεσθαι
2340 1795 2401 1848 τὸ
2429 1785 2550 1849 καθ’
2601 1795 2830 1848 ἕκαστον
2856 1795 2949 1849 ὑπ’
2984 1796 3175 1866 αὐτῆς,
3201 1794 3388 1862 ὥσπερ
3416 1793 3520 1847 ὑπὸ
3565 1792 3671 1846 τοῦ

408 1876 654 1932 tiatiouis
685 1875 975 1933 formulam
1010 1878 1292 1933 Socratem
1329 1878 1498 1949 probe
1517 1878 1751 1934 dicimus
1781 1880 1983 1938 habere

412 1970 825 2037 humanitatem,
863 1986 928 2026 ac
976 1971 1046 2025 ab
1096 1972 1213 2041 ipsa
1254 1987 1341 2026 res
1364 1973 1429 2026 ad
1473 1972 1752 2027 individua
1808 1973 1980 2043 perti-

409 2070 621 2129 nentes,
669 2063 747 2117 uti
794 2071 848 2117 et
882 2064 952 2118 ab
982 2062 1205 2119 homine
1245 2063 1548 2130 contineri;
1598 2064 1872 2134 siquidem
1924 2064 1978 2118 in

408 2151 723 2220 huiusmodi
754 2153 1003 2224 loquendi
1027 2154 1202 2209 modis
1232 2155 1473 2223 ipsarum
1516 2170 1699 2209 rerum
1729 2155 1982 2210 identitas

407 2244 615 2297 servari
657 2244 891 2299 videtur.
917 2244 1030 2300 Etsi
1054 2245 1237 2314 itaque
1262 2260 1367 2298 non
1392 2245 1692 2300 secundum
1726 2247 1977 2309 eumdem

406 2335 653 2401 modum,
684 2336 738 2391 in
770 2338 971 2408 quibus
1006 2337 1170 2390 homo
1200 2337 1423 2402 dicitur,
1466 2338 1519 2390 iu
1550 2337 1685 2407 ipsis
1719 2347 1897 2407 potest
1926 2351 1981 2394 et

406 2424 724 2483 humanitas
747 2429 991 2498 apposite
1027 2429 1169 2496 dici;
1207 2429 1331 2498 jure
1362 2440 1543 2484 tamen
1587 2430 1856 2500 quispiam
1891 2431 1979 2485 di-

2087 1885 2378 1953 ἀνθρὼπου
2408 1903 2422 1917 ο
2457 1887 2516 1939 ὲν
2544 1889 2657 1949 τοῖς
2680 1885 2943 1949 τοιούτοις
2969 1887 3078 1957 γάρ
3132 1886 3313 1939 αὐτῶν
3346 1886 3520 1938 ἐδόκει
3567 1885 3671 1937 καὶ

2088 1976 2423 2046 ὴταυτότης.
2469 1978 2632 2030 Ὥστε
2659 1979 2707 2030 εἰ
2739 1978 2832 2031 καὶ
2863 1978 2938 2049 μὴ
2968 1977 3060 2030 τὸν
3109 1976 3272 2030 αὐτὸν
3310 1978 3532 2047 τρόπον,
3573 1974 3669 2043 ἐφ’

2086 2059 2161 2119 ὧν
2187 2068 2213 2120 6
2243 2066 2530 2138 ἄνθρωπος
2555 2068 2789 2137 λέγεται.
2818 2068 2905 2121 ἐπ’
2928 2067 3110 2121 αὐτῶν
3142 2067 3404 2138 ἁρμόζειν
3436 2065 3671 2119 δύναται

2088 2160 2182 2213 xai
2208 2162 2241 2229 ἡ
2273 2160 2652 2231 ἀνθρωπότης.
2695 2162 2856 2217 Ἀλλά
2913 2163 3269 2233 περιεκτικην
3296 2178 3355 2213 τε
3388 2154 3671 2213 εἶναιτῶν

2084 2252 2303 2323 ἀτόμων
2334 2253 2594 2325 καθαρῶς
2622 2254 2687 2309 ἄν
2713 2272 2799 2319 τις
2835 2254 2936 2325 τὴν
2966 2254 3365 2325 ἀνθρωπότητα
3396 2251 3554 2321 φαίη,
3570 2252 3669 2304 καὶ

2084 2343 2229 2414 ἔχειν
2257 2345 2458 2418 ταύτην
2486 2347 2577 2401 τὸν
2606 2349 2924 2419 Σωκράτην,
2970 2348 3066 2401 καὶ
3120 2346 3444 2418 θεωρεῖσθαι
3490 2343 3671 2413 αὐτὴν

2085 2434 2150 2488 ὲκ
2180 2436 2290 2492 τῶν
2320 2438 2562 2509 ἀτόμων.

403 2527 488 2572 cct
513 2518 656 2588 quod
687 2529 741 2575 et
763 2520 1039 2576 individua
1079 2522 1353 2577 contineat
1373 2521 1707 2589 humanitas,
1753 2532 1806 2577 et
1852 2524 2248 2595 complectatur
2284 2530 2398 2587 hanc
2441 2530 2742 2601 Socratem,
2780 2543 2944 2605 atque
2980 2533 3098 2605 ipsa
3136 2550 3201 2588 ex
3234 2532 3531 2587 individuis
3562 2532 3669 2585 ab-

402 2623 600 2669 stracta
627 2615 809 2673 fuerit.

475 2710 645 2765 Porro
677 2711 815 2765 ratio
862 2710 1121 2781 loquendi
1169 2710 1237 2765 de
1272 2710 1616 2766 naturalibus
1654 2710 1720 2765 ad
1764 2711 1983 2767 solven-

401 2804 527 2857 dam
577 2803 646 2858 de
685 2803 850 2859 rebus
886 2813 1138 2858 naturam
1178 2803 1567 2859 excedentibus
1620 2804 1978 2874 quaestionem

401 2906 705 2966 opportuna
732 2905 839 2950 est.
878 2894 985 2950 Sed
1012 2912 1134 2965 qua:
1167 2895 1430 2950 hactenus
1459 2895 1869 2950 cuucleavimus
1892 2897 1983 2964 ju-

402 3003 603 3042 venum
636 3003 778 3053 esse,
811 2987 905 3057 qui
936 2987 990 3041 in
1018 2987 1317 3043 dialecticis
1351 2987 1620 3058 palaestris
1655 2987 1835 3041 adhuc
1866 2986 1981 3039 for-

402 3094 549 3137 tasse
591 3091 843 3146 currunt,
883 3081 1127 3136 nondum
1178 3090 1361 3135 autem
1409 3080 1475 3133 ad
1518 3079 1794 3143 bravium,
1834 3079 1979 3148 quod

403 3174 650 3229 veritatis
686 3173 893 3242 agnitio
946 3173 1135 3236 donat,
1182 3178 1569 3241 pervenerunt,
1615 3170 1982 3226 existimanda

404 3273 549 3319 sunt.
597 3263 882 3330 Quomodo
921 3265 1067 3318 enim
1106 3264 1422 3318 humanitas
1474 3273 1528 3317 et
1574 3263 1644 3317 ab
1688 3262 1983 3318 individuis

406 3353 845 3419 abstrahitur,ct
890 3354 959 3409 ab
1001 3354 1136 3425 ipsis
1177 3354 1443 3409 habetur?
1484 3353 1771 3420 Quomodo
1798 3365 1980 3410 autem

408 3444 686 3499 individua
719 3446 983 3513 continet,
1011 3444 1140 3499 dum
1172 3461 1280 3500 non
1310 3455 1492 3516 potest
1520 3446 1774 3501 omnibus
1798 3447 1983 3501 modis

405 3538 472 3591 de
498 3537 633 3607 ipsis
658 3536 977 3592 enuntiari?
1006 3535 1220 3591 Habere
1245 3536 1508 3606 profecto,
1527 3546 1581 3590 et
1603 3550 1742 3603 esse,
1766 3535 1982 3591 etiamsi

407 3631 558 3686 brevi
597 3632 899 3685 litterarum
937 3630 1200 3686 varietate
1236 3631 1462 3695 distent,
1512 3646 1761 3703 magnam
1798 3640 1979 3685 tamen

404 3739 586 3777 rerum
609 3725 978 3779 diversitatem
1016 3725 1331 3791 important.

477 3816 714 3871 Facilius
747 3826 926 3870 autem
968 3816 1107 3869 foret
1149 3816 1422 3883 obiectum
1462 3816 1530 3870 ab
1565 3815 1846 3871 identitate
1886 3814 1983 3869 de-

404 3919 681 3978 sumptqu
707 3909 934 3963 diluere:
953 3907 1642 3978 quandoquidetu,etiamsi
1664 3908 1857 3961 demus
1882 3907 1969 3961 ho-

406 4002 607 4054 minem
650 4014 705 4055 et
739 4001 1131 4054 humanitatem
1169 4000 1309 4053 idem
1348 4016 1490 4064 esse,
1535 4000 1851 4054 necessario
1901 4008 1983 4052 la-

407 4108 529 4146 men
562 4109 669 4147 non
708 4093 975 4161 sequitur,
1018 4101 1076 4146 ut
1116 4093 1286 4146 altero
1327 4092 1621 4163 pra-dicato
1657 4091 1983 4161 praedicetur

404 4193 457 4235 et
482 4186 735 4236 alterum.
764 4181 1020 4237 Socrates
1036 4182 1179 4236 enim
1207 4181 1347 4235 idem
1367 4193 1452 4236 est
1497 4197 1562 4236 ac
1593 4181 1794 4246 homo;
1820 4181 1981 4234 modo

405 4275 636 4328 alterunt
691 4276 753 4329 de
780 4275 950 4328 altero
990 4290 1098 4327 nou
1151 4275 1467 4328 enuntietur
1497 4292 1510 4327 :
1546 4274 1747 4343 quippe
1780 4273 1846 4327 de
1878 4273 1982 4327 So-

405 4376 556 4419 et'.:te
588 4366 755 4436 probe
788 4367 1116 4436 praedicatur
1139 4365 1321 4429 homo,
1355 4366 1448 4419 sed
1476 4381 1584 4418 tton
1618 4364 1747 4418 item
1780 4364 1980 4418 Socra-

2169 2716 2227 2771 Ὀ
2254 2716 2311 2770 δὲ
2340 2716 2434 2770 ἐπὶ
2500 2716 2600 2787 τῆς
2663 2713 2878 2785 φύσεως
2927 2713 3084 2783 λόγος
3115 2712 3335 2784 ἕτοιμός
3394 2712 3511 2765 ἐστι
3568 2695 3672 2767 καὶ

2085 2810 2215 2879 περὶ
2273 2808 2382 2862 τῶν
2447 2806 2739 2879 ὑπερφυῶν
2786 2805 2887 2878 τὴν
2924 2804 3337 2876 ἀμφισϐήτησιν
3402 2802 3671 2857 διαλύειν.

2095 2900 2259 2955 Ἀλλά
2285 2900 2355 2955 τὰ
2386 2901 2487 2971 μὲν
2515 2899 2800 2971 προσεχῶς
2826 2897 3119 2969 εἰρημένα,
3152 2895 3501 2966 σκιρτῶντων
3531 2896 3671 2954 ἴσως

2082 2995 2164 3047 ἔτι
2199 2992 2336 3064 μετὰ
2366 2992 2466 3055 τὰς
2492 2990 2842 3053 διαλεκτικὰς
2889 2988 3253 3059 παλαίστρας.
3282 2987 3434 3040 οῠπω
3457 2986 3513 3039 δὲ
3554 2985 3673 3039 τῶν

2084 3086 2165 3149 εἰς
2223 3083 2285 3137 τὸ
2338 3082 2591 3155 βραϐεῖον
2640 3081 2979 3152 ἀφιγμένων,
3012 3079 3041 3133 6
3073 3077 3355 3149 χαρίζεται
3398 3077 3498 3146 τῆς
3530 3077 3671 3147 ἀλη-

2093 3176 2241 3239 Οείας
2270 3177 2304 3246 ἡ
2338 3174 2666 3244 κατάληψις,
2695 3172 2992 3241 νομιστέον.
3057 3172 3184 3234 Πῶς
3216 3170 3326 3240 γάρ
3374 3170 3407 3241 ἡ
3455 3170 3673 3239 ἀνθρω-

2090 3270 2263 3341 πότης
2317 3270 2409 3322 καὶ
2450 3267 2711 3339 ἐξῄρηται
2756 3267 2866 3320 τῶν
2922 3266 3163 3336 ἀτόμων,
3216 3265 3312 3317 καὶ
3345 3264 3438 3317 ὑπ’
3484 3262 3671 3317 αὐτῶν

2090 3361 2306 3432 ἐχεται;
2340 3358 2462 3423 Πῶς
2491 3359 2547 3412 δὲ
2583 3358 2829 3429 περιέχει
2869 3356 3065 3422 ταῦτα,
3113 3355 3238 3426 μηδ’
3299 3354 3436 3418 ὅλως
3484 3353 3671 3407 αὐτῶν

2090 3453 2587 3524 κατηγορουμένη;
2643 3451 2715 3504 Τὸ
2748 3450 2855 3521 γὰρ
2896 3449 3061 3520 ἔχειν,
3096 3449 3190 3501 καὶ⁸
3236 3447 3299 3501 τὸ
3339 3444 3500 3507 εἶναι,
3558 3447 3669 3499 κᾶν

2089 3544 2434 3617 γραμμάτων
2463 3543 2730 3613 ὲναλλαγῇ
2790 3542 3017 3613 βραχείᾳ
3068 3541 3359 3605 διίσταται,
3421 3538 3669 3609 μεγάλην

2091 3636 2439 3709 πραγμάτων
2471 3635 2808 3705 ἀπαγγέλλει
2842 3633 3161 3705 ἑτερότητα.

2163 3818 2275 3889 Τὴν
2300 3818 2344 3871 δ’
2379 3816 2488 3870 ἀπὸ
2524 3819 2624 3885 τῆς
2661 3814 2989 3885 ταυτότητος
3032 3811 3381 3882 καταδρομὴν
3444 3809 3670 3880 εὐχερέο

2094 3921 2283 3975 στερον
2307 3904 2650 3957 ἀναστέλλειν
2685 3903 2750 3955 ἂν
2779 3903 2865 3971 εἴη
2893 3918 2907 3932 ο
2949 3902 3047 3972 ούχ
3076 3901 3151 3965 ὡς
3172 3901 3384 3970 ἀνάγκη
3422 3901 3534 3968 (50)
3557 3916 3664 3961 τις,

2090 3995 2247 4063 εἴπερ
2275 3994 2369 4048 καὶ
2402 3993 2521 4062 δοίη
2554 3993 2749 4045 ταυτὸν
2780 3990 3053 4062 ἀνθρώπῳ
3097 3990 3195 4062 τὴν
3244 3989 3664 4060 ἀνθρωπότητα,

2090 4086 2569 4159 κατηγορουμένου
2596 4085 2689 4138 τοῦ
2716 4086 2904 4155 ἑτέρου
2949 4085 3045 4139 καὶ
3072 4084 3133 4138 τὸ
3180 4084 3363 4153 ἕτερον
3419 4100 3665 4152 κατηγο·-

2091 4178 2318 4250 ρεῖσθαι.
2360 4178 2571 4231 Ταυτὸν
2597 4177 2704 4249 γάρ
2730 4177 2758 4229 6
2810 4176 3106 4246 Σωκράτης
3133 4174 3212 4245 τῷ
3264 4175 3558 4245 ἀνθρώπῳ,
3590 4174 3668 4226 εἶ’-

2090 4287 2195 4341 περ
2220 4271 2318 4340 ούχ
2348 4270 2537 4340 ἕτερον
2564 4268 2752 4340 ἑτέρου
2782 4271 3193 4336 κατηγορεῖται.
3240 4266 3399 4322 Ἀλλά
3427 4267 3538 4336 γάρ
3565 4264 3662 4316 τοῦ

2090 4363 2413 4432 Σωκράτους
2452 4362 2552 4433 μὲν
2582 4362 2970 4430 κατηγορεῖται
3006 4359 3166 4429 δῆλον
3193 4360 3221 4411 6
3241 4356 3670 4429 ἄνθρωπος-,οὐκ

407 4469 489 4513 tes
520 4458 959 4527 praedicationem
992 4456 1198 4510 homini
1232 4455 1445 4509 reddit:
1482 4454 1726 4525 profecto
1755 4455 1978 4521 dicitur,

2094 4454 2170 4507 ἔτι
2197 4453 2252 4507 δὲ
2279 4456 2307 4507 6
2348 4454 2646 4524 Σωκράτης
2706 4452 3101 4506 ἀνταποδίδωσι
3135 4451 3210 4521 τῷ
3242 4450 3521 4520 ἀνθρώπῳ
3564 4450 3670 4519 τὴν

405 4552 661 4605 Socrates
690 4550 912 4619 quidem
942 4557 1027 4603 est
1062 4550 1224 4602 homo
1253 4566 1266 4603 :
1311 4563 1417 4601 non
1450 4555 1657 4610 autem,
1697 4547 1863 4601 homo
1895 4556 1982 4602 est

404 4642 683 4696 Socrates.
716 4639 898 4705 Quare
928 4638 1146 4694 dillicile
1191 4654 1299 4694 non
1334 4647 1438 4703 est,
1473 4637 1615 4692 utin
1651 4638 1979 4708 quibusdam

402 4736 721 4792 nominibus
751 4736 1044 4791 diversitas
1077 4749 1201 4789 eum
1235 4732 1518 4788 identitate
1540 4733 1789 4803 prodeat.

475 4916 629 4982 Quod
647 4926 825 4970 autem
844 4914 1222 4986 exposuimus,
1238 4929 1361 4969 cum
1382 4928 1477 4983 per
1515 4910 1979 4981 comparationem

404 5011 733 5079 persuadere
768 5010 1075 5074 uitatur,ad
1108 5010 1442 5080 propositam
1480 5009 1836 5078 quaestionem
1868 5007 1979 5060 sol-

403 5102 632 5156 vendam
649 5104 890 5156 eamdem
907 5103 1011 5156 vim
1049 5118 1154 5156 non
1170 5103 1391 5167 exserit;
1416 5102 1681 5172 siquidem
1716 5101 1767 5154 in
1799 5100 1978 5154 allatis

402 5194 667 5261 exemplis
681 5192 886 5262 aliquid
900 5208 1189 5247 commune
1205 5202 1306 5257 est,
1321 5193 1520 5262 aliquid
1536 5207 1663 5246 vero
1680 5191 1972 5260 peculiare:

404 5296 453 5338 at
472 5285 523 5337 in
539 5284 735 5337 divinis
749 5285 1408 5353 communicationemque
1424 5284 1972 5353 gaudctalterutrum.

403 5379 666 5444 Quaenam
712 5377 879 5448 igitur
910 5376 1113 5433 solutio
1161 5377 1285 5444 erit,
1326 5392 1448 5446 qua:
1499 5377 1648 5431 omni
1700 5391 1763 5430 ex
1821 5386 1974 5445 parte

1846 5490 2075 5549 ΝΟΤᾸΞ.

474 5584 586 5653 (nu)
650 5584 847 5639 Vocem
903 5585 1043 5639 hanc
1108 5594 1419 5655 corruptam
1488 5596 1728 5641 asservat
1781 5586 1972 5651 codex,

399 5657 597 5724 quippe
644 5655 805 5729 habet
871 5657 989 5729 αντῖ
1012 5673 1151 5727 αγνη
1181 5676 1191 5711 :
1226 5676 1289 5713 ac
1330 5658 1559 5714 fortasse
1616 5675 1714 5729 pro
1755 5658 1851 5727 οὐχ
1896 5657 1970 5721 ὡς

403 5728 760 5799 opportunius
787 5737 929 5784 esset
961 5727 1033 5793 ῶς
1068 5730 1185 5781 οὐκ.

2090 4546 2427 4618 κατηγορίαν
2462 4563 2476 4576 ο
2533 4545 2747 4613 λέγεται
2779 4544 2877 4615 μὲν
2919 4544 3029 4614 γὰρ
3055 4546 3083 4596 6
3112 4543 3408 4614 Σωκράτης
3444 4541 3664 4611 ἀνθρω-

2090 4655 2211 4701 πος,
2257 4637 2359 4690 ούκ
2409 4636 2492 4689 ἔτι
2519 4636 2575 4689 δὲ
2604 4639 2631 4689 6
2664 4636 2949 4707 ἄνθρωπος
2992 4636 3309 4704 Σωκράτης.
3352 4634 3515 4686 Ὥστε
3561 4633 3667 4685 οὐκ

2087 4730 2292 4800 ἄπορον
2331 4731 2418 4783 ἐπ’
2447 4730 2603 4782 ἐνίων
2642 4729 2921 4798 ὀνομάτων
2953 4728 3130 4796 λέγειν
3162 4726 3521 4798 συμπροῖέναι
3564 4724 3667 4796 τὴν

2089 4823 2387 4892 ἑτερότητα
2413 4826 2477 4894 τῇ
2502 4823 2811 4893 ταυτότητι.

2175 4916 2335 4969 Ἀλλά
2371 4918 2488 4969 ἐστι
2547 4914 2659 4987 (51)
2698 4914 2882 4967 καὶτὸ
2935 4914 3100 4984 ῥηθὲν
3146 4908 3662 4984 παραδειγματικὴν

2082 5007 2420 5077 πιθανότητα
2463 5006 2722 5078 φέρον-ού
2752 5007 2850 5076 τὴν
2878 5005 3048 5075 αὐτὴν
3072 5005 3225 5075 ἰσχὺν
3284 5000 3660 5073 προϐάλλεται

2080 5107 2195 5168 τοῖς
2252 5104 2310 5171 ἐξ
2341 5105 2515 5175 ἀρχῆς
2567 5104 2939 5174 ἡπορημένοις
2984 5103 3293 5171 παρασχεῖν
3324 5099 3423 5169 τὴν
3458 5096 3613 5150 λύσιν
3640 5113 3658 5127 ·

2082 5196 2179 5248 καὶ
2231 5196 2341 5265 γάρ
2399 5195 2635 5249 ἐνταῦθα
2682 5196 2743 5248 τὸ
2780 5196 2878 5265 μὲν
2942 5194 3144 5257 κοινὸν,
3194 5193 3255 5245 τὸ
3284 5192 3340 5245 δὲ
3372 5190 3481 5243 τῶν
3534 5188 3661 5242 καθ’

2080 5285 2310 5339 ἕκαστον
2344 5302 2358 5316 ·
2428 5286 2487 5338 ἐν
2540 5284 2769 5348 ἐκείνοις
2824 5284 2880 5338 δὲ
2940 5283 3339 5354 παραπλησίως
3394 5280 3661 5353 ἑκάτερον

2079 5378 2343 5434 ἀπολαύει
2369 5379 2468 5450 τῆς
2494 5377 2824 5448 κοινότητος.
2857 5377 2953 5442 Τίς
2991 5373 3086 5432 οὖν
3117 5378 3151 5449 ἡ
3196 5372 3539 5445 πανταχόθεν
3559 5368 3661 5423 καὶ

3080 5502 3109 5521 ν

2156 5592 2267 5659 (51)
2330 5589 2564 5644 Verbum
2612 5589 3013 5660 sultstautivttm
3067 5588 3228 5643 otiari
3275 5588 3508 5660 videtur,
3562 5593 3679 5660 aut.

2079 5678 2179 5731 pro
2214 5660 2574 5730 προϐάλλεται
2604 5659 3006 5730 προϐάλλεσθαι
3038 5660 3324 5731 legendum
3350 5659 3473 5714 erit.
