3888 6186
266 224 378 290 205

1153 232 1253 291 AD
1280 230 1871 295 AMPIIILOCHIUM
1910 232 2253 305 QU/ESTIO
2290 233 2565 293 XXVIII.

3407 220 3516 283 206

263 344 451 413 πάσης
469 341 638 411 λαδῆς
677 342 1069 413 ἀνακεχώρηκε
1103 342 1289 411 λύσις;
1326 344 1435 397 Καὶ
1469 345 1599 415 γὰρ,
1635 346 1717 399 ὅτι
1748 347 1830 416 μὲι

1950 361 2111 399 omne
2141 346 2302 399 etiam
2330 346 2532 400 devitet
2562 342 3009 397 incommodum?
3038 341 3231 409 Aliquo
3258 339 3513 392 uimirmu

262 436 330 486 ού
354 434 529 487 πάντα
564 434 631 486 τά
658 434 739 497 εἰς
759 434 957 487 ταυτὸν
984 434 1235 488 συνιέντα
1289 438 1429 489 κατὰ
1456 438 1634 490 πάντα
1659 455 1845 490 κοινω-

261 527 393 579 νοῦν
416 525 659 597 ἀλλήλοις
693 527 1026 590 ἀπαιτείται,
1055 526 1323 581 δέδεικται
1353 529 1555 599 τρόπον
1578 532 1724 583 τινά·
1756 532 1850 583 καὶ

261 621 353 671 ὅτι
382 620 414 689 ή
446 618 554 671 ἀπὸ
613 618 714 688 τῆς
773 619 1083 689 ἀνθρώπου,
1129 622 1224 674 καὶ
1272 622 1370 691 τῆς
1428 623 1847 691 ἀνθρωπότητος

260 711 450 781 φωνῆς
479 712 871 782 προτεινομένη
899 713 1092 782 χρῆσις
1124 713 1221 784 τὴν
1272 714 1330 767 ὲν
1359 716 1424 784 τῇ
1458 714 1706 784 θεολογίᾳ
1735 716 1847 767 δια-

260 802 382 856 λύει
404 804 539 874 ἔριν.
570 804 725 874 Τάχα
748 804 793 856 δ’
819 804 886 857 ἂν
910 804 1003 857 ἐπὶ
1026 805 1225 875 μέρους
1241 804 1323 858 ἔτι
1359 807 1508 875 μένει
1531 807 1591 859 τὸ
1622 807 1844 877 ζήτημα

263 896 363 947 καὶ
393 895 484 949 τὸν
502 895 682 965 ἔρωτα
698 897 806 948 τῶν
833 896 1142 965 φιλοσοφεῖν
1198 898 1551 968 αἱρουμένων
1608 898 1843 967 ἀναφλέ-

260 1003 422 1054 γειν·
480 988 561 1041 ὅτι
614 986 689 1059 μὴ
726 986 902 1042 καὶτὸ
957 987 1143 1041 λοιπὸν
1192 990 1426 1060 συνορᾷν
1476 990 1843 1060 χειραγωγίαν

259 1078 437 1151 εὖροι.

333 1258 400 1311 Τί
427 1253 519 1312 οῦν
556 1259 673 1316 ἔστι
703 1260 902 1330 φάναι;
931 1262 996 1315 Τί
1030 1262 1087 1315 δὲ
1113 1262 1424 1334 σοφώτερον
1470 1264 1659 1334 ἓτερον
1700 1264 1838 1333 πρὸς

256 1348 365 1420 τὴν
392 1350 451 1414 ἐξ
478 1351 653 1421 ἀρχῆς
672 1354 929 1423 ἀπορίαν,
960 1354 991 1425 ἢ
1017 1354 1152 1407 διότι
1176 1357 1208 1425 ἠ
1243 1355 1343 1424 μὲν
1395 1354 1530 1419 Θεὸς
1555 1355 1705 1426 φωνὴ
1738 1357 1839 1427 τήν

258 1460 324 1495 τε
358 1444 519 1511 φύσιν
546 1445 704 1498 εἴωθε
740 1445 954 1515 δηλοῦν,
980 1450 1074 1499 καὶ
1101 1447 1209 1499 τῶν
1240 1446 1460 1515 ἀτόμων
1492 1447 1723 1500 ἕκαστον
1744 1448 1836 1500 ού-

254 1534 353 1587 δὲν
380 1534 597 1589 ἔλαττον
621 1536 830 1605 πέφυκε
868 1537 1154 1607 σημαίνειν
1175 1554 1189 1569 ο
1224 1540 1257 1609 ή
1286 1538 1341 1591 δὲ
1372 1537 1576 1607 Θεότης
1618 1555 1836 1608 σημαν-

254 1627 415 1679 τικόν
437 1644 514 1693 τε,
539 1629 633 1681 καὶ
661 1628 955 1699 δηλωτικὸν
986 1630 1156 1701 αὐτῆς
1178 1648 1239 1699 γε
1274 1631 1441 1703 μόνης
1469 1632 1571 1702 τῆς
1595 1631 1831 1701 φύσεως;

254 1718 355 1772 Διὸ
386 1721 728 1791 περιεκτικὸν
763 1722 860 1792 μὲν
893 1723 1173 1794 ἡΘεότης,
1215 1723 1404 1794 ὥσπερ
1444 1725 1539 1777 καὶ
1566 1726 1600 1794 ἡ
1650 1715 1831 1793 φύσις,

254 1811 485 1875 εἰκότως
517 1814 582 1865 ἂν
614 1813 804 1885 ῥηθείη
839 1815 945 1866 τῶν
972 1816 1320 1868 ύποστάσεων
1348 1832 1361 1845 ο
1407 1815 1527 1868 οὐδὲ
1549 1814 1607 1867 δὲ
1630 1814 1834 1882 Θεότης

252 1902 370 1955 τῶν
396 1904 485 1955 ὑπ’
507 1905 675 1973 αὐτῆς
704 1909 1112 1976 περιεχομένων
1173 1909 1289 1978 (καὶ
1344 1908 1453 1976 γὰρ
1490 1908 1610 1960 οὐδὲ
1647 1907 1831 1977 φύσις)

252 1993 480 2048 δύναται
513 1995 788 2064 λέγεσθαι,
833 1998 897 2051 Ἥ
926 1999 983 2051 δὲ
1021 1999 1153 2061 Θεὸς
1196 2000 1372 2070 φωνὴ,
1424 1999 1617 2070 ῶσπερ
1672 2017 1833 2070 περι-

252 2087 543 2156 ληπτικὸν,
584 2088 727 2142 οῦτω
774 2090 837 2161 δὴ
892 2092 986 2144 καὶ
1024 2091 1321 2161 δηλωτικὸν
1377 2093 1484 2145 τῶν
1538 2092 1832 2163 ὑπερφυῶν

253 2178 609 2234 ύποστάσεων
644 2199 657 2211 ο
692 2182 772 2235 διὸ
810 2182 907 2235 καὶ
956 2184 1266 2248 ἀκολούθως
1319 2185 1348 2237 ὸ
1392 2184 1551 2255 λόγος
1596 2185 1831 2240 ἕκαστον

250 2270 369 2325 τῶν
396 2273 559 2342 τριῶν
581 2273 714 2327 Θεὸν
739 2273 1029 2346 ὀνομάζειν
1057 2276 1368 2330 ἐπίσταται.

328 2535 394 2589 Ei
409 2536 464 2590 δέ
490 2554 572 2601 τις
601 2538 778 2591 αἰτίαν
804 2541 1210 2611 νεανιευόμενος
1238 2544 1506 2615 ἐπιζητεῖ,
1536 2546 1589 2600 τί
1609 2548 1673 2619 δή
1697 2565 1827 2601 ποτε

254 2629 289 2697 ή
318 2628 419 2697 μὲν
448 2630 799 2701 ἀνθρωπότης
820 2632 920 2702 τὴν
947 2632 1130 2701 φύσιν,
1158 2636 1186 2687 ὁ
1215 2635 1272 2688 δὲ
1300 2636 1587 2706 ἄνθρωπος
1613 2639 1708 2692 καὶ
1740 2641 1829 2709 τὴν

252 2717 439 2783 φύσιν,
476 2719 569 2771 καὶ
602 2719 661 2771 τὸ
686 2719 807 2773 καθ’
835 2721 1039 2775 ἕκαστα
1080 2724 1289 2792 πέφυκε
1334 2724 1560 2796 δηλοῦνο
1607 2727 1828 2798 λέληθεν

250 2808 448 2860 ἑαυτὸν
492 2810 549 2862 ἐν
596 2808 674 2876 τῷ
702 2810 940 2878 νομίζειν
987 2811 1179 2879 σοφίας
1211 2813 1477 2882 ὑπόληψιν
1511 2813 1706 2885 θηρᾷν,
1747 2818 1827 2879 είς

250 2898 497 2966 ἀμαθίαν
541 2899 886 2970 ἐκφέρεσθαι,
923 2901 1097 2970 ἀρχὰς
1145 2902 1419 2972 ἐπιζητῶν
1472 2904 1579 2957 τῶν
1620 2905 1824 2978 ἀρχῶν,

1953 447 2112 504 pacto
2142 443 2421 490 ostensum
2454 444 2555 499 est,
2591 433 2733 503 quod
2777 447 2883 485 non
2928 430 3129 493 omnia,
3158 444 3280 497 quae
3324 427 3519 480 eodem

1951 526 2199 589 redeunt,
2248 534 2495 579 mutuam
2545 526 2599 579 in
2650 523 2920 578 universis
2970 519 3521 575 connnunicationem

1948 627 2245 687 exposcant
2270 635 2284 682 ;
2308 627 2361 672 et
2390 618 2535 687 quod
2573 632 2768 670 vocum
2802 614 3037 669 hominis
3080 622 3134 667 et
3163 609 3517 666 humanitatis

1948 709 2229 778 expositus
2253 725 2387 764 usus
2430 709 2650 763 dirimat
2682 710 2734 763 in
2777 708 2941 762 rebus
2964 704 3163 760 divinis
3200 712 3517 757 controver-

1946 800 2106 854 siam.
2135 801 2386 855 Protinus
2434 800 2617 870 itaque
2647 799 2878 870 quaestio
2922 814 2985 851 ex
3012 812 3119 851 una
3154 794 3333 850 adhuc
3366 804 3518 861 parte

1944 892 2225 947 enodanda
2253 902 2521 961 superest,
2553 901 2608 946 et
2629 891 2957 946 desiderimu
2988 903 3178 943 eorum
3222 888 3313 956 qui
3345 885 3517 956 philo-

1942 984 2158 1053 sophari
2189 985 2434 1053 cupiunt,
2487 984 2824 1047 accendere;
2850 982 2978 1052 quia
3024 981 3075 1035 id
3101 994 3339 1049 quoque,
3372 978 3513 1047 quod

1942 1080 2185 1149 iniquum
2224 1088 2329 1145 est,
2362 1080 2605 1135 nondum
2639 1095 2736 1135 sua
2764 1078 3147 1134 enucleationc
3177 1074 3338 1146 potiri
3364 1074 3515 1128 vide-

1939 1181 2049 1225 tur.

2009 1258 2277 1324 Quidnam
2310 1269 2393 1315 est
2422 1274 2553 1330 ergo
2581 1258 2915 1314 dicendum?
2947 1255 3014 1311 Et
3061 1254 3322 1325 quidnam
3362 1249 3511 1305 aliud

1939 1351 2109 1420 magis
2139 1352 2205 1405 ad
2237 1351 2595 1422 quaestionem
2624 1351 2959 1422 propositam
2992 1348 3141 1413 facit,
3170 1361 3334 1416 quam
3366 1343 3513 1413 quod

1936 1459 1997 1497 es
2028 1461 2113 1509 eo,
2142 1445 2269 1515 quia
2312 1460 2419 1499 vox
2466 1444 2607 1499 Deus
2637 1453 2690 1498 et
2738 1453 2987 1497 naturam
3033 1440 3340 1509 exprimere
3383 1451 3512 1491 conm

1936 1536 2145 1599 suevit,
2203 1548 2258 1591 et
2319 1537 2386 1591 ad
2450 1550 2895 1607 unamquamque
2957 1546 3313 1605 personarum
3368 1527 3512 1583 indi-

1935 1628 2161 1681 candam
2198 1644 2304 1683 nOu
2329 1630 2509 1682 minus
2554 1638 2856 1698 opportuna
2897 1635 2980 1681 est
3015 1644 3027 1679 :
3069 1640 3171 1679 vox
3208 1631 3391 1677 autem
3425 1619 3515 1672 Di-

1940 1720 2136 1774 vinitas
2193 1720 2395 1774 iudicat
2466 1720 2832 1788 csprimitque
2901 1718 3075 1788 ipsam
3134 1710 3551 1769 tantummodo.

1937 1821 2186 1865 naturam
2216 1827 2230 1876 ;
2263 1811 2466 1865 idcirco
2496 1811 2776 1875 divinitas,
2816 1820 2877 1864 ut
2909 1820 2963 1864 et
2998 1817 3215 1872 natura,
3249 1820 3512 1875 personas

1936 1902 2216 1955 continere
2246 1901 2441 1955 merito
2474 1900 2584 1955 dici
2615 1908 2840 1971 posset:
2875 1908 2933 1953 at
2968 1913 3075 1952 non
3110 1906 3287 1966 potest
3310 1893 3512 1948 Divini-

1936 1997 2022 2042 tas
2063 1989 2287 2059 (quippe
2333 2004 2402 2043 ne
2445 1989 2561 2057 ipsa
2612 1988 2835 2058 quidem
2883 1988 3106 2055 natura)
3152 1985 3219 2039 de
3256 1982 3510 2053 personis

1934 2095 2072 2149 quas
2110 2082 2372 2145 continet,
2410 2079 2713 2134 enuntiari.
2762 2077 2876 2132 Vox
2907 2087 3087 2131 autem
3130 2076 3293 2139 Deus,
3320 2081 3511 2142 utpote

1933 2174 2061 2243 quia
2089 2189 2195 2227 non
2241 2173 2402 2227 modo
2430 2174 2577 2241 ipsus
2616 2180 2880 2244 personas
2921 2169 3342 2240 angustissimas
3375 2181 3510 2221 con-

1933 2267 2086 2330 tinet,
2117 2265 2211 2320 sed
2247 2272 2301 2317 et
2331 2266 2548 2319 easdem
2577 2263 2857 2333 exprimit,
2890 2261 3013 2315 ideo
3041 2259 3418 2328 consequitur,
3450 2267 3510 2311 ut

1934 2356 1986 2410 in
2021 2370 2270 2411 sermone
2292 2355 2594 2425 quamlibet
2620 2354 2783 2409 trium
2843 2353 3205 2423 hypostaseon
3236 2349 3509 2419 possimus

1932 2447 2098 2503 Deum
2125 2464 2459 2518 nuncupare.

2000 2541 2153 2608 Quod
2182 2542 2225 2595 si
2253 2540 2377 2611 quis
2408 2548 2673 2595 monstrat
2711 2539 2899 2594 denuo
2918 2553 2978 2594 se
3027 2536 3301 2608 inquirere
3335 2533 3504 2589 ratio-

1931 2648 2075 2694 nem,
2107 2648 2205 2686 cur
2228 2632 2539 2685 humanitas
2570 2641 2842 2692 naturam,
2873 2630 3039 2684 homo
3068 2638 3253 2683 autem
3284 2637 3392 2681 tam
3415 2639 3510 2679 na-

1930 2731 2105 2776 turain
2153 2737 2315 2790 quam
2361 2720 2698 2775 individuum
2744 2718 3081 2790 signiﬁcandi
3120 2718 3226 2771 vim
3267 2716 3505 2769 habeat:
3554 2776 3555 2781 η

1930 2813 2018 2867 hic
2044 2814 2284 2868 nondum
2325 2814 2498 2867 sensit
2535 2828 2673 2875 sese,
2708 2811 2837 2865 dum
2889 2811 3168 2881 sapientiae
3194 2807 3507 2878 opinionem

1928 2905 2115 2959 venari
2152 2914 2326 2974 putat,
2365 2905 2418 2957 in
2447 2904 2730 2958 stultitiatn
2760 2903 3023 2969 incidere,
3052 2901 3177 2971 quia
3210 2898 3508 2969 principio-

251 2992 353 3044 καὶ
401 2990 509 3044 τῶν
559 2991 814 3045 ἀναιτίων
872 2994 1124 3046 ἀπαιτεῖν
1162 2996 1340 3058 αἰτίας
1396 2994 1820 3066 ύποσυρόμενος.

1946 3013 2045 3051 ὐηι
2069 2996 2335 3066 principia
2368 3004 2661 3060 scrutatur,
2698 3004 2751 3049 ct
2774 3009 2986 3056 eorum,
3009 3008 3130 3063 quae
3150 3006 3368 3047 causam
3395 3004 3505 3044 non

263 3083 429 3137 ’Λλλά
467 3083 637 3139 ταῦτα
678 3084 777 3156 μὲν
804 3086 831 3139 ὁ
856 3082 1229 3157 κεφαλαιώδης
1254 3083 1349 3138 τοῦ
1380 3086 1538 3157 λόγου
1564 3087 1752 3155 τύπος.

783 3288 1115 3343 ΕΡΩΤΗΣΙΣ
1153 3291 1287 3343 KH'.

204 3379 317 3437 »ΕΙ
374 3378 480 3432 τοῦ
531 3380 717 3450 αὐτοῦ
771 3382 962 3434 alt/0v
1007 3383 1281 3449 πρόεισιν
1327 3388 1361 3438 ό
1429 3384 1562 3450 Υἱὸς
1611 3386 1709 3438 καὶ
1757 3386 1824 3439 τὸ

326 3450 588 3524 gremia,
626 3449 752 3524 ,τῶς
798 3452 933 3524 οὐχί
968 3457 1083 3524 τὴν
1127 3453 1245 3524 τῶν
1279 3449 1562 3524 ἀδελφῶν
1606 3454 1821 3510 ἀναδέ-

324 3520 529 3596 {Em-far
560 3520 807 3596 xlﬁqtr,
828 3520 939 3596 grai
970 3522 1085 3589 τὴν
1104 3522 1209 3577 τοῦ
1245 3525 1381 3579 Υίοῦ
1413 3520 1821 3596 εἰροσηγορίαν

325 3588 575 3644 ὑπέλθοι
605 3591 669 3643 τὸ
696 3590 937 3661 Πνεῦμα
959 3608 978 3657 ;

1933 3088 2154 3148 habent.
2182 3103 2375 3143 causas
2401 3096 2569 3142 temat
2595 3087 2884 3157 expiscari.
2918 3086 3097 3156 Atque
3128 3085 3241 3141 haec
3269 3083 3504 3139 sermoni

1934 3180 2337 3251 compendiario
2363 3181 2496 3233 satis
2518 3188 2681 3233 erunt
2707 3179 2840 3249 (5‘2).

2211 3291 2537 3358 QUIESTIO
2572 3291 2787 3347 xxvm
2823 3291 2922 3365 [αι.
2956 3290 3194 3363 xxvu].

1931 3385 1992 3441 Si
2032 3401 2096 3439 ex
2133 3386 2311 3438 eodem
2365 3386 2620 3454 principio
2671 3383 2845 3438 Filius
2894 3401 2956 3438 ac
3014 3384 3244 3453 Spiritus
3290 3393 3504 3438 sanctus

2003 3456 2287 3524 procedunt
2344 3456 2605 3524 quomodo
2664 3471 2759 3507 nec
2808 3455 3035 3523 fratrum
3102 3454 3505 3523 appellationem

1998 3526 2281 3634 accipiegtl,
2312 3523 2402 3578 nec
2455 3523 2585 3577 Filii
2638 3541 2822 3578 nomen
2872 3524 3105 3593 Spiritus
3145 3535 3385 3579 sanctus.
3413 3540 3507 3578 ac:

2005 3597 2172 3634 ηηὶνρι

2005 3605 2172 3666 quiret
2195 3605 2207 3649 Ξ

1082 3705 1219 3756 Edita
1241 3706 1301 3755 ab
1326 3707 1439 3758 Ant.
1476 3709 1666 3769 Scotto,
1703 3709 1737 3756 1.
1762 3720 1828 3769 c.,
1865 3722 1913 3771 p.
1940 3707 2017 3757 26.
2045 3708 2330 3771 Dogmatica
2352 3706 2415 3757 de
2436 3703 2720 3758 Trinitate.’

336 3811 402 3865 Ἡ
429 3810 525 3881 μὲν
550 3812 795 3881 πρόοδος,
827 3807 871 3867 ὦ
904 3814 1164 3885 βέλτιστε,
1190 3816 1305 3886 ἅμα
1339 3835 1397 3870 τε
1423 3818 1515 3871 καὶ
1550 3818 1828 3873 ἀδιαστά-

248 3923 368 3971 τως
396 3908 412 3936 ¹
446 3906 508 3958 ὲκ
534 3906 627 3959 τοῦ
670 3908 881 3979 Πατρὸς
926 3909 1004 3977 τῷ
1046 3926 1104 3961 τε
1137 3909 1272 3980 Υίῴ,
1303 3911 1399 3964 καὶ
1440 3911 1516 3979 τῷ
1547 3912 1826 3981 Πνεύματι

224 3997 603 4065 ιθεολογείται.
637 3999 822 4062 Οὐδεὶς
865 3999 909 4052 δ’
940 4000 1236 4067 ἀναγκάσει
1277 3999 1434 4069 λόγος
1472 4002 1551 4063 είς
1592 4001 1691 4072 τὴν
1729 3999 1824 4053 τοῦ

247 4088 388 4142 Υξοῦ
423 4092 746 4159 μεταπεσεῖν
781 4092 1170 4161 προσηγορίαν,
1197 4092 1230 4163 ἢ
1254 4091 1351 4163 τὴν
1372 4092 1666 4164 ἀδελφικὴν
1691 4094 1824 4147 ἀνα-

246 4180 506 4245 δέξασθαι
542 4182 755 4251 σχέσιν
797 4183 877 4234 ὅτι
936 4182 1070 4253 μηδὲ
1123 4182 1185 4235 τὸ
1231 4183 1498 4236 ἀνάπαλιν
1537 4183 1823 4253 ὲννοεῖν,ἢ

1999 3816 2282 3873 Processio
2302 3833 2330 3871 a
2357 3817 2540 3881 Patre,
2562 3817 2766 3887 optime
2792 3816 2892 3877 vir,
2923 3814 3144 3885 pariter,
3169 3828 3233 3868 ac
3247 3814 3361 3867 sine
3387 3830 3509 3868 oon-

1931 3912 2183 3963 tioversia
2218 3918 2268 3963 et
2302 3911 2368 3965 de
2398 3909 2554 3975 Filio,
2589 3919 2643 3963 et
2685 3909 2753 3963 de
2786 3908 2997 3978 Spiritu
3032 3916 3222 3961 sancto
3264 3906 3503 3979 inpacra

1929 4002 2174 4056 doctrina
2194 4002 2509 4056 enuntiatur
2534 4016 2547 4054 ε
2578 3998 2759 4054 nullus
2784 4009 2965 4055 tamen
2986 3998 3286 4053 insinuabit
3304 4013 3503 4061 sermo,

1929 4094 2072 4163 quod
2110 4094 2163 4148 in
2198 4094 2318 4147 Filii
2350 4108 2545 4148 nomen
2598 4091 2834 4161 Spiritus
2880 4100 3096 4146 sanctus
3139 4090 3361 4155 incidat,
3412 4100 3507 4145 aut

1931 4187 2075 4256 qunti
2105 4186 2399 4240 fraternam
2428 4185 2683 4255 suscipiat
2707 4184 3073 4240 conditionem
3097 4200 3111 4237 :
3138 4184 3391 4250 quoniam
3414 4196 3506 4235 ne-

245 4273 453 4340 λέγειν,
477 4272 551 4336 ὡς
579 4274 608 4326 ό
637 4274 761 4337 Υἱὸς
783 4276 859 4337 είς
886 4275 947 4327 τὸ
971 4276 1300 4347 ὲκπορευτὸν
1330 4278 1547 4345 μέτεστι
1580 4277 1824 4347 Πνεῦμα,

1946 4294 2036 4347 lue
2070 4287 2255 4333 contra
2285 4278 2596 4331 existimare
2642 4292 2931 4345 possumus
2953 4315 2967 4339 ,
2996 4283 3089 4328 aut
3131 4275 3330 4338 dicere,
3362 4274 3505 4342 quod

247 4363 281 4433 ἦ
312 4363 413 4432 τὴν
462 4365 671 4417 ἐκείνου
723 4366 907 4435 σχέσιν
942 4366 1274 4430 ὲξιδιώσατο.
1314 4367 1474 4420 ’Λλλά
1522 4367 1697 4422 ταῦτα
1729 4368 1830 4438 μὲν

1946 4370 2095 4423 ῗίΙὶιιε
2126 4369 2178 4422 in
2218 4367 2485 4439 Spiritum
2519 4378 2771 4423 sanetum
2813 4366 3202 4437 procedentem
3244 4373 3502 4431 mutetur,

246 4454 481 4518 ἕκαστος
509 4455 619 4508 τῶν
644 4455 767 4509 νοῦν
794 4455 935 4530 ἔχειν
965 4456 1279 4529 ἠξιωμένων
1310 4460 1545 4527 Χριστοῦ
1575 4459 1668 4512 καὶ
1694 4478 1828 4530 φρο-

1946 4444 2160 4531 mtejus
2195 4462 2579 4531 proprietatem
2617 4459 2718 4512 sibi
2762 4458 3016 4513 vindicet.
3052 4458 3293 4526 Quisque
3324 4464 3503 4510 autem

247 4549 385 4611 νεῖν,
422 4548 517 4600 καὶ¹
550 4548 818 4602 διδάσκειν
867 4550 1058 4614 ἄλλους
1117 4552 1333 4621 ἕτοιμον
1384 4554 1683 4623 παρέχεται
1729 4554 1829 4624 τὴν

1946 4570 2134 4619 :orum,
2165 4554 2257 4623 qui
2284 4551 2486 4607 Christi
2517 4550 2838 4619 sapientiam
2869 4556 3164 4605 censentur
3190 4547 3409 4611 habere,
3436 4545 3504 4599 ad

246 4638 431 4709 χάριν.
460 4641 534 4693 Ού
573 4640 682 4711 γὰρ
710 4642 844 4695 διότι
873 4645 937 4696 ὲκ
966 4644 1058 4697 τοῦ
1094 4644 1256 4697 αὐτοῦ
1289 4645 1661 4713 θεολογοῦνται
1688 4663 1827 4717 προ-

1947 4662 2041 4701 i:rc
2088 4657 2194 4699 tam
2226 4642 2531 4707 sentienda,
2584 4658 2748 4711 quam
2780 4642 2903 4697 aliis
2960 4640 3218 4695 tradenda
3272 4638 3506 4693 libenter

244 4729 412 4795 ῖὲναι,
444 4730 477 4802 ἢ
511 4733 591 4796 εἰς
627 4734 851 4803 υίότητα
878 4734 940 4787 τὸ
972 4734 1200 4805 Πνεῦμα
1237 4735 1685 4808 συνδιαστήσεται
1728 4738 1827 4806 τῆς

1946 4755 2043 4794 rese
2075 4738 2313 4793 exhibet.
2356 4734 2474 4791 Non
2520 4737 2664 4791 enim
2709 4735 2832 4806 quia
2881 4750 2945 4787 ex
2992 4733 3186 4787 eodem
3237 4728 3517 4801 principio

1533 4848 1767 4903 VARIZE
1809 4850 2216 4907 LECTIONES.

338 4937 354 4967 ¹
373 4933 489 4990 Non
509 4935 867 4997 ἀδιστάκτως.
899 4935 1231 4991 Vcrtenzlum
1262 4957 1274 4991 :
1302 4939 1413 4993 sine
1440 4940 1742 4995 intervallo.

1764 5036 1995 5093 ΝΟΤΑΞ.

1927 5132 2064 5202 quod
2100 5130 2299 5196 Deitas,
2325 5148 2425 5184 non
2459 5141 2629 5184 tamen
2664 5141 2738 5183 est
2782 5130 2918 5202 idem
2948 5130 3133 5202 modus
3162 5129 3508 5202 signiﬁcandi

1929 5200 2239 5270 utrobique:
2274 5218 2394 5281 nam
2427 5202 2522 5255 hoc
2555 5218 2740 5281 nomen
2775 5201 2931 5265 Dens,
2963 5201 3086 5281 quia
3126 5200 3389 5281 significat
3417 5201 3505 5281 di-

1929 5275 2102 5326 rinam
2141 5273 2444 5334 essentiam,
2475 5282 2533 5325 ut
2562 5274 2618 5325 in
2649 5272 2865 5325 habente
2924 5271 3072 5331 (vide
3116 5270 3280 5324 etiam
3313 5278 3419 5323 art.
3446 5270 3502 5331 4,

1930 5344 1984 5398 in
2017 5345 2194 5411 corp.)
2234 5359 2298 5395 ea:
2354 5346 2507 5395 modo
2542 5358 2651 5396 sua:
2679 5341 3083 5410 signiﬁcationis
3126 5339 3314 5398 habet.
3366 5340 3505 5409 quod

1926 5414 2091 5483 possit
2120 5410 2432 5481 supponere
2473 5430 2567 5482 pro
2597 5428 2912 5481 persona....
2947 5410 3177 5483 Sediltoc,
3202 5426 3387 5483 nomen
3425 5426 3505 5483 es:

1927 5480 2099 5538 sentio
2134 5480 2235 5535 non
2263 5483 2415 5536 habet
2463 5480 2527 5537 ea:
2573 5480 2725 5536 modo
2750 5498 2858 5537 sua:
2892 5481 3315 5551 signiﬁcationis,
3366 5480 3505 5546 quod

1932 5562 2193 5623 suppendt
2241 5570 2333 5617 pro
2369 5569 2615 5623 persona,
2648 5553 2771 5623 quia
2798 5555 3065 5623 supponit
3108 5552 3413 5623 essentiam,
3440 5557 3507 5623 tit

1933 5618 2155 5694 formum
2191 5618 2533 5694 abstractam.
2573 5618 2707 5679 Vide
2739 5618 2928 5677 ctiam
2955 5621 3191 5686 Estinm,
3222 5620 3315 5674 lib.
3346 5634 3385 5683 ι,
3421 5618 3507 5673 di-

1935 5692 2120 5750 Stilict.
2149 5694 2201 5758 οἱ,
2243 5693 2272 5763 §
2306 5696 2328 5749 l
2356 5703 2406 5749 et
2429 5692 2482 5749 2.

262 5172 273 5189 κ
323 5125 437 5195 (5‘2)
474 5125 550 5179 Ex
584 5127 684 5182 hae
710 5128 1011 5197 qmestione
1042 5128 1112 5181 ita
1150 5128 1270 5181 Sese
1302 5127 1529 5183 extricat
1568 5129 1632 5186 D.
1673 5130 1822 5185 Tho-

251 5212 392 5250 tnas.
422 5197 643 5251 Fatetur
693 5200 926 5267 primum
978 5199 1138 5265 (part.
1188 5212 1226 5259 I,
1267 5210 1459 5266 quast.
1503 5201 1598 5263 59,
1628 5214 1733 5256 art.
1769 5204 1823 5265 6,

250 5267 318 5321 ad
348 5272 563 5333 sccun.)
584 5279 725 5322 recte
750 5269 856 5320 diei
880 5268 1109 5321 divinam
1148 5269 1427 5322 essentiam
1460 5287 1569 5323 esse
1590 5271 1821 5335 Patrem,

248 5337 375 5404 quia
408 5349 530 5390 tunc
559 5347 636 5391 est
684 5339 992 5407 prwdicatio
1043 5354 1136 5405 per
1186 5338 1545 5405 identitatem;
1603 5352 1656 5394 et
1695 5342 1823 5396 alibi

252 5416 379 5479 (art.
408 5406 462 5467 5,
487 5409 551 5461 ad
577 5406 785 5477 quart.)
804 5410 1032 5462 essentia
1057 5410 1256 5472 dit-ina,
1284 5410 1479 5479 inquit,
1500 5413 1825 5478 prardicatur

250 5478 315 5528 de
340 5476 503 5531 Patre
530 5493 621 5545 per
638 5476 867 5532 modum
885 5480 1181 5533 identitatis
1209 5476 1421 5546 propter
1443 5476 1676 5534 divinant
1702 5484 1827 5535 sint-

250 5548 566 5621 plicitatem.
604 5547 721 5603 Jant
771 5565 935 5621 porro
968 5550 1127 5621 docet
1172 5550 1372 5603 ideirco
1403 5551 1540 5605 hanc
1570 5552 1825 5621 proposi-

253 5618 455 5690 tionem
483 5618 646 5690 Pater
690 5619 938 5690 estDens
971 5620 1152 5688 potius
1187 5620 1471 5682 adhiberi,
1513 5618 1638 5690 quia
1667 5618 1822 5683 (ibid.

254 5697 356 5741 art.
392 5688 446 5755 5,
481 5689 735 5759 incorp.)
775 5689 895 5744 licet
932 5690 1214 5744 sccmulum
1260 5706 1364 5744 rem
1394 5692 1459 5745 sit
1486 5688 1621 5747 idem
1658 5692 1820 5759 Deus,
