3888 6186
394 213 502 280 sor

1542 227 1811 297 PHOTII
1835 236 2348 301 PATRIARCHIE
2377 241 2487 302 (ΤΡ.

3534 252 3638 317 208

393 339 628 402 uterque
663 330 865 390 dicitur
907 350 938 391 a
970 334 1240 409 theologis
1285 340 1582 411 procedere
1602 385 1619 410 ,
1653 344 1858 404 idcirco
1881 363 1949 403 au

2082 348 2215 415 ίδίας
2242 348 2593 423 ἐξιστάμενον
2619 353 2881 426 ἰδιότητος
2902 371 2917 388 ⁸
2945 356 2977 428 ἦ
3019 360 3046 411 ό
3076 359 3202 423 Υἱός
3239 377 3341 431 της
3374 379 3653 438 χαρακτη-

396 422 634 492 Spiritus
667 435 889 483 sanctus
915 443 982 483 ex
1005 431 1336 501 proprietate
1364 449 1464 489 sua
1484 433 1724 493 dimotus
1753 438 1806 493 in
1839 439 1976 494 ﬁlia-

392 513 544 571 tione
570 516 962 582 collocabitur;
997 519 1291 579 aut-Filius
1311 524 1382 580 ab
1407 539 1496 592 ea,
1513 542 1634 598 qua:
1663 529 1839 598 ipsum
1862 532 1974 587 dis-

392 604 614 677 tinguit,
648 610 997 680 generatione
1022 615 1304 683 recedens,
1362 632 1487 674 cum
1518 619 1758 690 Spiritus
1797 624 1971 680 sancti

393 697 731 766 proprietate
764 701 1135 759 confundetur
1161 724 1179 759 :
1198 721 1262 761 ex
1290 708 1481 764 eodem
1506 710 1650 764 enim
1674 712 1968 783 principio,

393 784 490 839 sed
523 801 635 842 non
661 789 854 845 eodem
886 803 1044 862 pacto
1066 794 1229 850 ambo
1265 798 1595 868 procedunt;
1626 815 1727 857 nec
1770 817 1969 858 secun-

392 875 523 931 dum
553 880 800 936 eamdem
834 884 1221 955 proprietatem
1242 898 1327 946 est
1354 890 1638 962 utriusque
1670 895 1965 962 processio.

392 964 611 1023 Etenim
656 969 827 1029 Filios
854 975 1077 1045 quidem
1113 979 1354 1047 procedit
1396 996 1427 1035 a
1473 981 1653 1047 Patre,
1686 999 1880 1054 nempe
1908 995 1969 1040 ut

392 1059 632 1126 genitus,
665 1061 902 1133 Spiritus
928 1066 1154 1125 sanctus
1181 1079 1367 1127 autem
1397 1087 1495 1143 per
1536 1076 1963 1145 processionem,

391 1161 515 1216 qua:
558 1151 720 1206 aliam
770 1154 847 1211 illi
894 1156 989 1213 dat
1012 1161 1432 1231 proprietatem,
1480 1166 1578 1221 sed
1621 1181 1803 1237 neque
1850 1168 1967 1224 haec

390 1244 670 1306 processio
717 1248 1087 1315 generationis
1128 1253 1406 1310 notionem
1447 1255 1551 1311 sibi
1587 1259 1861 1315 conciliat.
1887 1259 1965 1314 Ita

389 1342 527 1384 sane
559 1347 647 1389 res
676 1349 738 1390 se
780 1336 971 1408 habet;
1004 1350 1059 1396 et
1102 1344 1195 1414 qui
1234 1346 1535 1402 secundum
1573 1347 1817 1405 diversas
1863 1366 1965 1405 no-

388 1417 567 1475 tiones
588 1438 617 1477 a
645 1424 807 1482 Patre
836 1432 989 1486 exire
1008 1432 1284 1499 dicuntur,
1318 1434 1590 1492 diversam
1612 1453 1832 1509 quoque
1865 1455 1966 1494 no.

2076 440 2334 515 ριζούσης
2361 445 2527 498 αὑτὸν
2546 448 2793 512 ἀποστάς
2827 451 3137 520 γεννήσεως
3165 454 3245 515 είς
3278 454 3339 507 τὺ
3367 454 3460 509 τοῦ
3485 457 3656 510 Πνεῦ-

2077 550 2247 605 ματος
2308 535 2504 605 ίδίωμα
2566 539 3001 612 συγχυθήσεταισ
3062 544 3128 597 ὲκ
3183 544 3279 597 τοῦ
3332 547 3497 600 αὑτοῦ
3546 550 3655 619 γὰρ

2070 625 2261 694 ἄμφω,
2292 624 2409 679 ἀλλ’
2455 627 2552 697 οὑχ
2609 629 2896 696 ὡσαύτως,
2926 634 3048 688 οὐδὲ
3084 635 3228 689 κατὰ
3265 638 3367 709 τὴν
3414 641 3655 710 ἰδιότητα

2069 716 2170 786 τὴν
2195 717 2363 788 αὑτὴν
2396 719 2430 789 ἡ
2452 718 2711 793 ἑκατέρου
2748 725 2993 795 πρόοδος.
3026 729 3136 781 Kal.
3162 729 3271 800 γὰρ
3314 732 3345 783 ό
3384 732 3486 801 μὲν
3517 734 3649 797 Tib;

2072 805 2169 859 τοῦ
2203 808 2414 881 Πατρός
2453 812 2693 884 προῆλθε
2733 815 2797 886 δὴ
2823 819 3097 887 γεννητιῖκ
3117 837 3129 850 ο
3159 822 3220 875 τὸ
3246 824 3474 896 Πνεῦμα
3499 827 3558 881 δὲ
3586 828 3654 881 δι’

2071 897 2451 968 ἑκπορεύσεως
2502 906 2816 978 αίκειομένη
2844 909 2958 982 (5'5)
3014 911 3240 984 ἰδίωμα·
3280 916 3417 971 ἀλλὰ
3462 920 3584 974 οὐδὲ
3617 922 3651 993 ἠ

2076 989 2404 1062 ὲκπόρευσις
2426 995 2519 1050 τὸν
2536 998 2637 1066 τῆς
2660 1002 2967 1072 γεννήσεως
2992 1007 3318 1080 χαρακτῆρα
3345 989 3651 1083 ἐναρμόζελ

2069 1096 2181 1134 ται.
2206 1080 2361 1136 οὕτω
2380 1085 2457 1149 δὲ,
2486 1086 2647 1146 οὑτω.
2688 1092 2800 1145 Καὶ
2835 1092 2871 1147 ἃ
2902 1095 3041 1149 κατά
3072 1097 3171 1161 τὰς
3203 1080 3496 1172 διαφόρούς
3519 1103 3650 1175 σχέ-

2072 1186 2186 1235 σεις
2212 1172 2564 1244 ίερολογεῖται
2596 1180 2689 1234 τοῦ
2725 1184 2939 1254 Πατρὸς
2965 1188 3351 1259 προέρχεσθαι,
3389 1172 3649 1265 διάφορον

2070 1258 2253 1330 ἔχουσι
2292 1266 2383 1318 καὶ
2411 1266 2512 1339 τὴν
2538 1268 2751 1341 κλῆσιν,
2773 1273 2869 1326 καὶ
2896 1274 2993 1346 τήν
3024 1277 3084 1330 ἐν
3114 1281 3237 1341 sai;
3280 1280 3648 1337 ὑποστάσεσιν

2071 1348 2330 1423 ἰδιότητα,
2358 1351 2447 1421 αἷς
2479 1359 2665 1425 αὐτοῖς
2704 1361 2767 1416 τὸ
2791 1349 2901 1418 τῶν
2940 1367 3179 1437 σχέσεων
3201 1370 3483 1443 ἀφώριστο
3514 1374 3648 1428 ἰδιό-

2068 1457 2289 1513 τρόπον.

387 1515 805 1574 meuclationem
835 1537 901 1577 ac
948 1527 1288 1595 personalem
1344 1528 1532 1585 ineunt
1561 1533 1966 1601 proprietatem,
1991 1546 2097 1602 qua
2127 1539 2416 1606 peculiaris
2479 1544 2720 1602 notionis
2765 1547 2974 1606 indoles
3026 1551 3083 1606 in
3147 1552 3282 1624 ipsis
3343 1556 3643 1615 constituta

386 1603 587 1663 fuerat.

457 1701 528 1754 At
547 1701 694 1757 enim
724 1704 799 1760 ita
823 1711 1134 1777 apparentia
1162 1713 1494 1774 dicultatis
1513 1738 1641 1776 vera
1672 1724 1871 1778 solutio
1896 1720 1963 1777 ad
1996 1719 2041 1779 Β

350 1786 357 1795 ’
383 1788 717 1848 evidentiam
744 1810 917 1863 usque
937 1808 1023 1855 est
1052 1802 1316 1861 deducta:
1342 1810 1485 1878 quod
1520 1812 1567 1865 si
1602 1816 1776 1869 mavis
1796 1815 1957 1871 etiam

384 1893 416 1934 a
451 1884 733 1953 corporeis
759 1888 925 1946 rebus
957 1893 1027 1948 ad
1067 1894 1425 1968 incorporeas
1468 1903 1842 1961 similitudinis
1867 1922 1961 1960 ar-

383 1981 642 2040 gumenta
697 1975 1021 2050 desumere;
1059 1986 1293 2042 calorem
1324 1998 1379 2045 et
1426 1991 1600 2048 lucem
1640 2011 1705 2049 ex
1766 1997 1959 2053 eodem

383 2059 655 2134 principio
695 2065 897 2125 dueere
926 2073 1195 2144 originem
1228 2093 1393 2136 nemo
1418 2093 1527 2148 est,
1566 2085 1659 2155 qui
1708 2087 1955 2158 ignoret;

381 2150 651 2222 siquidem
682 2166 976 2233 utrumque
1017 2175 1101 2221 est
1130 2168 1273 2239 ignis
1304 2171 1529 2229 enectus
1573 2150 1639 2231 ac
1660 2150 1953 2236 enianatio.

380 2243 452 2298 At
480 2258 612 2303 vero
643 2263 819 2321 neque
841 2256 1083 2314 calorem
1130 2273 1313 2317 aerem
1344 2263 1666 2325 illustrando
1706 2270 1847 2326 visui
1886 2272 1953 2328 ad

377 2517 609 2589 prietas;
631 2539 807 2596 neque
834 2540 1030 2587 contra
1058 2533 1168 2589 vim
1194 2535 1516 2595 absumendi
1543 2517 1952 2613 subjectus-ma-

374 2611 540 2707 teries
564 2615 859 2689 quisquam.
879 2619 1012 2690 luci,
1041 2629 1340 2686 secundum
1367 2632 1509 2702 quod
1534 2634 1624 2690 illa
1645 2611 1947 2707 illuminat,

372 2700 619 2761 tribuere
662 2709 927 2769 audebit:
973 2728 1150 2786 neque
1214 2700 1441 2779 alterius
1502 2739 1699 2782 nomen
1732 2768 1747 2794 ,
1804 2700 1951 2788 unde

372 2794 751 2854 exsistentium
775 2816 957 2860 rerum
974 2806 1304 2878 agnitionem
1319 2824 1617 2884 comparat,
1636 2817 1691 2872 in
1714 2818 1945 2876 alterum

371 2886 685 2944 transferet.
714 2887 828 2949 Hac
855 2894 1040 2967 itaque
1074 2897 1287 2957 ratione
1313 2917 1382 2958 ex
1417 2906 1610 2962 eodem
1652 2909 1943 2981 principio,

368 2983 432 3028 ut
458 2975 776 3048 plurimum,
807 2997 892 3052 ea,
924 3001 1046 3056 qua:
1076 2985 1263 3059 simul,
1291 3008 1356 3047 ac
1379 2996 1494 3065 pari
1529 2975 1790 3067 dignitate
1814 2975 1943 3073 pro-

367 3066 592 3134 cedunt,
623 3072 718 3126 sed
742 3086 853 3129 non
883 3078 1186 3136 secundum
1226 3085 1483 3141 eumdem
1522 3066 1741 3146 modum
1770 3066 1939 3163 origi-

366 3172 495 3213 nem
520 3161 747 3230 ducunt,
804 3165 930 3224 licet
974 3173 1335 3242 coessistant,
1369 3186 1551 3236 tamen
1595 3181 1824 3240 alterum
1871 3161 1942 3243 ab

366 3248 539 3306 altero
566 3253 929 3335 differentiam
963 3277 1116 3319 suam
1144 3266 1262 3325 sine
1305 3270 1625 3331 confusione
1662 3292 1728 3332 ac
1758 3288 1939 3336 muta-

365 3339 573 3399 bilitate
601 3359 909 3405 conservat.

438 3431 597 3499 Quod
652 3438 697 3493 si
761 3447 1261 3514 comparationibus
1318 3470 1406 3510 me
1463 3458 1620 3528 cupis
1676 3463 1934 3531 spatiari,

363 3522 539 3580 Adam
585 3542 837 3601 quoque,
869 3546 925 3591 et
963 3537 1169 3610 Evam,
1217 3556 1272 3601 et
1328 3522 1551 3605 Abeletn
1597 3553 1651 3607 in
1696 3522 1935 3612 mentem

365 3630 583 3674 revoca.
650 3620 934 3684 Processio
994 3635 1163 3701 enim,
1230 3638 1372 3695 unde
1413 3649 1468 3695 et
1510 3642 1632 3700 Evze
1676 3646 1934 3705 formatio

361 3708 519 3766 duxit
546 3714 833 3787 originem,
884 3722 1014 3778 Δάαι
1058 3738 1209 3784 costa
1243 3728 1373 3799 fuit;
1417 3744 1579 3806 atque
1624 3739 1782 3809 primi
1832 3742 1930 3799 tilil

360 3803 547 3860 Abelis
570 3818 725 3901 ortus
746 3826 814 3867 es
846 3813 961 3870 Ada
990 3832 1088 3887 per
1127 3803 1537 3893 generationem
1574 3803 1841 3901 manavit;
1875 3845 1933 3892 at

360 3909 551 3980 neque.
589 3898 644 3955 in
691 3900 818 3959 ﬁlim
878 3921 1079 3965 nomen
1124 3910 1234 3967 Eva
1294 3916 1633 3989 detrudetur,
1683 3941 1783 3981 nec
1826 3898 1931 3982 un-

359 4000 527 4090 quam
560 3990 693 4048 Abel
745 3996 889 4053 illius
915 4014 1038 4057 esse
1065 4001 1385 4076 denegabit,
1434 4020 1490 4066 et
1521 4012 1574 4067 in
1616 4020 1927 4090 quampiam

359 4077 522 4135 aliam
588 4086 958 4146 conditionem
1020 4094 1266 4152 incurret
1328 4111 1492 4172 atque
1548 4077 1924 4169 transferetur.

356 4169 511 4237 Quod
544 4185 724 4235 autem
756 4182 837 4236 sol
868 4183 1137 4244 illuminet
1164 4199 1219 4245 et
1243 4169 1548 4265 caleiaciat,
1580 4201 1663 4257 ita:
1678 4206 1925 4274 quaedam

2149 1718 2310 1775 Ἀλλὰ
2333 1721 2368 1791 ἡ
2402 1722 2505 1792 μὲν
2533 1725 2886 1798 πραγματικὴ
2911 1727 3006 1780 τοῦ
3035 1726 3316 1793 δοκοῦντος
3341 1730 3639 1800 ἀπορήμα-

2060 1826 2151 1874 τος
2169 1809 2322 1874 λύσις
2339 1809 2511 1876 οὕτως
2530 1812 2595 1867 ἂν
2620 1816 2702 1878 είς
2731 1815 2794 1869 τὸ
2815 1818 3183 1887 άναμφίόολον
3207 1820 3511 1891 προαχθείη
3534 1838 3546 1852 ·
3582 1823 3643 1874 εἰ

2059 1902 2116 1955 δὲ
2143 1902 2241 1955 καὶ
2260 1904 2763 1976 παραδειγματικὴν
2784 1907 2987 1972 ἐθέλεις
3010 1909 3192 1963 πίστιν
3216 1912 3281 1965 ὲκ
3300 1912 3409 1965 τῶν
3432 1912 3641 1966 ὲνύλων

2058 1995 2189 2064 περὶ
2212 1993 2320 2048 τῶν
2344 1994 2523 2049 ἀΰλων
2549 1997 2732 2051 λαϐεῖν
2752 2014 2767 2027 ο
2814 1999 2875 2051 τὸ
2904 2000 3221 2065 καυστικδν,
3250 2002 3346 2057 καὶ
3374 2017 3637 2072 φωτιστι-

2057 2085 2154 2139 κδν
2181 2086 2294 2157 πῦρ
2325 2087 2499 2152 οὐδείς
2530 2088 2699 2153 ἐστιν,
2730 2090 2789 2154 ὃς
2818 2091 3005 2159 ἀγνοεῖ
3030 2093 3094 2146 ὲκ
3125 2092 3223 2147 τοῦ
3255 2094 3423 2148 αὑτοῦ
3454 2097 3635 2151 αἰτίου

2054 2176 2354 2249 λαμϐάνειν
2395 2180 2499 2250 τὴν
2526 2180 2751 2251 πρόοδον
2774 2197 2789 2212 ’
2821 2182 2993 2253 πυρὸς
3026 2182 3135 2255 γάρ
3184 2186 3350 2255 ἄμφω
3381 2186 3519 2258 ἔργα
3544 2205 3633 2253 τε,

2053 2271 2149 2324 καὶ
2174 2270 2557 2342 προδλήματα.
2597 2272 2758 2327 Ἀλλὰ
2784 2272 2909 2328 οὔτε
2934 2275 2994 2329 τό
3023 2276 3316 2330 καυστικδν
3347 2282 3639 2349 συνεργεῖν

2053 2363 2119 2431 τῇ
2151 2361 2272 2432 ὄψει
2313 2361 2404 2417 τὸν
2442 2362 2580 2435 ἀέρα
2609 2363 2899 2432 διαυγάζον
2926 2366 3062 2438 πρὸς
3084 2368 3181 2438 τὴν
3208 2370 3491 2439 ἀντίληψιν
3516 2371 3630 2425 τῶν

2051 2452 2264 2525 ὁρατῶν
2289 2454 2402 2518 τοῖς
2423 2471 2486 2523 γε
2510 2456 2877 2527 σωφρονοῦσιν
2901 2458 3108 2513 ἔνεστιν
3131 2461 3303 2514 εἰπεῖν
3318 2478 3331 2491 ·
3360 2462 3490 2515 ἴδιον
3514 2463 3627 2533 γὰρ

2050 2543 2207 2598 τοῦτο
2236 2543 2332 2598 τοῦ
2366 2543 2695 2615 φωτίζοντος
2717 2564 2732 2578 ·
2772 2547 2835 2601 οὐ
2878 2548 2982 2619 μὴν
3010 2549 3067 2603 δὲ
3100 2549 3161 2604 τὸ
3191 2551 3486 2621 φθαρτικὸν
3522 2555 3626 2623 τῆς

2049 2634 2421 2706 ὑποκειμένης
2461 2634 2595 2708 ὑλης
2621 2637 2797 2701 οὐδεὶς
2825 2638 2892 2692 ἂν
2921 2639 3232 2701 ἀποδοῦναι,
3256 2641 3389 2695 καθό
3409 2659 3472 2709 γε
3504 2660 3623 2711 φω-

2046 2721 2207 2789 τίζει,
2230 2725 2586 2797 παρενεχθείη
2617 2725 2695 2796 τῷ
2724 2727 2863 2795 φωτί
2886 2743 2901 2759 ο
2935 2727 3056 2780 οὑδὲ
3083 2729 3381 2798 μεταδώσει
3408 2732 3633 2802 θατέρῳ

2045 2815 2107 2871 τὸ
2126 2818 2311 2888 ἕτερον
2336 2818 2432 2874 τοῦ
2457 2820 2740 2891 ὀνόματος,
2766 2820 2834 2874 δι’
2858 2814 2920 2875 οῦ
2948 2822 3050 2893 τὴν
3082 2821 3285 2891 γνῶσιν
3319 2823 3629 2895 παρέχεται

2047 2907 2149 2979 τῆς
2199 2908 2503 2979 ὑπάρξεως.
2556 2909 2712 2964 Οὕτω
2754 2909 2886 2980 γοῦν
2936 2913 3001 2964 ἐκ
3056 2912 3151 2965 τοῦ
3204 2913 3370 2967 αὑτοῦ
3419 2914 3616 2979 αἰτίου,

2045 2997 2187 3052 κατά
2214 3014 2281 3067 γε
2308 2999 2370 3052 τὸ
2397 2997 2667 3064 πλεῖστον,
2699 3000 2815 3071 ἅμα
2843 2999 2943 3071 μὲν
2970 3002 3066 3055 καὶ
3104 3002 3382 3073 ὁμοτίμως
3416 3020 3619 3075 προερο

2044 3089 2251 3159 χόμενα
2292 3090 2354 3143 οὑ
2415 3091 2557 3146 κατὰ
2595 3090 2687 3144 τὸν
2719 3091 2879 3145 αὑτὸν
2909 3091 2964 3145 δὲ
3012 3092 3213 3163 τρόπον
3246 3095 3348 3163 τὴν
3389 3095 3616 3166 πρόοδον

2041 3179 2252 3250 ἔχοντα,
2280 3181 2339 3234 ὲν
2364 3184 2429 3252 τῇ
2458 3181 2710 3253 κοινωνίᾳ
2731 3181 2830 3251 τῆς
2852 3183 3141 3257 ὑπάρξεως
3162 3186 3253 3238 καὶ
3276 3184 3336 3239 τὸ
3358 3185 3614 3256 διάφορον

2040 3272 2147 3327 τῶν
2190 3271 2493 3341 ἰδιωμάτων
2523 3273 2782 3345 ἑκάτερον
2808 3274 3152 3346 ἀσυγχύτως,
3186 3277 3277 3330 καὶ
3301 3277 3612 3350 ἀμετασλή-

2039 3382 2147 3428 τως
2172 3364 2520 3429 συνδιασώζει
2547 3367 2684 3439 πρὸς
2713 3368 2995 3440 ἑκάτερον.

2109 3458 2181 3512 Σὺ
2212 3457 2270 3511 δέ
2314 3475 2405 3528 μοι
2444 3460 2555 3522 τοῖς
2585 3459 3027 3530 παραδείγμασιν
3064 3461 3119 3514 εί
3146 3478 3211 3531 γε
3239 3462 3614 3521 πλατύνεσθαι

2039 3550 2238 3621 βούλει,
2271 3553 2364 3605 καὶ
2394 3550 2484 3604 τὸν
2520 3550 2708 3621 Ἀδὰμ,
2738 3552 2831 3606 καὶ
2865 3553 2964 3624 τὴν
2991 3552 3158 3620 Εὕαν,
3197 3555 3291 3609 καὶ
3320 3557 3412 3610 τὸν
3441 3558 3612 3615 ’Δεελ

2036 3643 2238 3696 ἐννόειο
2275 3644 2308 3712 ἡ
2340 3642 2566 3713 πρόοδος
2611 3643 2710 3714 μὲν
2742 3644 2870 3715 γάρ,
2909 3640 2978 3717 ἦς
3014 3663 3074 3698 τε
3120 3647 3343 3715 γέγονεν
3380 3649 3609 3720 ἀπαρχὴ

2031 3735 2133 3805 τῆς
2159 3734 2515 3799 διαπλάσεως,
2545 3735 2578 3803 ὴ
2610 3734 2819 3807 πλευρά
2836 3752 2851 3766 ·
2880 3736 2973 3789 καὶ
3002 3736 3100 3807 τῆς
3125 3738 3392 3806 γενέσεως
3414 3740 3469 3792 ai
3495 3757 3609 3810 πη-

2031 3826 2128 3898 γαὶ
2155 3827 2249 3881 τοῦ
2274 3825 2492 3899 πρώτου
2530 3828 2849 3899 πλάσματος
2887 3829 2944 3882 αἱ
2975 3829 3130 3897 γοναὶ
3163 3830 3227 3883 ἐκ
3268 3829 3365 3883 τοῦ
3406 3833 3602 3904 ’Δδάμη

2045 3920 2205 3974 Ἀλλά
2226 3918 2348 3974 οὗτε
2373 3921 2407 3990 ἡ
2440 3918 2553 3973 Elia
2590 3919 2672 3983 είς
2708 3919 2803 3972 τὸν
2828 3918 2927 3989 τῆς
2961 3919 3208 3990 υίότητος
3246 3920 3407 3990 λόγον
3444 3939 3605 3995 περι-

2030 4013 2381 4085 ενεχοὴσεται
2405 4028 2420 4043 ⁸
2456 4011 2579 4065 οὔτε
2614 4011 2721 4083 μὴν
2752 4013 2782 4065 ό
2814 4010 2978 4064 Ἀϐελ
3006 4011 3099 4067 τὸν
3126 4012 3241 4066 υίδν
3277 4015 3604 4084 ἀπαρνησά-

2031 4122 2191 4178 μενος
2225 4107 2306 4169 είς
2348 4104 2542 4176 ἑτέραν
2586 4104 2709 4158 τινά
2738 4103 2921 4175 σχέσιν
2962 4103 3287 4175 παραδύσει,
3330 4108 3425 4160 καὶ
3461 4126 3606 4179 συμ-

2029 4198 2449 4270 μεταστήσεται.
2482 4195 2556 4249 Τὸ
2594 4195 2651 4247 δὲ
2681 4194 2936 4264 φωτίζειν
2966 4194 3058 4249 τδν
3083 4195 3258 4266 ἥλιον,
3293 4199 3385 4252 καὶ
3411 4200 3602 4270 φλογί-

353 4266 716 4338 proprietates
743 4284 892 4342 sunt,
913 4293 1036 4348 quae
1068 4282 1136 4337 ad
1165 4297 1392 4357 corpora
1418 4299 1587 4363 atque
1609 4294 1676 4349 ad
1696 4266 1923 4357 animos

2056 4297 2159 4356 ἐιν,
2190 4266 2338 4346 ἐστὶν
2359 4289 2389 4344 δ
2419 4290 2528 4344 τῶν
2556 4290 2845 4362 σωμάτων,
2870 4290 2967 4344 καὶ
2997 4290 3025 4344 ὃ
3052 4308 3111 4345 τε
3140 4294 3316 4346 κοινόν
3341 4296 3459 4348 ὲστι
3488 4296 3600 4350 τῶν

352 4360 658 4417 sentientes
691 4369 1058 4427 communiter
1090 4376 1436 4447 pertingant;
1473 4360 1531 4437 at
1564 4399 1746 4457 neque
1770 4391 1917 4446 cale-
1950 4407 1953 4417 ί

2056 4383 2429 4455 ιίσθανομένων
2455 4360 2776 4454 ὁμολόγημα
2795 4398 2809 4412 '
2841 4382 2977 4437 ἀλλὰ
3008 4382 3131 4438 οὔτε
3178 4387 3234 4440 αἱ
3275 4387 3476 4457 φλόγες
3516 4391 3599 4454 εἰς

350 4449 587 4508 faciendi
614 4455 697 4512 ris
717 4459 1060 4528 splendorem
1095 4480 1193 4538 pro
1213 4469 1395 4528 calore
1427 4474 1481 4530 in
1512 4492 1572 4532 se
1594 4449 1765 4550 ipsam
1788 4498 1921 4540 con-

2056 4476 2219 4539 ιυτὰς
2254 4449 2369 4547 ,τὴν
2419 4449 2711 4542 διαύγειαν-
2744 4472 2867 4527 ἀντὶ
2896 4472 2992 4527 τοῦ
3031 4473 3250 4544 φλέγειν
3286 4449 3596 4546 ⁷ἠλλάξαντο

353 4544 519 4601 vertit
567 4561 634 4603 ac
676 4552 992 4623 transtulit;
1038 4570 1141 4615 nec
1171 4575 1411 4633 unquam
1457 4544 1800 4630 illuminandi
1837 4576 1920 4632 vis

2056 4544 2494 4637 ηεταστήσασθαι·
2524 4564 2584 4619 οὑ
2615 4563 2725 4637 μὴν
2753 4563 2874 4619 οὑδὲ
2903 4563 2966 4618 τὸ
2993 4565 3228 4636 φωτίζον
3252 4544 3334 4633 είς
3370 4569 3468 4642 τὴν
3496 4570 3593 4624 τοῦ

349 4632 410 4688 is
437 4635 637 4694 caloris
667 4642 1083 4712 appellationem
1106 4688 1122 4715 ,
1165 4632 1548 4714 velinaturam
1581 4669 1917 4733 permutabi-

2056 4632 2343 4723 ωτίζοντος
2368 4655 2580 4726 κλῆσιν,
2804 4632 3101 4711 ὑπόστασιν
3142 4658 3263 4711 ἀντὶ
3288 4658 3383 4713 τοῦ
3420 4632 3590 4729 φωτί-

348 4734 476 4782 tur:
506 4744 694 4786 verum
723 4743 956 4806 utraque
1006 4741 1089 4797 vis
1121 4742 1292 4816 legem
1319 4762 1351 4804 α
1380 4749 1677 4811 conditore
1708 4769 1917 4817 ηειιηιω

348 4816 599 4855 nriminm
635 4821 942 4855 ἕωηηρς.-...
977 4845 1199 4855 --_._-_-
1308 4838 1325 4855 ι

2056 4768 2125 4806 ειν
2163 4748 2628 4820 ὑπενεχθήσεταιο
2664 4746 2800 4801 ἀλλὰ
2830 4748 2922 4801 τὸν
2953 4749 3046 4802 ἀπ’
3076 4749 3252 4820 ἀρχῆς
3284 4749 3590 4855 ..ἐντεθεντα

345 4816 601 4886 primitus
635 4821 944 4894 impositam
974 4845 1203 4892 servans
1230 4878 1247 4905 ,
1291 4838 1422 4896 dum
1472 4858 1575 4901 nec
1626 4857 1915 4918 separatur

2056 4841 2165 4913 ἀρὰ
2206 4839 2303 4896 τοῦ
2345 4816 2692 4911 δημιουργοῦ
2746 4840 2813 4911 τῇ
2859 4837 3017 4909 φύσει
3279 4838 3591 4893 διευλαϐού-

343 4911 657 4978 processio,
716 4931 818 4974 nec
848 4929 1092 4980 mutatur
1140 4931 1400 4999 essentia,
1452 4911 1797 4995 immutatam
1856 4951 1913 4998 et

2056 4911 2175 4999 ενα,
2193 4936 2251 4989 ὲν
2278 4932 2356 5004 τῷ
2373 4933 2661 5003 ἀδιαιρέτῳ
2680 4931 2778 5002 τῆς
2799 4931 3047 5004 προόδου,
3068 4932 3163 4986 καὶ
3178 4931 3586 5003 ἁπαραλλάκτῳ

342 5009 685 5060 constantem
715 5011 1209 5076 nomenclationem
1242 5022 1478 5081 retinere
1509 5030 1869 5101 conspicitur.

2056 5024 2110 5096 ἧς
2132 5024 2460 5087 οὖσιώσεως,
2488 5022 2840 5092 άπαράϐατόν
2866 5039 2926 5075 τε
2956 5023 3050 5075 καὶ
3070 5022 3427 5077 ἀναλλοίωτον
3456 5024 3585 5076 ἑκά-

2014 5132 2174 5190 τερον
2213 5115 2416 5169 τούτων
2445 5114 2547 5186 τὴν
2583 5114 2956 5186 προσηγορίαν
2985 5115 3164 5170 αὐτῶν
3191 5116 3425 5187 ὁρῶνται
3463 5116 3583 5170 δια-

406 5261 564 5375 Quod
613 5267 659 5324 si
691 5269 787 5375 tibi
814 5273 994 5346 placet
1035 5292 1068 5335 ι
1096 5280 1412 5342 εωιωιῶιιε
1452 5288 1523 5343 ad
1550 5298 1764 5349 terrena
1797 5295 1907 5352 ite-

2057 5210 2371 5265 υλάττοντα.

2079 5300 2143 5355 Ei
2171 5299 2229 5356 δὲ
2258 5301 2322 5355 ἐκ
2347 5300 2457 5355 τῶν
2480 5299 2725 5374 οὐρανῶν
2756 5302 2920 5357 πάλιν
2959 5302 3052 5357 ἐπὶ
3080 5302 3180 5375 τὴν
3211 5301 3319 5373 γῆν
3344 5318 3429 5358 σοι
3455 5318 3583 5357 κατ-

278 5414 281 5417 _
337 5367 457 5410 rum
501 5356 832 5423 descendere
904 5368 1116 5443 inspice
1159 5376 1437 5447 quomodo
1477 5380 1670 5439 eadem
1718 5386 1901 5445 rlanta

2056 5393 2148 5447 ἱναι
2189 5392 2364 5463 φίλον,
2390 5394 2514 5467 ὅρα,
2538 5356 2613 5459 ti);
2643 5394 2707 5450 τὸ
2736 5356 2868 5449 αὑτδ
2897 5394 3063 5467 φυτὸν
3102 5356 3315 5467 ξὲιρέιέν
3357 5412 3439 5463 τε,
3485 5396 3580 5451 καὶ

1831 5544 2061 5609 NOTAE.

401 5654 519 5743 (53)
551 5660 941 5739 Οῐκειουμένης
965 5672 1145 5739 ponus
1172 5687 1370 5732 sensus
1404 5676 1650 5749 requirit.
