3888 6186
156 236 257 301 209

1066 242 1163 301 AD
1199 242 1790 306 AMPHILOCHIUM
1824 246 2170 319 QUESTIO
2208 250 2481 313 XXVIII.

3292 254 3400 321 210

157 347 334 410 ἄνθος.
380 345 475 400 καὶ
520 345 693 416 φύλλα
732 346 1094 417 προϐάλλεται
1130 349 1233 419 (δεῖ
1266 350 1375 421 γὰρ
1413 350 1543 417 ἴσως
1583 351 1720 423 πρὸς

1839 369 1934 407 ,um
1964 353 2223 421 fructum,
2243 365 2362 416 tum
2385 357 2593 421 ilorem,
2627 366 2739 415 tum
2765 360 2893 416 folia
2915 363 3179 432 producat
3202 363 3400 435 (siqui-

158 439 279 501 τοὺς
309 437 587 500 παντελῶς
614 438 990 509 ὲτεροπίστους
1022 439 1407 509 ἀνθυποφορὰς
1456 441 1723 512 παραδει-

158 530 430 601 γματικάς
452 529 513 582 οὐ
538 529 687 600 μίαν,
711 530 848 584 ἀλλά
873 530 1089 595 πλείους
1119 532 1493 601 προκομίζειν,
1526 533 1621 587 καὶ
1648 534 1725 586 διο

159 621 400 692 ελέγχειν
430 621 609 673 αὐτῶν
636 620 715 683 είς
736 621 799 673 τὸ
832 620 1056 690 μάταιον
1084 620 1430 688 διαλυόμενον
1474 624 1534 676 τὸ
1566 623 1725 692 περί-

159 712 374 784 εργον)’
421 710 521 766 ποῦ
562 711 670 782 γὰρ
707 712 775 765 τὰ
823 712 994 781 φύλλα
1024 713 1159 784 πρὸς
1199 713 1297 785 τὴν
1339 713 1573 783 ἰδιότητα
1614 714 1725 766 τῶν

160 804 387 874 καρπῶν
412 802 731 871 συναγαγών
750 820 831 867 τις
862 803 1175 858 ἐκδιάσαιτο
1200 821 1214 870 ;
1250 806 1346 868 Τίς
1365 804 1422 858 δὲ
1450 805 1509 858 τὸ
1541 804 1722 869 ἄνθος,

158 890 327 965 οὗπερ
378 896 411 966 ἡ
461 894 726 964 ἀποϐολὴ,
769 896 909 949 κατά
954 894 1019 948 τὸ
1059 895 1330 961 πλεῖστον,
1372 895 1465 949 τοῦ
1508 896 1723 967 καρποῦ

160 987 479 1057 γνωρίζεται
506 986 767 1057 προϐολὴ,
791 988 999 1059 καρπὸν
1025 988 1378 1058 ὀνομάσειεν;
1417 988 1575 1041 Ἀλλὰ
1603 989 1724 1042 οὐδὲ

159 1078 267 1130 τῶν
289 1078 464 1132 ἀλλων
489 1079 768 1149 οὐδέτερον
792 1079 857 1134 ἀν
883 1097 965 1143 τις
996 1080 1155 1150 φύσιν
1177 1080 1369 1147 εἴδους,
1390 1081 1485 1133 καὶ
1510 1080 1725 1149 φύσεως

157 1167 318 1237 ἔργα,
367 1168 463 1221 καὶ
504 1166 612 1221 τῶν
670 1170 728 1221 ὲν
781 1172 964 1233 αὐτοῖς
1005 1170 1144 1239 μετὰ
1178 1170 1271 1223 τοῦ
1307 1169 1589 1240 συμφυοῦς
1624 1171 1726 1224 οὐκ

156 1259 365 1326 ἀγνοῶν
395 1259 707 1329 ἑτερότητα,
738 1260 818 1324 εἷς
840 1278 962 1335 τινα
985 1259 1093 1314 τῶν
1117 1261 1425 1332 εἰρημένων
1454 1279 1726 1333 μεταμορ-

158 1349 361 1419 φώσειέ
381 1368 465 1414 τε,
513 1351 610 1404 καὶ
645 1355 1032 1422 μεταστήσειεν
1066 1352 1380 1410 ὑπόστασιν.
1416 1352 1572 1407 Οὕτω
1595 1353 1725 1423 γοῦν

157 1443 259 1494 κάν
284 1444 353 1512 τῇ
380 1440 651 1512 παχύτητι
675 1443 783 1496 τῶν
814 1442 1140 1513 σωματικῶν
1163 1442 1339 1512 ἔργων
1369 1460 1451 1505 τε,
1486 1443 1579 1496 καὶ
1596 1460 1728 1514 προ-

156 1531 470 1602 ϐλημάτων,
503 1533 598 1585 καὶ
629 1534 695 1586 ὲκ
728 1533 823 1586 τοῦ
855 1532 1020 1586 αὑτοῦ
1059 1533 1397 1603 καθορῶνται
1442 1535 1723 1604 προϊόντα,

157 1624 251 1677 καὶ
297 1623 396 1688 τῆς
446 1624 655 1687 οἰκείας
684 1624 1054 1689 ὑποστάσεως,
1091 1626 1154 1678 οὐ
1181 1626 1319 1695 πρὸς
1357 1625 1559 1697 ἄλληλα
1595 1625 1727 1696 μεθ-

158 1715 423 1786 ιστάμενα
461 1717 553 1769 καὶ
592 1716 693 1787 τῆς
744 1718 1105 1788 προταθείσης
1143 1719 1283 1772 κατά
1312 1719 1410 1788 τῆς
1442 1718 1725 1781 εὐσεϐείας
1757 1700 1797 1754 Β

157 1808 462 1871 ὲνστάσεως
496 1809 747 1879 προφανῆ
788 1826 847 1861 τε
889 1809 978 1863 τὸν
1024 1809 1242 1879 ἔλεγχον
1291 1810 1722 1881 προϐαλλόμενα,

134 1900 250 1953 ’καὶ
287 1900 353 1951 τὸ
392 1899 590 1969 σαθρὸν
639 1903 739 1970 τῆς
772 1902 1107 1971 κακουργίας
1148 1902 1205 1967 ἐξ
1238 1902 1419 1954 αὐτῶν
1449 1901 1557 1954 τῶν
1590 1904 1727 1970 ὁρω-

161 1991 340 2059 μένων
384 2008 471 2057 τε,
514 1992 608 2044 καὶ
648 1992 752 2045 ἀνὰ
800 1997 957 2064 χεῖρα
1009 1993 1389 2063 στηλιτεύοντα
1422 1994 1518 2047 καὶ
1555 1993 1727 2065 μυρία

157 2080 319 2135 ἄλλα.

235 2172 302 2224 Ἦ
342 2172 401 2225 δὲ
428 2171 537 2225 ἀπὸ
568 2171 669 2240 τῆς
700 2171 913 2241 φύσεως
943 2175 1035 2226 ἐπὶ
1059 2174 1156 2245 τὴν
1192 2175 1385 2245 τέχνην
1429 2173 1727 2245 μετάῆασις

157 2263 274 2334 (καὶ
297 2264 401 2335 ὅρα
433 2265 594 2334 μέχρι
619 2265 758 2327 τίνος
788 2264 1105 2328 διασώζεται
1129 2268 1192 2320 τὸ
1218 2267 1508 2320 ἀκόλουθον
1533 2268 1632 2336 μὲν
1659 2270 1726 2340 τῇ

158 2354 344 2424 φύσει,
375 2357 749 2427 ἀντικείμενον
778 2358 835 2411 δὲ
866 2361 929 2430 τῇ
963 2360 1023 2425 ἐξ
1046 2360 1218 2430 ἀρχῆς
1245 2359 1524 2430 προθέσει)
1556 2360 1727 2413 πολλά

159 2447 259 2517 μὲν
308 2450 407 2501 καὶ
454 2448 590 2503 ἄλλα
646 2466 728 2502 σοι
766 2448 876 2502 τῶν
921 2449 1376 2519 παραδειγμάτων
1420 2454 1723 2521 χαριεῖταιο

157 2540 251 2591 καὶ
285 2538 380 2592 τὸν
408 2539 657 2611 κεραμέα
702 2540 761 2602 δέ
797 2558 878 2594 σοι
909 2541 1074 2605 δείξει
1104 2544 1169 2594 ὲκ
1208 2541 1302 2593 τοῦ
1331 2541 1497 2593 αὑτοῦ
1554 2540 1727 2611 πηλοῦ

158 2635 251 2687 καὶ
304 2633 628 2703 φυράματος
671 2632 872 2702 ἀμίδας
906 2650 964 2686 τε
1015 2632 1113 2686 καὶ
1146 2633 1381 2694 πίνακας
1434 2634 1606 2702 ίεραῖς
1646 2636 1730 2686 ὲν-

156 2725 572 2798 αρμοζομένους
616 2726 855 2790 τελεταῖς
898 2727 1311 2781 διαπλάττοντα.
1353 2719 1452 2779 Ὧν
1508 2726 1628 2779 οὐδὲ
1664 2725 1729 2779 ἂν

154 2822 282 2884 τοὺς
311 2820 566 2892 ἀνιέρους
594 2820 1033 2892 ἀνερυθριάστως
1057 2820 1332 2889 εὑρήσεις,
1360 2814 1536 2888 οἶμαι,
1569 2819 1730 2873 eam-

159 2930 249 2967 οον
316 2914 428 2966 τῶν
486 2911 1024 2982 κατασκευασμάτων
1081 2911 1163 2973 εἰς
1224 2909 1323 2981 τὴν
1386 2909 1480 2963 τοῦ
1540 2911 1728 2979 ἐτέρου

156 3004 375 3076 χρείαν,
417 3003 452 3076 ἢ
493 3002 868 3075 προσηγορίαν
908 2998 1413 3071 μετασκευάζοντας
1438 3013 1451 3025 °
1494 2999 1589 3054 καὶ⁹
1635 2998 1731 3071 τὴν

159 3096 401 3167 ἰδιότητα
447 3094 700 3165 συγχέειν
741 3093 1006 3164 ἑκατέρας
1048 3092 1156 3145 τῶν
1191 3091 1561 3155 ὑποστάσεων,
1605 3092 1733 3147 ἄνευ

154 3186 303 3249 τινὸς
365 3185 649 3257 δαιμονίας
695 3185 911 3257 πληγῆς
962 3182 1409 3255 συνεπαγομένης
1463 3180 1525 3235 τὸ
1582 3183 1737 3237 ἀνία-ι

154 3295 269 3331 τον.

228 3371 292 3424 Εἰ
327 3368 508 3439 βούλει
538 3369 595 3423 δὲ
626 3368 787 3423 πάλιν
817 3368 1150 3440 ἀναδραμεῖν
1175 3370 1269 3423 ἐπὶ
1299 3368 1391 3424 τὸν
1424 3369 1735 3441 ἄνθρωπον,

153 3461 488 3532 δριμύτερον
512 3461 701 3522 ἀὐτοῖς
728 3460 1029 3531 ὲπαφήσεις
1070 3459 1160 3512 τὸν
1186 3459 1405 3531 ἔλεγχον
1435 3478 1450 3495 ·
1475 3461 1532 3528 ἐξ
1572 3458 1737 3514 αὑτοῦ

156 3557 265 3627 γὰρ
292 3556 321 3609 ὃ
350 3572 409 3608 τε
450 3555 626 3622 λόγος,
664 3556 755 3607 καὶ⁸
780 3556 814 3623 ἡ
841 3552 991 3623 φωνὴ
1027 3554 1369 3625 ἀνθρωπίνου
1397 3554 1740 3626 προχεόμενα

156 3648 455 3715 στόματος,
484 3648 577 3700 καὶ
597 3645 794 3716 μικροῦ
824 3662 888 3714 γε
918 3645 1005 3698 διὰ
1027 3644 1135 3698 τῶν
1153 3646 1334 3699 αὐτῶν
1354 3646 1597 3717 ὀργάνων
1627 3645 1742 3698 δια-

158 3737 526 3809 μορφούμενά
550 3755 609 3790 τε
638 3738 729 3791 καὶ
752 3736 1126 3807 προαγόμενα.
1149 3737 1258 3792 Καὶ
1281 3738 1389 3809 γὰρ
1422 3738 1533 3792 τῶν
1566 3737 1742 3792 ἄλλων

156 3835 331 3889 ὄντων
368 3833 585 3895 κοινῶν,
608 3834 637 3886 ὁ
669 3833 767 3903 μὲν
792 3831 872 3901 τῷ
894 3832 1049 3902 ἄκρῳ
1077 3830 1179 3900 τῆς
1214 3830 1487 3900 γλώττης,
1514 3830 1574 3883 τὸ
1595 3830 1653 3883 δὲ
1672 3831 1740 3902 τῇ

158 3926 421 3994 γλωττίδι
445 3924 641 3995 μᾶλλον
663 3924 1034 3977 ἀποτίκτεται·
1062 3922 1157 3975 καὶ
1178 3921 1238 3975 τὸ
1271 3921 1471 3992 μεῖζον,
1494 3922 1590 3975 καὶ
1616 3921 1746 3974 θαυ-

161 4018 531 4089 μασιώτερον,
563 4016 634 4080 ὡς
662 4015 769 4069 οὐδ’
794 4014 861 4069 ἂν
890 4012 1144 4085 προέλθοι
1182 4012 1338 4081 λόγος
1361 4013 1490 4066 ἄνευ
1524 4013 1709 4084 φωνῆς
1728 4054 1742 4078 ,

158 4108 300 4164 ἀλλά
329 4109 429 4162 καὶ
472 4109 528 4161 ἐν
559 4108 695 4178 αὐτῇ
719 4109 786 4177 τῇ
816 4104 1186 4177 διαμορφώσει
1220 4105 1490 4175 ὑπερείδει
1536 4122 1598 4157 τε
1651 4108 1747 4159 καὶ

161 4202 193 4258 ὑ
204 4202 498 4275 περανέχει
515 4200 610 4272 τὴν
625 4198 718 4254 τοῦ
732 4200 892 4269 λόγου
912 4199 1127 4271 μορφὴν
1141 4201 1174 4270 ἡ
1186 4199 1338 4268 φωνὴ
1360 4197 1750 4267 συνυφεστῶσά

158 4310 221 4347 τε
268 4296 371 4348 καὶ
407 4293 743 4363 προάγουσα.
786 4290 946 4344 Ἀλλά
979 4290 1088 4360 γὰρ
1125 4288 1392 4359 τοσαύτης
1444 4287 1611 4359 οὔσης
1650 4290 1748 4360 τῆς

1825 446 1946 501 dem
1979 456 2191 516 Oportet
2219 449 2270 502 in
2311 464 2428 513 eos,
2460 451 2551 519 qui
2590 453 2917 507 sententiam
2956 463 3143 509 tenent
3173 457 3401 512 omnino

1826 540 2157 591 contrariam
2183 580 2197 602 ,
2237 554 2340 593 non
2373 556 2540 593 unum
2573 553 2953 610 argumentum
2986 561 3048 599 ex
3105 562 3402 615 compara-

1827 627 2068 681 tionibus
2100 627 2447 697 desumptum
2478 629 2571 684 sed
2606 630 2761 700 plura
2815 630 3089 701 proferre,
3120 641 3282 702 atque
3316 633 3403 687 in-

1826 718 2172 787 tempestivas
2212 735 2399 773 earum
2446 721 2687 791 argutias
2736 738 2904 776 vanas
2944 724 3281 779 ostendendo
3309 739 3401 779 re-

1827 808 2034 877 fellere)
2063 827 2076 862 :
2110 809 2358 879 quisnam
2399 812 2542 866 enim
2585 811 2711 866 folia
2743 813 2805 884 in.
2831 813 3106 868 fructuum
3155 816 3400 885 proprie-

1827 907 1988 954 tatem
2016 900 2307 956 detrudet?
2329 900 2463 967 Quis
2511 912 2690 957 autem
2714 902 2922 969 ﬂorem,
2953 922 3061 975 quo
3093 906 3396 973 recedente,

1825 1001 1885 1046 ut
1930 991 2249 1061 plurimum,
2292 992 2503 1049 fructus
2548 996 2838 1064 procedere
2882 999 3243 1067 conspicitur,
3281 1000 3400 1054 fru-

1825 1094 1974 1139 ctum
1999 1084 2277 1152 appellet?
2303 1087 2372 1139 At
2402 1085 2470 1147 is,
2508 1086 2601 1154 qni
2656 1088 2852 1156 speciei
2892 1098 3166 1153 naturam,
3213 1098 3268 1145 et
3306 1107 3402 1145 na-

1828 1182 1966 1228 turae
1996 1174 2365 1242 operationes,
2402 1190 2723 1246 eorumque,
2757 1193 2878 1247 quae
2917 1179 2969 1232 in
3000 1179 3130 1249 ipsis
3161 1180 3401 1250 ingenita

1826 1274 1974 1329 sunt,
2003 1265 2378 1319 diversitatem
2411 1282 2517 1319 non
2559 1266 2794 1337 ignorat,
2831 1271 2882 1322 in
2909 1271 3225 1340 quampiam
3262 1285 3401 1339 pra!-

1826 1358 2098 1413 dictarum
2148 1373 2329 1412 rerum
2382 1359 2676 1413 essentiam
2725 1360 2948 1414 alteram
3011 1360 3401 1415 transformare

1827 1463 1934 1502 non
2003 1458 2183 1516 potest
2228 1458 2391 1518 atque
2447 1448 2765 1502 transferre.
2826 1452 2902 1503 lla
2969 1466 3164 1521 nempe
3212 1450 3296 1505 vel
3345 1450 3399 1503 in

1826 1556 2007 1596 crassa
2032 1540 2407 1608 operationum
2464 1539 2991 1610 productiOnumque
3013 1556 3402 1609 corporearum

1828 1631 2138 1686 conditione
2171 1631 2276 1684 alia
2299 1630 2426 1684 item
2460 1629 2770 1696 innumera,
2799 1646 2920 1699 quae
2952 1630 3020 1683 ab
3047 1647 3156 1684 uno
3184 1627 3402 1701 prodire

1828 1720 2115 1790 principio,
2144 1728 2195 1772 et
2227 1718 2502 1788 propriam
2533 1716 2768 1771 retinere
2806 1708 3140 1784 essentiam,
3192 1735 3290 1773 nec
3320 1719 3403 1772 in-

1830 1814 1999 1864 vicem
2027 1809 2287 1864 confundi
2320 1810 2703 1873 observantur,
2736 1809 3029 1877 pr0positze
3056 1809 3108 1861 in
3159 1823 3401 1863 noswam

1829 1903 1986 1955 fidem
2011 1900 2334 1967 objectionis
2353 1908 2598 1969 apertam
2632 1899 3014 1953 refutationem
3050 1899 3402 1968 depromunt,

1826 2009 1880 2052 et
1917 1997 2210 2067 impietatis
2252 1996 2564 2051 futilitatem
2597 2012 2662 2049 ex
2707 1994 2796 2060 iis,
2830 2010 2952 2064 qua:
3004 1995 3074 2049 ob
3121 1995 3309 2049 oculos
3351 2001 3406 2049 et

1830 2092 1884 2145 in
1913 2091 2163 2144 manilius
2190 2090 2479 2155 habentur,
2526 2098 2980 2143 comtnonslrant.

1901 2183 2074 2234 P0rro
2105 2189 2287 2234 autem
2321 2178 2366 2233 si
2394 2194 2422 2233 a
2450 2189 2643 2232 natura
2676 2178 2743 2232 ad
2788 2189 2959 2231 artem
2999 2176 3226 2248 gradum
3250 2177 3409 2233 facia-

1829 2287 1951 2325 mus
1984 2270 2168 2341 (atque
2215 2269 2587 2323 animadverte
2617 2284 2903 2338 quousque
2946 2285 3247 2325 consensus
3283 2286 3406 2325 cum

1828 2372 2045 2428 natura,
2094 2361 2235 2415 etin
2261 2360 2529 2429 obiectam
2566 2375 2596 2413 a
2629 2359 2899 2430 principio
2940 2361 3264 2415 sententiam
3309 2376 3409 2430 op-

1829 2454 2031 2525 positio
2072 2454 2367 2515 servetur),
2397 2452 2515 2506 alia:
2548 2452 2764 2521 quidem
2807 2460 2968 2520 atque
2998 2452 3117 2506 aliae
3148 2453 3409 2505 similitu-

1830 2548 1985 2601 dines
2015 2555 2335 2611 occurrent,
2357 2555 2411 2599 et
2441 2546 2709 2614 pra-cipue
2736 2545 2931 2615 ﬁgulus
2962 2560 3025 2597 ex
3073 2545 3261 2599 eodem
3294 2544 3408 2598 luto

1830 2649 1884 2693 et
1922 2653 2101 2693 massa
2153 2647 2263 2692 tam
2295 2638 2552 2701 matulas,
2608 2652 2771 2706 quam
2819 2637 3004 2691 lances
3053 2637 3225 2690 sacris
3258 2647 3413 2706 aptas

1830 2732 2029 2787 ritibus
2079 2733 2289 2800 ﬁngens
2326 2731 2421 2785 tibi
2457 2731 2793 2785 ostendetur.
2846 2729 3101 2785 Profecto
3164 2748 3231 2784 ne
3264 2731 3415 2800 ipsos

1832 2824 2050 2892 quidem
2085 2821 2342 2892 profanos
2394 2823 2677 2885 homines,
2733 2821 2948 2891 opinor,
2999 2821 3414 2891 reperies,'qui

1839 2919 2034 2971 harum
2068 2914 2487 2984 supellectilinm
2534 2915 2760 2967 alteram
2802 2915 2855 2968 in
2894 2914 3120 2968 alterius
3154 2929 3329 2979 usum,
3361 2922 3417 2969 et

1835 3022 2033 3063 nomen
2069 3005 2411 3074 impudenter
2439 3013 2818 3058 eonvertentes
2840 3043 2854 3066 ,
2904 3002 3068 3055 etiam
3112 3001 3416 3071 proprieta—

1839 3107 1943 3150 tem
1981 3093 2298 3147 alterutrius
2330 3091 2650 3145 substantiae
2694 3090 3052 3152 confundant,
3102 3089 3207 3143 nisi
3247 3088 3418 3143 mise-

1834 3187 2007 3241 rando
2045 3186 2248 3241 mentis
2300 3184 2525 3238 Vulnere
2574 3198 2699 3238 cum
2736 3182 2988 3237 sanitatis
3039 3182 3419 3252 desperatione

1836 3290 2179 3349 premantur.

1909 3371 2066 3437 Quod
2098 3369 2142 3424 si
2171 3385 2363 3424 rursus
2390 3367 2457 3421 ad
2493 3368 2767 3422 hominem
2802 3366 3008 3422 resilire
3046 3366 3197 3431 libet,
3229 3366 3419 3421 acrius

1843 3463 2065 3517 illormn
2097 3461 2306 3530 objecta
2340 3461 2715 3513 insectahcris.
2744 3458 2826 3512 Ex
2861 3458 2979 3527 ipso
3003 3458 3147 3511 enim
3181 3457 3420 3511 humano

1853 3567 1949 3607 ore
1999 3562 2111 3605 tum
2142 3564 2343 3611 sermo,
2372 3556 2484 3601 tum
2515 3562 2616 3599 vox
2642 3545 2963 3609 funduntttr,
3001 3553 3055 3598 et
3099 3557 3266 3613 parvo
3297 3543 3419 3611 qni-

1844 3644 1967 3698 dem
2004 3641 2325 3696 discrimine
2369 3653 2467 3708 per
2516 3637 2703 3691 eadem
2761 3650 2961 3706 organa
3015 3631 3339 3697 formantur,
3366 3638 3423 3685 et

1841 3734 2214 3806 proferuntur.
2250 3728 2499 3783 Profecto
2524 3728 2653 3781 dum
2688 3735 2883 3780 caetera
2916 3730 3042 3778 sunt
3066 3724 3405 3787 communia,

1843 3842 2023 3883 sermo
2053 3823 2275 3894 quidem
2321 3837 2350 3874 a
2381 3820 2694 3875 summitate
2724 3815 2939 3887 linguae,
2972 3828 3073 3867 vox
3110 3819 3292 3865 autem
3321 3826 3419 3879 po-

1844 3919 1952 3975 tius
1989 3918 2055 3971 ab
2081 3917 2201 3986 ejus
2232 3914 2410 3968 radice
2440 3920 2688 3978 creatur;
2718 3909 2976 3980 quodque
3012 3905 3191 3975 majus
3222 3913 3328 3967 est,
3364 3910 3422 3957 et

1843 4009 2020 4079 magis
2046 4006 2372 4071 mirandum,
2407 4018 2588 4058 sermo
2628 4002 2746 4057 sine
2775 4015 2906 4055 voce
2945 4000 3162 4069 prodire
3195 4012 3304 4050 non
3330 4009 3429 4064 po-

1847 4097 2136 4153 testzimo
2187 4096 2351 4150 etiam
2409 4093 2681 4148 sermonis
2738 4090 2969 4145 formam
3031 4090 3083 4142 in
3134 4089 3251 4158 ipsa
3312 4087 3429 4156 ejus

1848 4187 2206 4261 productione
2246 4184 2504 4248 suﬁ‘ulcit,
2543 4197 2607 4236 ac
2663 4181 2900 4236 sustinet
2946 4196 3069 4244 vox,
3106 4195 3228 4249 quae
3264 4177 3428 4233 simul

1849 4281 2089 4345 advenit,
2118 4287 2281 4346 atque
2309 4276 2606 4348 profertur.
2645 4274 2713 4325 At
2738 4274 2884 4327 enim
2918 4273 3044 4326 licet
3077 4281 3223 4325 tanta
3260 4270 3430 4323 inter-

162 4360 495 4456 συναφείας,
515 4360 609 4440 καὶ
626 4384 1091 4456 συνανακράσεως,
1119 4384 1288 4453 ὅμως,
1315 4384 1397 4435 δτι
1426 4384 1562 4453 μήτε
1589 4383 1735 4453 λόγος

1852 4375 2010 4429 cedat
2044 4370 2361 4441 conjunelio
2412 4378 2575 4437 atque
2617 4366 2965 4429 eommislio,
3014 4374 3228 4428 tamen,
3284 4360 3430 4431 quod

184 4482 221 4552 ἡ
266 4478 433 4550 φωνὴ
466 4479 591 4543 τοὺς
613 4479 709 4531 καὶ
734 4478 804 4531 τὰ
834 4477 1030 4548 μέτρια
1053 4477 1281 4548 συνορᾷν
1303 4475 1635 4545 δυναμένους
1656 4477 1751 4529 οὑ-

161 4572 330 4644 δεμία
358 4571 496 4625 ποτὲ
521 4569 798 4640 ἐνοχλήσει
831 4568 1256 4639 ἀμφισῦήτησις.
1304 4563 1400 4630 Οἷς
1434 4567 1752 4638 ἐρρωμένον

165 4666 365 4719 σαυτόν
389 4681 452 4718 τε
482 4665 585 4733 τῆς
617 4663 976 4734 νομιζομένης
1004 4661 1237 4731 ἀπορίας
1274 4661 1532 4715 ἀπολύων
1562 4660 1750 4721 διανά-

166 4757 467 4830 στηθι,καὶ
503 4756 613 4810 τῶν
634 4756 957 4828 κακουργεῖν
983 4748 1275 4809 ἐθελόντων
1293 4751 1610 4825 ὲπιστόμιζε
1640 4754 1754 4827 (54)

164 4853 226 4905 τδ
262 4850 588 4922 περίεργον.

1849 4478 2031 4522 sermo
2080 4477 2189 4517 non
2232 4461 2305 4514 sit
2336 4475 2461 4526 vox,
2496 4458 2554 4525 ii,
2605 4458 2698 4529 qni
2753 4467 2901 4510 recto
2951 4455 3160 4524 pollent
3202 4450 3429 4521 judicio,

1849 4556 1999 4612 nulla
2027 4564 2272 4623 unquam
2323 4552 2684 4606 altercatione
2720 4549 2919 4603 turbati
2976 4545 3262 4606 tenebunt,
3292 4541 3429 4606 Qui-

1851 4648 1955 4703 bus
2007 4645 2345 4716 argumentis
2395 4652 2450 4697 et
2500 4651 2553 4697 te
2589 4641 2834 4695 innixum
2887 4641 3001 4709 ipse
3041 4653 3107 4691 ex
3149 4633 3430 4705 apparenti

1852 4734 2494 4794 extricans‘diﬂicultate
2539 4730 2826 4794 confirma,
2869 4738 2923 4783 et
2968 4741 3181 4793 eorum,
3217 4723 3312 4795 qui
3338 4737 3433 4777 ca-

1853 4828 2029 4886 villari
2058 4828 2267 4893 volunt,
2295 4825 2606 4880 [utilitatem
2635 4820 2846 4876 refrena
2872 4816 3009 4889 (55).

1688 5049 1922 5109 ΝΟΤᾹ).

244 5154 363 5226 (δι)
392 5150 504 5226 Pro
542 5146 912 5226 ἐπιστομίζειν
962 5147 1036 5226 ita
1075 5154 1266 5226 sal-tem
1299 5149 1385 5226 est
1433 5141 1749 5226 legendum,

171 5214 266 5281 aut
297 5214 486 5295 potius
546 5214 770 5275 verbum
804 5219 1025 5289 aliquod
1070 5216 1282 5272 ﬁnitum
1330 5214 1417 5269 hic
1450 5214 1751 5268 desiderari

172 5296 455 5367 putarim;
813 5358 826 5367 .
1088 5356 1139 5367 ..
1267 5355 1339 5367 .,
1549 5353 1583 5367 ,.

243 5365 366 5434 (55)
416 5362 593 5434 Causa
646 5376 745 5417 cur
798 5356 1231 5434 Amphilochius
1265 5355 1748 5434 interrogationem

173 5424 429 5491 istam'in
458 5424 1091 5501 medinm_protulerit,_si
1117 5426 1372 5501 hariolari
1408 5424 1495 5478 fas
1514 5424 1753 5501 est,th

175 5506 353 5560 fuisse
394 5503 630 5557 videtur.
666 5494 737 5556 Ut
764 5500 996 5571 primum
1026 5495 1325 5571 P_hotianu_s
1354 5510 1507 5571 error
1528 5494 1595 5548 de
1623 5494 1750 5563 Spi-

175 5577 321 5632 ritus
360 5572 539 5630 sancti
579 5564 927 5642 proceséionte
964 5569 1017 5622 in
1042 5567 1242 5642 Grecis
1271 5564 1531 5642 Ecclesiis
1569 5579 1754 5619 erum-

177 5647 362 5717 pebat,
380 5659 507 5702 eum
522 5636 811 5700 orthodoxi
840 5638 1142 5697 innumeris
1161 5636 1571 5693 insectabantur
1588 5648 1751 5705 argu-

1847 5153 2075 5209 mentis;
2101 5158 2165 5198 ac
2194 5139 2491 5211 praesertim
2519 5137 2631 5199 illo,
2663 5134 2807 5211 quod
2830 5134 3057 5211 scilicet,
3094 5129 3199 5211 nisi
3235 5144 3267 5211 a_
3293 5126 3434 5182 Filio

1851 5200 2089 5284 Spiritus
2122 5200 2344 5269 sanctus
2382 5200 2993 5284 procederet,_invi_cem
3028 5200 3430 5284 confunderem

1848 5268 1957 5339 ttir.
1988 5268 2167 5350 Quare
2202 5268 2632 5351 Amphilochius,
2662 5268 2751 5345 qui
2788 5274 3100 5346 hujusmodi
3131 5268 3436 5351 inhzcrebat

1847 5347 2045 5419 errori,
2069 5363 2128 5407 ut
2156 5347 2351 5405 Photio
2388 5349 2773 5422 veliﬁcaretur,
2809 5358 2861 5400 et
2900 5360 3019 5422 sese
3054 5347 3360 5422 testificare}
3389 5352 3429 5422 τι

1848 5413 2192 5488 ηοάο,’ἱειιιιι
2220 5421 2482 5491 ἀπόρημα
2523 5418 2639 5491 ipsi
2691 5416 3014 5491 proposuit._
3052 5413 3291 5491 [fl-totius.
3326 5413 3431 5491 (Iuli

1851 5474 2225 5562 iiéét'e’a'énain
2267 5474 2818 5562 scot'i'SIaziasse'rere
2848 5500 2957 5539 non
2983 5483 3194 5562 dubitat
3226 5478 3294 5533 ad
3325 5474 3431 5562 Ei:

1845 5543 2295 5632 hirta-(Spiritus
2318 5543 2489 5615 sancti
2509 5543 2923 5632 distinctionem
2973 5552 3242 5632 sufﬁcere,
3280 5543 3431 5632 quod

1846 5618 1955 5691 non
1977 5618 2164 5691 eadem
2184 5632 2395 5689 ratione
2414 5628 2576 5685 ambo
2596 5642 2627 5682 a
2651 5625 2809 5683 Patre
2829 5624 3147 5695 procedant.
3172 5618 3434 5676 Jamvero
