3888 6186
492 209 593 273 211

799 320 1125 388 QUIESTIO
1154 322 1324 379 χχιχ
1353 323 1450 396 [αι.
1476 323 1740 395 xxvm].

495 411 557 466 Si
579 411 856 484 _Baptisma
888 412 1114 469 Joannis
1138 426 1473 484 peccatorum
1508 417 1887 477 remissionem.
1926 428 1980 469 ut
2006 417 2065 472 S.

567 482 740 557 I_.ucas
800 486 1023 557 scribit,
1050 482 1367 557 praestabat,
1401 489 1654 557 quidnam
1703 503 1735 539 a
1786 486 2066 541 Dominico

563 552 900 623 Baptismate
918 555 1195 623 differebat
1216 557 1243 610 .9

1645 218 1909 278 PllOTlI
1953 218 2460 280 PATRIARCIHS
2493 218 2601 279 (ΣΡ.

3650 208 3757 271 212

2720 326 3057 381 ΕΡΩΊἸΙΣῙΣ
3095 324 3221 379 KO’.

2174 422 2244 473 El
2282 419 2346 472 τὸ
2381 418 2700 486 ,βάπτισμα
2742 418 3024 473 Ἰωάννου
3057 417 3290 486 dicaam
3315 411 3641 486 ἁμαρτιῶν,
3677 414 3760 486 ᾡς

2245 492 2278 542 ὀ
2306 490 2460 555 ἱερὸς
2484 484 2719 552 Λουέιᾶς
2751 484 3390 556 ἀναπφάρειζπαρεῖχε,
3419 484 3513 549 τίς
3545 484 3584 549 ἡ
3610 484 3760 549 πρῦς

2243 554 2389 612 αὐτὸ
2414 559 2520 612 τοῦ
2543 554 2913 612 Δεσποτικοῦ
2936 554 3189 626 διαφορά
3204 573 3225 622 ;

1334 668 1477 720 Edita
1497 670 1557 720 ab
1584 672 1700 723 Ant.
1736 673 1925 733 Scotto,
1950 698 1984 721 ι.
2014 684 2079 734 c.,
2104 686 2155 735 p.
2180 672 2258 720 '52.
2284 671 2569 735 Dogmatica
2590 679 2645 722 et
2666 673 2931 734 exegetica

567 792 719 860 Quod
748 790 927 847 Lucas
970 808 1000 847 a
1030 793 1143 849 Deo
1164 796 1379 851 amatus
1404 799 1630 853 verbum
1673 801 1983 871 huiusmodi
2016 801 2069 854 in

492 885 581 945 iis,
610 900 746 953 quas
792 886 908 955 ipse
952 887 1276 956 conscripsit
1300 889 1367 953 “,
1419 891 1744 961 evangelicis
1803 892 2072 946 narratio-

495 977 659 1031 nibus
711 979 1065 1046 expresserit,
1122 980 1469 1049 perspicuum
1529 984 1829 1052 estzquod
1886 991 2069 1037 autem

491 1066 828 1135 baptismati,
858 1069 1003 1138 quod
1034 1070 1263 1140 mystico
1294 1073 1401 1125 ritu
1436 1072 1780 1129 ministrabat
1813 1073 2067 1139 Joannes,

493 1156 639 1211 hanc
669 1157 1049 1212 remissionem
1076 1159 1356 1225 attribuat,
1392 1177 1499 1215 non
1552 1172 1637 1216 est
1678 1180 1833 1232 teque
1861 1166 2070 1234 perspi-

492 1256 693 1308 cuum;
730 1252 784 1296 at
810 1258 935 1297 vero
966 1245 1018 1299 id
1047 1246 1266 1315 quidem
1294 1263 1417 1301 mox
1449 1249 1767 1318 diligentius
1789 1253 2073 1322 inquiren-

492 1332 646 1387 dum.
672 1334 839 1389 Divus
870 1345 1052 1390 autem
1085 1336 1390 1405 blatthseus,
1423 1340 1553 1395 licet
1593 1343 1755 1397 verbo
1786 1361 1889 1398 non
1931 1346 2077 1401 dicat

498 1441 517 1473 ο
544 1425 898 1480 remissionem
922 1440 1276 1496 peccatorum,
1303 1449 1321 1481 ι
1349 1440 1527 1486 tamen
1566 1448 1663 1503 per
1708 1434 2037 1491 locutionem
2059 1478 2074 1502 ,

491 1530 599 1582 qua
657 1516 865 1582 utitur,
937 1536 955 1569 t
981 1521 1282 1589 conﬁtentes
1363 1535 1581 1593 peccata
1621 1542 1720 1579 sua
1771 1528 1859 1578 ’⁸)
1894 1569 1909 1593 ,

493 1621 713 1676 quoque
753 1609 935 1665 innuit
983 1613 1331 1670 remissionis
1380 1628 1728 1686 peccatorum
1759 1619 1933 1676 fuisse
1974 1624 2075 1676 ba-

490 1698 979 1768 ptisma.Quorum
1015 1705 1161 1759 enim
1194 1723 1420 1777 operum
1446 1710 1747 1780 confessio,
1779 1714 2076 1768 dummodo

398 1850 411 1857 κ
488 1804 629 1843 vana
661 1806 770 1844 non
796 1792 887 1859 sit,
917 1803 1002 1849 est
1035 1796 1313 1851 damnatio
1333 1838 1349 1863 ,
1380 1808 1434 1852 et
1466 1801 1714 1867 victoria,
1746 1804 2069 1857 eorumdem

491 1880 873 1936 remissionem
898 1900 1115 1956 quoque
1143 1891 1556 1959 consequimur.
1586 1891 1712 1947 Haec
1741 1894 1965 1963 quidem
1989 1894 2073 1948 vel

492 1969 611 2038 ipse
648 1971 888 2041 scripsit,
916 1976 1010 2043 qui
1042 1992 1072 2030 e
1099 1977 1397 2035 Publicano
1428 1980 1606 2037 factus
1635 1993 1721 2039 est
1767 1985 2074 2056 theologus.

494 2061 698 2117 Beatus
726 2073 909 2118 autem
939 2066 1153 2126 Marcus
1190 2079 1402 2127 tantum
1434 2076 1609 2140 abest,
1647 2087 1705 2131 ut
1739 2093 1769 2131 a
1802 2078 2072 2149 Deiloquo

493 2151 636 2207 Luca
666 2155 957 2225 discrepet,
993 2170 1051 2215 ut
1095 2162 1276 2231 potius
1317 2165 1436 2234 ejus
1468 2169 1761 2223 verborum
1810 2168 1934 2225 forts
1964 2188 2072 2227 non

494 2244 773 2301 immerito
817 2250 1083 2306 videatur.
1135 2254 1349 2309 Etenim
1381 2276 1399 2309 ι
1429 2257 1527 2312 fuit
1559 2258 1801 2316 Joannes
1823 2301 1838 2326 ,
1874 2267 2072 2333 inquit,

495 2337 549 2389 in
579 2337 794 2395 deserto
838 2342 1139 2413 baptizans,
1174 2356 1229 2401 et
1263 2349 1565 2418 prtedicans
1596 2353 1928 2423 baptismum
1960 2374 2075 2427 pte-

495 2431 736 2488 nitcntiae
762 2435 815 2488 in
847 2438 1224 2495 remissionem
1271 2454 1617 2512 peccatorum
1646 2448 1712 2502 “.

568 2522 646 2577 lla
675 2526 943 2594 prodeunt
979 2531 1164 2586 multis
1197 2549 1226 2586 e
1282 2535 1418 2591 locis
1469 2537 1776 2593 testimonia
1800 2578 1816 2603 .
1861 2541 2063 2610 quibus

496 2614 628 2668 ﬁdes
668 2618 1045 2675 remissionem
1083 2633 1430 2691 peccatorum
1465 2643 1559 2697 per
1588 2627 1818 2686 Joannis
1887 2634 2068 2701 bapti-

494 2722 613 2759 nma
650 2707 739 2772 iis,
773 2711 867 2780 qui
908 2711 1248 2787 lavabantur,
1271 2715 1465 2771 factam
1505 2734 1627 2774 esse
1654 2732 1840 2791 aperte
1873 2725 2069 2791 docet;

489 2814 555 2851 eo
584 2799 665 2853 vel
697 2802 949 2870 maxime,
982 2804 1128 2873 quod
1166 2822 1265 2861 nec
1308 2807 1422 2876 ipse
1472 2809 1619 2863 illam
1673 2815 2065 2869 cwremooiam

500 2906 604 2945 suo
636 2892 790 2947 libitu
837 2899 1139 2966 susceperit
1160 2939 1174 2962 ,
1208 2901 1300 2954 sed
1331 2901 1499 2957 divini
1526 2914 1690 2958 nutus
1733 2922 1857 2960 eum
1904 2908 2066 2963 ritum
2096 2882 2137 2940 C

490 2984 893 3050 praescribentis
940 2986 1119 3043 iactus
1149 2990 1221 3045 sit
1252 3004 1558 3048 exsecutor.
1614 2993 1829 3050 Etenim
1868 2997 2066 3062 Lucas,

498 3090 518 3122 ο
550 3071 772 3130 Factum
807 3088 910 3141 est.
946 3078 1142 3149 inquit,
1182 3084 1403 3137 verbum
1429 3084 1520 3138 Dei
1538 3086 1604 3139 ad
1645 3102 1769 3141 eum
1798 3089 1841 3120 "
1872 3108 1929 3143 »ς
1961 3090 2070 3146 imo

490 3166 657 3220 etiam
719 3170 833 3237 ipse
889 3169 1131 3227 Joannes
1192 3174 1440 3231 veritatis
1498 3179 1870 3247 praedicator:
1913 3199 1931 3232 σ
1968 3182 2070 3249 Qui

492 3258 647 3313 misit
682 3276 787 3325 me,
830 3263 939 3327 ait,
980 3264 1253 3333 baptizare
1281 3266 1365 3320 ’δι
1399 3285 1418 3319 ι
1455 3285 1575 3339 qua:
1629 3271 1817 3341 utique
1881 3275 2061 3329 omnia

494 3364 606 3402 non
632 3351 793 3407 modo
823 3351 1187 3410 Praecursoris
1213 3357 1482 3427 baptisma
1508 3361 1707 3421 divinae
1730 3363 1930 3418 donum
1958 3366 2067 3419 cle-

500 3443 760 3508 mentiae,
815 3460 1002 3499 verum
1035 3447 1197 3501 etiam
1260 3449 1711 3518 lustrationibus,
1784 3456 2068 3512 sacrilieiis

501 3540 666 3607 atque
702 3536 1049 3590 czeremoniis
1087 3535 1351 3605 Judaicis,
1380 3556 1478 3610 per
1511 3558 1633 3611 quas
1662 3542 1906 3609 Hebraei,
1946 3556 2070 3601 tan-

496 3638 659 3690 quam
724 3624 777 3678 in
831 3626 1035 3696 ﬁgura,
1092 3629 1377 3697 culparum
1431 3632 1641 3686 veniam
1698 3635 2067 3700 merebantur.

491 3712 653 3783 longe
674 3728 795 3770 esse
825 3716 1120 3772 sublimius
1151 3719 1455 3775 luculenter
1486 3723 1802 3779 ostendunt.
1832 3726 1984 3791 Quod
2018 3728 2064 3783 si

494 3802 599 3856 hoc
637 3805 906 3873 baptisma
936 3807 1046 3862 illis
1073 3811 1423 3877 pratstantius
1459 3822 1598 3876 erat.
1633 3823 1814 3883 patet,
1839 3818 1985 3886 quod
2015 3826 2070 3873 et

2260 801 2317 852 Ὀ
2348 801 2450 870 μὲν
2489 800 2745 870 θεόσοφος
2785 800 3023 866 Λουκᾶς,
3067 800 3148 851 ὅτι
3187 798 3285 867 μὲν
3319 794 3583 861 τοιαύτην
3630 795 3760 847 ἀνα-

2174 891 2377 961 γράφει
2430 893 2634 963 φωνὴν,
2691 886 2773 955 οἷς
2816 891 2977 953 αὐτὸς
3045 890 3332 953 συνέταξεν
3376 888 3759 955 εὐαγγελικοίς

2173 982 2394 1052 λογίοις,
2429 985 2529 1036 οὐκ
2568 982 2762 1053 ἄδηλον
2788 998 2803 1013 ·
2846 983 2926 1035 ὅτι
2964 982 3020 1035 δὲ
3050 982 3130 1053 τῷ
3164 981 3526 1051 βαπτίσματι,
3558 980 3698 1049 ὅπερ
3729 980 3759 1029 ὁ

2175 1072 2457 1142 ἱερουργὸς
2483 1072 2848 1141 ἐχρημάτισεν
2886 1070 3158 1140 Ἰωάννης,
3180 1070 3278 1141 τὴν
3308 1072 3529 1137 ἄφεσιν,
3558 1069 3660 1120 οὐκ
3680 1070 3760 1120 ἔτι

2171 1164 2372 1233 ὁμοίως
2399 1163 2586 1234 δῆλον⁹
2614 1164 2754 1234 πλὴν
2778 1163 2913 1217 ἀλλά
2944 1161 3102 1215 τοῦτο
3134 1162 3233 1232 μὲν
3276 1161 3403 1229 ἑξῆς
3432 1159 3758 1231 ἀκριὸἐστε-

2177 1272 2268 1324 ρον
2289 1254 2673 1325 τεθεωρήσθω.
2720 1254 2777 1307 '0
2810 1254 2866 1307 δὲ
2895 1253 3037 1316 θεῖος
3060 1252 3337 1313 Ματθαῖός
3370 1268 3562 1320 φησιν,
3588 1251 3638 1302 εί
3668 1252 3761 1302 καὶ

2180 1345 2255 1415 μὴ
2285 1345 2573 1416 προτίθησι
2604 1345 2809 1415 ῥήματι
2836 1343 2898 1396 τὸ
2924 1344 3005 1407 είς
3035 1344 3229 1412 ἄφεσιν
3271 1340 3586 1411 ἁμαρτιῶν,
3626 1338 3761 1391 ἀλλὰ

2176 1433 2290 1500 οὖν,
2338 1438 2406 1490 δι’
2456 1432 2531 1489 ὧν
2563 1434 2736 1499 εἶπεν,
2786 1434 3266 1505 ἐξομολογούμενοι
3320 1433 3419 1495 τὰς
3478 1432 3759 1504 ἁμαρτίας

1964 1530 2078 1598 ipse
2108 1513 2149 1567 Β
2178 1528 2378 1593 αὐτῶν,
2408 1530 2503 1581 καὶ
2533 1529 2697 1592 αὐτὸς
2722 1528 2904 1580 δίδωσι
2938 1523 3268 1580 συνεπινοεῖν
3299 1526 3545 1594 ἀφέσεως
3578 1528 3760 1595 ἁμαρο

2175 1620 2305 1673 τιῶν
2359 1614 2502 1673 εἶναι
2544 1620 2604 1672 τὸ
2658 1619 2956 1689 βάπτισμα.
2986 1612 3085 1671 ’Ὧν
3114 1618 3223 1689 γάρ
3274 1619 3307 1686 ἡ
3339 1617 3755 1686 ἐξομολόγησις,

2176 1712 2333 1782 εἴπερ
2378 1712 2453 1781 μὴ
2488 1712 2686 1781 μάτην,
2750 1712 2859 1763 τῶν
2899 1710 3305 1780 πεπραγμένων
3343 1710 3376 1778 ἡ
3405 1708 3757 1774 κατάγνωσις

2176 1802 2271 1854 καὶ
2298 1802 2327 1853 ὁ
2363 1802 2650 1872 θρίαμὸος,
2671 1802 2874 1855 τούτων
2908 1801 3263 1871 κερδαίνομεν
3296 1801 3388 1853 καὶ
3407 1798 3507 1868 τὴν
3531 1798 3755 1867 ἄφεσιν.

2189 1891 2349 1944 Ἀλλά
2377 1891 2520 1945 οὕτω
2555 1893 2651 1962 μὲν
2680 1893 2773 1945 καὶ
2820 1893 2848 1944 ὁ
2887 1894 2952 1944 ὲκ
2988 1890 3233 1944 τελωνῶν
3266 1888 3534 1956 θεολόγος.
3596 1887 3661 1939 Ὀ
3702 1887 3758 1938 δὲ

2179 1982 2447 2053 μακάριος
2507 1981 2733 2051 Μάρκος
2790 1980 3043 2034 τοσοῦτον
3092 1982 3286 2049 ἀπέχει
3329 1979 3627 2046 διαφωνεῖν
3682 1976 3759 2045 τῷ

2175 2074 2518 2146 Θεορρήμονι
2546 2074 2749 2143 Λουκᾷ,
2780 2073 2855 2136 ὡς
2886 2073 2977 2126 καὶ
3016 2070 3166 2141 πηγὴ
3204 2070 3269 2123 ἂν
3300 2071 3401 2123 οὐκ
3443 2069 3757 2129 ἀπεικότως

2174 2165 2314 2229 δόξει
2372 2164 2479 2217 τῶν
2527 2163 2689 2217 αὐτοῦ
2756 2164 3049 2234 ῥημάτωνο
3095 2162 3243 2229 λέγει
3275 2161 3407 2231 γάρ,
3442 2180 3461 2211 ι
3502 2160 3761 2228 Ἐγένετο

2189 2257 2444 2328 Ἰωάννης
2474 2256 2751 2325 βαπτίζων
2782 2257 2838 2308 ὲν
2862 2258 2927 2326 τῇ
2957 2256 3168 2326 ἐρήμῳ,
3205 2256 3299 2307 καὶ
3332 2254 3634 2325 κηρύσσων
3665 2253 3762 2324 pd-

2176 2365 2388 2418 πτισμα
2416 2348 2707 2418 μετανοίας
2737 2348 2817 2410 είς
2845 2346 3037 2415 ἄφεσιν
3064 2345 3366 2416 ἁμαρτιῶν.
3395 2362 3413 2396 ι

2245 2548 2401 2603 Οὕτω
2441 2538 2766 2618 πολλαχόθεν
2804 2549 2926 2610 ταῖς
2966 2547 3290 2618 μαρτυρίαις
3321 2548 3352 2619 ή
3386 2547 3639 2619 πρόοδος,
3689 2546 3757 2600 δι’

2172 2631 2248 2692 ὧν
2291 2641 2325 2710 ή
2376 2640 2558 2703 πίστις
2612 2638 3043 2711 παρρησιάζεται
3094 2640 3291 2706 ἄφεσιν
3347 2638 3637 2710 ἁμαρτιῶν
3697 2639 3758 2692 τὸ

2186 2732 2435 2785 Ἰωάννου
2477 2730 2762 2800 βάπτισμα
2804 2734 2917 2795 τοῖς
2956 2731 3392 2802 βαπτιζομένοις,
3428 2733 3756 2803 καταπράτ-

2173 2822 2397 2875 τεσθαι*
2432 2824 2527 2875 καὶ
2559 2806 2794 2893 μάλιστά
2832 2840 2918 2891 γε,
2947 2823 3032 2876 ὅτι
3061 2823 3181 2893 μηδ’
3204 2824 3369 2886 αὐτὸς
3405 2822 3503 2893 τὴν
3549 2824 3757 2895 πρᾶξιν

2174 2913 2323 2984 αὐτῷ
2350 2914 2693 2985 ἐνεχείρησεν
2716 2929 2731 2944 °
2750 2914 2885 2969 ἀλλὰ
2915 2914 2992 2985 τῷ
3023 2915 3153 2984 θείῳ
3181 2914 3492 2984 πειθαρχῶν
3517 2916 3755 2986 νεύματι

2174 3001 2273 3069 τῆς
2322 3005 2632 3076 ἱερουργίας
2687 3004 2893 3075 ταύτης
2951 3006 3183 3074 ἐγίνετο.
3219 3024 3238 3058 ‹
3273 3006 3383 3060 Καὶ
3432 3008 3540 3077 γάρ
3594 3008 3757 3076 ῥῆμα

2174 3095 2309 3147 Θεοῦ
2346 3096 2581 3163 ἐγένετο,
2630 3097 2783 3166 φησὶ,
2827 3097 2962 3167 πρὸς
2990 3097 3173 3164 αὐτὸν,
3212 3116 3230 3148 ι
3268 3099 3296 3150 ὁ
3324 3098 3573 3161 Λουκᾶς·
3615 3098 3756 3150 am

2176 3185 2271 3239 καὶ
2291 3186 2451 3250 αὐτὸς
2478 3190 2505 3241 ὁ
2530 3188 2628 3258 τῆς
2655 3188 2911 3258 ἀληθείας
2943 3189 3140 3259 κῆρυξ,
3169 3208 3187 3240 ‹
3222 3190 3284 3244 Ὀ
3311 3190 3643 3254 ἀποστείλας
3667 3210 3753 3261 με,

2170 3278 2324 3348 φησὶ,
2351 3278 2660 3348 βαπτίζειν·
2701 3301 2719 3334 ι
2746 3282 2780 3336 ἂ
2807 3282 2871 3353 δὴ
2904 3283 3077 3335 πάντα
3110 3283 3297 3351 σαφῶς
3319 3282 3617 3353 παρίστησι
3648 3283 3755 3335 δῶ-

2171 3371 2265 3438 ρόν
2325 3388 2383 3424 τε
2433 3368 2573 3426 εἶναι
2627 3373 2776 3438 θείας
2832 3375 3119 3444 εὐμενείας
3166 3375 3226 3427 τὸ
3275 3374 3394 3445 τοῦ,
3430 3375 3754 3446 Προδρόμου

2173 3459 2475 3533 βάπτισμα,
2540 3464 2633 3517 καὶ
2674 3465 2783 3517 τῶν
2818 3464 3125 3519 Ἰουδαϊκῶν
3156 3467 3641 3537 περιρραντισμῶν
3673 3484 3754 3532 τε,

2173 3556 2269 3606 καὶ
2317 3553 2539 3620 θυσιῶν,
2575 3556 2671 3609 καὶ
2710 3557 2940 3610 τελετῶν
2968 3558 3320 3629 ὑψηλότερον,
3356 3560 3421 3611 δι’
3448 3554 3525 3612 ὧν
3556 3562 3757 3613 ἐκεῖνοι

2174 3643 2283 3696 τῶν
2309 3646 2743 3718 ἁμαρτημάτων,
2792 3649 2867 3711 ὠς
2903 3650 2961 3703 ὲν
3010 3650 3185 3720 τύπῳ,
3233 3651 3482 3720 ἠξιοῦντο
3522 3652 3623 3721 τῆς
3652 3669 3755 3705 κα·

2171 3733 2435 3803 θάρσεως.
2484 3739 2545 3791 Εἰ
2577 3739 2634 3791 δὲ
2681 3742 2926 3810 κρεῖττον
2982 3742 3210 3795 ἐκείνων
3254 3742 3433 3807 τοῦτο,
3467 3743 3648 3811 δῆλον,
3681 3743 3755 3805 ὡς

2176 3829 2271 3881 καὶ
2298 3829 2493 3898 ἄφεσιν
2514 3831 2622 3883 τῶν
2654 3832 2939 3903 ἁμαρτιῶν
2970 3834 3273 3905 ἐχαρίζετο.
3319 3836 3385 3888 Ὀ
3408 3837 3518 3906 γάρ
3544 3836 3755 3908 προσῆν

562 3938 610 3971 ³⁵
640 3938 772 3996 Luc.
805 3942 896 4009 lll,
927 3944 980 3999 '5.
1059 3945 1104 3978 ³⁸
1142 3944 1330 4002 Matth.
1365 3962 1448 4016 ιιι,
1473 3948 1527 4004 6.
1603 3951 1650 3983 ’⁸
1685 3950 1852 4007 Marc.
1883 3969 1920 4022 ι,
1956 3956 2012 4011 4.

2177 3963 2305 4021 Luc.
2340 3983 2421 4032 ιιι,
2444 3967 2500 4022 2.
2577 3970 2623 4001 ’⁸
2652 3969 2808 4025 Joan.
2847 3987 2886 4036 ι,
2923 3973 3012 4028 55.

2004 4071 2236 4135 ΝΟΤᾸΕ.

492 4197 940 4276 quisquenvitlet,
973 4214 1152 4276 quam
1199 4201 1312 4257 sint
1364 4203 1559 4273 ineptze
1604 4210 2063 4276 comparationes,

493 4266 693 4350 quibus
722 4266 808 4322 ille
831 4266 1121 4350 innititur}.
1158 4288 1280 4326 cum
1339 4266 1637 4350 res,'qttas_
1671 4266 2062 4350 in'exempluui

496 4337 738 4416 adducit,
785 4352 893 4391 non
926 4341 1344 4416 _per_t|i_versum
1400 4337 1766 4416 processionis
1818 4337 2062 4416 modum,

491 4408 587 4464 sed
620 4423 714 4476 per
748 4411 1026 4463 materiem
1052 4408 1499 4477 individuantém,
1531 4426 1583 4470 et
1615 4415 1807 4471 formae
1839 4408 2067 4475 dirersi;

492 4487 657 4556 tatem
682 4477 1109 4556 distinguantur,
1141 4498 1262 4556 quae
1293 4486 1471 4556 omnia
1510 4487 1561 4539 in
1592 4487 1794 4540 divinis
1820 4493 2067 4556 personis

491 4550 679 4617 locum
724 4564 831 4601 non
879 4550 1114 4604 habent:
1150 4552 1259 4605 imo
1298 4553 1568 4617 interdum
1611 4558 1682 4610 uti
1741 4550 1925 4614 vid-ere
1983 4569 2068 4615 est

492 4618 632 4695 apud
758 4618 1024 4673 Thomam
1052 4636 1105 4695 p_.
1143 4636 1178 4683 I,
1216 4616 1408 4690 quam.
1436 4625 1526 4687 36,
1563 4638 1667 4682 art.
1705 4628 1758 4694 3,
1807 4628 1872 4681 ad
1902 4630 1952 4695 l,
1990 4631 2065 4684 si-

492 4688 827 4767 militudines
877 4688 1167 4758 propoSila:
1206 4688 1395 4747 contra
1438 4695 1708 4767 _l?hotium
1745 4688 1950 4767 potius.
1996 4699 2068 4753 fa-

491 4759 664 4813 ciunt.
701 4755 1086 4813 Verumtamen
1129 4769 1186 4813 ut
1217 4777 1407 4817 omnes
1435 4763 1714 4819 Pltotiante
1738 4755 2069 4824 evanescant

493 4828 727 4890 olIucite,
760 4842 937 4897 operae
968 4832 1199 4898 pretium
1220 4832 1360 4885 duco
1389 4836 1725 4889 contrarium
1754 4836 1814 4888 ί).
1847 4838 2068 4893 Thomas

497 4901 599 4976 hac
654 4898 722 4976 de
775 4912 833 4951 re
878 4910 1256 4976 arguttteutum
1301 4903 1407 4976 huc
1444 4912 1687 4976 atttlxere
1718 4925 1730 4959 :
1765 4907 2067 4976 Respondeo

493 4966 772 5043 dicendum
810 4966 1182 5043 qnodnecesse
1230 4982 1305 5025 est
1331 4972 1504 5026 dicere
1530 4973 1789 5043 Spiritum
1825 4966 2066 5031 sanctum

496 5034 707 5115 a‘Filio
734 5034 863 5089 esse.
891 5038 1236 5115 Silenimnon
1261 5044 1422 5115 estab
1439 5060 1518 5105 eo,
1539 5034 1682 5099 nullo
1716 5049 1868 5101 modo
1897 5058 2067 5115 posset

497 5106 563 5158 ab
604 5123 662 5158 eo
707 5109 1054 5186 personaliter
1091 5110 1350 5186 distingui
1378 5129 1395 5166 .'
1422 5115 1559 5186 quod
1605 5132 1670 5169 ex.
1700 5135 1860 5186 supra
1897 5106 2066 5172 Idictis

497 5185 666 5255 pa_tet._
693 5175 835 5255 _Non
858 5177 995 5255 enim
1023 5175 1377 5255 estpossibt'le
1407 5175 1578 5237 dicere
1605 5188 1743 5255 quod
1764 5175 2066 5241 secundum

498 5244 703 5316 aliquid
738 5246 1036 5318 absolutum
1065 5244 1256 5302 diuina:
1288 5267 1524 5318 personat
1547 5244 1854 5309 ab'invicem
1876 5258 2068 5310 distin-

499 5331 765 5385 guantur;
820 5316 945 5391 quia
987 5316 1319 5391 sequeretur,
1375 5324 1513 5391 quod
1559 5340 1661 5377 non
1717 5336 1847 5379 esset
1908 5330 2068 5381 trium

500 5402 606 5458 una
663 5387 909 5458 essentia.
957 5387 1243 5458 Quidquid
1300 5387 1437 5443 enim
1487 5395 1539 5445 in
1589 5395 1775 5448 divinis
1830 5398 2067 5451 absolute

499 5457 713 5520 dicitur,
750 5456 818 5537 ad
875 5456 1136 5537 unitatem
1158 5462 1412 5537 essentia:
1440 5463 1694 5537 pertinet.
1736 5466 2068 5537 Relinquitur

498 5543 619 5604 ergo
672 5526 825 5604 quod,
864 5526 1034 5604 solum
1094 5526 1675 5604 relatignibus’divime
1724 5526 1959 5604 persona:
1999 5538 2062 5591 ab

501 5598 719 5675 invicem
775 5595 1195 5665 distinguantur.
1250 5599 1545 5675 Relationes
1591 5595 1765 5657 autent
1816 5625 2064 5675 personas

501 5667 822 5738 distinguere
865 5684 965 5720 non
1010 5682 1263 5738 possunt,
1306 5674 1407 5726 nisi
1460 5675 1742 5728 secundum
1779 5667 1915 5747 quod
1948 5688 2067 5732 sunt

2170 4225 2659 4295 opposzttcrquod
2716 4240 2779 4279 ea:
2836 4225 2932 4278 hoc
2989 4234 3153 4294 patet.
3211 4225 3337 4295 quia
3397 4223 3559 4295 Pater
3601 4228 3752 4282 habet

2166 4291 2300 4363 duas
2334 4291 2637 4363 relqtiones,
2670 4312 2892 4363 quarum
2929 4291 3035 4348 una
3075 4291 3304 4361 refertur
3331 4296 3401 4348 ad
3450 4294 3673 4356 Filium.
3704 4309 3752 4352 et

2167 4362 2277 4415 alia
2308 4362 2374 4435 ad
2406 4361 2664 4431 Spiritum
2683 4361 2923 4417 sanctum
2947 4382 2965 4418 :
2996 4375 3306 4435 qucetamen
3329 4367 3457 4434 quia
3490 4384 3592 4419 non
3628 4378 3750 4420 sunt

2167 4434 2444 4499 oppositas.
2503 4449 2605 4487 non
2654 4436 2979 4487 constituunt
3010 4434 3175 4487 duas
3228 4451 3502 4504 personas.
3540 4439 3633 4489 sed
3680 4440 3749 4489 ad

2167 4519 2325 4574 unum
2368 4512 2574 4555 tantum
2598 4521 2875 4570 personam
2916 4505 3091 4558 Patris
3116 4508 3399 4572 pertinent.
3436 4506 3499 4558 Si
3532 4524 3655 4574 ergo
3694 4511 3748 4560 in

2170 4571 2313 4624 Filio
2357 4582 2407 4625 et
2449 4573 2655 4639 Spiritu
2696 4584 2879 4629 sancto
2922 4591 3023 4628 non
3055 4586 3189 4628 esset
3225 4576 3457 4628 invenire
3498 4571 3635 4630 duas
3666 4596 3749 4631 re-

2169 4642 2414 4714 lationes,
2467 4643 2653 4712 quibus
2710 4654 2924 4713 uterque
2976 4645 3205 4714 refertur
3238 4646 3307 4698 ad
3354 4644 3598 4711 Patrem,
3644 4649 3751 4704 illa

2170 4713 2445 4786 relationes
2465 4730 2572 4786 non
2593 4726 2769 4786 essent
2787 4716 2853 4767 ad
2876 4713 3095 4786 invicem
3114 4717 3370 4783 opposita:
3390 4733 3408 4776 ;
3430 4718 3568 4769 sicut
3590 4734 3751 4786 neque

2168 4784 2287 4837 dua:
2319 4784 2846 4855 relationes,_quibus
2882 4784 3043 4839 Pater
3065 4786 3295 4855 refertur
3333 4787 3401 4840 ad
3426 4787 3571 4841 illos.
3606 4784 3749 4843 Unde

2168 4857 2302 4907 sicut
2354 4870 2578 4926 persona
2627 4853 2808 4926 Patris
2846 4866 2920 4909 est
2952 4873 3095 4917 una,
3125 4853 3220 4908 vita
3266 4871 3571 4926 sequeretur
3615 4862 3751 4924 quod

2168 4940 2388 4994 persona
2407 4921 2560 4989 Filii,
2583 4936 2632 4978 et
2653 4924 2885 4993 Spiritus
2903 4927 3074 4979 sancti
3092 4935 3222 4979 esset
3246 4921 3373 4989 una,
3394 4928 3590 4980 habens
3617 4921 3749 4983 duas

2170 4996 2445 5049 relationes
2481 4997 2744 5064 oppositas
2767 4997 2972 5049 duabus
2999 4997 3342 5050 relationibus
3381 4998 3585 5051 Patris.
3640 4998 3750 5053 Hoc

2171 5076 2343 5118 autem
2392 5077 2468 5118 est
2503 5067 2840 5135 Itrereticunt.
2889 5083 3007 5119 cum
3051 5066 3201 5119 tollat
3233 5067 3390 5135 ﬁdem
3439 5065 3746 5123 Trinitatis.

2174 5136 2389 5203 Oportet
2420 5152 2542 5204 ergo
2570 5137 2707 5203 quod
2744 5134 2942 5196 Filius,
2969 5146 3016 5189 et
3047 5134 3280 5205 Spiritus
3310 5147 3526 5189 sanctus
3559 5137 3632 5190 ad
3672 5140 3749 5191 in-

2170 5208 2326 5259 uicem
2362 5206 2661 5273 referantur
2692 5205 2949 5274 oppositis
2986 5207 3348 5260 relationibus.
3404 5206 3527 5259 Non
3571 5219 3748 5261 autem

2169 5286 2387 5346 possunt
2414 5294 2524 5330 esse
2553 5278 2606 5329 in
2639 5277 2828 5330 divinis
2875 5278 2996 5331 alia:
3028 5278 3310 5330 relationes
3340 5279 3617 5346 appositw,
3647 5281 3747 5332 nisi

2171 5349 2450 5400 relationes
2477 5348 2712 5413 originis,
2757 5357 2813 5400 ut
2836 5365 2998 5416 supra
3035 5348 3315 5413 probatum
3349 5358 3461 5401 est:
3494 5351 3747 5417 opposita:

2171 5428 2342 5470 autem
2366 5418 2641 5471 relationes
2667 5419 2886 5486 originis
2921 5419 3254 5485 accipiuntur
3280 5418 3567 5471 secundum
3598 5422 3745 5485 prin-

2172 5489 2450 5554 cipium,et
2473 5489 2755 5540 secundum
2778 5488 2917 5557 quod
2942 5499 3017 5541 est
3048 5505 3079 5539 a
3115 5488 3396 5555 principio.
3416 5488 3746 5557 Relinquitur

2171 5577 2291 5627 ergo
2319 5557 2459 5627 quod
2489 5574 2691 5611 necesse
2713 5568 2788 5611 est
2808 5560 3001 5623 dicere,
3021 5557 3097 5611 vel
3125 5557 3326 5610 Filium
3346 5575 3457 5612 esse
3475 5576 3507 5610 α
3539 5560 3741 5627 Spiritu

2175 5641 2358 5681 sancto
2408 5628 2567 5696 lquod
2599 5628 2776 5681 nullus
2830 5629 3023 5694 dicit),
3072 5628 3149 5682 vel
3190 5627 3453 5697 Spiritum
3500 5640 3741 5682 sanctum

2175 5715 2329 5752 cssea
2358 5697 2671 5768 l"ilio,quorl
2690 5716 2789 5752 non
2811 5699 3138 5767 conﬁtemur.
3163 5698 3299 5757 ιδιά.
3331 5699 3501 5766 art.2,
3524 5701 3737 5769 incorp.
