  <div class='ocr_page' id='page_1' title='image "/cluster/home/n/w/nwhite01/storage/ocr_20150623/101/hvd.32044018872879/130.png"; bbox 0 0 3888 6186; ppageno 0'>
   <div class='ocr_carea' id='block_1_1' title="bbox 161 260 272 324">
    <p class='ocr_par' dir='ltr' id='par_1_1' title="bbox 161 260 272 324">
     <span class='ocr_line' id='line_1_1' title="bbox 161 260 272 324; baseline 0.027 -3"><span class='ocrx_word' id='word_1_1' title='bbox 161 260 272 324; x_wconf 78' lang='grc'><strong>213</strong></span> 
     </span>
    </p>
   </div>
   <div class='ocr_carea' id='block_1_2' title="bbox 1088 272 2493 350">
    <p class='ocr_par' dir='ltr' id='par_1_2' title="bbox 1088 272 2493 350">
     <span class='ocr_line' id='line_1_2' title="bbox 1088 272 2493 350; baseline 0.007 -20"><span class='ocrx_word' id='word_1_2' title='bbox 1088 272 1188 331; x_wconf 88' lang='lat' dir='ltr'><strong>AD</strong></span> <span class='ocrx_word' id='word_1_3' title='bbox 1247 274 1849 339; x_wconf 83' lang='lat' dir='ltr'><strong>AMPHILOCHIUM</strong></span> <span class='ocrx_word' id='word_1_4' title='bbox 1888 278 2235 350; x_wconf 65' lang='lat' dir='ltr'><strong>QUIESTIO</strong></span> <span class='ocrx_word' id='word_1_5' title='bbox 2273 279 2493 340; x_wconf 81' lang='lat' dir='ltr'><strong>XXIX.</strong></span> 
     </span>
    </p>
   </div>
   <div class='ocr_carea' id='block_1_3' title="bbox 3330 275 3437 339">
    <p class='ocr_par' dir='ltr' id='par_1_3' title="bbox 3330 275 3437 339">
     <span class='ocr_line' id='line_1_3' title="bbox 3330 275 3437 339; baseline 0.019 -2"><span class='ocrx_word' id='word_1_6' title='bbox 3330 275 3437 339; x_wconf 68' lang='grc'><strong>214</strong></span> 
     </span>
    </p>
   </div>
   <div class='ocr_carea' id='block_1_4' title="bbox 170 376 1746 463">
    <p class='ocr_par' dir='ltr' id='par_1_4' title="bbox 170 376 1746 462">
     <span class='ocr_line' id='line_1_4' title="bbox 170 376 1746 462; baseline 0.01 -35"><span class='ocrx_word' id='word_1_7' title='bbox 170 376 251 445; x_wconf 78' lang='grc' dir='ltr'>τῷ</span> <span class='ocrx_word' id='word_1_8' title='bbox 312 378 577 445; x_wconf 71' lang='grc' dir='ltr'>ἐλάττονι,</span> <span class='ocrx_word' id='word_1_9' title='bbox 631 379 745 443; x_wconf 82' lang='grc' dir='ltr'>πῶς</span> <span class='ocrx_word' id='word_1_10' title='bbox 774 379 895 452; x_wconf 74' lang='grc' dir='ltr'>οὐχὶ</span> <span class='ocrx_word' id='word_1_11' title='bbox 925 380 1103 454; x_wconf 83' lang='grc' dir='ltr'>πολλῷ</span> <span class='ocrx_word' id='word_1_12' title='bbox 1130 384 1332 455; x_wconf 83' lang='grc' dir='ltr'>μᾶλλον</span> <span class='ocrx_word' id='word_1_13' title='bbox 1362 386 1657 460; x_wconf 75' lang='grc' dir='ltr'><strong>ἐνυπάρξει</strong></span> <span class='ocrx_word' id='word_1_14' title='bbox 1679 390 1746 462; x_wconf 72' lang='grc' dir='ltr'>τζί</span> 
     </span>
    </p>
   </div>
   <div class='ocr_carea' id='block_1_5' title="bbox 1854 376 3439 463">
    <p class='ocr_par' dir='ltr' id='par_1_5' title="bbox 1861 391 3439 463">
     <span class='ocr_line' id='line_1_5' title="bbox 1861 391 3439 463; baseline 0.001 -17"><span class='ocrx_word' id='word_1_15' title='bbox 1861 393 2160 447; x_wconf 85' lang='lat' dir='ltr'><strong>criminum</strong></span> <span class='ocrx_word' id='word_1_16' title='bbox 2199 392 2582 447; x_wconf 83' lang='lat' dir='ltr'><strong>remissionem</strong></span> <span class='ocrx_word' id='word_1_17' title='bbox 2630 391 2943 463; x_wconf 72' lang='lat' dir='ltr'><strong>largiretur.</strong></span> <span class='ocrx_word' id='word_1_18' title='bbox 3000 392 3054 446; x_wconf 93' lang='lat' dir='ltr'><strong>ld</strong></span> <span class='ocrx_word' id='word_1_19' title='bbox 3101 392 3246 445; x_wconf 89' lang='lat' dir='ltr'><strong>enim</strong></span> <span class='ocrx_word' id='word_1_20' title='bbox 3294 391 3439 462; x_wconf 90' lang='lat' dir='ltr'><strong>quod</strong></span> 
     </span>
    </p>
   </div>
   <div class='ocr_carea' id='block_1_6' title="bbox 165 468 413 538">
    <p class='ocr_par' dir='ltr' id='par_1_6' title="bbox 165 468 413 538">
     <span class='ocr_line' id='line_1_6' title="bbox 165 468 413 538; baseline 0.004 -18"><span class='ocrx_word' id='word_1_21' title='bbox 165 468 378 538; x_wconf 76' lang='grc' dir='ltr'>μείζονι</span> <span class='ocrx_word' id='word_1_22' title='bbox 397 487 413 537; x_wconf 89' lang='lat'><strong>;</strong></span> 
     </span>
    </p>
   </div>
   <div class='ocr_carea' id='block_1_7' title="bbox 236 650 1751 736">
    <p class='ocr_par' dir='ltr' id='par_1_7' title="bbox 236 650 1751 736">
     <span class='ocr_line' id='line_1_7' title="bbox 236 650 1751 736; baseline 0.009 -33"><span class='ocrx_word' id='word_1_23' title='bbox 236 650 353 704; x_wconf 74' lang='grc' dir='ltr'><strong>Καὶ</strong></span> <span class='ocrx_word' id='word_1_24' title='bbox 388 651 613 705; x_wconf 77' lang='grc' dir='ltr'>οὐδέπου</span> <span class='ocrx_word' id='word_1_25' title='bbox 642 670 706 722; x_wconf 90' lang='grc' dir='ltr'><strong>γε</strong></span> <span class='ocrx_word' id='word_1_26' title='bbox 731 653 866 708; x_wconf 89' lang='grc' dir='ltr'>διότι</span> <span class='ocrx_word' id='word_1_27' title='bbox 895 655 1005 708; x_wconf 85' lang='grc' dir='ltr'><strong>τῶν</strong></span> <span class='ocrx_word' id='word_1_28' title='bbox 1053 655 1453 729; x_wconf 88' lang='grc' dir='ltr'>βαπτισμάτων</span> <span class='ocrx_word' id='word_1_29' title='bbox 1489 661 1751 736; x_wconf 80' lang='grc' dir='ltr'>ἑκάτερον</span> 
     </span>
    </p>
   </div>
   <div class='ocr_carea' id='block_1_8' title="bbox 163 743 1752 826">
    <p class='ocr_par' dir='ltr' id='par_1_8' title="bbox 163 743 1752 826">
     <span class='ocr_line' id='line_1_8' title="bbox 163 743 1752 826; baseline 0.007 -29"><span class='ocrx_word' id='word_1_30' title='bbox 163 744 228 797; x_wconf 81' lang='grc' dir='ltr'><strong>τό</strong></span> <span class='ocrx_word' id='word_1_31' title='bbox 250 762 314 797; x_wconf 90' lang='grc' dir='ltr'><strong>τε</strong></span> <span class='ocrx_word' id='word_1_32' title='bbox 357 743 625 811; x_wconf 83' lang='grc' dir='ltr'><strong>Ἰωάννου,</strong></span> <span class='ocrx_word' id='word_1_33' title='bbox 664 746 757 800; x_wconf 70' lang='lat' dir='ltr'><strong>xci.</strong></span> <span class='ocrx_word' id='word_1_34' title='bbox 784 747 845 801; x_wconf 83' lang='lat'><em>1:6</em></span> <span class='ocrx_word' id='word_1_35' title='bbox 874 751 1204 804; x_wconf 78' lang='grc' dir='ltr'>Δεσποτικὺν</span> <span class='ocrx_word' id='word_1_36' title='bbox 1237 752 1434 821; x_wconf 82' lang='grc' dir='ltr'>ἄφεσιν</span> <span class='ocrx_word' id='word_1_37' title='bbox 1464 755 1752 826; x_wconf 83' lang='grc' dir='ltr'>ἁμαρτιῶν</span> 
     </span>
    </p>
   </div>
   <div class='ocr_carea' id='block_1_9' title="bbox 164 836 1751 917">
    <p class='ocr_par' dir='ltr' id='par_1_9' title="bbox 164 836 1751 917">
     <span class='ocr_line' id='line_1_9' title="bbox 164 836 1751 917; baseline 0.009 -30"><span class='ocrx_word' id='word_1_38' title='bbox 164 836 477 906; x_wconf 70' lang='grc' dir='ltr'>ἐχαρίζετο,</span> <span class='ocrx_word' id='word_1_39' title='bbox 512 837 602 891; x_wconf 84' lang='grc' dir='ltr'><strong>διὰ</strong></span> <span class='ocrx_word' id='word_1_40' title='bbox 629 839 790 892; x_wconf 83' lang='grc' dir='ltr'>τοῦτο</span> <span class='ocrx_word' id='word_1_41' title='bbox 827 841 926 911; x_wconf 80' lang='grc' dir='ltr'>τὴν</span> <span class='ocrx_word' id='word_1_42' title='bbox 949 842 1007 894; x_wconf 82' lang='grc' dir='ltr'>ὲν</span> <span class='ocrx_word' id='word_1_43' title='bbox 1039 843 1221 908; x_wconf 83' lang='grc' dir='ltr'>αὐτοῖς</span> <span class='ocrx_word' id='word_1_44' title='bbox 1243 846 1537 917; x_wconf 78' lang='grc' dir='ltr'>άγνοητέον</span> <span class='ocrx_word' id='word_1_45' title='bbox 1564 848 1751 917; x_wconf 81' lang='grc' dir='ltr'>διαφο-</span> 
     </span>
    </p>
   </div>
   <div class='ocr_carea' id='block_1_10' title="bbox 166 929 1753 1005">
    <p class='ocr_par' dir='ltr' id='par_1_10' title="bbox 166 929 1753 1005">
     <span class='ocr_line' id='line_1_10' title="bbox 166 929 1753 1005; baseline 0.007 -23"><span class='ocrx_word' id='word_1_46' title='bbox 166 929 293 999; x_wconf 90' lang='grc' dir='ltr'>ράν.</span> <span class='ocrx_word' id='word_1_47' title='bbox 320 929 457 984; x_wconf 85' lang='grc' dir='ltr'>Οὐδὲ</span> <span class='ocrx_word' id='word_1_48' title='bbox 501 930 634 1003; x_wconf 83' lang='grc' dir='ltr'>γὰρ,</span> <span class='ocrx_word' id='word_1_49' title='bbox 666 932 787 986; x_wconf 85' lang='grc' dir='ltr'>οὐδὲ</span> <span class='ocrx_word' id='word_1_50' title='bbox 828 935 883 987; x_wconf 78' lang='grc' dir='ltr'>αἱ</span> <span class='ocrx_word' id='word_1_51' title='bbox 914 936 1136 1005; x_wconf 74' lang='grc' dir='ltr'>νομικαὶ</span> <span class='ocrx_word' id='word_1_52' title='bbox 1160 936 1365 1005; x_wconf 78' lang='grc' dir='ltr'><strong>θυσίαι,</strong></span> <span class='ocrx_word' id='word_1_53' title='bbox 1394 939 1489 992; x_wconf 77' lang='grc' dir='ltr'>καὶ</span> <span class='ocrx_word' id='word_1_54' title='bbox 1520 941 1573 993; x_wconf 77' lang='grc' dir='ltr'>αἱ</span> <span class='ocrx_word' id='word_1_55' title='bbox 1601 941 1753 993; x_wconf 85' lang='grc' dir='ltr'>τελε-</span> 
     </span>
    </p>
   </div>
   <div class='ocr_carea' id='block_1_11' title="bbox 160 1020 1751 1100">
    <p class='ocr_par' dir='ltr' id='par_1_11' title="bbox 160 1020 1751 1100">
     <span class='ocr_line' id='line_1_11' title="bbox 160 1020 1751 1100; baseline 0.008 -29"><span class='ocrx_word' id='word_1_56' title='bbox 160 1021 280 1080; x_wconf 79' lang='grc' dir='ltr'>ταὶ,</span> <span class='ocrx_word' id='word_1_57' title='bbox 320 1022 413 1073; x_wconf 75' lang='grc' dir='ltr'>καὶ</span> <span class='ocrx_word' id='word_1_58' title='bbox 464 1020 533 1074; x_wconf 84' lang='grc' dir='ltr'>τὰ</span> <span class='ocrx_word' id='word_1_59' title='bbox 584 1020 957 1093; x_wconf 86' lang='grc' dir='ltr'>βαπτίσματα,</span> <span class='ocrx_word' id='word_1_60' title='bbox 985 1025 1123 1079; x_wconf 84' lang='grc' dir='ltr'>διότι</span> <span class='ocrx_word' id='word_1_61' title='bbox 1172 1027 1282 1080; x_wconf 81' lang='grc' dir='ltr'><strong>τῶν</strong></span> <span class='ocrx_word' id='word_1_62' title='bbox 1337 1028 1751 1100; x_wconf 78' lang='grc' dir='ltr'><strong>ἁμαρτημάτων</strong></span> 
     </span>
    </p>
   </div>
   <div class='ocr_carea' id='block_1_12' title="bbox 162 1114 1751 1186">
    <p class='ocr_par' dir='ltr' id='par_1_12' title="bbox 162 1114 1751 1186">
     <span class='ocr_line' id='line_1_12' title="bbox 162 1114 1751 1186; baseline 0.008 -21"><span class='ocrx_word' id='word_1_63' title='bbox 162 1114 536 1183; x_wconf 76' lang='grc' dir='ltr'><strong>ἐχρημάτιζον</strong></span> <span class='ocrx_word' id='word_1_64' title='bbox 591 1114 880 1186; x_wconf 77' lang='grc' dir='ltr'><strong>κάθαρσις,</strong></span> <span class='ocrx_word' id='word_1_65' title='bbox 928 1118 1017 1171; x_wconf 83' lang='grc' dir='ltr'><strong>διὰ</strong></span> <span class='ocrx_word' id='word_1_66' title='bbox 1067 1119 1227 1173; x_wconf 78' lang='grc' dir='ltr'>τοῦτο</span> <span class='ocrx_word' id='word_1_67' title='bbox 1269 1122 1457 1176; x_wconf 78' lang='grc' dir='ltr'>καὶτὸ</span> <span class='ocrx_word' id='word_1_68' title='bbox 1503 1122 1751 1177; x_wconf 85' lang='grc' dir='ltr'>Ἰωάννου</span> 
     </span>
    </p>
   </div>
   <div class='ocr_carea' id='block_1_13' title="bbox 162 1203 1753 1285">
    <p class='ocr_par' dir='ltr' id='par_1_13' title="bbox 162 1203 1753 1285">
     <span class='ocr_line' id='line_1_13' title="bbox 162 1203 1753 1285; baseline 0.005 -29"><span class='ocrx_word' id='word_1_69' title='bbox 162 1203 339 1272; x_wconf 69' lang='grc' dir='ltr'>μηδὲν</span> <span class='ocrx_word' id='word_1_70' title='bbox 386 1205 567 1258; x_wconf 80' lang='grc' dir='ltr'>αὐτῶν</span> <span class='ocrx_word' id='word_1_71' title='bbox 598 1206 879 1277; x_wconf 79' lang='grc' dir='ltr'>διαφέρειν</span> <span class='ocrx_word' id='word_1_72' title='bbox 920 1209 1355 1280; x_wconf 74' lang='grc' dir='ltr'>άπαιτήσουσινο</span> <span class='ocrx_word' id='word_1_73' title='bbox 1390 1212 1524 1266; x_wconf 81' lang='grc' dir='ltr'>ἀλλὰ</span> <span class='ocrx_word' id='word_1_74' title='bbox 1562 1212 1753 1285; x_wconf 83' lang='grc' dir='ltr'>ὥσπερ</span> 
     </span>
    </p>
   </div>
   <div class='ocr_carea' id='block_1_14' title="bbox 165 1297 1754 1374">
    <p class='ocr_par' dir='ltr' id='par_1_14' title="bbox 165 1297 1754 1374">
     <span class='ocr_line' id='line_1_14' title="bbox 165 1297 1754 1374; baseline 0.005 -22"><span class='ocrx_word' id='word_1_75' title='bbox 165 1301 193 1352; x_wconf 90' lang='lat'><strong>6</strong></span> <span class='ocrx_word' id='word_1_76' title='bbox 220 1297 539 1370; x_wconf 74' lang='grc' dir='ltr'>Πρόδρομος</span> <span class='ocrx_word' id='word_1_77' title='bbox 562 1319 579 1351; x_wconf 83' lang='grc' dir='ltr'><strong>ι</strong></span> <span class='ocrx_word' id='word_1_78' title='bbox 615 1299 819 1371; x_wconf 76' lang='grc' dir='ltr'>μείζων</span> <span class='ocrx_word' id='word_1_79' title='bbox 846 1303 905 1355; x_wconf 81' lang='grc' dir='ltr'>ὲν</span> <span class='ocrx_word' id='word_1_80' title='bbox 928 1305 1206 1373; x_wconf 79' lang='grc' dir='ltr'>γεννητοῖς</span> <span class='ocrx_word' id='word_1_81' title='bbox 1234 1306 1530 1374; x_wconf 82' lang='grc' dir='ltr'>γυναικῶν,</span> <span class='ocrx_word' id='word_1_82' title='bbox 1566 1326 1584 1359; x_wconf 70' lang='grc' dir='ltr'><strong>ι</strong></span> <span class='ocrx_word' id='word_1_83' title='bbox 1613 1307 1754 1360; x_wconf 86' lang='grc' dir='ltr'>οὐτω</span> 
     </span>
    </p>
   </div>
   <div class='ocr_carea' id='block_1_15' title="bbox 164 1391 1755 1469">
    <p class='ocr_par' dir='ltr' id='par_1_15' title="bbox 164 1391 1755 1469">
     <span class='ocr_line' id='line_1_15' title="bbox 164 1391 1755 1469; baseline 0.006 -26"><span class='ocrx_word' id='word_1_84' title='bbox 164 1391 224 1443; x_wconf 77' lang='grc' dir='ltr'><strong>τὸ</strong></span> <span class='ocrx_word' id='word_1_85' title='bbox 258 1392 546 1463; x_wconf 79' lang='grc' dir='ltr'>βάπτισμα</span> <span class='ocrx_word' id='word_1_86' title='bbox 594 1393 757 1448; x_wconf 79' lang='grc' dir='ltr'>αὐτοῦ</span> <span class='ocrx_word' id='word_1_87' title='bbox 792 1394 979 1464; x_wconf 73' lang='grc' dir='ltr'>μεῖζον</span> <span class='ocrx_word' id='word_1_88' title='bbox 1028 1395 1136 1449; x_wconf 85' lang='grc' dir='ltr'>τῶν</span> <span class='ocrx_word' id='word_1_89' title='bbox 1162 1398 1405 1469; x_wconf 81' lang='grc' dir='ltr'>νομικῶν</span> <span class='ocrx_word' id='word_1_90' title='bbox 1434 1414 1449 1428; x_wconf 82' lang='lat'><strong><em>°</em></strong></span> <span class='ocrx_word' id='word_1_91' title='bbox 1510 1400 1633 1453; x_wconf 77' lang='grc' dir='ltr'>ἐπεὶ</span> <span class='ocrx_word' id='word_1_92' title='bbox 1659 1400 1755 1452; x_wconf 75' lang='grc' dir='ltr'>καὶ</span> 
     </span>
    </p>
   </div>
   <div class='ocr_carea' id='block_1_16' title="bbox 161 1480 1752 1561">
    <p class='ocr_par' dir='ltr' id='par_1_16' title="bbox 161 1480 1752 1561">
     <span class='ocr_line' id='line_1_16' title="bbox 161 1480 1752 1561; baseline 0.006 -26"><span class='ocrx_word' id='word_1_93' title='bbox 161 1483 288 1535; x_wconf 78' lang='grc' dir='ltr'>ὅσον</span> <span class='ocrx_word' id='word_1_94' title='bbox 321 1484 459 1554; x_wconf 78' lang='grc' dir='ltr'>πρὸς</span> <span class='ocrx_word' id='word_1_95' title='bbox 482 1484 541 1538; x_wconf 84' lang='grc' dir='ltr'>τὸ</span> <span class='ocrx_word' id='word_1_96' title='bbox 581 1484 804 1539; x_wconf 81' lang='grc' dir='ltr'>ἔλαττον</span> <span class='ocrx_word' id='word_1_97' title='bbox 842 1480 1232 1543; x_wconf 77' lang='grc' dir='ltr'>ὑποστέλλεται</span> <span class='ocrx_word' id='word_1_98' title='bbox 1278 1490 1311 1561; x_wconf 79' lang='grc' dir='ltr'>ὴ</span> <span class='ocrx_word' id='word_1_99' title='bbox 1340 1491 1492 1561; x_wconf 77' lang='grc' dir='ltr'>φωνὴ</span> <span class='ocrx_word' id='word_1_100' title='bbox 1532 1490 1626 1544; x_wconf 81' lang='grc' dir='ltr'>τοῦ</span> <span class='ocrx_word' id='word_1_101' title='bbox 1662 1490 1752 1544; x_wconf 76' lang='grc' dir='ltr'>λό-</span> 
     </span>
    </p>
   </div>
   <div class='ocr_carea' id='block_1_17' title="bbox 165 1577 1754 1656">
    <p class='ocr_par' dir='ltr' id='par_1_17' title="bbox 165 1577 1754 1656">
     <span class='ocr_line' id='line_1_17' title="bbox 165 1577 1754 1656; baseline 0.006 -26"><span class='ocrx_word' id='word_1_102' title='bbox 165 1594 289 1645; x_wconf 85' lang='grc' dir='ltr'>γου,</span> <span class='ocrx_word' id='word_1_103' title='bbox 322 1580 351 1631; x_wconf 97' lang='lat'><strong>6</strong></span> <span class='ocrx_word' id='word_1_104' title='bbox 390 1577 568 1649; x_wconf 77' lang='grc' dir='ltr'>κῆρυξ</span> <span class='ocrx_word' id='word_1_105' title='bbox 612 1578 707 1632; x_wconf 81' lang='grc' dir='ltr'><strong>τοῦ</strong></span> <span class='ocrx_word' id='word_1_106' title='bbox 752 1582 1187 1653; x_wconf 81' lang='grc' dir='ltr'>κηρυττομένου,</span> <span class='ocrx_word' id='word_1_107' title='bbox 1239 1584 1268 1637; x_wconf 92' lang='lat'><strong>6</strong></span> <span class='ocrx_word' id='word_1_108' title='bbox 1307 1584 1616 1656; x_wconf 81' lang='grc' dir='ltr'>πρόδρομος</span> <span class='ocrx_word' id='word_1_109' title='bbox 1654 1586 1754 1656; x_wconf 84' lang='grc' dir='ltr'>τῆς</span> 
     </span>
    </p>
   </div>
   <div class='ocr_carea' id='block_1_18' title="bbox 167 1669 1751 1740">
    <p class='ocr_par' dir='ltr' id='par_1_18' title="bbox 167 1669 1751 1740">
     <span class='ocr_line' id='line_1_18' title="bbox 167 1669 1751 1740; baseline 0.003 -16"><span class='ocrx_word' id='word_1_110' title='bbox 167 1669 462 1740; x_wconf 73' lang='grc' dir='ltr'>βασιλικῆς</span> <span class='ocrx_word' id='word_1_111' title='bbox 503 1671 831 1740; x_wconf 88' lang='grc' dir='ltr'>παρουσίας,</span> <span class='ocrx_word' id='word_1_112' title='bbox 862 1674 890 1726; x_wconf 92' lang='lat'><strong>6</strong></span> <span class='ocrx_word' id='word_1_113' title='bbox 916 1672 1100 1738; x_wconf 79' lang='grc' dir='ltr'>δοῦλος</span> <span class='ocrx_word' id='word_1_114' title='bbox 1128 1674 1223 1729; x_wconf 81' lang='grc' dir='ltr'>τοῦ</span> <span class='ocrx_word' id='word_1_115' title='bbox 1252 1675 1535 1740; x_wconf 84' lang='grc' dir='ltr'>δεσπότου,</span> <span class='ocrx_word' id='word_1_116' title='bbox 1567 1674 1751 1729; x_wconf 84' lang='grc' dir='ltr'>τοσοῦ-</span> 
     </span>
    </p>
   </div>
   <div class='ocr_carea' id='block_1_19' title="bbox 1854 483 3442 554">
    <p class='ocr_par' dir='ltr' id='par_1_19' title="bbox 1854 483 3442 554">
     <span class='ocr_line' id='line_1_19' title="bbox 1854 483 3442 554; baseline 0.001 -16"><span class='ocrx_word' id='word_1_117' title='bbox 1854 483 2034 539; x_wconf 91' lang='lat' dir='ltr'><strong>inerat</strong></span> <span class='ocrx_word' id='word_1_118' title='bbox 2065 484 2288 550; x_wconf 89' lang='lat' dir='ltr'><strong>minori,</strong></span> <span class='ocrx_word' id='word_1_119' title='bbox 2310 483 2591 554; x_wconf 87' lang='lat' dir='ltr'><strong>quomodo</strong></span> <span class='ocrx_word' id='word_1_120' title='bbox 2615 483 2668 538; x_wconf 92' lang='lat' dir='ltr'><strong>in</strong></span> <span class='ocrx_word' id='word_1_121' title='bbox 2697 484 2893 553; x_wconf 81' lang='lat' dir='ltr'><strong>majori</strong></span> <span class='ocrx_word' id='word_1_122' title='bbox 2920 483 3090 538; x_wconf 90' lang='lat' dir='ltr'><strong>multo</strong></span> <span class='ocrx_word' id='word_1_123' title='bbox 3122 483 3298 553; x_wconf 86' lang='lat' dir='ltr'><strong>magis</strong></span> <span class='ocrx_word' id='word_1_124' title='bbox 3329 500 3442 539; x_wconf 78' lang='lat' dir='ltr'><strong>non</strong></span> 
     </span>
    </p>
   </div>
   <div class='ocr_carea' id='block_1_20' title="bbox 1852 577 2204 633">
    <p class='ocr_par' dir='ltr' id='par_1_20' title="bbox 1852 577 2204 633">
     <span class='ocr_line' id='line_1_20' title="bbox 1852 577 2204 633; baseline -0.003 -1"><span class='ocrx_word' id='word_1_125' title='bbox 1852 577 2204 633; x_wconf 77' lang='lat' dir='ltr'><strong>invenietur?</strong></span> 
     </span>
    </p>
   </div>
   <div class='ocr_carea' id='block_1_21' title="bbox 1924 668 3443 741">
    <p class='ocr_par' dir='ltr' id='par_1_21' title="bbox 1924 668 3443 741">
     <span class='ocr_line' id='line_1_21' title="bbox 1924 668 3443 741; baseline 0.001 -18"><span class='ocrx_word' id='word_1_126' title='bbox 1924 669 2111 740; x_wconf 83' lang='lat' dir='ltr'><strong>Neque</strong></span> <span class='ocrx_word' id='word_1_127' title='bbox 2156 686 2286 725; x_wconf 86' lang='lat' dir='ltr'><strong>vero</strong></span> <span class='ocrx_word' id='word_1_128' title='bbox 2327 674 2455 741; x_wconf 88' lang='lat' dir='ltr'><strong>quia</strong></span> <span class='ocrx_word' id='word_1_129' title='bbox 2496 680 2793 741; x_wconf 91' lang='lat' dir='ltr'><strong>utrumque</strong></span> <span class='ocrx_word' id='word_1_130' title='bbox 2843 670 3150 739; x_wconf 80' lang='lat' dir='ltr'><strong>baptisma,</strong></span> <span class='ocrx_word' id='word_1_131' title='bbox 3211 668 3443 727; x_wconf 82' lang='lat' dir='ltr'><strong>Joannis</strong></span> 
     </span>
    </p>
   </div>
   <div class='ocr_carea' id='block_1_22' title="bbox 1851 761 3443 828">
    <p class='ocr_par' dir='ltr' id='par_1_22' title="bbox 1851 761 3443 828">
     <span class='ocr_line' id='line_1_22' title="bbox 1851 761 3443 828; baseline -0.001 -12"><span class='ocrx_word' id='word_1_132' title='bbox 1851 761 2061 816; x_wconf 86' lang='lat' dir='ltr'><strong>scilicet</strong></span> <span class='ocrx_word' id='word_1_133' title='bbox 2103 771 2156 817; x_wconf 93' lang='lat' dir='ltr'><strong>ct</strong></span> <span class='ocrx_word' id='word_1_134' title='bbox 2194 761 2419 828; x_wconf 88' lang='lat' dir='ltr'><strong>Christi,</strong></span> <span class='ocrx_word' id='word_1_135' title='bbox 2463 762 2766 817; x_wconf 87' lang='lat' dir='ltr'><strong>sceleribus</strong></span> <span class='ocrx_word' id='word_1_136' title='bbox 2806 761 3151 816; x_wconf 83' lang='lat' dir='ltr'><strong>remittendis</strong></span> <span class='ocrx_word' id='word_1_137' title='bbox 3204 761 3443 826; x_wconf 81' lang='lat' dir='ltr'><strong>valebat,</strong></span> 
     </span>
    </p>
   </div>
   <div class='ocr_carea' id='block_1_23' title="bbox 1855 853 3441 923">
    <p class='ocr_par' dir='ltr' id='par_1_23' title="bbox 1855 853 3441 923">
     <span class='ocr_line' id='line_1_23' title="bbox 1855 853 3441 923; baseline 0 -16"><span class='ocrx_word' id='word_1_138' title='bbox 1855 865 2141 923; x_wconf 81' lang='lat' dir='ltr'><strong>propterea</strong></span> <span class='ocrx_word' id='word_1_139' title='bbox 2179 855 2326 909; x_wconf 83' lang='lat' dir='ltr'><strong>nulla</strong></span> <span class='ocrx_word' id='word_1_140' title='bbox 2360 856 2505 908; x_wconf 88' lang='lat' dir='ltr'><strong>inter</strong></span> <span class='ocrx_word' id='word_1_141' title='bbox 2530 870 2593 908; x_wconf 90' lang='lat' dir='ltr'><strong>ea</strong></span> <span class='ocrx_word' id='word_1_142' title='bbox 2645 853 2950 908; x_wconf 78' lang='lat' dir='ltr'><strong>differentia</strong></span> <span class='ocrx_word' id='word_1_143' title='bbox 3003 854 3163 909; x_wconf 85' lang='lat' dir='ltr'><strong>debet</strong></span> <span class='ocrx_word' id='word_1_144' title='bbox 3196 855 3441 923; x_wconf 83' lang='lat' dir='ltr'><strong>agnosci.</strong></span> 
     </span>
    </p>
   </div>
   <div class='ocr_carea' id='block_1_24' title="bbox 1850 943 3444 1013">
    <p class='ocr_par' dir='ltr' id='par_1_24' title="bbox 1850 943 3444 1013">
     <span class='ocr_line' id='line_1_24' title="bbox 1850 943 3444 1013; baseline -0.001 -14"><span class='ocrx_word' id='word_1_145' title='bbox 1850 946 1968 1001; x_wconf 87' lang='lat' dir='ltr'><strong>Non</strong></span> <span class='ocrx_word' id='word_1_146' title='bbox 2005 946 2147 999; x_wconf 83' lang='lat' dir='ltr'><strong>enim</strong></span> <span class='ocrx_word' id='word_1_147' title='bbox 2179 954 2233 999; x_wconf 88' lang='lat' dir='ltr'><strong>et</strong></span> <span class='ocrx_word' id='word_1_148' title='bbox 2265 945 2463 1013; x_wconf 71' lang='lat' dir='ltr'><strong>legales</strong></span> <span class='ocrx_word' id='word_1_149' title='bbox 2492 944 2748 1009; x_wconf 64' lang='lat' dir='ltr'><strong>victimae,</strong></span> <span class='ocrx_word' id='word_1_150' title='bbox 2784 953 2835 998; x_wconf 88' lang='lat' dir='ltr'><strong>et</strong></span> <span class='ocrx_word' id='word_1_151' title='bbox 2881 943 3244 1006; x_wconf 64' lang='lat' dir='ltr'><strong>caeremonias,</strong></span> <span class='ocrx_word' id='word_1_152' title='bbox 3277 944 3444 999; x_wconf 89' lang='lat' dir='ltr'><strong>lotio-</strong></span> 
     </span>
    </p>
   </div>
   <div class='ocr_carea' id='block_1_25' title="bbox 1853 1035 3442 1108">
    <p class='ocr_par' dir='ltr' id='par_1_25' title="bbox 1853 1035 3442 1108">
     <span class='ocr_line' id='line_1_25' title="bbox 1853 1035 3442 1108; baseline -0.003 -14"><span class='ocrx_word' id='word_1_153' title='bbox 1853 1053 2097 1108; x_wconf 75' lang='lat' dir='ltr'><strong>uesque,</strong></span> <span class='ocrx_word' id='word_1_154' title='bbox 2132 1036 2261 1107; x_wconf 86' lang='lat' dir='ltr'><strong>quia</strong></span> <span class='ocrx_word' id='word_1_155' title='bbox 2296 1036 2711 1090; x_wconf 77' lang='lat' dir='ltr'><strong>inundationem</strong></span> <span class='ocrx_word' id='word_1_156' title='bbox 2760 1036 3029 1090; x_wconf 81' lang='lat' dir='ltr'><strong>scelerum</strong></span> <span class='ocrx_word' id='word_1_157' title='bbox 3086 1035 3442 1105; x_wconf 68' lang='lat' dir='ltr'><strong>praestabant,</strong></span> 
     </span>
    </p>
   </div>
   <div class='ocr_carea' id='block_1_26' title="bbox 1853 1126 3447 1197">
    <p class='ocr_par' dir='ltr' id='par_1_26' title="bbox 1853 1126 3447 1197">
     <span class='ocr_line' id='line_1_26' title="bbox 1853 1126 3447 1197; baseline -0.003 -13"><span class='ocrx_word' id='word_1_158' title='bbox 1853 1130 2061 1186; x_wconf 88' lang='lat' dir='ltr'><strong>idcirco</strong></span> <span class='ocrx_word' id='word_1_159' title='bbox 2097 1129 2233 1183; x_wconf 85' lang='lat' dir='ltr'><strong>nihil</strong></span> <span class='ocrx_word' id='word_1_160' title='bbox 2262 1144 2291 1183; x_wconf 89' lang='lat' dir='ltr'><strong>a</strong></span> <span class='ocrx_word' id='word_1_161' title='bbox 2330 1129 2662 1197; x_wconf 85' lang='lat' dir='ltr'><strong>baptismate</strong></span> <span class='ocrx_word' id='word_1_162' title='bbox 2702 1127 2930 1183; x_wconf 77' lang='lat' dir='ltr'><strong>Joannis</strong></span> <span class='ocrx_word' id='word_1_163' title='bbox 2960 1126 3170 1181; x_wconf 85' lang='lat' dir='ltr'><strong>distare</strong></span> <span class='ocrx_word' id='word_1_164' title='bbox 3219 1135 3447 1180; x_wconf 86' lang='lat' dir='ltr'><strong>conten-</strong></span> 
     </span>
    </p>
   </div>
   <div class='ocr_carea' id='block_1_27' title="bbox 1852 1217 3445 1288">
    <p class='ocr_par' dir='ltr' id='par_1_27' title="bbox 1852 1217 3445 1288">
     <span class='ocr_line' id='line_1_27' title="bbox 1852 1217 3445 1288; baseline -0.001 -13"><span class='ocrx_word' id='word_1_165' title='bbox 1852 1221 2029 1275; x_wconf 87' lang='lat' dir='ltr'><strong>deut:</strong></span> <span class='ocrx_word' id='word_1_166' title='bbox 2092 1222 2185 1275; x_wconf 88' lang='lat' dir='ltr'><strong>sed</strong></span> <span class='ocrx_word' id='word_1_167' title='bbox 2243 1218 2705 1288; x_wconf 86' lang='lat' dir='ltr'><strong>quemadmodum</strong></span> <span class='ocrx_word' id='word_1_168' title='bbox 2784 1217 3009 1287; x_wconf 72' lang='lat' dir='ltr'><strong>«Major</strong></span> <span class='ocrx_word' id='word_1_169' title='bbox 3071 1219 3212 1271; x_wconf 91' lang='lat' dir='ltr'><strong>inter</strong></span> <span class='ocrx_word' id='word_1_170' title='bbox 3283 1230 3445 1273; x_wconf 87' lang='lat' dir='ltr'><strong>nans</strong></span> 
     </span>
    </p>
   </div>
   <div class='ocr_carea' id='block_1_28' title="bbox 1854 1310 3444 1380">
    <p class='ocr_par' dir='ltr' id='par_1_28' title="bbox 1854 1310 3444 1380">
     <span class='ocr_line' id='line_1_28' title="bbox 1854 1310 3444 1380; baseline -0.002 -13"><span class='ocrx_word' id='word_1_171' title='bbox 1854 1314 2147 1368; x_wconf 83' lang='lat' dir='ltr'><strong>mulierum</strong></span> <span class='ocrx_word' id='word_1_172' title='bbox 2175 1314 2222 1345; x_wconf 81' lang='lat'><strong>&quot;</strong></span> <span class='ocrx_word' id='word_1_173' title='bbox 2261 1332 2279 1363; x_wconf 76' lang='grc' dir='ltr'><strong>ι</strong></span> <span class='ocrx_word' id='word_1_174' title='bbox 2332 1323 2450 1365; x_wconf 89' lang='lat' dir='ltr'><strong>erat</strong></span> <span class='ocrx_word' id='word_1_175' title='bbox 2482 1310 2833 1376; x_wconf 57' lang='lat' dir='ltr'><strong>Praecursor,</strong></span> <span class='ocrx_word' id='word_1_176' title='bbox 2892 1311 2966 1364; x_wconf 91' lang='lat' dir='ltr'><strong>ita</strong></span> <span class='ocrx_word' id='word_1_177' title='bbox 3010 1311 3129 1380; x_wconf 86' lang='lat' dir='ltr'><strong>ejus</strong></span> <span class='ocrx_word' id='word_1_178' title='bbox 3170 1311 3444 1380; x_wconf 88' lang='lat' dir='ltr'><strong>baptisma</strong></span> 
     </span>
    </p>
   </div>
   <div class='ocr_carea' id='block_1_29' title="bbox 1854 1403 3447 1476">
    <p class='ocr_par' dir='ltr' id='par_1_29' title="bbox 1854 1403 3447 1476">
     <span class='ocr_line' id='line_1_29' title="bbox 1854 1403 3447 1476; baseline -0.003 -17"><span class='ocrx_word' id='word_1_179' title='bbox 1854 1406 2120 1476; x_wconf 79' lang='lat' dir='ltr'><strong>legalibus</strong></span> <span class='ocrx_word' id='word_1_180' title='bbox 2158 1405 2557 1471; x_wconf 87' lang='lat' dir='ltr'><strong>antecellebat;</strong></span> <span class='ocrx_word' id='word_1_181' title='bbox 2599 1412 2887 1474; x_wconf 84' lang='lat' dir='ltr'><strong>propterea</strong></span> <span class='ocrx_word' id='word_1_182' title='bbox 2919 1403 3082 1457; x_wconf 90' lang='lat' dir='ltr'><strong>etiam</strong></span> <span class='ocrx_word' id='word_1_183' title='bbox 3112 1412 3318 1472; x_wconf 87' lang='lat' dir='ltr'><strong>quanto</strong></span> <span class='ocrx_word' id='word_1_184' title='bbox 3340 1417 3447 1456; x_wconf 76' lang='lat' dir='ltr'><strong>vox</strong></span> 
     </span>
    </p>
   </div>
   <div class='ocr_carea' id='block_1_30' title="bbox 1853 1497 3444 1568">
    <p class='ocr_par' dir='ltr' id='par_1_30' title="bbox 1853 1497 3444 1568">
     <span class='ocr_line' id='line_1_30' title="bbox 1853 1497 3444 1568; baseline -0.002 -17"><span class='ocrx_word' id='word_1_185' title='bbox 1853 1499 2044 1563; x_wconf 90' lang='lat' dir='ltr'><strong>verbo,</strong></span> <span class='ocrx_word' id='word_1_186' title='bbox 2080 1497 2407 1568; x_wconf 70' lang='lat' dir='ltr'><strong>prmdicator</strong></span> <span class='ocrx_word' id='word_1_187' title='bbox 2442 1498 2762 1567; x_wconf 61' lang='lat' dir='ltr'><strong>praedicam,</strong></span> <span class='ocrx_word' id='word_1_188' title='bbox 2787 1511 3099 1565; x_wconf 71' lang='lat' dir='ltr'><strong>przecursor</strong></span> <span class='ocrx_word' id='word_1_189' title='bbox 3132 1511 3259 1565; x_wconf 81' lang='lat' dir='ltr'><strong>rege</strong></span> <span class='ocrx_word' id='word_1_190' title='bbox 3303 1510 3444 1564; x_wconf 76' lang='lat' dir='ltr'><strong>pra:-</strong></span> 
     </span>
    </p>
   </div>
   <div class='ocr_carea' id='block_1_31' title="bbox 1856 1590 3448 1660">
    <p class='ocr_par' dir='ltr' id='par_1_31' title="bbox 1856 1590 3448 1660">
     <span class='ocr_line' id='line_1_31' title="bbox 1856 1590 3448 1660; baseline -0.001 -13"><span class='ocrx_word' id='word_1_191' title='bbox 1856 1602 2030 1659; x_wconf 88' lang='lat' dir='ltr'><strong>seute,</strong></span> <span class='ocrx_word' id='word_1_192' title='bbox 2062 1602 2117 1647; x_wconf 93' lang='lat' dir='ltr'><strong>et</strong></span> <span class='ocrx_word' id='word_1_193' title='bbox 2146 1608 2342 1647; x_wconf 89' lang='lat' dir='ltr'><strong>servus</strong></span> <span class='ocrx_word' id='word_1_194' title='bbox 2388 1592 2612 1646; x_wconf 88' lang='lat' dir='ltr'><strong>domino</strong></span> <span class='ocrx_word' id='word_1_195' title='bbox 2658 1590 2838 1645; x_wconf 91' lang='lat' dir='ltr'><strong>minor</strong></span> <span class='ocrx_word' id='word_1_196' title='bbox 2880 1598 3141 1660; x_wconf 82' lang='lat' dir='ltr'><strong>apparet,</strong></span> <span class='ocrx_word' id='word_1_197' title='bbox 3194 1599 3347 1646; x_wconf 88' lang='lat' dir='ltr'><strong>tanto</strong></span> <span class='ocrx_word' id='word_1_198' title='bbox 3391 1600 3448 1646; x_wconf 86' lang='lat' dir='ltr'><strong>et</strong></span> 
     </span>
    </p>
   </div>
   <div class='ocr_carea' id='block_1_32' title="bbox 1854 1683 3444 1753">
    <p class='ocr_par' dir='ltr' id='par_1_32' title="bbox 1854 1683 3444 1753">
     <span class='ocr_line' id='line_1_32' title="bbox 1854 1683 3444 1753; baseline 0 -15"><span class='ocrx_word' id='word_1_199' title='bbox 1854 1684 2082 1739; x_wconf 84' lang='lat' dir='ltr'><strong>Joannis</strong></span> <span class='ocrx_word' id='word_1_200' title='bbox 2114 1684 2407 1753; x_wconf 85' lang='lat' dir='ltr'><strong>baptisma,</strong></span> <span class='ocrx_word' id='word_1_201' title='bbox 2427 1683 2639 1738; x_wconf 84' lang='lat' dir='ltr'><strong>tametsi</strong></span> <span class='ocrx_word' id='word_1_202' title='bbox 2669 1683 2996 1737; x_wconf 84' lang='lat' dir='ltr'><strong>delictorum</strong></span> <span class='ocrx_word' id='word_1_203' title='bbox 3028 1687 3242 1738; x_wconf 86' lang='lat' dir='ltr'><strong>veniam</strong></span> <span class='ocrx_word' id='word_1_204' title='bbox 3269 1683 3444 1749; x_wconf 88' lang='lat' dir='ltr'><strong>daret,</strong></span> 
     </span>
    </p>
   </div>
   <div class='ocr_carea' id='block_1_33' title="bbox 161 1761 1746 1845">
    <p class='ocr_par' dir='ltr' id='par_1_33' title="bbox 161 1761 1746 1840">
     <span class='ocr_line' id='line_1_33' title="bbox 161 1761 1746 1840; baseline 0.003 -25"><span class='ocrx_word' id='word_1_205' title='bbox 161 1780 256 1815; x_wconf 84' lang='grc' dir='ltr'><strong>τον</strong></span> <span class='ocrx_word' id='word_1_206' title='bbox 282 1763 381 1815; x_wconf 70' lang='grc' dir='ltr'>καὶ</span> <span class='ocrx_word' id='word_1_207' title='bbox 411 1762 472 1816; x_wconf 79' lang='grc' dir='ltr'>τὸ</span> <span class='ocrx_word' id='word_1_208' title='bbox 516 1761 609 1815; x_wconf 79' lang='grc' dir='ltr'>τοῦ</span> <span class='ocrx_word' id='word_1_209' title='bbox 647 1763 898 1817; x_wconf 83' lang='grc' dir='ltr'>Ἰωάννου</span> <span class='ocrx_word' id='word_1_210' title='bbox 927 1764 1235 1837; x_wconf 81' lang='grc' dir='ltr'>βάπτισμα,</span> <span class='ocrx_word' id='word_1_211' title='bbox 1282 1767 1332 1819; x_wconf 82' lang='grc' dir='ltr'><strong>εί</strong></span> <span class='ocrx_word' id='word_1_212' title='bbox 1360 1768 1454 1821; x_wconf 75' lang='grc' dir='ltr'>καὶ</span> <span class='ocrx_word' id='word_1_213' title='bbox 1479 1766 1746 1840; x_wconf 82' lang='grc' dir='ltr'>κάθαρσιν</span> 
     </span>
    </p>
   </div>
   <div class='ocr_carea' id='block_1_34' title="bbox 1854 1761 3444 1845">
    <p class='ocr_par' dir='ltr' id='par_1_34' title="bbox 1854 1773 3444 1845">
     <span class='ocr_line' id='line_1_34' title="bbox 1854 1773 3444 1845; baseline -0.001 -16"><span class='ocrx_word' id='word_1_214' title='bbox 1854 1776 2082 1831; x_wconf 88' lang='lat' dir='ltr'><strong>inferius</strong></span> <span class='ocrx_word' id='word_1_215' title='bbox 2117 1776 2408 1845; x_wconf 77' lang='lat' dir='ltr'><strong>reperitur,</strong></span> <span class='ocrx_word' id='word_1_216' title='bbox 2438 1776 2528 1829; x_wconf 87' lang='lat' dir='ltr'><strong>ubi</strong></span> <span class='ocrx_word' id='word_1_217' title='bbox 2565 1790 2688 1828; x_wconf 92' lang='lat' dir='ltr'><strong>cum</strong></span> <span class='ocrx_word' id='word_1_218' title='bbox 2738 1773 3022 1827; x_wconf 81' lang='lat' dir='ltr'><strong>Dominico</strong></span> <span class='ocrx_word' id='word_1_219' title='bbox 3067 1785 3444 1842; x_wconf 88' lang='lat' dir='ltr'><strong>comparatur.</strong></span> 
     </span>
    </p>
   </div>
   <div class='ocr_carea' id='block_1_35' title="bbox 162 1855 1753 1932">
    <p class='ocr_par' dir='ltr' id='par_1_35' title="bbox 162 1855 1753 1932">
     <span class='ocr_line' id='line_1_35' title="bbox 162 1855 1753 1932; baseline 0.004 -24"><span class='ocrx_word' id='word_1_220' title='bbox 162 1858 426 1926; x_wconf 77' lang='grc' dir='ltr'>παρεῖχεν</span> <span class='ocrx_word' id='word_1_221' title='bbox 453 1855 759 1926; x_wconf 84' lang='grc' dir='ltr'>ἁμαρτιῶν,</span> <span class='ocrx_word' id='word_1_222' title='bbox 780 1858 841 1911; x_wconf 78' lang='grc' dir='ltr'>τὸ</span> <span class='ocrx_word' id='word_1_223' title='bbox 869 1857 1212 1929; x_wconf 69' lang='grc' dir='ltr'>ἐνδεέστερον</span> <span class='ocrx_word' id='word_1_224' title='bbox 1235 1860 1373 1931; x_wconf 76' lang='grc' dir='ltr'>πρὸς</span> <span class='ocrx_word' id='word_1_225' title='bbox 1392 1859 1453 1913; x_wconf 72' lang='grc' dir='ltr'><strong>τὸ</strong></span> <span class='ocrx_word' id='word_1_226' title='bbox 1478 1861 1753 1932; x_wconf 80' lang='grc' dir='ltr'>Σωτήριον</span> 
     </span>
    </p>
   </div>
   <div class='ocr_carea' id='block_1_36' title="bbox 163 1948 1754 2022">
    <p class='ocr_par' dir='ltr' id='par_1_36' title="bbox 163 1948 1754 2022">
     <span class='ocr_line' id='line_1_36' title="bbox 163 1948 1754 2022; baseline 0.002 -20"><span class='ocrx_word' id='word_1_227' title='bbox 163 1948 522 2019; x_wconf 60' lang='grc' dir='ltr'>άποςθέρεται.</span> <span class='ocrx_word' id='word_1_228' title='bbox 581 1950 899 2021; x_wconf 81' lang='grc' dir='ltr'>Πρόδρομός</span> <span class='ocrx_word' id='word_1_229' title='bbox 937 1950 1085 2004; x_wconf 76' lang='grc' dir='ltr'>ἐστιν</span> <span class='ocrx_word' id='word_1_230' title='bbox 1116 1952 1322 2015; x_wconf 77' lang='grc' dir='ltr'>ἐκεῖνος</span> <span class='ocrx_word' id='word_1_231' title='bbox 1351 1951 1445 2005; x_wconf 81' lang='grc' dir='ltr'>τοῦ</span> <span class='ocrx_word' id='word_1_232' title='bbox 1491 1952 1754 2022; x_wconf 83' lang='grc' dir='ltr'>βασιλέως</span> 
     </span>
    </p>
   </div>
   <div class='ocr_carea' id='block_1_37' title="bbox 165 2041 1752 2117">
    <p class='ocr_par' dir='ltr' id='par_1_37' title="bbox 165 2041 1752 2117">
     <span class='ocr_line' id='line_1_37' title="bbox 165 2041 1752 2117; baseline 0.006 -26"><span class='ocrx_word' id='word_1_233' title='bbox 165 2041 403 2107; x_wconf 77' lang='grc' dir='ltr'>πάντων,</span> <span class='ocrx_word' id='word_1_234' title='bbox 437 2043 530 2095; x_wconf 79' lang='grc' dir='ltr'>καὶ</span> <span class='ocrx_word' id='word_1_235' title='bbox 560 2041 659 2107; x_wconf 77' lang='grc' dir='ltr'>τῆς</span> <span class='ocrx_word' id='word_1_236' title='bbox 698 2042 885 2113; x_wconf 80' lang='grc' dir='ltr'>κοινῆς</span> <span class='ocrx_word' id='word_1_237' title='bbox 918 2044 1195 2114; x_wconf 84' lang='grc' dir='ltr'>σωτηρίας</span> <span class='ocrx_word' id='word_1_238' title='bbox 1224 2044 1424 2116; x_wconf 80' lang='grc' dir='ltr'>κῆρυξ,</span> <span class='ocrx_word' id='word_1_239' title='bbox 1451 2046 1545 2098; x_wconf 78' lang='grc' dir='ltr'>καὶ</span> <span class='ocrx_word' id='word_1_240' title='bbox 1571 2045 1752 2117; x_wconf 84' lang='grc' dir='ltr'>τίμιος</span> 
     </span>
    </p>
   </div>
   <div class='ocr_carea' id='block_1_38' title="bbox 165 2130 1745 2205">
    <p class='ocr_par' dir='ltr' id='par_1_38' title="bbox 165 2130 1745 2205">
     <span class='ocr_line' id='line_1_38' title="bbox 165 2130 1745 2205; baseline 0.003 -22"><span class='ocrx_word' id='word_1_241' title='bbox 165 2133 194 2183; x_wconf 89' lang='lat'><strong>6</strong></span> <span class='ocrx_word' id='word_1_242' title='bbox 235 2130 399 2202; x_wconf 73' lang='grc' dir='ltr'>ἀνὴρ,</span> <span class='ocrx_word' id='word_1_243' title='bbox 462 2131 554 2185; x_wconf 80' lang='grc' dir='ltr'><strong>καὶ</strong></span> <span class='ocrx_word' id='word_1_244' title='bbox 600 2149 619 2184; x_wconf 79' lang='grc' dir='ltr'><strong>ι</strong></span> <span class='ocrx_word' id='word_1_245' title='bbox 663 2131 867 2203; x_wconf 79' lang='grc' dir='ltr'>μείζων</span> <span class='ocrx_word' id='word_1_246' title='bbox 922 2134 979 2186; x_wconf 82' lang='grc' dir='ltr'>ἐν</span> <span class='ocrx_word' id='word_1_247' title='bbox 1033 2137 1313 2205; x_wconf 78' lang='grc' dir='ltr'>γεννητοῖς</span> <span class='ocrx_word' id='word_1_248' title='bbox 1374 2136 1685 2204; x_wconf 76' lang='grc' dir='ltr'>γυναικῶνο</span> <span class='ocrx_word' id='word_1_249' title='bbox 1726 2155 1745 2188; x_wconf 73' lang='grc' dir='ltr'><strong>ι</strong></span> 
     </span>
    </p>
   </div>
   <div class='ocr_carea' id='block_1_39' title="bbox 166 2222 1751 2299">
    <p class='ocr_par' dir='ltr' id='par_1_39' title="bbox 166 2222 1751 2299">
     <span class='ocr_line' id='line_1_39' title="bbox 166 2222 1751 2299; baseline 0.004 -24"><span class='ocrx_word' id='word_1_250' title='bbox 166 2222 471 2293; x_wconf 74' lang='grc' dir='ltr'>πρόδρομός</span> <span class='ocrx_word' id='word_1_251' title='bbox 518 2226 639 2277; x_wconf 70' lang='grc' dir='ltr'>ἐστι</span> <span class='ocrx_word' id='word_1_252' title='bbox 676 2224 771 2279; x_wconf 75' lang='grc' dir='ltr'>καὶ</span> <span class='ocrx_word' id='word_1_253' title='bbox 806 2225 867 2277; x_wconf 84' lang='grc' dir='ltr'>τὸ</span> <span class='ocrx_word' id='word_1_254' title='bbox 898 2224 1183 2296; x_wconf 85' lang='grc' dir='ltr'>βάπτισμα</span> <span class='ocrx_word' id='word_1_255' title='bbox 1217 2226 1384 2280; x_wconf 81' lang='grc' dir='ltr'>αὐτοῦ</span> <span class='ocrx_word' id='word_1_256' title='bbox 1426 2226 1522 2281; x_wconf 80' lang='grc' dir='ltr'>τοῦ</span> <span class='ocrx_word' id='word_1_257' title='bbox 1568 2228 1751 2299; x_wconf 86' lang='grc' dir='ltr'>Σωτη-</span> 
     </span>
    </p>
   </div>
   <div class='ocr_carea' id='block_1_40' title="bbox 169 2314 1748 2391">
    <p class='ocr_par' dir='ltr' id='par_1_40' title="bbox 169 2314 1748 2391">
     <span class='ocr_line' id='line_1_40' title="bbox 169 2314 1748 2391; baseline 0.006 -25"><span class='ocrx_word' id='word_1_258' title='bbox 169 2314 281 2384; x_wconf 83' lang='grc' dir='ltr'>ρίου</span> <span class='ocrx_word' id='word_1_259' title='bbox 324 2315 420 2368; x_wconf 70' lang='grc' dir='ltr'><strong>καὶ</strong></span> <span class='ocrx_word' id='word_1_260' title='bbox 464 2316 811 2384; x_wconf 85' lang='grc' dir='ltr'>παγκοσμίου</span> <span class='ocrx_word' id='word_1_261' title='bbox 857 2315 1231 2387; x_wconf 86' lang='grc' dir='ltr'>βαπτίσματος</span> <span class='ocrx_word' id='word_1_262' title='bbox 1259 2334 1273 2347; x_wconf 85' lang='grc'><strong>’</strong></span> <span class='ocrx_word' id='word_1_263' title='bbox 1340 2320 1436 2373; x_wconf 73' lang='grc' dir='ltr'>καὶ</span> <span class='ocrx_word' id='word_1_264' title='bbox 1473 2319 1582 2373; x_wconf 80' lang='grc' dir='ltr'><strong>τῶν</strong></span> <span class='ocrx_word' id='word_1_265' title='bbox 1608 2322 1748 2391; x_wconf 81' lang='grc' dir='ltr'>φθα-</span> 
     </span>
    </p>
   </div>
   <div class='ocr_carea' id='block_1_41' title="bbox 166 2406 1753 2481">
    <p class='ocr_par' dir='ltr' id='par_1_41' title="bbox 166 2406 1753 2481">
     <span class='ocr_line' id='line_1_41' title="bbox 166 2406 1753 2481; baseline 0.004 -23"><span class='ocrx_word' id='word_1_266' title='bbox 166 2406 377 2459; x_wconf 80' lang='grc' dir='ltr'>σάντων</span> <span class='ocrx_word' id='word_1_267' title='bbox 418 2406 517 2477; x_wconf 72' lang='grc' dir='ltr'>μὲν</span> <span class='ocrx_word' id='word_1_268' title='bbox 571 2407 984 2478; x_wconf 83' lang='grc' dir='ltr'>ὲντελέστερον,</span> <span class='ocrx_word' id='word_1_269' title='bbox 1020 2408 1201 2480; x_wconf 84' lang='grc' dir='ltr'>πολλῷ</span> <span class='ocrx_word' id='word_1_270' title='bbox 1229 2410 1286 2464; x_wconf 73' lang='grc' dir='ltr'>δὲ</span> <span class='ocrx_word' id='word_1_271' title='bbox 1339 2410 1433 2464; x_wconf 84' lang='grc' dir='ltr'>τοῦ</span> <span class='ocrx_word' id='word_1_272' title='bbox 1467 2410 1753 2481; x_wconf 76' lang='grc' dir='ltr'>μέλλοντος</span> 
     </span>
    </p>
   </div>
   <div class='ocr_carea' id='block_1_42' title="bbox 166 2497 1748 2575">
    <p class='ocr_par' dir='ltr' id='par_1_42' title="bbox 166 2497 1748 2575">
     <span class='ocr_line' id='line_1_42' title="bbox 166 2497 1748 2575; baseline 0.006 -26"><span class='ocrx_word' id='word_1_273' title='bbox 166 2497 405 2551; x_wconf 79' lang='grc' dir='ltr'>ὲνδεέστε</span> <span class='ocrx_word' id='word_1_274' title='bbox 416 2516 504 2568; x_wconf 85' lang='grc' dir='ltr'><strong>ρον</strong></span> <span class='ocrx_word' id='word_1_275' title='bbox 524 2514 539 2529; x_wconf 75' lang='grc' dir='ltr'><strong>ο</strong></span> <span class='ocrx_word' id='word_1_276' title='bbox 566 2500 661 2551; x_wconf 71' lang='grc' dir='ltr'>καὶ</span> <span class='ocrx_word' id='word_1_277' title='bbox 682 2499 944 2571; x_wconf 80' lang='grc' dir='ltr'>καθαῖρον</span> <span class='ocrx_word' id='word_1_278' title='bbox 970 2501 1067 2571; x_wconf 88' lang='grc' dir='ltr'>μὲν</span> <span class='ocrx_word' id='word_1_279' title='bbox 1096 2502 1370 2572; x_wconf 83' lang='grc' dir='ltr'>ἁμαρτίας</span> <span class='ocrx_word' id='word_1_280' title='bbox 1393 2503 1592 2573; x_wconf 82' lang='grc' dir='ltr'>μᾶλλον</span> <span class='ocrx_word' id='word_1_281' title='bbox 1611 2504 1748 2575; x_wconf 84' lang='lat'><strong>(56),</strong></span> 
     </span>
    </p>
   </div>
   <div class='ocr_carea' id='block_1_43' title="bbox 163 2591 1769 2668">
    <p class='ocr_par' dir='ltr' id='par_1_43' title="bbox 163 2591 1769 2668">
     <span class='ocr_line' id='line_1_43' title="bbox 163 2591 1769 2668; baseline 0.006 -26"><span class='ocrx_word' id='word_1_282' title='bbox 163 2592 305 2660; x_wconf 67' lang='grc' dir='ltr'>ἥπερ</span> <span class='ocrx_word' id='word_1_283' title='bbox 337 2592 365 2644; x_wconf 91' lang='lat'><strong>6</strong></span> <span class='ocrx_word' id='word_1_284' title='bbox 400 2591 594 2661; x_wconf 87' lang='grc' dir='ltr'>νόμος,</span> <span class='ocrx_word' id='word_1_285' title='bbox 625 2592 726 2645; x_wconf 84' lang='grc' dir='ltr'><strong>οὐκ</strong></span> <span class='ocrx_word' id='word_1_286' title='bbox 764 2593 823 2645; x_wconf 81' lang='grc' dir='ltr'>ὲν</span> <span class='ocrx_word' id='word_1_287' title='bbox 850 2592 986 2663; x_wconf 80' lang='grc' dir='ltr'>πυρὶ</span> <span class='ocrx_word' id='word_1_288' title='bbox 1036 2593 1092 2646; x_wconf 87' lang='grc' dir='ltr'>δὲ</span> <span class='ocrx_word' id='word_1_289' title='bbox 1162 2595 1257 2647; x_wconf 72' lang='grc' dir='ltr'>καὶ</span> <span class='ocrx_word' id='word_1_290' title='bbox 1288 2595 1587 2666; x_wconf 86' lang='grc' dir='ltr'>Πνεύματι,</span> <span class='ocrx_word' id='word_1_291' title='bbox 1613 2598 1769 2668; x_wconf 80' lang='grc' dir='ltr'>ὅπερ,</span> 
     </span>
    </p>
   </div>
   <div class='ocr_carea' id='block_1_44' title="bbox 164 2682 1751 2759">
    <p class='ocr_par' dir='ltr' id='par_1_44' title="bbox 164 2682 1751 2759">
     <span class='ocr_line' id='line_1_44' title="bbox 164 2682 1751 2759; baseline 0.005 -25"><span class='ocrx_word' id='word_1_292' title='bbox 164 2685 198 2753; x_wconf 78' lang='grc' dir='ltr'>ἡ</span> <span class='ocrx_word' id='word_1_293' title='bbox 236 2682 509 2755; x_wconf 86' lang='grc' dir='ltr'>τελειότης</span> <span class='ocrx_word' id='word_1_294' title='bbox 540 2701 554 2714; x_wconf 89' lang='grc'><strong>·</strong></span> <span class='ocrx_word' id='word_1_295' title='bbox 610 2686 709 2755; x_wconf 79' lang='grc' dir='ltr'>τῆς</span> <span class='ocrx_word' id='word_1_296' title='bbox 738 2686 1076 2757; x_wconf 85' lang='grc' dir='ltr'>Δεσποτικῆς</span> <span class='ocrx_word' id='word_1_297' title='bbox 1123 2688 1232 2758; x_wconf 85' lang='grc' dir='ltr'><strong>γάρ</strong></span> <span class='ocrx_word' id='word_1_298' title='bbox 1265 2688 1382 2741; x_wconf 75' lang='grc' dir='ltr'>ἐστι</span> <span class='ocrx_word' id='word_1_299' title='bbox 1433 2688 1608 2759; x_wconf 88' lang='grc' dir='ltr'>μόνης</span> <span class='ocrx_word' id='word_1_300' title='bbox 1656 2691 1751 2743; x_wconf 77' lang='grc' dir='ltr'>καὶ</span> 
     </span>
    </p>
   </div>
   <div class='ocr_carea' id='block_1_45' title="bbox 165 2774 1751 2854">
    <p class='ocr_par' dir='ltr' id='par_1_45' title="bbox 165 2774 1751 2854">
     <span class='ocr_line' id='line_1_45' title="bbox 165 2774 1751 2854; baseline 0.008 -29"><span class='ocrx_word' id='word_1_301' title='bbox 165 2774 497 2845; x_wconf 80' lang='grc' dir='ltr'>ίερουργίας,</span> <span class='ocrx_word' id='word_1_302' title='bbox 535 2775 630 2827; x_wconf 75' lang='grc' dir='ltr'>καὶ</span> <span class='ocrx_word' id='word_1_303' title='bbox 656 2775 1103 2847; x_wconf 81' lang='grc' dir='ltr'>φιλανθρωπίας,</span> <span class='ocrx_word' id='word_1_304' title='bbox 1154 2778 1250 2832; x_wconf 80' lang='grc' dir='ltr'>καὶ</span> <span class='ocrx_word' id='word_1_305' title='bbox 1282 2778 1400 2851; x_wconf 83' lang='grc' dir='ltr'><strong>Θεῷ</strong></span> <span class='ocrx_word' id='word_1_306' title='bbox 1431 2782 1751 2854; x_wconf 81' lang='grc' dir='ltr'>πρεπούσης</span> 
     </span>
    </p>
   </div>
   <div class='ocr_carea' id='block_1_46' title="bbox 161 2866 1281 2943">
    <p class='ocr_par' dir='ltr' id='par_1_46' title="bbox 161 2866 1281 2943">
     <span class='ocr_line' id='line_1_46' title="bbox 161 2866 1281 2943; baseline 0.005 -25"><span class='ocrx_word' id='word_1_307' title='bbox 161 2866 445 2937; x_wconf 74' lang='grc' dir='ltr'>δυνάμεως</span> <span class='ocrx_word' id='word_1_308' title='bbox 474 2866 632 2921; x_wconf 76' lang='grc' dir='ltr'>τοῦτο</span> <span class='ocrx_word' id='word_1_309' title='bbox 658 2867 829 2939; x_wconf 79' lang='grc' dir='ltr'>δῶρον</span> <span class='ocrx_word' id='word_1_310' title='bbox 889 2870 985 2923; x_wconf 63' lang='grc' dir='ltr'><strong>καὶ⁵</strong></span> <span class='ocrx_word' id='word_1_311' title='bbox 1010 2872 1281 2943; x_wconf 86' lang='grc' dir='ltr'>χάρισμα.</span> 
     </span>
    </p>
   </div>
   <div class='ocr_carea' id='block_1_47' title="bbox 237 2955 1751 3036">
    <p class='ocr_par' dir='ltr' id='par_1_47' title="bbox 237 2955 1751 3036">
     <span class='ocr_line' id='line_1_47' title="bbox 237 2955 1751 3036; baseline 0.007 -27"><span class='ocrx_word' id='word_1_312' title='bbox 237 2955 394 3010; x_wconf 64' lang='grc' dir='ltr'>’ἐπεὶ</span> <span class='ocrx_word' id='word_1_313' title='bbox 424 2957 519 3011; x_wconf 83' lang='grc' dir='ltr'><strong>οὐν</strong></span> <span class='ocrx_word' id='word_1_314' title='bbox 548 2958 657 3011; x_wconf 85' lang='grc' dir='ltr'><strong>τῶν</strong></span> <span class='ocrx_word' id='word_1_315' title='bbox 689 2959 1038 3031; x_wconf 45' lang='grc' dir='ltr'>ὐῂλοτέρων</span> <span class='ocrx_word' id='word_1_316' title='bbox 1066 2962 1270 3016; x_wconf 82' lang='grc' dir='ltr'>τούτων</span> <span class='ocrx_word' id='word_1_317' title='bbox 1301 2962 1454 3017; x_wconf 76' lang='grc' dir='ltr'>οὐδέν</span> <span class='ocrx_word' id='word_1_318' title='bbox 1496 2982 1604 3036; x_wconf 88' lang='grc' dir='ltr'><strong>περ</strong></span> <span class='ocrx_word' id='word_1_319' title='bbox 1634 2966 1751 3019; x_wconf 76' lang='grc' dir='ltr'>ἐστὶ</span> 
     </span>
    </p>
   </div>
   <div class='ocr_carea' id='block_1_48' title="bbox 163 3050 1751 3129">
    <p class='ocr_par' dir='ltr' id='par_1_48' title="bbox 163 3050 1751 3129">
     <span class='ocr_line' id='line_1_48' title="bbox 163 3050 1751 3129; baseline 0.005 -25"><span class='ocrx_word' id='word_1_320' title='bbox 163 3050 261 3123; x_wconf 82' lang='grc' dir='ltr'>τῆς</span> <span class='ocrx_word' id='word_1_321' title='bbox 299 3050 396 3105; x_wconf 82' lang='grc' dir='ltr'>τοῦ</span> <span class='ocrx_word' id='word_1_322' title='bbox 445 3051 695 3108; x_wconf 88' lang='grc' dir='ltr'>Ἰωάννου</span> <span class='ocrx_word' id='word_1_323' title='bbox 740 3053 883 3107; x_wconf 81' lang='grc' dir='ltr'>κατὰ</span> <span class='ocrx_word' id='word_1_324' title='bbox 917 3055 979 3109; x_wconf 85' lang='grc' dir='ltr'>τὸ</span> <span class='ocrx_word' id='word_1_325' title='bbox 1021 3055 1305 3125; x_wconf 86' lang='grc' dir='ltr'>βάπτισμα</span> <span class='ocrx_word' id='word_1_326' title='bbox 1365 3058 1611 3129; x_wconf 81' lang='grc' dir='ltr'>τελετῆς,</span> <span class='ocrx_word' id='word_1_327' title='bbox 1662 3058 1751 3112; x_wconf 73' lang='grc' dir='ltr'><strong>διὰ</strong></span> 
     </span>
    </p>
   </div>
   <div class='ocr_carea' id='block_1_49' title="bbox 1857 1866 3448 1938">
    <p class='ocr_par' dir='ltr' id='par_1_49' title="bbox 1857 1866 3448 1938">
     <span class='ocr_line' id='line_1_49' title="bbox 1857 1866 3448 1938; baseline -0.001 -17"><span class='ocrx_word' id='word_1_328' title='bbox 1857 1868 1947 1923; x_wconf 92' lang='lat' dir='ltr'><strong>Ille</strong></span> <span class='ocrx_word' id='word_1_329' title='bbox 1975 1876 2059 1922; x_wconf 88' lang='lat' dir='ltr'><strong>cst</strong></span> <span class='ocrx_word' id='word_1_330' title='bbox 2090 1868 2244 1938; x_wconf 87' lang='lat' dir='ltr'><strong>regis.</strong></span> <span class='ocrx_word' id='word_1_331' title='bbox 2264 1868 2510 1923; x_wconf 83' lang='lat' dir='ltr'><strong>omnium</strong></span> <span class='ocrx_word' id='word_1_332' title='bbox 2543 1866 2879 1931; x_wconf 71' lang='lat' dir='ltr'><strong>Praecursur,</strong></span> <span class='ocrx_word' id='word_1_333' title='bbox 2905 1881 3325 1934; x_wconf 88' lang='lat' dir='ltr'><strong>commumsquc</strong></span> <span class='ocrx_word' id='word_1_334' title='bbox 3358 1882 3448 1919; x_wconf 87' lang='lat' dir='ltr'><strong>sa-</strong></span> 
     </span>
    </p>
   </div>
   <div class='ocr_carea' id='block_1_50' title="bbox 1854 1957 3441 2030">
    <p class='ocr_par' dir='ltr' id='par_1_50' title="bbox 1854 1957 3441 2030">
     <span class='ocr_line' id='line_1_50' title="bbox 1854 1957 3441 2030; baseline -0.003 -15"><span class='ocrx_word' id='word_1_335' title='bbox 1854 1960 1984 2015; x_wconf 93' lang='lat' dir='ltr'><strong>lutis</strong></span> <span class='ocrx_word' id='word_1_336' title='bbox 2018 1959 2363 2030; x_wconf 58' lang='lat' dir='ltr'><strong>praedicator,</strong></span> <span class='ocrx_word' id='word_1_337' title='bbox 2395 1960 2588 2030; x_wconf 81' lang='lat' dir='ltr'><strong>virque</strong></span> <span class='ocrx_word' id='word_1_338' title='bbox 2612 1960 2821 2013; x_wconf 87' lang='lat' dir='ltr'><strong>honore</strong></span> <span class='ocrx_word' id='word_1_339' title='bbox 2859 1958 3080 2029; x_wconf 83' lang='lat' dir='ltr'><strong>dignus,</strong></span> <span class='ocrx_word' id='word_1_340' title='bbox 3117 1968 3170 2012; x_wconf 88' lang='lat' dir='ltr'><strong>et</strong></span> <span class='ocrx_word' id='word_1_341' title='bbox 3215 1976 3233 2008; x_wconf 82' lang='grc' dir='ltr'><strong>ι</strong></span> <span class='ocrx_word' id='word_1_342' title='bbox 3262 1957 3441 2028; x_wconf 83' lang='lat' dir='ltr'><strong>Major</strong></span> 
     </span>
    </p>
   </div>
   <div class='ocr_carea' id='block_1_51' title="bbox 1855 2051 3447 2122">
    <p class='ocr_par' dir='ltr' id='par_1_51' title="bbox 1855 2051 3447 2122">
     <span class='ocr_line' id='line_1_51' title="bbox 1855 2051 3447 2122; baseline -0.003 -13"><span class='ocrx_word' id='word_1_343' title='bbox 1855 2054 2000 2110; x_wconf 84' lang='lat' dir='ltr'><strong>inter</strong></span> <span class='ocrx_word' id='word_1_344' title='bbox 2058 2065 2217 2109; x_wconf 90' lang='lat' dir='ltr'><strong>natos</strong></span> <span class='ocrx_word' id='word_1_345' title='bbox 2275 2054 2611 2120; x_wconf 89' lang='lat' dir='ltr'><strong>mulierum;</strong></span> <span class='ocrx_word' id='word_1_346' title='bbox 2654 2071 2671 2103; x_wconf 77' lang='grc' dir='ltr'><strong>ι</strong></span> <span class='ocrx_word' id='word_1_347' title='bbox 2730 2051 3049 2107; x_wconf 69' lang='lat' dir='ltr'><strong>Prmcursor</strong></span> <span class='ocrx_word' id='word_1_348' title='bbox 3105 2060 3188 2106; x_wconf 91' lang='lat' dir='ltr'><strong>est</strong></span> <span class='ocrx_word' id='word_1_349' title='bbox 3239 2052 3447 2122; x_wconf 86' lang='lat' dir='ltr'><strong>pariter</strong></span> 
     </span>
    </p>
   </div>
   <div class='ocr_carea' id='block_1_52' title="bbox 1853 2144 3446 2216">
    <p class='ocr_par' dir='ltr' id='par_1_52' title="bbox 1853 2144 3446 2216">
     <span class='ocr_line' id='line_1_52' title="bbox 1853 2144 3446 2216; baseline -0.001 -19"><span class='ocrx_word' id='word_1_350' title='bbox 1853 2147 1974 2215; x_wconf 81' lang='lat' dir='ltr'><strong>ejus</strong></span> <span class='ocrx_word' id='word_1_351' title='bbox 2000 2147 2306 2216; x_wconf 85' lang='lat' dir='ltr'><strong>baptismus</strong></span> <span class='ocrx_word' id='word_1_352' title='bbox 2349 2145 2643 2210; x_wconf 90' lang='lat' dir='ltr'><strong>Dominici,</strong></span> <span class='ocrx_word' id='word_1_353' title='bbox 2683 2155 2737 2198; x_wconf 91' lang='lat' dir='ltr'><strong>ct</strong></span> <span class='ocrx_word' id='word_1_354' title='bbox 2768 2144 3102 2199; x_wconf 80' lang='lat' dir='ltr'><strong>universalis</strong></span> <span class='ocrx_word' id='word_1_355' title='bbox 3142 2144 3446 2213; x_wconf 87' lang='lat' dir='ltr'><strong>baptisma-</strong></span> 
     </span>
    </p>
   </div>
   <div class='ocr_carea' id='block_1_53' title="bbox 1856 2237 3445 2308">
    <p class='ocr_par' dir='ltr' id='par_1_53' title="bbox 1856 2237 3445 2308">
     <span class='ocr_line' id='line_1_53' title="bbox 1856 2237 3445 2308; baseline -0.001 -14"><span class='ocrx_word' id='word_1_356' title='bbox 1856 2241 1963 2304; x_wconf 90' lang='lat' dir='ltr'><strong>tis,</strong></span> <span class='ocrx_word' id='word_1_357' title='bbox 2014 2248 2178 2308; x_wconf 83' lang='lat' dir='ltr'><strong>atque</strong></span> <span class='ocrx_word' id='word_1_358' title='bbox 2227 2238 2488 2292; x_wconf 88' lang='lat' dir='ltr'><strong>omnibus</strong></span> <span class='ocrx_word' id='word_1_359' title='bbox 2536 2238 2753 2307; x_wconf 86' lang='lat' dir='ltr'><strong>quidem</strong></span> <span class='ocrx_word' id='word_1_360' title='bbox 2817 2237 3015 2307; x_wconf 84' lang='lat' dir='ltr'><strong>priscis</strong></span> <span class='ocrx_word' id='word_1_361' title='bbox 3068 2237 3445 2292; x_wconf 83' lang='lat' dir='ltr'><strong>ablutionihus</strong></span> 
     </span>
    </p>
   </div>
   <div class='ocr_carea' id='block_1_54' title="bbox 1852 2327 3445 2400">
    <p class='ocr_par' dir='ltr' id='par_1_54' title="bbox 1852 2327 3445 2400">
     <span class='ocr_line' id='line_1_54' title="bbox 1852 2327 3445 2400; baseline -0.001 -16"><span class='ocrx_word' id='word_1_362' title='bbox 1852 2329 2145 2400; x_wconf 75' lang='lat' dir='ltr'><strong>perfectior</strong></span> <span class='ocrx_word' id='word_1_363' title='bbox 2174 2349 2186 2384; x_wconf 93' lang='lat'><strong>:</strong></span> <span class='ocrx_word' id='word_1_364' title='bbox 2216 2328 2558 2384; x_wconf 88' lang='lat' dir='ltr'><strong>instituendo</strong></span> <span class='ocrx_word' id='word_1_365' title='bbox 2589 2336 2770 2382; x_wconf 90' lang='lat' dir='ltr'><strong>autem</strong></span> <span class='ocrx_word' id='word_1_366' title='bbox 2799 2328 3075 2397; x_wconf 88' lang='lat' dir='ltr'><strong>baptisnm</strong></span> <span class='ocrx_word' id='word_1_367' title='bbox 3108 2329 3271 2397; x_wconf 79' lang='lat' dir='ltr'><strong>longo</strong></span> <span class='ocrx_word' id='word_1_368' title='bbox 3306 2327 3445 2383; x_wconf 88' lang='lat' dir='ltr'><strong>infe-</strong></span> 
     </span>
    </p>
   </div>
   <div class='ocr_carea' id='block_1_55' title="bbox 1854 2420 3440 2493">
    <p class='ocr_par' dir='ltr' id='par_1_55' title="bbox 1854 2420 3440 2493">
     <span class='ocr_line' id='line_1_55' title="bbox 1854 2420 3440 2493; baseline -0.001 -17"><span class='ocrx_word' id='word_1_369' title='bbox 1854 2424 1969 2477; x_wconf 88' lang='lat' dir='ltr'><strong>rior</strong></span> <span class='ocrx_word' id='word_1_370' title='bbox 1998 2423 2314 2489; x_wconf 83' lang='lat' dir='ltr'><strong>intervallo;</strong></span> <span class='ocrx_word' id='word_1_371' title='bbox 2347 2423 2651 2493; x_wconf 89' lang='lat' dir='ltr'><strong>culpasque</strong></span> <span class='ocrx_word' id='word_1_372' title='bbox 2686 2420 2860 2491; x_wconf 83' lang='lat' dir='ltr'><strong>magis</strong></span> <span class='ocrx_word' id='word_1_373' title='bbox 2902 2437 3067 2491; x_wconf 88' lang='lat' dir='ltr'><strong>quam</strong></span> <span class='ocrx_word' id='word_1_374' title='bbox 3100 2420 3301 2490; x_wconf 89' lang='lat' dir='ltr'><strong>scripta</strong></span> <span class='ocrx_word' id='word_1_375' title='bbox 3334 2421 3440 2486; x_wconf 82' lang='lat' dir='ltr'><strong>lex,</strong></span> 
     </span>
    </p>
   </div>
   <div class='ocr_carea' id='block_1_56' title="bbox 1852 2512 3442 2583">
    <p class='ocr_par' dir='ltr' id='par_1_56' title="bbox 1852 2512 3442 2583">
     <span class='ocr_line' id='line_1_56' title="bbox 1852 2512 3442 2583; baseline -0.002 -15"><span class='ocrx_word' id='word_1_376' title='bbox 1852 2514 2207 2579; x_wconf 81' lang='lat' dir='ltr'><strong>emundabat,</strong></span> <span class='ocrx_word' id='word_1_377' title='bbox 2264 2530 2371 2568; x_wconf 93' lang='lat' dir='ltr'><strong>non</strong></span> <span class='ocrx_word' id='word_1_378' title='bbox 2422 2524 2603 2567; x_wconf 87' lang='lat' dir='ltr'><strong>tamen</strong></span> <span class='ocrx_word' id='word_1_379' title='bbox 2635 2512 2687 2566; x_wconf 92' lang='lat' dir='ltr'><strong>in</strong></span> <span class='ocrx_word' id='word_1_380' title='bbox 2720 2514 2843 2583; x_wconf 87' lang='lat' dir='ltr'><strong>igne</strong></span> <span class='ocrx_word' id='word_1_381' title='bbox 2883 2522 2938 2566; x_wconf 91' lang='lat' dir='ltr'><strong>ct</strong></span> <span class='ocrx_word' id='word_1_382' title='bbox 2984 2512 3190 2581; x_wconf 78' lang='lat' dir='ltr'><strong>Spiritu</strong></span> <span class='ocrx_word' id='word_1_383' title='bbox 3227 2520 3442 2577; x_wconf 89' lang='lat' dir='ltr'><strong>sancto,</strong></span> 
     </span>
    </p>
   </div>
   <div class='ocr_carea' id='block_1_57' title="bbox 1854 2603 3444 2679">
    <p class='ocr_par' dir='ltr' id='par_1_57' title="bbox 1854 2603 3444 2679">
     <span class='ocr_line' id='line_1_57' title="bbox 1854 2603 3444 2679; baseline -0.003 -18"><span class='ocrx_word' id='word_1_384' title='bbox 1854 2608 1996 2679; x_wconf 92' lang='lat' dir='ltr'><strong>quod</strong></span> <span class='ocrx_word' id='word_1_385' title='bbox 2029 2607 2421 2677; x_wconf 78' lang='lat' dir='ltr'><strong>perfectionem</strong></span> <span class='ocrx_word' id='word_1_386' title='bbox 2458 2605 2825 2661; x_wconf 84' lang='lat' dir='ltr'><strong>constituebat</strong></span> <span class='ocrx_word' id='word_1_387' title='bbox 2853 2621 2866 2657; x_wconf 92' lang='lat'><strong>:</strong></span> <span class='ocrx_word' id='word_1_388' title='bbox 2909 2605 3075 2659; x_wconf 90' lang='lat' dir='ltr'><strong>unius</strong></span> <span class='ocrx_word' id='word_1_389' title='bbox 3108 2604 3312 2675; x_wconf 86' lang='lat' dir='ltr'><strong>quippe</strong></span> <span class='ocrx_word' id='word_1_390' title='bbox 3339 2603 3444 2657; x_wconf 83' lang='lat' dir='ltr'><strong>Do-</strong></span> 
     </span>
    </p>
   </div>
   <div class='ocr_carea' id='block_1_58' title="bbox 1853 2697 3445 2769">
    <p class='ocr_par' dir='ltr' id='par_1_58' title="bbox 1853 2697 3445 2769">
     <span class='ocr_line' id='line_1_58' title="bbox 1853 2697 3445 2769; baseline -0.003 -13"><span class='ocrx_word' id='word_1_391' title='bbox 1853 2700 2071 2756; x_wconf 78' lang='lat' dir='ltr'><strong>minicze</strong></span> <span class='ocrx_word' id='word_1_392' title='bbox 2122 2698 2457 2769; x_wconf 84' lang='lat' dir='ltr'><strong>operationis</strong></span> <span class='ocrx_word' id='word_1_393' title='bbox 2478 2737 2492 2762; x_wconf 91' lang='lat'><strong>,</strong></span> <span class='ocrx_word' id='word_1_394' title='bbox 2548 2708 2604 2751; x_wconf 87' lang='lat' dir='ltr'><strong>et</strong></span> <span class='ocrx_word' id='word_1_395' title='bbox 2632 2697 2937 2753; x_wconf 72' lang='lat' dir='ltr'><strong>clementia:</strong></span> <span class='ocrx_word' id='word_1_396' title='bbox 2960 2736 2976 2761; x_wconf 97' lang='lat'><strong>,</strong></span> <span class='ocrx_word' id='word_1_397' title='bbox 3033 2706 3087 2752; x_wconf 92' lang='lat' dir='ltr'><strong>ct</strong></span> <span class='ocrx_word' id='word_1_398' title='bbox 3119 2697 3230 2752; x_wconf 86' lang='lat' dir='ltr'><strong>Deo</strong></span> <span class='ocrx_word' id='word_1_399' title='bbox 3262 2699 3445 2768; x_wconf 74' lang='lat' dir='ltr'><strong>dignae</strong></span> 
     </span>
    </p>
   </div>
   <div class='ocr_carea' id='block_1_59' title="bbox 1852 2788 3111 2860">
    <p class='ocr_par' dir='ltr' id='par_1_59' title="bbox 1852 2788 3111 2860">
     <span class='ocr_line' id='line_1_59' title="bbox 1852 2788 3111 2860; baseline -0.004 -13"><span class='ocrx_word' id='word_1_400' title='bbox 1852 2792 2076 2848; x_wconf 79' lang='lat' dir='ltr'><strong>virtutis</strong></span> <span class='ocrx_word' id='word_1_401' title='bbox 2102 2803 2184 2846; x_wconf 89' lang='lat' dir='ltr'><strong>est</strong></span> <span class='ocrx_word' id='word_1_402' title='bbox 2211 2792 2315 2845; x_wconf 90' lang='lat' dir='ltr'><strong>hoc</strong></span> <span class='ocrx_word' id='word_1_403' title='bbox 2354 2790 2559 2845; x_wconf 89' lang='lat' dir='ltr'><strong>donum</strong></span> <span class='ocrx_word' id='word_1_404' title='bbox 2614 2798 2779 2860; x_wconf 88' lang='lat' dir='ltr'><strong>atque</strong></span> <span class='ocrx_word' id='word_1_405' title='bbox 2812 2788 3111 2844; x_wconf 85' lang='lat' dir='ltr'><strong>charisma.</strong></span> 
     </span>
    </p>
   </div>
   <div class='ocr_carea' id='block_1_60' title="bbox 1924 2962 3441 3039">
    <p class='ocr_par' dir='ltr' id='par_1_60' title="bbox 1924 2962 3441 3039">
     <span class='ocr_line' id='line_1_60' title="bbox 1924 2962 3441 3039; baseline -0.004 -14"><span class='ocrx_word' id='word_1_406' title='bbox 1924 2970 2113 3039; x_wconf 86' lang='lat' dir='ltr'><strong>Itaque</strong></span> <span class='ocrx_word' id='word_1_407' title='bbox 2174 2984 2297 3021; x_wconf 89' lang='lat' dir='ltr'><strong>cum</strong></span> <span class='ocrx_word' id='word_1_408' title='bbox 2361 2965 2510 3020; x_wconf 85' lang='lat' dir='ltr'><strong>nulla</strong></span> <span class='ocrx_word' id='word_1_409' title='bbox 2546 2966 2742 3019; x_wconf 89' lang='lat' dir='ltr'><strong>harun.</strong></span> <span class='ocrx_word' id='word_1_410' title='bbox 2775 2963 3159 3020; x_wconf 88' lang='lat' dir='ltr'><strong>sublimiorqu</strong></span> <span class='ocrx_word' id='word_1_411' title='bbox 3191 2962 3441 3035; x_wconf 86' lang='lat' dir='ltr'><strong>proprie-</strong></span> 
     </span>
    </p>
   </div>
   <div class='ocr_carea' id='block_1_61' title="bbox 1854 3056 3439 3127">
    <p class='ocr_par' dir='ltr' id='par_1_61' title="bbox 1854 3056 3439 3127">
     <span class='ocr_line' id='line_1_61' title="bbox 1854 3056 3439 3127; baseline -0.001 -12"><span class='ocrx_word' id='word_1_412' title='bbox 1854 3070 2023 3115; x_wconf 86' lang='lat' dir='ltr'><strong>tatum</strong></span> <span class='ocrx_word' id='word_1_413' title='bbox 2083 3062 2136 3114; x_wconf 92' lang='lat' dir='ltr'><strong>in</strong></span> <span class='ocrx_word' id='word_1_414' title='bbox 2193 3058 2537 3127; x_wconf 86' lang='lat' dir='ltr'><strong>baptismatis</strong></span> <span class='ocrx_word' id='word_1_415' title='bbox 2586 3056 2816 3113; x_wconf 88' lang='lat' dir='ltr'><strong>Joannis</strong></span> <span class='ocrx_word' id='word_1_416' title='bbox 2868 3058 3195 3112; x_wconf 71' lang='lat' dir='ltr'><strong>cmrcmonia</strong></span> <span class='ocrx_word' id='word_1_417' title='bbox 3260 3058 3439 3114; x_wconf 89' lang='lat' dir='ltr'><strong>locum</strong></span> 
     </span>
    </p>
   </div>
   <div class='ocr_carea' id='block_1_62' title="bbox 161 3142 1746 3220">
    <p class='ocr_par' dir='ltr' id='par_1_62' title="bbox 161 3142 1746 3220">
     <span class='ocr_line' id='line_1_62' title="bbox 161 3142 1746 3220; baseline 0.005 -26"><span class='ocrx_word' id='word_1_418' title='bbox 161 3142 312 3195; x_wconf 78' lang='grc' dir='ltr'>τοῦτο</span> <span class='ocrx_word' id='word_1_419' title='bbox 341 3144 435 3196; x_wconf 86' lang='grc' dir='ltr'><strong>καί</strong></span> <span class='ocrx_word' id='word_1_420' title='bbox 467 3162 612 3207; x_wconf 89' lang='grc' dir='ltr'>τινες</span> <span class='ocrx_word' id='word_1_421' title='bbox 640 3144 749 3198; x_wconf 87' lang='grc' dir='ltr'><strong>τῶν</strong></span> <span class='ocrx_word' id='word_1_422' title='bbox 781 3145 945 3217; x_wconf 83' lang='grc' dir='ltr'>ἱερῶν</span> <span class='ocrx_word' id='word_1_423' title='bbox 970 3146 1126 3217; x_wconf 76' lang='grc' dir='ltr'>ἡμῶν</span> <span class='ocrx_word' id='word_1_424' title='bbox 1156 3146 1413 3219; x_wconf 83' lang='grc' dir='ltr'>Πατέρων</span> <span class='ocrx_word' id='word_1_425' title='bbox 1435 3148 1746 3220; x_wconf 73' lang='grc' dir='ltr'>ἐθάρρησαν</span> 
     </span>
    </p>
   </div>
   <div class='ocr_carea' id='block_1_63' title="bbox 1854 3142 3437 3220">
    <p class='ocr_par' dir='ltr' id='par_1_63' title="bbox 1858 3147 3437 3217">
     <span class='ocr_line' id='line_1_63' title="bbox 1858 3147 3437 3217; baseline -0.003 -10"><span class='ocrx_word' id='word_1_426' title='bbox 1858 3153 2086 3217; x_wconf 89' lang='lat' dir='ltr'><strong>habeat,</strong></span> <span class='ocrx_word' id='word_1_427' title='bbox 2142 3151 2264 3205; x_wconf 88' lang='lat' dir='ltr'><strong>ideo</strong></span> <span class='ocrx_word' id='word_1_428' title='bbox 2318 3152 2484 3204; x_wconf 89' lang='lat' dir='ltr'><strong>etiam</strong></span> <span class='ocrx_word' id='word_1_429' title='bbox 2536 3150 2786 3206; x_wconf 89' lang='lat' dir='ltr'><strong>nonnulli</strong></span> <span class='ocrx_word' id='word_1_430' title='bbox 2839 3158 3157 3205; x_wconf 87' lang='lat' dir='ltr'><strong>sanctorum</strong></span> <span class='ocrx_word' id='word_1_431' title='bbox 3212 3147 3437 3203; x_wconf 85' lang='lat' dir='ltr'><strong>Patrum</strong></span> 
     </span>
    </p>
   </div>
   <div class='ocr_carea' id='block_1_64' title="bbox 162 3238 1745 3313">
    <p class='ocr_par' dir='ltr' id='par_1_64' title="bbox 162 3238 1745 3313">
     <span class='ocr_line' id='line_1_64' title="bbox 162 3238 1745 3313; baseline 0.005 -24"><span class='ocrx_word' id='word_1_432' title='bbox 162 3238 352 3303; x_wconf 63' lang='grc' dir='ltr'>ἄφεσιν</span> <span class='ocrx_word' id='word_1_433' title='bbox 384 3238 670 3309; x_wconf 81' lang='grc' dir='ltr'>ἁμαρτιῶν</span> <span class='ocrx_word' id='word_1_434' title='bbox 717 3239 893 3294; x_wconf 78' lang='grc' dir='ltr'>εἰπεῖν</span> <span class='ocrx_word' id='word_1_435' title='bbox 928 3242 1005 3312; x_wconf 87' lang='grc' dir='ltr'>μὴ</span> <span class='ocrx_word' id='word_1_436' title='bbox 1044 3243 1307 3313; x_wconf 83' lang='grc' dir='ltr'>παρέχειν</span> <span class='ocrx_word' id='word_1_437' title='bbox 1367 3243 1520 3297; x_wconf 88' lang='grc' dir='ltr'>αὐτό.</span> <span class='ocrx_word' id='word_1_438' title='bbox 1566 3242 1745 3297; x_wconf 84' lang='grc' dir='ltr'>Πολλά</span> 
     </span>
    </p>
   </div>
   <div class='ocr_carea' id='block_1_65' title="bbox 162 3332 1744 3408">
    <p class='ocr_par' dir='ltr' id='par_1_65' title="bbox 162 3332 1744 3408">
     <span class='ocr_line' id='line_1_65' title="bbox 162 3332 1744 3408; baseline 0.005 -24"><span class='ocrx_word' id='word_1_439' title='bbox 162 3332 267 3405; x_wconf 72' lang='grc' dir='ltr'><strong>γάρ</strong></span> <span class='ocrx_word' id='word_1_440' title='bbox 294 3333 395 3403; x_wconf 77' lang='grc' dir='ltr'>τῆς</span> <span class='ocrx_word' id='word_1_441' title='bbox 429 3335 649 3405; x_wconf 87' lang='grc' dir='ltr'>χάριτος</span> <span class='ocrx_word' id='word_1_442' title='bbox 691 3334 786 3389; x_wconf 80' lang='grc' dir='ltr'><strong>τοῦ</strong></span> <span class='ocrx_word' id='word_1_443' title='bbox 820 3337 965 3390; x_wconf 80' lang='grc' dir='ltr'>κατά</span> <span class='ocrx_word' id='word_1_444' title='bbox 992 3336 1053 3390; x_wconf 84' lang='grc' dir='ltr'>τὸ</span> <span class='ocrx_word' id='word_1_445' title='bbox 1076 3337 1351 3408; x_wconf 81' lang='grc' dir='ltr'>Σωτήριον</span> <span class='ocrx_word' id='word_1_446' title='bbox 1388 3338 1744 3393; x_wconf 79' lang='grc' dir='ltr'>ἀπολείπεται</span> 
     </span>
    </p>
   </div>
   <div class='ocr_carea' id='block_1_66' title="bbox 164 3426 1741 3503">
    <p class='ocr_par' dir='ltr' id='par_1_66' title="bbox 164 3426 1741 3503">
     <span class='ocr_line' id='line_1_66' title="bbox 164 3426 1741 3503; baseline 0.003 -24"><span class='ocrx_word' id='word_1_447' title='bbox 164 3426 465 3496; x_wconf 83' lang='grc' dir='ltr'>βάπτισμα,</span> <span class='ocrx_word' id='word_1_448' title='bbox 513 3427 611 3481; x_wconf 78' lang='grc' dir='ltr'>καὶ</span> <span class='ocrx_word' id='word_1_449' title='bbox 665 3427 773 3482; x_wconf 83' lang='grc' dir='ltr'><strong>ἀπὸ</strong></span> <span class='ocrx_word' id='word_1_450' title='bbox 818 3428 921 3499; x_wconf 84' lang='grc' dir='ltr'>τῆς</span> <span class='ocrx_word' id='word_1_451' title='bbox 958 3428 1095 3501; x_wconf 78' lang='grc' dir='ltr'>πρὸς</span> <span class='ocrx_word' id='word_1_452' title='bbox 1119 3430 1318 3483; x_wconf 60' lang='grc' dir='ltr'>ἐκεῖνο</span> <span class='ocrx_word' id='word_1_453' title='bbox 1372 3432 1741 3503; x_wconf 75' lang='grc' dir='ltr'>συγκρίσεως·</span> 
     </span>
    </p>
   </div>
   <div class='ocr_carea' id='block_1_67' title="bbox 162 3518 1745 3593">
    <p class='ocr_par' dir='ltr' id='par_1_67' title="bbox 162 3518 1745 3593">
     <span class='ocr_line' id='line_1_67' title="bbox 162 3518 1745 3593; baseline 0.004 -24"><span class='ocrx_word' id='word_1_454' title='bbox 162 3518 282 3570; x_wconf 72' lang='grc' dir='ltr'>ἐπεὶ</span> <span class='ocrx_word' id='word_1_455' title='bbox 309 3519 413 3589; x_wconf 83' lang='grc' dir='ltr'>τῆς</span> <span class='ocrx_word' id='word_1_456' title='bbox 468 3519 590 3590; x_wconf 77' lang='grc' dir='ltr'>ἴσης</span> <span class='ocrx_word' id='word_1_457' title='bbox 628 3519 836 3591; x_wconf 83' lang='grc' dir='ltr'>δωρεᾶς</span> <span class='ocrx_word' id='word_1_458' title='bbox 877 3521 1227 3593; x_wconf 79' lang='grc' dir='ltr'>ἀπεκρίνετο,</span> <span class='ocrx_word' id='word_1_459' title='bbox 1268 3524 1361 3577; x_wconf 74' lang='grc' dir='ltr'>καὶ</span> <span class='ocrx_word' id='word_1_460' title='bbox 1412 3523 1510 3591; x_wconf 84' lang='grc' dir='ltr'>τῆς</span> <span class='ocrx_word' id='word_1_461' title='bbox 1550 3523 1745 3593; x_wconf 87' lang='grc' dir='ltr'>ὁμοίας</span> 
     </span>
    </p>
   </div>
   <div class='ocr_carea' id='block_1_68' title="bbox 160 3603 1743 3684">
    <p class='ocr_par' dir='ltr' id='par_1_68' title="bbox 160 3603 1743 3684">
     <span class='ocr_line' id='line_1_68' title="bbox 160 3603 1743 3684; baseline 0.007 -25"><span class='ocrx_word' id='word_1_462' title='bbox 160 3608 255 3660; x_wconf 80' lang='grc' dir='ltr'><strong>οὐκ</strong></span> <span class='ocrx_word' id='word_1_463' title='bbox 280 3603 348 3679; x_wconf 78' lang='grc' dir='ltr'>ἦν</span> <span class='ocrx_word' id='word_1_464' title='bbox 374 3610 643 3682; x_wconf 78' lang='grc' dir='ltr'>χορηγίας</span> <span class='ocrx_word' id='word_1_465' title='bbox 664 3610 965 3681; x_wconf 83' lang='grc' dir='ltr'>οὐδαμόθεν</span> <span class='ocrx_word' id='word_1_466' title='bbox 990 3612 1335 3684; x_wconf 85' lang='grc' dir='ltr'>καθάρσεως.</span> <span class='ocrx_word' id='word_1_467' title='bbox 1374 3614 1617 3679; x_wconf 80' lang='grc' dir='ltr'>Εἰκότως</span> <span class='ocrx_word' id='word_1_468' title='bbox 1646 3612 1743 3670; x_wconf 76' lang='grc' dir='ltr'>οὖν</span> 
     </span>
    </p>
   </div>
   <div class='ocr_carea' id='block_1_69' title="bbox 160 3700 1742 3777">
    <p class='ocr_par' dir='ltr' id='par_1_69' title="bbox 160 3700 1742 3777">
     <span class='ocr_line' id='line_1_69' title="bbox 160 3700 1742 3777; baseline 0.005 -26"><span class='ocrx_word' id='word_1_469' title='bbox 160 3700 273 3753; x_wconf 81' lang='grc' dir='ltr'>οὐδὲ</span> <span class='ocrx_word' id='word_1_470' title='bbox 308 3701 410 3772; x_wconf 80' lang='grc' dir='ltr'>τὴν</span> <span class='ocrx_word' id='word_1_471' title='bbox 450 3702 647 3770; x_wconf 60' lang='grc' dir='ltr'>ἄφεσιν</span> <span class='ocrx_word' id='word_1_472' title='bbox 702 3702 853 3774; x_wconf 88' lang='grc' dir='ltr'><strong>αὐτῷ</strong></span> <span class='ocrx_word' id='word_1_473' title='bbox 891 3703 1000 3757; x_wconf 78' lang='grc' dir='ltr'><strong>τῶν</strong></span> <span class='ocrx_word' id='word_1_474' title='bbox 1051 3705 1471 3777; x_wconf 85' lang='grc' dir='ltr'>ἁμαρτημάτων</span> <span class='ocrx_word' id='word_1_475' title='bbox 1520 3707 1742 3761; x_wconf 85' lang='grc' dir='ltr'>ἀπελεί-</span> 
     </span>
    </p>
   </div>
   <div class='ocr_carea' id='block_1_70' title="bbox 162 3792 1744 3868">
    <p class='ocr_par' dir='ltr' id='par_1_70' title="bbox 162 3792 1744 3868">
     <span class='ocr_line' id='line_1_70' title="bbox 162 3792 1744 3868; baseline 0.007 -26"><span class='ocrx_word' id='word_1_476' title='bbox 162 3807 343 3845; x_wconf 90' lang='grc' dir='ltr'>ποντο.</span> <span class='ocrx_word' id='word_1_477' title='bbox 380 3792 490 3845; x_wconf 76' lang='grc' dir='ltr'><strong>Τοῦ</strong></span> <span class='ocrx_word' id='word_1_478' title='bbox 539 3792 648 3865; x_wconf 83' lang='grc' dir='ltr'><strong>γὰρ</strong></span> <span class='ocrx_word' id='word_1_479' title='bbox 710 3794 979 3866; x_wconf 85' lang='grc' dir='ltr'>μακαρίου</span> <span class='ocrx_word' id='word_1_480' title='bbox 1036 3797 1271 3868; x_wconf 85' lang='grc' dir='ltr'>Μάρκου</span> <span class='ocrx_word' id='word_1_481' title='bbox 1319 3796 1591 3868; x_wconf 83' lang='grc' dir='ltr'>λέγοντος,</span> <span class='ocrx_word' id='word_1_482' title='bbox 1647 3800 1744 3853; x_wconf 79' lang='grc' dir='ltr'>καὶ</span> 
     </span>
    </p>
   </div>
   <div class='ocr_carea' id='block_1_71' title="bbox 160 3883 1743 3964">
    <p class='ocr_par' dir='ltr' id='par_1_71' title="bbox 160 3883 1743 3964">
     <span class='ocr_line' id='line_1_71' title="bbox 160 3883 1743 3964; baseline 0.006 -30"><span class='ocrx_word' id='word_1_483' title='bbox 160 3883 247 3936; x_wconf 82' lang='grc' dir='ltr'><strong>τού</strong></span> <span class='ocrx_word' id='word_1_484' title='bbox 282 3884 641 3956; x_wconf 84' lang='grc' dir='ltr'>ἱεροκήρυκος</span> <span class='ocrx_word' id='word_1_485' title='bbox 672 3887 858 3941; x_wconf 82' lang='grc' dir='ltr'>Λουκά</span> <span class='ocrx_word' id='word_1_486' title='bbox 874 3888 1202 3959; x_wconf 72' lang='grc' dir='ltr'>συνάδοντος</span> <span class='ocrx_word' id='word_1_487' title='bbox 1232 3890 1428 3960; x_wconf 85' lang='grc' dir='ltr'>ἄφεσιν</span> <span class='ocrx_word' id='word_1_488' title='bbox 1453 3891 1743 3964; x_wconf 83' lang='grc' dir='ltr'>ἁμαρτιῶν</span> 
     </span>
    </p>
   </div>
   <div class='ocr_carea' id='block_1_72' title="bbox 162 3971 1743 4055">
    <p class='ocr_par' dir='ltr' id='par_1_72' title="bbox 162 3971 1743 4055">
     <span class='ocr_line' id='line_1_72' title="bbox 162 3971 1743 4055; baseline 0.006 -27"><span class='ocrx_word' id='word_1_489' title='bbox 162 3971 295 4030; x_wconf 75' lang='grc' dir='ltr'>εἶναι</span> <span class='ocrx_word' id='word_1_490' title='bbox 344 3979 683 4047; x_wconf 76' lang='grc' dir='ltr'>παρεκτικὺν</span> <span class='ocrx_word' id='word_1_491' title='bbox 731 3979 792 4032; x_wconf 79' lang='grc' dir='ltr'>τὸ</span> <span class='ocrx_word' id='word_1_492' title='bbox 831 3979 1080 4036; x_wconf 82' lang='grc' dir='ltr'>Ἰωάννου</span> <span class='ocrx_word' id='word_1_493' title='bbox 1140 3981 1447 4054; x_wconf 81' lang='grc' dir='ltr'>βάπτισμα,</span> <span class='ocrx_word' id='word_1_494' title='bbox 1504 3984 1624 4047; x_wconf 85' lang='grc' dir='ltr'><strong>πῶς</strong></span> <span class='ocrx_word' id='word_1_495' title='bbox 1672 3985 1743 4055; x_wconf 81' lang='grc' dir='ltr'>(εί</span> 
     </span>
    </p>
   </div>
   <div class='ocr_carea' id='block_1_73' title="bbox 164 4071 1742 4148">
    <p class='ocr_par' dir='ltr' id='par_1_73' title="bbox 164 4071 1742 4148">
     <span class='ocr_line' id='line_1_73' title="bbox 164 4071 1742 4148; baseline 0.006 -25"><span class='ocrx_word' id='word_1_496' title='bbox 164 4071 276 4123; x_wconf 86' lang='grc' dir='ltr'>κατ’</span> <span class='ocrx_word' id='word_1_497' title='bbox 297 4072 459 4125; x_wconf 82' lang='grc' dir='ltr'>ἄλλον</span> <span class='ocrx_word' id='word_1_498' title='bbox 497 4073 619 4126; x_wconf 76' lang='grc' dir='ltr'>τινὰ</span> <span class='ocrx_word' id='word_1_499' title='bbox 642 4073 868 4144; x_wconf 82' lang='grc' dir='ltr'>τρόπον,</span> <span class='ocrx_word' id='word_1_500' title='bbox 899 4074 1036 4127; x_wconf 81' lang='grc' dir='ltr'>ἀλλά</span> <span class='ocrx_word' id='word_1_501' title='bbox 1060 4074 1155 4145; x_wconf 83' lang='grc' dir='ltr'>μὴ,</span> <span class='ocrx_word' id='word_1_502' title='bbox 1206 4075 1264 4130; x_wconf 83' lang='grc' dir='ltr'>ὃν</span> <span class='ocrx_word' id='word_1_503' title='bbox 1290 4079 1323 4148; x_wconf 82' lang='grc' dir='ltr'>ἠ</span> <span class='ocrx_word' id='word_1_504' title='bbox 1357 4078 1643 4148; x_wconf 78' lang='grc' dir='ltr'>σύγκρισις</span> <span class='ocrx_word' id='word_1_505' title='bbox 1680 4079 1742 4133; x_wconf 87' lang='grc' dir='ltr'>τὸ</span> 
     </span>
    </p>
   </div>
   <div class='ocr_carea' id='block_1_74' title="bbox 164 4165 1740 4244">
    <p class='ocr_par' dir='ltr' id='par_1_74' title="bbox 164 4165 1740 4244">
     <span class='ocr_line' id='line_1_74' title="bbox 164 4165 1740 4244; baseline 0.006 -27"><span class='ocrx_word' id='word_1_506' title='bbox 164 4168 327 4237; x_wconf 81' lang='grc' dir='ltr'>τραχὺ</span> <span class='ocrx_word' id='word_1_507' title='bbox 380 4165 482 4236; x_wconf 80' lang='grc' dir='ltr'>τῆς</span> <span class='ocrx_word' id='word_1_508' title='bbox 541 4167 850 4235; x_wconf 77' lang='grc' dir='ltr'>ἀντιλογίας</span> <span class='ocrx_word' id='word_1_509' title='bbox 900 4168 1310 4239; x_wconf 85' lang='grc' dir='ltr'>διαπραύνουσα</span> <span class='ocrx_word' id='word_1_510' title='bbox 1351 4172 1740 4244; x_wconf 78' lang='grc' dir='ltr'>παραδέχεται)</span> 
     </span>
    </p>
   </div>
   <div class='ocr_carea' id='block_1_75' title="bbox 168 4256 1743 4335">
    <p class='ocr_par' dir='ltr' id='par_1_75' title="bbox 168 4256 1743 4335">
     <span class='ocr_line' id='line_1_75' title="bbox 168 4256 1743 4335; baseline 0.005 -24"><span class='ocrx_word' id='word_1_511' title='bbox 168 4258 258 4311; x_wconf 84' lang='grc' dir='ltr'><strong>οὐκ</strong></span> <span class='ocrx_word' id='word_1_512' title='bbox 304 4260 369 4313; x_wconf 82' lang='grc' dir='ltr'>ἂν</span> <span class='ocrx_word' id='word_1_513' title='bbox 406 4260 695 4325; x_wconf 78' lang='grc' dir='ltr'>αὐθαδείας</span> <span class='ocrx_word' id='word_1_514' title='bbox 735 4256 1049 4335; x_wconf 85' lang='grc' dir='ltr'>ὐπαίτιονῆ</span> <span class='ocrx_word' id='word_1_515' title='bbox 1100 4264 1162 4315; x_wconf 79' lang='grc' dir='ltr'>τὸ</span> <span class='ocrx_word' id='word_1_516' title='bbox 1192 4261 1272 4332; x_wconf 85' lang='grc' dir='ltr'>μὴ</span> <span class='ocrx_word' id='word_1_517' title='bbox 1303 4264 1565 4335; x_wconf 85' lang='grc' dir='ltr'>παρέχειν</span> <span class='ocrx_word' id='word_1_518' title='bbox 1609 4265 1743 4320; x_wconf 81' lang='grc' dir='ltr'>αὐτὸ</span> 
     </span>
    </p>
   </div>
   <div class='ocr_carea' id='block_1_76' title="bbox 166 4350 1738 4427">
    <p class='ocr_par' dir='ltr' id='par_1_76' title="bbox 166 4350 1738 4427">
     <span class='ocr_line' id='line_1_76' title="bbox 166 4350 1738 4427; baseline 0.005 -23"><span class='ocrx_word' id='word_1_519' title='bbox 166 4350 425 4422; x_wconf 82' lang='grc' dir='ltr'>κάθαρσιν</span> <span class='ocrx_word' id='word_1_520' title='bbox 477 4354 587 4407; x_wconf 82' lang='grc' dir='ltr'><strong>τῶν</strong></span> <span class='ocrx_word' id='word_1_521' title='bbox 636 4355 1053 4424; x_wconf 82' lang='grc' dir='ltr'>ἁμαρτημάτων</span> <span class='ocrx_word' id='word_1_522' title='bbox 1108 4355 1565 4427; x_wconf 78' lang='grc' dir='ltr'>διισχυρίζεσθαι,</span> <span class='ocrx_word' id='word_1_523' title='bbox 1600 4358 1738 4413; x_wconf 82' lang='grc' dir='ltr'>ἀλλὰ</span> 
     </span>
    </p>
   </div>
   <div class='ocr_carea' id='block_1_77' title="bbox 166 4445 1741 4523">
    <p class='ocr_par' dir='ltr' id='par_1_77' title="bbox 166 4445 1741 4523">
     <span class='ocr_line' id='line_1_77' title="bbox 166 4445 1741 4523; baseline 0.008 -27"><span class='ocrx_word' id='word_1_524' title='bbox 166 4445 250 4496; x_wconf 73' lang='grc' dir='ltr'><strong>καὶ</strong></span> <span class='ocrx_word' id='word_1_525' title='bbox 278 4448 385 4499; x_wconf 79' lang='grc' dir='ltr'>τῶν</span> <span class='ocrx_word' id='word_1_526' title='bbox 411 4447 651 4517; x_wconf 82' lang='grc' dir='ltr'>νομικῶν</span> <span class='ocrx_word' id='word_1_527' title='bbox 685 4446 807 4501; x_wconf 88' lang='grc' dir='ltr'>κατ’</span> <span class='ocrx_word' id='word_1_528' title='bbox 825 4448 958 4502; x_wconf 89' lang='grc' dir='ltr'>αὐτό</span> <span class='ocrx_word' id='word_1_529' title='bbox 984 4466 1047 4517; x_wconf 90' lang='grc' dir='ltr'><strong>γε</strong></span> <span class='ocrx_word' id='word_1_530' title='bbox 1075 4449 1236 4503; x_wconf 83' lang='grc' dir='ltr'>τοῦτο</span> <span class='ocrx_word' id='word_1_531' title='bbox 1264 4450 1399 4504; x_wconf 86' lang='grc' dir='ltr'>πολὺ</span> <span class='ocrx_word' id='word_1_532' title='bbox 1440 4450 1741 4523; x_wconf 77' lang='grc' dir='ltr'>διελέγχειν</span> 
     </span>
    </p>
   </div>
   <div class='ocr_carea' id='block_1_78' title="bbox 166 4536 572 4612">
    <p class='ocr_par' dir='ltr' id='par_1_78' title="bbox 166 4536 572 4612">
     <span class='ocr_line' id='line_1_78' title="bbox 166 4536 572 4612; baseline 0.015 -26"><span class='ocrx_word' id='word_1_533' title='bbox 166 4536 536 4612; x_wconf 79' lang='grc' dir='ltr'>εὐτελέστερον</span> <span class='ocrx_word' id='word_1_534' title='bbox 557 4557 572 4607; x_wconf 90' lang='grc'><strong>;</strong></span> 
     </span>
    </p>
   </div>
   <div class='ocr_carea' id='block_1_79' title="bbox 230 4808 1736 4886">
    <p class='ocr_par' dir='ltr' id='par_1_79' title="bbox 230 4808 1736 4886">
     <span class='ocr_line' id='line_1_79' title="bbox 230 4808 1736 4886; baseline 0.009 -26"><span class='ocrx_word' id='word_1_535' title='bbox 230 4808 351 4872; x_wconf 79' lang='grc' dir='ltr'>Τοῖς</span> <span class='ocrx_word' id='word_1_536' title='bbox 376 4810 433 4863; x_wconf 76' lang='grc' dir='ltr'>δὲ</span> <span class='ocrx_word' id='word_1_537' title='bbox 471 4809 680 4876; x_wconf 83' lang='grc' dir='ltr'>γένοιτο</span> <span class='ocrx_word' id='word_1_538' title='bbox 712 4810 844 4877; x_wconf 74' lang='grc' dir='ltr'>ἴσως</span> <span class='ocrx_word' id='word_1_539' title='bbox 874 4831 1166 4886; x_wconf 82' lang='grc' dir='ltr'>καταφυγη</span> <span class='ocrx_word' id='word_1_540' title='bbox 1200 4816 1379 4870; x_wconf 76' lang='grc' dir='ltr'>καὶτὸ</span> <span class='ocrx_word' id='word_1_541' title='bbox 1417 4817 1514 4871; x_wconf 83' lang='grc' dir='ltr'><strong>τοῦ</strong></span> <span class='ocrx_word' id='word_1_542' title='bbox 1545 4817 1736 4874; x_wconf 88' lang='grc' dir='ltr'>θεοσο-</span> 
     </span>
    </p>
   </div>
   <div class='ocr_carea' id='block_1_80' title="bbox 168 4902 1739 4981">
    <p class='ocr_par' dir='ltr' id='par_1_80' title="bbox 168 4902 1739 4981">
     <span class='ocr_line' id='line_1_80' title="bbox 168 4902 1739 4981; baseline 0.008 -30"><span class='ocrx_word' id='word_1_543' title='bbox 168 4916 257 4966; x_wconf 78' lang='grc' dir='ltr'><strong>φου</strong></span> <span class='ocrx_word' id='word_1_544' title='bbox 293 4902 476 4955; x_wconf 78' lang='grc' dir='ltr'>Λουκά</span> <span class='ocrx_word' id='word_1_545' title='bbox 503 4903 664 4973; x_wconf 75' lang='grc' dir='ltr'>ῥητὸν</span> <span class='ocrx_word' id='word_1_546' title='bbox 687 4904 776 4958; x_wconf 71' lang='grc' dir='ltr'><strong>διὰ</strong></span> <span class='ocrx_word' id='word_1_547' title='bbox 809 4904 901 4958; x_wconf 82' lang='grc' dir='ltr'>τοῦ</span> <span class='ocrx_word' id='word_1_548' title='bbox 933 4906 1209 4977; x_wconf 74' lang='grc' dir='ltr'>μακαρίου</span> <span class='ocrx_word' id='word_1_549' title='bbox 1243 4908 1474 4979; x_wconf 86' lang='grc' dir='ltr'>Μάρκου</span> <span class='ocrx_word' id='word_1_550' title='bbox 1509 4909 1739 4981; x_wconf 80' lang='grc' dir='ltr'>ἐξευμε-</span> 
     </span>
    </p>
   </div>
   <div class='ocr_carea' id='block_1_81' title="bbox 168 4992 1738 5071">
    <p class='ocr_par' dir='ltr' id='par_1_81' title="bbox 168 4992 1738 5071">
     <span class='ocr_line' id='line_1_81' title="bbox 168 4992 1738 5071; baseline 0.008 -26"><span class='ocrx_word' id='word_1_551' title='bbox 168 4992 417 5059; x_wconf 71' lang='grc' dir='ltr'>νίζεσθαι,</span> <span class='ocrx_word' id='word_1_552' title='bbox 459 4996 554 5049; x_wconf 71' lang='grc' dir='ltr'>καὶ</span> <span class='ocrx_word' id='word_1_553' title='bbox 596 4996 694 5068; x_wconf 72' lang='grc' dir='ltr'>τὴν</span> <span class='ocrx_word' id='word_1_554' title='bbox 749 4999 887 5069; x_wconf 78' lang='grc' dir='ltr'>πρὸς</span> <span class='ocrx_word' id='word_1_555' title='bbox 913 5000 1109 5063; x_wconf 81' lang='grc' dir='ltr'>αὐτοὺς</span> <span class='ocrx_word' id='word_1_556' title='bbox 1143 4999 1411 5054; x_wconf 79' lang='grc' dir='ltr'>δοκοῦσαν</span> <span class='ocrx_word' id='word_1_557' title='bbox 1441 5000 1738 5071; x_wconf 82' lang='grc' dir='ltr'>διαφωνίαν</span> 
     </span>
    </p>
   </div>
   <div class='ocr_carea' id='block_1_82' title="bbox 169 5084 1738 5166">
    <p class='ocr_par' dir='ltr' id='par_1_82' title="bbox 169 5084 1738 5166">
     <span class='ocr_line' id='line_1_82' title="bbox 169 5084 1738 5166; baseline 0.011 -31"><span class='ocrx_word' id='word_1_558' title='bbox 169 5084 316 5153; x_wconf 64' lang='grc' dir='ltr'>ὲιτρέ</span> <span class='ocrx_word' id='word_1_559' title='bbox 326 5088 765 5161; x_wconf 80' lang='grc' dir='ltr'>πεσθαι.Τὸγὰρ,</span> <span class='ocrx_word' id='word_1_560' title='bbox 779 5110 796 5141; x_wconf 81' lang='grc' dir='ltr'><strong>ι</strong></span> <span class='ocrx_word' id='word_1_561' title='bbox 825 5092 1134 5164; x_wconf 82' lang='grc' dir='ltr'>Κηρύσσων</span> <span class='ocrx_word' id='word_1_562' title='bbox 1150 5094 1432 5164; x_wconf 82' lang='grc' dir='ltr'>βάπτισμα</span> <span class='ocrx_word' id='word_1_563' title='bbox 1450 5096 1738 5166; x_wconf 84' lang='grc' dir='ltr'>μετανοίας</span> 
     </span>
    </p>
   </div>
   <div class='ocr_carea' id='block_1_83' title="bbox 170 5176 1739 5259">
    <p class='ocr_par' dir='ltr' id='par_1_83' title="bbox 170 5176 1739 5259">
     <span class='ocr_line' id='line_1_83' title="bbox 170 5176 1739 5259; baseline 0.011 -34"><span class='ocrx_word' id='word_1_564' title='bbox 170 5176 239 5238; x_wconf 77' lang='grc' dir='ltr'>εἰς</span> <span class='ocrx_word' id='word_1_565' title='bbox 290 5179 481 5247; x_wconf 57' lang='grc' dir='ltr'>άρεσιν</span> <span class='ocrx_word' id='word_1_566' title='bbox 530 5182 853 5251; x_wconf 83' lang='grc' dir='ltr'>ἁμαρτιῶν,</span> <span class='ocrx_word' id='word_1_567' title='bbox 907 5202 925 5235; x_wconf 72' lang='grc' dir='ltr'><strong>ι</strong></span> <span class='ocrx_word' id='word_1_568' title='bbox 981 5186 1101 5255; x_wconf 78' lang='grc' dir='ltr'>οὐχὶ</span> <span class='ocrx_word' id='word_1_569' title='bbox 1164 5184 1223 5238; x_wconf 86' lang='grc' dir='ltr'>τὸ</span> <span class='ocrx_word' id='word_1_570' title='bbox 1267 5185 1739 5259; x_wconf 84' lang='grc' dir='ltr'>αὐτουργούμενον</span> 
     </span>
    </p>
   </div>
   <div class='ocr_carea' id='block_1_84' title="bbox 173 5263 1733 5351">
    <p class='ocr_par' dir='ltr' id='par_1_84' title="bbox 173 5263 1733 5351">
     <span class='ocr_line' id='line_1_84' title="bbox 173 5263 1733 5351; baseline 0.013 -37"><span class='ocrx_word' id='word_1_571' title='bbox 173 5263 441 5336; x_wconf 69' lang='grc' dir='ltr'>βὶπτισμα</span> <span class='ocrx_word' id='word_1_572' title='bbox 479 5269 632 5339; x_wconf 78' lang='grc' dir='ltr'>παρὰ</span> <span class='ocrx_word' id='word_1_573' title='bbox 656 5270 751 5324; x_wconf 78' lang='grc' dir='ltr'>τοῦ</span> <span class='ocrx_word' id='word_1_574' title='bbox 784 5273 1101 5345; x_wconf 84' lang='grc' dir='ltr'>Προδρόμου</span> <span class='ocrx_word' id='word_1_575' title='bbox 1130 5274 1338 5329; x_wconf 72' lang='grc' dir='ltr'>εἴποιεν</span> <span class='ocrx_word' id='word_1_576' title='bbox 1369 5277 1436 5331; x_wconf 85' lang='grc' dir='ltr'>ἂν</span> <span class='ocrx_word' id='word_1_577' title='bbox 1478 5281 1733 5351; x_wconf 79' lang='grc' dir='ltr'>παραδη-</span> 
     </span>
    </p>
   </div>
   <div class='ocr_carea' id='block_1_85' title="bbox 173 5354 1733 5436">
    <p class='ocr_par' dir='ltr' id='par_1_85' title="bbox 173 5354 1733 5436">
     <span class='ocr_line' id='line_1_85' title="bbox 173 5354 1733 5436; baseline 0.014 -33"><span class='ocrx_word' id='word_1_578' title='bbox 173 5354 283 5406; x_wconf 74' lang='grc' dir='ltr'>λοῦν</span> <span class='ocrx_word' id='word_1_579' title='bbox 307 5372 321 5385; x_wconf 76' lang='grc' dir='ltr'><strong>ο</strong></span> <span class='ocrx_word' id='word_1_580' title='bbox 349 5358 462 5412; x_wconf 84' lang='grc' dir='ltr'>ἁλλ’</span> <span class='ocrx_word' id='word_1_581' title='bbox 492 5360 703 5414; x_wconf 76' lang='grc' dir='ltr'>ἐκείνου</span> <span class='ocrx_word' id='word_1_582' title='bbox 720 5360 816 5415; x_wconf 80' lang='grc' dir='ltr'>τοῦ</span> <span class='ocrx_word' id='word_1_583' title='bbox 850 5362 1223 5435; x_wconf 86' lang='grc' dir='ltr'>βαπτίσματος</span> <span class='ocrx_word' id='word_1_584' title='bbox 1250 5360 1392 5421; x_wconf 74' lang='grc' dir='ltr'>εἶναι</span> <span class='ocrx_word' id='word_1_585' title='bbox 1448 5386 1733 5436; x_wconf 79' lang='grc' dir='ltr'>παραστα-</span> 
     </span>
    </p>
   </div>
   <div class='ocr_carea' id='block_1_86' title="bbox 176 5446 1738 5535">
    <p class='ocr_par' dir='ltr' id='par_1_86' title="bbox 176 5446 1738 5535">
     <span class='ocr_line' id='line_1_86' title="bbox 176 5446 1738 5535; baseline 0.014 -40"><span class='ocrx_word' id='word_1_586' title='bbox 176 5449 313 5500; x_wconf 61' lang='grc' dir='ltr'>τικὶν</span> <span class='ocrx_word' id='word_1_587' title='bbox 342 5446 401 5505; x_wconf 81' lang='grc' dir='ltr'><strong>οὐ</strong></span> <span class='ocrx_word' id='word_1_588' title='bbox 437 5452 612 5523; x_wconf 78' lang='grc' dir='ltr'>κῆρυξ</span> <span class='ocrx_word' id='word_1_589' title='bbox 644 5456 673 5507; x_wconf 88' lang='grc' dir='ltr'><strong>ό</strong></span> <span class='ocrx_word' id='word_1_590' title='bbox 716 5455 974 5528; x_wconf 89' lang='grc' dir='ltr'>Ἰωάννης</span> <span class='ocrx_word' id='word_1_591' title='bbox 1007 5458 1337 5516; x_wconf 78' lang='grc' dir='ltr'>ἀπέσταλτο.</span> <span class='ocrx_word' id='word_1_592' title='bbox 1377 5462 1484 5515; x_wconf 75' lang='grc' dir='ltr'><strong>Καὶ</strong></span> <span class='ocrx_word' id='word_1_593' title='bbox 1507 5463 1615 5535; x_wconf 82' lang='grc' dir='ltr'><strong>γάρ</strong></span> <span class='ocrx_word' id='word_1_594' title='bbox 1646 5464 1738 5517; x_wconf 73' lang='grc' dir='ltr'><strong>τὸν</strong></span> 
     </span>
    </p>
   </div>
   <div class='ocr_carea' id='block_1_87' title="bbox 240 5538 724 5609">
    <p class='ocr_par' dir='ltr' id='par_1_87' title="bbox 240 5538 724 5609">
     <span class='ocr_line' id='line_1_87' title="bbox 240 5538 724 5609; baseline 0.019 -16"><span class='ocrx_word' id='word_1_595' title='bbox 240 5542 279 5572; x_wconf 84' lang='grc'><strong>²⁹</strong></span> <span class='ocrx_word' id='word_1_596' title='bbox 309 5538 490 5601; x_wconf 74' lang='grc' dir='ltr'>Μηιιιι.</span> <span class='ocrx_word' id='word_1_597' title='bbox 526 5563 600 5609; x_wconf 74' lang='lat' dir='ltr'><strong>x1,</strong></span> <span class='ocrx_word' id='word_1_598' title='bbox 638 5548 724 5602; x_wconf 85' lang='lat' dir='ltr'><strong>ll.</strong></span> 
     </span>
    </p>
   </div>
   <div class='ocr_carea' id='block_1_88' title="bbox 1849 3242 3444 3313">
    <p class='ocr_par' dir='ltr' id='par_1_88' title="bbox 1849 3242 3444 3313">
     <span class='ocr_line' id='line_1_88' title="bbox 1849 3242 3444 3313; baseline -0.002 -15"><span class='ocrx_word' id='word_1_599' title='bbox 1849 3254 2165 3299; x_wconf 86' lang='lat' dir='ltr'><strong>nostrorum</strong></span> <span class='ocrx_word' id='word_1_600' title='bbox 2206 3260 2302 3313; x_wconf 88' lang='lat' dir='ltr'><strong>per</strong></span> <span class='ocrx_word' id='word_1_601' title='bbox 2331 3258 2451 3296; x_wconf 87' lang='lat' dir='ltr'><strong>eam</strong></span> <span class='ocrx_word' id='word_1_602' title='bbox 2485 3258 2595 3297; x_wconf 91' lang='lat' dir='ltr'><strong>non</strong></span> <span class='ocrx_word' id='word_1_603' title='bbox 2635 3242 2836 3297; x_wconf 90' lang='lat' dir='ltr'><strong>remitti</strong></span> <span class='ocrx_word' id='word_1_604' title='bbox 2870 3250 3096 3312; x_wconf 89' lang='lat' dir='ltr'><strong>peccata</strong></span> <span class='ocrx_word' id='word_1_605' title='bbox 3127 3255 3444 3297; x_wconf 82' lang='lat' dir='ltr'><strong>asseverare</strong></span> 
     </span>
    </p>
   </div>
   <div class='ocr_carea' id='block_1_89' title="bbox 1847 3332 3439 3405">
    <p class='ocr_par' dir='ltr' id='par_1_89' title="bbox 1847 3332 3439 3405">
     <span class='ocr_line' id='line_1_89' title="bbox 1847 3332 3439 3405; baseline -0.003 -14"><span class='ocrx_word' id='word_1_606' title='bbox 1847 3336 1967 3391; x_wconf 84' lang='lat' dir='ltr'><strong>ausi</strong></span> <span class='ocrx_word' id='word_1_607' title='bbox 2000 3346 2148 3391; x_wconf 91' lang='lat' dir='ltr'><strong>sunt.</strong></span> <span class='ocrx_word' id='word_1_608' title='bbox 2184 3337 2240 3390; x_wconf 92' lang='lat' dir='ltr'><strong>ln</strong></span> <span class='ocrx_word' id='word_1_609' title='bbox 2284 3334 2474 3390; x_wconf 91' lang='lat' dir='ltr'><strong>multis</strong></span> <span class='ocrx_word' id='word_1_610' title='bbox 2522 3334 2667 3389; x_wconf 90' lang='lat' dir='ltr'><strong>enim</strong></span> <span class='ocrx_word' id='word_1_611' title='bbox 2702 3350 2733 3389; x_wconf 87' lang='lat' dir='ltr'><strong>a</strong></span> <span class='ocrx_word' id='word_1_612' title='bbox 2774 3334 2948 3405; x_wconf 86' lang='lat' dir='ltr'><strong>gratia</strong></span> <span class='ocrx_word' id='word_1_613' title='bbox 2975 3372 2993 3399; x_wconf 93' lang='lat'><strong>,</strong></span> <span class='ocrx_word' id='word_1_614' title='bbox 3029 3350 3193 3405; x_wconf 90' lang='lat' dir='ltr'><strong>quam</strong></span> <span class='ocrx_word' id='word_1_615' title='bbox 3234 3332 3439 3389; x_wconf 85' lang='lat' dir='ltr'><strong>Christi</strong></span> 
     </span>
    </p>
   </div>
   <div class='ocr_carea' id='block_1_90' title="bbox 1848 3426 3438 3498">
    <p class='ocr_par' dir='ltr' id='par_1_90' title="bbox 1848 3426 3438 3498">
     <span class='ocr_line' id='line_1_90' title="bbox 1848 3426 3438 3498; baseline -0.001 -16"><span class='ocrx_word' id='word_1_616' title='bbox 1848 3428 2121 3498; x_wconf 88' lang='lat' dir='ltr'><strong>baptisma</strong></span> <span class='ocrx_word' id='word_1_617' title='bbox 2144 3426 2378 3491; x_wconf 89' lang='lat' dir='ltr'><strong>confert,</strong></span> <span class='ocrx_word' id='word_1_618' title='bbox 2404 3438 2454 3482; x_wconf 88' lang='lat' dir='ltr'><strong>et</strong></span> <span class='ocrx_word' id='word_1_619' title='bbox 2485 3442 2516 3481; x_wconf 88' lang='lat' dir='ltr'><strong>a</strong></span> <span class='ocrx_word' id='word_1_620' title='bbox 2542 3427 2804 3498; x_wconf 78' lang='lat' dir='ltr'><strong>dignitate</strong></span> <span class='ocrx_word' id='word_1_621' title='bbox 2820 3443 2945 3481; x_wconf 89' lang='lat' dir='ltr'><strong>cum</strong></span> <span class='ocrx_word' id='word_1_622' title='bbox 2976 3427 3095 3495; x_wconf 87' lang='lat' dir='ltr'><strong>ipso</strong></span> <span class='ocrx_word' id='word_1_623' title='bbox 3118 3436 3438 3496; x_wconf 87' lang='lat' dir='ltr'><strong>comparata</strong></span> 
     </span>
    </p>
   </div>
   <div class='ocr_carea' id='block_1_91' title="bbox 1847 3518 3441 3587">
    <p class='ocr_par' dir='ltr' id='par_1_91' title="bbox 1847 3518 3441 3587">
     <span class='ocr_line' id='line_1_91' title="bbox 1847 3518 3441 3587; baseline -0.001 -14"><span class='ocrx_word' id='word_1_624' title='bbox 1847 3519 2063 3585; x_wconf 86' lang='lat' dir='ltr'><strong>delicit;</strong></span> <span class='ocrx_word' id='word_1_625' title='bbox 2096 3519 2365 3587; x_wconf 88' lang='lat' dir='ltr'><strong>siquidem</strong></span> <span class='ocrx_word' id='word_1_626' title='bbox 2402 3518 2457 3573; x_wconf 92' lang='lat' dir='ltr'><strong>iu</strong></span> <span class='ocrx_word' id='word_1_627' title='bbox 2492 3518 2738 3573; x_wconf 86' lang='lat' dir='ltr'><strong>henelicii</strong></span> <span class='ocrx_word' id='word_1_628' title='bbox 2796 3518 3030 3587; x_wconf 87' lang='lat' dir='ltr'><strong>paritatc</strong></span> <span class='ocrx_word' id='word_1_629' title='bbox 3064 3518 3441 3587; x_wconf 81' lang='lat' dir='ltr'><strong>distingueba-</strong></span> 
     </span>
    </p>
   </div>
   <div class='ocr_carea' id='block_1_92' title="bbox 1849 3607 3443 3679">
    <p class='ocr_par' dir='ltr' id='par_1_92' title="bbox 1849 3607 3443 3679">
     <span class='ocr_line' id='line_1_92' title="bbox 1849 3607 3443 3679; baseline -0.001 -17"><span class='ocrx_word' id='word_1_630' title='bbox 1849 3620 1960 3674; x_wconf 91' lang='lat' dir='ltr'><strong>tur,</strong></span> <span class='ocrx_word' id='word_1_631' title='bbox 1991 3608 2292 3679; x_wconf 86' lang='lat' dir='ltr'><strong>eademque</strong></span> <span class='ocrx_word' id='word_1_632' title='bbox 2315 3609 2728 3664; x_wconf 79' lang='lat' dir='ltr'><strong>einundationis</strong></span> <span class='ocrx_word' id='word_1_633' title='bbox 2759 3610 2915 3679; x_wconf 89' lang='lat' dir='ltr'><strong>copia</strong></span> <span class='ocrx_word' id='word_1_634' title='bbox 2948 3623 3295 3678; x_wconf 89' lang='lat' dir='ltr'><strong>nequaquam</strong></span> <span class='ocrx_word' id='word_1_635' title='bbox 3326 3607 3443 3677; x_wconf 91' lang='lat' dir='ltr'><strong>pol-</strong></span> 
     </span>
    </p>
   </div>
   <div class='ocr_carea' id='block_1_93' title="bbox 1847 3699 3437 3770">
    <p class='ocr_par' dir='ltr' id='par_1_93' title="bbox 1847 3699 3437 3770">
     <span class='ocr_line' id='line_1_93' title="bbox 1847 3699 3437 3770; baseline -0.001 -14"><span class='ocrx_word' id='word_1_636' title='bbox 1847 3702 1992 3756; x_wconf 86' lang='lat' dir='ltr'><strong>lebat</strong></span> <span class='ocrx_word' id='word_1_637' title='bbox 2027 3721 2040 3755; x_wconf 86' lang='lat'><strong>:</strong></span> <span class='ocrx_word' id='word_1_638' title='bbox 2075 3702 2220 3755; x_wconf 88' lang='lat' dir='ltr'><strong>unde</strong></span> <span class='ocrx_word' id='word_1_639' title='bbox 2256 3701 2495 3756; x_wconf 81' lang='lat' dir='ltr'><strong>fortasse</strong></span> <span class='ocrx_word' id='word_1_640' title='bbox 2532 3717 2601 3755; x_wconf 92' lang='lat' dir='ltr'><strong>ne</strong></span> <span class='ocrx_word' id='word_1_641' title='bbox 2629 3700 3013 3755; x_wconf 88' lang='lat' dir='ltr'><strong>remissionem</strong></span> <span class='ocrx_word' id='word_1_642' title='bbox 3045 3699 3267 3770; x_wconf 87' lang='lat' dir='ltr'><strong>quidem</strong></span> <span class='ocrx_word' id='word_1_643' title='bbox 3312 3714 3437 3768; x_wconf 87' lang='lat' dir='ltr'><strong>pec-</strong></span> 
     </span>
    </p>
   </div>
   <div class='ocr_carea' id='block_1_94' title="bbox 1846 3790 3439 3867">
    <p class='ocr_par' dir='ltr' id='par_1_94' title="bbox 1846 3790 3439 3867">
     <span class='ocr_line' id='line_1_94' title="bbox 1846 3790 3439 3867; baseline -0.001 -17"><span class='ocrx_word' id='word_1_644' title='bbox 1846 3804 2093 3850; x_wconf 90' lang='lat' dir='ltr'><strong>catorum</strong></span> <span class='ocrx_word' id='word_1_645' title='bbox 2125 3794 2227 3865; x_wconf 91' lang='lat' dir='ltr'><strong>ipsi</strong></span> <span class='ocrx_word' id='word_1_646' title='bbox 2263 3796 2622 3867; x_wconf 89' lang='lat' dir='ltr'><strong>reliquerunt.</strong></span> <span class='ocrx_word' id='word_1_647' title='bbox 2680 3794 2974 3848; x_wconf 81' lang='lat' dir='ltr'><strong>Enimvero</strong></span> <span class='ocrx_word' id='word_1_648' title='bbox 3052 3809 3178 3849; x_wconf 90' lang='lat' dir='ltr'><strong>cum</strong></span> <span class='ocrx_word' id='word_1_649' title='bbox 3245 3790 3439 3848; x_wconf 87' lang='lat' dir='ltr'><strong>beatus</strong></span> 
     </span>
    </p>
   </div>
   <div class='ocr_carea' id='block_1_95' title="bbox 1845 3885 3440 3960">
    <p class='ocr_par' dir='ltr' id='par_1_95' title="bbox 1845 3885 3440 3960">
     <span class='ocr_line' id='line_1_95' title="bbox 1845 3885 3440 3960; baseline 0.001 -19"><span class='ocrx_word' id='word_1_650' title='bbox 1845 3887 2065 3943; x_wconf 87' lang='lat' dir='ltr'><strong>Marcus</strong></span> <span class='ocrx_word' id='word_1_651' title='bbox 2099 3898 2374 3952; x_wconf 89' lang='lat' dir='ltr'><strong>testctur,</strong></span> <span class='ocrx_word' id='word_1_652' title='bbox 2410 3898 2464 3943; x_wconf 91' lang='lat' dir='ltr'><strong>et</strong></span> <span class='ocrx_word' id='word_1_653' title='bbox 2510 3904 2681 3943; x_wconf 70' lang='lat' dir='ltr'><strong>sacra:</strong></span> <span class='ocrx_word' id='word_1_654' title='bbox 2720 3904 2899 3960; x_wconf 74' lang='lat' dir='ltr'><strong>prmco</strong></span> <span class='ocrx_word' id='word_1_655' title='bbox 2949 3887 3213 3943; x_wconf 65' lang='lat' dir='ltr'><strong>doctrina:</strong></span> <span class='ocrx_word' id='word_1_656' title='bbox 3260 3885 3440 3942; x_wconf 86' lang='lat' dir='ltr'><strong>Lucas</strong></span> 
     </span>
    </p>
   </div>
   <div class='ocr_carea' id='block_1_96' title="bbox 1846 3979 3439 4051">
    <p class='ocr_par' dir='ltr' id='par_1_96' title="bbox 1846 3979 3439 4051">
     <span class='ocr_line' id='line_1_96' title="bbox 1846 3979 3439 4051; baseline -0.003 -14"><span class='ocrx_word' id='word_1_657' title='bbox 1846 3982 2191 4046; x_wconf 83' lang='lat' dir='ltr'><strong>censentiat,</strong></span> <span class='ocrx_word' id='word_1_658' title='bbox 2260 3982 2405 4051; x_wconf 90' lang='lat' dir='ltr'><strong>quod</strong></span> <span class='ocrx_word' id='word_1_659' title='bbox 2475 3980 2705 4036; x_wconf 85' lang='lat' dir='ltr'><strong>Joannis</strong></span> <span class='ocrx_word' id='word_1_660' title='bbox 2788 3980 3061 4050; x_wconf 90' lang='lat' dir='ltr'><strong>baptisma</strong></span> <span class='ocrx_word' id='word_1_661' title='bbox 3136 3979 3439 4033; x_wconf 87' lang='lat' dir='ltr'><strong>remitteret</strong></span> 
     </span>
    </p>
   </div>
   <div class='ocr_carea' id='block_1_97' title="bbox 1846 4071 3440 4145">
    <p class='ocr_par' dir='ltr' id='par_1_97' title="bbox 1846 4071 3440 4145">
     <span class='ocr_line' id='line_1_97' title="bbox 1846 4071 3440 4145; baseline -0.003 -18"><span class='ocrx_word' id='word_1_662' title='bbox 1846 4086 2070 4145; x_wconf 84' lang='lat' dir='ltr'><strong>peccata</strong></span> <span class='ocrx_word' id='word_1_663' title='bbox 2107 4092 2119 4129; x_wconf 91' lang='lat'><strong>:</strong></span> <span class='ocrx_word' id='word_1_664' title='bbox 2155 4074 2438 4145; x_wconf 85' lang='lat' dir='ltr'><strong>quomodo</strong></span> <span class='ocrx_word' id='word_1_665' title='bbox 2490 4075 2575 4144; x_wconf 91' lang='lat' dir='ltr'><strong>(si</strong></span> <span class='ocrx_word' id='word_1_666' title='bbox 2630 4072 2829 4143; x_wconf 89' lang='lat' dir='ltr'><strong>quovis</strong></span> <span class='ocrx_word' id='word_1_667' title='bbox 2879 4071 2985 4125; x_wconf 85' lang='lat' dir='ltr'><strong>alio</strong></span> <span class='ocrx_word' id='word_1_668' title='bbox 3025 4080 3184 4140; x_wconf 89' lang='lat' dir='ltr'><strong>pacto</strong></span> <span class='ocrx_word' id='word_1_669' title='bbox 3234 4084 3325 4125; x_wconf 90' lang='lat' dir='ltr'><strong>res</strong></span> <span class='ocrx_word' id='word_1_670' title='bbox 3380 4083 3440 4123; x_wconf 88' lang='lat' dir='ltr'><strong>se</strong></span> 
     </span>
    </p>
   </div>
   <div class='ocr_carea' id='block_1_98' title="bbox 1848 4157 3438 4236">
    <p class='ocr_par' dir='ltr' id='par_1_98' title="bbox 1848 4157 3438 4236">
     <span class='ocr_line' id='line_1_98' title="bbox 1848 4157 3438 4236; baseline -0.004 -17"><span class='ocrx_word' id='word_1_671' title='bbox 1848 4165 2066 4232; x_wconf 89' lang='lat' dir='ltr'><strong>habeat,</strong></span> <span class='ocrx_word' id='word_1_672' title='bbox 2103 4182 2267 4236; x_wconf 90' lang='lat' dir='ltr'><strong>quam</strong></span> <span class='ocrx_word' id='word_1_673' title='bbox 2325 4166 2457 4227; x_wconf 91' lang='lat' dir='ltr'><strong>isto,</strong></span> <span class='ocrx_word' id='word_1_674' title='bbox 2492 4179 2604 4234; x_wconf 89' lang='lat' dir='ltr'><strong>quo</strong></span> <span class='ocrx_word' id='word_1_675' title='bbox 2635 4173 2825 4219; x_wconf 89' lang='lat' dir='ltr'><strong>nostra</strong></span> <span class='ocrx_word' id='word_1_676' title='bbox 2860 4159 3241 4229; x_wconf 86' lang='lat' dir='ltr'><strong>interpretatio</strong></span> <span class='ocrx_word' id='word_1_677' title='bbox 3294 4157 3438 4213; x_wconf 87' lang='lat' dir='ltr'><strong>sale-</strong></span> 
     </span>
    </p>
   </div>
   <div class='ocr_carea' id='block_1_99' title="bbox 1846 4250 3433 4317">
    <p class='ocr_par' dir='ltr' id='par_1_99' title="bbox 1846 4250 3433 4317">
     <span class='ocr_line' id='line_1_99' title="bbox 1846 4250 3433 4317; baseline -0.008 -2"><span class='ocrx_word' id='word_1_678' title='bbox 1846 4260 2069 4315; x_wconf 85' lang='lat' dir='ltr'><strong>brosam</strong></span> <span class='ocrx_word' id='word_1_679' title='bbox 2096 4257 2592 4314; x_wconf 87' lang='lat' dir='ltr'><strong>contradictionem</strong></span> <span class='ocrx_word' id='word_1_680' title='bbox 2619 4254 2919 4317; x_wconf 87' lang='lat' dir='ltr'><strong>imminuit,</strong></span> <span class='ocrx_word' id='word_1_681' title='bbox 2952 4261 3007 4305; x_wconf 91' lang='lat' dir='ltr'><strong>et</strong></span> <span class='ocrx_word' id='word_1_682' title='bbox 3037 4250 3433 4307; x_wconf 84' lang='lat' dir='ltr'><strong>admissibilctu</strong></span> 
     </span>
    </p>
   </div>
   <div class='ocr_carea' id='block_1_100' title="bbox 1846 4339 3435 4421">
    <p class='ocr_par' dir='ltr' id='par_1_100' title="bbox 1846 4339 3435 4421">
     <span class='ocr_line' id='line_1_100' title="bbox 1846 4339 3435 4421; baseline -0.006 -18"><span class='ocrx_word' id='word_1_683' title='bbox 1846 4350 2057 4421; x_wconf 88' lang='lat' dir='ltr'><strong>reddit)</strong></span> <span class='ocrx_word' id='word_1_684' title='bbox 2109 4365 2219 4404; x_wconf 90' lang='lat' dir='ltr'><strong>non</strong></span> <span class='ocrx_word' id='word_1_685' title='bbox 2277 4358 2424 4404; x_wconf 89' lang='lat' dir='ltr'><strong>esset</strong></span> <span class='ocrx_word' id='word_1_686' title='bbox 2455 4346 2777 4402; x_wconf 88' lang='lat' dir='ltr'><strong>temeritatis</strong></span> <span class='ocrx_word' id='word_1_687' title='bbox 2812 4353 2937 4399; x_wconf 86' lang='lat' dir='ltr'><strong>nota</strong></span> <span class='ocrx_word' id='word_1_688' title='bbox 2979 4341 3308 4405; x_wconf 85' lang='lat' dir='ltr'><strong>iuurendus,</strong></span> <span class='ocrx_word' id='word_1_689' title='bbox 3340 4339 3435 4411; x_wconf 91' lang='lat' dir='ltr'><strong>qui</strong></span> 
     </span>
    </p>
   </div>
   <div class='ocr_carea' id='block_1_101' title="bbox 1847 4435 3435 4510">
    <p class='ocr_par' dir='ltr' id='par_1_101' title="bbox 1847 4435 3435 4510">
     <span class='ocr_line' id='line_1_101' title="bbox 1847 4435 3435 4510; baseline -0.007 -13"><span class='ocrx_word' id='word_1_690' title='bbox 1847 4442 2231 4497; x_wconf 88' lang='lat' dir='ltr'><strong>remissionem</strong></span> <span class='ocrx_word' id='word_1_691' title='bbox 2298 4450 2648 4510; x_wconf 88' lang='lat' dir='ltr'><strong>peccatorum</strong></span> <span class='ocrx_word' id='word_1_692' title='bbox 2710 4436 2938 4491; x_wconf 83' lang='lat' dir='ltr'><strong>Joannis</strong></span> <span class='ocrx_word' id='word_1_693' title='bbox 2992 4435 3262 4505; x_wconf 78' lang='lat' dir='ltr'><strong>baptisma</strong></span> <span class='ocrx_word' id='word_1_694' title='bbox 3324 4448 3435 4487; x_wconf 89' lang='lat' dir='ltr'><strong>non</strong></span> 
     </span>
    </p>
   </div>
   <div class='ocr_carea' id='block_1_102' title="bbox 1848 4530 3438 4607">
    <p class='ocr_par' dir='ltr' id='par_1_102' title="bbox 1848 4530 3438 4607">
     <span class='ocr_line' id='line_1_102' title="bbox 1848 4530 3438 4607; baseline -0.008 -13"><span class='ocrx_word' id='word_1_695' title='bbox 1848 4539 2090 4607; x_wconf 85' lang='lat' dir='ltr'><strong>tribuere</strong></span> <span class='ocrx_word' id='word_1_696' title='bbox 2122 4536 2496 4597; x_wconf 85' lang='lat' dir='ltr'><strong>contenderet,</strong></span> <span class='ocrx_word' id='word_1_697' title='bbox 2534 4533 2665 4588; x_wconf 90' lang='lat' dir='ltr'><strong>illud</strong></span> <span class='ocrx_word' id='word_1_698' title='bbox 2698 4543 2877 4586; x_wconf 88' lang='lat' dir='ltr'><strong>tamen</strong></span> <span class='ocrx_word' id='word_1_699' title='bbox 2910 4530 3013 4584; x_wconf 90' lang='lat' dir='ltr'><strong>hac</strong></span> <span class='ocrx_word' id='word_1_700' title='bbox 3041 4530 3161 4598; x_wconf 85' lang='lat' dir='ltr'><strong>ipsa</strong></span> <span class='ocrx_word' id='word_1_701' title='bbox 3216 4542 3438 4596; x_wconf 89' lang='lat' dir='ltr'><strong>quoque</strong></span> 
     </span>
    </p>
   </div>
   <div class='ocr_carea' id='block_1_103' title="bbox 1852 4623 3438 4697">
    <p class='ocr_par' dir='ltr' id='par_1_103' title="bbox 1852 4623 3438 4697">
     <span class='ocr_line' id='line_1_103' title="bbox 1852 4623 3438 4697; baseline -0.008 -13"><span class='ocrx_word' id='word_1_702' title='bbox 1852 4630 1905 4684; x_wconf 91' lang='lat' dir='ltr'><strong>in</strong></span> <span class='ocrx_word' id='word_1_703' title='bbox 1943 4646 2000 4684; x_wconf 92' lang='lat' dir='ltr'><strong>re</strong></span> <span class='ocrx_word' id='word_1_704' title='bbox 2029 4628 2227 4683; x_wconf 85' lang='lat' dir='ltr'><strong>veteris</strong></span> <span class='ocrx_word' id='word_1_705' title='bbox 2258 4628 2393 4697; x_wconf 86' lang='lat' dir='ltr'><strong>legis</strong></span> <span class='ocrx_word' id='word_1_706' title='bbox 2426 4624 2771 4681; x_wconf 63' lang='lat' dir='ltr'><strong>caeremoniis</strong></span> <span class='ocrx_word' id='word_1_707' title='bbox 2794 4623 2992 4677; x_wconf 90' lang='lat' dir='ltr'><strong>mirum</strong></span> <span class='ocrx_word' id='word_1_708' title='bbox 3014 4629 3281 4691; x_wconf 86' lang='lat' dir='ltr'><strong>quantum</strong></span> <span class='ocrx_word' id='word_1_709' title='bbox 3311 4634 3438 4689; x_wconf 36' lang='lat' dir='ltr'><strong>per;</strong></span> 
     </span>
    </p>
   </div>
   <div class='ocr_carea' id='block_1_104' title="bbox 1848 4719 2543 4791">
    <p class='ocr_par' dir='ltr' id='par_1_104' title="bbox 1848 4719 2543 4791">
     <span class='ocr_line' id='line_1_104' title="bbox 1848 4719 2543 4791; baseline -0.007 -14"><span class='ocrx_word' id='word_1_710' title='bbox 1848 4722 2046 4779; x_wconf 81' lang='lat' dir='ltr'><strong>fectius</strong></span> <span class='ocrx_word' id='word_1_711' title='bbox 2078 4722 2239 4777; x_wconf 86' lang='lat' dir='ltr'><strong>vellet</strong></span> <span class='ocrx_word' id='word_1_712' title='bbox 2272 4719 2543 4791; x_wconf 88' lang='lat' dir='ltr'><strong>arguere?</strong></span> 
     </span>
    </p>
   </div>
   <div class='ocr_carea' id='block_1_105' title="bbox 1921 4805 3437 4881">
    <p class='ocr_par' dir='ltr' id='par_1_105' title="bbox 1921 4805 3437 4881">
     <span class='ocr_line' id='line_1_105' title="bbox 1921 4805 3437 4881; baseline -0.008 -11"><span class='ocrx_word' id='word_1_713' title='bbox 1921 4815 2019 4871; x_wconf 90' lang='lat' dir='ltr'><strong>llis</strong></span> <span class='ocrx_word' id='word_1_714' title='bbox 2067 4825 2249 4870; x_wconf 91' lang='lat' dir='ltr'><strong>autem</strong></span> <span class='ocrx_word' id='word_1_715' title='bbox 2300 4813 2557 4868; x_wconf 87' lang='lat' dir='ltr'><strong>Patribus</strong></span> <span class='ocrx_word' id='word_1_716' title='bbox 2608 4809 2914 4881; x_wconf 87' lang='lat' dir='ltr'><strong>perfugium</strong></span> <span class='ocrx_word' id='word_1_717' title='bbox 2963 4805 3203 4861; x_wconf 89' lang='lat' dir='ltr'><strong>fortasse</strong></span> <span class='ocrx_word' id='word_1_718' title='bbox 3249 4814 3437 4875; x_wconf 85' lang='lat' dir='ltr'><strong>patere</strong></span> 
     </span>
    </p>
   </div>
   <div class='ocr_carea' id='block_1_106' title="bbox 1850 4897 3433 4981">
    <p class='ocr_par' dir='ltr' id='par_1_106' title="bbox 1850 4897 3433 4981">
     <span class='ocr_line' id='line_1_106' title="bbox 1850 4897 3433 4981; baseline -0.009 -17"><span class='ocrx_word' id='word_1_719' title='bbox 1850 4911 2083 4981; x_wconf 88' lang='lat' dir='ltr'><strong>poterit,</strong></span> <span class='ocrx_word' id='word_1_720' title='bbox 2132 4918 2186 4963; x_wconf 92' lang='lat' dir='ltr'><strong>ct</strong></span> <span class='ocrx_word' id='word_1_721' title='bbox 2236 4906 2502 4961; x_wconf 86' lang='lat' dir='ltr'><strong>divinitus</strong></span> <span class='ocrx_word' id='word_1_722' title='bbox 2550 4902 2730 4958; x_wconf 75' lang='lat' dir='ltr'><strong>edocni</strong></span> <span class='ocrx_word' id='word_1_723' title='bbox 2765 4900 2928 4956; x_wconf 67' lang='lat' dir='ltr'><strong>Luca:</strong></span> <span class='ocrx_word' id='word_1_724' title='bbox 2973 4897 3256 4953; x_wconf 90' lang='lat' dir='ltr'><strong>oraculum</strong></span> <span class='ocrx_word' id='word_1_725' title='bbox 3309 4911 3433 4951; x_wconf 92' lang='lat' dir='ltr'><strong>cum</strong></span> 
     </span>
    </p>
   </div>
   <div class='ocr_carea' id='block_1_107' title="bbox 1846 4988 3431 5065">
    <p class='ocr_par' dir='ltr' id='par_1_107' title="bbox 1846 4988 3431 5065">
     <span class='ocr_line' id='line_1_107' title="bbox 1846 4988 3431 5065; baseline -0.012 -5"><span class='ocrx_word' id='word_1_726' title='bbox 1846 5005 2006 5060; x_wconf 90' lang='lat' dir='ltr'><strong>beato</strong></span> <span class='ocrx_word' id='word_1_727' title='bbox 2043 5001 2226 5055; x_wconf 82' lang='lat' dir='ltr'><strong>Marco</strong></span> <span class='ocrx_word' id='word_1_728' title='bbox 2252 4998 2563 5059; x_wconf 83' lang='lat' dir='ltr'><strong>conciliare,</strong></span> <span class='ocrx_word' id='word_1_729' title='bbox 2580 5004 2635 5051; x_wconf 90' lang='lat' dir='ltr'><strong>et</strong></span> <span class='ocrx_word' id='word_1_730' title='bbox 2654 5003 3000 5065; x_wconf 86' lang='lat' dir='ltr'><strong>apparentem</strong></span> <span class='ocrx_word' id='word_1_731' title='bbox 3032 4991 3173 5045; x_wconf 87' lang='lat' dir='ltr'><strong>inter</strong></span> <span class='ocrx_word' id='word_1_732' title='bbox 3196 5003 3293 5044; x_wconf 91' lang='lat' dir='ltr'><strong>eos</strong></span> <span class='ocrx_word' id='word_1_733' title='bbox 3313 4988 3431 5043; x_wconf 86' lang='lat' dir='ltr'><strong>dis-</strong></span> 
     </span>
    </p>
   </div>
   <div class='ocr_carea' id='block_1_108' title="bbox 1844 5082 3436 5152">
    <p class='ocr_par' dir='ltr' id='par_1_108' title="bbox 1844 5082 3436 5152">
     <span class='ocr_line' id='line_1_108' title="bbox 1844 5082 3436 5152; baseline -0.01 0"><span class='ocrx_word' id='word_1_734' title='bbox 1844 5096 2156 5152; x_wconf 88' lang='lat' dir='ltr'><strong>sensionem</strong></span> <span class='ocrx_word' id='word_1_735' title='bbox 2183 5093 2459 5147; x_wconf 89' lang='lat' dir='ltr'><strong>declinare</strong></span> <span class='ocrx_word' id='word_1_736' title='bbox 2488 5089 2693 5143; x_wconf 90' lang='lat' dir='ltr'><strong>licebit.</strong></span> <span class='ocrx_word' id='word_1_737' title='bbox 2730 5086 2996 5141; x_wconf 86' lang='lat' dir='ltr'><strong>Poterunt</strong></span> <span class='ocrx_word' id='word_1_738' title='bbox 3017 5084 3164 5139; x_wconf 90' lang='lat' dir='ltr'><strong>enim</strong></span> <span class='ocrx_word' id='word_1_739' title='bbox 3197 5082 3436 5137; x_wconf 86' lang='lat' dir='ltr'><strong>alllrma-</strong></span> 
     </span>
    </p>
   </div>
   <div class='ocr_carea' id='block_1_109' title="bbox 1844 5174 3434 5257">
    <p class='ocr_par' dir='ltr' id='par_1_109' title="bbox 1844 5174 3434 5257">
     <span class='ocr_line' id='line_1_109' title="bbox 1844 5174 3434 5257; baseline -0.009 -13"><span class='ocrx_word' id='word_1_740' title='bbox 1844 5205 1926 5253; x_wconf 82' lang='lat' dir='ltr'><strong>re,</strong></span> <span class='ocrx_word' id='word_1_741' title='bbox 1957 5187 2103 5257; x_wconf 91' lang='lat' dir='ltr'><strong>quod</strong></span> <span class='ocrx_word' id='word_1_742' title='bbox 2130 5185 2311 5241; x_wconf 83' lang='lat' dir='ltr'><strong>verbis</strong></span> <span class='ocrx_word' id='word_1_743' title='bbox 2347 5202 2365 5236; x_wconf 73' lang='grc' dir='ltr'><strong>ι</strong></span> <span class='ocrx_word' id='word_1_744' title='bbox 2400 5183 2705 5254; x_wconf 68' lang='lat' dir='ltr'><strong>praedicans</strong></span> <span class='ocrx_word' id='word_1_745' title='bbox 2730 5180 3062 5251; x_wconf 75' lang='lat' dir='ltr'><strong>baptismum</strong></span> <span class='ocrx_word' id='word_1_746' title='bbox 3095 5174 3434 5248; x_wconf 72' lang='lat' dir='ltr'><strong>pmnitentize</strong></span> 
     </span>
    </p>
   </div>
   <div class='ocr_carea' id='block_1_110' title="bbox 1843 5268 3429 5348">
    <p class='ocr_par' dir='ltr' id='par_1_110' title="bbox 1843 5268 3429 5348">
     <span class='ocr_line' id='line_1_110' title="bbox 1843 5268 3429 5348; baseline -0.009 -12"><span class='ocrx_word' id='word_1_747' title='bbox 1843 5280 1900 5336; x_wconf 93' lang='lat' dir='ltr'><strong>in</strong></span> <span class='ocrx_word' id='word_1_748' title='bbox 1940 5278 2317 5335; x_wconf 89' lang='lat' dir='ltr'><strong>remissionem</strong></span> <span class='ocrx_word' id='word_1_749' title='bbox 2345 5287 2749 5348; x_wconf 63' lang='lat' dir='ltr'><strong>peccatorum,»</strong></span> <span class='ocrx_word' id='word_1_750' title='bbox 2782 5285 3127 5343; x_wconf 79' lang='lat' dir='ltr'><strong>nequaquam</strong></span> <span class='ocrx_word' id='word_1_751' title='bbox 3161 5268 3429 5338; x_wconf 84' lang='lat' dir='ltr'><strong>baptisma</strong></span> 
     </span>
    </p>
   </div>
   <div class='ocr_carea' id='block_1_111' title="bbox 1844 5358 3428 5436">
    <p class='ocr_par' dir='ltr' id='par_1_111' title="bbox 1844 5358 3428 5436">
     <span class='ocr_line' id='line_1_111' title="bbox 1844 5358 3428 5436; baseline -0.011 -7"><span class='ocrx_word' id='word_1_752' title='bbox 1844 5390 1873 5428; x_wconf 87' lang='lat' dir='ltr'><strong>a</strong></span> <span class='ocrx_word' id='word_1_753' title='bbox 1906 5374 2254 5429; x_wconf 79' lang='lat' dir='ltr'><strong>Prazcursore</strong></span> <span class='ocrx_word' id='word_1_754' title='bbox 2284 5369 2729 5426; x_wconf 88' lang='lat' dir='ltr'><strong>administratum</strong></span> <span class='ocrx_word' id='word_1_755' title='bbox 2760 5365 3117 5436; x_wconf 85' lang='lat' dir='ltr'><strong>significetur,</strong></span> <span class='ocrx_word' id='word_1_756' title='bbox 3152 5360 3245 5416; x_wconf 87' lang='lat' dir='ltr'><strong>sed</strong></span> <span class='ocrx_word' id='word_1_757' title='bbox 3294 5358 3428 5413; x_wconf 91' lang='lat' dir='ltr'><strong>illud</strong></span> 
     </span>
    </p>
   </div>
   <div class='ocr_carea' id='block_1_112' title="bbox 1844 5456 3427 5537">
    <p class='ocr_par' dir='ltr' id='par_1_112' title="bbox 1844 5456 3427 5537">
     <span class='ocr_line' id='line_1_112' title="bbox 1844 5456 3427 5537; baseline -0.01 -16"><span class='ocrx_word' id='word_1_758' title='bbox 1844 5466 2206 5537; x_wconf 87' lang='lat' dir='ltr'><strong>portendatur</strong></span> <span class='ocrx_word' id='word_1_759' title='bbox 2238 5504 2256 5533; x_wconf 90' lang='lat'><strong>,</strong></span> <span class='ocrx_word' id='word_1_760' title='bbox 2308 5480 2398 5522; x_wconf 86' lang='lat' dir='ltr'><strong>cut</strong></span> <span class='ocrx_word' id='word_1_761' title='bbox 2447 5461 2797 5533; x_wconf 71' lang='lat' dir='ltr'><strong>praedicando</strong></span> <span class='ocrx_word' id='word_1_762' title='bbox 2862 5458 2980 5529; x_wconf 84' lang='lat' dir='ltr'><strong>ipse</strong></span> <span class='ocrx_word' id='word_1_763' title='bbox 3040 5456 3245 5511; x_wconf 87' lang='lat' dir='ltr'><strong>missus</strong></span> <span class='ocrx_word' id='word_1_764' title='bbox 3288 5461 3427 5508; x_wconf 86' lang='lat' dir='ltr'><strong>erat.</strong></span> 
     </span>
    </p>
   </div>
   <div class='ocr_carea' id='block_1_113' title="bbox 1673 5642 1900 5700">
    <p class='ocr_par' dir='ltr' id='par_1_113' title="bbox 1673 5642 1900 5700">
     <span class='ocr_line' id='line_1_113' title="bbox 1673 5642 1900 5700; baseline 0.009 -2"><span class='ocrx_word' id='word_1_765' title='bbox 1673 5642 1900 5700; x_wconf 71' lang='grc' dir='ltr'><strong>ΝΟΤᾸΞ.</strong></span> 
     </span>
    </p>
   </div>
   <div class='ocr_carea' id='block_1_114' title="bbox 240 5719 2055 5807">
    <p class='ocr_par' dir='ltr' id='par_1_114' title="bbox 240 5719 2055 5807">
     <span class='ocr_line' id='line_1_114' title="bbox 240 5719 2055 5807; baseline 0.002 -22"><span class='ocrx_word' id='word_1_766' title='bbox 240 5726 343 5797; x_wconf 58' lang='lat' dir='ltr'><strong>(Illi)</strong></span> <span class='ocrx_word' id='word_1_767' title='bbox 389 5728 497 5786; x_wconf 89' lang='lat' dir='ltr'><strong>lloc</strong></span> <span class='ocrx_word' id='word_1_768' title='bbox 542 5732 858 5790; x_wconf 80' lang='lat' dir='ltr'><strong>adverbium</strong></span> <span class='ocrx_word' id='word_1_769' title='bbox 904 5752 1065 5792; x_wconf 77' lang='lat' dir='ltr'><strong>sensu</strong></span> <span class='ocrx_word' id='word_1_770' title='bbox 1106 5719 1413 5807; x_wconf 80' lang='lat' dir='ltr'><strong>postulante</strong></span> <span class='ocrx_word' id='word_1_771' title='bbox 1458 5735 1822 5807; x_wconf 79' lang='lat' dir='ltr'><strong>supplendum</strong></span> <span class='ocrx_word' id='word_1_772' title='bbox 1850 5736 2055 5806; x_wconf 77' lang='lat' dir='ltr'><strong>putari.</strong></span> 
     </span>
    </p>
   </div>
  </div>
