3808 6284
382 253 493 317 ita

1536 259 1799 319 ΡΙΙΟΤΙΙ
1840 260 2343 323 PATRIARCH/E
2381 263 2487 322 (ΞΡ.

3562 259 3690 325 216

389 367 600 424 Etenim
639 378 887 424 sanctum
929 367 1168 424 Marcum
1196 371 1262 425 de
1290 370 1517 426 Joannis
1541 373 1759 442 quidem
1790 374 1964 445 bapti-

2106 378 2210 447 ιρὸν
2254 378 2481 448 Μάρκον
2530 379 2663 444 περὶ
2705 378 2806 448 μὲν
2841 378 3049 433 ἐκείνου
3086 379 3292 447 λέγειν,
3328 400 3345 431 ι
3398 381 3694 449 Ἐγένετο

390 469 563 516 smate
599 459 652 512 bi
684 460 888 515 dixisse
918 461 1186 531 iuquient,
1214 481 1230 513 ι
1260 462 1385 515 Fuit
1415 462 1654 521 Joannes
1680 467 1963 535 baptizatus

389 552 446 606 in
481 553 730 618 deserto;
760 571 778 603 ι
838 553 891 606 in
922 553 1101 609 verbis
1159 565 1340 609 autem
1380 575 1397 607 ι
1420 554 1730 613 Przedicans
1791 560 1967 628 bapti-

390 660 567 699 smum
621 645 953 714 paenitentiae
1000 646 1054 699 in
1115 646 1495 702 remissionem
1554 658 1902 718 peccatorum
1942 667 1961 701 ι

389 736 773 807 Redemptoris
798 738 1064 807 putabunt
1099 740 1382 794 nuntiasse
1411 739 1765 809 baptismum.
1791 742 1968 811 Atque

392 829 469 883 ita
508 831 752 898 profecto
810 829 1049 884 dixerint
1106 830 1322 885 beatum
1374 830 1617 887 Marcum
1678 844 1970 904 utrumque

394 922 711 978 distinxisse
738 923 1033 992 baptisma,
1066 923 1357 993 ipsumque
1391 924 1575 979 testari
1616 924 1747 979 illud
1780 928 1973 980 remis-

396 1014 604 1069 sionem
655 1025 1001 1083 peccatorum
1037 1030 1145 1067 non
1179 1015 1441 1083 praebere,
1472 1030 1652 1084 neque
1702 1031 1822 1071 eam
1872 1032 1972 1071 suo

394 1106 710 1177 baptismati
755 1107 926 1162 fuisse
968 1123 997 1161 a
1032 1106 1242 1162 Joanne
1297 1108 1615 1162 attributam
1652 1126 1667 1162 :
1700 1108 1972 1179 siquidem

396 1203 683 1265 propterea
714 1193 980 1249 Joannem
1017 1196 1312 1265 Opinantur
1336 1197 1627 1265 ingenuam
1656 1196 1804 1251 illam
1838 1196 1972 1252 Deo-

396 1302 503 1356 que
526 1287 1069 1356 obsequentissimam
1095 1287 1422 1342 sententiam
1454 1287 1786 1358 protulisse:
1816 1306 1834 1339 ι
1864 1289 1976 1357 Ego

398 1379 617 1449 quidem
643 1378 909 1448 baptizavi
930 1395 1027 1433 vos
1053 1379 1105 1432 in
1131 1395 1294 1448 aqua,
1325 1379 1441 1450 ipse
1471 1387 1653 1435 autem
1682 1379 1979 1451 baptizabit

361 1506 367 1511 ν
397 1485 495 1523 vos
531 1470 581 1522 in
621 1468 826 1537 Spiritu
860 1479 1052 1525 sancto
1084 1470 1150 1524 ³ο.
1185 1490 1203 1522 ι

469 1560 624 1627 Quod
650 1560 693 1614 si
717 1560 931 1615 Marcus
951 1560 1337 1629 baptismatum
1358 1561 1765 1617 distinctionem
1790 1571 1978 1633 aperte

399 1667 500 1705 nos
550 1652 774 1717 docuit,
843 1655 970 1706 dum
1036 1655 1350 1721 baptismati
1391 1656 1610 1725 quidem
1666 1655 1974 1714 Servatoris

2083 468 2331 539 Ἰωάννης
2356 469 2629 537 βαπτίζων
2661 472 2718 524 ἐν
2746 475 2811 542 τῇ
2855 473 3046 542 ἐρήμῳ
3069 489 3083 503 ·
3121 492 3138 525 ι
3175 474 3231 524 ἐν
3257 472 3314 525 δὲ
3345 474 3438 543 τῷ,
3483 494 3509 526 ε
3550 475 3696 540 Κηο

2076 562 2290 632 ρύσσων
2324 562 2607 632 βάπτισμα
2633 564 2921 632 μετανοίας
2948 565 3028 627 είς
3060 565 3255 631 ἄφεσιν
3279 565 3623 635 ἁμαρτιῶν,
3668 583 3689 613 ι

2072 653 2133 706 τὸ
2181 654 2452 724 Σωτήρων
2506 653 2904 725 ἀνακηρύττειν
2955 654 3263 724 βάπτισμα.
3326 658 3432 709 Καὶ
3515 656 3697 708 οὕτω

2076 748 2233 813 φαῖεν
2261 745 2327 799 ἂν
2356 746 2449 800 τὸν
2480 747 2752 817 μακάριον
2787 746 3018 818 Μάρκον
3036 747 3296 818 ἑκάτερον
3320 748 3426 801 τῶν
3451 748 3698 819 βαπτι-

2078 838 2300 907 σμάτων
2328 838 2732 893 διαστείλασθαι
2764 840 3316 911 ἐπιμαρτυρούμενον
3353 839 3425 912 μὴ
3457 842 3696 910 ἄφεσιν

2061 932 2364 1002 ἁμαρτιῶν
2398 931 2685 1002 παρέχειν,
2718 932 2839 1001 μηδ’
2867 932 3029 986 αὑτὸν
3070 933 3350 1000 ὁμολογεῖν
3373 933 3434 985 τδ
3457 932 3697 1002 βάπτι-

2080 1041 2194 1094 σμα
2222 1025 2595 1096 παρεχόμενον
2626 1041 2640 1056 '
2677 1026 2765 1079 διὰ
2801 1025 2959 1079 τοῦτο
2983 1028 3091 1097 γὰρ
3129 1026 3223 1079 καὶ
3245 1027 3536 1097 εἰρηκέναι
3582 1044 3691 1095 φι-

2078 1115 2298 1184 λαλήθει
2361 1133 2418 1169 τε
2457 1118 2552 1170 καὶ
2593 1116 2985 1191 θεοσεὸεστάτῃ
3020 1117 3249 1189 γνὼμῃο
3298 1137 3317 1169 ι
3361 1117 3507 1185 Ἐγὼ
3579 1120 3696 1187 μὲν

2080 1208 2354 1261 ἐϐάπτισα
2384 1208 2529 1278 ὑμᾶς
2552 1210 2610 1262 ἐν
2651 1209 2825 1276 ὕδατι,
2869 1210 3030 1274 αὐτὸς
3054 1210 3109 1263 δὲ
3143 1209 3396 1281 βαπτίσει
3419 1211 3588 1280 ὑμᾶς
3627 1210 3695 1262 ἐν

2084 1300 2359 1371 Πνεύματι
2384 1299 2545 1371 ἁγίῳ.
2585 1319 2606 1352 ι

2157 1564 2218 1616 El
2253 1562 2297 1615 δ’
2348 1564 2377 1616 ὁ
2406 1563 2635 1631 Μάρκος
2687 1560 2872 1631 σαφῶς
2919 1561 3067 1631 ἡμᾶς
3109 1559 3207 1630 τὴν
3239 1560 3531 1630 διαστολὴν
3567 1561 3703 1614 τῶν

2087 1651 2481 1724 βαπτισμάτων
2502 1650 2799 1717 ἐδιδάξατο,
2834 1650 2913 1720 τῷ
2947 1650 3264 1719 Δεσποτικῷ
3316 1650 3416 1719 μὲν
3463 1649 3697 1719 ﬁam!-

399 1741 645 1807 aseribit,
670 1743 809 1812 quod
836 1751 1057 1811 peccata
1092 1745 1427 1808 dimitteret,
1461 1754 1515 1800 et
1544 1745 1749 1815 Spiritu
1785 1757 1975 1803 sancto

2106 1761 2246 1814 ’ματι
2306 1743 2405 1815 τὴν
2454 1742 2562 1807 τῶν
2615 1741 2900 1813 ἁμαρτιῶν
2936 1742 3227 1810 ἀπονέμων
3280 1742 3512 1810 ἄφεσιν,
3582 1741 3694 1794 καὶ

400 1834 801 1899 conficeretur;
834 1832 1064 1889 Joannis
1101 1844 1306 1897 autem,
1340 1838 1485 1904 quod
1526 1851 1667 1906 aqua
1708 1838 1879 1901 fieret,
1922 1845 1978 1892 et

398 1923 669 1993 baptisma
731 1934 1188 1993 nuncuparetur:
1229 1926 1578 1994 perspicuum
1633 1935 1717 1981 est
1773 1925 1976 1981 Lucam

403 2030 623 2085 quoque
646 2030 772 2069 cum
807 2016 957 2069 socio
993 2013 1304 2086 Evangelii,
1335 2017 1685 2086 ltistoriaaque
1716 2018 1979 2088 scriptore

400 2107 816 2160 consensionem
857 2122 1112 2171 servare,
1171 2118 1226 2162 et
1272 2109 1352 2163 sic
1386 2108 1549 2163 etiam
1598 2110 1978 2163 intemeratam

400 2200 647 2253 veritatis
683 2200 1064 2253 auctoritatem
1102 2200 1377 2253 custodire
1405 2218 1417 2254 :
1450 2201 1705 2269 quodque
1738 2200 1824 2253 ille
1848 2215 1977 2253 nar-

399 2298 485 2343 rat
512 2307 527 2342 :
566 2308 584 2341 ι
613 2290 679 2343 Et
708 2289 855 2343 venit
888 2291 942 2343 in
976 2304 1195 2343 omnem
1239 2289 1513 2359 regionem
1542 2290 1803 2345 Jnrdanis
1839 2306 1980 2359 prae—

401 2379 592 2434 dicans
631 2379 957 2448 baptismum
991 2380 1323 2448 pmnitentiaa
1356 2379 1407 2431 in
1439 2380 1818 2435 remissionem
1852 2396 1981 2450 pec-

402 2476 652 2520 catorum
679 2468 745 2529 ³¹,
772 2486 790 2518 ι
826 2467 1231 2536 intelligendum
1271 2483 1390 2522 esse
1435 2470 1751 2538 neutiquam
1785 2471 1851 2523 de
1885 2471 1980 2524 illo

402 2557 749 2626 baptismate,
782 2559 928 2627 quod
980 2574 1177 2612 manus
1224 2558 1591 2615 Prtecursoris
1630 2561 1983 2616 administra-

404 2647 555 2709 bant,
589 2647 679 2701 sed
712 2647 778 2701 de
800 2662 884 2711 eo,
913 2650 1056 2717 quod
1090 2646 1340 2703 Salvator
1397 2666 1460 2705 ac
1494 2649 1758 2707 Dominus
1796 2664 1983 2707 noster

400 2737 765 2801 instituebat,
824 2738 1079 2806 quodque
1136 2739 1333 2793 animae
1390 2740 1619 2793 maculis
1678 2740 1982 2808 baptizatos

404 2846 598 2897 omnes
633 2830 984 2886 emundabat.
1020 2830 1308 2887 Enimvero
1335 2834 1495 2904 paulo
1517 2846 1639 2905 post
1664 2835 1838 2890 Lucas
1868 2838 1985 2905 ipse

403 2919 669 2974 Joannem
701 2920 786 2976 bis
818 2921 999 2975 verbis
1028 2923 1336 2992 loquentem
1383 2926 1593 2981 inducit
1621 2946 1634 2980 :
1671 2947 1688 2979 ι
1716 2927 1827 2999 Ego
1856 2930 1983 2998 qui-

403 3010 527 3065 dem
559 3028 700 3082 aqua
734 3014 953 3083 baptizo
986 3029 1115 3077 vos,
1173 3016 1353 3070 veniet
1389 3026 1570 3071 autem
1629 3018 1825 3074 fortior
1874 3036 1978 3083 me,

404 3104 564 3172 cujus
596 3121 703 3158 non
750 3122 868 3159 sum
922 3107 1118 3175 dignus
1163 3108 1373 3162 solvere
1421 3110 1712 3179 corrigiam
1766 3112 1980 3166 calcea-

402 3208 709 3254 mentorum
750 3200 902 3267 eius;
930 3221 947 3252 ι
986 3202 1179 3257 deinde
1218 3205 1284 3258 ad
1331 3205 1671 3272 pandendam
1711 3208 1981 3263 Dominici

404 3291 756 3359 baptismatis
812 3293 1179 3359 praestantiam
1206 3332 1220 3355 ,
1266 3314 1283 3344 ι
1309 3295 1423 3362 ipse
1466 3311 1563 3350 vos
1602 3297 1897 3365 baptizabit
1928 3299 1982 3352 in

410 3383 613 3450 Spiritu
648 3393 841 3438 sancto
893 3393 945 3439 et
977 3385 1085 3455 igni
1116 3386 1181 3439 ³¹.
1216 3375 1580 3456 Praeterquam
1607 3388 1749 3457 quod
1776 3389 1985 3446 Marcus

409 3487 649 3541 quoque,
686 3484 973 3543 postquam
1012 3475 1138 3528 alibi
1183 3484 1462 3530 narrasset
1505 3475 1809 3532 Pbariszeos
1850 3479 1988 3532 Sad-

409 3565 733 3633 ducaaosque
758 3566 824 3619 ab
847 3566 924 3620 ira
957 3576 1185 3621 ventura
1219 3566 1419 3636 fugisse
1450 3567 1650 3636 (neque
1692 3568 1836 3623 aliud
1888 3571 1986 3625 ad-

411 3655 811 3728 eratcli‘ugium
838 3699 853 3722 ,
896 3675 1059 3728 quam
1095 3659 1160 3712 ad
1206 3660 1474 3729 baptisma
1511 3676 1631 3715 sese
1665 3662 1982 3731 recipere):

413 3767 434 3798 ι
464 3748 685 3815 Facite,
729 3750 970 3819 subjicit,
1022 3749 1232 3805 fructus
1269 3753 1462 3821 dignos
1504 3754 1923 3822 pmuitentire”,
1962 3773 1980 3804 ι

405 3841 631 3911 perinde
667 3856 731 3894 ac
762 3842 1068 3911 prmstitum
1096 3842 1366 3912 baptisma
1411 3844 1543 3897 tanti
1576 3859 1683 3897 non
1719 3852 1894 3909 esset,
1930 3852 1988 3897 ut

408 3933 715 3987 absolutam
742 3946 1089 4002 peccatorum
1109 3935 1320 3989 veniam
1345 3944 1709 4004 compararet.
1739 3936 1807 3988 At
1838 3936 1990 4002 quis-

408 4026 553 4097 piam
588 4035 751 4094 ponet
783 4025 883 4079 boc
930 4042 957 4079 a
999 4024 1208 4082 Joanne
1249 4027 1453 4083 dictum
1489 4027 1658 4081 fuisse
1698 4042 1805 4081 non
1856 4027 1983 4092 illis,

374 4136 381 4143 ο
411 4133 549 4187 quos
574 4132 731 4171 sacra
766 4117 965 4171 ﬂuenta
992 4127 1335 4187 exceperant,
1366 4133 1432 4172 ac
1464 4119 1719 4173 sordibus
1753 4119 1987 4171 munda-

410 4218 626 4274 verant,
667 4207 760 4263 sed
813 4208 940 4269 illis,
987 4209 1076 4278 qui
1110 4210 1509 4264 contendebant
1543 4209 1760 4279 quidem
1795 4210 1861 4264 ad
1893 4212 1988 4263 ba-

412 4303 694 4370 ptismum.
724 4302 964 4355 nondum
1002 4310 1179 4354 tamen
1208 4316 1272 4355 ea
1312 4301 1591 4355 ablatione
1634 4302 1780 4373 digni
1816 4303 1986 4357 habiti

2079 1833 2358 1903 Πνεύματι
2386 1832 2522 1899 ἁγίῳ
2549 1831 3139 1900 διατελεσιουργεῖσθαι
3164 1848 3178 1861 ο
3213 1832 3275 1884 τὸ
3315 1831 3373 1884 δὲ
3408 1832 3691 1884 Ἰωάννου

2079 1929 2173 1983 καὶ
2203 1926 2395 1990 ὕδατος
2419 1922 2581 1989 εἷναι,
2604 1926 2698 1980 καὶ
2726 1924 3086 1994 ὀνομάζεσθαι
3117 1924 3399 1994 βάπτισμα
3427 1941 3441 1955 °
3477 1924 3690 1991 δῆλον,

2080 2020 2156 2082 ὡς
2190 2021 2282 2072 καὶ
2311 2020 2338 2070 ὁ
2372 2019 2588 2081 Λουκᾶς
2612 2016 2721 2088 ἄρα
2748 2017 2881 2087 πρὸς
2901 2016 2991 2068 τὸν
3020 2012 3514 2082 συνευαγγελιστὴν
3569 2014 3684 2065 καὶ

2086 2111 2365 2181 συνόμιλον
2397 2109 2456 2162 τὸ
2492 2109 2783 2179 σύμφωνον
2825 2106 3122 2169 διασώζων,
3158 2104 3299 2160 οὕτω
3330 2107 3425 2157 καὶ
3472 2103 3539 2156 τὸ
3576 2103 3693 2171 τῆς

2079 2199 2335 2270 ἀληθείας
2367 2197 2691 2268 ἀνύϐριστον
2719 2194 3136 2262 συνδιαφυλάξει
3163 2193 3383 2262 ἀξίωμα
3407 2211 3421 2225 ·
3447 2193 3553 2245 καὶ
3589 2193 3689 2261 εἴη

2080 2291 2146 2345 ἂν
2178 2289 2327 2359 αὑτῷ
2352 2289 2642 2360 εἰρημένον
2676 2289 2757 2350 τὸ,
2815 2305 2832 2337 ι
2882 2288 2992 2340 Καὶ
3044 2282 3205 2356 ἦλθεν
3238 2286 3319 2346 είς
3350 2288 3537 2338 πᾶσαν
3572 2285 3689 2352 τὴν

2082 2381 2388 2453 περίχωρον
2446 2380 2543 2433 τοῦ
2582 2378 2851 2447 Ἰορδάνου
2898 2378 3188 2448 κηρύσσων
3224 2377 3515 2447 βάπτισμα
3566 2393 3682 2445 μευ

2080 2471 2296 2533 τανοίας
2340 2473 2420 2533 εἰς
2475 2470 2665 2537 ἄφεσιν
2712 2468 2996 2539 ἁμαρτιῶν
3026 2507 3040 2531 ,
3090 2485 3108 2517 ›
3143 2468 3204 2520 οὐ
3260 2466 3390 2538 περὶ
3451 2466 3686 2519 ἐκείνου

2082 2561 2366 2632 δήπουθεν,
2388 2562 2523 2631 ὅπερ
2554 2561 2609 2614 αἱ
2639 2559 2731 2613 τοῦ
2762 2559 3074 2630 Προδρόμου
3104 2562 3281 2629 χεῖρες
3304 2560 3681 2628 εἰργάζοντο.

2083 2652 2217 2707 ἀλλά
2265 2654 2391 2722 περὶ
2433 2650 2524 2705 τοῦ
2588 2651 2861 2723 Σωτηρίου
2921 2652 3014 2704 καὶ
3068 2651 3427 2715 Δεσποτικοῦ,
3498 2652 3605 2705 καὶ
3654 2650 3687 2702 ὃ

2084 2744 2290 2806 πάντας
2330 2744 2454 2804 τοὺς
2488 2742 2925 2811 βαπτισαμένους
2954 2740 3059 2793 τῶν
3092 2741 3340 2811 ψυχικῶν
3382 2742 3687 2811 μολυσμά-

2083 2851 2190 2886 των
2218 2832 2577 2899 ἀπεκάθαιρε.
2617 2830 2723 2882 Καὶ
2741 2829 2848 2899 γάρ
2878 2828 2994 2898 μετ’
3025 2827 3202 2894 ὀλίγον
3231 2829 3325 2880 καὶ
3356 2828 3522 2890 αὐτὸς
3546 2828 3674 2880 εἰσ-

2085 2931 2210 2997 άγει
2262 2928 2351 2980 τὸν
2402 2925 2654 2994 Ἰωάννην
2705 2923 2969 2991 λέγοντα·
3009 2942 3026 2973 ι
3072 2921 3212 2988 Ἐγὼ
3263 2920 3360 2991 μὲν
3415 2921 3474 2972 ἐν
3513 2920 3684 2974 ὕδατι

2090 3018 2336 3091 βαπτίζω
2371 3020 2533 3088 ὑμᾶς,
2562 3017 2777 3085 ἔρχεται
2820 3015 2876 3066 δέ
2914 3014 3260 3084 ἰσχυρότερός
3308 3031 3435 3082 μου,
3473 3008 3534 3066 οὗ
3570 3015 3683 3066 οὐκ

2085 3112 2200 3181 εἰμὶ
2248 3111 2429 3171 ἱκανὸς
2453 3108 2613 3160 λῦσαι
2640 3107 2731 3159 τὸν
2761 3107 2959 3176 ἱμάντα
3009 3105 3117 3158 τῶν
3152 3105 3523 3174 ὑποδημάτων
3574 3107 3683 3159 αύ-

2083 3203 2197 3255 τοῦ·
2242 3220 2260 3253 ι
2305 3199 2423 3254 εἶτα
2447 3202 2538 3253 καὶ
2564 3199 2624 3251 τὸ
2647 3199 2862 3269 ἀξίωμα
2898 3198 2990 3251 τοῦ
3037 3198 3316 3268 Κυριακοῦ
3359 3197 3683 3268 βαπτίσμα·

2084 3311 2195 3357 τος,
2234 3314 2251 3344 ι
2300 3292 2470 3355 Αὐτὸς
2519 3292 2660 3360 ὑμᾶς
2694 3289 2945 3361 βαπτίσει
2974 3292 3031 3343 ἐν
3066 3290 3343 3359 Πνεύματι
3370 3291 3511 3360 ἁγίῳ
3572 3291 3677 3343 καὶ

2086 3378 2241 3448 πυρί.
2274 3396 2293 3429 ι
2326 3378 2434 3429 Ναὶ
2474 3377 2579 3447 μὴν
2615 3378 2707 3428 καὶ
2749 3377 2975 3447 Μάρκος
3001 3376 3163 3429 πάλιν
3197 3377 3334 3446 μετά
3369 3379 3430 3430 τὸ
3478 3382 3681 3447 φυγεῖν

2088 3470 2211 3531 τοὺς
2239 3468 2566 3538 Φαρισαίους
2612 3468 2723 3521 καῖ’
2751 3469 3146 3532 Σαδδουκαίους
3182 3470 3286 3522 ὑπὸ
3316 3471 3413 3541 τῆς
3444 3471 3683 3541 μελλού⁴

2088 3578 2187 3631 σης
2212 3562 2379 3632 ὀργῆς
2407 3560 2548 3629 (οὐδὲ
2578 3564 2721 3631 φυγή
2748 3578 2831 3624 τις
2869 3561 2934 3613 ἂν
2966 3557 3053 3632 ἦν,
3109 3563 3158 3613 εἰ
3194 3562 3268 3631 μὴ
3298 3563 3357 3614 τὸ
3392 3565 3680 3633 προσδραο

2090 3655 2210 3723 μεῖν
2228 3653 2305 3724 τῷ
2333 3652 2717 3722 βαπτίσματι),
2752 3672 2769 3703 ι
2799 3654 3093 3723 Ποιήσατε,
3124 3654 3396 3725 ἐπιφέρει,
3420 3657 3683 3725 καρποὺς

2088 3740 2273 3807 ἀξίους
2304 3745 2404 3812 τῆς
2438 3743 2746 3811 μετανοίας,
2784 3762 2801 3794 ι
2835 3742 2910 3805 ὡς
2950 3743 3045 3796 τοῦ
3074 3743 3321 3807 δοθέντος
3355 3745 3680 3818 βαπτίσμα-

2087 3849 2177 3895 τος
2202 3832 2301 3884 of»:
2332 3831 2545 3901 ἔχοντος
2583 3832 2735 3901 ἰσχὺν
2776 3835 3076 3901 παρασχεῖν
3107 3832 3205 3903 τὴν
3232 3834 3440 3887 τελείαν
3486 3835 3679 3906 ἀμαρ-

2086 3922 2346 3992 τημάτων
2371 3922 2770 3991 ἀπολύτρωσιν.
2797 3924 2866 3976 Ἢ
2896 3921 3052 3975 τοῦτο
3076 3922 3173 3991 μὲν
3197 3923 3262 3976 ἄν
3305 3941 3386 3987 τις
3416 3926 3677 3995 είρῆσθαι

2089 4015 2204 4085 θείη
2248 4014 2309 4067 ού
2358 4014 2496 4085 πρὸς
2550 4015 2812 4079 ἐκείνους,
2858 4013 2951 4078 οὓς
2989 4016 3057 4068 τὸ.
3099 4015 3420 4069 τελεσθέντα
3478 4018 3679 4087 ῥεῖθρα

2086 4105 2354 4176 δεξάμενα
2409 4106 2519 4159 τῶν
2578 4106 2942 4175 μολυσμάτων
2998 4106 3304 4160 ἐπλύνατο·
3361 4108 3501 4162 ἀλλὰ
3555 4113 3679 4173 τοῖς

2088 4200 2435 4270 ὡρμημένοις
2471 4199 2568 4268 μὲν
2588 4198 2679 4251 ἐπὶ
2709 4199 2784 4269 τῷ
2826 4198 3183 4269 βαπτίσματι,
3214 4199 3368 4253 οὔπω
3413 4201 3470 4254 δὲ
3531 4220 3671 4255 κατ-

2092 4290 2366 4355 αξιωθεῖσι
2399 4290 2498 4360 τῆς
2527 4289 2868 4360 καθάρσεως.
2891 4290 3037 4360 Πλὴν
3068 4290 3119 4341 εἷ
3140 4307 3225 4351 τις
3256 4291 3348 4343 καὶ
3378 4292 3515 4361 πρὸς
3544 4294 3677 4355 τοὺς

413 4390 650 4446 fuerant.
683 4390 948 4446 Caeterum
971 4392 1071 4446 etsi
1098 4392 1223 4463 quis
1246 4392 1537 4465 baptizatis
1568 4392 1729 4446 etiam
1762 4393 1980 4447 allatum

2106 4384 2189 4454 ιλδη
2224 4382 2658 4452 βαπτισαμένους
2704 4380 2797 4433 τὸν
2844 4380 3206 4451 προκείμενον
3248 4381 3405 4448 λόγον
3458 4384 3673 4452 ἁρμότ-

413 4484 594 4537 iocum
631 4498 931 4553 congruere
969 4483 1324 4549 concesserit,
1351 4491 1530 4537 tamen
1558 4498 1623 4537 ne
1642 4483 1744 4537 hoc
1769 4484 1987 4553 quidem

412 4586 758 4647 peccatorum
796 4575 1173 4629 remissionem
1208 4591 1235 4627 a
1267 4574 1630 4629 Praecursoris
1660 4575 1990 4644 baptismate

412 4670 728 4724 moessario
762 4667 979 4722 auferre
1009 4676 1390 4736 cognoscetur.
1433 4666 1666 4721 Fructus
1704 4668 1848 4721 enim
1880 4669 1992 4721 vir-

412 4769 589 4814 tutum
623 4760 785 4825 ferre,
827 4760 994 4814 animi
1037 4759 1219 4828 potius
1254 4758 1499 4812 mundati
1530 4766 1634 4822 est,
1677 4773 1839 4827 quam
1872 4759 1991 4831 cjus

410 4867 575 4921 quem
604 4852 788 4904 multa:
826 4850 1297 4920 perturbationum
1321 4849 1513 4919 spinae,
1546 4857 1601 4902 et
1634 4848 1817 4902 innata
1848 4850 1993 4903 ziza-

415 4942 505 4996 nia
570 4941 933 5010 iniquinatttm
992 4941 1344 4995 reddiderunt
1405 4946 1569 5009 atque
1635 4949 1990 5007 corruptum;

416 5033 530 5085 imo
590 5047 684 5098 per
741 5033 912 5100 ipsam
967 5031 1381 5101 productionem
1437 5029 1701 5086 sanctitas
1758 5028 1994 5084 fortasse

417 5119 571 5175 brevi
608 5119 772 5173 etiam
806 5119 1103 5188 perfectius
1126 5128 1473 5190 agnoscetur.

491 5210 565 5264 At
592 5209 1053 5279 enim,inquiunt,
1070 5212 1213 5279 quod
1232 5210 1608 5265 remissionem
1642 5220 1989 5281 peccatorum

420 5320 529 5357 non
554 5312 840 5372 praestaret
878 5302 1241 5357 Praecursoris
1270 5302 1594 5371 baptismus,
1627 5302 1743 5371 ipse
1774 5316 1993 5372 quoque

422 5394 683 5449 Servator
712 5408 836 5448 cum
862 5392 1159 5448 Nicodemo
1190 5392 1257 5447 de
1283 5392 1691 5462 regeneratione
1721 5394 1884 5447 verba
1913 5391 1992 5446 fa-

420 5484 574 5541 ciens
606 5484 864 5539 indicavit
894 5503 910 5541 :
948 5502 968 5537 ι
998 5482 1113 5539 Nisi
1148 5484 1271 5553 quis
1292 5491 1516 5539 renatus
1547 5482 1730 5548 fuerit,
1769 5483 1878 5545 ait,
1917 5498 1985 5537 ex

424 5590 564 5647 aqua
592 5583 644 5629 et
668 5574 877 5643 Spiritu
904 5584 1093 5631 sancto
1118 5614 1132 5639 ,
1163 5590 1272 5628 non
1310 5582 1487 5644 potest
1522 5574 1745 5629 introire
1794 5574 1849 5628 in
1898 5590 1987 5630 re-

493 5686 541 5720 ³ο
574 5686 737 5743 Marc.
778 5704 815 5752 ι,
848 5688 900 5743 8.
975 5689 1017 5721 ³⁸
1058 5688 1187 5743 Luc.
1225 5704 1305 5753 Ill,
1336 5689 1388 5743 5.

2088 4490 2198 4525 τειν
2214 4472 2351 4541 δοίη,
2376 4472 2495 4523 ούδέ
2529 4470 2671 4523 τοῦτ’
2700 4471 2765 4523 ἂν
2788 4470 2846 4534 ἐξ
2863 4471 3109 4537 ἀνάγκης
3136 4470 3323 4542 ὀφθείη
3356 4472 3453 4541 τὴν
3474 4474 3675 4542 ἄρρεσιν

2089 4564 2198 4616 τῶν
2233 4561 2517 4631 ἁμαρτιῶν
2550 4560 2644 4613 τοῦ
2693 4561 2837 4613 κατὰ
2879 4561 2971 4612 τὸν
3003 4561 3315 4631 Πρόδρομον
3354 4562 3671 4635 βαπτίσμα-

2088 4671 2178 4716 τος
2217 4652 2637 4722 ἀφαιρούμενον.
2674 4652 2741 4704 Ἦ
2774 4653 2883 4723 γὰρ
2925 4654 3274 4723 καρποφορία
3314 4655 3422 4707 τῶν
3455 4656 3672 4725 ἀρετῶν

2089 4746 2370 4815 ἐγγυτέρω
2389 4744 2591 4812 μᾶλλόν
2612 4745 2731 4796 ἐστι
2747 4743 2847 4813 τῆς
2864 4745 3288 4816 κεκαθαρμένης
3307 4746 3506 4817 ψυχῆς,
3524 4750 3668 4821 ἥπερ

2091 4837 2158 4906 ἣν
2203 4836 2394 4888 πολλαὶ
2429 4835 2619 4889 παθῶν
2684 4835 2917 4890 ἄκανθαι
2956 4838 3051 4889 καὶ
3100 4839 3450 4909 παραφυάδες
3506 4841 3669 4906 ζιζα-

2092 4928 2244 4991 νίων,
2288 4927 2704 4997 λελυμασμένην
2738 4944 2796 4980 τε
2832 4929 2926 4980 καὶ
2953 4928 3210 4999 ρυπῶσαν
3237 4931 3630 4998 ἐξειργάσαντο
3651 4952 3665 4965 ο

2090 5018 2228 5072 ἀλλά
2274 5018 2413 5088 αὕτη
2458 5018 2556 5088 μὲν
2594 5020 2626 5087 ή
2665 5018 2863 5089 ἐκϐολὴ
2914 5020 3007 5072 καὶ
3066 5021 3184 5090 μετ’
3208 5023 3386 5091 ὀλίγον
3430 5024 3573 5093 τάχα
3605 5026 3668 5079 ἂν

2089 5109 2227 5181 τύχῃ
2257 5111 2352 5163 καὶ
2376 5110 2715 5180 τελειοτέρας
2752 5110 3095 5182 διακρίσεως.

2164 5200 2360 5253 Ὅτιδὲ
2385 5200 2459 5271 μὴ
2479 5202 2740 5269 παρεῖχεν
2768 5199 2962 5269 ἄφεσιν
2988 5202 3276 5271 ἁμαρτιῶν
3306 5203 3363 5256 τδ
3398 5205 3489 5257 τοῦ
3524 5208 3667 5279 Προ-

2090 5291 2288 5362 δρόμου
2311 5291 2613 5361 βάπτισμα,
2644 5291 2737 5342 καὶ
2764 5293 2792 5343 ὁ
2820 5291 3030 5363 Σωτὴρ,
3072 5293 3224 5361 φασὶ,
3258 5295 3393 5363 πρὸς
3419 5297 3658 5371 Νικόδη.

2094 5401 2194 5454 μον
2239 5382 2617 5451 διαλεγόμενος
2660 5381 2791 5452 περὶ⁵
2834 5381 3247 5450 παλιγγενεσίας
3294 5386 3662 5456 ὑπεδήλωσενο

2102 5495 2121 5528 ι
2166 5475 2291 5529 Ἐάν
2319 5492 2402 5537 τις
2446 5474 2520 5544 μὴ
2550 5473 2783 5544 γεννηθῇ
2829 5472 2888 5538 ἐξ
2946 5474 3135 5538 ὓδατος
3190 5477 3281 5528 καὶ
3325 5477 3661 5549 Πνεύματος,

2093 5572 2544 5641 ἀποφαινῦμενος,
2569 5569 2630 5623 ού
2664 5570 2738 5642 μὴ
2768 5569 2986 5641 εἰσέλθῃ
3020 5572 3099 5634 εἰς
3125 5570 3222 5642 τὴν
3251 5570 3531 5642 βασιλείαν
3560 5579 3663 5633 τῶν

1467 5688 1510 5718 δ’
1548 5687 1679 5743 ibid.
1757 5687 1802 5719 ³⁸
1837 5687 1963 5742 ibid.
1999 5686 2033 5740 8
2062 5702 2168 5741 non
2206 5685 2386 5739 Marci.
