3888 6186
188 258 287 323 217

1134 256 1232 313 AD
1271 253 1863 316 AMPHILOCHIUM
1887 250 2231 324 QUESTIO
2261 252 2474 311 XXIX.

3310 245 3419 310 218

185 367 437 441 οὐρανῶν.
481 384 500 419 t
552 368 661 422 Καὶ
708 367 814 438 μὴν
860 368 888 420 ὁ
915 365 1171 436 Ἰωάννης
1217 369 1276 419 ὲν
1325 369 1601 438 Πνεύματι
1652 368 1753 421 οὐκ

1873 381 2021 435 gnum
2058 365 2320 419 calorum
2344 364 2410 417 ³³.
2440 382 2462 415 θ
2509 363 2579 416 ίΕι
2603 361 2840 416 Joannes
2864 360 3083 431 quidem
3131 360 3187 415 itt
3216 359 3419 431 Spiritu

186 462 490 526 ἐεάπτιζεν,
539 459 737 513 οὐκοῦν
790 459 910 512 οὐδὲ
967 460 1048 522 είς
1090 452 1199 531 ⁷τὴν
1268 459 1545 529 βασιλείαν
1605 478 1751 530 παρ-

186 557 392 622 έπεμπε
441 552 548 603 τῶν
596 551 840 622 οὐρανῶν
864 568 877 581 ·
902 551 951 603 εί
986 550 1043 603 δὲ
1094 553 1168 622 μὴ
1203 552 1592 621 παρέπεμπεν,
1629 552 1751 604 οὐδὲ

190 644 282 713 τὴν
304 644 494 710 ἄφεσιν
521 641 691 694 ἐδίδου
720 640 827 694 τῶν
856 641 1176 695 κωλυόντων
1201 642 1299 713 τὴν
1337 642 1561 695 εἴσοδον.

265 732 349 797 Ἐξ
383 730 473 783 οῦν
504 729 612 783 τῶν
643 730 969 801 εἰρημένων,
1011 732 1105 784 καὶ
1148 731 1215 785 δι’
1270 726 1343 785 ὧν
1406 731 1672 801 προῆλθεν
1717 732 1751 799 ἠ

187 820 696 890 ἀμφισϐητημάτων
726 820 1058 891 παράθεσις,
1100 821 1234 891 πρός
1265 838 1325 873 τε
1361 820 1459 891 τὴν
1487 820 1696 873 δίαιταν
1726 824 1755 874 ό

187 912 337 978 λόγος
370 910 702 981 ὡρμημένος
732 911 960 981 ἐφέρετο
983 953 999 977 ,
1042 913 1265 963 σκοπεῖν
1316 912 1555 981 προσῆκε
1609 911 1753 975 τίνος

190 1003 282 1071 μὲν
320 1002 376 1053 ὲν
409 1000 589 1071 κέρδει
624 999 1062 1071 καταστήσομεν·
1102 1000 1203 1053 ποῦ
1231 1000 1287 1053 δὲ
1316 1000 1623 1070 στησόμεθα
1658 999 1753 1053 τοῦ

186 1092 513 1162 ζητήματος,
556 1092 649 1144 καὶ
706 1091 839 1160 πρὸς
884 1091 947 1143 τὸ
986 1092 1284 1145 ἀσάλευτον
1314 1094 1346 1162 ὴ
1375 1092 1582 1145 διάνοια
1625 1110 1755 1162 στη-

188 1184 540 1254 ριχθήσεται;
597 1184 759 1236 Ἀλλὰ
810 1184 919 1252 γὰρ
948 1183 1055 1254 πρό
1094 1200 1158 1251 γε
1198 1183 1294 1237 τοῦ
1337 1184 1522 1247 τέλους
1550 1184 1756 1255 βραχύς

186 1293 264 1338 τις
288 1276 633 1347 προηγείσοω
660 1277 758 1343 τῆς
787 1276 999 1346 διαίτης
1027 1276 1183 1343 λόγος
1215 1276 1377 1347 μέχρι
1409 1276 1505 1330 νῦν
1537 1277 1757 1330 ὑπολει-

188 1369 437 1436 πόμενος.
481 1367 554 1419 Τό
593 1384 652 1420 τε
697 1367 806 1438 γὰρ
847 1367 942 1420 τοῦ
977 1367 1267 1420 θεσπεσίου
1306 1367 1533 1438 Μάρκου
1578 1368 1758 1434 λόγιον

186 1459 339 1530 διπλῇ
390 1458 781 1523 ἁναὸαπτίζειν
838 1458 1219 1528 βαπτίσματος
1265 1458 1452 1529 χρείαν
1509 1458 1757 1522 ἐκϐιάζε-

189 1548 306 1600 σθαι
343 1554 361 1617 (
368 1548 457 1619 57)
497 1548 578 1617 (τὸ
608 1548 717 1617 γάρ
749 1547 861 1618 (58)
892 1548 986 1602 τοῦ
1028 1550 1277 1602 Ἰωάννου
1317 1549 1476 1619 μόνον
1512 1550 1757 1619 άὸιάστῳ

188 1640 386 1709 κρίσει,
448 1641 541 1692 καὶ
578 1640 910 1709 άποστολικῇ
973 1641 1208 1712 φράσει,
1271 1640 1753 1713 ὲπισημαίνεται)·

1854 474 1963 515 non
1998 460 2304 528 baptizabat
2330 504 2344 525 ,
2398 456 2542 512 unde
2575 470 2678 511 nec
2717 454 3045 509 immittebat
3093 454 3145 507 in
3196 469 3419 525 regnum

1855 552 2118 606 cmlormn
2154 568 2167 603 :
2196 551 2337 620 quod
2378 550 2425 605 si
2460 562 2566 603 non
2600 546 2944 611 immittebat,
2964 555 3110 601 certe
3134 562 3311 617 neque
3335 548 3422 603 illa

1854 643 2182 707 dimittebat,
2212 658 2244 696 a
2281 642 2478 712 quibus
2502 642 2782 712 ingressus
2808 639 3257 709 praecludebatur.

1924 735 2003 790 Ex
2036 737 2119 789 bis
2142 736 2331 805 igitur,
2354 749 2476 803 quae
2497 735 2643 789 dicta
2671 742 2818 797 sunt,
2849 743 2902 787 et
2928 749 3023 804 per
3047 748 3167 802 qua:
3209 733 3424 788 luctan-

1857 826 1990 881 tium
2025 835 2473 903 argumentorum
2515 825 2686 880 crevit
2714 825 2992 895 congeries
3012 866 3027 891 ,
3061 834 3115 881 et
3144 841 3324 881 sermo
3357 827 3425 880 ad

1857 934 1959 973 nos
1981 918 2535 973 tandiudistinendos
2567 920 2867 987 processit,
2908 933 3044 987 opus
3077 928 3221 975 esset
3250 919 3423 988 insili-

1856 1025 1981 1065 cere
2009 1011 2196 1079 quanti
2228 1025 2327 1080 pro
2371 1024 2471 1064 sua
2518 1011 2749 1065 utilitate
2786 1009 2919 1063 illud
2966 1010 3237 1080 baptisma
3282 1012 3429 1065 testi-

1856 1105 2115 1160 utandum
2146 1105 2238 1159 sit.
2268 1103 2498 1170 Quando
2528 1118 2659 1159 vero
2700 1117 2728 1156 a
2781 1104 3146 1174 disputatione
3189 1104 3425 1159 desiste-

1857 1213 1999 1261 mus,
2028 1206 2080 1250 et
2102 1211 2261 1250 mens
2288 1197 2339 1250 in
2364 1197 2597 1266 quadam
2625 1197 2949 1250 certitudine
2974 1197 3429 1252 conﬁrmabitur?

1856 1286 1925 1338 At
1950 1286 2099 1340 cnim
2134 1286 2247 1338 haec
2268 1294 2385 1338 esto
2429 1284 2575 1338 velut
2607 1284 2786 1338 brevis
2820 1285 3065 1353 quaedam
3118 1294 3242 1339 ante
3282 1286 3429 1340 solu-

1858 1374 2061 1428 tionem
2091 1375 2372 1443 prtemissa
2401 1374 2656 1438 diatriba,
2687 1389 2809 1443 qua:
2834 1375 2940 1429 huc
2964 1391 3138 1444 usque
3165 1376 3429 1445 producta

1854 1476 1960 1521 est.
2006 1465 2258 1521 Profecto
2291 1482 2391 1522 nec
2425 1468 2491 1521 ad
2542 1469 2886 1537 baptismatis
2918 1468 3202 1521 utilitatem
3243 1468 3429 1522 exclu-

1858 1558 2087 1611 dendum
2125 1558 2267 1611 valet
2321 1559 2450 1612 illud
2496 1559 2605 1612 divi
2656 1559 2820 1613 Marci
2872 1558 3267 1623 testimonium,
3317 1576 3428 1629 quo

1859 1649 2036 1703 denuo
2067 1650 2326 1718 baptizari
2345 1651 2715 1720 praescribitur
2741 1652 2897 1721 (nam
2936 1651 2986 1705 id
3011 1652 3187 1704 solum
3210 1665 3239 1705 a
3265 1648 3432 1705 Joan—

188 1730 278 1780 καὶ
306 1728 369 1799 δὴ
406 1729 496 1781 καὶ
521 1728 581 1780 τὸ
613 1729 1086 1799 άμφιὸαλλὸμενον
1110 1733 1190 1793 είς
1212 1711 1558 1802 κατασκευὴν
1590 1748 1755 1800 μετα-

1873 1758 1927 1797 te
1974 1742 2217 1812 Baptista
2249 1742 2608 1811 irrefragabili
2668 1711 2761 1796 illo
2809 1743 3071 1806 oraculo,
3118 1751 3171 1795 et
3205 1752 3429 1811 aposto-

188 1820 475 1890 λαμὸάνειι
502 1822 739 1885 διανοίας
765 1823 900 1891 πρὸς
921 1822 1177 1893 διάφορον
1201 1825 1490 1894 ὁμολογίαν
1520 1826 1757 1897 ἐναρμο-

189 1911 440 1983 ζομένης,
470 1913 831 1967 ἀνακόλουθον
852 1931 865 1944 ’
893 1915 1201 1969 τούναντίον
1225 1915 1333 1988 γάρ
1356 1916 1501 1971 ἆπαν
1521 1917 1582 1970 τὸ
1608 1921 1760 1988 μονό-

188 2020 383 2072 τροπον
414 2004 521 2056 τῶν
576 2003 734 2075 ἱερῶν
790 2006 1052 2081 ῥημάτων
1100 2006 1196 2060 τοῦ
1227 2009 1433 2071 Λουκᾶ,
1487 2009 1556 2062 δι’
1601 2004 1673 2061 ὧν
1702 2009 1758 2062 ἓν

188 2095 472 2165 βάπτισμα
502 2096 562 2149 τὸ
593 2095 686 2150 τοῦ
729 2098 974 2151 Ἰωάννου
1000 2101 1161 2167 μόνον
1176 2099 1389 2170 τρανῶς
1418 2100 1758 2169 ἀπαγγέλλε-

190 2205 297 2252 ται,
334 2190 427 2241 καὶ
466 2188 577 2241 τῶν
610 2190 1024 2261 ἁμαρτημάτων
1058 2192 1091 2262 ἡ
1135 2192 1329 2261 ἄφεσις
1380 2193 1758 2264 παραδίδοται.

193 2279 359 2332 Τοῦτο
400 2280 603 2350 μᾶλλον
636 2280 794 2348 εἴπερ
824 2281 947 2333 τινὰ
990 2283 1084 2335 καὶ
1123 2282 1454 2352 ἀμφιϐολίαν
1490 2284 1759 2355 μερισμοῦ

194 2375 448 2443 παρεῖχεν
485 2372 552 2424 τὰ
580 2373 672 2426 τοῦ
706 2374 978 2443 μακαρίου
1014 2376 1242 2445 Μάρκου
1271 2377 1517 2447 ῥήματα,
1557 2378 1638 2438 εἰς
1664 2376 1761 2447 τὴν

194 2462 283 2515 τοῦ
313 2465 433 2526 ἑνὸς
461 2464 524 2516 ἂν
547 2464 752 2517 ίθύνετό
773 2482 831 2516 τε
871 2466 968 2518 καὶ
990 2467 1420 2537 συναπηρτίξετο
1451 2468 1764 2538 βαπτίσμα-

193 2568 279 2614 τος
306 2552 557 2622 δήλωσιν.
584 2553 745 2607 Ἀλλά
770 2554 876 2625 γάρ
898 2556 991 2607 καὶ
1020 2556 1082 2608 τὸ
1115 2557 1173 2609 ὲν
1196 2556 1350 2610 ὕδατι
1371 2557 1648 2626 βαπτίζειν
1672 2560 1764 2612 τὸν

206 2645 480 2715 Ἰωάννην,
503 2648 561 2699 ἐν
585 2647 864 2716 Πνεύματι
904 2648 959 2700 δὲ
1005 2649 1095 2701 τὸν
1159 2650 1386 2719 Ἰησοῦν,
1443 2651 1503 2702 τὸ
1538 2650 1768 2720 μέγεθος

195 2738 351 2807 ἴσμεν
373 2739 471 2808 τῆς
501 2738 789 2807 διαφορᾶς,
825 2740 919 2792 καὶ
946 2740 1006 2793 τὸ
1032 2742 1175 2794 κατὰ
1224 2743 1547 2814 παραϐολὴν
1594 2744 1767 2812 ἀσύγο

196 2847 378 2901 κριτον
392 2830 749 2898 ἀπαγγέλλει,
761 2826 825 2885 οὗ
848 2831 945 2901 τὴν
970 2832 1166 2899 ἄφεσιν
1182 2834 1290 2885 τῶν
1306 2835 1587 2903 ἁμαρτιῶν
1602 2838 1771 2903 ἀφαι-

198 2924 368 2991 ρεῖται
390 2924 487 2992 τῆς
518 2922 830 2992 ἱερουργίας
870 2923 1144 2978 Ἰωάννου.
1180 2925 1291 2977 Ναὶ
1323 2926 1381 2978 δὲ
1417 2925 1595 2978 καὶτὸ
1631 2927 1771 2995 μετὰ

1858 1835 1960 1890 lica
1988 1835 2253 1890 sententia
2270 1836 2637 1906 signiﬁcatur)
2663 1850 2792 1889 :nec
2814 1834 3078 1905 qttidquid
3109 1845 3428 1905 congestum

1857 1934 1975 1989 est,
2028 1934 2084 1979 ut
2123 1925 2291 1978 animi
2325 1924 2568 1993 opinioni
2604 1923 2739 1977 mihi
2771 1921 3057 1977 contraria:
3099 1922 3429 1976 adhaerentis

1859 2025 2248 2071 astruerentur
2280 2024 2629 2085 argumenta,
2660 2023 2743 2069 est
2774 2024 3232 2068 consentaneum:
3262 2013 3431 2081 siqui-

1859 2108 1982 2163 dem
2021 2118 2213 2161 contra
2265 2117 2349 2161 est
2397 2116 2540 2160 totus
2596 2120 2879 2161 sacrorum
2921 2103 3081 2158 Lucae
3135 2104 3429 2157 verborum

1862 2199 2153 2253 uniformis
2185 2206 2496 2261 contextus,
2530 2197 2583 2250 in
2609 2197 2808 2265 quibus
2831 2197 2895 2250 de
2922 2209 3033 2248 uno
3051 2202 3255 2247 tantum
3274 2191 3433 2245 Joan-

1861 2291 1950 2346 nis
1974 2290 2250 2359 baptismo
2278 2288 2481 2342 diserte
2505 2289 2564 2341 tit
2592 2302 2795 2350 sermo,
2842 2296 2894 2340 et
2920 2285 3203 2354 culparum
3240 2284 3433 2336 remis-

1863 2385 1947 2439 sio
1976 2383 2230 2438 traditur.
2250 2381 2425 2452 idque
2466 2395 2532 2435 eo
2561 2380 2755 2450 magis,
2801 2379 2951 2448 quia,
2997 2380 3039 2432 si
3084 2378 3225 2430 beati
3270 2375 3434 2429 Marci

1863 2475 2028 2531 verba
2063 2471 2758 2543 quamdam‘distinctionis
2785 2468 3198 2538 ambiguitatem
3242 2467 3435 2520 ali‘erre

1868 2566 2214 2626 videbantur,
2236 2580 2298 2618 ea
2340 2565 2405 2617 ad
2437 2580 2602 2617 unum
2627 2563 2855 2617 Joannis
2886 2562 3160 2630 baptisma
3192 2560 3437 2613 indican-

1867 2657 1996 2711 dum
2027 2655 2214 2709 referri
2256 2667 2419 2725 atque
2443 2653 2846 2709 accommodari
2888 2651 3178 2705 debebant.
3216 2650 3285 2702 At
3308 2662 3438 2702 vero

1869 2747 2015 2816 quod
2043 2755 2096 2801 et
2127 2748 2179 2800 in
2211 2761 2351 2814 aqua
2388 2745 2689 2813 baptizaret
2715 2742 2991 2806 Joannes,
3037 2748 3091 2794 et
3127 2740 3181 2791 in
3228 2737 3437 2806 Spiritu

1870 2836 2050 2897 Jesus,
2085 2838 2189 2889 ltoc
2237 2850 2505 2890 summam
2548 2850 2670 2889 esse
2699 2832 3035 2887 diversitatis
3069 2830 3436 2900 agnoscimus,

1873 2942 1926 2983 et
1981 2928 2124 2998 quod
2183 2928 2236 2981 in
2284 2927 2692 2997 comparatione
2743 2924 3105 2995 imparitatem
3157 2921 3351 2990 prodit,
3388 2929 3442 2972 at

195 3014 254 3066 τὸ
292 3014 573 3085 βάπτισμα
607 3018 851 3088 καρποὺς
874 3018 1055 3083 ἀξίους
1078 3020 1178 3088 τῆς
1199 3017 1579 3088 προλαδούσης
1608 3036 1766 3087 μετα-

1878 3024 2632 3090 remissionempeccatorum
2687 3034 2842 3072 sacro
2889 3014 3118 3069 Joannis
3165 3012 3289 3066 ritui
3332 3025 3440 3064 non

196 3107 341 3170 νοίας
375 3108 652 3178 ἐπιζητεῖν
676 3125 735 3161 τε
768 3109 916 3178 παρὰ
946 3109 1053 3163 τῶν
1072 3110 1520 3180 βαπτισαμένων,
1549 3110 1645 3164 καὶ
1666 3127 1766 3164 πα-

1873 3116 2089 3170 adimil.
2126 3114 2394 3168 Prmterea
2434 3113 2478 3167 si
2512 3127 2542 3166 a
2576 3111 2866 3181 baptizatis
2901 3107 3111 3162 fructus
3144 3104 3293 3174 digni
3321 3118 3444 3157 sus-

198 3201 402 3269 ραινεῖν
425 3198 850 3265 ἐπιδείκνυσθαι,
879 3199 1014 3253 ἀλλὰ
1041 3202 1114 3272 μὴ
1146 3201 1530 3271 καταισχύνειν
1550 3202 1638 3254 διά
1664 3201 1766 3253 τῶν

1873 3218 2045 3277 cepue
2083 3206 2418 3276 paenitentiae
2471 3204 2912 3273 requirebantur,
2960 3213 3260 3266 eorumque
3302 3210 3445 3265 prte-

200 3295 445 3364 ὐστέρων
471 3293 537 3347 τὰ
570 3294 853 3362 φθάσαντα
878 3309 890 3323 ’
943 3293 1296 3362 βεϐαιωτικὸν
1349 3295 1547 3364 μᾶλλον
1579 3295 1645 3349 ἂν
1687 3296 1766 3365 εἴη

1874 3296 2660 3357 scribebaturdemonstratio,
2691 3310 2757 3347 ne
2786 3308 2882 3362 per
2918 3297 3231 3361 sequentem
3262 3288 3444 3357 pravi-

199 3386 293 3437 κα“ι
320 3385 729 3456 παραστατικὸν
777 3386 843 3438 ὲκ
891 3386 1000 3454 (59)
1034 3385 1127 3438 τοῦ
1171 3386 1511 3456 κεκαθάρθαι
1542 3387 1631 3440 διὰ
1674 3387 1766 3456 τῆς

1876 3398 2040 3444 tatetn
2066 3389 2246 3457 priora
2269 3391 2407 3442 bona
2444 3387 2811 3449 imitarentur;
2845 3383 2945 3436 hoc
2976 3384 3110 3435 adeo
3145 3379 3447 3448 baptizatos

202 3477 514 3547 ἱερουργίας
562 3476 805 3529 Ἰωάννου
835 3481 947 3539 τοῖς
987 3477 1249 3548 Ἰορδάνου
1279 3478 1482 3547 νάμασι
1516 3478 1644 3539 τοὺς
1681 3478 1766 3530 λε-

1873 3501 1973 3536 sua
1998 3482 2355 3535 inundatione
2384 3496 2488 3533 non
2519 3476 2784 3537 destituit,
2805 3486 2864 3529 ut
2893 3475 3218 3528 conﬁrmare
3247 3472 3445 3540 potius,

200 3567 496 3637 λουμένους
527 3585 541 3600 ο
580 3569 717 3621 ἀλλὰ
768 3569 869 3621 οὐκ
924 3569 1201 3641 ἀναίρεσις
1245 3571 1306 3622 οὗ
1370 3570 1469 3640 μὲν
1517 3566 1612 3624 οὖν
1662 3573 1775 3632 τοῖς

206 3659 551 3730 λελουμένοις
580 3659 922 3731 καθάρσεως.

270 3851 491 3904 Τούτων
515 3848 657 3903 οὕτω
677 3850 1143 3913 διατυπωθέντων,
1166 3849 1260 3903 καὶ
1293 3850 1401 3902 τῶν
1435 3850 1777 3903 ἀντιπίπτειν

177 3949 501 4001 δοκούντων
533 3947 641 3999 τῶν
678 3947 777 4017 μὲν
799 3946 1266 4015 ὲκκαθαρθέντων,
1298 3946 1406 3999 τῶν
1440 3946 1495 3997 δὲ
1520 3945 1618 4016 τὴν
1644 3964 1779 4015 συμ-

202 4041 409 4107 φωνίαν
445 4037 836 4107 ἁνθελομένων,
892 4039 1028 4107 μετὰ
1086 4037 1399 4108 παρρησίας
1427 4037 1775 4107 φιλαλήθους,

202 4130 295 4184 καὶ
355 4128 637 4197 θεοφιλοῦς
688 4127 862 4194 ἔξεστι
894 4128 989 4182 καὶ
1036 4131 1273 4199 φρονεῖν,
1324 4128 1422 4180 καὶ
1469 4128 1668 4197 λέγειν,
1702 4127 1780 4191 ὡς

204 4223 436 4290 παρεῖχε
505 4220 602 4289 μὲν
652 4218 936 4288 ἁμαρτιῶν
986 4219 1177 4287 ἄφεσιν
1222 4219 1282 4270 τὸ
1320 4219 1411 4271 τοῦ
1462 4219 1779 4290 Προδρόμου

206 4314 513 4384 βάπτισμα,
547 4314 609 4366 οὐ
640 4315 856 4366 πάντων
885 4312 962 4376 δὲ,
992 4310 1177 4381 ὥσπερ
1206 4312 1326 4365 οὐδὲ
1351 4314 1405 4365 αἱ
1440 4315 1659 4382 νομικαὶ
1688 4330 1780 4365 τε-

1868 3585 1930 3629 et
1982 3584 2231 3628 astruere
2275 3572 2560 3632 videatur,
2602 3570 2747 3638 quod
2806 3584 2901 3636 per
2961 3580 3169 3620 sacram
3222 3562 3447 3616 Joannis

1866 3668 2256 3721 caeremoniam
2294 3664 2574 3717 hominum
2609 3664 2749 3715 inter
2773 3660 2969 3714 ﬂuenta
3002 3655 3258 3710 Jortlanis
3289 3655 3447 3708 ablu-

1879 3770 2058 3813 torutu
2098 3757 2266 3812 corda
2296 3762 2727 3824 extergerentur.

1948 3851 2041 3905 His
2069 3858 2246 3903 autem
2310 3848 2381 3901 ita
2434 3846 2750 3908 enucleatis,
2782 3854 2835 3897 et
2885 3842 3208 3914 quibusdam
3236 3857 3447 3904 eorum,

1877 3958 1998 4011 qute
2058 3940 2288 3995 invicem
2347 3935 2623 3989 adversari
2672 3935 3017 3995 videbantur,
3067 3933 3302 3999 rejectis,
3328 3930 3450 3984 aliis

1878 4045 2057 4087 aulem
2106 4031 2170 4085 ad
2226 4028 2573 4084 concordiam
2633 4027 2891 4090 redactis,
2922 4033 3156 4093 oportet,
3190 4022 3361 4091 utqui
3397 4027 3452 4073 et

1879 4126 2159 4180 veritatem
2206 4131 2259 4176 et
2299 4121 2468 4175 Deum
2505 4120 2735 4187 diligunt
2766 4128 2883 4172 tuto
2916 4118 3017 4172 sibi
3066 4116 3449 4185 persuadeant,

1880 4231 2039 4289 atque
2091 4215 2363 4269 fateantur
2419 4213 2791 4267 remissionem
2841 4220 3183 4278 peccatorum
3226 4206 3451 4260 Joannis

1880 4309 2145 4379 baptisma
2181 4317 2492 4377 prmstasse,
2525 4321 2629 4358 non
2666 4303 2910 4358 omnium
2954 4311 3155 4364 tamen,
3190 4297 3454 4368 quemad-

203 4373 358 4459 λεταὶ
402 4373 510 4458 κατ’
532 4405 734 4458 θυσίαι.
791 4403 924 4457 Οὐδὲ
948 4373 1064 4474 ’γὰρ
1092 4373 1213 4457 οὐδὲ
1261 4404 1367 4457 τῶν
1411 4406 1476 4457 ὲκ
1505 4373 1766 4475 ’προνοίας

1880 4401 2103 4455 modum
2142 4414 2208 4452 ne
2232 4400 2359 4467 ipsa:
2384 4398 2598 4467 quidem
2648 4396 2847 4463 legales
2898 4391 3234 4446 cteremonia:
3264 4399 3318 4444 et
3369 4404 3456 4442 sa-

205 4495 405 4563 φόνων,
440 4494 501 4546 οὐ
533 4493 640 4564 μὴν
665 4492 772 4545 οὐδ’
802 4492 854 4544 εῐ
880 4509 962 4553 τις
983 4490 1295 4560 ἀλλοτρίους
1345 4490 1557 4561 γάμους
1581 4490 1778 4559 διώρυ-

202 4588 316 4653 ξεν,
352 4586 465 4638 οὐδ’
488 4587 589 4638 ὅσα
636 4585 698 4637 τὸ
752 4584 977 4654 φρικτὸν
1029 4584 1205 4635 ἐκεῖνο
1247 4582 1342 4635 καὶ
1389 4583 1638 4653 οὐράνιον
1665 4579 1778 4654 πῦρ

205 4680 316 4741 τοῖς
358 4676 566 4747 ἐνόχοις
603 4675 802 4746 ζημίαν
864 4673 1186 4727 ἐπέϐαλλονο
1221 4671 1315 4727 οὐδ
1355 4674 1533 4727 ἄλλων
1564 4673 1777 4727 πολλῶν

207 4766 512 4835 ἐξαγίστων
567 4766 661 4817 καὶ
717 4762 1110 4833 παραπλησίων
1163 4761 1339 4830 ἔργων
1382 4761 1482 4830 τὴν
1517 4761 1783 4831 κάθαρσιν

204 4858 331 4912 οὔτε
348 4859 378 4910 ὁ
406 4857 589 4926 νόμος,
610 4855 731 4909 οὔτε
758 4855 818 4908 τὸ
834 4855 1079 4908 Ἰωάννου
1102 4851 1455 4921 διεπράττετο
1478 4852 1779 4923 βάπτισμα.

222 4949 387 5002 Ἀλλὰ
416 4947 621 5000 τούτων
653 4946 904 5000 ἁπάντων
930 4944 958 4995 ὁ
996 4944 1094 5013 μὲν
1138 4942 1323 5012 νόμος,
1354 4943 1452 4995 ὅσα
1478 4944 1553 5015 μὴ
1581 4946 1785 5016 προλα-

210 5039 323 5092 6ὼν
343 5042 372 5093 ὁ
408 5037 624 5110 πρῶτος
667 5037 963 5107 νομοθέτης
996 5035 1404 5104 εἰσεπράττετο,
1434 5034 1694 5106 δικαστὴν
1722 5036 1785 5089 τὸ

215 5129 369 5200 ξίφος
407 5128 628 5194 ἐκάθιζε
648 5143 663 5158 '
698 5129 760 5182 τὸ
792 5128 847 5181 δὲ
896 5129 1139 5182 Ἰωάννου
1165 5125 1446 5197 βάπτισμα
1476 5128 1553 5190 είς
1579 5130 1641 5180 τὸ
1667 5144 1783 5181 κοι-

283 5246 330 5276 ³⁸
361 5243 523 5301 Joan.
558 5259 639 5311 ιιι,
674 5243 728 5299 5.

1883 4492 2107 4547 criﬁcia.
2142 4490 2389 4544 Profecto
2417 4504 2517 4542 nec
2543 4486 2837 4540 homicidia
2866 4485 3045 4538 dedita
3077 4497 3238 4551 opera
3272 4488 3455 4549 patra-

1886 4594 1959 4645 ta,
2015 4597 2117 4636 nec
2172 4581 2331 4635 alieni
2396 4579 2632 4649 conjugii
2673 4577 3015 4639 Vtolationes,
3074 4588 3175 4628 nec
3224 4588 3308 4634 ea,
3338 4585 3457 4638 qua:

1886 4672 2221 4728 horrendum
2265 4670 2437 4729 illum.
2494 4680 2548 4724 et
2575 4668 2852 4723 cmlestem
2902 4667 3079 4736 ignem
3121 4664 3175 4717 in
3211 4676 3331 4715 reos
3361 4676 3458 4729 pro

1884 4780 2043 4835 poma
2098 4764 2470 4827 demittebant,
2512 4776 2611 4816 nec
2660 4761 2895 4828 denique
2953 4758 3056 4810 alia
3107 4754 3272 4808 multa
3303 4767 3459 4806 exse-

1886 4855 2106 4922 cranda,
2141 4863 2194 4909 et
2224 4854 2417 4908 similia
2461 4868 2625 4921 opera
2676 4850 3056 4905 remissionem
3108 4846 3191 4900 vel
3218 4860 3284 4898 ex
3323 4844 3458 4912 lege,

1886 4950 1971 5005 vel
1999 4965 2063 5003 ex
2102 4947 2329 5001 Joannis
2355 4947 2677 5013 baptismate
2708 4941 3197 5012 consequebantur.
3232 4935 3336 4991 Sed
3362 4948 3455 5003 pro

1887 5040 2141 5097 omnibus
2177 5040 2260 5093 bis
2313 5038 2485 5107 culpis
2524 5037 2606 5090 lex
2635 5034 2879 5105 quidem,
2922 5033 3011 5087 ubi
3049 5030 3209 5101 primi
3249 5026 3464 5098 legisla—

1891 5132 2024 5186 toris
2055 5130 2394 5201 providentia
2430 5129 2657 5183 multam
2692 5142 2802 5183 non
2836 5128 3176 5186 decreverat,
3223 5119 3463 5193 gladium

1730 5379 1963 5438 ΝΟΤᾸΞ.

291 5522 409 5592 (57)
438 5522 515 5576 Ila
545 5520 725 5589 scribo
755 5536 853 5644 Ero
889 5520 1240 5591 ὲκϐεϐιάσθη.

297 5593 409 5644 158)
449 5593 647 5644 Suonle
677 5594 754 5644 ἀπ
791 5632 807 5644 .
843 5607 910 5644 ne
943 5601 1052 5644 tota
1079 5592 1177 5644 ista
1202 5590 1311 5644 neri

222 5593 409 5717 ωβῗ)
428 5593 647 5715 θευρυιε
677 5591 807 5660 ἀπὸ,
843 5607 910 5648 ne
943 5601 1052 5647 tota
1079 5592 1177 5648 iSta
1202 5591 1456 5661 periodus
1487 5600 1537 5647 te
1572 5604 1789 5662 quoque

286 5680 347 5733 rq
394 5681 423 5715 e
487 5701 501 5715 .

1960 5524 2074 5595 (59)
2111 5525 2371 5598 Expunge
2406 5523 2468 5579 τὸ
2498 5523 2583 5590 ἐκ,
2611 5530 2667 5579 et
2705 5535 2931 5579 sensum
2995 5516 3222 5574 habebis
3250 5514 3483 5579 "planio-

1896 5612 2030 5653 rem.
