3888 6186
427 217 536 283 219

1581 205 1848 271 PHOTII
1879 200 2388 268 PATRIARCIME
2424 200 2536 261 (ΖΡ.

3590 182 3712 246 220

430 346 531 401 pro
555 326 765 383 vindice
797 325 1068 381 statuebat
1102 342 1118 381 :
1160 322 1387 381 Joannis
1416 332 1598 381 autem
1645 325 1912 397 baptisma
1953 321 2021 377 ad

2132 321 2215 375 νὺν
2255 319 2351 372 καὶ
2376 316 2651 387 Σωτήρων
2675 352 2691 378 ,
2739 310 2816 373 ὡς
2866 305 3046 380 πολλῷ
3087 306 3272 379 μεῐζον
3314 303 3560 375 ὑπάρχον
3598 301 3709 369 τῆς

431 417 758 479 universale,
822 426 879 471 et
934 415 1297 481 Dominicum,
1349 415 1497 486 quod
1549 430 1709 470 suam
1757 415 2015 469 virtutem

431 511 605 564 multo
638 508 941 570 excederet,
970 508 1315 562 amandabat.

501 599 685 667 Quare
728 608 783 654 et
840 599 955 669 ipse
984 599 1313 668 Redemptor
1356 607 1564 664 noster,
1603 614 1728 654 cum
1758 597 2015 652 duritiem

432 691 613 746 cordis
641 698 695 743 et
726 688 1159 743 incredulitatem
1207 687 1604 742 Pharisaeorum
1635 689 2014 757 exprobraret,

433 782 766 851 diceretque,
810 782 956 850 quod
996 779 1241 834 animum
1285 782 1459 850 magis
1504 796 1669 849 quam
1708 780 2014 845 fornicarii,

435 882 490 928 et
534 873 809 943 publicani
886 872 1217 935 improbum,
1268 879 1323 925 et
1369 872 1821 927 inemendabilem
1863 887 2017 941 gere-

434 974 590 1030 rent;
640 964 910 1033 simulque
953 978 1190 1026 noceret,
1252 964 1475 1033 quinam
1524 975 1709 1018 essent
1747 964 1841 1033 qui
1884 979 2017 1018 con-

434 1065 777 1111 verterentur
836 1071 867 1109 a
919 1066 1161 1125 peccato,
1199 1064 1253 1109 et
1301 1056 1630 1125 quibusnam
1691 1057 2014 1111 criminibus

433 1148 849 1202 absolverentur
880 1165 893 1201 :
926 1166 944 1199 ι
987 1146 1146 1201 Venit
1175 1148 1239 1201 ad
1272 1162 1390 1211 vos,
1427 1149 1522 1214 ait,
1567 1146 1806 1204 Joannes
1847 1149 1899 1202 in
1930 1149 2017 1203 via

430 1239 671 1309 iustitiae,
728 1248 781 1292 et
815 1253 923 1292 non
954 1239 1263 1293 credidistis
1312 1239 1361 1294 ei
1380 1240 1458 1306 ³⁵;
1505 1256 1524 1290 ›
1588 1239 1661 1293 ita
1694 1248 1752 1293 ut
1779 1239 2017 1295 Joannes

433 1338 598 1392 esset,
658 1329 752 1397 qui
817 1342 912 1396 per
982 1329 1315 1397 baptismum
1385 1328 1604 1397 injustte
1669 1330 2013 1399 vectigalium

433 1419 761 1483 exactionis,
796 1418 1206 1483 fornicationis,
1245 1429 1299 1475 et
1330 1420 1710 1489 hujuscemodi
1747 1423 2015 1477 scelerum

433 1509 746 1564 hominibus
801 1510 1017 1564 sincere
1065 1511 1458 1579 paenitentibus
1482 1512 1695 1566 veniam
1726 1513 2011 1581 praeberet.

432 1601 501 1654 At
533 1617 705 1671 neque
756 1602 1019 1663 latrones,
1062 1618 1237 1671 neque
1279 1613 1623 1657 mortuorum
1670 1605 2014 1674 spoliatores,

2121 410 2258 473 ιδίας
2281 406 2492 479 ἰσχύος,
2525 403 2882 474 παρέπεμπε.

2188 605 2280 661 Διὸ
2309 604 2404 659 καὶ
2439 605 2467 658 ὁ
2495 601 2689 673 Σωτὴρ
2718 599 2879 673 ἡμῶν
2904 597 3006 668 τὴν
3034 592 3494 666 σκληροκαρδίαν,
3522 590 3622 645 καὶ
3642 590 3710 644 τὸ

2118 697 2345 759 ἀπειθὲς
2378 690 2715 759 ἐξονειδίζων
2768 690 2877 744 τῶν
2904 686 3237 758 Φαρισαίων,
3270 684 3368 739 καὶ
3396 682 3597 752 δηλῶν,
3627 682 3711 743 ὡς

2115 787 2225 840 τῶν
2254 786 2311 838 ἑν
2333 784 2563 855 πορνεία
2608 782 2704 836 καὶ
2750 778 3011 849 τελωνείᾳ
3060 776 3322 848 βιούντων
3351 773 3575 845 χείρους
3603 771 3712 833 τὰς

2116 876 2341 949 γνώμας
2398 876 2495 930 καὶ
2537 872 2900 945 ἀδιορθὼτους
2955 869 3158 939 μᾶλλον
3190 868 3417 937 ἔφερον·
3448 866 3548 918 καί⁵
3583 864 3710 933 ἅμα

2116 968 2403 1031 διδάσκων,
2428 966 2575 1029 τίνες
2601 982 2663 1017 τε
2694 964 2884 1034 εῐησαν
2905 961 3015 1014 τῶν
3048 958 3108 1024 ἐξ
3138 957 3413 1030 ἁμαρτίας
3442 957 3711 1026 ἐπιστρε-

2118 1061 2349 1130 φόντων,
2409 1060 2503 1112 καὶ
2557 1058 2721 1112 τίνων
2774 1055 3185 1127 ἁμαρτημάτων
3245 1050 3568 1111 ἀπελύοντο,
3597 1048 3663 1101 τὸ
3686 1086 3707 1110 ,

2124 1172 2143 1205 ι
2182 1149 2353 1206 Ἶίλθε
2389 1153 2526 1223 πρὸς
2597 1150 2761 1221 ὑμᾶς,
2815 1149 3000 1219 φησὶν,
3028 1149 3056 1200 ό
3096 1145 3349 1213 Ἰωάννης
3388 1144 3447 1195 ὲν
3488 1138 3593 1209 ὁδῷ
3622 1139 3707 1191 δι-

2119 1247 2439 1319 καιοσύνης,
2470 1247 2565 1300 καὶ
2613 1246 2713 1299 οὐκ
2743 1241 3101 1297 ἐπιστεύσατε
3151 1238 3301 1309 αὐτῷ
3327 1253 3343 1269 ο
3377 1255 3396 1288 ι
3438 1235 3582 1288 ὥστε
3614 1250 3708 1285 τε-

2121 1339 2350 1402 λωνείας
2385 1340 2504 1409 μὲν,
2535 1337 2631 1391 καὶ
2653 1334 2929 1407 πορνείας,
2966 1333 3062 1386 καὶ
3096 1331 3205 1384 τῶν
3237 1329 3498 1382 τοιούτων
3526 1325 3612 1395 εῐη
3637 1323 3710 1376 ἂν

2118 1431 2147 1483 ό
2209 1430 2463 1499 Ἰωάννης
2523 1428 2611 1482 διὰ
2644 1427 2740 1480 τοῦ
2804 1424 3181 1496 βαπτίσματος
3226 1423 3339 1483 τοϊς
3391 1414 3710 1483 εἰλικρινῶς

2125 1520 2449 1593 μετανοοῦσι
2490 1518 3016 1589 πραγματευόμενος
3064 1512 3352 1584 κάθαρσιν.
3384 1501 3464 1563 Οὺ
3500 1506 3614 1579 μήν
3641 1524 3708 1575 τε

2119 1612 2351 1686 λῃστὰς,
2380 1611 2502 1665 οὐδὲ
2532 1609 2945 1681 τυμϐωρύχους,
2972 1606 3093 1660 οὐδὲ
3137 1606 3262 1667 τοὺς
3295 1602 3491 1665 ἄλλους
3532 1602 3711 1671 ἀρρη-

432 1707 609 1762 neque
660 1694 890 1748 aliorum
947 1694 1308 1747 nefandorum
1365 1695 1660 1749 criminum
1709 1706 2016 1766 patratores

2132 1668 2384 1775 τουργους
2431 1703 2542 1756 τῶν
2600 1668 2963 1773 μολυσμάτων
3012 1697 3356 1769 ἀπήλλαττεν
3379 1710 3393 1725 ο
3443 1694 3530 1746 ὅτι

432 1784 781 1849 absolvebat;
808 1784 1068 1853 quoniam
1112 1785 1163 1838 hi
1199 1802 1267 1839 ne
1294 1787 1568 1840 audebant
1600 1788 1823 1857 quidem
1856 1804 2015 1843 acce-

434 1874 583 1937 dere,
625 1886 679 1929 et
720 1875 930 1929 facinus
989 1891 1150 1930 suum
1207 1877 1475 1940 conliteri,
1534 1893 1657 1931 cum
1687 1882 2022 1935 conscientia

436 1967 572 2036 ipsis
614 1969 1015 2035 adversaretur,
1048 1980 1103 2025 et
1150 1986 1367 2040 poenam
1408 1972 1753 2027 minitaretur
1780 1989 1844 2029 ex
1887 1975 2019 2045 legi—

435 2058 561 2120 bus,
588 2076 687 2115 nec
719 2063 921 2116 sineret
943 2063 1153 2132 piacula
1183 2078 1369 2118 coram
1398 2064 1521 2119 aliis
1554 2080 1860 2121 recensere.

508 2146 679 2217 Igitur
711 2151 1025 2217 praestabat,
1078 2159 1137 2204 ut
1162 2150 1368 2204 dictum
1397 2160 1502 2217 est,
1535 2162 1591 2207 et
1623 2153 1739 2221 ipse
1774 2154 2022 2208 Praecur-

441 2238 585 2293 soris
663 2239 965 2309 baptismns
1035 2251 1383 2309 peccatorum
1449 2243 1864 2311 remissionem,
1916 2261 2023 2301 non

441 2330 686 2385 omnium
722 2341 941 2396 autem;
976 2335 1176 2404 quippe
1200 2336 1316 2389 hare
1350 2334 1622 2391 Dominici
1690 2350 1756 2391 ac
1797 2337 2024 2392 divinis-

442 2420 568 2475 simi
623 2422 969 2490 baptismatis
1011 2425 1300 2493 peculiaris
1348 2434 1433 2480 est
1470 2427 1683 2481 virtus:
1733 2429 2027 2497 praestabat

446 2521 648 2574 tamen.
694 2515 823 2567 dum
871 2514 1114 2579 perfecto
1160 2515 1460 2572 Salvatoris
1506 2529 1856 2575 sacramento
1881 2522 2025 2575 viam

444 2608 761 2673 sternebat;
791 2616 1016 2678 eratque
1041 2616 1167 2663 ante
1196 2610 1530 2665 ablutionem
1563 2611 1794 2677 ablutio,
1825 2612 2023 2666 remis-

443 2696 532 2750 sio
550 2698 893 2765 partic'ularis
907 2710 1031 2754 ante
1046 2701 1418 2755 omnimodam
1438 2703 1841 2768 remissionem,
1861 2714 2026 2774 atque

444 2787 759 2858 imperfecta
822 2792 1103 2847 inundatio
1161 2793 1425 2849 absolutae
1478 2795 1825 2850 mundationi
1885 2811 2027 2865 prae-

445 2880 648 2944 missa;
701 2880 797 2934 sed
852 2881 1053 2935 nullam
1102 2880 1411 2937 futurorum
1482 2884 1752 2937 bonorum
1815 2893 2021 2939 certam

2124 1796 2348 1867 θαρρεῖν
2378 1790 2522 1865 εἶχον
2543 1786 2690 1846 οὗτοι
2719 1790 3027 1861 προσιέναι,
3054 1788 3147 1843 καὶ
3172 1781 3619 1857 ἐξομολογεῖσθαι
3648 1781 3713 1832 τὸ

2121 1889 2400 1958 τόλμημα,
2429 1886 2523 1939 τοῦ
2559 1885 2863 1948 συνειδότος
2892 1884 3079 1945 αὐτοῖς
3098 1879 3592 1953 προαπαντῶντος,
3614 1874 3713 1927 καὶ

2126 1980 2234 2033 ἀπὸ
2290 1979 2399 2032 τῶν
2462 1977 2646 2048 νόμων
2674 1977 2831 2046 δίκην
2861 1974 3216 2039 ἐπισείοντος,
3252 1971 3346 2026 καὶ
3378 1969 3481 2023 οὐκ
3499 1967 3711 2028 ἐῶντος

2124 2074 2238 2136 τοῖς
2269 2071 2449 2135 ἄλλοις
2481 2068 3007 2138 συγκαταλέγεσθαι.

2198 2163 2430 2233 Παρεῖχε
2458 2161 2557 2231 μὲν
2587 2156 2703 2221 οὖν.
2734 2161 2924 2229 ὥσπερ
2958 2158 3197 2229 εἴρηται,
3230 2154 3324 2210 καὶ
3343 2153 3404 2208 τὸ
3424 2150 3518 2207 τοῦ
3565 2154 3713 2223 Προ-

2123 2255 2324 2326 δρόμου
2348 2254 2631 2324 βάπτισμα
2684 2252 2792 2305 τῶν
2823 2250 3104 2322 ἁμαρτιῶν
3137 2248 3351 2319 ἄφεσιν,
3387 2248 3449 2301 οὐ
3483 2247 3715 2301 πάντων

2125 2345 2215 2399 δέ’
2250 2348 2407 2399 τοῦτο
2436 2346 2544 2415 γὰρ
2565 2343 2658 2397 τοῦ
2687 2341 3018 2396 Δεσποτικοῦ
3065 2340 3162 2393 καὶ
3194 2338 3469 2393 θειοτάτου
3506 2334 3717 2407 βαπτεο

2128 2453 2334 2507 σματος
2358 2436 2418 2489 τὸ
2441 2436 2716 2505 ἐξαίρετον
2736 2446 2750 2465 ⁸
2788 2434 3015 2505 παρεῖχέ
3067 2431 3124 2485 δὲ
3158 2423 3606 2502 προευτρεπίζων
3631 2428 3715 2495 τῷ

2125 2525 2387 2597 Σωτηρίῳ
2416 2525 2518 2595 τὴν
2549 2523 2864 2593 τελειότητα
2883 2538 2896 2551 °
2947 2521 3042 2575 καὶ
3088 2520 3313 2591 λουτρὸν
3347 2515 3415 2590 ἦν
3441 2520 3546 2589 πρὸ
3584 2518 3717 2569 λου-

2123 2620 2278 2692 τροῦ,
2330 2621 2427 2674 καὶ
2485 2619 2680 2689 ἄφεσις
2728 2618 2795 2670 ὲκ
2845 2615 3043 2687 μέρους
3086 2615 3194 2686 πρὸ
3254 2612 3354 2682 τῆς
3406 2609 3720 2672 παντελοῦς

2125 2712 2395 2782 ἀφέσεως,
2428 2712 2525 2765 καὶ
2550 2709 2744 2779 ἀτελὴς
2794 2708 3065 2779 κάθαρσις
3113 2704 3576 2777 προοιμιαζομένη
3610 2701 3722 2773 τὴν

2126 2802 2484 2858 τελειοποιόν·
2517 2802 2670 2856 οὐδὲν
2699 2802 2757 2855 δὲ
2794 2799 3057 2869 ἀσφαλὲς,
3089 2798 3210 2852 οὐδὲ
3268 2797 3525 2868 ἐχέγγυον
3577 2797 3722 2866 περὶ

2124 2894 2235 2946 τῶν
2264 2893 2566 2964 μελλόντων
2609 2893 2987 2965 χαριζόμενον.
3034 2891 3109 2945 Th
3160 2890 3489 2944 Δεσποτικδν
3520 2889 3583 2942 δὲ
3616 2892 3721 2941 καὶ

446 2972 890 3039 promissionem,
939 2990 1003 3027 ac
1057 2982 1229 3029 ratam
1299 2976 1457 3029 lldem
1503 2974 1758 3030 faciebat.
1799 2976 2024 3031 Divinos

2132 2986 2403 3057 Σωτήριον
2456 2986 2674 3043 πάντων
2739 2985 2837 3055 μὲν
2893 2984 3003 3037 τῶν
3047 2982 3425 3055 προλαϐόντων
3475 2981 3714 3052 pem»-

446 3073 658 3122 coutra.
692 3073 746 3117 et
783 3064 1128 3119 Christianus
1157 3065 1461 3134 liaptismus
1489 3067 1671 3119 omnia
1709 3078 1835 3121 ante
1869 3082 2021 3122 com-

448 3156 617 3209 missa
651 3155 810 3209 nobis
839 3155 1111 3225 indulget;
1143 3158 1274 3225 quin
1302 3158 1467 3211 etiam
1504 3158 1677 3212 robur
1715 3166 1771 3211 et
1808 3158 2025 3213 fortitu-

448 3246 653 3309 dinem,
704 3262 770 3299 ne
798 3247 977 3301 denuo
1011 3248 1311 3301 secundum
1357 3248 1566 3317 priores
1597 3248 1787 3318 lapsus
1812 3265 2022 3305 concu-

448 3338 730 3407 piscentiae
778 3354 1105 3407 pareamus,
1160 3339 1437 3402 concedit;
1499 3339 1607 3392 imo
1671 3339 1921 3395 homines
1971 3340 2024 3394 in

450 3446 678 3499 regnum
700 3432 958 3485 caelorum
987 3430 1168 3492 infert,
1195 3441 1250 3484 et
1277 3430 1421 3499 quod
1451 3435 1631 3497 maius
1654 3440 1758 3496 est,
1783 3432 2031 3501 adoptio-

450 3537 574 3574 nem
650 3522 882 3576 ﬁliorum
956 3520 1049 3575 Dei
1129 3521 1456 3590 impertitur.
1534 3521 1765 3576 Joannis
1846 3531 2029 3577 autem

451 3614 717 3683 baptisma
744 3629 932 3668 eorum
965 3614 1280 3677 criminum,
1308 3629 1430 3683 quae
1462 3616 1910 3679 memoravimus,
1946 3631 2032 3669 re-

2124 3076 2312 3147 ῥώμης
2339 3077 2396 3129 δὲ
2428 3077 2756 3149 παρεκτικὸν
2786 3076 2881 3130 καὶ
2937 3074 3139 3146 ίσχύος,
3180 3074 3254 3145 μὴ
3281 3073 3420 3128 κατά
3438 3074 3535 3136 τάς
3562 3071 3721 3142 πρώ-

2122 3183 2220 3229 τας
2248 3166 2548 3237 ὀλισθήσεις
2580 3166 2659 3220 ἐτι
2687 3167 2823 3237 πρὸς
2852 3165 2923 3220 τὰ
2946 3165 3094 3235 πάθη
3126 3162 3527 3236 κατασύρεσθαι
3550 3180 3564 3194 ο
3597 3166 3715 3216 καὶ

2126 3256 2187 3311 τὸ
2220 3256 2317 3326 μὲν
2343 3259 2424 3321 είς
2443 3258 2541 3325 τὴν
2562 3256 2673 3311 τῶν
2700 3256 2947 3329 οὐρανῶν
2971 3257 3233 3328 ἀναφέρει
3262 3254 3555 3326 βασιλείαν,
3589 3254 3720 3316 καὶ,

2128 3348 2190 3402 τὸ
2222 3348 2402 3419 μεῖζον
2462 3348 2701 3414 πάντων,
2751 3346 3021 3401 υἱοθεσίαν
3064 3345 3371 3419 χαρίζεται.
3408 3343 3482 3397 Th
3504 3343 3563 3397 δὲ
3606 3344 3717 3413 τὴν

2134 3440 2235 3509 μὲν
2268 3440 2481 3505 ἄφεσιν,
2509 3434 2695 3510 ὧνπερ
2754 3440 2991 3510 εἴρηται,
3036 3440 3316 3509 παρεῖχεν,
3354 3434 3479 3489 οὔτε
3505 3434 3561 3487 δὲ
3610 3433 3721 3503 βαρ

2134 3528 2337 3591 σιλσίας
2379 3529 2625 3602 οὐρανῶν
2642 3530 2995 3599 κληρουχίαν,
3014 3527 3133 3581 οὐδὲ
3155 3523 3332 3594 πολλῷ
3358 3523 3558 3595 μᾶλλον
3575 3523 3721 3592 πρὸς

2141 3616 2415 3681 υἱοθεσίας
2451 3618 2775 3683 ἀναϐιϐάζει
2806 3618 3049 3687 ἀξίωμα.

451 3707 793 3771 missionem,
846 3722 952 3760 non
1007 3716 1188 3760 autem
1245 3707 1398 3777 regni
1446 3706 1688 3763 ctelestis
1747 3707 2021 3776 praebebat
2054 3708 2449 3775 liaareditatem,
2488 3719 2542 3766 et
2572 3712 2741 3767 multo
2761 3710 2944 3765 minus
2971 3709 3038 3764 ad
3089 3707 3409 3778 dignitatem
3461 3706 3719 3776 adoptio-

452 3801 539 3855 nis
566 3801 814 3854 homines
850 3801 1114 3856 evellebat
1144 3800 1279 3870 (60).

525 3956 570 3988 ³⁸
599 3954 785 4011 Matth.
819 3970 934 4021 ut,
959 3953 1048 4010 32.

1948 4066 2181 4124 ΝΟΤᾹΞ.

530 4226 644 4299 (60)
668 4223 758 4299 ,Ut
786 4226 965 4299 aliqua
988 4225 1055 4281 de
1083 4226 1186 4299 hac
1224 4223 1527 4299 quaestione
1574 4221 1837 4299 dicamus,
1869 4222 2035 4299 Joan-

456 4296 549 4352 nis'
571 4307 623 4353 et
654 4298 852 4352 Christi
884 4296 1075 4351 unum
1128 4296 1379 4365 idemque
1430 4296 1599 4349 fuisse
1635 4296 1898 4364 baptisma
1927 4297 2026 4348 tri-

456 4369 559 4422 bus
588 4368 864 4437 gradibus,
917 4382 1080 4437 aqua,
1128 4367 1248 4433 igne
1302 4376 1363 4437 et
1414 4365 1605 4437 spiritu
1654 4365 1726 4437 ita
1750 4380 2031 4437 consecra-

459 4434 684 4498 tumiut
710 4453 905 4506 aquam
937 4434 1197 4506 Joannes,
1234 4435 1484 4502 Spiritum
1538 4434 1811 4498 Christus,
1849 4436 2028 4506 ignem

456 4504 1021 4567 Paracletusdederit,
1084 4504 1383 4560 Petilianus
1438 4516 1783 4559 commentus
1806 4516 1889 4557 est
1921 4521 1935 4557 :
1966 4504 2035 4558 de

454 4593 563 4644 quo
577 4579 833 4647 legendus
856 4576 918 4629 1).
938 4578 1270 4647 Augustinus
1290 4576 1381 4629 lib.
1404 4591 1441 4628 ll
1458 4584 1640 4627 contra
1659 4572 1790 4647 _Lit._
1807 4572 1961 4647 Petit.
1978 4589 2031 4647 c.

455 4643 544 4700 54.
572 4643 951 4701 Mélanchthon
984 4643 1189 4707 autem,
1219 4646 1479 4709 Bucerus,
1529 4653 1583 4697 et
1621 4645 1736 4705 alii,
1780 4643 2031 4710 baptismi

454 4716 682 4771 Joannis
730 4726 785 4770 et
814 4717 1015 4771 Christi
1062 4732 1229 4769 unum
1276 4716 1528 4783 idemque
1566 4713 1738 4767 luisse
1783 4715 2033 4766 ministe-

457 4787 619 4851 rium,
645 4788 975 4855 eosdemque
1005 4786 1229 4840 ell'ectus
1264 4786 1383 4839 sine
1438 4783 1884 4855 tergiversatione
1915 4797 2035 4851 pro-

458 4858 795 4910 nuntiarunt.
831 4850 901 4909 ln'
920 4858 1017 4909 hos
1045 4857 1314 4925 praecipue
1341 4850 1686 4925 sacrosancta
1718 4850 2033 4925 Tridentina

458 4927 700 4995 synodus
718 4942 983 4979 canonetn
1015 4921 1164 4979 illum
1188 4921 1355 4978 edidit
1371 4938 1507 4995 sess.
1542 4938 1613 4995 vtt
1640 4921 1714 4974 De
1734 4923 1877 4991 bapt.
1906 4937 2030 4995 can.

460 4992 527 5047 1':
571 4995 629 5048 Si
655 4996 767 5064 quis
795 4996 985 5048 dixerit
1023 4995 1341 5063 baptismum
1382 4992 1608 5064 Joannis
1649 4997 1882 5064 eamdem
1928 4992 2034 5044 vim

458 5080 578 5117 cum
601 5062 859 5132 baptismo
886 5062 1381 5125 Christihabuine,
1412 5063 1697 5115 anathema
1733 5062 1823 5114 sit.
1863 5064 2034 5114 l’orro

460 5135 602 5187 hanc
631 5145 813 5187 notam
846 5133 1041 5187 Photio
1073 5150 1177 5187 non
1230 5135 1526 5197 inurimus;
1570 5148 1634 5185 ex
1665 5147 1730 5185 eo
1756 5132 1899 5185 enim
1928 5146 2033 5184 sae-

460 5219 756 5273 penumero
814 5204 1141 5268 audivimus,
1194 5218 1358 5271 quam
1425 5218 1707 5269 perspicue
1765 5201 2032 5273 baptisma

459 5271 662 5327 Christi
705 5273 1015 5342 baptismati
1035 5273 1263 5327 Joannis
1290 5273 1446 5341 longe
1471 5282 1757 5340 praestasse
1785 5271 2032 5324 fateatur.

461 5343 576 5397 lloc
612 5352 789 5396 autem
844 5342 1116 5412 baptismo
1169 5350 1389 5412 peccata
1448 5358 1555 5393 non
1608 5342 1777 5412 [uisse
1808 5343 2034 5393 dimissa

459 5414 529 5467 ad
574 5414 733 5466 lldem
782 5427 889 5465 non
918 5410 1219 5481 pertinere
1274 5410 1545 5481 Drouven.
1605 5410 1776 5481 Deira,
1802 5427 2033 5481 sacrant.

459 5483 863 5553 contrahhwret.
894 5479 988 5537 lili.
1024 5499 1083 5546 ll,
1107 5493 1301 5553 quast.
1339 5479 1393 5553 5,
1444 5496 1566 5549 cap.
1592 5497 1640 5553 ξι,
1690 5480 1717 5551 §
1748 5480 1818 5553 είς
1853 5480 2037 5535 Estius

463 5557 515 5607 in
547 5569 599 5607 IV
643 5551 789 5605 Sent.
839 5553 1081 5607 distinct.
1125 5550 1200 5618 ’2,
1269 5552 1296 5622 §
1352 5551 1405 5611 4.
1467 5564 1516 5603 et
1555 5551 1649 5622 alii,
1702 5550 2033 5622 opinantur;

460 5635 624 5695 atque
654 5623 707 5678 id
738 5632 1021 5693 propterea
1050 5639 1157 5679 non
1190 5624 1357 5677 fuisse
1397 5636 1425 5674 a
1459 5621 1691 5674 concilio
1721 5621 2030 5685 deﬁnitum,

2065 4242 2168 4349 Di

2179 4224 2264 4277 nia
2324 4223 2565 4281 nonnulli
2623 4218 2829 4285 Patres,
2883 4220 3181 4292 praesertim
3216 4236 3437 4282 sanctus
3478 4223 3714 4291 Optatos

2168 4296 2477 4349 lllevitauus
2513 4295 2607 4347 lib.
2645 4310 2703 4346 Ill
2745 4293 2943 4347 Contra
2988 4294 3261 4358 Parmen.,
3293 4306 3520 4351 sanctus
3557 4296 3714 4350 Basi-

2138 4366 2266 4425 lius,
2310 4366 2458 4435 hom.
2492 4366 2513 4417 1
2553 4364 2932 4435 dehaptismo,
2968 4374 3194 4419 sanctus
3235 4365 3475 4435 Cyrillus
3506 4366 3715 4419 lliero—

2140 4436 2242 4488 sol.
2274 4434 2491 4489 Catecli.
2531 4450 2590 4497 ll,
2626 4433 2728 4486 hoc
2781 4434 3050 4489 aﬂirmal'e
3080 4433 3416 4489 viderentur.
3451 4435 3709 4490 Photium

2136 4516 2317 4573 autem
2346 4504 2535 4573 Cyrilli
2568 4505 2729 4556 verba
2763 4504 2999 4571 putarim
3039 4507 3207 4559 fuisse
3254 4515 3588 4566 mutuatum,
3616 4508 3708 4560 ubi

2134 4572 2361 4627 Joannis
2388 4572 2655 4641 baptisma
2714 4574 3091 4643 remissionem
3135 4584 3483 4643 peccatorum
3514 4586 3711 4630 contn-

2136 4644 2285 4704 lisse,
2317 4644 2643 4709 baptismum
2660 4658 2785 4713 vero
2813 4642 3014 4697 Christi
3039 4642 3387 4713 adoptionem
3413 4647 3713 4713 importare

2138 4714 2374 4765 liliorutn
2412 4720 2709 4767 asseverat.
2743 4710 2908 4782 Igitur
2940 4714 3040 4785 hac
3072 4715 3123 4766 in
3149 4710 3213 4767 re
3240 4712 3435 4768 Photio
3461 4710 3711 4785 aliquan-

2136 4787 2307 4836 tulum
2345 4798 2637 4850 possumus
2677 4797 2920 4850 parcere.
2950 4783 3179 4853 ejusque
3212 4787 3538 4839 sententiam
3560 4783 3568 4785 “
3594 4801 3707 4839 non

2135 4853 2425 4906 admodum
2450 4855 2765 4906 abnormetu
2800 4852 3134 4907 existimare.
3178 4852 3267 4906 Illa
3299 4866 3479 4909 autem
3512 4856 3714 4909 distin-

2134 4924 2265 4995 ctio,
2301 4938 2464 4991 quam
2496 4923 2638 4995 inter
2663 4919 3369 4995 criminacomminiscitur,
3405 4926 3535 4979 dum
3564 4940 3714 4995 qut-

2135 4993 2258 5045 dam
2300 4991 2678 5046 tantummodo
2718 4991 2805 5044 illa
2859 4991 3136 5046 ablutione
3186 4994 3385 5048 remitti
3436 4991 3709 5060 autumat,

2136 5062 2249 5115 risu
2286 5064 2467 5132 potius
2494 5060 2831 5129 excipienda,
2861 5076 3023 5129 quam
3056 5065 3393 5131 argumentis
3423 5066 3710 5119 refutanda

2136 5130 2372 5187 videtur.
2402 5130 2557 5186 Unde
2594 5132 2739 5185 enim
2778 5133 2829 5183 id
2866 5133 3054 5184 novit?
3086 5130 3372 5198 Quomodo
3392 5134 3561 5188 divini
3581 5152 3713 5190 con-

2136 5204 2240 5256 silii
2300 5205 2499 5256 certior
2550 5202 2724 5257 factus
2755 5200 2884 5255 est?
2915 5201 3030 5266 Qua
3081 5209 3148 5255 de
3177 5218 3339 5257 causa
3383 5206 3487 5269 his,
3520 5216 3573 5258 et
3604 5220 3711 5258 non

2136 5274 2259 5327 aliis
2284 5274 2552 5327 limitibus
2585 5271 2969 5325 remissionem
3003 5274 3317 5327 conclusit?
3364 5274 3474 5329 Nos
3508 5277 3714 5329 interea

2136 5358 2483 5397 communem
2530 5342 2908 5412 theologorum
2955 5344 3350 5397 catholicorum
3383 5346 3712 5399 sententiam

2134 5428 2221 5475 ea,
2253 5428 2361 5482 qua
2393 5429 2488 5481 par
2522 5422 2626 5483 est,
2654 5413 3006 5465 veneratione
3041 5422 3308 5475 tenentes,
3340 5414 3590 5468 dicemus
3620 5430 3716 5483 per

2136 5484 2365 5537 Joannis
2394 5482 2657 5551 baptisma
2688 5497 2752 5535 ex
2782 5496 2934 5549 opere
2959 5485 3247 5551 aperantis,
3293 5498 3402 5537 non
3444 5496 3625 5537 autem
3650 5499 3715 5537 ea:

2136 5570 2288 5607 onere
2320 5562 2532 5621 operata
2584 5553 2755 5608 fuisse
2778 5551 3032 5609 Hebraeos
3062 5554 3235 5608 culuis
3267 5553 3573 5609 absolutos.
