3888 6186
116 247 212 309 9'21

116 251 212 309 9'21
284 311 293 317 ,
1073 254 1170 313 AD
1210 251 1714 316 AMPIIILOCHII

1833 256 2181 325 QUIESTIO
2208 254 2391 321 XXX.

1743 374 1791 429 A

617 360 949 416 ararum:
977 364 1035 416 A'
1063 364 1199 433 (δι).

116 450 251 517 Πῶς
279 452 407 527 τοῦ,
432 452 701 527 Σωτῆρος
732 453 925 527 Αήμῶν
990 456 1279 527 λέγοντος
1300 476 1312 489 ⁶
1345 479 1363 509 ε
1394 459 1543 527 Οὐχὶ
1597 457 1708 512 δύο

184 524 480 590 στρουθία
513 523 815 591 ἀσσαρίου
845 523 1151 587 πωλεῖται,
1182 528 1279 580 καὶ
1306 528 1381 581 ἐν
1405 523 1708 593 ἐξαύτῶν

185 593 735 671 οὺεπεσείται-ἅνευ
754 594 863 671 τοῦ
894 597 1122 671 ζιατρός
1157 615 1277 665 μου
1307 599 1411 652 τοῦ
1433 600 1502 651 ἐν
1523 602 1701 665 οὐρα-

185 663 341 741 ¹κοῖς,
376 682 392 712 ι
418 663 676 741 Ιζαῦλος,
703 667 735 717 ό
766 664 872 741 τόν
899 663 1171 741 ζρισᾼτὸῇ
1195 668 1353 741 ἔχων
1396 663 1707 741 λιξνιοῦῂτα

183 732 257 817 ἐχ
282 732 475 817 ἐαυἾῖ)
504 750 658 817 φησι
676 750 688 763 ’
719 753 738 785 ι
767 733 863 817 Ιίξὴ
886 733 1003 817 τῶν
1018 734 1188 816 eam
1204 732 1375 817 μέλει
1404 738 1483 803 τῷ
1510 737 1631 817 Qui)
1646 754 1698 817 ί»

214 804 719 875 ᾉηιφθέγγεσθαι
748 806 858 871 γὰρ
904 806 941 871 ἡ
971 806 1077 858 τοῦ
1108 808 1377 873 μαθητοῦ
1423 810 1573 875 πρὸς
1597 808 1705 861 τὸν

188 870 566 926 διδάσκαλον
594 870 939 941 φαντασίαν
970 870 1293 945 παρέχεται
1319 870 1510 947 φωνῆ.

3282 265 3316 304 α

2168 267 2181 313 ι
2210 267 2391 321 xxx.
3282 267 3395 333 222

2168 372 2499 438 QUASS'I‘IO
2533 372 2675 427 xxx
2706 372 2803 447 [αι.
2838 373 3055 450 XXIX}.

1813 460 2106 526 Quomodo,
2138 478 2254 514 cum
2286 462 2532 515 Saluator
2565 473 2743 517 noster
2768 465 2954 521 dicat:
3008 486 3026 517 ι
3057 466 3242 520 Nonne
3288 467 3394 520 duo

1881 548 2118 601 passeres
2176 549 2292 585 asse
2342 545 2582 591 veneunt.
2633 544 2680 588 et
2717 552 2851 589 unus
2878 553 2943 590 ea:
2964 536 3073 590 illis
3115 555 3216 590 non
3247 538 3395 591 cadet

1880 603 1994 674 sine
2029 601 2196 674 Patre,
2218 619 2350 662 meo.
2373 605 2464 672 qui
2502 605 2556 657 in
2582 605 2726 658 caelis
2756 615 2834 658 est
2859 608 2942 659 36?
2970 626 2989 658 ι
3039 606 3263 667 Paulus,
3305 609 3397 674 qui

1881 671 2150 746 Christum
2184 673 2235 746 in
2268 689 2321 725 se
2350 674 2638 746 loquentem
2675 675 2878 746 liabet,
2918 678 3085 746 inquit
3115 693 3132 729 :
3164 696 3181 727 ι
3226 671 3397 730 Nunt-

1882 743 2009 810 quid
2035 746 2098 795 de
2118 743 2281 795 bobus
2302 760 2430 796 cura
2455 754 2530 797 est
2558 743 2660 797 Deo
2672 744 2715 775 "
2738 746 2761 797 ?
2782 763 2799 796 ι
2828 743 3098 800 Nimirum
3116 763 3214 800 vox
3234 747 3399 801 disci-

1882 813 1997 881 puli
2038 814 2291 883 magistro
2319 815 2596 868 adversari
2623 816 2848 870 videtur.

182 968 214 991 ι’
281 988 420 1037 Edita
444 988 505 1037 ab
526 988 740 1038 Antonio
765 990 951 1047 Scotto,
976 991 1012 1039 ι.
1050 1004 1114 1051 c.,
1132 1006 1179 1053 p.
1210 992 1288 1041 45.
1314 992 1388 1042 De
1414 998 1685 1055 apparente
1715 989 2104 1043 contradictione
2139 989 2271 1040 inter
2298 992 2461 1041 locum
2484 991 2655 1041 Matth.
2683 1007 2733 1053 κ,
2754 992 2815 1040 29
2842 998 2898 1042 et
2929 994 2949 1042 l
2971 992 3083 1043 Cor.
3103 1007 3171 1051 ix,
3190 992 3241 1041 9.

187 1075 313 1128 Ὀτι
350 1077 446 1145 μὲν
476 1078 508 1145 ἡ
537 1076 629 1129 τοῦ
656 1077 794 1130 Θεοῦ
827 1079 1053 1149 πρόνοια
1083 1081 1178 1131 καὶ
1200 1080 1360 1150 μέχρι
1376 1081 1485 1133 τῶν
1519 1099 1715 1153 στρου-

1887 1080 2045 1148 Quod
2077 1080 2169 1134 Dei
2195 1081 2540 1150 providentia
2566 1082 2631 1137 ad
2656 1098 2910 1152 passeres
2933 1098 3103 1152 usque
3125 1081 3396 1152 pertingat

120 1167 250 1220 θίων
282 1167 483 1235 διήκει,
517 1169 610 1221 καὶ
632 1168 755 1222 οὐδὲ
780 1170 837 1221 ὲν
856 1171 1038 1233 αὐτοῖς
1062 1171 1159 1241 τὴν
1189 1174 1355 1226 αὑτοῦ
1383 1176 1714 1246 περιγράφει

1826 1182 1870 1228 3t
1893 1188 1995 1228 nec
2025 1173 2113 1227 his
2168 1172 2439 1227 limitibus
2491 1173 2610 1241 eius
2663 1173 2941 1243 vigilantia
2993 1172 3395 1239 concludatur;

120 1258 475 1329 κηδεμονίαν,
523 1259 639 1313 ἀλλ’
670 1262 771 1332 ἤδη
819 1262 915 1315 καὶ
952 1264 1159 1331 φυτῶν,
1194 1264 1288 1318 καὶ
1326 1266 1588 1335 βοτανῶν,
1618 1269 1713 1321 καὶ

1826 1268 1908 1323 sed
1940 1275 1995 1321 et
2029 1267 2311 1333 arborum,
2340 1275 2395 1320 et
2427 1266 2740 1331 herbarum,
2799 1274 2855 1320 et
2894 1266 3136 1319 omnium
3170 1266 3398 1320 omnino

122 1351 336 1414 ἁπλῶς,
366 1345 441 1405 ῶν
470 1352 719 1425 ἐγνώσθη
766 1357 1174 1426 γενεσιουργὺς,
1224 1358 1432 1411 τούτων
1485 1360 1709 1431 καὶτῆς

120 1443 408 1514 διαμονῆς,
428 1445 542 1497 ,καὶ
571 1447 883 1515 οἰκονομίας
906 1449 1268 1502 ἀναλλοίωτόν
1310 1468 1392 1515 τε,
1424 1451 1518 1505 καὶ
1548 1453 1705 1506 ἀδιά-

1811 1375 2018 1424 rerum,
2051 1374 2281 1429 quarum
2322 1367 2537 1413 creator
2579 1357 2916 1429 agnoscitur,
2964 1357 3393 1422 conservatioui,

1809 1455 2299 1525 gubernationique
2339 1453 2684 1518 immutabili,
2722 1468 2786 1507 ac
2814 1462 3069 1522 perpetua
3110 1468 3241 1508 cura
3266 1467 3397 1522 pro-

120 1534 275 1603 δοχον
311 1537 469 1608 φέρει
500 1537 599 1607 τὴν
650 1539 927 1608 φροντίδα,
959 1541 1099 1594 αἵτε
1129 1542 1287 1597 ἄλλαι
1322 1543 1535 1614 τρανῶς
1560 1545 1706 1614 ἡμᾶς

1826 1549 2003 1617 spiciat
2022 1588 2036 1611 ,
2070 1548 2276 1602 diserte
2306 1563 2407 1602 nos
2428 1549 2625 1602 docent
2653 1556 2767 1600 tum
2787 1547 2891 1601 alia
2926 1562 3203 1601 sacrarum
3230 1545 3395 1600 Litte-

122 1627 529 1681 ὲκδιδάσκουσιν
582 1630 724 1699 ἰεραί
752 1630 788 1681 Γ
795 1631 986 1701 ραφαὶ,
1020 1633 1117 1686 καὶ
1168 1634 1232 1705 δὴ
1266 1636 1360 1688 καὶ
1404 1637 1433 1689 6
1464 1635 1706 1706 ἔμφυτος

125 1718 409 1787 λογισμὸς,
438 1720 495 1782 ὃς
524 1720 615 1773 τὸν
661 1723 1075 1793 παραγαγόντα,
1103 1727 1199 1779 καὶ
1239 1728 1623 1798 ὑποστήσαντα
1646 1729 1710 1781 ἐκ

127 1810 199 1880 μὴ
232 1810 407 1864 ὄντων
436 1814 530 1866 καὶ
557 1815 802 1884 συνέχειν
840 1816 901 1868 τὸ
937 1818 1414 1889 παραγαγόμενον,
1457 1820 1548 1873 καὶ
1578 1838 1712 1892 προ-

127 1905 361 1957 νοεῖσθαι
411 1906 550 1958 κατά
599 1907 693 1959 τὸν
729 1908 947 1981 ἑκάστῳ
992 1913 1274 1982 πρέποντα
1314 1914 1411 1983 τῆς
1449 1916 1711 1985 Προνοίας

125 1992 277 2061 λόγον
300 1996 546 2051 ἀπαιτεῖ.
595 1998 748 2051 Ἐπεὶ
785 2000 877 2054 καὶ
911 2002 1073 2065 αὐτὸς
1101 2003 1129 2055 6
1161 2003 1351 2075 Σωτὴρ
1384 2004 1540 2075 ἡμῶν
1588 2007 1711 2075 φιλ-

128 2086 433 2157 ανθρώπως
468 2089 699 2157 ἀπάγων
725 2093 874 2161 ἡμᾶς
891 2093 992 2162 τῆς
1016 2094 1220 2164 πολλῆς
1254 2112 1319 2147 πε
1329 2097 1381 2166 pl.
1413 2097 1479 2149 τὰ
1505 2097 1714 2168 ἀνθρώ-

128 2196 256 2232 πινα
277 2181 519 2246 σπουδῆς
534 2199 592 2233 τε
622 2182 718 2236 καὶ
748 2184 1101 2255 κατατριῦἦςο
1123 2187 1216 2239 καὶ
1240 2187 1345 2238 τῶν
1364 2187 1595 2257 ῥεόντων
1617 2189 1714 2242 κα)⁸

130 2270 499 2340 διαλυομένων
527 2275 625 2343 τῆς
655 2274 848 2343 σχολῆς
880 2275 1197 2345 ἐλευθερίαν
1244 2293 1303 2329 τε
1336 2278 1429 2329 καὶ
1467 2278 1712 2332 ἀπαλλα-

130 2362 232 2432 γὴν
262 2363 677 2433 εἰσηγούμενος,
723 2365 824 2417 οῦκ
880 2365 989 2418 ἀπὸ
1033 2366 1144 2419 τῶν
1213 2367 1515 2434 στρουθίων
1554 2370 1713 2439 μόνον

131 2456 222 2507 καὶ
254 2454 364 2508 τῶν
384 2456 559 2509 ἄλλων
584 2456 800 2527 πτηνῶν
822 2458 920 2528 τὴν
950 2458 1184 2529 ἀρίστην
1215 2459 1421 2530 ταύτην
1479 2462 1712 2532 εἰσήγη-

134 2564 217 2600 σιν
256 2550 516 2611 ποιεῖται,
549 2549 685 2603 ἀλλὰ
739 2550 803 2621 δὴ
830 2550 927 2604 καὶ
965 2550 1059 2603 ἀπ’
1108 2550 1289 2603 αὐτῶν
1320 2567 1384 2619 γε
1420 2550 1529 2604 τῶν
1554 2551 1714 2621 βοτα-

134 2638 259 2694 νῶν.
288 2660 306 2691 ι
337 2642 730 2711 Κατανοήσατε
762 2642 892 2709 γὰρ,
922 2641 1080 2710 φησὶ,
1103 2641 1169 2694 τὰ
1210 2642 1373 2712 κρίνα
1398 2641 1492 2695 τοῦ
1523 2642 1711 2712 ἀγροῦ,

137 2732 248 2794 πῶς
270 2733 528 2796 αὐξάνει’
566 2734 627 2785 ού
658 2735 849 2804 κοπιᾷ,
900 2733 1021 2786 οὐδὲ
1056 2733 1208 2803 νήθει
1232 2749 1246 2762 υ
1283 2752 1301 2783 ι
1330 2730 1447 2787 εἶτα
1483 2733 1578 2786 τοῦ
1603 2735 1713 2803 ἀμ-

135 2825 441 2895 φιασματος
491 2826 554 2877 τὸ
608 2825 826 2889 κάλλος,
867 2826 961 2878 καὶ
1008 2825 1070 2878 τὸ
1116 2825 1367 2896 ἀξίωμα⁶
1418 2843 1437 2876 ι
1476 2825 1633 2894 Λέγω
1657 2825 1713 2878 δὲ

136 2920 280 2989 ὑμῖν,
336 2920 421 2971 ὅτι
470 2917 595 2969 οὐδὲ
643 2917 895 2987 Σολομῶν
943 2918 1002 2969 ἐν
1064 2917 1213 2987 πάσῃ
1266 2919 1329 2986 τῇ
1379 2917 1507 2988 δόξῃ
1548 2919 1714 2972 αὑτοῦ

136 3009 549 3081 περιεϐάλλετο,
568 3009 643 3072 ὡς
670 3008 728 3060 ἓν
751 3007 976 3071 τούτων,
1020 3009 1189 3062 ποιῶν
1236 3008 1441 3061 τούτων
1466 3009 1574 3062 τῶν
1599 3012 1715 3079 μετ’

136 3102 309 3170 ὀλίγον
333 3100 756 3171 ἐμϐαλλομένων
804 3100 883 3163 εἰς
910 3099 1162 3170 κάμινον.
1200 3118 1218 3150 ι
1248 3101 1309 3152 Εἰ
1339 3100 1394 3152 δὲ
1440 3100 1548 3153 τῶν
1574 3100 1716 3154 οὕτω

141 3195 336 3265 μικράν
382 3210 505 3245 τινα
558 3190 912 3263 πληρούντων
956 3190 1267 3262 ἀνθρώποις
1309 3191 1497 3262 χρείαν
1525 3191 1715 3261 (πόσον

136 3291 240 3361 γὰρ
264 3293 463 3359 ἀνάφει
489 3289 600 3360 πῦρ
628 3292 661 3361 ή
698 3290 915 3359 καλάμη
943 3290 1051 3342 τῶν
1077 3291 1310 3361 κρίνων;
1344 3291 1415 3342 Ἢ
1448 3289 1542 3342 τοῦ
1573 3288 1716 3359 χρώ-

141 3398 300 3450 ματος
328 3380 390 3433 τὸ
424 3382 581 3443 ἄνθος
608 3382 701 3433 ἐπὶ
750 3382 916 3434 πόσον
964 3383 1240 3451 χαριεῖται
1285 3380 1383 3451 τὴν
1410 3380 1606 3450 τέρψιν
1638 3379 1716 3450 τῷ

138 3471 402 3539 ὄμματι),
461 3470 727 3541 τοσαύτην
773 3473 801 3524 ὁ
851 3471 983 3534 Θεὸς
1016 3473 1116 3542 τὴν
1144 3471 1400 3541 πρόνοιαν
1437 3471 1573 3541 ἔχει,
1599 3471 1716 3535 πῶς

138 3562 253 3631 οὐχὶ
284 3561 469 3632 πολλῷ
502 3561 723 3631 μᾶλλον,
750 3562 845 3615 καὶ
861 3563 1183 3633 ἀσυγκρίτῳ
1206 3564 1461 3634 διαφορᾷ,
1490 3566 1598 3616 τῶν
1620 3564 1715 3617 ἀν-

140 3652 409 3723 θρώπωνς
474 3652 630 3705 Οὕτω
663 3652 794 3721 γοῦν
851 3653 912 3705 οὐ
977 3654 1200 3724 μόνονὴ
1242 3653 1352 3706 τῶν
1416 3653 1717 3723 στρουθίων

141 3748 345 3799 ἀνεῖται
359 3745 580 3814 γένεσίς
606 3762 687 3808 τε,
710 3746 801 3799 καὶ⁴
818 3744 1066 3815 αῦξησις,
1098 3746 1193 3798 καὶ
1216 3744 1446 3815 διαμονὴ
1470 3744 1547 3815 τῷ
1576 3744 1715 3814 Θεῷ,

142 3840 231 3889 καὶ
262 3837 430 3890 πάλιν
463 3838 497 3905 ἡ
526 3836 665 3889 κατὰ
698 3837 823 3899 τοὺς
848 3836 1084 3898 οἰκείους
1118 3836 1345 3904 καιροὺς
1371 3834 1549 3898 λύσις,
1580 3836 1719 3889 ἀλλὰ

142 3932 286 4002 καὶὴ
314 3931 429 3983 τῶν
482 3932 540 3983 ὲν
573 3929 653 4000 τῷ
701 3929 857 3999 ἀγρῷ
886 3928 1125 3998 βοτανῶν
1148 3944 1162 3960 ·
1206 3927 1316 3981 ἀπὸ
1343 3928 1450 3998 γὰρ
1475 3927 1567 3981 τοῦ
1601 3928 1717 3991 ἐνὸς

146 4024 315 4088 εἴδους
349 4024 450 4077 καὶ
478 4041 543 4076 πε
554 4025 604 4094 pi.
632 4023 743 4075 τῶν
774 4023 949 4075 ἄλλων
977 4021 1083 4074 τῶν
1103 4020 1379 4092 ὁμογενῶν
1409 4024 1437 4075 6
1478 4020 1638 4083 αὐτὸς
1654 4020 1720 4074 ἂν

142 4118 237 4186 τῆς
284 4117 613 4179 ἀκολουθίας
664 4115 930 4169 διαϐαίνει
992 4115 1187 4182 λόγος·
1234 4113 1407 4177 οὕτως
1448 4115 1510 4168 ού
1559 4114 1719 4184 μόνον

1810 1652 1997 1692 rarum
2070 1639 2206 1701 loca,
2261 1644 2374 1690 tum
2422 1636 2536 1705 ipsa
2565 1636 2723 1689 insita
2753 1636 3068 1690 hominibus
3099 1635 3240 1691 ratio
3274 1651 3397 1705 qua:

1810 1729 2071 1800 postulat,
2102 1740 2177 1791 ut,
2233 1729 2325 1798 qui
2360 1744 2447 1781 res
2472 1744 2503 1781 e
2547 1728 2722 1781 nihilo
2756 1727 2969 1791 eduxit,
3010 1737 3177 1797 atque
3206 1727 3397 1796 dispo—

1812 1822 1940 1887 suit,
1987 1822 2103 1891 ipse
2149 1821 2439 1890 productas
2491 1820 2787 1874 secundum
2845 1818 3197 1888 providentia!
3228 1816 3397 1870 ratio-

1813 1932 1935 1971 nem
1962 1916 2252 1984 unicuique
2286 1920 2706 1969 consentaneam
2748 1919 3059 1973 conservet,
3090 1918 3254 1977 atque
3294 1924 3396 1977 gu-

1812 2012 2023 2066 bernet.
2078 2009 2345 2075 Quoniam
2407 2019 2462 2061 et
2517 2004 2986 2075 ipseitedemptor
3033 2012 3240 2063 noster,
3269 2016 3396 2055 cum

1814 2116 1915 2154 nos
1935 2115 2000 2154 ex
2037 2099 2396 2153 humanarum
2428 2110 2610 2149 rerum
2654 2092 2824 2148 nimio
2875 2091 3077 2156 studio,
3118 2090 3398 2159 nimiaque

1814 2193 2094 2246 curatione
2139 2195 2485 2259 peramanter
2539 2195 2827 2250 avocaret;
2882 2197 3046 2257 atque
3078 2192 3132 2237 ut
3165 2199 3194 2237 a
3224 2182 3398 2237 ﬂuxo-

1813 2294 1933 2333 rum
1973 2280 2413 2347 caducorumque
2456 2276 2723 2330 bonorum
2777 2274 3144 2329 sollicitudine
3195 2274 3397 2327 libere-

1815 2387 1939 2426 mur
1985 2380 2430 2440 avertamurque,
2462 2369 2621 2422 nobis
2665 2367 2955 2433 suaderet;
2996 2380 3104 2419 non
3138 2380 3167 2418 a
3212 2380 3398 2434 passe-

1814 2465 1967 2519 ribus
2018 2463 2395 2518 tantummodo
2442 2470 2495 2516 et
2523 2462 2646 2515 aliis
2681 2461 2991 2514 volatilibus
3047 2458 3397 2513 utilissimam

1814 2558 1957 2612 hanc
1978 2557 2411 2611 cohortationem
2453 2567 2686 2609 exorsus
2716 2562 2824 2613 est,
2868 2552 2964 2605 sed
2990 2551 3059 2605 ab
3090 2550 3222 2619 ipsis
3254 2566 3393 2619 quo-

1815 2665 1921 2720 que
1964 2649 2192 2703 herbis:
2261 2647 2472 2701 Etenim
2536 2666 2553 2697 ι
2589 2645 2963 2706 Considerate,
3018 2643 3239 2713 inquit,
3280 2640 3391 2695 lilia

1816 2738 1953 2808 agri,
1994 2736 2269 2806 quomodo
2328 2743 2617 2797 crescunt;
2700 2747 2809 2785 non
2883 2732 3151 2794 laborant,
3216 2743 3396 2798 neque

1818 2839 1983 2883 nent:
2025 2848 2042 2879 ι
2100 2828 2295 2882 deinde
2322 2826 2389 2880 de
2446 2825 2755 2879 vestimenti
2805 2824 3071 2895 elegantia
3114 2832 3170 2878 et
3202 2823 3399 2877 decore

1819 2922 2067 2989 adjecit:
2120 2941 2137 2973 ι
2180 2920 2309 2975 Dico
2363 2930 2567 2980 autem,
2618 2917 2763 2987 quod
2821 2932 2996 2986 neque
3040 2914 3298 2969 Salomon
3341 2915 3398 2969 in

1818 3013 1963 3067 omni
1985 3012 2149 3083 gloria
2186 3026 2284 3065 sua
2325 3018 2620 3077 coopertus
2664 3016 2748 3061 est
2797 3006 2939 3060 sicut
2982 3022 3121 3059 unus
3153 3020 3215 3058 ex
3256 3003 3394 3067 istis,

1814 3108 1905 3175 qui
1936 3105 2096 3174 paulo
2138 3112 2259 3173 post
2292 3103 2344 3157 in
2385 3102 2660 3156 caminum
2704 3098 3150 3153 immittuntur“.
3193 3115 3212 3149 ι
3242 3095 3398 3163 Quod

1815 3195 1859 3249 si
1917 3196 2097 3258 rebus,
2134 3210 2256 3263 quae
2290 3201 2399 3247 tam
2452 3201 2671 3245 tenuem
2725 3190 3016 3244 utilitatem
3073 3198 3401 3255 comparant

1817 3288 2133 3342 hominibus
2193 3285 2455 3356 (quandiu
2506 3285 2649 3339 enim
2692 3283 2967 3337 ﬂammam
3016 3282 3109 3336 alit
3161 3283 3397 3335 liliorum

1816 3376 2023 3430 caulis?
2049 3377 2155 3429 Aut
2188 3376 2428 3444 quandiu
2458 3374 2715 3428 ﬂosculus
2741 3374 3049 3441 variegatus
3072 3372 3233 3426 oculo
3250 3373 3400 3425 ohle-

1817 3476 2149 3523 ctamentnm
2198 3469 2395 3536 creat?)
2442 3467 2605 3533 Deus,
2641 3462 2778 3521 adeo
2811 3466 3079 3534 providet,
3121 3466 3399 3533 quomodo

1818 3577 1927 3617 non
1955 3562 2127 3615 multo
2157 3560 2350 3629 magis,
2381 3569 2436 3614 et
2468 3560 2736 3613 immenso
2761 3558 3080 3612 discrimine
3115 3557 3396 3609 hominum

1818 3669 2005 3708 curam
2044 3652 2221 3723 gerit?
2263 3653 2341 3706 lla
2380 3666 2515 3705 sane
2550 3666 2658 3703 non
2702 3664 2950 3719 passeres
2978 3648 3269 3711 duntaxat,
3304 3649 3396 3702 sed

1818 3746 2070 3801 ctherbac
2091 3744 2265 3814 campi
2300 3752 2357 3798 ut
2388 3752 2704 3807 nascantur,
2762 3730 3030 3806 crescant,
3080 3750 3134 3795 et
3170 3755 3398 3794 conser-

1819 3846 2032 3903 ventur,
2072 3849 2127 3890 et
2150 3850 2339 3889 rursus
2389 3850 2488 3889 suo
2520 3842 2761 3902 tempore
2800 3831 3092 3895 intereant,
3137 3830 3202 3883 ad
3230 3828 3397 3883 Deum

1821 3930 2086 4000 pertinet,
2119 3925 2563 3994 quandoquidem
2590 3924 2659 3977 ab
2690 3938 2795 3976 una
2824 3922 3007 3991 specie
3035 3920 3102 3975 ad
3144 3934 3229 3975 res
3259 3919 3400 3989 pari-

1824 4032 1905 4077 ter
1947 4021 2194 4090 ejusdem
2243 4028 2455 4072 naturze
2514 4017 2655 4070 idem
2708 4030 2773 4069 ex
2798 4011 3190 4082 consequentia
3217 4026 3400 4065 sermo

1822 4115 2067 4186 procedit
2093 4133 2105 4168 :
2131 4122 2294 4182 atque
2323 4112 2398 4165 ita
2433 4125 2539 4163 non
2572 4107 2734 4162 modo
2763 4107 2946 4169 boves,
2973 4106 3065 4159 sed
3088 4106 3232 4174 ipsas
3261 4120 3399 4174 qun-

144 4211 246 4263 τῶν
274 4210 439 4281 βοῶν,
466 4209 600 4262 ἀλλὰ
629 4210 724 4262 καὶ
750 4208 1051 4261 αὐτῶντῶν
1076 4206 1332 4277 ἀπαρχῆς
1355 4206 1714 4277 ἀτελεστέρας

1826 4228 1927 4283 que
1978 4224 2087 4273 res,
2147 4221 2271 4276 qua:
2328 4205 2397 4258 ab
2447 4210 2567 4256 ortu
2596 4216 2695 4255 suo
2716 4200 2898 4253 minus
2930 4199 3165 4251 nobilem
3196 4200 3401 4253 sortita:

147 4303 354 4371 φύσεως
383 4302 763 4373 τετυχηκότων
788 4303 820 4371 ἡ
844 4299 1139 4370 κηδεμονία
1183 4301 1282 4369 τῆς
1311 4298 1459 4360 θείας
1486 4298 1714 4368 ἐξῆπται

1826 4312 1942 4360 sunt
1997 4311 2270 4355 naturam.
2323 4302 2496 4351 (lWlm
2544 4290 2825 4363 vigilantia
2866 4290 3054 4344 auxilii
3087 4305 3195 4344 non
3237 4289 3400 4344 dese-

151 4397 391 4539 ροἷῗίςοῦν
421 4486 589 4546 ἐστιν,
608 4484 793 4551 ὃλέγει
824 4481 1029 4544 Παῦλος
1046 4483 1073 4533 6
1092 4481 1381 4552 μετάρσιος
1407 4478 1713 4551 ἄνθρωπος,

1813 4393 1904 4447 rit.

1886 4481 2025 4547 Quid
2057 4480 2236 4548 itaque
2260 4486 2364 4543 est,
2392 4476 2537 4546 quod
2567 4473 2767 4528 Paulus
2796 4472 2975 4535 docet,
3005 4471 3087 4524 vir
3112 4471 3198 4523 ille
3223 4470 3401 4527 excel.

149 4579 429 4649 ήγλῶσσα
475 4576 569 4630 τοῦ
615 4574 951 4644 Πνεύματος,
980 4573 1045 4642 ἢν
1092 4571 1241 4623 οὐδὲν
1284 4570 1563 4641 δυσχερὲς,
1595 4570 1714 4622 οὐδὲ

1826 4588 1928 4635 sus,
1970 4571 2143 4625 sancti
2176 4568 2413 4638 Spiritus
2467 4567 2672 4633 lingua,
2724 4578 2887 4632 quam
2948 4561 3080 4615 nihil
3111 4561 3397 4624 absonum,

149 4669 336 4722 πολλοῦ
368 4670 452 4721 δεῖ
468 4667 646 4738 μάχης
679 4666 1016 4735 ἁπτόμενον;
1044 4662 1310 4733 Νομίμων
1334 4662 1442 4731 γὰρ
1472 4661 1714 4714 παλαιῶν

1826 4673 1915 4717 aut
1946 4660 2238 4730 litigiosum
2267 4660 2418 4713 decet
2443 4655 2689 4727 profari?
2716 4652 2859 4706 Sane
2882 4654 3009 4706 dum
3044 4652 3129 4705 ille
3157 4659 3398 4704 veterum

148 4769 219 4830 εἰς
248 4767 473 4837 μνήμην
509 4763 807 4826 καταστὰς,
838 4760 873 4815 ἃ
893 4760 1062 4813 πολλά
1082 4758 1232 4829 παρὰ
1254 4758 1362 4811 τῶν
1392 4756 1599 4824 ἀλόγων
1630 4772 1718 4808 νο-

152 4862 356 4915 μοθετεῖ
387 4858 647 4924 ζώων,δι⁹
671 4857 894 4910 ἐκείνων
928 4852 1377 4922 παιδαγωγοῦντα
1390 4851 1452 4903 τὸ
1479 4850 1715 4919 λογικόν·

250 5041 292 5073 ³⁸
315 5040 507 5095 Matth.
547 5054 601 5101 ι,
629 5035 719 5090 29.
841 5034 884 5065 ⁸⁷
924 5031 1173 5097 lCoer,
1200 5032 1256 5086 9.

1824 4756 2015 4824 legalia
2061 4760 2331 4823 pucea-pta
2362 4750 2416 4803 in
2460 4757 2695 4803 mentem
2747 4752 3049 4806 revocaret,
3080 4759 3200 4812 qua-
3233 4742 3401 4795 multa

1821 4848 1888 4903 de
1921 4848 2097 4901 brutis
2122 4843 2492 4900 animantibus
2521 4848 2787 4903 statuunt,
2822 4846 2880 4891 ut
2904 4852 2999 4907 per
3028 4852 3091 4889 ea
3128 4833 3399 4889 hominem

1368 5030 1413 5062 ³⁸
1447 5029 1639 5085 Matth.
1692 5045 1768 5092 vr,
1800 5030 1891 5085 28.

1696 5152 1905 5211 ΝΟΤᾹΞ
1917 5192 1933 5209 .

219 5252 329 5325 (61)
367 5251 565 5307 Noster
594 5250 895 5325 exscriptor
918 5249 1062 5325 hanc
1084 5246 1439 5325 quaestionem
1470 5246 1522 5299 in
1544 5247 1729 5325 codice

156 5317 237 5377 bis
255 5328 526 5385 exaravit;
558 5330 611 5374 et
639 5317 811 5388 primo
840 5320 1058 5385 quidem
1106 5317 1225 5371 loco
1256 5317 1526 5388 mutilam,
1559 5319 1728 5370 altero

159 5403 326 5447 autem
382 5385 651 5461 integram
692 5399 744 5443 et
776 5390 1080 5461 absolutam
1122 5389 1402 5461 ethihuit.
1436 5385 1609 5452 Hujus
1646 5388 1725 5461 rei

162 5466 316 5517 causa
373 5457 628 5522 fuitfuisi
659 5459 987 5527 conjecturis
1045 5458 1323 5524 indulgere
1354 5458 1436 5511 fas
1465 5468 1565 5512 est.
1588 5457 1725 5527 quia

162 5540 280 5585 tunc
302 5534 365 5586 ad
394 5548 585 5586 vocem
641 5526 791 5599 μέλει
823 5546 922 5600 pro
959 5528 1139 5600 μέλλει
1163 5528 1360 5600 oculos
1392 5526 1644 5600 advertit.
1673 5537 1728 5580 et

164 5618 401 5672 magnam
455 5597 720 5656 orationis
788 5597 993 5672 partem
1026 5598 1206 5672 verbis
1234 5597 1721 5672 istisinlcrjcctam

158 5668 376 5728 Omisit:
421 5672 614 5728 deinde
652 5668 797 5725 vero
826 5668 1210 5725 vocabulorum
1247 5668 1605 5723 similitudine
1633 5668 1726 5723 de-

1833 5260 2048 5321 ceptum
2114 5265 2170 5304 se
2225 5250 2500 5314 sentiens,
2558 5248 2797 5321 laborem
2843 5258 3000 5321 suum
3057 5237 3399 5321 instauravit,

1833 5309 2150 5389 addiditque
2180 5321 2318 5375 hanc
2346 5309 2658 5390 ἐπιγραφὴν
2716 5309 3357 5390 secundm_exscriptioni
3385 5327 3400 5361 :

1830 5392 1980 5458 Αὕτη
2008 5385 2389 5461 προγραφείσα
2436 5385 2591 5449 atate
2615 5385 2927 5461 ⁷γράφεται.
2965 5385 3072 5461 Ego
3100 5397 3247 5441 vero,
3277 5396 3343 5461 ne
3372 5395 3402 5432 a

1831 5452 2173 5527 Coislini'an'i,
2205 5452 2258 5518 et
2292 5452 2906 5516 Taurinensisncodicis
2941 5454 3131 5527 ordine
3183 5452 3407 5527 recede-

1833 5550 1969 5600 rem,
2002 5522 2172 5602 ipsam
2205 5534 2470 5602 integram
2508 5532 2620 5585 sedi
2665 5546 2775 5587 suae
2832 5524 3069 5589 restitui,
3123 5533 3283 5594 atque
3316 5522 3408 5574 hic

1830 5604 1883 5659 in
1914 5605 2087 5661 lucem
2114 5604 2375 5661 edendam
2404 5602 2611 5675 putavi.
