3888 6186
470 252 577 317 9.23

1616 240 1883 309 PHOTII
1924 247 2429 309 PATRIARCHE
2466 249 2574 310 CP.

3625 246 3732 311 224

467 368 719 424 erudiant
750 362 941 436 (veluti
978 378 1085 418 non
1136 362 1303 419 licere
1340 363 1414 430 ei,
1441 360 1535 433 qui
1572 362 1752 432 pullos
1786 363 1971 416 avium
2013 378 2043 418 e

2155 361 2255 417 οἷον
2269 364 2329 417 οὐ
2354 364 2435 418 δεῖ
2449 363 2697 427 νεοττοὺς
2713 362 2943 434 ὀρνίθων
2970 362 3073 431 τ’ἦς
3092 363 3309 426 νοσσιᾶς
3326 362 3729 433 ἀφαιρεύμενον

467 461 595 516 nido
640 456 949 522 abstulerit,
1003 465 1258 527 parentes
1308 455 1472 511 simul
1531 464 1715 511 tenere
1738 457 1815 524 ’9;
1867 471 1967 511 nec
1996 456 2052 510 in

473 541 609 605 lacte
637 550 828 603 matris
854 564 967 602 sua:
1006 564 1207 618 agnum
1238 563 1472 617 coquere
1488 548 1566 613 ";
1597 548 1729 611 imo,
1774 548 1819 601 si
1857 547 2049 617 placet.

470 658 569 696 nec
604 642 815 693 vineam
843 642 1012 694 altero
1051 642 1260 694 semine
1282 655 1461 695 serere
1476 640 1558 705 δίς
1608 655 1708 694 nec
1752 650 1955 694 vestem
1987 654 2054 692 ex

469 733 637 785 variis
673 741 981 785 contextam
1016 732 1157 786 liciis
1189 732 1339 785 indui
1367 733 1449 795 ⁸²;
1484 741 1539 786 et
1579 732 1731 801 plura
1770 731 1821 786 id
1857 747 2050 800 genus,

470 822 777 890 cujusmodi
807 831 889 875 est
914 832 967 876 et
997 823 1128 875 illud
1159 837 1174 874 :
1218 844 1237 873 ι
1272 820 1392 877 Non
1429 823 1682 892 alligabis
1719 837 1782 877 os
1813 822 1932 875 bovi
1959 822 2055 875 tri-

472 915 752 977 turanti“,
792 916 840 982 ι)
872 914 985 977 ille,
1035 914 1285 983 inquam,
1316 914 1400 967 vir
1430 914 1563 984 legis
1589 916 1798 978 doctor,
1830 929 1953 969 cum
2000 914 2053 966 in

472 1004 635 1071 hujus
674 1003 805 1072 legis
836 1005 1051 1057 abolita:
1084 1020 1183 1056 usu
1230 1013 1392 1056 natus
1423 1014 1593 1067 esset,
1627 1019 1693 1058 ac
1728 1004 1889 1058 vellet
1929 1003 2054 1058 inde

476 1095 911 1148 colmnationem
959 1094 1226 1159 exordiri,
1271 1095 1416 1161 quod
1448 1110 1663 1165 nempe,
1704 1095 1796 1165 qui
1828 1096 1961 1149 alios
1984 1094 2052 1148 ad

478 1187 729 1241 virtutem
781 1186 991 1248 incitat,
1043 1186 1145 1240 liae
1194 1187 1343 1256 prius
1372 1187 1569 1241 debeat
1603 1187 1719 1256 ipse
1752 1187 1975 1256 pollere,
2002 1196 2057 1241 et

476 1279 556 1330 sic
585 1277 780 1331 deinde
822 1278 1102 1332 auditores
1130 1277 1195 1331 ad
1240 1278 1596 1333 imitationem
1647 1279 1905 1345 allicere;
1945 1280 2055 1333 imo

471 1368 657 1429 etiam,
716 1369 859 1436 quod
905 1378 1156 1437 oporteat
1205 1370 1514 1424 laborantes
1576 1370 1756 1425 debita
1808 1371 2055 1425 mercede

471 1475 580 1514 non
650 1459 891 1514 fraudari
929 1478 942 1514 :
988 1461 1105 1515 haec
1160 1477 1224 1515 ex
1282 1462 1486 1532 Moysis
1535 1478 1754 1532 quoque
1783 1463 1899 1531 lege
1938 1463 2054 1530 ipse

473 1567 773 1621 personans
805 1554 1049 1608 subdidit
1082 1573 1095 1608 :
1133 1574 1152 1607 ι
1202 1554 1320 1608 Non
1368 1541 1620 1624 alligabis
1648 1571 1710 1609 os
1736 1556 1861 1609 bovi
1894 1556 2054 1610 tritu-

472 1646 636 1701 ranti.
674 1664 692 1697 ι
727 1645 929 1699 Deinde
952 1663 1017 1701 ne
1044 1647 1167 1716 quis
1190 1648 1392 1701 diceret
1417 1668 1430 1703 :
1460 1647 1602 1714 Quid
1637 1650 1835 1703 bovum
1872 1665 2047 1719 genus

472 1739 538 1792 ad
570 1739 850 1792 hominum
885 1740 1179 1792 naturam?
1225 1738 1462 1809 Subjicit
1495 1760 1508 1795 :
1544 1739 1663 1794 Non
1694 1742 1783 1797 hic
1819 1760 1837 1793 t
1870 1744 1936 1797 de
1961 1744 2053 1797 bo-

472 1828 572 1883 bus
608 1844 740 1883 cura
761 1839 845 1884 est
870 1829 997 1884 Deo.
1032 1849 1050 1881 ι
1103 1829 1236 1883 Nam
1284 1842 1505 1900 propter
1534 1848 1636 1886 nus
1664 1833 1779 1888 haec
1816 1834 1882 1888 de
1914 1834 2049 1903 ipsis

470 1921 645 1989 posita
681 1921 763 1975 lex
795 1933 913 1987 est;
955 1938 1062 1976 non
1109 1923 1253 1976 enim
1279 1924 1400 1992 ejus
1434 1925 1801 1995 promulgatio
1830 1926 2047 1979 illorum

471 2012 685 2067 utilitati
752 2013 983 2069 intendit
1039 2032 1213 2083 neque
1266 2016 1552 2070 brutorum
1601 2018 2049 2087 gubernationem

471 2103 649 2173 legum
678 2104 1042 2159 Mosaicarum
1068 2107 1338 2161 institutio
1375 2108 1476 2161 sibi
1508 2123 1605 2177 pro
1645 2124 1814 2178 scopo
1848 2123 2049 2177 propo-

471 2196 579 2249 suit
605 2212 619 2248 :
649 2196 743 2249 sed
776 2212 897 2266 qua:
932 2198 1078 2252 circa
1108 2198 1212 2251 alia
1245 2208 1533 2253 versantur
1575 2200 1896 2265 animantia,
1936 2200 2052 2254 inec

469 2286 643 2338 nostri
664 2287 839 2353 gratia
866 2290 1071 2339 sancita
1103 2298 1250 2340 sunt.

541 2377 654 2431 Deo
691 2380 876 2449 itaque
908 2393 1055 2432 cura:
1087 2388 1218 2433 sunt
1258 2379 1443 2445 boves,
1477 2388 1537 2434 ut
1560 2389 1613 2434 et
1642 2380 1762 2435 alia:
1788 2390 2053 2437 creatura:

470 2484 581 2523 non
610 2468 746 2523 adeo
769 2485 897 2524 vero
923 2478 981 2523 ut
1008 2486 1105 2540 pro
1135 2471 1241 2524 illis
1277 2472 1419 2541 leges
1466 2486 1708 2541 quoque,
1738 2482 1792 2526 et
1825 2473 2050 2543 regimi-

472 2561 557 2615 nis
586 2559 812 2623 fortnas,
853 2563 1152 2614 secundum
1196 2578 1332 2630 quas
1363 2563 1625 2627 viverent,
1675 2563 1965 2629 conderet;
1996 2573 2053 2619 at

472 2654 672 2722 potius,
699 2654 743 2707 si
768 2652 911 2723 quod
936 2653 1001 2708 de
1021 2654 1128 2708 illis
1152 2655 1354 2723 prodiit
1384 2663 1675 2720 statutum,
1733 2656 1785 2710 id
1820 2672 1919 2726 pro
1946 2658 2051 2711 liu-

472 2758 633 2798 mana
684 2745 937 2809 utilitate,
991 2753 1046 2798 et
1096 2744 1384 2813 disciplina
1439 2731 1655 2799 meruit
1692 2747 2047 2818 promulgari.

470 2837 648 2905 Atque
668 2836 719 2890 id
752 2836 921 2905 magis
958 2838 1240 2908 magisque
1265 2853 1330 2891 ex
1358 2838 1569 2893 caeteris
1600 2840 1809 2909 pariter
1836 2841 2051 2910 perspi-

471 2929 615 2982 citur
654 2928 1048 2993 animantibus,
1076 2928 1143 2983 de
1175 2929 1375 2999 quibus
1403 2932 1551 2985 nulla
1587 2931 1765 3003 legum
1792 2934 1925 2991 latio
1953 2948 2052 3002 po-

2156 457 2395 518 καὶτοὺς
2444 457 2838 525 γεγεννηκότας
2878 455 3177 526 λαμϐάνειν
3201 472 3214 486 ’
3259 455 3368 508 οὐδ’
3408 454 3560 523 ἕψειν
3593 456 3733 525 ἄρνα

2155 550 2213 602 έν
2240 548 2472 617 γάλακτι
2506 548 2710 620 μητρὸς
2762 546 2950 613 αὑτοῦ,
2983 550 3029 600 εί
3056 547 3233 617 βούλει
3273 547 3352 612 δὲ,
3383 545 3519 617 μηδὲ
3546 546 3735 614 διαφὸο

2159 656 2271 711 ροις
2336 640 2612 708 σπέρμασι
2666 638 2757 690 τὸν
2803 636 3098 708 ἀμπελῶνα
3152 636 3545 705 κατασπείρειν
3576 652 3593 668 υ
3622 634 3732 687 οὐδ’

2159 733 2373 801 ἱμάτιον
2400 732 2673 801 διαφόρων
2706 731 2770 783 ὲκ
2827 729 3086 801 νημάτων
3137 728 3448 798 ὑφασμένον
3482 726 3728 796 περιδύε-

2158 824 2312 876 σθαι·
2334 823 2429 875 καὶ
2460 822 2627 874 πολλὰ
2656 821 2904 881 τοιαῦτα,
2924 813 2998 873 ὧν
3022 822 3136 872 ἐστι
3165 821 3260 871 καὶ
3283 818 3362 871 τό·
3391 836 3411 869 ι
3448 819 3525 872 Οὐ
3550 816 3729 886 φιμώο

2158 931 2269 977 σεις
2294 914 2420 982 βοῦν
2468 911 2729 966 ἀλοῶντα.
2758 930 2777 963 ι
2823 911 2912 963 Ἐν
2941 910 3099 979 χρείᾳ
3130 908 3309 961 τοίνυν
3360 910 3387 962 ὁ
3417 906 3733 977 νομομαθὴς

2155 1008 2382 1069 ἐκεῖνος,
2414 1003 2704 1074 ἅνθρωπος
2751 1003 2846 1056 τοῦ
2902 1004 3141 1072 πάρετος
3162 1002 3273 1071 (62)
3304 999 3539 1069 νομίμου
3573 1013 3732 1066 γεγο-

2155 1097 2283 1161 νὼς,
2312 1096 2565 1150 κάκεῖθεν
2593 1095 2835 1164 ὑφαίνων
2855 1095 2952 1165 τὴν
2970 1094 3315 1165 παραίνεσιν,
3336 1090 3410 1153 ὠς
3437 1090 3520 1143 δεῖ
3532 1089 3625 1142 τὸν
3652 1088 3732 1151 είς

2156 1188 2356 1260 ἀρετὴν
2386 1189 2606 1257 ἑτέρους
2649 1186 3118 1256 προτρεπόμενον,
3172 1184 3334 1237 αὐτὸν
3360 1182 3565 1252 ταύτης
3592 1181 3730 1233 ἀπο-

2156 1282 2341 1335 λαύειν
2375 1282 2660 1351 πρότερον,
2715 1275 2815 1332 εἷθ’
2865 1277 3041 1341 οὓτως
3085 1277 3178 1330 ἐπὶ
3210 1276 3311 1347 τὴν
3348 1276 3583 1345 μίμησιν
3604 1273 3734 1335 τοὺς

2156 1376 2431 1446 ἀκροατάς
2462 1370 2797 1443 παρακαλεῖν
2822 1386 2837 1401 ·
2862 1370 2917 1441 ἢ,
2947 1371 2995 1422 εί
3028 1367 3227 1439 βούλει,
3264 1367 3391 1429 τοὺς
3420 1365 3734 1426 κοπιῶντας

2155 1468 2255 1536 τῆς
2279 1467 2385 1520 ἀπὸ
2428 1466 2537 1519 τῶν
2596 1464 2771 1518 πόνων
2830 1459 3187 1535 παραμυθίας
3228 1460 3303 1531 μὴ
3342 1456 3728 1529 ὑστερεῖσθαιο

2154 1558 2330 1611 ταῦτα
2355 1557 2450 1610 καὶ
2471 1556 2558 1609 διὰ
2586 1556 2683 1626 τῆς
2707 1552 3008 1621 Μωσαῖκῆς
3027 1550 3349 1621 νομοθεσίας
3389 1547 3730 1618 συγκροτῶν,

2156 1648 2483 1719 ὲπήγαγεν·ι
2515 1644 2590 1697 Οὐ
2615 1643 2882 1714 φιμώσεις
2915 1641 3041 1711 βοῦν
3054 1639 3314 1693 ἀλοῶντα.
3340 1657 3359 1689 ι
3385 1633 3517 1690 Εἶτα
3543 1638 3635 1689 ῖνα
3658 1637 3733 1705 μή

2085 1704 2124 1759 Β
2151 1704 2409 1810 τιςέετὲῃ
2447 1755 2461 1768 ⁸
2511 1740 2569 1791 Ἡ
2596 1704 2647 1790 τί
2673 1704 2809 1807 πρὸς
2840 1704 3141 1805 ἀνθρώπων
3172 1732 3334 1800 φύσιν
3361 1730 3422 1782 τὸ
3452 1729 3561 1781 τῶν

2152 1836 2336 1904 γένος;
2361 1852 2379 1885 ι
2408 1831 2483 1884 Οὐ
2500 1830 2605 1882 τῶν
2630 1828 2990 1898 βοῶν,φησ“ιν,
3022 1823 3254 1877 ἐνταῦθα
3288 1821 3437 1892 μέλει
3461 1818 3729 1890 τῷΘεῷ.ι

2151 1926 2227 1979 Δι’
2260 1925 2408 1995 ἡμᾶς
2438 1922 2547 1992 γὰρ
2580 1924 2608 1975 ὁ
2638 1921 2721 1974 ἐπ’
2757 1921 2941 1982 αὐτοῖς
2969 1917 3131 1986 ἐτέθη
3162 1916 3325 1986 νόμος
3351 1931 3365 1944 ·
3393 1916 3453 1967 οὗ
3481 1914 3587 1983 γάρ
3616 1913 3734 1981 ἔχει

2152 2016 2573 2088 προηγουμένην
2592 2014 2691 2082 τὴν
2720 2010 2869 2064 θέσιν
2906 2008 2991 2062 ἐπ’
3038 2006 3260 2060 ἐκείνων
3285 2022 3299 2036 ·
3332 2004 3452 2058 οὐδὲ
3480 2005 3578 2074 τῆς
3618 2002 3734 2055 τῶν

2151 2108 2360 2176 ἀλόγων
2383 2106 2656 2167 πολιτείας
2685 2104 2719 2175 ἡ
2749 2101 3019 2172 Μωσαῖκὴ
3045 2097 3337 2171 νομοθεσία
3368 2095 3732 2165 στοχάζεται·

2150 2200 2265 2256 ἀλλ’
2299 2200 2440 2270 άπερ
2471 2198 2680 2270 ἑτέροις
2736 2195 3028 2267 περιετέθη
3080 2190 3422 2265 προσώποις,
3453 2187 3633 2242 ταῦτα
3662 2185 3733 2240 δι’

2149 2296 2299 2366 ἡμᾶς
2327 2293 2550 2365 ἐρρέθη·

2222 2389 2389 2442 Μέλει
2422 2387 2520 2457 μὲν
2550 2386 2660 2457 γάρ
2689 2383 2797 2438 τῶν
2828 2381 2968 2453 βοῶν
3005 2378 3083 2449 τῷ
3112 2378 3254 2450 Θεῷ,
3287 2376 3475 2447 ὥσπερ
3503 2374 3598 2428 καὶ
3616 2372 3736 2425 τῶν

2152 2481 2326 2535 ἄλλων
2375 2478 2692 2548 κτισμάτων
2711 2491 2726 2506 ⁸
2783 2474 2922 2527 ἀλλὰ
2952 2472 3053 2542 οὐχ
3079 2470 3221 2524 ὥστε
3266 2469 3394 2540 περὶ⁵
3423 2466 3601 2520 αὐτῶν
3636 2464 3736 2517 καὶ

2151 2574 2348 2642 νόμους
2381 2569 2708 2633 ἐκτίθεσθαι,
2733 2568 2828 2622 καὶ
2864 2569 2966 2637 τῆς
3011 2562 3285 2625 πολιτείας
3331 2560 3553 2623 τύπους,
3598 2556 3734 2611 καθ’

2151 2666 2244 2729 οὓς
2274 2682 2339 2734 γε
2368 2662 2654 2734 βιώσονται
2674 2677 2689 2692 ο
2723 2658 2862 2714 ἀλλά
2897 2657 2996 2712 καὶ
3035 2650 3111 2711 ὧν
3164 2652 3399 2725 προῆλθε
3428 2651 3734 2718 διάταγμα,

2152 2758 2239 2811 διά
2288 2757 2384 2828 τὴν
2407 2755 2516 2808 τῶν
2539 2751 2842 2825 ἀνθρώπων
2871 2750 3060 2822 χρείαν
3102 2747 3199 2801 καὶ
3226 2743 3595 2812 παιδαγωγίαν
3629 2740 3735 2810 τὴν

2150 2848 2409 2917 εἰσφοράν
2443 2842 2782 2899 οἱκειώσατο.
2812 2841 2924 2895 Καὶ
2945 2837 3104 2892 τοῦτο
3134 2834 3366 2906 φανερὸν
3392 2832 3546 2885 οὐδὲν
3569 2830 3736 2917 ἐλατ-

2151 2958 2243 2995 τον
2286 2940 2380 2992 καὶ
2430 2941 2496 2991 ὲκ
2554 2936 2662 2989 τῶν
2692 2936 2868 2990 ἀλλων
2921 2930 3076 2997 ζώων
3119 2928 3467 2989 καθίσταται,
3500 2923 3635 2993 περὶ
3655 2914 3735 2976 ὧν

471 3026 580 3073 test
605 3019 872 3073 exhiberi.
900 3020 1161 3086 Quaenam
1195 3022 1451 3075 nimirum
1487 3025 1553 3077 de
1602 3024 1869 3089 leonibus,
1903 3040 2049 3093 quae-

2155 3033 2380 3102 οὺδεμία
2405 3031 2582 3101 νόμων
2607 3026 2835 3097 εἰσφορά
2862 3025 3245 3078 διαδείκνυται.
3277 3020 3433 3078 Ποῖος
3457 3017 3565 3087 γὰρ
3593 3012 3735 3085 περὶ

471 3125 596 3164 nam
627 3111 695 3165 de
748 3112 1150 3181 clephantibus,
1202 3122 1297 3167 aut
1328 3114 1396 3168 de
1446 3115 1822 3182 unicornibns,
1862 3128 1954 3170 aut
1987 3117 2055 3170 de

471 3201 820 3264 draconibus,
873 3210 968 3255 aut
1015 3202 1082 3257 de
1147 3203 1451 3258 innumeris
1516 3205 1638 3259 aliis
1686 3207 2077 3269 animantium,

472 3290 784 3360 generibus,
816 3307 1047 3361 quorum
1071 3293 1317 3361 quaedam
1342 3294 1693 3349 mansuefieri
1725 3308 2049 3363 cernuntur,

471 3392 662 3436 caetera
696 3398 824 3436 vero
862 3383 1142 3437 hominum
1174 3383 1607 3440 familiaritatem
1649 3398 1704 3441 ct
1761 3390 2053 3443 centuber-

473 3476 623 3528 nium
654 3490 875 3543 prorsus
925 3476 1217 3544 refugiunt,
1273 3477 1493 3531 inducta
1522 3478 1607 3532 lex
1644 3480 1765 3534 est?
1790 3481 1902 3535 Hoc
1930 3498 2055 3551 pro—

474 3565 614 3621 fecto
638 3582 760 3620 cum
794 3567 985 3621 beatus
1031 3568 1142 3631 ille,
1172 3579 1226 3622 et
1248 3568 1464 3623 divinus
1510 3572 1610 3635 vir,
1645 3573 1858 3638 melius,
1886 3592 2051 3646 quam

472 3658 651 3727 quivis
698 3657 859 3721 alius,
891 3659 1239 3728 comperiret,
1284 3670 1469 3729 utpote
1522 3662 1656 3732 legis
1702 3664 1915 3732 doctor,
1952 3669 2053 3726 Ec-

470 3749 651 3803 clesia:
680 3752 828 3813 tuba,
857 3758 911 3803 et
948 3766 1099 3804 mens
1122 3752 1396 3819 sublimis,
1433 3763 1544 3807 tum
1587 3772 1768 3810 rerum
1795 3762 2041 3816 omnium

473 3840 866 3909 providentiam
920 3842 973 3895 in
1033 3845 1217 3899 multis
1275 3846 1520 3914 epis‘tolis
1574 3847 1884 3918 frequenter
1944 3852 2051 3910 Deo

472 3933 873 3987 attribuendam
929 3936 1204 4003 praedicat,
1257 3948 1368 3992 tum
1415 3940 1574 3993 docet
1626 3944 1744 3998 illas
1772 3944 1838 3999 de
1878 3946 2051 4002 brutis

471 4024 639 4094 leges,
666 4040 804 4095 quas
859 4026 1094 4083 Mosaica
1129 4029 1306 4084 littera
1354 4032 1596 4099 adhibet,
1655 4050 1761 4089 non
1805 4039 2048 4107 ipsorum

472 4115 688 4170 vivendi
741 4133 988 4172 normam
1036 4120 1285 4186 delinire,
1348 4138 1527 4192 neque
1588 4127 1726 4181 adeo
1759 4128 1918 4183 bruta
1953 4133 2046 4187 Dei

473 4207 756 4270 interesse,
791 4218 852 4263 ut
872 4214 1033 4264 etiam
1058 4211 1183 4279 jura
1218 4214 1286 4267 ad
1324 4213 1563 4283 ipsorum
1603 4218 2047 4287 gubernationem

473 4303 775 4368 spectantia
844 4304 1243 4366 conscriberet;
1302 4313 1356 4358 at
1417 4309 1599 4375 potius
1657 4310 1770 4365 haec
1830 4313 1897 4366 ad
1960 4315 2047 4367 in-

2156 3125 2383 3178 λεόντων
2411 3140 2426 3189 ;
2483 3123 2566 3185 τίς
2609 3121 2664 3173 δὲ
2697 3120 2825 3189 περὶ
2854 3116 3181 3185 ἐλεφάντων,
3211 3114 3245 3182 ἦ
3316 3103 3732 3181 μονοκερώτων,

2155 3218 2517 3291 ἦδρακόντων
2558 3214 2720 3283 νόμος
2770 3211 3165 3281 εἰσενήνεκται,
3212 3206 3243 3276 ἢ
3293 3204 3501 3275 μυρίων
3547 3200 3732 3253 ἀλλων

2154 3309 2350 3379 γενῶν.
2384 3306 2459 3365 ὧν
2480 3309 2547 3361 τά
2576 3307 2675 3378 μὲν
2708 3307 2897 3375 ὁρᾶται
2956 3302 3217 3374 χειροήθη
3270 3298 3554 3367 γινόμενα,
3573 3292 3649 3344 τὰ
3677 3291 3733 3343 δὲ

2155 3401 2432 3464 παντελῶς
2462 3399 2557 3469 τὴν
2582 3397 2719 3469 πρὸς
2737 3396 3041 3468 ἀνθρώπων
3080 3390 3316 3461 ὁμιλίαν,
3345 3386 3439 3441 καὶ
3462 3387 3524 3438 τὸ
3549 3385 3729 3453 ὁμορ-

2155 3496 2340 3565 ῥόφιον
2365 3491 2799 3560 ἀποστρέφεταις
2861 3486 3034 3540 Τοῦτο
3081 3484 3211 3553 γοῦν
3258 3482 3353 3534 καὶ
3391 3481 3419 3531 ὁ
3452 3476 3731 3565 μακάριος

2153 3560 2353 3648 έκεῖνος
2409 3585 2501 3638 καὶ
2556 3584 2697 3645 θεῖος
2757 3580 3065 3651 ἄνθρωπος,
3105 3576 3263 3644 εἴπερ
3300 3589 3384 3634 τις
3423 3568 3606 3631 ἄλλος,
3638 3560 3732 3618 οἷα

2150 3677 2216 3748 δὴ
2257 3677 2491 3746 μάλιστα
2519 3675 2612 3728 καὶ
2636 3670 2972 3744 νομομαθὴς,
3017 3666 3198 3731 εἰδὼς,
3227 3664 3327 3732 τῆς
3393 3658 3732 3728 Ἐκκλησίας

2153 3766 2461 3839 ἡσάλπιγξ.
2514 3767 2542 3819 ὁ
2590 3763 2715 3827 νοῦς
2761 3764 2789 3815 ὁ
2846 3760 3162 3831 μετάρσιος,
3204 3757 3298 3809 καὶ
3334 3753 3431 3823 τὴν
3464 3750 3729 3821 πρόνοιαν

2151 3860 2485 3931 ἀνηρτῆσθαι
2516 3856 2734 3911 πάντων
2761 3851 3052 3922 πολλαχοῦ,
3103 3850 3197 3903 καὶ
3229 3846 3488 3906 πολλάκις
3514 3842 3731 3931 ἀνακη-

2155 3922 2504 4020 ρύττειτΘεῷ,
2544 3947 2639 3999 καὶ
2689 3946 2813 4007 τοὺς
2842 3945 2973 4013 περὶ
2999 3940 3108 3993 τῶν
3150 3938 3358 4005 ἀλόγων
3388 3934 3615 4002 νόμους,
3646 3922 3727 3991 οἷς

2150 4041 2420 4111 ἐχρήσατο
2446 4040 2506 4092 τὸ
2522 4039 2758 4109 γράμμα
2806 4034 2869 4088 τὸ
2898 4030 3212 4095 Μωσαῖκὸν,
3248 4029 3307 4081 οὑ
3341 4024 3429 4080 διὰ
3455 4025 3548 4077 τὸν
3582 4020 3730 4075 ὲκείο

2151 4152 2256 4187 νων
2288 4134 2400 4204 βίον
2438 4131 2794 4199 θεσπισθῆναι
2849 4124 3277 4199 προηγουμένως
3323 4117 3724 4187 ἀποφαίνεται⁹

2150 4224 2269 4278 οὐδὲ
2296 4221 2550 4277 τοσοῦτον
2608 4219 2790 4274 αὐτῶν
2840 4217 3055 4289 μέλλειν
3113 4213 3191 4284 τῷ
3249 4209 3389 4279 Θεῷ,
3444 4208 3588 4260 ὥστε
3631 4204 3726 4257 καὶ

2151 4316 2385 4386 θεσμοὺς
2434 4315 2516 4377 είς
2564 4312 2662 4383 τὴν
2711 4309 2934 4363 ἐκείνων
2976 4304 3251 4361 πολιτείαν
3280 4297 3727 4370 ἀναφερομένους

472 4390 662 4446 docilis
712 4391 922 4448 Judaici
957 4397 1138 4464 populi
1193 4397 1520 4464 doctrinam,
1568 4403 1919 4471 regimenque
1960 4421 2046 4461 sa-

2155 4405 2597 4479 ἀναγράφεσθαι⁹
2652 4402 2765 4456 ἀλλ’
2823 4402 2915 4454 ἐπὶ
2972 4397 3341 4465 παιδαγωγίᾳ.
3397 4393 3494 4446 καὶ
3559 4404 3726 4459 νομο-

471 4484 813 4552 pientissimo
861 4496 915 4541 et
955 4490 1172 4543 occulto
1205 4490 1436 4545 consilio
1480 4493 1720 4562 prolata,
1759 4504 1813 4550 et
1855 4497 2044 4554 litteris

470 4572 673 4627 credita
696 4574 865 4631 fuisse
891 4578 1076 4633 tradit.

538 4775 691 4830 Patet
717 4775 919 4847 itaque,
950 4777 1093 4845 quod
1140 4791 1250 4831 non
1295 4777 1456 4832 modo
1504 4779 1827 4846 prmdicator
1877 4783 2046 4837 docu-

470 4868 667 4922 mentis
691 4869 932 4938 magistri
990 4869 1043 4922 in
1094 4869 1242 4922 nulla
1306 4885 1545 4938 unquam
1594 4886 1651 4924 re
1689 4871 2044 4941 adversetur;

2152 4501 2305 4570 θεσίᾳ
2333 4498 2427 4552 τοῦ
2452 4496 2724 4568 δυσηνίου,
2753 4494 2845 4547 καὶ⁵
2884 4489 3175 4545 Ἰουδαῖκοῦ
3224 4488 3431 4548 ἔθνους,
3478 4483 3577 4536 καί
3627 4486 3725 4553 ρη-

2149 4594 2329 4663 θῆναι,
2386 4592 2479 4645 καὶ
2535 4588 2920 4657 ἀναγραφῆναι
2970 4582 3275 4652 σοφωτάτῃ,
3317 4578 3415 4633 καὶ⁸
3455 4591 3725 4631 συνεπτυ-

2145 4686 2323 4756 γμένῃ
2355 4683 2532 4754 κρίσει
2558 4681 2915 4752 παραδίδωσι.

2218 4776 2385 4845 Δῆλον
2428 4771 2542 4840 οὖν,
2594 4773 2669 4836 ὡς
2692 4772 2753 4825 οὐ
2780 4772 2938 4841 μόνον
2992 4768 3143 4822 οὐδὲν
3188 4764 3442 4835 οὐδαμῶς
3468 4764 3496 4815 ὁ
3536 4760 3722 4832 κῆρυξ

2146 4867 2569 4937 ἀντιφθέγγεται
2598 4864 2734 4935 πρὸς
2766 4864 2835 4916 τά
2864 4860 3186 4914 διδασκάλου
3224 4857 3557 4926 διδάγματα·
3583 4853 3723 4907 ἀλλὰ

470 4974 655 5014 verum
682 4959 845 5013 etiam
883 4975 945 5013 ea
989 4958 1313 5014 documenta
1346 4963 1761 5015 conﬁrmatione
1794 4966 2045 5018 munian-

2155 4962 2238 5014 καὶ
2262 4959 2546 5030 βεϐαίωσις
2569 4957 2750 5010 αὐτῶν
2780 4954 3128 5015 καθίσταται,
3166 4952 3404 5022 μάλιστα
3426 4951 3484 5002 ἐν
3506 4949 3585 5019 τῷ
3604 4948 3723 5000 δια-

471 5060 579 5114 tut‘,
614 5051 884 5121 praecipue
913 5051 1042 5105 dum
1074 5051 1302 5108 diversis
1334 5068 1515 5107 rerum
1545 5058 1883 5122 argumentis
1911 5074 2042 5113 usus

2155 5054 2295 5124 ρὸρῳ
2320 5053 2428 5106 τῶν
2468 5051 2777 5104 ὑποθέσεων
2807 5048 2903 5101 καὶ
2922 5050 3023 5118 τὴν
3049 5046 3314 5115 διαφορὰν
3337 5043 3437 5111 τῆς
3466 5043 3723 5112 χρήσεως

466 5144 1241 5201 diversitatemconvenienter
1270 5148 1667 5211 accommodat,
1686 5149 1809 5201 etin
1843 5153 2039 5219 quovis

2155 5146 2490 5217 ιαταλλήλως
2536 5142 2913 5214 διορθούμενος
2950 5182 2965 5206 ,
3025 5142 3118 5192 καὶ
3168 5142 3341 5223 φυλάς

2144 5240 2303 5311 χρείᾳ
2333 5240 2393 5291 τὸ
2420 5238 2521 5308 τῆς
2571 5236 2804 5307 θεωρίας
2823 5234 3240 5305 διακεκριμένον
3263 5229 3589 5299 ἀσὺγχυτον,
3624 5228 3723 5279 καὶ

468 5252 568 5291 usu
607 5237 883 5293 doctrinas
912 5239 1054 5293 inter
1088 5254 1145 5292 se
1173 5238 1457 5294 distinctas
1486 5239 1708 5293 minime
1729 5241 2035 5309 confundit;

466 5326 775 5398 prtebetque
804 5342 865 5384 se
896 5329 1001 5398 piis
1030 5329 1163 5383 viris
1200 5342 1471 5393 normam,
1512 5344 1623 5397 quo
1652 5339 1809 5398 pacto
1844 5332 2042 5387 debeat

576 5446 622 5479 ³⁹
652 5444 809 5501 Deut.
864 5461 998 5511 xxn,
1039 5443 1093 5499 6.

465 5516 564 5573 vit.
603 5533 717 5582 χιιι,
754 5516 850 5581 t9;
876 5517 1035 5570 Deut.
1076 5512 1292 5582 xxv,«l;
1335 5514 1354 5567 ι
1391 5516 1516 5569 Cor.
1548 5532 1623 5577 ix,
1653 5517 1703 5568 9.

1200 5442 1250 5516 δή
1285 5442 1454 5516 Exod.
1488 5460 1669 5503 xxxiv,
1700 5444 1801 5513 25;
1838 5446 1991 5503 Deut.
2025 5464 2137 5516 xw,
2163 5448 2255 5503 2i.

3025 5140 3118 5192 atati.
3168 5138 3454 5207 φυλάττων
3511 5136 3721 5205 ἑκάστῃ

2152 5334 2312 5403 νόμον
2330 5334 2442 5395 τοῖς
2469 5328 2749 5383 εὐσεϐέσιν
2770 5327 2963 5380 ἑαυτὸν
2989 5324 3287 5397 προτιθεὶς,
3312 5323 3459 5383 ὅπως
3474 5319 3583 5392 χρὴ
3606 5317 3723 5371 τῶν

2366 5447 2410 5477 δι
2445 5445 2602 5499 Deut.
2641 5459 2776 5510 χχιι,
2801 5443 2856 5497 9.
2952 5441 2996 5473 ⁸¹
3034 5441 3193 5495 Deut.
3227 5435 3455 5503 xxn,ll.
3533 5434 3581 5468 “
3611 5432 3721 5490 Le-

1986 5609 2219 5664 NOTJE.

534 5703 646 5774 (ὺὲ)
679 5704 752 5758 Τὸ
786 5704 1023 5777 παρέ-.ου
1089 5702 1274 5763 sumce
1327 5704 1404 5776 τῷ
1433 5706 1684 5777 πάρετος,
1730 5711 1823 5759 aut
1865 5702 2041 5759 scribe

2155 5705 2210 5774 ,ρ’
2243 5702 2414 5767 ἔθνος,
2452 5700 2574 5771 legis
2610 5701 2662 5753 in
2693 5706 2839 5770 gente
2866 5714 2962 5754 sua
2996 5697 3234 5770 vigentis.
