3888 6186
225 277 333 343 225

1178 284 1274 344 AD
1311 283 1902 358 AMPHILOCHIUM
1935 287 2281 360 ΟυίΕδΤΙΟ
2317 294 2495 354 XXX.

3372 302 3480 365 226

227 396 387 466 ἱερῶν
438 395 596 468 ἡμῶν
639 393 850 463 Λογίων
909 397 1002 449 τὸν
1045 395 1170 450 νοῦν
1238 399 1572 468 ἀνιχνεύειν·
1610 401 1701 453 καὶ
1725 398 1783 470 τι]

1908 414 2188 457 sacrarum
2226 404 2548 460 Litterarqu
2585 419 2780 461 sensus
2841 405 3174 475 investigari,
3233 422 3336 463 nec
3385 425 3483 478 pro

224 488 497 560 προχείρῳ
551 485 661 540 τῶν
711 488 1011 558 ῥημάτων,
1059 490 1159 560 τῆς
1209 491 1452 558 διανοίας
1506 493 1798 562 ἀντιφθεγο

222 579 502 649 γομένης,
569 578 808 649 μάλιστα
857 579 934 652 μὴ
973 581 1118 636 κατὰ
1171 583 1234 636 τὸ
1289 585 1422 653 ῥᾷον
1482 585 1801 655 παρασύρε-

224 668 368 722 σθαι.

295 760 543 813 Ἔνεστιν
567 761 662 814 οὖν
695 761 1002 834 διδασκάλῳ
1034 764 1112 836 τῷ
1133 765 1299 837 κοινῷ
1335 767 1433 838 τῆς
1474 769 1800 840 Ἑκκλησίας

216 851 522 923 διδασκάλῳ
543 854 851 924 χρώμενον,
883 852 967 922 οἷς
995 858 1136 930 ἔρως
1168 860 1267 928 μὲν
1292 861 1614 932 ἡεύσέὄεια,
1637 862 1798 932 ἔργον

221 943 280 996 δὲ
342 944 533 1012 σοφίας
579 945 613 1015 ἠ
673 945 968 1018 διάκρισις,
1016 949 1172 1020 καὶὴ
1211 950 1417 1004 ἄνωθεν
1471 950 1580 1004 τῶν
1624 950 1798 1020 λόγων

219 1035 400 1105 χάρις,
426 1037 803 1104 ἐναυγάζουσα
844 1040 988 1094 κατὰ
1030 1039 1266 1111 μίμησιν
1294 1041 1386 1094 τοῦ
1419 1039 1796 1110 καθηγεμόνος

213 1128 594 1206 μεθοδεύοντα,
652 1130 1034 1203 φανερώτερον
1075 1132 1156 1186 ἔτι
1209 1133 1504 1197 δεικνύναι,
1536 1132 1613 1196 ώς
1645 1133 1796 1188 οὐδὲν

213 1221 490 1292 ἡτοιαύτη
531 1222 638 1276 τῶν
670 1223 932 1295 ῥημάτων
997 1229 1191 1298 χρῆσις
1232 1225 1355 1280 οὐτε
1384 1245 1437 1280 τι
1468 1227 1576 1280 τῶν
1633 1228 1800 1297 ἱερῶν

211 1311 368 1381 ἡμῶν
421 1312 706 1383 δογμάτων
760 1316 1198 1386 ὲπιλυμαίνεται,
1255 1317 1378 1372 οὐτε
1429 1320 1551 1373 τινὰ
1600 1320 1794 1390 μῶμον

210 1403 574 1475 ἐπιτρίεεται,
608 1403 746 1459 ἀλλά
781 1408 875 1461 καὶ
904 1408 1217 1462 τούναντίον
1247 1409 1393 1463 ἀπαν
1415 1411 1477 1464 τὸ
1502 1411 1793 1482 σύμφωνόν

205 1508 268 1544 τε
301 1495 396 1547 καὶ
427 1494 750 1566 ἀδιάϐλητον
805 1497 1224 1568 συνεργάζεται.
1257 1493 1383 1552 Οῒον
1415 1499 1792 1570 ἀσπλαγχνίας

209 1601 290 1646 τις
329 1586 425 1638 καὶ
469 1588 854 1658 ἀσυμπαθείας
887 1588 1166 1659 μεθέλκων
1199 1591 1400 1663 τινά,ἢ
1431 1592 1562 1662 πρὸς
1610 1592 1789 1662 ἀπλη-

211 1676 363 1732 στίαν
395 1678 627 1748 ῥέουσαν
667 1681 1032 1750 ἀναχαιτίξων
1079 1682 1326 1755 γνώμην,
1358 1684 1391 1754 ἦ
1423 1686 1545 1748 ταῖς
1577 1684 1790 1751 ίγνύσιν

209 1770 566 1841 ἀμφοτέραις,
598 1771 661 1825 τὸ
682 1772 976 1844 λεγόμενον
1007 1775 1137 1846 (65),
1169 1776 1596 1846 ὲπιχωλαίνοντα
1628 1777 1792 1848 ἀνορ-

207 1861 315 1915 θῶν
345 1879 428 1925 τε,
454 1863 548 1916 καὶ
589 1865 989 1937 ὑποστηρίζων,
1042 1869 1136 1922 καὶ
1183 1869 1319 1939 πρὸς
1358 1870 1457 1941 τὴν
1500 1872 1789 1941 σωτήριον,

203 1956 298 2020 καὶ
333 1958 666 2031 μονότροπον
707 1962 1029 2020 ἀπευθύνων
1069 1965 1278 2038 τρίϐον,
1323 1965 1528 2018 τούτων
1557 1966 1788 2021 ἕκαστον

203 2049 304 2118 τῆς
329 2048 527 2118 ἀλόγου
562 2053 739 2124 ῥοπῆς
770 2055 824 2108 εἴ
857 2073 941 2121 τις
975 2057 1166 2123 ἄλλαις
1197 2060 1296 2131 μὲν
1325 2061 1551 2126 πολλαῖς
1587 2079 1790 2133 παραι-

202 2138 418 2194 νέσεσιν
477 2144 762 2217 ἐπέχειρεν
816 2150 1156 2206 ἀνακτᾶσθαι
1189 2196 1204 2220 ,
1254 2153 1490 2227 συνείρει
1536 2155 1593 2208 δὲ
1647 2155 1788 2225 μάλα

203 2232 476 2304 εὐστόχως
512 2253 570 2290 τε
601 2240 698 2292 καὶ
749 2241 1075 2314 ἐπικαίρωςο
1099 2246 1160 2298 οὐ
1193 2246 1300 2318 γὰρ
1323 2247 1548 2318 ἔμαθες,
1580 2248 1789 2320 ἄνθρω-

206 2340 295 2388 πε,
316 2326 469 2397 παρά
488 2328 596 2381 τῶν
613 2331 927 2387 Μωσαϊκῶν
947 2336 1148 2406 νόμων,
1172 2339 1268 2391 καὶ
1286 2340 1786 2411 παραγγελμάτων,

199 2415 281 2496 ,μὴ
307 2415 467 2486 ἕψειν
497 2419 636 2492 ἄρνα
673 2425 729 2476 ὲν
751 2425 988 2493 γάλακτί
1010 2429 1216 2500 μητρὸς
1247 2431 1434 2496 αὐτοῦ,
1461 2431 1596 2502 μηδὲ
1628 2431 1787 2485 σπεί-

200 2523 318 2576 ρειν
339 2508 434 2561 τὸν
480 2511 797 2582 ἀμπελῶνα,
837 2519 972 2589 μηδὲ
1008 2521 1355 2592 περιϐόλαιον
1388 2524 1572 2596 σαυτῷ
1611 2526 1784 2577 ποιεῖ-

203 2599 350 2667 σθαι,
392 2603 486 2656 καὶ
517 2604 698 2674 βδέλον
731 2608 842 2680 (64)
882 2609 942 2676 ἐξ
964 2613 1298 2683 ἑτερογενῶν
1348 2615 1606 2686 νημάτων
1635 2617 1785 2688 ἐρίου

197 2709 256 2745 τε
307 2694 406 2748 καὶ
452 2695 598 2760 λίνου
636 2703 1083 2774 συνυφασμένονς
1113 2707 1182 2758 "ll
1210 2705 1273 2759 οὐ
1309 2708 1475 2761 πᾶσιν
1510 2707 1784 2778 ἐπίδηλον,

191 2785 268 2850 ,ὡς
296 2787 365 2840 τὰ
385 2787 734 2862 θεσπίσματα
761 2792 935 2848 ταῦτα
982 2794 1105 2849 οὔτε
1148 2796 1348 2866 ἀρνῶν,
1391 2798 1486 2852 καὶ
1527 2799 1782 2871 μητρῴου

198 2877 468 2943 γάλακτος
520 2882 940 2955 προηγουμένην
1005 2884 1120 2955 ἔχει
1148 2887 1248 2958 τὴν
1313 2887 1483 2941 θέσιν·
1523 2887 1638 2941 ἀλλ’
1665 2889 1784 2942 οὐδέ

198 2986 261 3037 γε
283 2973 415 3039 περὶ
446 2971 792 3041 ἀμπελῶνος,
821 2975 881 3028 οὐ
918 2976 1023 3047 μὴν
1053 2978 1172 3032 οὐδὲ
1205 2980 1335 3051 περὶ
1363 2979 1472 3033 τῶν
1500 2980 1784 3051 διαφόροις

206 3060 420 3130 νήμασι
459 3064 886 3136 συντεθειμένων
935 3068 1310 3138 ὐφασμάτωνς
1359 3069 1468 3124 Ποῦ
1497 3070 1606 3141 γὰρ
1654 3071 1781 3141 περὶ

199 3152 480 3222 νημάτων,
506 3153 539 3225 ἢ
561 3173 626 3208 πε
635 3155 692 3227 ρί
713 3157 1076 3227 ἀμπελώνων,
1106 3160 1356 3233 ἢάρνῶν,
1385 3163 1480 3217 καὶ
1509 3163 1780 3230 γάλακτος

197 3243 274 3313 τῷ
325 3243 450 3315 Θεῷ
495 3247 667 3316 μέλει,
698 3247 841 3302 ὥστε
896 3251 989 3303 καὶ
1046 3252 1233 3322 νόμοις
1293 3253 1620 3308 ὑποϐάλλειν
1678 3255 1777 3308 αὐ-

197 3334 286 3398 τὰ,
317 3337 414 3388 καὶ
448 3337 614 3408 μηδὲν
671 3341 854 3394 αὐτῶν
877 3342 976 3413 τὴν
1005 3342 1354 3417 ἀνθρωπίνην
1404 3347 1587 3417 φύσιν,
1614 3349 1682 3402 δι’
1713 3350 1779 3422 ἣν

197 3426 414 3480 ἅπαντα
475 3430 752 3502 προήχθη,
805 3433 1106 3505 διαφέρειν.

278 3519 440 3574 Ἀλλά
459 3521 639 3594 δῆλον,
662 3525 743 3578 ὅτι
771 3525 838 3578 δι’
867 3528 1014 3598 ἡμᾶς
1038 3527 1132 3581 καὶ
1150 3529 1461 3602 προύνοήθη
1482 3531 1581 3603 τὴν
1603 3531 1779 3602 ἀρχὴν

195 3613 262 3666 τὰ
287 3611 535 3679 τοιαῦτα,
608 3617 701 3669 καὶ
735 3617 1028 3688 γράμμασι
1064 3619 1397 3691 διετυπώθη.
1427 3622 1502 3674 Τὸ
1541 3622 1639 3692 μὲν
1668 3621 1778 3676 τῶν

194 3709 396 3778 ἀρνῶν,
431 3711 482 3762 εί
514 3710 693 3780 βούλει
717 3712 796 3778 δὲ,
832 3715 927 3767 καὶ
973 3714 1082 3766 τῶν
1121 3715 1439 3786 στρουθίων,
1477 3717 1554 3780 ώς
1587 3716 1654 3771 ἂν
1687 3717 1778 3770 ἐπὶ

193 3802 302 3855 τῶν
355 3802 570 3872 ἀλόγων
603 3805 663 3859 τὸ
695 3807 981 3876 συμπαθὲς
1039 3807 1133 3860 καὶ
1189 3807 1565 3882 εὐσπλαγχνον
1616 3809 1775 3863 παιδ-

193 3895 603 3966 αγωγηθέντες,
635 3896 814 3968 πολλῷ
850 3899 1051 3968 μᾶλλον
1081 3900 1175 3965 ἐπὶ
1203 3901 1310 3954 τῶν
1349 3901 1649 3972 ὁμογενῶν,
1684 3903 1777 3956 καὶ

192 3988 288 4059 τὴν
315 3989 494 4060 αὐτὴν
536 3991 810 4060 λαχόντων
860 3991 1022 4060 φύσιν
1057 3992 1117 4046 τὺ
1147 3993 1528 4064 φιλάνθρωπόν
1555 4011 1613 4048 τε
1635 4037 1650 4060 ,
1680 3995 1777 4048 καὶ

191 4083 282 4136 τὸν
310 4083 464 4136 ἔλεον
510 4075 659 4154 ὦμεν
703 4083 1151 4156 ὲπιδεδειγμὲνοι.
1180 4085 1255 4140 Τὸ
1283 4087 1339 4140 δὲ
1371 4086 1458 4140 ἵνα
1523 4089 1598 4158 μὴ
1640 4087 1776 4158 πρὸς

193 4175 501 4248 ἀπληστίαν
549 4178 842 4247 κεχηνότες
889 4179 960 4232 τά
1007 4197 1067 4232 τε
1100 4178 1234 4232 ἄλλα
1277 4179 1559 4250 δυστυχῶν
1601 4179 1777 4251 φερώ-

194 4269 352 4340 μεθαο
381 4267 597 4322 πολλῶν
629 4269 787 4342 γάρή
807 4271 1081 4340 ἀπληστία
1106 4270 1292 4324 κακῶν
1315 4271 1508 4334 αἴτιον,
1535 4273 1629 4325 καὶ
1650 4289 1774 4325 συν-

192 4364 476 4434 απορρείν,
514 4361 590 4425 ὡς
613 4363 836 4428 ἐπίπαν,
861 4362 1050 4415 εἴωθεν
1074 4364 1212 4434 αὐτῇ
1245 4364 1360 4428 καὶ,
1392 4363 1421 4416 ὃ
1449 4363 1674 4427 δικαίως
1707 4363 1774 4418 ἂν

1904 492 2061 547 obvia
2091 495 2379 549 verborum
2414 495 2652 561 notione,
2686 493 2773 548 ubi
2809 503 2953 550 recta
3003 497 3141 548 ratio
3194 508 3476 570 repugnat,

1905 583 1957 637 in
1987 600 2044 638 re
2076 587 2374 654 praesertim
2409 586 2552 640 facili
2577 587 2630 641 iu
2662 601 2905 642 errorem
2939 586 3156 641 abduci.

1971 760 2140 832 Igitur
2163 761 2441 817 doctorem
2463 764 2634 829 decet,
2667 763 2947 818 communi
2979 764 3236 818 Ecclesiae
3258 763 3483 818 doctore

1902 860 2165 919 utentem,
2204 854 2293 920 iis,
2337 854 2539 924 quibus
2579 855 2730 909 cordi
2779 863 2864 910 est
2926 855 3136 925 religio,
3205 854 3483 924 sapientiae

1899 953 2080 998 autem
2115 959 2255 1014 opus
2286 955 2370 1000 est
2401 946 2682 1012 discretio,
2711 946 3062 1015 coelestisque
3089 947 3479 1017 interpretandi

1899 1054 2184 1094 sermones
2210 1041 2406 1110 gratia,
2429 1057 2550 1110 qua:
2577 1041 2856 1094 hominem
2890 1055 2950 1095 se
2973 1047 3291 1109 sequentem
3320 1038 3480 1109 quasi

1898 1131 2008 1185 dux
2049 1129 2342 1196 illuminat,
2399 1133 2577 1186 adlmc
2609 1131 2932 1187 evidentius
2988 1131 3296 1194 ostendere,
3336 1129 3481 1195 quod

1897 1223 2022 1278 talis
2052 1239 2335 1279 sacrorqu
2381 1225 2731 1280 oraculorum
2793 1239 2928 1279 usus
2957 1238 3059 1278 nec
3099 1221 3320 1293 aliquod
3353 1238 3483 1278 san-

1896 1326 2110 1372 ctorum
2143 1318 2458 1389 dogmatum
2503 1327 2816 1373 nostrorum
2869 1317 3047 1384 laedat,
3091 1331 3189 1371 nec
3241 1315 3478 1385 aliquam

1899 1417 2084 1463 notam
2113 1418 2423 1476 mereatur;
2456 1409 2550 1465 sed
2583 1409 2849 1479 quidquid
2905 1409 3048 1464 inter
3106 1423 3166 1464 se
3213 1407 3478 1477 refragari

1895 1500 2130 1565 videtur,
2163 1515 2440 1556 eonsonas
2469 1501 2746 1568 veritates,
2799 1509 2855 1556 et
2906 1500 3041 1555 nulli
3104 1498 3479 1555 criminationi

1895 1592 2167 1648 obnoxias
2201 1593 2478 1648 conficiat.
2506 1593 2583 1648 Ita
2610 1608 2742 1647 sane
2787 1592 2832 1648 si
2867 1592 2992 1663 quis
3041 1593 3110 1646 ab
3161 1591 3480 1648 inhumani-

1896 1693 2006 1740 tate
2032 1693 2198 1755 atque
2226 1684 2575 1740 inclementia
2607 1684 2841 1740 alterum
2904 1692 3210 1748 revocaret,
3251 1692 3306 1739 et
3354 1698 3480 1754 pro-

1897 1794 2028 1832 num
2069 1778 2132 1831 ad
2165 1777 2479 1832 aviditatem
2505 1777 2746 1831 animum
2788 1789 3063 1838 coercere,
3101 1784 3197 1830 aut
3244 1783 3479 1844 utroque

1891 1870 2116 1940 poplite,
2152 1877 2210 1922 ut
2243 1868 2416 1934 aiunt,
2455 1869 2851 1924 claudicantem
2891 1868 3124 1938 erigere,
3158 1878 3212 1924 et
3241 1869 3477 1924 solidnre

1899 1961 2081 2024 vellet,
2113 1974 2355 2029 eumque
2386 1959 2440 2013 in
2484 1959 2778 2014 salutarem
2825 1967 3141 2028 vectamque
3167 1959 3309 2010 viam
3340 1959 3476 2012 diri-

1891 2068 2064 2124 gere:
2096 2052 2311 2122 siquis,
2375 2052 2620 2122 inquam,
2665 2064 3112 2120 unumquemque
3163 2050 3356 2104 horum
3405 2049 3475 2104 ah

1891 2142 2000 2197 illis
2029 2141 2227 2215 rationi
2257 2141 2504 2197 adversis
2551 2140 3012 2212 propensiouibus
3047 2139 3128 2195 vel
3159 2155 3252 2210 per
3289 2140 3476 2210 plures

1889 2234 2027 2289 alias
2108 2234 2519 2289 adhortationes
2573 2249 2766 2290 eruere
2821 2233 3252 2305 aggrederetur,
3311 2233 3475 2290 nimis

1889 2327 2143 2398 apposite
2171 2335 2589 2397 opportuneque
2617 2325 2950 2396 subiiceret:
2987 2341 3169 2380 nonne
3214 2324 3472 2389 didicisti.

1890 2433 1923 2472 ο
1950 2420 2135 2484 homo,
2169 2419 2237 2472 ab
2271 2417 2538 2473 institutis
2593 2418 2986 2488 przeceptisque
3025 2417 3298 2483 Mosaieis,
3325 2419 3471 2486 quod

1890 2527 1991 2566 nec
2014 2511 2067 2566 in
2106 2511 2245 2566 lacte
2274 2513 2466 2567 matris
2493 2527 2606 2566 sure
2630 2527 2830 2581 agnum
2861 2511 3045 2582 coqui,
3073 2527 3172 2568 nec
3203 2527 3386 2567 semen
3417 2513 3470 2566 in

1890 2603 2046 2656 vinea
2082 2603 2262 2673 spargi
2295 2603 2477 2669 liceat,
2510 2619 2608 2658 nec
2639 2603 3019 2658 indumentum
3049 2603 3146 2657 tibi
3193 2611 3289 2658 aut
3316 2603 3470 2674 poly-

1890 2696 2076 2749 mitarn
2108 2704 2312 2749 vestem
2339 2711 2405 2750 ex
2437 2695 2672 2750 diversis
2703 2695 2861 2763 lanae,
2895 2704 2950 2750 et
2977 2697 3072 2750 lini
3103 2696 3243 2750 lii-iis
3271 2696 3472 2752 debeas

1887 2787 2221 2842 contexere?
2254 2785 2442 2841 Nonne
2487 2787 2744 2842 omnibus
2785 2797 3122 2855 compertum
3176 2795 3281 2852 est,
3322 2787 3472 2857 quod

1889 2879 2267 2950 hujuscemodi
2296 2888 2625 2936 statutorum
2655 2878 3018 2951 promulgatio
3047 2894 3150 2934 nec
3165 2879 3350 2950 agnis,
3370 2893 3472 2933 nec

1889 2979 2141 3025 materno
2198 2970 2370 3032 lacti,
2431 2970 2542 3024 imo
2580 2984 2680 3024 nec
2740 2972 2934 3028 vinea},
2990 2985 3090 3024 nec
3145 2969 3470 3025 vestimento

1886 3062 2120 3117 diversis
2152 3062 2257 3117 litis
2283 3062 2557 3118 constanti
2613 3063 2949 3133 prospiciat?
3002 3061 3141 3116 Num
3193 3077 3259 3116 eo
3298 3077 3474 3132 usque

1885 3152 1998 3217 ﬁla,
2029 3162 2124 3207 aut
2150 3154 2340 3218 vineae,
2373 3162 2468 3208 aut
2487 3153 2634 3222 agni,
2661 3161 2715 3206 et
2746 3152 2831 3206 lac
2857 3150 2966 3206 Deo
3023 3159 3152 3206 sunt
3195 3166 3363 3213 curae.
3411 3160 3473 3204 ut

1887 3247 2098 3316 legibus
2141 3262 2364 3317 quoque
2404 3247 2508 3302 ista
2537 3245 2816 3316 subjiciat,
2853 3255 2906 3300 et
2942 3245 3197 3300 humanae
3243 3226 3470 3309 naturan

1886 3339 2048 3408 cujus
2076 3339 2250 3406 gratia
2291 3338 2474 3392 omnia
2501 3337 2768 3408 producta
2793 3345 2942 3401 sunt,
2977 3337 3038 3402 in
3080 3336 3226 3391 nulla
3272 3336 3468 3392 harum

1888 3447 2072 3486 rerum
2102 3431 2421 3502 provideat?

1961 3523 2123 3594 Atqui
2155 3531 2497 3592 perspectum
2521 3531 2624 3588 est,
2654 3522 2800 3592 quod
2843 3529 3065 3590 propter
3107 3535 3209 3578 nos
3253 3537 3316 3574 ea
3353 3520 3467 3590 jam

1893 3631 1962 3670 an
1992 3617 2148 3670 initio
2178 3618 2417 3685 provisa,
2437 3625 2491 3670 et
2514 3615 2706 3670 litteris
2727 3613 2984 3668 “mndata
3019 3613 3242 3670 fuerint.
3264 3613 3464 3668 Partim

1888 3707 2057 3776 (quod
2092 3707 2300 3761 scilicet
2330 3706 2395 3759 ad
2428 3720 2619 3775 agnos,
2652 3705 2764 3758 imo
2780 3712 2831 3758 et
2849 3704 2914 3758 ad
2946 3719 3194 3772 passeres
3228 3703 3464 3772 attinet).

1887 3809 1946 3855 ut
1975 3817 2076 3855 nos
2113 3801 2166 3854 in
2200 3799 2357 3855 bruta
2401 3799 2962 3862 commiserationem,
3017 3805 3072 3851 et
3119 3797 3463 3861 clementiam

1886 3893 2084 3958 edocti,
2106 3891 2278 3946 multo
2307 3892 2480 3964 magis
2508 3892 2587 3947 eis
2607 3891 2890 3961 quigenus
2919 3890 3059 3944 idem
3109 3888 3467 3958 eamdemque

1884 3986 2063 4040 sortiti
2098 3994 2229 4040 sunt
2257 3995 2534 4048 naturam,
2590 3984 2982 4039 humanitatem
3042 3990 3098 4036 et
3147 3981 3466 4037 misericor-

1885 4079 2030 4133 diam
2060 4077 2440 4133 exhibeamus.
2475 4076 2680 4131 Partim
2720 4091 2850 4130 vero
2893 4073 3060 4144 (quod
3122 4073 3190 4128 ad
3247 4073 3462 4134 vineam

1885 4185 2096 4238 nempe,
2133 4178 2188 4222 et
2216 4167 2456 4238 bovem),
2490 4182 2559 4221 ne
2591 4168 2642 4220 in
2673 4165 2990 4220 aviditatem
3017 4164 3385 4234 prolabamur,
3409 4173 3466 4217 et

1882 4261 2017 4316 alias
2050 4260 2213 4315 simul
2250 4260 2521 4328 patiamur
2546 4272 2819 4312 aerumnas
2847 4274 2860 4310 :
2893 4259 3191 4312 multorum
3217 4256 3464 4326 profecto

1883 4354 2152 4409 malorum
2184 4367 2348 4407 causa
2381 4361 2462 4406 est
2486 4350 2740 4414 aviditas,
2769 4359 2824 4404 et
2851 4349 3019 4406 simul
3057 4363 3183 4404 cum
3233 4351 3372 4416 ipsa,
3404 4357 3464 4401 ut

192 4455 322 4522 ἡμῖν
360 4455 425 4519 ἐξ
477 4453 809 4523 αὐταρκείας
857 4455 1226 4525 περιεγένετο.
1280 4455 1360 4508 Τὰ
1401 4454 1457 4508 δὲ
1495 4457 1774 4526 γεννήμα-

1895 4444 2204 4514 plurimum,
2227 4441 2473 4498 difﬂuere
2516 4441 2652 4497 solet
2683 4442 2735 4496 id
2763 4457 3002 4512 quoque,
3027 4441 3170 4511 quod
3193 4440 3338 4509 iuste
3364 4455 3464 4495 no-

190 4556 257 4602 τά
276 4547 423 4614 (65).
455 4547 541 4600 ἵνα
569 4547 646 4618 μὴ
675 4548 1012 4619 τὰςεγνώμας
1043 4543 1193 4619 ὦμεν
1214 4548 1447 4601 ποικίλοι
1463 4565 1544 4614 τε,
1575 4550 1668 4602 καὶ
1688 4566 1775 4602 πο·

191 4638 282 4692 λύτ
292 4656 476 4710 ροποι,
491 4640 556 4693 ἐκ
574 4640 894 4712 διαφόρωνῆ
917 4642 1221 4711 δογμάτων,
1239 4642 1272 4711 ἢ
1293 4641 1484 4705 ἐθνῶν,
1509 4642 1540 4713 ἢ
1561 4640 1778 4712 βουλευ-

191 4729 428 4802 μάτωνῆ
451 4729 776 4802 ρημάτων,ἥ
793 4729 1041 4799 πράξεων
1071 4729 1491 4800 συντεθειμένοι,
1515 4732 1608 4791 καὶ
1639 4729 1775 4801 πρὸς

192 4825 417 4887 ἑαυτοὺς
455 4823 654 4889 ἀθλίως
682 4841 741 4879 τε
767 4826 861 4880 καὶ
897 4824 1317 4894 καταγελάστως
1373 4824 1772 4889 στασιάζοντες.

261 5005 429 5060 Ὥστε
467 5007 532 5060 οὐ
566 5006 726 5076 μόνον
766 5007 941 5072 οὐδὲν,
981 5008 1015 5077 ἡ
1061 5005 1156 5060 τοῦ
1199 5005 1488 5060 θεσπεσίου
1558 5006 1773 5062 Παύλου

198 5098 440 5166 μέθοδος,
463 5100 571 5152 οὐδ’
606 5098 908 5169 ήὲξαύτοῦ
947 5099 1288 5170 προχεομένη
1340 5099 1449 5152 τῶν
1487 5099 1774 5169 δογμάτων

193 5186 350 5257 αἴγλη
382 5189 510 5252 τοὺς
535 5189 782 5251 εὐσεϐεῖς
817 5189 1112 5258 λογισμοὺς
1145 5191 1224 5252 είς
1255 5188 1600 5257 διιστάμενόν
1627 5207 1769 5255 τινα,

195 5281 285 5334 καὶ
305 5279 570 5352 σύγχυσιν
600 5280 930 5352 παρίστησιν
952 5298 966 5313 ο
989 5278 1124 5334 ἀλλὰ
1159 5281 1255 5334 καὶ
1273 5280 1591 5335 διδασκαλία
1617 5281 1774 5336 δύνα-

1882 4536 1968 4590 bis
1999 4550 2095 4604 per
2126 4533 2493 4603 frugalitatem
2539 4533 2781 4589 obvenit.
2837 4533 3044 4588 Caetera
3097 4531 3334 4600 denique
3394 4532 3462 4586 de

1882 4627 2024 4682 liciis
2059 4641 2123 4682 eo
2157 4633 2430 4695 spectant,
2474 4633 2535 4679 ut
2591 4638 2690 4678 nec
2723 4623 2908 4676 animo
2961 4623 3135 4677 simus
3186 4621 3340 4675 vario
3397 4637 3463 4675 ac

1880 4719 2179 4788 versipelli,
2220 4733 2320 4773 nec
2349 4715 2582 4772 diversis
2633 4715 2926 4786 dogmatis,
2964 4714 3047 4767 vel
3082 4713 3350 4777 moribus,
3374 4713 3459 4766 vel

1883 4813 2152 4875 consiliis,
2179 4811 2261 4864 vel
2293 4809 2495 4870 verbis.
2538 4808 2618 4862 vel
2645 4808 2905 4878 operibus
2965 4805 3324 4869 instruamur,
3363 4820 3463 4860 nec

1882 4904 2176 4960 infeliciter
2211 4911 2264 4956 et
2293 4900 2521 4955 ridicule
2552 4915 2581 4953 a
2617 4898 2776 4953 nobis
2808 4897 2907 4965 ipsi
2943 4896 3327 4952 dissideatuus.

1949 4996 2296 5066 Quapropter
2319 5007 2426 5045 non
2464 4991 2628 5046 modo
2674 4989 2782 5046 divi
2812 4989 2966 5044 Pauli
3008 4989 3279 5054 doctrina,
3311 4997 3366 5044 et
3391 4987 3461 5044 ab

1879 5104 1944 5144 eo
1973 5090 2235 5144 emissum
2268 5085 2586 5153 dogmatum
2618 5083 2803 5137 lumen
2858 5082 2912 5136 in
2955 5081 3195 5150 aliquam
3245 5081 3461 5138 dissen-

1879 5185 2089 5239 sionem
2134 5180 2622 5247 confusionemque
2642 5185 2860 5232 mentes
2907 5177 3122 5247 piorum
3176 5175 3460 5232 hominum

1880 5293 1988 5334 non
2025 5273 2232 5330 inducit
2278 5291 2292 5328 :
2326 5271 2420 5328 sed
2442 5271 2604 5326 etiam
2639 5271 2716 5338 hi,
2747 5271 2840 5341 qui
2880 5269 3005 5324 inde
3039 5270 3322 5339 sapientia:
3369 5283 3460 5321 ra-

1705 5434 1945 5495 NOTAE.

261 5581 376 5651 (63)
403 5583 477 5636 Τδ
499 5581 792 5652 λεγόμενον
813 5597 844 5635 e
875 5581 1040 5636 tacito
1084 5579 1224 5633 κατὰ
1263 5577 1375 5648 regi
1408 5576 1610 5633 Graeca:
1638 5593 1765 5632 συν-

197 5653 671 5735 τάξεως-ερςιρρρξ
705 5652 918 5735 suadet.

263 5721 510 5792 (till‘Nisi
534 5719 728 5787 Βῶδος
746 5722 1006 5788 relingas,
1027 5720 1238 5774 nullum
1263 5734 1484 5775 sensum
1503 5719 1760 5775 exeudes.

569 5819 841 5878 Ρηιιοι..
884 5816 1002 5877 (in.
1052 5814 1151 5876 Cl.

1949 5575 2063 5646 (65)
2095 5574 2152 5630 in
2186 5569 2708 5646 primaquaastionis
2738 5567 2904 5638 hujus
2933 5560 3301 5633 exscriptioue
3341 5567 3461 5618 erat

1875 5640 2110 5720 νήματα,
2143 5640 2306 5714 atque
2330 5642 2383 5699 id
2406 5640 2788 5713 opportunius.
