3888 6186
430 332 534 396 227
1591 327 1856 388 PHOTlI
1900 325 2403 387 PATRIARCHKE
2441 323 2550 384 (ΞΡ.
3609 323 3719 386 228

433 451 552 503 dios
577 454 806 518 possunt
851 444 1114 515 aspicere,
1159 439 1358 495 mirum
1402 437 1452 492 itt
1487 437 1707 492 modum
1739 438 2009 500 ediscunt,

2120 453 2208 489 ται
2241 433 2564 505 πρόκεισθαι
2609 431 2898 502 θαυμαστὴ
2935 433 3047 497 τοῖς
3075 432 3287 487 ἐκεῖθεν
3333 431 3433 496 τὰς
3475 431 3576 502 τῆς
3621 451 3716 487 σο-

431 557 543 608 quo
583 547 742 608 pacto
803 537 977 592 sancti
1013 535 1250 605 Spiritus
1290 531 1514 588 oracula
1574 545 1698 584 cum
1768 529 2009 600 ejusdem

2126 527 2254 592 φίας
2305 525 2534 588 ἀκτῖνας
2561 521 2957 593 ἐναυγάζεσθαι
3016 524 3358 595 δυναμένοις,
3424 525 3575 587 ὅπως
3609 527 3719 596 χρὴ

431 633 672 690 oraculis
702 629 1042 686 concilianda
1068 628 1177 684 sittt
1205 627 1340 696 (66).

2127 618 2339 687 διαιτᾷν
2397 617 2536 686 μετὰ
2589 615 2684 670 τοῦ
2744 615 3062 686 Πνεύματος
3113 616 3182 669 τὰ
3234 615 3329 668 τοῦ
3394 615 3720 686 Πνεύματος

2126 710 2301 775 λόγια.

2683 824 3018 879 ΕΡΩΤΗΣΙΣ
3050 823 3174 878 ΛΑ⁸.

2121 914 2253 982 Πῶς
2298 917 2553 982 νοητέον
2580 916 2667 981 τὸ,
2710 934 2728 967 ι
2762 917 3017 970 Δύναται
3046 919 3080 970 ό
3109 916 3254 983 Θεὸς
3283 917 3353 970 ἐκ
3382 915 3503 972 τῶν
3523 919 3717 974 λίθων

2333 987 2561 1040 τούτων
2583 986 2800 1056 ἐγεῖραι
2832 987 3016 1041 τέκνα
3046 985 3127 1052 τῷ
3160 987 3419 1059 Ἀϐραάμ
3435 1007 3490 1055 ;ι

665 822 996 890 ρυιΕεΤιο
1040 822 1204 876 XXXI
1252 821 1346 895 [(ιί.
1400 821 1590 893 xxxi.
1652 823 1764 894 (67)

432 917 705 984 Quomodo
738 919 1096 986 accipiendum
1129 927 1203 969 est
1235 916 1405 978 illud,
1456 935 1473 966 ι
1538 915 1716 968 Potest
1767 915 1903 969 Deus
1949 913 2014 969 de

534 988 797 1058 lapidibus
831 988 945 1040 istis
969 988 1226 1041 suscitare
1267 987 1408 1055 ﬁlios
1460 986 1728 1040 Abraham
1754 986 1837 1039 ‘5?
1877 1005 1897 1038 ι

1013 1101 1157 1151 Edita
1184 1099 1244 1150 ab
1261 1102 1380 1171 Agit.
1419 1102 1608 1159 Scotlo,
1636 1101 1666 1148 l.
1692 1113 1754 1160 c.,
1783 1101 1922 1162 p.53.
1953 1100 2009 1151 Ct

2117 1102 2352 1152 tentarius
2383 1099 2434 1150 in
2460 1099 2580 1150 Luc.
2608 1115 2680 1160 ιιι,
2707 1101 2764 1161 8;
2794 1099 2965 1150 Matth.
3003 1114 3074 1160 tu,
3098 1099 3146 1149 9.

496 1211 706 1266 Obvius
737 1210 902 1280 hujus
937 1209 1144 1264 oraculi
1173 1225 1390 1273 sensus,
1417 1210 1462 1264 si
1492 1211 1812 1278 penitiorem
1841 1208 2011 1274 signi-

428 1305 737 1358 ﬁcationem
782 1317 890 1356 non
918 1301 1284 1371 inquiramus,
1326 1301 1529 1370 poterit
1574 1301 1762 1369 utique
1791 1300 2009 1362 docere,

427 1397 575 1466 quod
606 1395 1070 1466 quemadmodum
1092 1394 1236 1449 Deus
1273 1409 1339 1448 ex
1368 1393 1632 1449 dimuenti
1658 1379 2010 1462 informique,

428 1501 494 1541 ac
529 1497 706 1542 terrea
737 1486 965 1540 materie
989 1484 1145 1538 tinxit
1169 1483 1435 1538 animantl
1459 1499 1680 1554 corpus,
1707 1483 2015 1554 pulverem-

2189 1210 2264 1263 Τὸ
2301 1212 2401 1280 μὲν
2430 1212 2524 1266 οὖν
2559 1212 2850 1284 πρόχειρον
2883 1213 2982 1284 τῆς
3033 1213 3218 1284 φωνῆς
3256 1215 3386 1270 ἄνευ
3425 1211 3572 1276 τινδς
3607 1211 3713 1282 βα-

2121 1302 2242 1356 θυτέ
2253 1321 2354 1374 ρας
2410 1305 2650 1369 ἐπινοίας
2685 1305 2994 1359 ἐκδιδάσκοι
3027 1305 3116 1368 ἂν,
3153 1306 3234 1359 ὅτι
3265 1305 3468 1359 καθ’όν
3502 1305 3711 1376 τρόπον

2118 1397 2182 1448 ἐκ
2212 1397 2310 1464 τῆς
2344 1397 2686 1468 εὐδιαχύτου,
2732 1397 2828 1451 καὶ
2869 1395 3138 1466 ἀπαγοῦς,
3181 1398 3276 1452 καὶ
3331 1399 3536 1468 γεηρᾶς
3571 1395 3711 1466 ὕλης

2121 1491 2426 1561 συνέπηξεν
2456 1493 2484 1545 ό
2505 1491 2658 1556 Θεὸς,
2681 1491 2760 1562 τῷ
2791 1489 2916 1562 ζώω
2935 1491 2996 1544 τὸ
3026 1492 3209 1562 σῶμα,
3253 1490 3350 1545 καὶ
3387 1493 3468 1555 είς
3491 1491 3711 1562 ἀνθρώ⁴

425 1595 534 1649 que
562 1578 630 1634 ad
685 1588 937 1632 naturam
975 1577 1323 1646 speciemque
1357 1577 1652 1631 humanam
1699 1576 2009 1630 conforma-

2119 1599 2223 1634 που
2257 1583 2418 1651 φύσιν
2472 1585 2567 1637 καὶ
2595 1578 2735 1648 εἶδος
2754 1583 3170 1657 διεμορφὼσατο
3201 1583 3300 1655 τὴν
3330 1584 3482 1638 κόνιν
3510 1602 3526 1616 ο
3560 1583 3712 1637 κατὰ

425 1673 546 1736 vit,
577 1672 649 1725 ita
705 1670 862 1724 facile
889 1669 1222 1740 minimeque
1253 1684 1543 1740 operosum
1578 1669 1649 1724 sit
1680 1685 1746 1722 ex
1765 1668 2012 1724 solidiori

426 1765 670 1834 lapidum
712 1771 926 1826 natura,
962 1759 1074 1818 Deo
1120 1763 1327 1817 artilice
1357 1763 1409 1817 id
1445 1762 1626 1832 aperis
1659 1765 2011 1833 suscipiente,

426 1856 711 1910 hominum
747 1854 1118 1910 substantiam
1159 1855 1544 1925 eompiugere,
1595 1856 1854 1926 ipsosque
1916 1858 2014 1911 lto-

429 1948 610 2000 mim-s
649 1962 714 1999 ex
762 1945 854 2000 tali
880 1959 1066 1999 massa
1105 1943 1369 2000 conﬂatos
1421 1945 1652 1999 Abrahae
1701 1946 1842 2000 tilios
1901 1946 2014 2000 elli-

428 2054 574 2094 cere.
608 2037 818 2102 Etenim
844 2053 954 2091 non
989 2035 1192 2101 minus,
1222 2051 1289 2090 ne
1317 2037 1494 2090 dicam
1527 2045 1579 2090 et
1608 2037 1781 2091 multo
1813 2039 2010 2109 magis,

429 2131 739 2185 mirandum
765 2139 848 2185 est
880 2129 1155 2200 pulverem
1201 2129 1268 2183 ad
1316 2128 1556 2184 hominis
1595 2145 1816 2184 carnem
1867 2131 2010 2186 redi-

427 2238 554 2290 gere
588 2233 750 2290 atque
790 2220 1228 2286 accommodare,
1286 2237 1449 2290 quant
1513 2221 1566 2276 in
1620 2213 1868 2292 corporis
1933 2223 2015 2276 vi-

428 2315 606 2369 ventis
646 2329 786 2385 opus
835 2314 1028 2369 duram
1087 2312 1326 2384 lapidum
1397 2312 1791 2368 transfurmare
1850 2325 2010 2368 natu-

419 2422 570 2460 -ιιιιιι,

503 2500 869 2569 Praeterquam
906 2499 1050 2568 quod
1111 2513 1219 2552 non
1270 2499 1433 2552 modo
1485 2499 1693 2567 primus
1755 2499 1916 2552 homo
1982 2515 2012 2552 e

419 2595 560 2648 'litno
584 2593 962 2648 admirabilem
997 2591 1154 2646 duxit
1175 2590 1462 2659 originem,
1523 2590 1616 2643 sed
1663 2590 1779 2643 Loti
1847 2590 2008 2644 etiam

429 2703 566 2741 uxor
595 2686 650 2739 in
685 2685 818 2741 salis
843 2685 1153 2741 columnam
1190 2667 1481 2745 obdurata,
1533 2683 1797 2745 divinam,
1843 2697 2008 2752 quam

416 2791 530 2830 -nec
568 2776 744 2841 effari,
795 2791 897 2830 nec
928 2782 1106 2829 mente
1136 2773 1353 2842 assequi
1387 2787 1698 2842 possumus,
1752 2777 2008 2826 virtutem

428 2868 719 2936 praedicat,
779 2869 912 2922 dum
962 2881 1055 2936 per
1120 2864 1494 2936 irrefragabile
1545 2866 1852 2936 prodigium
1907 2868 2011 2934 pri-

2117 1674 2209 1726 τὸν
2240 1675 2402 1728 αὐτὸν
2434 1676 2639 1748 τρόπον
2669 1678 2797 1748 ῥᾷόν
2829 1694 2888 1730 τε
2943 1679 3035 1730 καὶ
3065 1676 3219 1730 οὐδὲν
3250 1677 3490 1747 ἐργῶδες
3513 1678 3576 1730 ἐκ
3600 1677 3708 1746 τῆς

2119 1765 2490 1838 στερεωτέρας
2521 1764 2737 1835 φύσεως
2765 1766 2874 1819 τῶν
2905 1765 3089 1830 λίθων,
3123 1764 3430 1835 ἀνθρώπων
3461 1764 3709 1817 ὑπόστα-

2117 1873 2201 1908 σιν
2224 1856 2571 1925 συντεθῆναι,
2617 1855 2756 1910 Θεοῦ
2804 1857 3050 1926 τεχνίτου
3081 1857 3178 1926 τὴν
3213 1855 3408 1910 πλάσιν
3438 1855 3708 1924 ἀναδεχο-

2118 1949 2303 2017 μένου,
2359 1948 2454 2000 καὶ
2477 1948 2644 2001 τέκνα
2677 1948 2805 2011 τοὺς
2825 1948 3121 2016 γεγονότας
3150 1949 3214 2001 ἐκ
3241 1947 3488 2002 τοιούτου
3518 1947 3708 2020 φυρά-

2117 2055 2288 2108 ματος
2341 2038 2681 2110 χρηματίσαι
2735 2037 2828 2092 τοῦ
2872 2039 3146 2110 Ἀϐραάμ.
3193 2040 3267 2094 Οὐ
3301 2042 3410 2111 γὰρ
3431 2033 3594 2111 ἦττον
3622 2041 3709 2102 είς

2115 2127 2324 2198 θαῦμα,
2353 2129 2438 2182 ἵνα
2467 2130 2542 2200 μὴ
2572 2128 2716 2197 λέγω
2748 2131 2840 2183 καὶ
2869 2129 3040 2201 μείζω
3060 2143 3110 2195 ι,
3132 2131 3281 2184 κόνιν
3301 2134 3380 2194 είς
3403 2129 3705 2201 ἀνθρώπου

2117 2221 2400 2292 συμπῆξαί
2435 2239 2517 2285 τε,
2549 2221 2642 2276 καὶ
2671 2222 3150 2294 συναρμολογῆσαι
3170 2223 3196 2262 ι)
3227 2225 3404 2293 σάρκα
3432 2239 3444 2254 ’
3473 2224 3566 2276 καὶ
3618 2222 3709 2275 λί-

2115 2312 2206 2365 θου
2242 2312 2404 2382 φύσιν
2466 2311 2697 2384 στερεὰν
2731 2314 2811 2377 εἰς
2844 2315 3101 2384 σώματος
3151 2312 3292 2380 ζὼου
3345 2313 3713 2385 μεταπλάσαι

2114 2406 2326 2477 χρείαν.

2189 2499 2399 2564 Ἀλλως
2454 2516 2515 2553 τε
2566 2499 2621 2554 δὲ
2653 2499 2715 2552 οὐ
2743 2498 2903 2569 μόνον
2951 2499 2980 2552 ό
3030 2497 3246 2568 πρῶτος
3298 2496 3584 2568 ἄνθρωπος
3635 2499 3711 2550 ἐκ

2114 2593 2275 2661 χόουε
2304 2593 2397 2644 καὶ
2429 2591 2742 2665 παραδόξαν
2791 2593 2917 2662 ἔσχε
2948 2590 3049 2662 τὴν
3088 2591 3304 2660 γένεσιν
3333 2604 3347 2620 ⁶
3373 2589 3511 2643 ἀλλὰ
3535 2588 3639 2642 καὶ
3667 2590 3705 2660 ἠ

2113 2680 2206 2733 τοῦ
2243 2679 2369 2734 Λὼτ
2401 2682 2540 2752 γυνὴ
2597 2683 2677 2746 είς
2714 2683 2918 2754 στήλην
2963 2681 3092 2742 ἁλὸς
3129 2679 3533 2734 άπολιθωθεῖσα
3595 2679 3710 2750 τὴν

2111 2772 2206 2826 τοῦ
2249 2772 2385 2826 Θεοῦ
2438 2773 2668 2844 δύναμιν
2721 2774 3018 2844 ἀδιήγητόν
3051 2791 3110 2828 τε
3161 2774 3257 2827 καὶ
3308 2773 3709 2844 ἀκατάληπτον

2111 2865 2498 2937 άνακηρύττει,
2539 2868 2598 2919 ἐν
2620 2866 2696 2936 τῷ
2727 2865 3001 2938 ἀδιαλύτῳ
3029 2864 3121 2918 τοῦ
3155 2864 3434 2934 θαύματος
3465 2865 3563 2933 τὴν
3597 2865 3711 2932 τῆς

427 2962 585 3016 stinae
608 2969 817 3013 naturae
859 2961 976 3014 sine
1008 2956 1298 3013 manifesta
1345 2958 1699 3027 corruptione
1743 2957 2002 3026 abjectio—

2117 2955 2326 3026 φύσεως
2356 2956 2614 3011 ἀπόθεσιν
2669 2957 2799 3011 ἄνευ
2861 2956 3159 3026 ἐπιφανοῦς
3218 2955 3447 3028 φθοράς.
3502 2955 3711 3022 ἐτέρας

427 3052 763 3110 nem-fuisse
783 3053 1006 3106 alterius
1031 3050 1240 3118 formae,
1294 3060 1350 3107 et
1405 3051 1726 3105 substantiae
1779 3064 2008 3119 genera-

429 3147 632 3199 tionem
661 3144 904 3198 ostendit
951 3143 1266 3211 :illudque,
1313 3142 1456 3211 quod
1512 3140 1636 3202 fuit,
1699 3149 1856 3194 antea
1903 3155 2008 3192 non

426 3246 577 3301 erat;
613 3236 757 3305 quod
787 3244 967 3289 autem
1004 3235 1120 3288 fieri
1166 3249 1272 3289 non
1325 3249 1487 3304 posse
1536 3235 1788 3287 humanae
1841 3233 2010 3287 menti

427 3325 741 3387 videbatur,
773 3325 824 3377 id
846 3325 1027 3394 priore
1052 3323 1219 3392 ﬁgura
1252 3338 1358 3376 non
1390 3321 1680 3385 dissoluta,
1729 3321 1831 3390 ipsi
1891 3321 2013 3376 sub-

429 3421 622 3474 stituit.
661 3421 804 3476 Deus
836 3421 1038 3488 itaque,
1073 3417 1165 3487 qui
1191 3425 1338 3470 tanta
1371 3417 1621 3484 patrahat
1648 3415 1935 3476 miracula,
1959 3425 2012 3470 et

428 3515 649 3586 quidem
699 3524 876 3576 tunc,
944 3529 1065 3569 cum
1126 3512 1194 3566 ab
1261 3526 1366 3564 una
1433 3509 1755 3564 muliercula
1823 3508 2009 3562 violati

429 3610 684 3680 praecepti
747 3623 960 3678 pmuam
1022 3605 1304 3671 sumebat;
1356 3605 1471 3674 ipse
1522 3623 1540 3656 ι
1607 3603 1702 3674 qui
1757 3602 2010 3657 homines

430 3705 544 3756 vult
581 3703 762 3758 salvos
813 3701 948 3764 tieri,
997 3708 1049 3754 et
1085 3700 1160 3752 ad
1225 3697 1555 3768 agnitionem
1619 3694 1866 3750 veritatis
1920 3709 2008 3748 ve-

432 3795 548 3846 nire
579 3795 646 3856 ⁸⁸,
675 3812 692 3843 ι
738 3792 868 3859 quid
901 3805 996 3859 pro
1029 3805 1128 3843 sua
1161 3787 1450 3844 clementia
1481 3799 1589 3838 non
1631 3794 1774 3855 agat,
1805 3783 1850 3837 si
1882 3782 2008 3836 ﬁliis

433 3886 666 3939 Abralta:
712 3883 1045 3940 suscitandis
1088 3881 1327 3949 lapidum
1390 3878 1758 3932 conditionem
1811 3891 2010 3944 oppor-

431 3976 661 4030 tunioris
704 3975 944 4030 futuram
1000 3990 1133 4027 usus
1184 3970 1559 4042 perspexerit?
1621 3967 1808 4037 Neque
1860 3966 2006 4020 cnim

431 4080 538 4121 tam
577 4067 737 4121 facile
765 4067 889 4121 iuit
940 4065 1146 4120 Judaeis
1187 4064 1416 4117 Abrahze
1448 4060 1812 4129 multiplicare
1843 4057 2006 4123 ﬁlios,

427 4175 662 4228 quorum
684 4159 898 4230 generis
927 4172 1034 4211 non
1074 4157 1297 4209 minima
1331 4170 1454 4224 pars
1479 4152 1680 4221 rejecta
1713 4160 1816 4214 est,
1842 4164 2004 4219 quam

431 4255 540 4305 lleo
564 4266 659 4320 per
684 4250 894 4319 lapides
923 4248 1096 4303 eidem
1125 4247 1327 4303 multos
1364 4247 1502 4300 tilios
1532 4243 1789 4298 condere.

2119 3050 2333 3120 μορφῆς
2364 3049 2804 3122 ἐπιδεικνυμένη,
2825 3052 2918 3104 καὶ
2940 3051 3296 3116 ὑποστάσεως
3327 3049 3545 3120 γένεσιν
3564 3067 3578 3080 ⁸
3605 3051 3711 3103 καὶ

2112 3139 2140 3190 ὃ
2176 3139 2273 3209 μὲν
2305 3140 2550 3208 γέγονεν,
2587 3143 2689 3196 οὐκ
2737 3138 2805 3214 ἦν
2824 3158 2836 3172 ·
2870 3143 2898 3196 ὅ
2920 3143 2976 3196 δέ
3003 3142 3078 3214 μὴ
3108 3137 3220 3197 οἷόν
3243 3160 3302 3196 τε
3331 3139 3398 3214 ἦν
3423 3141 3712 3213 ἀνθρωπίο

2115 3245 2226 3290 νοις
2245 3226 2528 3300 λογισμοῖς
2561 3231 2835 3300 γενέσθαι,
2861 3232 3032 3304 χωρὶς
3066 3233 3272 3303 ὑπέστη
3313 3232 3412 3303 τῆς
3441 3232 3536 3286 τοῦ
3558 3233 3708 3304 πρό-

2113 3336 2270 3390 τερον
2315 3319 2639 3386 διαλύσεως.
2687 3324 2744 3377 Ὀ
2771 3324 2954 3376 τοίνυν
2983 3325 3116 3388 Θεὸς
3134 3327 3162 3378 ό
3186 3325 3359 3378 ταῦτα
3391 3324 3710 3394 παραδόξου

2116 3411 2305 3474 ποιῶν,
2347 3414 2442 3465 καὶ¹
2504 3413 2626 3466 τότε
2666 3413 2826 3485 δίκην
2882 3417 3349 3488 εἰσπραττόμενος
3387 3417 3616 3484 γύναιον
3645 3415 3710 3470 ἓν

2113 3500 2479 3571 παραϐάσεως
2508 3500 2751 3573 ἐντολῆς,
2783 3523 2802 3556 ι
2825 3505 2853 3558 ό
2873 3505 3041 3558 θέλων
3070 3506 3160 3559 τὸν
3188 3506 3480 3578 ἄνθρωπον
3513 3507 3704 3577 σωθῆ-

2112 3608 2221 3657 ναι,
2260 3592 2351 3645 καὶ
2383 3596 2462 3655 εἰς
2519 3593 2816 3662 ἐπίγνωσιν
2845 3595 3102 3667 ἀληθείας
3149 3597 3344 3663 ἐλθεῖν,
3379 3616 3398 3648 ι
3434 3599 3486 3650 τί
3505 3599 3605 3650 οὐκ
3636 3600 3708 3652 ἂν

2109 3683 2328 3752 δράσειε
2374 3684 2464 3738 διὰ
2524 3685 2998 3756 φιλανθρωπίανά,
3027 3691 3076 3741 εί
3103 3689 3266 3742 λίθων
3315 3689 3508 3758 Miami.
3539 3689 3708 3759 φύσιν

2111 3774 2555 3845 ἐπιτηδειοτέραν
2607 3776 2959 3847 παρέχουσαν
3007 3778 3196 3848 χρείαν
3244 3781 3325 3842 είς
3358 3779 3421 3831 τὸ
3445 3779 3706 3847 γενέσθαι

2111 3867 2275 3919 τέκνα
2325 3866 2419 3919 τοῦ
2465 3866 2749 3938 Ἀϐραάμ
2790 3871 2863 3922 Οὐ
2903 3870 3013 3941 γὰρ
3068 3870 3212 3922 οὓτω
3261 3872 3390 3941 ῥᾷον
3415 3874 3528 3936 τοῖς
3571 3871 3707 3926 ἰου-

2110 3959 2281 4023 δαίοις
2319 3959 2415 4013 τοῦ
2455 3960 2707 4033 Ἀϐραὰμ
2745 3963 3104 4033 χρηματίζειν
3127 3965 3314 4026 τέκνα,
3353 3959 3429 4020 ὧν
3450 3968 3552 4020 οὐκ
3583 3967 3703 4020 ὀλί-

2111 4068 2206 4119 γον
2232 4052 2397 4125 μέρος
2423 4053 2516 4106 τοῦ
2541 4054 2730 4121 γένους
2746 4053 3087 4126 ἐξώσθησαν,
3106 4056 3182 4120 ὼς
3212 4057 3291 4127 τῷ
3321 4058 3444 4130 Θεῷ
3471 4059 3561 4113 διὰ
3589 4059 3706 4114 τῶν

2111 4145 2274 4198 λίθων
2295 4146 2446 4217 αὐτῷ
2486 4147 2716 4211 πολλοὺς
2747 4149 2895 4211 υίοὺς
2919 4150 3366 4218 ἀπεργάσασθαι.

499 4302 579 4395 ΑιΙ
599 4343 643 4396 si
675 4302 802 4411 qtiis
829 4341 958 4396 velit
985 4341 1269 4410 quidpiam
1316 4338 1688 4408 propheticum
1729 4336 1876 4390 dicto
1901 4336 2006 4390 hoc

2186 4328 2327 4381 Εἰδέ
2374 4345 2457 4392 τις
2515 4329 2691 4383 ἐθέλοι
2752 4330 2845 4383 καὶ
2900 4302 3241 4401 προφητικδν
3295 4333 3702 4405 ἀνακηρύττειν

425 4433 733 4498 enuntiari,
768 4432 996 4502 lapides,
1031 4447 1171 4501 quos
1202 4430 1514 4484 Praeeursor
1561 4439 1689 4484 tunc
1735 4443 2008 4483 memora-

425 4524 525 4588 vit,
556 4533 610 4578 et
638 4541 701 4578 ex
737 4525 940 4594 quibus
985 4524 1122 4577 iilios
1169 4522 1404 4576 Abrahae
1454 4521 1804 4577 suscitandas
1868 4536 2007 4590 prae-

426 4617 584 4680 dixit,
628 4616 659 4668 ii
721 4615 964 4686 profecto
999 4612 1316 4684 sunt,‘qui,
1367 4631 1492 4668 eum
1552 4623 1700 4671 esset
1746 4612 2007 4668 Servator

424 4724 523 4762 sua
557 4695 750 4778 sponte
778 4717 1050 4773 mortuus,
1093 4718 1256 4776 atque
1300 4707 1558 4760 universo
1597 4704 1799 4759 mundo
1857 4704 2008 4759 salus

423 4810 478 4850 et
511 4798 618 4852 vita
646 4797 876 4862 reddita,
912 4797 1057 4868 passi
1090 4796 1405 4851 Conditoris
1446 4796 1715 4865 obsequio
1763 4794 2006 4864 abrupti,

425 4900 590 4958 atque
620 4890 860 4954 discissi,
899 4899 954 4944 et
995 4889 1154 4957 quasi
1201 4885 1330 4940 facti
1387 4901 1484 4954 pro
1544 4885 1812 4940 miraculo
1870 4900 2008 4953 pra:-

423 4991 674 5051 gnantes.
708 4983 907 5036 multos
940 4980 1192 5036 homines
1241 4992 1445 5033 nostrae
1487 4976 1736 5048 religioni
1780 4984 1836 5030 et
1878 4991 2008 5045 par-

423 5072 719 5134 turierunt,
761 5080 818 5126 et
851 5084 1198 5141 pepererunt.
1230 5071 1272 5124 li
1315 5085 1444 5125 vero
1479 5085 1578 5124 sua
1611 5069 2003 5134 commotione,

496 5187 540 5218 δ’
581 5186 768 5242 Matth.
806 5203 889 5251 ιιι,
917 5185 970 5241 9.
1049 5185 1140 5238 “l
1173 5185 1315 5240 Titn.
1356 5202 1414 5249 tt,
1457 5185 1511 5238 4.

2111 4418 2271 4488 ἔργον
2301 4419 2359 4471 τὸ
2391 4419 2563 4488 ῥῆμα,
2589 4419 2777 4471 οἱτότε
2811 4419 3070 4490 ῥηθέντες
3100 4421 3238 4474 λίθοι
3260 4423 3338 4493 τῷ
3374 4425 3697 4496 Προδρόμῳ,

2112 4512 2171 4576 ἐξ
2203 4507 2277 4566 ὧν
2299 4513 2375 4582 τῷ
2415 4511 2665 4582 Ἀὕραάμ
2694 4513 3088 4585 ἐχρησμῴδησε
3143 4516 3471 4571 ἀνίστασθαι
3496 4521 3686 4583 τέκνα,

2111 4599 2254 4658 οὗτοι
2278 4604 2341 4674 δὴ
2371 4605 2514 4658 κατὰ
2538 4603 2598 4656 τὸ
2627 4605 2874 4658 ἑκούσιον
2921 4606 3016 4659 τοῦ
3065 4607 3317 4679 Σωτῆρος
3369 4612 3545 4675 πάθος
3578 4612 3700 4685 [καὶ

2111 4696 2207 4767 τὴν
2230 4696 2575 4766 παγκόσμιον
2593 4698 2887 4768 σωτηρίαν,
2906 4699 3002 4752 καί
3019 4699 3318 4753 ἀνάστασιν
3335 4699 3377 4774 Ι,
3399 4701 3479 4773 τῷ
3495 4708 3700 4756 Amm-

2109 4785 2245 4856 τικῷ
2276 4785 2531 4861 ῥαγέντες
2593 4786 2776 4852 πάθει,
2830 4788 2926 4840 καὶ
2959 4787 3403 4858 διασχισθέντες,
3463 4791 3559 4845 καὶ
3584 4787 3699 4844 οἷον

2111 4879 2417 4948 ἐγκύμονες
2453 4879 2741 4947 γεγονότες
2760 4879 2836 4951 τῷ
2865 4879 3130 4950 θαύματι,
3187 4882 3416 4946 πολλοὺς
3469 4883 3581 4936 τῶν
3605 4883 3700 4937 ἁν-

2112 4971 2344 5041 θρὼπων
2397 4973 2476 5035 είς
2536 4971 2818 5025 εὐσέϐειαν
2843 4972 3113 5043 ὼδίνησάν
3153 4992 3214 5028 τε
3262 4977 3358 5029 καὶ
3401 4977 3696 5030 ἀπέτεκον.

2111 5065 2214 5137 Οἴα
2240 5065 2296 5119 δὲ
2317 5077 2339 5104 ε
2366 5065 2599 5137 λαμπρᾷ
2621 5067 2686 5136 τῇ
2711 5067 2884 5138 φωνῇ,
2949 5068 3041 5122 καὶ
3086 5068 3326 5142 οὐρανίῳ
3376 5069 3700 5141 κηρύγματι

1738 5275 1972 5332 γΑιιιΑ]
2018 5274 2427 5330 LECTIONES.

495 5375 593 5431 'N.
629 5376 838 5449 μεῖζον.
953 5377 979 5416 δ
1012 5377 1076 5432 Ν.
1114 5376 1470 5448 συναρμόσαι.
1589 5387 1610 5414 ο
1643 5373 1708 5430 Ν.
1759 5375 1902 5446 χοός.

2016 5372 2042 5413 (ί
2067 5373 2132 5428 Ν.
2177 5372 2380 5442 φιλίαν.

2499 5373 2612 5444 οδή
2654 5371 2717 5427 N.

1952 5463 2190 5521 ΝΟΤᾸΞ.

493 5560 610 5630 (66)
645 5561 704 5616 Si
737 5575 899 5615 nosse
924 5561 1101 5630 cupis.
1133 5560 1188 5614 in
1203 5559 1534 5630 quibusnam
1555 5560 1870 5630 auctoribus
1907 5560 2006 5614 has

426 5628 667 5699 alioquin
699 5628 1047 5701 pervulgatas
1077 5628 1712 5701 ριόρὸείιωριντιλογίας
1746 5629 2000 5701 explana-

428 5698 602 5771 tiones
633 5698 811 5771 possis
853 5698 1118 5762 invenire,
1150 5698 1348 5753 videsis
1376 5698 1608 5771 Tertull.
1647 5701 1686 5771 l2
1712 5715 1764 5764 ν,
1801 5699 2002 5752 Contra

428 5769 775 5845 Marcioitetn,
805 5783 857 5827 et
890 5772 1215 5828 Theodoret.
1241 5779 1433 5840 quiest.
1457 5769 1520 5822 ‘21
1579 5771 1630 5823 in
1664 5769 2000 5824 Deuterono-

2333 5625 2457 5705 Haec
2485 5625 2599 5683 fere
2620 5638 2732 5683 tota
2761 5633 2994 5705 quaestio
3030 5634 3226 5705 legitur
3248 5635 3394 5705 apud
3423 5635 3694 5697 Nicetam,

2107 5695 2313 5823 agona
2338 5699 2389 5751 itt
2420 5695 2552 5754 Luc.
2595 5713 2646 5755 c.
2685 5695 2905 5766 ttt,'Mai
2938 5695 3326 5761 Νουῖσοίιεὰ.
3355 5705 3450 5775 IX,
3482 5724 3539 5781 p.
3569 5695 3696 5770 638,
