3888 6186
232 321 344 383 229

1037 327 1135 386 AD
1169 327 1755 387 AMPHILOCHIUM
1783 326 2125 418 QUIESIIO
2161 330 2387 403 XXXI,
2430 332 2672 393 XXXII.

3366 340 3475 402 230

233 432 316 504 τῷ
338 434 457 487 κατ’
483 434 675 500 αὐτοὺς
700 434 1012 506 παθήματι,
1032 437 1130 507 τῆς
1153 439 1245 491 ἐπὶ
1262 438 1339 509 τῷ
1357 440 1569 509 Σωτῆρι
1586 440 1804 510 τόλμης,

1918 440 2077 495 veluti
2101 440 2248 495 clara
2271 441 2507 510 quadam
2545 457 2699 510 voce,
2725 443 3043 514 ctelesﬁque
3072 447 3344 515 praeconio
3377 449 3479 505 ho-

235 526 333 579 καὶ
354 525 562 597 πλάνης
603 529 731 591 τοὺς
747 528 1067 601 ἀνθρώπους
1098 530 1514 595 ἀνακαλοῦντες,
1541 533 1636 584 καὶ
1667 530 1806 601 πρὸς

232 615 336 685 τὴν
380 616 674 683 ἐπίγνωσιν
729 618 826 688 τῆς
883 617 1141 687 ἀληθείας
1180 618 1667 687 χειραγωγοῦντες,
1710 618 1806 672 καὶ

235 706 376 777 πρὸς
405 707 465 759 τὸ
503 707 603 777 τῆς
650 709 1069 777 παλιγγενεσίας
1122 712 1293 780 δῶρον
1356 713 1489 783 όρᾷν
1546 712 1804 783 ἀφορμὰς

234 798 551 868 ἐχαρίζοντο
577 798 598 838 τ
627 816 641 831 ο
670 800 761 864 οὒς
795 802 939 871 καὶή
970 802 1223 855 κοινωνία
1249 803 1346 872 τῆς
1368 804 1630 867 πίστεως,
1656 804 1807 865 υἱοὺς

244 888 516 958 Ἀϐραὰμ,
551 891 642 944 καὶ
670 892 912 962 νομίζειν
932 887 1175 957 οἷδε,καὶ
1198 893 1487 965 ὀνομάζειν
1515 896 1738 966 μᾶλλον,
1769 898 1801 966 ἦ

228 979 361 1041 τοὺς
393 979 451 1044 ἐξ
472 981 724 1050 αἵματος.
1598 990 1607 997 ’

306 1072 451 1126 Είδέ
485 1075 579 1125 καὶ⁹
632 1074 722 1127 διὰ
772 1074 867 1129 τοῦ
927 1074 1254 1146 γράμματος
1308 1076 1606 1129 ἐπιϐαίνειν
1657 1077 1803 1140 τινὸς

231 1162 576 1235 ὑψηλοτέρας
610 1164 843 1235 θεωρίας
869 1166 1009 1237 ἔρως
1039 1167 1151 1237 ἔχει
1180 1185 1274 1219 σου
1304 1166 1365 1219 τὸ
1393 1167 1640 1235 φιλόθεον
1660 1184 1672 1197 ·
1710 1170 1804 1222 καὶ

226 1254 371 1307 λίθοι
398 1255 495 1326 μὲν
523 1257 589 1310 ἂν
618 1259 820 1311 νοοῖντο
852 1258 900 1310 οἱ
922 1257 1028 1312 τῶν
1059 1257 1228 1312 ἐθνῶν
1250 1258 1671 1329 πεπωρωμένοι,
1710 1260 1804 1313 καὶ

229 1347 679 1417 σκληροκόρδιον
715 1348 775 1414 ἐξ
796 1349 1019 1404 ἐκείνων
1054 1350 1111 1402 δὲ
1142 1352 1172 1402 ὁ
1203 1349 1298 1402 τοῦ
1333 1350 1582 1421 Ἀϐραὰμ
1606 1351 1803 1421 κλῆρος

227 1438 712 1509 ἀναπεπλήρωται,
775 1440 1219 1511 μεταϐληθέντων
1265 1440 1330 1493 ἐκ
1367 1440 1467 1509 τῆς
1494 1441 1803 1512 πωρώσεως

226 1528 327 1581 ἐπὶ
355 1527 418 1579 τὸ
451 1530 679 1598 συνορᾷν
719 1528 781 1583 τὸ
833 1532 1121 1602 σωτήριον,
1182 1533 1277 1584 καὶ
1325 1534 1424 1602 τῆς
1477 1532 1804 1604 Ἑλληνικῆς

229 1617 444 1689 πλάνης
497 1620 576 1682 είς
598 1620 693 1690 τὴν
750 1623 1137 1703 μυσταγωγίαν
1168 1623 1262 1676 τοῦ
1287 1624 1430 1676 Πνεύ
1441 1642 1629 1693 ματος.
1662 1626 1803 1679 Οὐδὲ

222 1709 428 1775 οὕτως,
457 1707 630 1782 οἶμαι,
660 1714 846 1786 πόρρω
860 1716 925 1769 ἂν
943 1715 1166 1785 ὀφθείης
1185 1717 1285 1786 τῆς
1314 1716 1517 1786 νύσσης
1542 1718 1800 1783 ἐλαύνων,

225 1802 301 1871 ἣν
336 1804 369 1873 ἠ
404 1804 708 1875 κατάληψις
741 1806 842 1875 τῆς
870 1808 1014 1862 κατὰ
1053 1808 1152 1879 τὴν
1182 1808 1419 1874 θεωρίαν
1472 1808 1729 1878 ἀληθείας
1751 1811 1806 1863 ἐν

225 1891 311 1961 τῷ
337 1894 530 1957 σταδίῳ
556 1896 651 1967 τῆ,
688 1896 1011 1966 Ἐκκλησίας
1051 1897 1294 1967 ἐπήξατό
1321 1915 1404 1963 τε,
1443 1898 1535 1951 καὶ
1565 1898 1805 1965 ὑπεστή-

227 2002 366 2039 σατο
400 1987 532 2057 (68).

736 2192 1073 2246 ΕΡΩἸῊΣΙΣ
1102 2193 1189 2248 ΑΒ
1210 2228 1226 2243 .

234 2281 299 2332 Τί
332 2279 529 2348 οηλοῖ,
565 2299 583 2329 ι
612 2277 696 2336 Οὔ
714 2282 778 2334 τὸ
810 2283 1098 2416 πτύὶωὲὲνις
1126 2280 1197 2349 τῇ
1240 2284 1388 2349 χειρὶ
1411 2285 1620 2347 αὑτοῦ,
1648 2301 1665 2333 ι
1701 2282 1799 2336 καὶ

868 2370 919 2404 τι
1060 2368 1164 2416 nc;

868 2368 939 2405 τα
983 2368 1164 2419 sene;

1908 532 2084 587 mines
2112 533 2179 587 ab
2216 534 2446 589 audacia
2491 534 2547 588 in
2604 535 3048 606 Redemptorem,
3094 546 3257 608 atque
3286 538 3354 593 ab
3389 555 3479 595 er-

1910 639 2031 678 rore
2059 633 2398 692 revocantes,
2446 625 2887 696 adducentesque
2933 628 3004 683 ad
3042 630 3288 684 veritatis
3329 632 3481 701 agni.

1908 715 2130 781 tionem,
2163 716 2507 772 occasionem
2534 718 2756 788 insuper
2777 720 3127 788 praebuean
3146 722 3481 790 perspicien—

1906 807 1960 860 di
1995 822 2195 863 munus
2248 810 2675 878 regenerationis
2702 827 2719 862 τ
2752 826 2889 879 quos
2913 811 3166 865 homines
3214 815 3377 866 etiam
3417 814 3480 866 ﬁ-

1906 894 1990 949 dei
2028 896 2220 966 magis,
2253 912 2417 965 quam
2441 897 2724 967 sanguinis
2753 899 3065 968 conjunctio
3093 900 3233 955 ﬁlios
3247 900 3479 965 Abrahae

1907 996 1959 1039 et
1990 986 2201 1041 censeri
2238 986 2387 1052 fecit,
2423 998 2475 1042 et
2514 989 2840 1057 nuncupari.

1975 1075 2127 1143 Quod
2156 1081 2200 1132 si
2233 1079 2394 1134 etiam
2439 1094 2596 1133 amor
2624 1078 3007 1149 progrediendi
3055 1096 3151 1149 per
3191 1080 3473 1134 lilteralem

1905 1182 2127 1222 sensum
2166 1167 2231 1222 ad
2264 1167 2501 1238 aliquam
2542 1169 2913 1222 sublimiorem
2953 1169 3473 1223 animadversionem

1904 1268 1956 1312 te
1986 1260 2187 1314 divinis
2210 1260 2373 1313 rebus
2395 1259 2702 1325 studentem
2749 1261 3009 1326 incessat;
3061 1261 3298 1330 lapidum
3354 1261 3476 1330 qui-

1904 1351 2026 1405 dem
2089 1351 2309 1405 nomine
2339 1351 2565 1414 ethnici,
2600 1351 2693 1419 qui
2734 1352 3007 1405 obdurato
3051 1362 3208 1406 erant
3246 1361 3299 1406 et
3340 1353 3447 1421 lapi

1903 1441 2004 1495 deo
2034 1442 2219 1505 corde,
2247 1451 2471 1510 possent
2517 1441 2737 1509 intelligi
2778 1459 2791 1495 :
2822 1457 2888 1495 ex
2939 1442 3046 1496 illis
3086 1451 3264 1495 autem
3299 1440 3476 1496 Abra-

1904 1532 1987 1586 hae
2019 1534 2308 1589 haereditas
2342 1534 2611 1604 completa
2668 1546 2772 1598 est,
2814 1550 2939 1588 cum
2971 1550 3000 1589 e
3026 1550 3125 1589 sua
3165 1534 3366 1589 duritie
3398 1532 3473 1588 ad

1903 1624 2302 1693 agnoscendam
2342 1626 2595 1689 salutem,
2632 1634 2686 1680 et
2732 1642 2764 1679 a
2816 1624 3127 1680 Graecarum
3166 1625 3473 1679 fabularum

1904 1734 2089 1773 errore
2114 1720 2181 1773 ad
2210 1718 2443 1789 Spiritus
2468 1720 2825 1773 initiationem
2890 1719 3123 1774 traducti
3175 1728 3321 1774 sunt.
3372 1718 3477 1773 Ne-

1907 1823 2014 1874 que
2040 1823 2167 1863 vero
2202 1808 2304 1863 hac
2330 1809 2564 1874 ratione,
2597 1810 2852 1873 arbitror,
2896 1810 3055 1877 longe
3089 1809 3291 1861 distare
3320 1807 3472 1859 vide—

1912 1898 2103 1951 rerisa
2134 1912 2321 1967 scopo,
2354 1913 2517 1967 quem
2577 1898 2632 1951 in
2687 1897 2940 1952 Ecclesiae
2997 1897 3173 1951 stadio
3228 1895 3473 1955 veritatis

1909 1984 2149 2039 inventio
2180 2000 2276 2054 per
2322 1986 2726 2041 meditationem
2775 1987 3001 2041 obtenta
3052 1985 3257 2051 deﬁxit,
3310 1993 3474 2056 atque

1908 2076 2190 2129 constituit
2212 2076 2344 2146 (69).

2117 2190 2446 2257 QUIESTIO
2474 2191 2662 2245 XXXII
2696 2192 2794 2264 [ιιι.
2844 2191 3060 2263 XXXI].
3115 2193 3228 2262 (70)

1912 2280 2055 2346 Quid
2088 2281 2188 2334 sibi
2219 2281 2327 2334 vult
2355 2282 2487 2334 illud
2518 2297 2536 2335 :
2571 2300 2589 2331 ι
2624 2282 2791 2350 Cujus
2818 2282 3166 2335 ventilabrum
3214 2283 3270 2334 in
3314 2296 3476 2335 manu
3506 2331 3508 2333 .
3574 2328 3579 2335 .

1983 2381 1986 2384 ~
2260 2352 2372 2419 ejus
2405 2351 2471 2414 ⁸⁷,
2508 2371 2525 2401 ι
2568 2361 2615 2404 et
2641 2368 2756 2420 qua:
2783 2355 3108 2419 sequuntur?

739 2461 883 2511 Edita
906 2462 967 2511 ab
987 2463 1201 2512 Antonio
1224 2465 1411 2522 Scotto,
1435 2466 1469 2512 l.
1496 2479 1539 2514 c.
1591 2480 1642 2527 p.
1666 2465 1745 2514 56.
1774 2464 1804 2516 C

1913 2462 2161 2511 nentarius
2185 2478 2234 2511 ιιι
2260 2462 2430 2511 Matth.
2452 2478 2522 2521 ιιι,
2554 2463 2638 2523 12;
2664 2464 2782 2512 Luc.
2819 2476 2889 2523 ιιι,
2912 2464 2985 2513 17.

311 2546 532 2616 Ἐπειδὴ
554 2546 645 2599 τὸν
675 2547 900 2619 Σωτῆρα
923 2550 1213 2619 κηρύσσων
1240 2556 1267 2604 ὁ
1306 2553 1642 2623 Πρόδρομος,
1673 2554 1805 2607 ἄλλα

224 2655 290 2691 τε
326 2638 598 2707 θεολογῶν
628 2640 755 2712 περὶ
786 2641 951 2693 αὑτοῦ
994 2642 1211 2714 διεξῄει,
1236 2646 1332 2696 καὶ
1363 2644 1437 2708 ὡς
1499 2665 1515 2695 ι
1547 2646 1603 2696 ἐν
1638 2646 1807 2697 Πνεύ-

239 2748 380 2800 ματι
401 2732 557 2800 ἁγίῳ,
596 2732 688 2784 καὶ
710 2734 842 2803 πυρὶ
861 2734 985 2797 τοὺς
1004 2735 1324 2804 προσιόντας
1340 2736 1489 2806 αὐτῷ
1517 2737 1798 2806 βαπτίσει»

227 2821 320 2892 (τὸ
354 2821 411 2873 δὲ
435 2822 725 2885 βαπτίσει
767 2822 866 2893 τῆς
901 2823 1109 2894 δωρεᾶς
1161 2825 1252 2878 τὸν
1313 2826 1564 2889 πλοῦτον,
1618 2828 1714 2880 καὶ
1744 2825 1804 2877 τὸ

223 2910 454 2980 δαψιλὲς
473 2913 571 2981 τῆς
600 2912 915 2983 εὐεργεσίας
947 2914 1204 2981 ἐμφαίνει
1236 2932 1297 2966 τε
1346 2917 1439 2967 καὶ
1484 2915 1799 2985 παρίστησι·

1978 2550 2244 2615 Quoniam
2277 2551 2589 2606 Praccnrsor
2616 2550 2958 2605 Servatorem
2993 2552 3311 2621 praedicans,
3337 2568 3477 2621 prae-

1908 2654 1989 2697 ter
2016 2645 2141 2707 alia,
2176 2660 2298 2713 quae
2322 2661 2479 2700 sacro
2510 2660 2764 2700 sermone
2797 2646 2972 2700 estde
3012 2662 3077 2700 eo
3136 2654 3474 2715 persecutus,

1905 2734 1979 2785 ait
2006 2733 2168 2786 etiam
2216 2734 2539 2788 accedentes
2565 2734 2631 2787 ad
2659 2748 2716 2787 se
2753 2752 2771 2783 ι
2802 2734 3103 2802 Baptizabit
3159 2735 3214 2787 in
3269 2732 3476 2803 Spiritu

1905 2834 2115 2886 sancto,
2139 2834 2194 2877 et
2223 2825 2345 2893 igne
2370 2825 2448 2889 ⁷⁸⁸,
2502 2843 2520 2874 ι
2578 2825 2658 2894 (in
2718 2826 2883 2879 verbo
2948 2836 3127 2880 autem
3183 2824 3475 2895 baptizabit

1905 2915 2090 2983 gratiae
2121 2914 2442 2976 divitias,ac
2490 2914 2876 2969 beneﬁciorum
2928 2916 3140 2983 copiam
3199 2915 3474 2985 patefacit,

227 3008 330 3061 καὶ
397 3007 504 3077 γὰρ
556 3008 958 3079 ἀπολύτρωσιν,
1020 3011 1113 3063 καὶ
1172 3012 1436 3065 υἱοθεσίαν
1506 3014 1804 3083 παρεχόμε-

1915 3017 2076 3074 atque
2111 3006 2367 3074 proponit
2411 3025 2423 3060 :
2470 3007 2557 3061 ille
2605 3007 2749 3060 enim
2814 3007 3182 3061 liberationem
3224 3008 3474 3078 adoptio-

224 3104 324 3148 obv
376 3098 708 3168 πανταχόθεν
755 3101 901 3169 ἡμᾶς
955 3102 1264 3171 περιαντλεί
1303 3106 1413 3167 τοῖς
1460 3105 1557 3175 τῆς
1590 3106 1805 3175 χάριτος

231 3190 552 3262 ἃειρῥύτοις
605 3192 837 3263 νάμασι)
865 3212 878 3225 ⁶
906 3194 1080 3250 ταῦτα
1110 3198 1275 3251 είπὼν
1297 3200 1365 3252 τὰ
1390 3201 1630 3271 σωτήρια
1655 3240 1669 3264 ,
1713 3201 1803 3256 καὶ

232 3278 441 3349 πολλῆς
490 3280 587 3350 τῆς
640 3283 768 3354 περὶ
799 3284 946 3354 ἡμᾶς
987 3286 1299 3357 φιλοτιμίας
1325 3289 1561 3359 γέμοντα
1582 3306 1595 3321 °
1626 3291 1711 3343 ἵνα
1732 3290 1805 3361 μὴ

226 3370 365 3444 δόξῃ
417 3373 579 3438 τισὶν,
624 3373 702 3437 ὡς
731 3376 1079 3447 δωρήσασθαι
1142 3378 1240 3448 μὲν
1293 3381 1599 3449 τηλικαῦτα¹
1635 3381 1802 3452 δῶρα,

228 3464 332 3515 καὶ
376 3468 434 3517 ἐν
488 3466 778 3538 εὐεργεσίᾳ
829 3468 1059 3541 ⁸ιοσαύτιςι
1118 3474 1453 3542 καταστῆσαι
1493 3475 1671 3544 παρῆν
1728 3473 1806 3545 τῷ

232 3556 449 3625 Σωτῆρι
497 3556 650 3625 ἡμῶν
695 3558 969 3628 βοίλησις,
1006 3561 1100 3614 καὶ
1132 3564 1285 3632 ἰσχύς
1310 3566 1323 3603 ί
1349 3581 1361 3593 ο
1394 3566 1806 3637 τιμωρήσασθαι

224 3643 315 3709 δὲ,
364 3645 455 3696 καὶ
483 3645 705 3699 κολάσαι
726 3648 853 3711 τοὺς
879 3649 1229 3713 ὑπευθύνους,
1259 3652 1609 3715 καὶάπειθείς
1636 3654 1807 3718 οὐδεὶς

230 3735 387 3805 αὐτῷ
416 3736 571 3805 λόγος
614 3739 829 3808 περιῆν·
865 3739 953 3793 διὰ
978 3739 1133 3793 τοῦτο
1163 3742 1406 3813 ἐπήγαγε
1426 3743 1806 3814 διορθούμενος

226 3826 335 3895 τὴν
388 3828 603 3908 ἀπύτην
653 3830 865 3883 αὐτῶν*
911 3850 928 3880 ι
955 3826 1026 3886 Οὗ
1056 3832 1115 3885 τὲ
1137 3832 1301 3886 πτύον
1332 3837 1392 3891 ὲν
1427 3839 1489 3906 τῇ
1521 3839 1663 3907 χειρὶ
1705 3837 1804 3889 αύ-

228 3919 329 3973 τςῖι
384 3920 502 3992 [καὶ
532 3918 910 3991 διακαθαρίσει
940 3928 1037 3996 τὴν
1078 3927 1257 3980 ἅλωνα
1315 3929 1478 3983 αὐτοῦ
1578 3949 1594 3980 ι
1623 3926 1752 3984 Οἷον
1780 3930 1794 3980 ι

227 4011 294 4062 οὗ
328 4011 490 4080 μόνον
534 4014 683 4065 ἐστὶν
741 4015 1109 4083 εὐεργετικὸς,
1171 4019 1264 4071 καὶ
1313 4021 1546 4090 χορηγὸς
1577 4021 1807 4090 ἄφθονος

229 4105 353 4165 τοῖς
409 4103 733 4175 ἐπιτηδείοις
765 4106 875 4159 τῶν
920 4108 1160 4175 ἀγαθῶν,
1198 4109 1335 4163 ἀλλὰ
1361 4112 1456 4164 καὶ
1486 4112 1805 4177 κολαστικδς

228 4193 346 4246 τῶν
395 4194 677 4265 ἐκθέσμων
736 4195 932 4266 ἔργων,
964 4198 1057 4251 καὶ
1108 4196 1218 4252 τῶν
1249 4202 1611 4270 παραϐάσεων
1638 4220 1807 4272 τιμω-

232 4286 487 4357 ρητικός.

314 4395 333 4428 ι
365 4377 437 4429 Τὸ
459 4377 567 4448 γὰρ
613 4378 780 4430 πτύον
819 4380 876 4431 ἐν
928 4381 994 4449 τῇ
1049 4381 1191 4451 χειρὶ
1253 4382 1417 4435 αὐτοῦ
1458 4402 1476 4434 ι
1514 4385 1637 4438 ἀντὶ
1668 4383 1761 4437 τοῦ
1788 4402 1800 4415 ·

234 4469 539 4539 Πρόχειρος
568 4468 713 4540 αὑτῷ
740 4471 773 4540 ἡ
823 4471 1217 4543 ἀνταποδοτικὴ
1248 4473 1358 4526 τῶν
1411 4474 1628 4542 φαύλων
1665 4478 1807 4547 πρόι-

231 4561 379 4624 ξεων
405 4561 648 4630 τιμωρία
666 4561 871 4632 ,ὥσπερ
894 4563 958 4631 δὴ
978 4563 1071 4615 καὶ
1092 4563 1199 4615 τῶν
1229 4563 1408 4617 καλῶν
1429 4567 1742 4635 ἀντιμισθία
1762 4568 1809 4622 ιε.

228 4650 330 4701 Διὸ
379 4649 412 4717 ἡ
467 4649 821 4714 διακρίνουσα
879 4649 973 4703 καὶ
1035 4650 1343 4721 χωρίζουσα
1389 4654 1638 4723 δύναμις,
1718 4658 1814 4708 καὶ

237 4738 462 4803 ἐξουσία
490 4740 615 4801 τοὺς
648 4739 864 4811 ἐνόχους
893 4742 1162 4809 τιμωρίας
1191 4742 1298 4795 τῶν
1338 4744 1503 4807 ἀξίων
1528 4744 1625 4815 τὴς
1655 4747 1814 4819 εὐερ-

231 4832 429 4899 γεσίας
461 4830 774 4904 [πρόχειρος
819 4832 989 4904 αύτῷ,
1039 4834 1071 4904 ἡ
1113 4834 1215 4887 ἀνὰ
1248 4835 1449 4907 χεῖρα].
1490 4835 1579 4901 Ἐξ
1625 4834 1686 4891 οὗ
1713 4839 1803 4892 τὸν

235 4924 343 4994 μὲν
405 4925 571 4987 σῖτον,
633 4924 692 4977 ὃν
756 4922 852 4976 νῦν
910 4926 939 4976 ὁ
989 4923 1099 4977 τῶν
1179 4925 1399 4979 δικαίων
1468 4928 1803 5001 ὀνομαζόμε-

309 5040 355 5071 ⁸⁷
398 5039 532 5095 Luc.
572 5054 649 5104 ιιι,
686 5037 739 5090 7.
816 5036 861 5067 ⁸⁸
889 5034 1138 5102 ibid.,i6

303 5272 332 5346 ‘_
359 5274 425 5328 Ν.
475 5273 840 5346 χαριζόμενοι.
871 5343 879 5346 _
920 5276 947 5314 8
978 5273 1041 5327 Ν.

241 5355 260 5393 ι
289 5344 357 5401 Ν.
396 5340 684 5399 τουτέστι.’
735 5343 760 5381 ιι
793 5343 896 5398 ἀνὰ
924 5340 1110 5415 χεῖρας
1144 5340 1305 5397 αὑτοῦ
1339 5344 1375 5413 ἡ
1401 5343 1541 5397 διακ.
1579 5342 1644 5398 Ν.

1911 3113 2141 3166 nenique
2182 3097 2416 3151 ﬁliorum
2472 3098 2716 3152 tribuens
2756 3114 2856 3152 nos
2904 3100 3234 3168 perennibus
3290 3100 3477 3169 gratiae

1908 3189 2130 3244 ﬂuentis
2149 3190 2386 3259 undique
2410 3189 2818 3259 circumfundit)
2851 3208 2867 3243 :
2907 3207 3028 3244 cum
3052 3206 3140 3245 res
3163 3190 3475 3260 hujusmodi

1907 3282 2198 3347 salutares,
2230 3290 2284 3335 et
2312 3282 2495 3335 multa:
2526 3282 2910 3337 muniﬁcentia
2946 3282 3130 3350 plenas
3176 3297 3475 3337 memoras-

1908 3383 2021 3439 set;
2056 3388 2120 3427 ne
2151 3372 2475 3440 quibusdam
2513 3375 2804 3436 videretur,
2864 3372 3208 3442 Redemptori
3254 3373 3472 3443 quidem

1909 3477 2098 3521 nostro
2129 3468 2254 3521 talia
2276 3466 2606 3521 concedendi
2647 3468 2807 3529 dona,
2853 3474 2908 3519 et
2941 3482 3040 3520 nos
3090 3475 3235 3519 tanta
3275 3465 3475 3519 beneﬁ-

1908 3559 2083 3612 cvntia
2117 3559 2428 3612 cumulandi
2478 3566 2531 3612 et
2576 3558 2907 3613 voluntatem
2950 3558 3163 3621 adesse,
3199 3566 3253 3610 et
3298 3558 3473 3611 virtu-

1909 3657 2054 3716 tem;
2094 3654 2218 3704 reos
2274 3660 2479 3713 autem,
2530 3658 2988 3719 contumacesque
3025 3649 3273 3703 homines
3334 3648 3474 3702 ulci-

1911 3741 2120 3803 scendi,
2152 3756 2216 3794 ac
2245 3740 2508 3809 plectendi
2557 3741 2759 3794 nullam
2800 3741 2999 3795 habere
3031 3741 3330 3804 rationem;
3388 3740 3473 3794 id-

1909 3831 2055 3886 circo
2077 3831 2141 3885 ad
2172 3847 2360 3885 eorum
2422 3846 2660 3886 errorem
2714 3832 3091 3901 corrigendum
3131 3831 3364 3899 subjecit
3412 3830 3477 3884 il-

1913 3924 2001 3977 lud
2040 3943 2052 3977 :
2091 3942 2110 3974 ι
2143 3924 2313 3994 Cujus
2341 3926 2703 3980 ventilabrum
2735 3926 2786 3979 in
2815 3941 2975 3979 manu
3006 3925 3147 3993 ejus,
3170 3934 3223 3978 et
3246 3924 3477 3979 munda-

1911 4015 1992 4069 hit
2024 4030 2207 4069 arcam
2236 4032 2412 4069 suam.
2453 4035 2470 4067 ι
2508 4014 2738 4070 Perinde
2756 4031 2821 4070 ac
2864 4017 2909 4069 si
2939 4016 3142 4070 diceret
3178 4032 3195 4071 :
3230 4015 3319 4069 Ille
3366 4030 3475 4069 non

1908 4107 2073 4160 modo
2098 4106 2374 4161 beneﬁcus
2412 4116 2513 4170 est,
2576 4108 2888 4175 effususque
2948 4107 3213 4161 bonorum
3256 4106 3477 4175 largitor

1907 4212 2036 4267 erga
2060 4199 2311 4253 homines
2336 4200 2472 4253 bene
2499 4200 2814 4268 dispositos,
2840 4199 2934 4253 scd
2964 4208 3017 4253 et
3042 4213 3330 4267 pravorum
3347 4212 3479 4267 ope-

1914 4307 2032 4344 rum
2063 4291 2229 4354 ultor.
2260 4300 2315 4345 et
2351 4292 2642 4345 criminum
2673 4302 2756 4344 est
2785 4298 3098 4358 persecutor

1985 4382 2398 4437 «Ventilabrum
2433 4383 2576 4436 enim
2642 4381 2697 4435 in
2723 4397 2886 4434 manu
2912 4382 3031 4448 ejus
3074 4399 3091 4432 ι
3133 4380 3272 4434 idem
3319 4389 3480 4435 sonat

1911 4490 1974 4528 ac
2005 4475 2135 4528 illud
2169 4475 2264 4527 :ln
2301 4474 2551 4528 manibus
2575 4474 2694 4541 ejus
2724 4488 2899 4542 pmnae
2936 4472 3109 4540 culpis
3154 4469 3477 4541 irrogandaa.

1912 4565 1989 4617 uti
2021 4572 2074 4618 et
2106 4564 2325 4632 praemia
2359 4562 2719 4632 impendenda
2766 4563 3059 4615 virtutibus
3119 4562 3292 4629 posita
3330 4567 3478 4613 sunt.

1912 4656 2092 4720 Quare
2126 4656 2207 4709 vis
2238 4664 2292 4709 et
2333 4663 2570 4721 potestas
2623 4653 2731 4718 illa,
2777 4667 2898 4723 quae
2928 4652 3177 4705 homines
3218 4648 3483 4718 supplicio

1914 4747 2180 4801 obnoxios
2210 4747 2280 4800 ab
2310 4746 2397 4808 iis,
2443 4744 2533 4814 qui
2562 4745 2810 4799 mercede
2841 4752 2968 4799 sunt
2998 4742 3168 4812 digni,
3222 4742 3484 4796 discernit

1915 4855 1980 4893 ac
2002 4839 2215 4902 dividit,
2248 4838 2300 4891 in
2329 4846 2580 4906 promptu
2614 4836 2713 4901 illi,
2754 4836 2867 4889 sive
2921 4850 3032 4905 prae
3085 4834 3338 4888 manibus
3377 4841 3482 4888 est.

1921 4930 2215 5001 Propterea
2276 4928 2649 4994 frumentum,
2719 4928 2879 4998 cujus
2940 4928 3162 4982 nomine
3207 4926 3483 4996 iustorum

1506 5133 1737 5190 VARle
1789 5136 2197 5195 LECTIONES.

1080 5272 1303 5353 βούλει.-
1350 5271 1519 5353 ξῌὶο.
1554 5273 1646 5353 lat.
1678 5273 1804 5331 Mal.
1825 5276 1889 5330 N.
1920 5280 1982 5333 C.
2017 5294 2091 5345 ix,
2131 5297 2184 5349 p.
2218 5280 2342 5344 660,
2385 5281 2506 5350 661,
2539 5281 2728 5353 paucis
2766 5280 3009 5335 mutatis.
3092 5282 3107 5321 ί
3142 5277 3207 5334 N.
3238 5277 3487 5349 δύναμις.

1755 5430 1986 5487 NOTAE.

314 5529 429 5601 (68)
462 5528 707 5596 Huiusq.
735 5529 854 5585 Cat.
887 5529 1029 5591 Nic.,
1064 5545 1134 5601 γι).
1166 5528 1289 5584 659.

317 5596 431 5667 (69)
460 5600 554 5655 liae
579 5601 839 5670 propositi
870 5596 1093 5653 oraculi
1112 5596 1681 5670 commentationesin
1714 5597 1811 5670 SS.

1921 5528 2069 5580 tione
2098 5536 2415 5580 occurrunt.

1996 5598 2294 5671 (70)“Prior
2325 5614 2451 5671 pars
2482 5596 2645 5671 hujus
2671 5598 2991 5671 quaestionis
3011 5598 3251 5671 occurrit
3276 5613 3497 5671 quoque

242 5664 839 5742 Hieronvmomilario,
871 5671 1192 5742 Augltstino,
1220 5664 1817 5742 Ambrosio,_Gregorio
1922 5664 2341 5742 aptid‘Nit-etaui
2384 5670 2434 5723 in
2488 5664 2702 5723 Catena
2742 5670 2863 5735 Mai,
2917 5682 3040 5723 nov.
3085 5669 3209 5725 coll.
3236 5664 3498 5742 t.'lX,'p.

244 5741 434 5797 bomil.
460 5736 557 5797 '20.
578 5741 632 5794 in
663 5739 853 5796 Matth.
887 5749 935 5797 et
964 5736 1273 5810 ’Enthyntio
1306 5739 1491 5796 eadem
1522 5736 1691 5792 ferme
1722 5754 1814 5791 ra-

1922 5739 2190 5806 660,661.
