3888 6186
393 278 491 340 231

1547 265 1810 328 PHOTII
1846 266 2354 328 PATRIARCIL'E
2385 266 2493 327 ΟΡ.

3544 261 3651 325 232

397 401 594 459 agmen
647 394 793 437 nunc
843 378 1204 450 significatur,
1240 377 1293 432 in
1341 392 1576 446 superna
1606 377 1803 433 horrea
1834 393 1964 434 con-

2076 397 2159 444 νος
2195 380 2377 450 χορὸς,
2400 380 2480 442 είς
2511 378 2610 438 τάς
2649 375 2762 429 ἄνω
2801 373 2970 444 μονὰς
3007 371 3437 444 ἀποθησαυρίζει
3482 369 3526 436 λ,
3566 373 3652 424 ὲν-

391 487 601 554 gregat,
627 476 679 530 in
721 473 923 544 quibus
946 470 1362 541 prompturariis
1391 486 1492 525 nec
1516 471 1681 534 tinea,
1713 486 1811 525 nec
1841 486 1970 527 esus

391 567 688 630 consumit,
735 579 835 619 nec
886 561 1036 617 fures
1069 563 1366 626 effodiunt,
1411 572 1572 631 atque
1615 561 1966 630 subripiunt:

391 658 690 717 sceleratos
737 662 920 708 autem
981 651 1257 715 homines,
1324 651 1530 719 quibus
1572 651 1967 720 suppliciorum

390 748 726 822 perenuitas,
779 752 1040 818 tanquam
1087 744 1213 798 mali
1244 743 1482 808 culmen,
1536 743 1816 808 adiicitur,
1861 740 1968 811 igni

391 836 818 910 inexstinguibili
856 844 1122 892 aeternum
1148 835 1452 892 cruciatum
1501 835 1803 890 continenti
1857 843 1969 888 tra-

391 935 605 989 diturus
635 940 734 986 est.

469 1023 864 1079 Verosimiliter
897 1030 1078 1076 autem
1114 1039 1133 1071 ι
1161 1020 1516 1075 ventilabrum
1539 1020 1592 1073 in
1614 1033 1780 1074 manu
1811 1019 1961 1090 ejus»

394 1124 726 1185 promptam,
795 1121 849 1166 et
896 1112 1202 1181 expeditam
1267 1110 1470 1165 Christi
1527 1111 1797 1165 actionem
1864 1110 1968 1165 sub

395 1207 684 1276 aenigmate
707 1201 978 1273 significat
1004 1219 1016 1255 :
1052 1217 1228 1270 neque
1253 1201 1398 1255 enim
1422 1217 1518 1272 per
1533 1200 1964 1268 meditationem,

393 1311 570 1366 neque
623 1311 720 1365 per
771 1310 1003 1357 moram,
1052 1308 1226 1363 nequc
1273 1307 1366 1362 per
1422 1293 1958 1363 argumentationum

394 1385 702 1455 indaginem
739 1383 994 1438 meliores
1043 1399 1072 1436 a
1104 1381 1466 1437 deterioribus
1509 1382 1813 1448 discernit;
1870 1383 1966 1439 sed

391 1494 423 1532 c
474 1477 728 1547 vestigio,
793 1484 846 1531 et
898 1475 1188 1544 derepente
1243 1474 1630 1530 salvandorum
1676 1487 1886 1547 partem
1933 1491 1965 1531 a

391 1570 719 1625 damnandis
761 1569 1043 1640 dispescit.
1119 1568 1339 1625 Scilicet
1385 1569 1580 1635 voluit,
1653 1569 1838 1626 secuta
1883 1579 1968 1625 est

390 1662 684 1731 separatio,
708 1661 1300 1732 praecessitjudicium,
1337 1669 1391 1716 et
1428 1676 1553 1716 cum
1589 1661 1798 1732 judicio
1847 1661 1967 1717 vin-

2071 466 2159 533 αἷς
2197 470 2508 538 ἀποθήκαις
2531 467 2656 522 οὔτε
2685 467 2782 536 σὴς
2816 464 2943 519 οὔτε
2978 464 3180 538 βρῶσις
3223 462 3498 532 ἀφανίζει,
3522 462 3650 517 οὔτε

2073 561 2304 616 κλέπται
2334 556 2702 629 διορύσσουσι,
2736 556 2831 610 καὶ
2859 555 3154 609 κλέπτουσι
3179 571 3194 586 ο
3222 548 3303 616 οἷς
3329 554 3387 606 δὲ
3412 552 3476 606 τὸ
3511 552 3652 620 ἀμε-

2069 655 2336 724 τάϐλητον
2389 662 2448 715 ω,
2484 651 2658 706 κακοῦ
2711 650 3022 721 προσθήκη,
3077 651 3191 714 τοῖς
3234 646 3650 719 ἡμαρτημένοις

2073 746 2486 816 συνεφέλκεται,
2509 744 2644 815 πυρὶ
2665 742 2916 813 ἀσϐέστῳ
2939 741 3038 812 τὴν
3059 739 3330 812 τιμωρίαν
3352 738 3453 793 οὐκ
3471 737 3649 809 ἔχοντι

2069 840 2366 912 λήγουσαν,
2397 837 2623 900 τούτους
2654 833 3098 906 παραπέμψειεν.

2140 1013 2380 1077 Εἰκότως
2410 1013 2466 1066 δὲ
2502 1030 2520 1063 ι
2570 1013 2632 1066 τὸ
2663 1013 2722 1065 ἐν
2769 1013 2835 1082 τῇ
2883 1009 3030 1081 χειρὶ
3087 1009 3254 1063 αὐτοῦ
3295 1008 3485 1074 πτύον,
3519 1028 3540 1062 ι
3585 1009 3651 1063 τὸ

2069 1107 2366 1178 πρόχειρον
2396 1103 2794 1175 αἱνιγματίζει,
2838 1103 2934 1156 καὶ
2958 1103 3175 1173 ἕτοιμον
3200 1119 3214 1133 ·
3255 1102 3317 1154 οὐ
3350 1101 3459 1171 γὰρ
3487 1100 3649 1170 μελέ-

2067 1215 2154 1266 τῃ,
2187 1191 2284 1251 καὶ
2316 1197 2593 1268 λογισμῶν
2628 1194 2824 1266 ἐρεύνῃ
2865 1193 3176 1264 διαχωρίζει
3216 1191 3327 1246 τῶν
3361 1191 3651 1262 βελτιόνων

2067 1293 2194 1354 τοὺς
2225 1288 2477 1362 χείρονας
2499 1303 2511 1316 ·
2540 1287 2675 1341 ἀλλά
2704 1288 2768 1340 ὲκ
2799 1285 2891 1338 τοῦ
2915 1285 3136 1348 εὐθέως,
3173 1284 3269 1338 καὶ
3303 1283 3651 1354 παραχρῆμα

2066 1381 2366 1436 διαστέλλει
2394 1383 2492 1452 τῆς
2539 1379 2855 1452 σωζομένης
2887 1377 3083 1450 μοίρας
3120 1378 3180 1430 τὸ
3207 1377 3647 1448 τιμωρούμενον.

2080 1473 2384 1544 Ἥὸουλήθη
2415 1472 2546 1544 γὰρ,
2585 1469 2952 1541 ἠκολούθησεν
2981 1470 3014 1540 ἡ
3055 1467 3352 1538 διάκρισις,
3379 1465 3652 1538 προῆλθεν

2067 1567 2100 1636 ἡ
2136 1567 2336 1636 κρίσις,
2365 1565 2463 1619 καὶ
2518 1565 2551 1634 ὴ
2589 1563 2830 1635 τιμωρὸς
2884 1559 3235 1632 συμπροῆλθε
3286 1559 3446 1628 δίκη·
3478 1558 3652 1630 ἁθρόα

2067 1658 2176 1728 γὰρ
2203 1656 2435 1711 ἐνώπιον
2463 1655 2599 1709 Θεοῦ
2630 1656 2833 1710 πάντα.
2852 1653 3012 1707 Ἐπεϊ
3031 1653 3124 1707 καὶ
3155 1651 3455 1723 ἡτιμωρὸς
3491 1650 3653 1722 ἐνέρ-

389 1729 490 1807 (ιοᾷ
517 1729 728 1823 justitia
755 1770 768 1820 ;
797 1729 1209 1824 quippe'unico
1247 1763 1372 1808 actu
1431 1753 1484 1806 in
1529 1729 1821 1822 conspectu
1870 1751 1963 1806 Dei

2076 1766 2216 1816 γεια,
2241 1749 2334 1802 καὶ
2365 1747 2488 1819 δίκη
2512 1746 2785 1817 πάρεδρός
2815 1747 2954 1808 ἐστι,
2998 1745 3094 1797 καὶ
3123 1743 3389 1815 ὑπηρέτις
3415 1742 3525 1797 τῶν
3556 1741 3652 1795 τοῦ

389 1853 518 1900 sunt
595 1844 870 1899 universa.
957 1843 1410 1914 Quandoquidem
1471 1843 1542 1898 ita
1603 1843 1852 1906 astitrix,
1912 1852 1966 1897 ct

387 1937 637 1991 ministra
683 1936 1014 2008 judiciorum
1055 1936 1146 1990 Dei
1198 1945 1282 1990 est
1315 1936 1557 2006 potentia
1588 1935 1871 2005 puniendi,
1907 1943 1963 1988 et

383 2030 627 2099 justitia;
683 2029 1144 2099 quemadmodum
1198 2037 1252 2082 ct
1288 2029 1533 2098 profusa,
1599 2037 1654 2081 et
1707 2026 1960 2096 benigna,

387 2138 718 2192 omnemque
743 2121 1128 2192 gratitudiuem
1143 2119 1414 2175 excedens
1437 2119 1829 2183 remuneratio,
1855 2134 1961 2188 qua

387 2214 546 2268 nobis
581 2213 806 2268 meliora
839 2211 1089 2282 largitur.
1146 2211 1502 2266 Frumentum
1537 2211 1779 2280 profecto
1808 2225 1962 2265 sacra

387 2305 605 2374 eloquia
647 2303 770 2358 illos
805 2303 1100 2372 appellant,
1159 2303 1255 2372 qui
1311 2303 1616 2365 nobilitate,
1676 2317 1840 2372 quam
1895 2303 1963 2356 ab

388 2397 546 2451 initio
576 2396 952 2459 obtinuerunt,
982 2395 1275 2461 custodita,
1309 2396 1600 2464 pristinum
1655 2397 1843 2458 etiam,
1896 2410 1964 2449 ac

389 2484 629 2538 salutare
686 2499 873 2538 semen
922 2499 953 2537 a
1002 2482 1112 2536 Deo
1159 2493 1369 2550 natura:
1407 2483 1787 2550 commissum,
1839 2500 1962 2554 ger-

389 2591 611 2629 manum
664 2591 970 2646 purumque
1000 2593 1173 2647 usque
1224 2577 1291 2632 ad
1354 2577 1527 2648 ipsam
1579 2576 1790 2632 fructus
1837 2592 1964 2646 pro-

389 2669 698 2724 ductionem
750 2679 1148 2725 conservaruut
1188 2689 1202 2724 :
1237 2669 1423 2725 fenum
1470 2681 1674 2733 autem,
1732 2678 1786 2723 et
1826 2668 1967 2738 ignis

391 2775 575 2815 escam
592 2769 910 2830 nuncupant
932 2777 1048 2827 eos,
1074 2763 1128 2816 in
1150 2762 1347 2832 quibus
1366 2770 1600 2817 counata
1627 2760 1964 2816 zizaniorum

391 2851 655 2907 immistio
706 2854 932 2924 spiritus
971 2853 1258 2910 sull‘ocavit
1295 2854 1589 2920 culturam,
1641 2860 1694 2907 et
1749 2850 1966 2922 frugum

2073 1841 2207 1896 Θεοῦ
2229 1841 2546 1914 χριμάτωνο
2572 1839 2762 1908 ὥσπερ
2792 1840 2825 1908 ἡ
2855 1837 3104 1908 ἄιρθονος,
3131 1835 3225 1890 καὶ
3247 1835 3651 1904 φιλάνθρωπος,

2071 1936 2168 1988 καὶ
2191 1935 2458 2006 κρείττων
2499 1932 2738 2002 ἀμοιὸἧς
2786 1930 3162 1995 ἀνταπόδοσις,
3207 1929 3275 1982 δι’
3331 1922 3397 1999 ἦς
3427 1928 3560 1997 ἡμῖν
3583 1927 3655 1978 τὰ

2071 2027 2280 2098 ἀμείνω
2314 2025 2732 2097 πρυτανεύεται.
2764 2025 2918 2078 Σίτον
2952 2023 3135 2093 μέντοι
3185 2021 3441 2094 ὀνομάζει
3481 2020 3548 2074 τά
3572 2021 3651 2073 is-

2077 2118 2148 2191 ρὰ
2183 2117 2364 2186 λόγια,
2407 2118 2605 2182 οἵτινες
2639 2115 2737 2186 τὴν
2782 2116 2839 2182 ἐξ
2888 2115 3064 2186 ἀρχῆς
3092 2113 3372 2182 εὐγένειαν
3414 2112 3659 2182 φυλαξὲ-

2075 2226 2230 2280 μενοι
2261 2209 2356 2263 καὶ
2388 2209 2487 2278 τῆς
2515 2206 2702 2262 θεόθεν
2726 2209 2792 2278 τῇ
2828 2205 2987 2276 φύσει
3023 2206 3458 2277 καταϐληθείσης
3489 2207 3657 2276 ἀρχε-

2071 2301 2231 2368 γόνου
2263 2317 2346 2366 τε,
2379 2300 2472 2352 καί⁵
2525 2295 2795 2369 σωτηρίου
2833 2301 3043 2369 σπορᾶς
3093 2299 3154 2352 τδ
3197 2298 3505 2364 ἀνόθευτον,
3559 2297 3659 2350 καὶ

2074 2393 2316 2462 καθαρὸν
2350 2393 2543 2464 μέχρις
2576 2394 2750 2464 αὐτῆς
2772 2394 2870 2462 τῆς
2893 2391 3272 2464 καρποφορίας
3301 2390 3654 2445 διεσώσαντο·

2072 2486 2277 2559 ἄχυρον
2299 2486 2380 2552 δὲ,
2409 2485 2504 2539 καὶ
2537 2487 2707 2558 πυρὸς
2757 2485 3026 2556 δαπάνην,
3049 2481 3129 2549 οἷς
3165 2488 3197 2556 ὴ
3253 2485 3505 2556 ἐπιμιξία
3545 2485 3660 2538 τῶν

2075 2577 2332 2643 ζιζανίων
2363 2582 2716 2649 παραφυεῖσα
2743 2579 2843 2650 τὴν
2888 2578 2982 2632 τοῦ
3023 2579 3335 2648 πνεύματος
3382 2578 3662 2648 γεωργίαν

2074 2671 2425 2737 ἐναπέπνιξε,
2461 2677 2556 2726 καὶ
2617 2673 3052 2744 ἀτελεσφόρητον
3105 2670 3503 2741 ἀπειργάσατο,
3563 2673 3666 2724 καὶ

2075 2759 2210 2829 πρὸς
2231 2759 2328 2830 τὴν
2357 2760 2464 2814 τῶν
2503 2761 2701 2814 σκυὸἀ)
2713 2777 2787 2812 ων
2821 2759 3124 2831 ἀχρηστίαν
3149 2761 3246 2832 τὴν
3289 2760 3399 2814 τῶν
3428 2760 3664 2831 καρπῶν

2076 2847 2440 2918 ἐλπιζομένην
2469 2848 2778 2921 ἀπέρριψεν
2809 2859 2836 2886 ιι
2864 2849 3194 2922 ὡραιότητα.

387 2943 774 3013 perfectionem
834 2944 1162 3016 intercepit,
1235 2949 1344 3002 imo
1402 2957 1673 3017 speratam
1739 2946 1956 2998 illarum
2037 2941 2504 3011 pulchritudinem
2559 2943 2629 2998 ad
2683 2942 2935 2999 inutilem
3002 2959 3202 3000 acuum
3289 2930 3665 3000 conditionem

391 3038 618 3108 projecit
645 3037 696 3108 (7
711 3038 728 3090 ι
742 3040 781 3107 ).

460 3133 594 3188 Illud
634 3143 815 3187 autem
869 3152 881 3186 :

389 3224 512 3294 igne
537 3241 554 3273 ›
580 3265 595 3289 ,
651 3223 794 3278 baud
846 3223 918 3276 ita
946 3223 1320 3292 accipiendum
1350 3235 1454 3289 est,
1490 3235 1550 3279 ut
1570 3225 1679 3280 duo
1719 3225 1966 3294 quaedam

391 3315 522 3379 sint,
557 3332 678 3384 qua:
710 3331 822 3371 suae
864 3315 1225 3370 alternatioue
1258 3324 1466 3371 naturae
1528 3319 1747 3372 unicam
1801 3317 1970 3387 bapti-

391 3406 585 3460 smatis
615 3406 891 3472 virtutem,
935 3415 988 3461 et
1018 3407 1414 3476 perfectionem
1453 3409 1766 3464 coniiciunt.
1797 3408 1969 3479 Cujus

390 3498 535 3552 enim
560 3499 636 3552 rei
655 3500 1039 3554 sanctissimus
1053 3500 1294 3568 Spiritus
1319 3500 1387 3554 ibi
1413 3516 1512 3571 pro
1530 3517 1627 3555 sua
1648 3501 1970 3570 operatione

392 3589 572 3646 adhuc
606 3591 912 3661 indigebit?
969 3592 1110 3658 Quid
1158 3604 1337 3647 autem
1369 3594 1473 3648 erit
1515 3593 1602 3649 ille
1630 3593 1768 3664 ignis
1804 3594 1969 3650 simul

394 3683 704 3749 adjunctus,
735 3685 829 3753 qui
877 3684 1180 3738 deficientis
1216 3699 1446 3739 vacuum
1509 3685 1847 3755 complebit?
1900 3687 1970 3740 At

391 3773 523 3827 illud
584 3775 640 3827 in
689 3775 804 3844 igne
858 3791 1003 3830 nunc
1043 3792 1150 3830 una
1179 3777 1418 3831 additum
1457 3787 1560 3839 est,
1624 3787 1680 3832 ut
1732 3777 1969 3848 Spiritus

389 3867 524 3932 vim,
579 3877 632 3924 et
681 3868 973 3925 efﬁcaciam
1010 3871 1308 3927 mundaudi
1341 3873 1607 3927 enuntiet.
1657 3874 1792 3928 Cum
1822 3875 1965 3930 enim

391 3961 730 4016 sanctissimi
767 3960 1006 4032 Spiritus
1035 3965 1176 4019 dona
1233 3965 1373 4020 inter
1403 3981 1465 4020 se
1502 3964 1788 4032 differant,
1861 3981 1968 4022 una

393 4061 578 4106 autem
609 4051 918 4108 divinarum
949 4056 1066 4125 ejus
1087 4057 1470 4125 operationum
1503 4055 1593 4121 sit,
1638 4066 1698 4110 ut
1724 4067 1777 4112 et
1804 4074 1967 4112 mun-

389 4145 500 4206 det,
531 4149 605 4209 et,
658 4147 802 4212 quod
841 4160 1066 4214 pravum
1097 4157 1173 4201 est
1201 4187 1216 4211 ,
1260 4146 1527 4216 destruat,
1588 4150 1964 4220 ipsorumque,

391 4231 446 4283 in
480 4246 619 4301 quos
650 4237 1044 4304 supervenerit,
1088 4247 1252 4294 totam
1308 4243 1534 4295 omnino
1594 4249 1845 4296 naturam
1883 4259 1970 4296 re-

389 4320 612 4390 formet,
668 4326 785 4380 fieri
822 4329 1035 4399 nequit,
1057 4339 1114 4384 ut
1146 4331 1425 4401 quidpiam
1471 4335 1717 4390 eamdem
1755 4335 1968 4390 foedans

385 4414 760 4474 abscondatur
782 4419 961 4475 adhuc
981 4431 1034 4476 ct
1065 4423 1247 4478 lateat.
1880 4417 1884 4420 ’

947 3153 965 3184 ι
992 3132 1295 3202 Baptizabit
1325 3133 1379 3188 in
1403 3134 1607 3205 Spiritu
1645 3143 1836 3190 sancto
1855 3175 1868 3198 ,
1918 3142 1972 3188 et
2001 3145 2047 3206 ο

2157 3133 2230 3184 Τὸ
2269 3134 2325 3185 δέ
2363 3150 2423 3201 γε
2465 3153 2482 3184 ι
2548 3132 2636 3186 Ἑν
2692 3133 2968 3200 Πνεύματι
3012 3133 3154 3204 ἁγίῳ
3211 3132 3492 3203 βαπτίσει,
3565 3131 3667 3184 καὶ

2075 3231 2233 3302 πυρὶ,
2274 3252 2292 3281 ι
2325 3229 2424 3297 οὐχ
2457 3226 2532 3290 ὡς
2553 3226 2646 3280 δύο
2669 3225 2833 3280 τινῶν
2858 3227 2956 3295 τὴν
2980 3223 3143 3296 φύσιν
3164 3223 3666 3296 παρηλλαγμένων,

2079 3322 2207 3392 μίαν
2237 3321 2336 3389 τὴν
2378 3316 2472 3370 τοῦ
2523 3315 2898 3386 βαπτίσματος
2949 3315 3160 3389 χρείαν,
3215 3315 3309 3369 καὶ
3345 3315 3670 3384 τελειότητα

2074 3410 2507 3468 ἀποτελούντων.
2530 3409 2687 3471 Τίνος
2715 3410 2823 3480 γὰρ
2850 3409 2916 3462 ἂν
2944 3410 3038 3462 καὶ
3067 3410 3235 3481 δεήσῃ
3275 3408 3404 3462 ἔνθα
3426 3408 3487 3462 τὸ
3513 3427 3663 3464 παν-

2075 3508 2231 3576 ἀγιον
2281 3503 2506 3573 Πνεῦμα
2544 3505 2802 3573 ὲνεργεῖς
2837 3503 2901 3555 Τί
2950 3503 2996 3556 δ’
3037 3503 3102 3556 ἂν
3131 3503 3217 3571 εἴη
3254 3503 3666 3574 συμπαραλαμ-

2055 3598 2392 3668 -6ανόμενον,
2423 3597 2452 3650 ὃ
2480 3599 2579 3666 τὴν
2607 3597 2792 3667 χώραν
2811 3593 3195 3666 ἀναπληρώσει
3228 3593 3322 3648 τοῦ
3356 3595 3665 3659 λείποντος

2090 3689 2251 3743 Ἀλλά
2278 3707 2341 3759 γε
2373 3692 2434 3743 τδ
2465 3690 2535 3744 ἐν
2559 3690 2701 3757 πυρὶ
2742 3688 2859 3740 νυνὶ
2894 3688 3376 3758 συμπαρείληπται
3405 3691 3505 3759 τὴν
3565 3707 3664 3743 και

2077 3781 2342 3852 θαρτικὴν
2393 3780 2738 3851 ἀπαγγέλλον
2797 3779 2890 3833 τοῦ
2945 3780 3263 3851 Πνεύματος
3319 3781 3552 3853 δύναμίν
3603 3800 3664 3836 τε

2075 3874 2170 3928 καὶ
2229 3875 2528 3944 ἐνέργειαν.
2582 3873 2735 3927 Ἐπεὶ
2793 3872 2900 3944 γὰρ
2952 3873 3186 3945 διάφορα
3235 3875 3330 3930 τοῦ
3391 3861 3666 3946 παναγίου

2076 3963 2399 4036 Πνεύματος
2425 3964 2495 4017 τὰ
2525 3964 2846 4035 χαρίσματα
2869 3981 2882 3995 ·
2923 3963 2983 4018 ἓν
3010 3964 3069 4018 δὲ
3091 3965 3258 4019 αὑτοῦ
3287 3966 3396 4018 τῶν
3427 3966 3661 4038 θεοπρε-

2076 4054 2195 4107 πῶν
2223 4055 2518 4125 ἐνεργειῶν
2555 4057 2651 4108 καὶ
2678 4053 2738 4107 τὸ
2760 4055 3114 4126 καθαρτικὸν,
3155 4058 3249 4111 καὶ
3275 4057 3373 4128 τῆς
3417 4058 3667 4128 χείρονος

2076 4147 2207 4219 ὕλης
2239 4147 2617 4216 ἀφανιστικὸν,
2658 4150 2772 4214 καὶ,
2814 4147 2895 4213 οἷς
2927 4151 2993 4204 ἂν
3047 4152 3476 4220 ὲπιφοιτήσειεν,
3530 4151 3665 4220 ὃλην

2077 4240 2256 4294 διόλου
2287 4242 2387 4311 τὴν
2409 4241 2572 4309 φύσιν
2603 4243 2976 4313 ἀναχωνεύειν
3003 4257 3017 4272 ⁸
3053 4243 3222 4314 μηδὲν
3247 4245 3358 4298 τῶν
3381 4248 3664 4317 καταρρυ-

2076 4333 2328 4386 πούντων
2354 4333 2527 4405 αὐτὴν
2559 4335 2904 4404 ἐμφωλεύειν
2935 4337 3042 4403 ἔτι,
3093 4339 3190 4390 καὶ
3243 4337 3531 4394 λανθάνειν
3575 4344 3664 4395 δυ-

2076 4439 2258 4476 νατον.

461 4505 665 4574 Quare,
690 4526 816 4566 cum
840 4513 1068 4570 dixisset
1105 4533 1124 4566 ι
1144 4515 1198 4569 in
1218 4517 1422 4586 Spiritu
1450 4525 1698 4579 sauctm,
1734 4518 1964 4588 subjecit

2141 4514 2242 4568 Διά
2306 4514 2466 4569 τοῦτο
2528 4515 2700 4570 εἰπὼν
2729 4535 2750 4568 ι
2784 4517 2842 4570 ὲν
2889 4517 3167 4587 Πνεύματι
3212 4518 3372 4588 ἁγίῳ,
3415 4537 3434 4570 ι
3494 4537 3664 4592 προα-

393 4621 477 4665 «et
513 4609 718 4680 igne»,
785 4607 862 4662 uti
916 4607 1121 4661 dixeris
1171 4607 1224 4662 in
1269 4607 1474 4677 Spiritu
1515 4618 1725 4674 sancto,
1749 4614 1840 4679 qui
1870 4612 1968 4665 de-

390 4716 616 4773 generes
653 4710 868 4755 nostras
895 4699 1221 4768 cupiditates
1267 4699 1569 4771 depurgat,
1621 4711 1786 4772 atque
1835 4719 1969 4758 cou-

391 4793 592 4860 sumit;
617 4808 647 4848 a
682 4791 884 4863 quibus
908 4807 1005 4862 per
1031 4793 1406 4863 Operationem
1442 4794 1589 4848 illaut
1609 4835 1624 4861 ,
1654 4811 1774 4865 qum
1810 4796 1969 4866 ignea

391 4896 447 4940 et
470 4883 656 4939 efﬁcax
689 4884 854 4938 simul
883 4883 1133 4950 est,etvi
1169 4883 1500 4940 reconflandi
1531 4886 1779 4956 praedita,
1834 4903 1970 4957 pur-

396 4974 528 5045 gati,
557 4975 902 5031 sanctitatem
944 4973 1160 5044 assequi
1193 4991 1490 5030 meremur.
1535 4995 1551 5026 ι
1580 4974 1792 5031 Etenim
1827 4981 1968 5033 Deus

2073 4609 2240 4679 ἐθηκε
2279 4629 2297 4661 ι
2329 4609 2423 4662 καὶ
2460 4610 2596 4680 πυρὶ
2619 4649 2635 4674 ,
2673 4629 2691 4659 ι
2729 4610 2818 4664 ἵνα
2865 4610 3026 4682 εἴπῃς
3075 4612 3135 4663 ὲν
3184 4611 3467 4682 [Iustitiam
3521 4613 3664 4682 ἁγίῳ

2073 4701 2152 4771 τῷ
2189 4701 2508 4773 καθαρτικῷ
2557 4719 2618 4755 τε
2651 4703 2749 4756 καὶ
2779 4703 3137 4774 δαπανητικῷ
3159 4703 3270 4757 τῶν
3302 4706 3360 4756 ὲν
3389 4706 3523 4774 ἡμῖν
3565 4707 3663 4774 τῆς

2073 4792 2272 4856 κακίας
2302 4793 2489 4846 παθῶν
2513 4810 2528 4826 ο
2567 4789 2644 4849 ὧν
2672 4793 2759 4848 διὰ
2785 4795 2884 4865 τῆς
2914 4795 3187 4866 ἐμπύρου,
3231 4797 3325 4850 καὶ
3363 4797 3664 4866 δραπικῆς

2074 4885 2214 4954 ἅμα,
2247 4885 2342 4938 καὶ
2377 4889 2824 4960 ἁναχωνευτικῆς
2847 4889 3132 4958 ἐνεργείας
3171 4889 3662 4962 ἀποκαθαιροὺμε-

2073 4993 2158 5030 νοι
2173 4978 2271 5048 τῆς
2300 4979 2588 5051 ἁγιότητος
2614 4979 2935 5052 ἀξιούμεθα.
2961 5002 2981 5034 ι
3011 4982 3123 5036 Καὶ
3152 4984 3262 5055 γὰρ
3295 4985 3324 5038 ὁ
3351 4983 3482 5047 Θεὸς
3504 4983 3660 5054 ἡμῶν

1732 5131 1969 5190 VARI/F4
2012 5133 2416 5191 LECTIONES.

503 5269 518 5310 ὶ
546 5268 612 5324 Ν.
638 5270 736 5332 τὰς
759 5268 1001 5332 αἰωνίας.
1114 5280 1148 5300 ³³·
1186 5268 1250 5321 Ν.
1288 5269 1720 5338 ἀμεταμέλητον.

1835 5281 1861 5307 ιι
1885 5260 2099 5326 ἀν’Νἰο.
2137 5272 2429 5345 Hucusque
2466 5277 2581 5330 Lat.

1922 5449 2150 5507 ΝΟΤᾹΞ.

457 5637 573 5712 (71)
625 5637 756 5706 Quae
786 5639 1317 5712 Pbotiusrbacteuus
1375 5642 1700 5712 disputavit,
1756 5645 1957 5698 nemini

388 5710 640 5764 videntur
667 5724 826 5776 nova,
861 5712 907 5766 si
939 5711 1236 5782 scriptores
1269 5712 1401 5777 adit,
1431 5710 1522 5784 qui
1559 5715 1611 5768 iu
1649 5711 1843 5768 Matth.
1873 5731 1955 5779 nt,

2074 5647 2161 5712 12,
2196 5659 2638 5705 commentantur
2687 5671 2699 5705 :
2744 5651 2924 5706 fusius
2959 5661 3160 5714 tamen,
3222 5661 3298 5709 uti
3326 5651 3487 5718 solet,
3527 5653 3650 5707 Cor-

2071 5722 2248 5774 nelius
2278 5736 2313 5774 ιι
2339 5721 2541 5792 Lapidc
2573 5722 2675 5778 ista
2716 5724 3084 5794 persequitur.
