3808 6296
382 303 493 367 Ἁὸ

1545 306 1806 368 PHOTII
1844 304 2351 366 PATRIARCHE
2384 308 2493 367 CP.

3539 302 3639 367 236

381 413 606 470 tentiam
631 415 953 485 suscipere?
1000 416 1048 473 Is
1075 417 1360 485 nimirum,
1404 419 1496 489 qui
1532 420 1747 475 modica
1778 422 1960 490 aliqua

2103 418 2173 491 ὰρ
2205 419 2234 470 ὁ
2267 418 2367 490 μὲν
2406 418 2487 489 τῷ
2532 418 2741 490 μετρίῳ
2791 418 2890 489 τῆς
2945 416 3216 488 τιμωρίας
3260 414 3337 487 μὴ
3384 432 3643 485 σωφρονια

384 507 741 577 castigatione
790 524 900 564 non
970 511 1223 583 resipuit,
1279 527 1429 581 spem
1484 513 1745 583 relinquit
1769 529 1828 569 sc
1852 512 1966 569 for-

386 610 533 653 tasse
560 600 757 654 acriori
799 602 904 656 alia
936 618 1096 672 posse
1131 604 1199 658 ad
1244 604 1681 660 emendationem
1717 608 1964 676 perduci.

384 694 456 744 At
482 693 575 762 qui
607 710 673 748 ne
707 711 802 764 per
828 696 967 751 hanc
995 698 1212 767 quidem
1240 700 1553 769 corrigitur,
1577 714 1753 768 neque
1780 716 1970 768 sapere

387 786 587 839 melius
614 802 733 840 esse
766 787 935 849 ducit,
991 804 1152 857 quam
1177 790 1453 855 insanire;
1511 792 1598 844 hic
1632 792 1826 845 mentis
1857 807 1969 846 sua:

387 876 588 930 vulnus
649 875 851 930 fatetur
897 892 1021 932 esse
1064 880 1391 935 insanabile.
1478 880 1579 946 Qui
1630 891 1813 937 autem
1864 898 1969 937 non

392 966 621 1019 modoin
643 967 918 1022 meliorem
945 968 1154 1033 frugem
1182 986 1300 1025 sese
1318 987 1425 1025 non
1457 974 1667 1042 recipit,
1692 974 1785 1028 sed
1805 975 1968 1028 etiam

392 1058 457 1111 ad
475 1059 799 1114 deteriorem
825 1062 1006 1131 p0tius
1024 1062 1261 1127 devenit,
1321 1066 1434 1131 ipse
1462 1066 1669 1135 reliqua
1697 1068 1966 1136 supplicia

394 1168 503 1205 non
533 1152 893 1208 uimiamesse
922 1156 1279 1224 punitionem,
1301 1158 1393 1213 sed
1422 1160 1881 1228 complementum
1905 1160 1973 1214 ad

391 1243 596 1313 justam
614 1260 951 1312 mensuram,
970 1248 1014 1302 si
1033 1264 1137 1303 non
1156 1249 1356 1319 lingua,
1376 1251 1567 1305 saltem
1592 1266 1774 1321 opere,
1794 1253 1977 1308 decer-

396 1352 530 1391 nere
574 1337 806 1391 videtur.
841 1359 858 1390 ι
883 1338 1148 1405 Peccasti,
1181 1341 1257 1394 ait
1302 1340 1585 1405 Dominus,
1609 1344 1830 1412 quit-see
1854 1344 1920 1395 ⁸³.
1952 1362 1971 1394 ι

467 1470 631 1539 Atqui
686 1470 894 1526 Hebraei
934 1480 1046 1525 tum
1074 1472 1178 1526 alia
1226 1482 1446 1541 peccata
1500 1484 1802 1542 patrantes,
1863 1484 1977 1529 tum

400 1576 501 1631 pro
551 1563 867 1619 hominibus
910 1568 1132 1619 meritas
1165 1581 1356 1635 poenas
1410 1568 1687 1623 luentibus
1741 1568 1977 1622 nimium

399 1656 669 1722 dolentes,
704 1674 815 1713 non
862 1660 1037 1714 solum
1093 1674 1201 1713 non
1257 1662 1513 1715 tacebant
1573 1661 1789 1732 (neque
1836 1662 1979 1716 enim

2073 511 2241 575 σθεὶς,
2276 512 2418 581 τάχα
2454 510 2522 564 ἂν
2557 510 2637 581 τῷ
2669 509 2877 581 μείζονι
2918 508 3051 580 πρὸς
3080 508 3178 578 τὴν
3204 508 3490 579 διόρθωσιν
3523 511 3645 562 πολ-

2072 604 2172 667 λὰς
2204 603 2431 665 ἐλπίδας
2455 602 2730 674 παράσχοι
2764 600 3249 673 συνελαθὴσεσθαι.
3288 600 3350 653 '0
3377 600 3433 654 δὲ
3465 601 3534 672 μὴ
3555 602 3648 655 διὰ

2071 694 2265 748 τούτου
2299 696 2709 764 παιδευόμενος,
2750 695 2889 765 μηδὲ
2922 695 2981 748 τὸ
3017 696 3317 763 σωφρονεῖν
3361 693 3640 764 αἱρετώτεο

2077 804 2169 858 ρον
2208 785 2301 838 τοῦ
2360 787 2732 857 παραφρονεῖν
2777 784 3085 855 τιθέμενος,
3133 786 3356 839 ἀνίατον
3404 785 3651 854 ὁμολογεῖ

2076 879 2137 931 τὸ
2159 878 2561 947 πλημμέλημα.
2600 876 2658 930 '0
2690 876 2747 930 δὲ
2779 878 2855 947 μὴ
2893 877 3054 947 μόνον
3098 877 3233 947 πρὸς
3258 877 3320 929 τὸ
3359 876 3554 945 βέλτιον
3577 876 3647 928 οὐ

2082 967 2527 1039 μετατιθέμενος,
2567 967 2702 1021 ἀλλὰ
2731 968 2826 1020 καὶ
2865 968 2958 1020 τοῦ
2988 968 3229 1037 χείρονος
3284 966 3484 1037 μᾶλλον
3510 966 3651 1033 γινό-

2082 1074 2267 1126 μενος,
2300 1057 2359 1109 τὸ
2388 1056 2574 1110 λεῖπον
2612 1057 2710 1127 τῆς
2743 1057 3015 1127 τιμωρίας
3037 1058 3135 1126 οὑχ
3165 1055 3472 1126 ὑπερϐολῆς
3495 1054 3655 1108 κόλα-

2083 1167 2186 1213 σιν,
2215 1149 2351 1203 ἀλλὰ
2374 1151 2453 1213 είς
2483 1150 2580 1220 τὴν
2606 1149 2701 1203 τοῦ
2750 1150 2962 1203 δικαίου
2998 1150 3159 1220 φύσιν
3211 1147 3653 1219 προστιθέμενον,

2082 1241 2187 1296 κᾶν
2230 1243 2305 1313 μὴ
2339 1244 2401 1313 τῇ
2434 1241 2676 1312 γλώσσῃ,
2706 1244 2777 1313 τῇ
2810 1243 3010 1313 πράξει
3038 1242 3094 1295 δὲ
3123 1241 3220 1312 τὴν
3236 1240 3418 1311 ψῆφον
3447 1239 3659 1309 ἐλέγχες

2081 1352 2171 1387 ται
2199 1333 2404 1404 φέρων.
2444 1352 2461 1383 ι
2506 1333 2811 1404 Ἦμαρτες,
2845 1335 3030 1402 φησιν,
3058 1330 3355 1403 ἡσύχασαν.
3390 1350 3411 1381 ι

2156 1467 2220 1519 υἱ
2249 1466 2304 1518 δὲ
2334 1466 2741 1536 ἁμαρτάνοντες
2772 1468 2843 1521 τά
2874 1484 2932 1519 τε
2962 1466 3121 1531 ἄλλα,
3178 1465 3273 1519 καὶ
3320 1459 3404 1528 οἷς
3432 1463 3536 1518 τῶν
3580 1464 3667 1517 δι-

2084 1556 2257 1620 καίως
2285 1556 2381 1627 τὴν
2423 1556 2581 1627 δίκην
2620 1556 2931 1611 δεδωκότων
2983 1558 3353 1629 ὑπερήλγουν,
3406 1557 3465 1610 οὑ
3506 1556 3667 1627 μόνον

2085 1650 2187 1702 οὑκ
2218 1648 2416 1717 ἐσίγων
2445 1648 2587 1719 (οὐδὲ
2620 1649 2729 1720 γὰρ
2758 1650 2845 1702 εῐα
2874 1649 2985 1720 (75)
3022 1648 3129 1703 τῶν
3174 1649 3586 1719 ἁμαρτημάτων
3632 1649 3670 1716 ἡ

400 1748 741 1804 facinoribus
765 1764 861 1818 par
889 1761 1006 1805 erat
1026 1751 1479 1819 animadversio),
1532 1753 1625 1807 sed
1652 1762 1704 1807 et
1734 1754 1983 1824 insurgea

2100 1742 2393 1811 5μοιότης)’
2428 1740 2566 1795 ἀλλὰ
2619 1742 2711 1794 καὶ
2743 1744 2879 1813 πρὸς
2910 1740 3227 1809 γογγυσμὺν
3256 1738 3351 1792 τοῦ
3388 1738 3640 1805 παιδαγω

400 1835 534 1890 haut
573 1837 638 1891 ad
674 1841 1128 1915 murmurantium
1172 1840 1240 1895 de
1269 1858 1369 1895 suo
1403 1842 1563 1905 duce,
1612 1852 1665 1897 et
1704 1861 1798 1913 per
1837 1845 1983 1899 hunc

401 1925 456 1978 in
490 1940 831 1979 communem
861 1926 1173 1994 Dominum,
1212 1931 1587 2002 bonorumque
1640 1933 1980 2005 Largitorem

400 2017 796 2087 irrumpebant,
851 2021 1078 2075 crimine
1110 2022 1315 2090 majore
1361 2026 1541 2080 minus
1572 2026 1717 2080 aliud
1749 2029 1983 2083 abscon-

400 2107 531 2162 dere
570 2110 979 2164 contendentes.
1015 2110 1310 2181 Propterea
1344 2114 1523 2169 simile
1554 2117 1676 2170 aliis
1709 2116 1986 2186 prioribus

398 2201 743 2268 excepissent
770 2202 1065 2265 excidium.
1100 2212 1153 2258 et
1188 2208 1253 2258 ad
1282 2221 1449 2259 unum
1488 2207 1779 2275 periissent
1803 2250 1817 2273 ,
1879 2209 1984 2263 nisi

402 2292 568 2348 Musis
615 2295 945 2363 placationes
970 2306 1023 2350 ct
1050 2300 1613 2366 preccscalamitatem
1629 2304 1895 2358 stitissent
1912 2303 1981 2357 ".

471 2428 625 2495 Quod
659 2430 702 2483 si
760 2432 1012 2500 populus,
1048 2433 1141 2503 qui
1182 2434 1352 2505 legem
1404 2448 1707 2507 acceperat,
1760 2439 1979 2496 virtutis

401 2536 467 2575 ac
497 2521 776 2591 religionis
822 2525 1187 2592 legislatorem
1217 2530 1562 2584 cantionibus
1599 2533 1977 2603 praestigiosis,

403 2607 686 2680 Deumque
729 2611 1072 2668 ﬂectentibus
1118 2617 1500 2684 suspicabatur
1537 2620 1873 2687 incumbere,
1903 2632 1987 2676 at-

403 2717 509 2771 quc
548 2718 643 2772 per
682 2719 775 2758 cas
805 2720 834 2757 a
865 2707 1074 2760 vexatis
1111 2707 1432 2764 hominibus
1468 2726 1661 2780 ptenas
1696 2714 1838 2784 exigi
1866 2754 1880 2776 ,
1934 2725 1987 2770 et

408 2794 509 2847 hoc
541 2795 887 2863 potissimum
939 2807 1095 2865 pacto
1154 2798 1321 2854 Deum
1368 2812 1419 2856 et
1467 2802 1783 2860 Creatorem
1840 2806 1984 2862 facta

408 2883 690 2938 hominum
724 2886 947 2952 intueri,
980 2898 1033 2941 et
1064 2905 1318 2945 coercere
1346 2903 1567 2961 peccata
1596 2913 1611 2961 ;
1669 2896 1833 2951 habet
1866 2900 1987 2967 qui-

406 2978 531 3029 dem
548 2978 852 3045 expeditam
875 2982 1147 3048 proposita
1170 2984 1405 3050 quaestio
1418 2985 1768 3041 solutionem.
1807 2989 1985 3043 Aliam

410 3080 537 3119 vero
559 3067 698 3121 haud
732 3069 954 3124 levioris
981 3075 1241 3126 momenti
1272 3075 1606 3144 impietatem
1633 3078 1750 3146 ipsa
1782 3080 1985 3136 solutio

408 3156 689 3225 patefacit,
721 3170 773 3213 et
804 3161 993 3229 turbae,
1063 3163 1109 3217 si
1162 3163 1301 3219 forte
1356 3169 1555 3221 talibus
1587 3172 1993 3239 suspicionibus

410 3249 650 3317 deceptae
680 3264 1024 3319 erraverunt,
1088 3272 1197 3311 non
1236 3275 1343 3312 una
1381 3277 1576 3328 morte,
1605 3267 1698 3320 sed
1740 3270 1993 3336 pluribus

412 3338 589 3409 digna:
640 3350 768 3395 stunt
813 3346 1003 3412 :quod
1064 3349 1364 3414 praesertim
1433 3351 1601 3424 Magis
1652 3356 1705 3410 in
1762 3358 1995 3432 Egyth

417 3445 521 3483 non
551 3433 740 3497 semel,
763 3434 855 3488 sed
888 3435 1069 3507 decies
1096 3438 1365 3506 confusis,
1386 3458 1685 3513 eorumque
1714 3448 1997 3508 fraudibus

416 3536 510 3591 per
536 3521 703 3578 Mosis
751 3526 996 3596 prodigia
1047 3545 1213 3598 quam
1265 3533 1679 3593 evidentissime
1741 3542 1994 3610 detectis,

414 3616 481 3669 de
522 3616 604 3669 his
626 3618 787 3671 etiam
823 3621 1013 3675 oculos
1051 3623 1181 3691 ipsa:
1203 3640 1330 3679 suos
1356 3628 1628 3684 immunes
1661 3633 1997 3704 deceptionis

414 3718 581 3762 testes
616 3706 902 3765 haberent.
950 3711 1316 3782 Pt‘wtcrqttam
1348 3720 1494 3786 quod
1532 3736 1625 3788 per
1667 3724 1997 3780 incantatio-

417 3820 537 3867 nes,
594 3815 648 3859 et
699 3805 971 3875 praestigia
1014 3807 1269 3874 quisnam
1308 3826 1456 3863 mare
1488 3812 1777 3879 divideret,
1815 3828 1868 3871 et
1897 3834 1995 3887 po-

415 3897 547 3965 pulo
603 3899 822 3966 quidem
877 3914 979 3952 suo
1040 3900 1183 3952 viam
1244 3916 1346 3955 nec
1392 3905 1621 3974 vestigia
1656 3908 1997 3965 bumiditatis

417 3990 741 4043 retinentem
784 3999 1073 4055 sterneret,
1114 3993 1363 4049 hostibus
1413 4008 1594 4052 autem
1650 4010 1997 4072 extempora-

417 4096 581 4135 neum
612 4083 918 4152 sepulcrum
950 4083 1227 4151 aperiret?
1250 4084 1421 4142 Porro
1453 4093 1731 4159 quomodo
1760 4106 1942 4163 posset
1967 4114 1997 4152 e

314 4173 334 4188 '
418 4172 559 4227 eon
606 4188 925 4242 comparare
957 4175 1164 4241 cibum,
1222 4186 1275 4232 et
1311 4196 1555 4236 mensam
1608 4198 1905 4253 apponere,
1942 4199 1997 4243 et

419 4272 612 4320 caetera
648 4275 881 4335 patrare,
929 4285 1047 4338 quae
1078 4269 1255 4326 Moses
1284 4274 1466 4328 divina
1490 4276 1662 4330 fretus
1692 4279 1892 4335 virtute
1927 4284 1995 4336 ad

417 4355 638 4413 lsraelis
656 4360 883 4414 salutem
900 4363 1133 4432 placato,
1157 4376 1496 4437 exoratoque
1514 4367 1745 4426 Numine
1769 4374 1996 4443 agebat?

512 4622 578 4675 At
610 4622 685 4676 illi
716 4622 933 4693 quidem
993 4638 1102 4677 non
1144 4624 1414 4681 immerita
1448 4643 1562 4682 suae
1594 4633 1993 4685 murmuratio-

417 4714 504 4767 nis
528 4729 685 4784 pmna
740 4716 948 4770 multati
978 4726 1126 4771 sunt.
1165 4720 1321 4788 Apud
1383 4720 1621 4789 majores
1674 4731 1853 4775 autem
1899 4738 2000 4777 no-

418 4814 561 4861 stros
606 4809 671 4861 de
708 4808 812 4871 bis,
865 4826 986 4880 qua:
1044 4813 1188 4866 dicta
1219 4821 1368 4877 sunt,
1426 4813 1549 4881 quia
1608 4817 1833 4882 quaestio
1892 4831 2000 4870 non

417 4901 644 4963 exstitit,
679 4900 797 4955 ideo
827 4917 925 4955 nec
956 4903 1154 4957 solutio
1190 4904 1497 4975 exCOgitata
1538 4904 1657 4959 fuit.
1693 4906 1869 4960 Tuum
1901 4923 1999 4961 au-

419 4996 529 5044 tem
582 5000 664 5046 est
736 4994 1059 5061 expendere,
1120 5006 1301 5051 utrum
1358 4996 1471 5051 haec
1524 4998 1642 5067 ipsa
1668 5001 1920 5055 enodatio
1972 5018 2000 5055 a

418 5096 551 5137 vera
572 5086 958 5152 speculatione,
990 5102 1059 5142 an
1099 5104 1130 5142 a
1180 5088 1510 5159 loquacitate
1543 5092 1819 5147 silentium
1869 5109 1997 5147 eru-

420 5174 673 5231 bescente
702 5176 930 5231 oriatur.

2085 1833 2309 1900 γοὺντος
2334 1832 2741 1899 ἀντανίσταντο,
2788 1833 2885 1886 καὶ
2905 1832 2985 1885 δι’
3014 1832 3179 1886 αὑτὸν
3217 1830 3293 1901 τῷ
3335 1830 3500 1899 κοινῷ
3564 1833 3671 1881 Δε-

2087 1926 2282 1999 σπότῃ.
2303 1926 2395 1979 καὶ
2427 1926 2692 1998 εὐεργέτῃ
2714 1927 2919 1997 προσερ
2926 1923 3377 1996 ρήγνυντο,κακῷ
3393 1923 3597 1993 μείζονι
3611 1924 3674 1974 τὸ

2086 2019 2306 2073 ἔλαττον
2348 2018 2779 2088 φιλονεικοῦντες
2829 2017 3283 2089 ἀποκρύψασθαι.
3326 2018 3420 2070 Διὸ
3462 2016 3675 2070 καὶτὸν

2084 2113 2304 2185 ὄλεθρον
2338 2112 2726 2182 παραπλήσιον
2747 2110 2854 2163 τῶν
2876 2110 3298 2181 προδεδωκότων
3331 2110 3672 2180 ἀνεδέχοντο,

2086 2209 2180 2260 καὶ
2210 2206 2477 2274 παγγενεὶ
2506 2204 2760 2281 διώλοντο
2786 2204 2850 2258 ἄν
2873 2218 2887 2233 ο
2918 2204 2967 2256 εί
3000 2202 3076 2273 μὴ
3099 2201 3189 2255 τοῦ
3231 2202 3475 2265 Μωσέως
3503 2203 3532 2255 ό
3587 2200 3678 2263 ἐξ·

2089 2298 2337 2369 ιλασμδς,
2360 2300 2454 2352 καὶ
2481 2299 2515 2368 ἡ
2548 2296 2732 2368 δέησις
2760 2296 2860 2367 τῆν
2890 2294 3117 2368 θραῦσιν
3142 2294 3393 2364 ἔστησεν.

2160 2435 2221 2487 Εἰ
2277 2434 2333 2486 δὲ
2392 2435 2676 2503 γοητικαῖς
2735 2433 3131 2503 μαγγανείαις,
3201 2432 3295 2486 καὶ
3370 2429 3678 2499 θειοδάμοις

2086 2527 2177 2581 τὸν
2244 2526 2343 2595 τῆς
2408 2526 2609 2596 ἀρετῆς
2640 2567 2653 2590 ,
2714 2527 2808 2578 καὶ
2886 2525 3215 2594 θεογνωσίας
3278 2522 3579 2594 νομοθέτην
3648 2522 3679 2571 ὁ

2086 2617 2545 2690 νομοθετούμενος
2599 2617 2921 2671 ἀνακεῖσθαι
2968 2616 3341 2687 ὑπελάμϐανε,
3408 2616 3505 2667 καὶ
3544 2613 3679 2665 ταὺ-

2086 2728 2207 2773 ταις
2237 2709 2662 2781 εἰσπράττεσθαι
2690 2710 2787 2772 τὰς
2819 2711 3093 2781 τιμωρίας
3137 2710 3262 2771 τοὺς
3290 2706 3680 2778 παραλυποὺν·

2086 2820 2186 2865 τας
2225 2796 2337 2871 εἶχε
2369 2802 2647 2871 φρόνημα,
2696 2800 2869 2865 οὑτως
2906 2802 3020 2870 (74)
3054 2802 3142 2853 ἐπὶ
3168 2802 3386 2853 πάντων
3433 2797 3488 2850 δὲ
3522 2797 3674 2862 Θεὸν,

2088 2895 2183 2949 καὶ
2205 2895 2555 2964 Δημιουργὸν
2608 2894 2812 2965 ὲφορᾷν
2861 2894 2928 2946 τὰ
2975 2892 3254 2963 δρώμενα,
3315 2890 3412 2943 καὶ
3464 2890 3681 2958 ἐπέχει-ι

2088 2986 2196 3039 τῶν
2228 2986 2690 3058 παραπτωμάτων
2720 2984 3123 3056 ὲκκαλούμενον
3150 3000 3162 3012 ·
3216 2985 3248 3053 ἡ
3286 2982 3386 3053 μὲν
3425 2979 3681 3050 ἐξαρχῆς

2014 3110 2057 3167 C
2091 3077 2295 3148 ἀπορία
2324 3077 2461 3130 κατὰ
2490 3078 2549 3129 τὸ
2576 3077 2754 3147 ῥᾴδιον
2782 3076 2882 3146 τὴν
2904 3075 3056 3128 λύσιν
3088 3075 3201 3145 ἔχει
3227 3092 3239 3104 ·
3298 3074 3399 3127 οὑκ
3424 3072 3683 3167 ἐλάττονα

2096 3169 2153 3221 δὲ
2184 3172 2215 3239 ἡ
2247 3170 2401 3232 λύσις
2434 3168 2600 3237 ἀλλην
2626 3168 2857 3221 ἀτοπίαν
2886 3168 3192 3233 ἀποτίκτει,
3233 3167 3328 3220 καὶ
3356 3165 3416 3218 τὸ
3446 3163 3680 3234 πλῆθος,

2098 3263 2145 3313 εί
2178 3264 2295 3322 ταῖς
2318 3260 2495 3326 δόξαις
2523 3259 2747 3322 ταύταις
2774 3259 3014 3312 ἑάλωκεν
3068 3259 3156 3325 ἂν,
3180 3260 3279 3328 οὑχ
3322 3257 3491 3321 ἆπιξ,
3539 3255 3678 3309 ἀλλὰ

2098 3352 2193 3404 καὶ
2224 3350 2486 3412 πολλάκις
2522 3350 2926 3403 ἀπολωλεκέναι
2986 3350 3184 3403 δίκαιοί
3214 3352 3356 3402 εἰσιν
3378 3366 3391 3379 ο
3444 3346 3683 3417 μάλιστα

2098 3459 2160 3509 γε
2177 3442 2284 3495 τῶν
2308 3445 2365 3495 ἐν
2380 3441 2644 3512 Αἰγύπτῳ
2668 3443 2880 3513 γοήτων
2903 3443 3377 3513 καταισχυνθέτων
3396 3442 3497 3511 οὑχ
3515 3439 3682 3505 ἅπαξ,

2099 3534 2236 3588 ἀλλὰ
2264 3535 2357 3587 καὶ
2382 3534 2628 3600 δεκάκις,
2665 3536 2760 3588 καὶ
2810 3535 2911 3605 τῆς
2947 3536 3289 3607 κακουργίας
3342 3534 3535 3588 αὑτῶν
3591 3532 3682 3585 τοῦ

2098 3628 2341 3690 Μωσέως
2371 3626 2920 3698 θαυματουργοῦντος
2954 3630 3034 3691 εἰς
3064 3629 3123 3683 τὸ
3149 3629 3539 3700 λαμπρότατον
3604 3625 3685 3689 ἐξ·

2102 3722 2495 3793 εληλεγμὲνης,
2549 3723 2644 3775 καὶ
2668 3722 2842 3777 ταῦτα
2900 3723 3025 3786 τοὺς
3083 3724 3319 3785 οἰκείους
3364 3719 3684 3791 ὀφθαλμοὺς

2103 3814 2384 3884 μάρτυρας
2457 3814 2693 3884 ἔχοντες,
2756 3814 3131 3886 παραγραφὴν
3200 3815 3260 3867 οὑ
3346 3813 3686 3884 δυναμένους

2099 3905 2261 3975 ἔχειν.
2312 3906 2433 3958 Ἔτι
2465 3906 2519 3959 δὲ
2554 3910 2831 3978 τερατείᾳ,
2862 3910 2958 3962 καὶ
3010 3908 3320 3979 μαγγανεία
3355 3909 3440 3969 τίς
3469 3908 3539 3961 ἂν
3570 3906 3681 3959 διας

2097 4002 2256 4069 τέμοι
2288 4000 2586 4065 θάλασσαν,
2645 4002 2873 4065 καὶτοῖς
2911 4002 3008 4071 μὲν
3072 4001 3337 4069 ὑπηκόοις
3392 4000 3513 4051 ὁδὸν
3554 3996 3683 4070 μηδὲ

2097 4094 2301 4157 νοτίδος
2331 4094 2455 4163 ἴχνη
2493 4094 2770 4163 φέρουσαν
2802 4094 3225 4158 κατασκευάσοι,
3250 4095 3362 4157 τοῖς
3383 4091 3602 4163 ἐχθροῖς
3630 4094 3682 4144 δὲ

2096 4187 2265 4254 τάφον
2296 4186 2644 4256 αὐτοσχέδιον
2665 4186 3001 4252 ἀποδείξειεν
3030 4204 3046 4253 ;
3086 4184 3175 4249 Ἐξ
3204 4185 3436 4256 ούρανοῦ
3471 4185 3533 4238 δὲ
3567 4186 3681 4246 πῶς

2098 4275 2162 4330 ἂν
2197 4279 2403 4347 τροφὴν
2438 4280 2871 4348 παρασκευάσω,
2914 4279 3010 4332 καὶ
3042 4278 3326 4347 τράπεζαν
3371 4278 3677 4347 ἑτοιμάσοι,

2098 4370 2191 4422 καὶ
2208 4371 2275 4423 τὰ
2290 4370 2446 4437 ἄλλα,
2470 4374 2574 4425 ὅσα
2596 4371 2871 4443 θεουργῶν
2895 4374 2921 4425 ὁ
2943 4372 3147 4440 Μωσῆς
3174 4373 3251 4434 εἱς
3284 4372 3561 4440 σωτηρίαν
3590 4368 3678 4422 τοῦ

2026 4454 2071 4508 0
2114 4461 2329 4532 Ἰσραὴλ
2359 4463 2419 4515 τὸ
2444 4464 2597 4518 Θεῖον
2620 4463 3098 4533 ὲξευμενιζόμενός
3130 4479 3209 4526 τε,
3243 4462 3337 4515 καὶ
3368 4461 3513 4513 ίλεού
3525 4477 3680 4532 μενος

2103 4550 2179 4603 διε
2190 4553 2482 4622 πράττετοε

2187 4643 2347 4696 Ἀλλά
2380 4645 2575 4697 ἐκεῖνοι
2606 4646 2704 4715 μὲν
2741 4646 2838 4715 τῆς
2871 4645 3294 4707 ἐπαναστάσεως
3335 4645 3396 4697 οὑ
3425 4643 3678 4715 μεμπτὴν

2102 4731 2202 4804 τὴν
2256 4734 2412 4805 δίκην
2472 4736 2949 4808 είσεπράχθησανο
2984 4736 3092 4789 τῶν
3148 4736 3204 4787 δὲ
3233 4735 3338 4805 πρὸ
3381 4737 3567 4805 ἡμῶν,
3603 4736 3677 4787 ὅτι

2106 4825 2242 4896 μηδὲ
2271 4826 2600 4898 διηπόρηται
2629 4829 2781 4881 οὐδὲν
2814 4828 2923 4882 τῶν
2972 4828 3299 4899 εἰρημένων,
3336 4826 3446 4880 οὐδ’
3478 4829 3562 4892 εἰς
3587 4824 3677 4879 λύε

2105 4936 2188 4971 σιν
2223 4921 2584 4990 ἐπινενόηται.
2614 4922 2713 4974 Σὺν
2736 4922 2778 4973 δ’
2810 4921 2926 4974 ἐστὶ
2951 4923 3200 4993 συνορᾷν,
3225 4920 3334 4973 εἴτε
3366 4936 3677 4991 πραγματι-

2104 5013 2204 5082 κῆς
2234 5014 2380 5065 ἐστιν
2412 5016 2445 5083 ή
2476 5013 2628 5076 λύσις
2659 5014 2891 5085 θεωρίας
2937 5014 3118 5086 ἔργον,
3154 5015 3265 5067 εἴτε
3292 5013 3489 5077 λαλιᾶς
3526 5011 3677 5083 σιγᾷν

2105 5104 2522 5174 αἰσχυνομένης.

459 5352 506 5385 ⁸⁸
543 5351 677 5409 Gen.
713 5369 788 5419 ix,
820 5354 876 5417 Ἰ,
905 5369 973 5410 ex
1008 5369 1150 5410 vers.
1178 5353 1342 5421 LXX,
1375 5372 1501 5413 nam
1530 5359 1682 5415 deest
1708 5360 1760 5415 in
1796 5357 1983 5431 Vulgat

2112 5364 2155 5396 ⁵⁵
2188 5362 2350 5419 Num.
2393 5380 2505 5419 χχι.
2542 5363 2614 5416 9.9.
2636 5368 2688 5418 et
2715 5364 2805 5419 46.

1940 5558 2171 5618 ΝΟΤΛΕ.

489 5667 610 5743 (πι
634 5666 759 5723 Sive
792 5668 898 5736 εἴη,
938 5669 1052 5743 sive
1081 5664 1169 5743 οἷα
1201 5681 1517 5743 reponatur,
1563 5680 1751 5728 nostra
1812 5674 1978 5729 inter-

419 5741 651 5811 pretatio
674 5750 823 5797 recto
850 5741 1012 5797 stabit
1049 5742 1177 5797 talo.

2165 5682 2277 5752 (Μ)
2308 5680 2497 5748 Οὕτως
2528 5700 2627 5756 pro
2653 5684 2825 5740 οὑτων
2854 5685 3014 5742 obvia
3048 5685 3358 5743 emendatio
3381 5694 3490 5743 est.
