3888 6186
257 208 367 274 237

811 327 1152 382 ΕΡΩΊἮΣΙΣ
1190 328 1309 381 ΛΔ’.

268 417 370 490 ἐκ
399 417 481 490 τῷ
501 419 884 490 Εὐαγγελικῷ
897 418 1062 487 ρητῷ
1105 420 1243 474 τίνα
1277 417 1373 473 δεῖ
1403 418 1568 490 νοεῖν
1613 417 1839 484 παιδία,

331 489 371 544 d
396 489 520 554 τοῖς
550 488 1179 556 Ἰοὺδαίοιςηῦλησαη
1207 491 1304 542 καὶ
1329 491 1440 543 οὐκ
1463 488 1836 558 ὠρχήσαντο,

333 561 704 628 ἐθρήνησαν,
735 561 833 614 καί
877 561 987 614 οὐκ
1023 560 1365 628 etadd-arto;
1403 560 1514 612 Τὸν
1555 560 1666 628 γὰρ

327 842 442 910 οὐχ
467 842 824 896 ὑπεύθυνον.

1187 215 1290 275 ΑΙ)
1323 213 1917 277 AMPHILOCHIUM
1941 212 2290 287 QUESTIO
2325 216 2590 281 XXXIV.

1876 335 1924 390 Α

333 561 704 628 ἐθρήνησαν,
735 561 833 614 καί
877 561 987 614 οὐκ
1023 561 1365 628 etadd-arto;
1403 561 1514 612 Τὸν
1555 561 1666 628 γὰρ
1697 561 1846 626 Πρό-

331 631 557 710 δροέιο-ν·
577 671 610 710 ,ι
654 630 751 710 καί
774 702 786 710 _
806 631 914 710 τόν
979 630 1189 710 κοινόν
1225 630 1570 710 Δᾼεονπότην·
1602 628 1846 710 ⁸,ττειξιέδία

329 699 517 779 τρεῖν,
543 700 626 779 μῂ
648 701 734 779 τῷ
755 701 956 779 ἀτόπῳ
979 699 1412 779 Ξυνδιαλύεται
1431 699 1528 779 καὶ
1555 699 1675 779 τῷν
1699 700 1847 779 Ἰορ-

328 771 514 823 δαίων
545 773 606 823 τὸ
639 771 916 841 ἔγκλημα
932 787 950 835 ;
973 770 1239 838 Παιδίοις
1264 773 1372 842 γὰρ
1393 769 1478 839 μὴ
1505 769 1850 838 πειθαρχεῖν

3431 218 3534 280 233

2198 326 2525 394 QUJESTIO
2572 326 2792 382 xxxrv
2847 329 2942 402 [al.
2985 330 3248 403 xxxui].

1955 417 2020 471 In
2082 417 2180 493 illo
2225 417 2528 493 ‘Etjangelii
2591 419 2705 493 Ioco
2768 423 2979 489 quinam
3030 422 3354 493 intelligendi
3413 431 3536 474 sunt

2025 489 2202 556 pueri,
2235 489 2325 557 qui
2352 487 2557 543 Judwis
2593 487 2910 558 cecinerunt,
2941 502 2988 546 et
3021 493 3100 546 illi
3125 487 3224 545 non
3248 492 3534 550 sultarunt,

2023 559 2466 630 hnneuturenmt,
2501 569 2549 613 et
2583 560 2667 630 illi
2689 577 2800 630 non
2831 562 3248 630 planxerunt"?
3293 561 3534 629 Profecto

2023 629 2438 684 Prweursorem.
2469 646 2531 682 ac
2575 629 2640 682 ι).
2675 629 2746 682 Ν.
2785 629 3066 700 puerorum
3103 633 3310 686 nomine
3339 631 3537 683 intelli—

2025 716 2166 772 gere,
2208 700 2690 772 nounelocutionis
2721 701 3049 756 absurditate
3090 703 3298 772 culpam
3335 716 3537 771 quoque

2024 769 2334 824 Judworum
2362 769 2561 843 diluit?
2595 771 2778 843 Pueris
2805 773 2943 826 enim
2969 789 3069 826 non
3109 769 3318 843 obsequi
3345 769 3537 840 nequa-

2026 856 2180 909 quam
2209 839 2513 908 reprehendi
2545 841 2708 896 debet.

1003 960 1146 1010 Edita
1169 961 1230 1010 ab
1251 965 1362 1010 Ant.
1387 961 1578 1019 Scotto,
1600 961 1637 1008 l.
1665 971 1730 1019 c.,
1763 973 1813 1022 p.
1955 959 2011 1008 lu
2040 957 2213 1006 Matth.
2245 973 2310 1018 τι,
2334 957 2423 1018 17;
2449 958 2686 1019 Lue.'vn,
2707 961 2783 1009 52.

338 1048 500 1104 Ἀλλο
536 1049 634 1120 μὲν
659 1049 724 1104 ἄν
756 1065 838 1112 τις
867 1050 975 1104 τῶν
1007 1051 1354 1122 παραϐολῶν,
1391 1053 1482 1105 καὶ
1523 1051 1841 1122 ὁμοιώσεων

251 1140 358 1209 τῆς
390 1140 651 1210 ἰδιότητος
681 1139 771 1192 τὸν
797 1139 971 1192 τύπον
1019 1141 1344 1210 φυλάττειν,
1381 1143 1442 1194 οὐ
1476 1141 1693 1201 πάντως
1727 1143 1844 1214 ἐρεῖ

251 1231 665 1302 παραδέχεσθαι
693 1231 814 1284 καθ’
850 1232 1082 1288 ἕκαστον
1111 1235 1347 1305 πρᾶγμα
1363 1236 1454 1288 τὸν
1473 1236 1841 1306 ὲπιμερισμὸν

247 1322 370 1378 τῶν
401 1324 702 1394 ὀνομάτων.
743 1324 879 1378 Οὐδὲ
906 1325 1192 1395 βιάζεσθαι
1213 1329 1278 1381 τὰ
1303 1328 1573 1398 πρόσωπα
1595 1329 1703 1382 τῶν
1731 1347 1840 1382 πα-

255 1414 697 1485 ραϐαλλομένων,
725 1419 821 1469 καὶ
849 1411 928 1479 οἷς
961 1417 1394 1487 παραϐάλλεται,
1426 1420 1568 1473 κατὰ
1597 1418 1660 1472 τὸ
1689 1421 1838 1473 άπα-

254 1506 537 1576 ράληπτον
562 1507 691 1578 περὶ
735 1507 873 1560 πόδα
903 1511 1100 1573 ποιεῖν,
1127 1508 1222 1562 καὶ
1247 1509 1306 1562 τὸ
1363 1510 1466 1580 τῆς
1520 1509 1838 1581 ὁμοιότητος

248 1597 546 1661 διασώζειν
580 1598 1005 1668 ἀπαράλλακτον
1029 1617 1042 1631 °
1066 1599 1193 1653 οὔτε
1224 1601 1331 1672 μὴν
1357 1601 1455 1671 τὴν
1485 1601 1653 1672 ἄλλην
1682 1603 1836 1668 τάξιν

2023 1045 2294 1102 Nimirum
2346 1047 2606 1102 fatebitur
2653 1051 2949 1120 quispiam,
3003 1052 3147 1120 quod
3180 1051 3360 1120 aliqua
3409 1066 3534 1120 pars

1949 1139 2353 1210 parabolarum,
2401 1149 2458 1195 et
2501 1141 2923 1198 similitudinum
2951 1151 3134 1214 typum
3176 1143 3408 1213 propriae
3433 1158 3532 1212 ap—

1948 1234 2262 1304 plicationis
2293 1241 2640 1299 servet,—non
2698 1235 2844 1304 quod
2889 1234 2992 1288 illa:
3027 1240 3079 1288 in
3115 1235 3370 1289 omnibus
3417 1251 3536 1289 om-

1949 1325 2079 1378 nino
2111 1323 2271 1379 rebus
2304 1324 2527 1379 nomina
2571 1323 2886 1379 nominibus
2923 1324 3304 1394 respondentia
3358 1325 3533 1379 conti-

1942 1424 2147 1481 neant;
2198 1431 2296 1472 nec
2338 1416 2482 1486 quod
2510 1431 2776 1486 personae,
2834 1431 2955 1486 quae
3002 1424 3408 1485 comparantur,
3479 1423 3534 1469 et

1941 1522 2049 1571 em,
2083 1522 2206 1561 eum
2267 1507 2468 1577 quibus
2508 1517 2918 1579 comparantur,
2967 1507 3103 1562 adeo
3147 1507 3532 1577 delorquendae

1944 1599 2076 1665 sint,
2140 1608 2218 1663 ut,
2278 1599 2332 1654 in
2374 1615 2484 1668 quo
2524 1614 2633 1653 non
2688 1599 2992 1654 instituitur
3031 1599 3388 1668 comparatio,
3463 1599 3545 1651 ad-

250 1689 370 1743 τῶν
404 1689 687 1761 ῥημάτων,
717 1691 812 1743 καὶ⁵
859 1691 970 1744 τῶν
1021 1691 1366 1762 πραγμάτων
1416 1695 1684 1763 ἑκατέρας
1724 1695 1840 1749 δια-

1960 1708 2181 1763 inguen:
2261 1700 2592 1762 congruant,
2652 1701 2708 1746 et
2769 1692 3180 1746 similitudinem
3251 1705 3535 1760 nunquam.

248 1781 408 1845 νοίας
434 1781 615 1848 ζητεῖν
645 1781 961 1854 ἀδιάφορον.
989 1784 1175 1855 Μηδὲν
1212 1784 1266 1837 δὲ
1311 1785 1450 1855 μήτε
1481 1784 1550 1839 τά
1586 1786 1720 1857 πρὸς
1742 1788 1840 1857 τὴν

249 1873 578 1946 παραϐολὴν
607 1874 962 1954 εἰκαζόμενα,
1009 1878 1146 1947 μήτε
1191 1878 1290 1947 τῆς
1318 1877 1634 1948 παραϐολῆς
1669 1879 1842 1948 μηδα-

253 1962 382 2033 μῶς
409 1962 529 2017 ὅλον
575 1963 740 2034 μέρος
790 1968 1115 2036 παραχωρεῖ
1163 1967 1700 2038 προσλαμϐάνεσθαι,
1747 1971 1843 2022 καὶ

250 2055 375 2126 (75)
407 2056 587 2111 συνδεῖ
602 2058 737 2128 πρὸς
753 2058 961 2129 ἄλληλα
977 2059 1172 2125 ταῦτα,
1199 2061 1294 2113 καὶ
1322 2060 1459 2132 πρὸς
1487 2061 1841 2129 λεπτολογίαν

249 2147 490 2203 ἕκαστον
515 2150 730 2222 ἑκάστῳ
757 2151 1193 2227 ἀνταποδίδοται.

347 2406 406 2459 Ὅ
439 2406 537 2478 μὲν
563 2406 671 2478 γὰρ
703 2409 801 2479 τῆς
833 2409 1075 2481 ίστορίας
1097 2409 1273 2480 λόγος,
1308 2412 1404 2466 καὶ
1434 2413 1529 2467 τοῦ
1567 2415 1843 2488 διηγήμαο

251 2515 374 2564 τος,
410 2500 613 2571 καίπερ
659 2501 786 2572 ὂνή
832 2501 1100 2574 έκφρασις
1143 2505 1500 2575 ἀναφέρεται,
1550 2503 1705 2574 οὗτος
1745 2511 1840 2564 καὶ

251 2591 369 2646 τῶν
400 2593 664 2664 ῥημάτων
701 2593 800 2665 τὴν
836 2594 984 2647 θέσιν
1029 2595 1167 2666 πρὸς
1220 2596 1451 2652 ἕκαστον
1509 2600 1677 2671 ὄνομα
1732 2603 1841 2655 τῶν

252 2682 638 2753 ὑποκειμένων
709 2684 1140 2756 ἐναρμόττεσθαι
1211 2686 1700 2760 πολυπραγμονεῖ·
1748 2694 1842 2746 καὶ¹

251 2775 413 2828 οὐδὲν
450 2775 574 2828 οὔτε
619 2777 1124 2847 συνεπινοούμενον,
1175 2779 1300 2832 οὔτε
1355 2781 1839 2852 παρεντιθέμενον,

251 2867 460 2937 ἄριστα
508 2866 710 2936 λέγειν,
757 2868 1008 2938 ἀνέχεται
1065 2851 1488 2927 ὑποϐάλλεσθαι.
1531 2871 1586 2926 Ὀ
1630 2851 1685 2926 δέ
1742 2877 1842 2942 τῆς

253 2959 610 3030 παραϐολῆς,
650 2961 745 3014 καὶ
781 2959 1092 3030 ὁμοιώσεως
1119 2963 1216 3016 οὐκ
1259 2963 1434 3016 ἐθέλει
1470 2965 1743 3019 δουλεύειν
1782 2965 1840 3034 ἐξ

255 3052 510 3121 ἀνάγκης
532 3055 644 3116 τοῖς
680 3054 863 3117 αὐτοῖς
907 3052 1131 3124 θεσμοῖς
1157 3095 1172 3118 ,
1214 3055 1324 3109 οὐδ’
1356 3056 1678 3113 ὑπόκεισθαι
1730 3061 1842 3122 τοῖς

255 3141 711 3212 παραγγέλμασι.
773 3143 925 3204 Διατί
951 3159 966 3208 ;
996 3143 1140 3197 Διότι
1176 3146 1207 3213 ή
1247 3144 1346 3213 μὲν
1391 3147 1620 3217 ἱστορία,
1653 3147 1748 3202 καὶ
1777 3149 1846 3202 τὰ

256 3232 648 3304 παραπλήσια,
690 3235 784 3286 καὶ
819 3234 879 3286 τὸ
901 3233 1167 3305 διήγημα,
1199 3235 1308 3287 τῶν
1340 3236 1719 3306 ἀγνοουμένων
1750 3240 1846 3291 ἐκ·

254 3326 507 3380 διδάσκει
531 3326 627 3396 τὴν
664 3326 918 3396 μάθησιν,
953 3326 1047 3379 καὶ
1089 3327 1202 3397 τὴν·
1231 3327 1404 3396 ἀρχὴν
1447 3329 1546 3397 τῆς
1589 3325 1846 3394 γνώσεως

254 3422 378 3484 τοῖς
411 3421 711 3490 ἀκροαταῖς
738 3419 1114 3490 παρεχόμενα,
1154 3420 1296 3472 κατὰ
1351 3419 1410 3471 τὸ
1453 3419 1848 3490 ἀκριϐέστατον

255 3512 579 3565 ἅπαιτεῖται
610 3511 706 3573 τὰς
736 3510 918 3579 φωνὰς
958 3510 1068 3562 τῶν
1101 3511 1442 3580 πραγμάτων
1479 3511 1809 3580 περιάπτειν
1828 3527 1842 3542 ·

255 3627 362 3662 καί,
380 3607 534 3660 οὐδὲν
562 3605 685 3660 οὔτε
710 3606 862 3676 ῥῆμα
896 3604 970 3676 μὴ
1007 3604 1128 3658 λίαν
1156 3604 1400 3676 συνᾷδον,
1438 3602 1562 3656 οὔτε
1614 3606 1846 3676 πρᾶγμα

254 3701 374 3754 τῶν
401 3700 810 3769 ἀσυναρτήτων,
841 3695 965 3750 οὔτε
988 3696 1306 3766 βιαζόμενον
1333 3696 1430 3764 τὴν
1453 3696 1637 3765 νόησιν
1669 3713 1846 3766 παρα-

255 3790 524 3860 δέχεταιο
571 3789 855 3858 ἀναίρεσις
927 3788 1036 3858 γάρ
1091 3787 1294 3852 ταῦτα,
1333 3789 1432 3858 τῆς
1486 3786 1847 3857 προτεθείσης

257 3880 600 3945 ὑποθέσεως,
631 3880 726 3932 καὶ
755 3878 1130 3944 διδασκαλίας,
1157 3878 1272 3931 ἀλλ’
1291 3878 1352 3931 οὑ
1384 3878 1701 3947 κατασκευή
1729 3879 1846 3931 δια-

258 3971 546 4043 γνώσεως.
594 3973 657 4026 Ἦ
683 3973 738 4025 δὲ
765 3972 1068 4043 παραϐολὴ,
1097 3972 1191 4025 καὶ
1221 3971 1478 4041 ὁμοίωσις
1506 3969 1721 4039 πρῶτον
1746 3969 1846 4040 μὲν

258 4066 450 4136 δῆλον,
481 4066 553 4128 ὼς
578 4064 640 4116 ὲκ
669 4064 1138 4134 προεγνωσμένων
1171 4063 1516 4133 πραγμάτων
1555 4061 1848 4132 παραλαμ-

261 4156 514 4219 ϐάνεται,
541 4156 633 4207 καὶ
665 4153 1004 4224 παραϐαλεῖν
1039 4153 1390 4223 ἀμωσγέπως
1423 4151 1494 4204 τὰ
1527 4152 1847 4220 ἐγνωσμένα

1943 1784 2311 1853 perturbatam
2344 1782 2653 1837 custodiant
2699 1799 2713 1836 :
2748 1797 2846 1836 nec
2889 1782 3034 1852 quod
3085 1782 3291 1850 reliqua
3336 1781 3530 1834 verbo-

1943 1891 2063 1929 rum
2107 1884 2160 1928 et
2214 1889 2395 1928 rerum
2426 1889 2553 1943 pars
2586 1875 2638 1927 in
2671 1874 2928 1927 alterutra
2969 1873 3186 1926 notione
3237 1872 3405 1942 quazri
3442 1873 3529 1926 de-

1943 1960 2414 2018 beateonformis.
2477 1959 2651 2015 Porro
2697 1960 2831 2014 nihil
2863 1976 3101 2029 unquam
3135 1961 3345 2031 copiam
3392 1977 3529 2030 pra:-

1943 2053 2031 2107 bet
2065 2052 2367 2123 applieandi
2429 2061 2524 2106 aut
2555 2069 2641 2107 res
2677 2068 2796 2122 qua:
2841 2068 2962 2106 eum
3019 2051 3273 2121 parabola
3338 2052 3527 2107 confc-

1944 2153 2161 2209 rnntur,
2223 2153 2317 2199 aut
2363 2160 2579 2200 onmem
2611 2160 2837 2214 prorsus
2869 2145 3142 2214 parabolae
3193 2153 3443 2214 partem;
3474 2154 3529 2198 et

1944 2237 2076 2291 nihil
2112 2237 2215 2293 ista
2253 2238 2486 2292 invicem
2521 2237 2795 2300 conciliat,
2824 2246 2876 2292 et
2899 2237 3054 2308 jubet
3076 2253 3248 2307 usque
3270 2237 3336 2291 ad
3371 2236 3528 2290 mini-

1942 2345 2093 2384 mum
2127 2329 2360 2384 alterum
2388 2330 2541 2385 alteri
2575 2332 2926 2400 respondere.

2018 2421 2266 2476 Historia:
2286 2422 2454 2487 enim,
2486 2431 2538 2475 et
2567 2422 2898 2476 narrationis
2937 2437 3140 2486 sermo,
3184 2421 3228 2476 is
3287 2436 3526 2490 quoque,

1942 2513 2036 2582 qui
2071 2512 2190 2566 viva
2247 2527 2376 2567 voce
2417 2513 2725 2576 coniicitur,
2771 2523 3016 2584 satagere
3056 2514 3234 2577 debet,
3273 2521 3332 2566 ut
3362 2512 3526 2566 verba

1943 2615 2308 2676 apponantur,
2364 2622 2486 2674 quae
2513 2621 2636 2660 cum
2676 2606 2907 2676 singulis
2947 2606 3318 2675 subiectorum
3353 2607 3501 2660 nom;

1943 2699 2104 2753 nibus
2130 2697 2436 2752 cohaereant
2460 2715 2474 2762 ;
2509 2713 2631 2761 nec,
2660 2712 2770 2767 quo
2810 2697 3050 2751 numeris
3075 2696 3326 2750 omnibus
3349 2696 3527 2750 absol-

1943 2799 2099 2845 vatur
2123 2790 2319 2853 oratio,
2352 2789 2575 2859 patitur,
2603 2789 2967 2858 ntiquidpiam
2996 2789 3080 2841 vel
3102 2788 3528 2843 simulanimad-

1944 2895 2184 2945 versum,
2235 2881 2317 2934 vel
2343 2879 2890 2934 obiterintersertum
2924 2879 3203 2946 subrepat.
3251 2878 3530 2933 Parabola:

1869 3015 1911 3072 Ο
1946 2982 2150 3038 autem,
2222 2989 2287 3030 ac
2339 2972 2712 3029 similitudinis
2777 2973 3009 3027 elocutio
3077 2971 3270 3026 iisdem
3320 2973 3530 3042 legibus

1949 3066 2570 3128 necessarioinservire,
2608 3067 3002 3136 praeceptisque
3038 3063 3232 3134 subjici
3275 3079 3381 3116 non
3435 3079 3528 3134 pa-

1949 3158 2104 3212 titur.
2146 3156 2287 3223 Quid
2349 3157 2462 3210 itu?
2495 3155 2633 3222 Quia
2683 3155 2908 3223 historia
2949 3155 3189 3224 quidem,
3237 3162 3289 3207 et
3335 3165 3528 3208 caetera

1949 3245 2285 3315 hujusmodi,
2312 3244 2538 3313 ipsaque
2564 3241 2842 3317 enarratio
2877 3241 3122 3296 notitiam
3166 3256 3346 3295 rerum
3379 3241 3531 3311 ignou

1946 3349 2147 3400 tarum,
2217 3337 2632 3407 impertiuntur,
2683 3346 2736 3390 et
2818 3336 3143 3407 cognitionis
3203 3334 3530 3404 principium

1949 3430 2296 3485 audientibus
2349 3430 2616 3493 tradunt;
2676 3429 2878 3482 idcirco
2930 3428 3208 3497 postulant
3237 3443 3398 3496 quam
3437 3443 3527 3482 ac-

1948 3521 2296 3576 curatissime
2342 3535 2506 3573 voces
2528 3534 2651 3573 eum
2688 3519 2851 3572 rebus
2887 3519 3133 3572 connecti
3164 3535 3177 3582 ;
3212 3517 3531 3586 nullumque

1952 3623 2046 3668 aut
2071 3613 2293 3666 verbum
2327 3611 2511 3680 minus
2537 3626 2862 3670 consonum.
2889 3618 2984 3663 aut
3012 3609 3216 3664 factum
3247 3625 3530 3679 perperam

1949 3704 2296 3774 dispositum,
2339 3702 2420 3757 vel
2456 3701 2728 3756 intellectu
2775 3700 2989 3755 dilﬁcile
3043 3700 3338 3754 admittunt
3370 3719 3381 3754 :
3417 3700 3532 3754 haec

1948 3793 2091 3846 enim
2120 3791 2305 3855 ﬁneiu,
2334 3790 2807 3858 ernditionemque
2842 3789 2947 3844 sibi
2999 3790 3334 3857 propositam
3378 3803 3532 3841 ever-

1947 3889 2142 3942 terent,
2172 3896 2352 3934 rerum
2386 3889 2564 3933 autem
2603 3879 2854 3940 notitiam
2911 3892 3017 3931 non
3052 3877 3365 3945 prmberent.
3428 3875 3531 3932 Pa-

1948 3972 2132 4026 rabola
2181 3981 2385 4035 autem,
2418 3979 2470 4024 et
2518 3969 2818 4024 similitudo
2861 3970 3098 4038 primum
3131 3967 3350 4036 quidem
3412 3984 3530 4034 per-

1952 4066 2196 4135 spicuum
2227 4072 2328 4128 est,
2359 4063 2500 4134 quod
2533 4077 2562 4116 e
2601 4062 2764 4115 rebus
2790 4061 2899 4130 jam
2925 4062 3219 4129 compertis
3248 4077 3532 4115 assuman-

1952 4165 2060 4221 tur,
2091 4163 2143 4208 et
2184 4153 2346 4222 quod,
2378 4151 2469 4221 qui
2501 4151 2647 4227 ipsas
2686 4151 2946 4212 condunt,
2984 4165 3068 4201 res
3107 4163 3326 4217 quoquo
3373 4147 3530 4200 modo

260 4251 381 4310 τοῖς
411 4248 920 4317 παρασκευάζουσιν
942 4246 1083 4298 αὑτὰ
1109 4248 1458 4317 προαιρεῖται
1484 4245 1841 4316 πιθανότερα’

1960 4252 2284 4316 perspectas,
2339 4250 2527 4310 utpote
2577 4238 2918 4309 persuasioni
2957 4238 3378 4306 opportuniores
3415 4251 3531 4288 ma-

262 4339 369 4395 καὶ
395 4338 594 4402 σκοπὸς
624 4340 722 4392 οὐκ
752 4337 898 4392 ἐστιν
933 4338 1090 4402 ἄλλος
1118 4339 1532 4410 προηγούμενος
1564 4343 1675 4402 τοῖς
1702 4357 1844 4420 χρω-

1960 4340 2048 4393 lint
2105 4338 2348 4406 eligere:
2407 4343 2462 4388 et
2503 4332 2674 4402 quod,
2729 4331 2821 4400 qui
2865 4330 2957 4384 tali
3022 4330 3277 4398 loquendi
3337 4344 3532 4397 genere

266 4429 459 4505 μένοις
501 4435 568 4504 τῇ
605 4432 814 4503 μεθόδῳ
861 4432 1054 4504 ταύτῃ,
1092 4431 1126 4503 ἢ
1164 4431 1340 4485 πειθὼ
1383 4435 1686 4504 παρασχεῖν
1727 4425 1848 4496 ταῖς

261 4526 492 4597 ψυχαῖς.
527 4526 620 4578 καὶ
655 4524 790 4595 πρὸς
826 4523 1224 4589 συγκατάθεσιν
1263 4524 1419 4591 ἄγειν
1452 4525 1543 4576 τὸν
1571 4526 1848 4594 ἀκροατὴν

248 4619 345 4681 ’ὡς
381 4617 654 4687 σωτηρίας
685 4617 946 4688 πρόξενον
975 4615 1317 4681 ἀσπάζεσθαι
1354 4615 1452 4686 τὴν
1483 4617 1806 4687 παραίνεσιν
1832 4631 1846 4647 '

265 4709 300 4780 ἢ
330 4710 396 4762 τό
429 4727 491 4777 γε
532 4711 950 4779 προτεινόμενον
984 4708 1168 4771 ἁπλῶς
1199 4709 1273 4771 ὡς
1305 4707 1602 4778 συμφέρον,
1633 4709 1665 4779 ἢ
1700 4708 1851 4761 δυνα-

266 4802 365 4854 τδν
395 4803 779 4872 ἀποδέχεσθαι.
817 4802 985 4856 Ἐπάν
1008 4801 1064 4854 δὲ
1091 4803 1171 4866 εἰς
1188 4801 1345 4855 τοῦτο
1369 4801 1478 4853 τῶν
1502 4801 1846 4871 παραϐολῶν,

269 4895 369 4947 καὶ
405 4895 776 4965 όμοιώσεωνή
805 4894 962 4966 χρεία
991 4893 1069 4964 τῷ
1106 4894 1251 4964 λόγῳ
1288 4893 1721 4964 κατεσκευάσθη,
1753 4894 1850 4964 τὴν

273 4985 653 5054 λεπτολογίαν,
711 4986 806 5040 καὶ
847 4985 938 5040 τὸν
988 4986 1113 5039 καθ’
1148 4985 1376 5055 ἕκαστον
1423 4985 1688 5055 ἑκατέρας
1737 4985 1852 5037 δια-

275 5077 430 5140 νοίας
460 5077 844 5148 ὲπιμερισμὸν,
879 5077 1092 5140 καὶτὰς
1119 5075 1260 5131 κατὰ
1300 5073 1497 5129 λεπτὸν
1535 5075 1851 5144 συναφείας,

279 5171 377 5225 καὶ
405 5169 792 5233 ἀνταποδόσεις
829 5169 1121 5241 ἢδευτέρα
1161 5168 1424 5242 φροντίδι,
1458 5167 1490 5237 ἢ
1528 5166 1756 5237 οὐδεμιᾷ
1788 5183 1853 5234 γε

279 5261 733 5330 παραπέμπεται.

359 5467 405 5500 ⁸⁸
437 5465 626 5520 Matth.
659 5482 736 5530 xl,
771 5466 856 5520 Π.

1959 4438 2204 4493 utuntur,
2259 4426 2464 4479 nullum
2533 4425 2698 4477 alium
2758 4436 2981 4490 scopum
3031 4421 3133 4474 sibi
3173 4420 3528 4484 constituant,

1957 4530 2117 4586 quam
2159 4513 2363 4582 aliquid
2399 4512 2598 4566 animis
2633 4509 2956 4579 persuadere
3009 4518 3171 4577 atque
3223 4507 3528 4561 auditorem

1956 4610 2008 4664 in
2045 4621 2330 4662 assensum
2370 4604 2650 4664 inducere,
2703 4611 2763 4654 ut
2821 4601 3114 4653 salutarem
3172 4599 3532 4667 amplectatur

1959 4699 2406 4762 eohortationem,
2447 4705 2539 4749 aut
2584 4695 2657 4760 id,
2708 4694 2851 4763 quod
2885 4692 3222 4762 prepositum
3268 4699 3372 4753 est,
3400 4692 3532 4744 sim-

1958 4791 2171 4860 pliciter
2197 4799 2454 4857 tanqnam
2505 4786 2657 4848 utile,
2719 4785 2801 4838 vel
2849 4783 3106 4852 possibile
3163 4782 3526 4851 aggrediatur.

1959 4883 2225 4949 Quoniam
2255 4896 2383 4934 vero
2424 4879 2799 4948 parabolarum
2828 4891 2890 4929 ac
2919 4874 3339 4929 similitudinum
3396 4889 3532 4927 usus

1960 4977 2098 5030 hanc
2135 4974 2206 5029 ob
2240 4987 2458 5025 causam
2512 4969 2564 5022 in
2602 4982 2904 5022 sermonem
2947 4966 3184 5020 invectus
3241 4975 3342 5028 est,
3374 4980 3533 5034 arguo

1965 5069 2105 5121 tulas
2157 5061 2677 5122 animadversiones,
2726 5068 2778 5114 et
2830 5057 3163 5129 singularum
3214 5057 3532 5112 alterutrius

1963 5157 2199 5212 notionis
2228 5154 2461 5223 partium
2489 5151 2948 5213 distributionem,
2976 5164 3185 5204 necnon
3216 5156 3271 5203 et
3299 5149 3534 5203 minutas

1967 5245 2356 5318 applieationes
2398 5251 2727 5313 mutuasque
2777 5241 3087 5307 relationes,
3136 5249 3231 5295 aut
3270 5239 3536 5295 secunda.

1967 5348 2061 5394 aut
2099 5338 2242 5394 nulla
2267 5352 2399 5392 cura
2424 5342 2796 5406 persequetur.

1797 5552 2024 5609 ΝΟΤίΕ.

366 5654 476 5720 (75)
514 5653 584 5708 Ad
616 5657 928 5724 IICl‘bl'CVCIII
961 5657 1209 5710 lacunam
1273 5653 1592 5722 explendam
1660 5650 1956 5719 σύνδεσμον·
1985 5647 2087 5702 huc
2127 5646 2306 5717 injcei.
