3808 6356
297 284 405 349 239
1461 280 1725 343 ΡΗΟΤΙΙ
1763 282 1801 342 1³

2081 282 2272 345 ECHE
2303 282 2416 347 (ΣΡ.
3461 271 3585 337 23‘)

366 396 544 467 Atque
581 393 630 450 id
669 409 777 450 non
834 389 886 449 in
922 391 1127 451 nostris
1167 396 1547 451 tantummodo
1571 396 1746 453 sacris
1776 395 1870 450 Lit-

2082 397 2174 449 (αἱ
2196 395 2354 450 τοῦτο
2377 394 2438 448 οὐ
2467 394 2629 465 μόνον
2659 391 2804 448 κατά
2830 392 2955 457 τοὺς
2983 390 3162 463 ἱεροὺς
3181 390 3340 463 ἡμῶν
3363 389 3586 459 Λόγους

298 489 452 551 teris,
482 487 576 543 sed
617 488 672 542 in
699 487 926 557 reliquis
987 487 1174 552 etiam,
1229 488 1430 558 quibus
1461 487 1730 556 divinum,
1783 503 1802 558 ι

2082 488 2253 552 ιλάκις
2283 488 2480 560 ὁρᾶται
2508 486 2902 558 πραττόμενον,
2937 484 3075 538 ἀλλά
3101 484 3200 538 καὶ
3228 484 3379 546 ὅσοις
3403 482 3586 545 abst;

303 597 539 652 rumque
565 580 844 652 religionis
895 591 1110 651 septum
1170 581 1538 647 concluditur,
1614 582 1807 637 invenb

2086 582 2204 644 εῐος,
2246 580 2339 632 καὶ
2371 578 2610 649 καθαρὸς
2638 579 2737 649 τῆς
2776 570 3058 640 εὒσεϐείας
3111 575 3397 646 περίϐολος
3441 589 3590 628 συν-

306 673 600 727 identidem
656 673 963 728 factitatum
1011 693 1024 728 :
1065 674 1266 743 quippe
1302 674 1423 728 talis
1459 675 1712 744 loquendi
1747 691 1806 730 ra

2088 673 2228 743 ›ῆται
2252 686 2268 702 ⁸
2296 671 2475 725 καίτοι
2541 669 2672 739 περὶ
2717 667 2913 723 πολλοῦ
2952 668 3060 722 τῶν
3089 667 3269 736 λόγων
3309 659 3592 735 οὖτοιτὴν

304 765 535 818 multum
577 765 857 833 sapientia:
889 780 1074 819 secum
1117 764 1236 820 fert.
1273 766 1442 834 igitur
1484 766 1633 819 nulla
1665 766 1748 820 lex
1799 786 1808 818 ε

2089 765 2189 819 ιίαν
2239 765 2380 818 εἰσὶν
2437 763 2686 833 ἄγοντες.
2739 760 2955 816 υὺκοῧν
3010 761 3131 816 οὐδὲ
3173 760 3245 814 τὰ
3276 759 3465 813 παιδία
3485 774 3593 820 τις

305 856 485 924 t-it,ut
525 856 759 912 delinitis
816 873 1110 927 puerorum
1142 857 1410 927 personis,
1481 873 1667 912 earnm
1727 857 1809 913 eti:

2092 862 2275 916 τάττει
2305 859 2469 930 νόμος
2499 856 2824 928 ὡρισμένων
2857 852 3190 926 προσώπων,
3215 851 3310 906 καὶ
3324 851 3424 920 τὴν
3439 850 3594 918 πρὸς

306 949 635 1018 peculiarem
659 949 725 1003 ad
750 949 887 1005 alios
911 950 1158 1005 homines
1177 951 1488 1004 relationem
1508 951 1810 1020 inquiramu

2086 971 2120 1018 ις
2141 953 2338 1015 ἄλλους
2360 947 2810 1022 ἀποκεκριμένην
2845 947 3140 1025 ἐπιζητεῖν.
3175 942 3540 999 ἀνταπόδοσιν
3572 961 3590 970 ·

309 1039 596 1094 sufficiunt
623 1041 768 1094 enim
822 1056 885 1094 ea
917 1055 1158 1112 quoque,
1191 1058 1313 1112 qua:
1365 1042 1770 1096 indetin-itarum
1798 1058 1813 1096 t

2096 1043 2160 1096 νά
2190 1042 2302 1113 γὰρ
2327 1041 2421 1095 καὶ
2441 1040 2540 1111 τὴν
2565 1039 2674 1093 τῶν
2692 1038 2962 1110 ἀορίστων
2979 1036 3403 1106 ἀναδεδειγμένα
3425 1033 3600 1098 τάξιν

309 1130 492 1185 dinem
541 1131 849 1201 designant,
888 1133 955 1185 ad
985 1133 1260 1202 parabolae
1309 1132 1469 1188 tinem
1513 1133 1808 1187 obtinendu

1755 1133 1890 1188 lum.
1996 1137 2097 1206 τῆς
2123 1132 2444 1205 παραϐολῆς
2465 1129 2864 1201 ἀναπληρῶσαι
2900 1130 2962 1181 τὸ
2991 1127 3259 1199 βούλημα.

405 1221 616 1291 Sc0pus
651 1223 832 1291 itaque
881 1220 1178 1278 Dominicte
1206 1223 1493 1294 parabolae,
1519 1238 1582 1279 ae
1639 1223 1897 1278 similitu-

2094 1227 2143 1280 Ὀ
2173 1225 2270 1297 μὲν
2308 1219 2403 1278 οὖν
2449 1223 2649 1287 σκοπὸς
2692 1222 2796 1290 τῆς
2847 1221 3184 1287 Δεσποτικῆς
3237 1217 3598 1288 παραϐολῆς,

312 1315 460 1371 diuis
499 1315 792 1369 admodum
846 1317 1169 1385 perspicuus
1210 1325 1292 1370 est
1339 1317 1502 1387 atque
1534 1316 1816 1372 manifesto

2128 1318 2440 1389 ὁμοιώσεως
2471 1319 2649 1388 σαφής
2685 1333 2744 1368 τε
2792 1315 2931 1381 λίαν,
2963 1313 3060 1368 καὶ
3109 1313 3286 1384 δῆλος,
3322 1311 3398 1375 ὡς
3427 1309 3488 1364 τό
3513 1325 3599 1380 τε

313 1406 457 1474 quod
498 1404 805 1460 Judaeorum
831 1415 1046 1475 gentem
1093 1407 1304 1472 innuat,
1349 1425 1472 1478 qua:
1517 1423 1697 1479 neque
1727 1408 1813 1463 vol

2100 1409 2284 1464 »δαίων
2313 1408 2464 1472 ἔθνος
2493 1407 2758 1472 ἐπιδεῖξαι
2785 1406 3056 1477 βούλεται,
3092 1407 3124 1460 ὁ
3157 1405 3292 1477 μήτε
3321 1407 3434 1467 τοῖς
3453 1403 3561 1456 θέλ
3579 1429 3604 1442 ο

311 1513 409 1568 per
447 1513 536 1554 res
579 1499 912 1554 hilaritatem
985 1500 1308 1566 excitantes,
1365 1501 1578 1556 scilicet
1619 1505 1712 1572 per
1743 1517 1815 1556 co:

2108 1519 2159 1555 σι
2184 1503 2279 1556 καὶ
2310 1502 2650 1573 εὐφραίνειν,
2681 1498 2828 1554 τοῦτ’
2867 1499 2983 1552 ἔστι
3013 1501 3081 1570 τῇ
3116 1498 3313 1569 ἑθίμῳ,
3343 1498 3444 1551 καὶ
3465 1497 3607 1549 ἔπι-

314 1605 534 1644 munem
570 1592 904 1662 minimeque
951 1608 1192 1648 severam
1249 1594 1462 1650 vivendi
1512 1595 1818 1655 rationeml

2103 1593 2311 1664 ηαζούσῃ
2341 1592 2518 1664 διαίτῃ
2573 1590 2777 1662 (καίτοι
2817 1590 2936 1645 δέον
2974 1589 3054 1660 τῷ
3107 1589 3278 1660 ὁμοίῳ
3323 1587 3607 1640 ἐπικλίνε-

311 1692 397 1737 eet
426 1682 780 1738 similitudine
805 1686 925 1739 vitae
955 1685 1100 1740 allici
1139 1702 1202 1741 ac
1227 1686 1365 1741 ﬂecti
1417 1688 1774 1758 oportuisset)
1801 1690 1815 1743 i

2102 1687 2130 1740 Li
2161 1703 2244 1751 τε,
2280 1686 2376 1738 καὶ
2409 1682 2860 1752 συνεφέλκεσθαι)
2903 1682 2963 1735 τὸ
3006 1679 3323 1734 λυσιτελοῦν
3347 1678 3606 1748 ἠθέλησε

312 1774 458 1842 quod
488 1777 830 1845 expediebat,
860 1778 1176 1847 suscipere:
1211 1794 1387 1848 neque
1430 1795 1522 1848 per
1560 1782 1726 1834 vitam
1744 1798 1812 1836 co

2105 1780 2304 1851 ψασθαι
2330 1797 2344 1810 ο
2377 1777 2502 1832 οὔτε
2531 1776 2622 1830 διὰ
2649 1775 2743 1829 τοῦ
2793 1773 3286 1844 ἀνακεχωρηκότας
3316 1770 3430 1824 τῶν
3457 1769 3609 1823 πολ-

312 1866 490 1920 modis
531 1867 782 1935 pluribus
810 1877 1109 1929 carentem.
1143 1885 1205 1923 ac
1239 1869 1469 1938 rigidam
1502 1871 1744 1940 (tametsi
1797 1873 1816 1926 i

2103 1893 2133 1939 ι,
2172 1873 2268 1926 καὶ
2296 1869 2733 1940 συνεσταλμένου
2769 1867 2887 1938 βίον
2911 1867 3138 1938 (καίπερ
3164 1864 3438 1918 δυσωπεῖν
3479 1858 3607 1916 οἶδε

314 1963 464 2026 ipsos
491 1973 708 2029 quoque
733 1960 1098 2030 religiosiores
1133 1962 1383 2018 homines
1414 1961 1633 2019 moiere
1679 1964 1818 2019 debu

2147 1961 2598 2034 εὐλαϐεστέρους)
2659 1959 3070 2031 ἀπεργάζεσθαι
3128 1957 3190 2010 τὸ
3246 1954 3604 2027 παράδοξα-ι’

315 2049 420 2119 set)
464 2050 540 2114 id,
603 2052 746 2120 quod
815 2068 928 2106 sua:
974 2054 1314 2123 repugnabat
1354 2056 1623 2125 opinioni,
1680 2073 1819 2112 CXSct

2111 2058 2240 2123 ἀὼς
2267 2059 2357 2110 ὑπ’
2393 2055 2608 2120 οὐδενὸς
2637 2057 2844 2108 τούτων
2894 2051 3342 2122 ἐπεστράφησαν,
3373 2049 3432 2102 τδ
3463 2048 3612 2101 ἀκό-

316 2142 482 2211 coepit
518 2160 530 2195 :
566 2152 620 2197 at
658 2145 802 2213 quod
835 2146 1027 2198 borum
1083 2158 1280 2202 neutro
1331 2149 1396 2202 ad
1425 2149 1668 2204 animum
1701 2160 1820 2220 prot

2083 2170 2204 2206 στον
2235 2151 2435 2215 αὐτῶν,
2472 2149 2567 2202 καὶ
2605 2147 2923 2214 δυσάγωγον
2970 2143 3108 2213 πρὸς
3141 2141 3426 2196 εὐσέϐειαν
3463 2140 3587 2194 ἀπο

315 2249 444 2287 vum
481 2242 530 2288 et
577 2235 824 2306 religioni
870 2247 1248 2293 contumacem
1296 2239 1696 2310 deponendum,
1741 2258 1819 2298 8X1

2107 2245 2196 2299 θαι
2223 2246 2319 2300 καὶ
2365 2240 2781 2297 ἀποσείσασθαι.
2844 2238 2957 2292 Καὶ
2997 2237 3097 2309 τὴν
3141 2235 3316 2289 πειθὼ
3353 2236 3412 2288 δὲ
3467 2252 3611 2289 συν-

316 2326 676 2396 tiendmnqne
707 2327 938 2384 adducta
970 2331 1060 2385 sit.
1120 2332 1299 2401 Atque
1342 2348 1468 2386 vero
1526 2333 1716 2388 eadem
1747 2348 1812 2403 pa

2108 2339 2226 2393 ιίνει
2256 2337 2348 2390 τὸν
2378 2334 2600 2404 ἔλεγχον
2636 2331 3022 2402 ἐπιφέρουσαν,
3052 2328 3127 2391 ῶς
3159 2327 3233 2402 μὴ
3271 2325 3612 2398 μετανοοῦν-

315 2417 437 2471 bola
463 2420 872 2487 persuasionem
905 2436 1028 2475 cum
1058 2421 1429 2492 increpatione
1458 2425 1718 2489 contexit,
1763 2441 1816 2494 qi

2143 2428 2253 2482 τῶν
2299 2425 2568 2480 Ἰουδαίων
2620 2425 2648 2476 ὁ
2688 2422 2861 2491 δῆμος
2913 2421 3097 2473 πᾶσαν
3133 2417 3452 2485 ἀπολογίαν,
3500 2416 3613 2471 καὶ

318 2507 844 2577 populns'Jndaicus
864 2527 970 2565 nun
1010 2513 1218 2583 agendo
1247 2516 1644 2584 pmnitcntiam,
1693 2532 1818 2571 omn

1541 2532 1644 2581 ³⁸η»
1693 2532 1908 2571 0111118111
2015 2523 2348 2593 συγγνώμην
2388 2519 2602 2580 ἑαυτοῖς
2631 2515 3045 2586 περικόπτουσι.

319 2601 422 2656 sibi
448 2606 852 2659 excusationem
884 2607 1209 2678 veniamque
1236 2609 1572 2676 prwcideret.

397 2693 667 2749 Parabola
699 2711 827 2750 vero
886 2696 955 2751 ab
1012 2697 1102 2763 iis,
1171 2699 1262 2770 qui
1307 2699 1380 2754 ita
1430 2711 1901 2768 eommcntantur,

2112 2706 2274 2759 Γαῦτα
2316 2703 2413 2774 μὲν
2458 2701 2523 2773 δὴ
2575 2700 2905 2771 πράττουσιν
2933 2698 2968 2768 ἡ
3001 2693 3284 2769 παραϐολὴ
3323 2693 3392 2746 τὰ
3436 2693 3616 2746 λοιπὰ

323 2789 572 2850 nomina,
629 2796 684 2843 et
715 2804 821 2856 res,
855 2805 978 2860 qua:
1022 2791 1223 2848 nullius
1257 2793 1624 2858 necessitatis,
1667 2797 1826 2851 admo

2112 2798 2435 2867 ιόνομάτων
2471 2812 2532 2847 τε
2593 2793 2688 2846 καὶ
2732 2790 3094 2862 πραγμάτων,
3144 2789 3243 2842 ὅσα
3287 2787 3457 2859 μηδὲν
3494 2785 3616 2840 τῶν

323 2879 555 2934 tionisve
604 2882 863 2938 salutaris
941 2897 1103 2950 sunt,
1168 2885 1383 2942 curiose
1443 2887 1758 2958 investigari
1805 2905 1827 2942 η

2113 2890 2356 2960 ιγκαίων,
2393 2884 2649 2954 καὶπρὸς
2682 2883 2957 2953 σωτηρίαν
2999 2878 3420 2949 ἐκκαλουμένων
3465 2894 3617 2946 προ·-

324 2983 499 3028 cnrat.
527 2971 758 3040 Quinam
777 2975 921 3030 enim
949 2989 1097 3041 sunt,
1131 2978 1221 3047 qui
1274 2989 1463 3033 iustum
1490 2980 1596 3034 dici
1631 2982 1828 3037 noctisr

2113 2986 2186 3047 εἴ,
2211 2981 2332 3035 οὐδὲ
2366 2977 2690 3049 σεμνύνεται
2729 2974 3229 3045 πολυπραγμονεῖν.
3266 2970 3424 3025 Ἐπεί
3455 2987 3614 3032 τινες

326 3059 554 3128 glaciem
588 3061 642 3115 in
675 3064 847 3117 sacris
897 3064 1180 3121 laboribus
1210 3067 1454 3123 animose
1490 3069 1819 3125 invenerunt

2114 3075 2200 3128 τὸν
2231 3073 2488 3128 καύσωνα
2527 3073 2626 3141 τῆς
2661 3069 2900 3139 ἡμέρας,
2948 3067 3044 3120 καὶ
3086 3066 3176 3120 τὸν
3218 3063 3458 3132 παγετὸν
3504 3062 3618 3132 τῆς

324 3158 381 3202 ιι
434 3149 491 3202 in
529 3150 665 3205 alios
699 3160 819 3220 post
851 3167 908 3206 se
961 3153 1026 3206 ad
1055 3153 1284 3207 similem
1313 3155 1557 3210 laborem
1593 3158 1828 3211 conduct

2110 3167 2214 3231 ιτδς
2239 3166 2332 3220 ἐπὶ
2360 3166 2472 3227 τοῖς
2507 3160 2676 3226 θείοις
2713 3159 2896 3232 ἔργοις
2917 3157 3179 3229 ἐμψύχως
3191 3155 3568 3225 διενεγκόντες
3595 3171 3614 3187 ο

329 3241 424 3311 qui
493 3257 678 3312 parem
739 3245 1046 3298 mercedem
1113 3255 1456 3315 acceperant,
1555 3248 1797 3302 invidum

2110 3280 2132 3324 ς
2159 3259 2214 3312 δὲ
2254 3258 2370 3330 μετ’
2405 3255 2603 3318 αὐτοὺς
2650 3252 2873 3305 ἐλθοῦσι
2921 3249 3265 3321 μιμήσασθαι
3310 3247 3614 3318 βάσκανον,

329 3349 566 3404 nequam
595 3334 814 3389 oculum
840 3336 1190 3406 eonjecernnt
1215 3357 1234 3389 ι
1253 3339 1325 3391 ’τί
1347 3337 1484 3406 Quis
1511 3350 1690 3396 autem
1715 3350 1798 3397 est
1828 3343 1833 3395 i

2113 3392 2117 3405 .
2151 3350 2388 3421 πονηρὸν
2415 3346 2718 3417 ὀφθαλμὸν,
2772 3344 2856 3412 ἐφ’
2892 3340 2972 3407 οἷς
3018 3343 3278 3413 μετέσχον
3307 3341 3418 3394 τῶν
3449 3341 3617 3401 ίσων.

337 3426 992 3496 «judexiniquitatis,qui
1026 3426 1191 3487 Deum
1227 3444 1335 3482 non
1373 3429 1618 3494 timebat,
1649 3439 1702 3485 et
1734 3432 1841 3486 bon

2115 3445 2410 3506 ϐάλλοντες
2435 3460 2450 3508 ;
2479 3442 2576 3504 Τίς
2607 3437 2663 3493 δὲ
2700 3458 2719 3490 ι
2756 3441 2784 3492 ὁ
2809 3439 2908 3508 τῆς
2953 3435 3169 3498 ἀδικίας
3194 3433 3389 3508 κριτὴς
3410 3433 3440 3485 ὁ
3471 3433 3619 3486 Θεὸν

336 3532 459 3570 nem
484 3533 590 3570 non
625 3519 976 3572 reverebatur
1006 3519 1082 3583 ἐς
1109 3534 1172 3574 ac
1194 3519 1390 3574 deinde
1404 3521 1560 3575 vidua
1583 3521 1840 3578 declamal

2137 3537 2494 3609 φοϐούμενος,
2534 3535 2631 3588 καὶ
2675 3531 2961 3603 ἄνθρωπόν
3000 3529 3074 3602 μὴ
3112 3530 3513 3611 ἐντρεπόμενος
3539 3543 3554 3555 ⁸
3590 3546 3612 3578 ι

330 3623 588 3663 vesanam
621 3611 931 3680 superbiam
970 3610 1022 3670 in
1065 3610 1494 3666 misericordiam
1535 3613 1806 3667 convertit

2114 3599 2162 3685 α’
2177 3631 2276 3701 τῆς
2309 3599 2486 3700 γήρας
2517 3599 2875 3694 καταϐοώσης
2904 3599 3329 3692 είς-οἰκτιρμοὺς
3354 3599 3618 3673 διαλύων

332 3701 582 3758 Profecto
627 3702 819 3757 borum
849 3704 1167 3757 alterutrum
1223 3719 1291 3758 ne
1319 3719 1416 3774 per
1435 3705 1662 3758 multum
1705 3705 1832 3775 quid

2117 3743 2122 3764 ι
2151 3723 2450 3786 ἀπόνοιαν;
2483 3717 2700 3772 Τούτων
2741 3715 2851 3787 γὰρ
2881 3716 3142 3786 ἑκάτερον
3179 3715 3255 3786 μὴ
3308 3711 3446 3785 μετά
3479 3711 3621 3765 πολ-

335 3798 737 3860 aberrationem
809 3815 839 3854 a
897 3801 1200 3869 proposito,
1271 3810 1435 3870 atque
1521 3802 1839 3872 nngacitatc‘

2117 3832 2125 3876 :
2181 3817 2281 3885 τῆς
2333 3808 2679 3881 παρεκϐολῆς
2727 3807 2821 3860 καὶ
2868 3805 3211 3876 ἀδολεσχίας,
3268 3806 3330 3858 ού
3378 3804 3480 3874 μὲν
3517 3797 3621 3857 οὗν

336 3893 498 3948 alicui
580 3893 840 3962 peculiari
913 3907 1159 3963 persona:
1213 3909 1438 3964 quoquo
1494 3894 1656 3948 modo
1742 3909 1840 3962 pos

2117 3927 2127 3962 :
2197 3907 2316 3960 ἔστι
2399 3902 2678 3974 προσώπῳ
2769 3901 3197 3970 περιωρισμένῳ
3282 3896 3621 3968 ἐναρμόσα-

337 3987 534 4057 aptari.
1105 3999 1120 4014 '

1105 3999 1120 4014 ⁸
2030 3999 2175 4054 σθαι.

402 4084 520 4140 .lam
575 4104 704 4142 vero
740 4089 845 4144 illa;
890 4089 1178 4159 «virgines,
1218 4105 1451 4160 quarum
1485 4091 1729 4162 quinque
1770 4108 1900 4146 eran

2117 4089 2274 4145 Ἀλλά
2305 4107 2324 4142 ι
2355 4089 2411 4142 al
2441 4087 2729 4158 παρθένοι,
2759 4087 2817 4140 αἱ
2849 4084 2948 4156 μὲν
3003 4082 3168 4136 πέντε
3217 4080 3420 4152 μωραὶ,
3457 4081 3517 4134 αἱ
3557 4079 3621 4133 δὲ

339 4181 520 4248 fatuas,
558 4191 611 4236 et
653 4183 894 4252 quinque
955 4183 1248 4252 prudentes
1278 4183 1324 4215 ⁸ο
1358 4203 1406 4248 ,ι
1451 4183 1740 4254 cnjnsnam
1791 4184 1843 4239 dt

2119 4200 2193 4237 ns
2219 4183 2496 4254 φρόνιμοι,
2535 4199 2552 4232 ι
2586 4180 2732 4242 τίνος
2782 4173 3079 4248 προσώπου
3128 4172 3434 4245 ὡρισμένου
3463 4173 3623 4225 είκο-

338 4277 467 4330 nitze
498 4290 747 4345 personat
781 4275 1070 4346 imaginem
1105 4276 1388 4332 referent?
1445 4275 1688 4347 Tempus
1717 4287 1842 4332 ante

2115 4292 2310 4342 'OUO’W;
2349 4273 2407 4326 '0
2435 4271 2626 4344 χρόνος
2655 4270 2731 4336 δὲ,
2777 4268 2900 4322 καθ’
2929 4267 2990 4321 ὃν
3020 4268 3076 4321 αἱ
3109 4267 3206 4338 μὲν
3257 4264 3530 4336 εἰσῆλθον,
3561 4266 3619 4318 αἱ

338 4384 450 4436 quo
503 4367 588 4422 lue
623 4366 841 4438 quidem
894 4345 1259 4435 intraverunt,
1314 4369 1419 4424 illae
1464 4345 1600 4424 vero
1634 4387 1661 4422 ιι
1710 4369 1842 4439 Spor

2119 4365 2212 4420 τοῦ
2252 4363 2538 4435 νυμφῶνος
2565 4359 3029 4430 ἀπεκλείσθησαν,
3055 4358 3140 4422 τίς
3165 4359 3285 4411 ποτ’
3313 4356 3378 4412 ἂν
3402 4357 3486 4428 εἴη
3511 4374 3528 4422 ;
3559 4357 3623 4411 ὐ

2203 4460 2230 4467 _
2419 4458 2443 4467 -
2618 4455 2630 4467 .
2843 4452 2865 4467 ..
3004 4453 3015 4467 .
3082 4452 3093 4467 .
3356 4449 3398 4467 ν
3442 4449 3456 4467 ι
3571 4449 3588 4467 -ν

338 4461 576 4518 exclusae
612 4473 742 4517 sunt
801 4462 844 4494 "
873 4505 887 4530 ,
928 4464 1200 4534 quodnam
1253 4479 1376 4518 esse
1422 4462 1658 4533 poterit?
1714 4462 1842 4516 Eten

2120 4480 2142 4533 ο
2170 4460 2268 4532 τῆς
2298 4458 2486 4528 κοινῆς
2537 4455 2772 4527 κρίσεως
2811 4452 2963 4506 οὔπω
3000 4452 3325 4522 ἐφέστηκεν.
3356 4449 3465 4502 Καὶ
3491 4449 3624 4505 πο)..-

340 4556 650 4610 commnnis
682 4556 878 4626 judicii
909 4566 1124 4626 tempus
1158 4556 1398 4610 nondum
1451 4555 1615 4609 venit.
1666 4554 1844 4624 Atque

2117 4569 2141 4615 ς
2167 4549 2350 4611 ἄλλοις
2378 4551 2407 4600 ὁ
2433 4547 2614 4616 ζητῶν
2666 4543 2950 4614 ὡρισμένα
2982 4541 3274 4612 πρόσωπα,
3308 4542 3404 4593 καὶ
3433 4542 3621 4610 πράγ-

341 4649 526 4705 mnltis
553 4649 674 4703 aliis
706 4650 752 4704 si
790 4650 914 4718 quis
948 4657 1124 4704 certas
1160 4663 1445 4718 personas,
1501 4663 1567 4704 ac
1600 4663 1685 4702 res
1734 4662 1838 4717 exq

2129 4660 2204 4706 τα,
2237 4643 2332 4694 καὶ
2358 4633 2821 4706 κατατεμαχίζειν
2845 4631 3298 4704 φιλοτιμούμενος
3317 4631 3415 4696 τὰς
3437 4649 3633 4702 παρα-.

340 4753 506 4807 reret,
549 4744 943 4813 parabolasque
974 4741 1236 4810 usquead
1290 4740 1518 4794 minima
1575 4739 1844 4794 SllitdiVidt

2118 4735 2217 4797 ιάς,
2236 4729 2612 4802 περιενεχθείη
2637 4727 2702 4780 ἂν
2724 4727 2820 4795 τὴν
2843 4726 3104 4790 διάνοιαν,
3129 4727 3224 4778 καὶ
3258 4725 3622 4796 ἀπορήματα,

341 4834 627 4898 niteretur,
669 4835 716 4888 is
761 4832 1144 4902 perpendendo
1187 4846 1250 4885 ac
1286 4830 1601 4886 ﬂuctuando
1653 4843 1844 4900 torque

2135 4825 2389 4879 τοσοῦτον
2439 4822 2547 4874 τῶν
2597 4816 2926 4891 παραϐολῶν
2969 4815 3130 4871 τοῦτο
3196 4816 3623 4888 παρεχομένων,

342 4937 467 4992 tur;
527 4943 633 4980 non
691 4935 800 4980 tam
837 4926 961 4993 quia
1031 4925 1302 4994 parabolae
1341 4923 1584 4979 conditio
1628 4923 1680 4977 id
1739 4937 1846 4977 seet

2121 4937 2161 4970 δν
2208 4917 2311 4987 τῆς
2361 4911 2706 4986 περιεργίας,
2734 4910 2829 4964 καὶ
2881 4909 3088 4963 ἀτόπου
3125 4909 3486 4977 λεπτολογίας
3542 4910 3625 4972 είς

343 5019 472 5083 fert,
493 5033 658 5087 quam
694 5019 820 5086 quia
851 5016 1166 5081 curiositas,
1211 5018 1516 5084 ineptteque
1547 5012 1778 5082 argutia
1832 5027 1847 5081 ι

2123 5008 2281 5062 αθίαν
2343 5004 2563 5079 μᾶλλον,
2604 5001 2742 5058 ἀλλά
2790 4999 2892 5054 οὐκ
2932 5000 3017 5062 εἰς
3064 4998 3284 5070 εὕρεσιν
3329 4997 3627 5052 ἀποτελευ-

345 5111 456 5164 tius
487 5111 539 5162 in
575 5110 998 5179 ignOI-ationem,
1026 5124 1192 5179 quam
1226 5108 1282 5164 in
1308 5107 1677 5163 inventionem
1728 5105 1935 5160 verita-
2037 5101 2239 5171 τώσης.

349 5200 419 5254 tis
450 5198 704 5252 desinere
737 5200 936 5253 solent.

421 5291 630 5348 Rursus
670 5294 896 5361 quinam
953 5301 1080 5347 sunt
1124 5293 1215 5363 qui
1258 5310 1326 5349 ne
1351 5294 1578 5362 siliquas
1611 5291 1833 5361 quidem
1864 5289 1925 5344 ad

2119 5283 2270 5345 Τίνες
2293 5281 2350 5334 δὲ
2374 5280 2533 5332 πάλιν
2557 5281 2605 5330 οἱ
2639 5278 2712 5349 μὴ
2729 5275 2964 5339 διδόντες
2997 5273 3105 5327 τῶν
3160 5269 3432 5341 κερατίων
3457 5283 3623 5336 μετα-

349 5360 700 5440 εοιιιιήιοιεηι
719 5384 1012 5449 dabantei,
1045 5402 1064 5435 ι
1095 5360 1188 5454 qui
1210 5401 1433 5454 peregre
1456 5360 1738 5450 prolectus
1765 5392 1846 5437 est

2122 5377 2197 5429 εῖν
2235 5393 2252 5426 ι
2289 5372 2365 5443 τῷ
2389 5374 2468 5434 εἰς
2506 5371 2722 5440 μακρὰν
2761 5368 3182 5437 ἀποδημήσαντι
3224 5362 3403 5426 πόλιν,
3435 5360 3530 5412 καὶ
3559 5360 3626 5408 τέι

350 5477 629 5548 regionem
677 5476 1054 5548 longinquam,
1090 5486 1145 5532 et
1207 5477 1497 5546 dissipavit
1569 5475 1854 5531 substanti:

2122 5467 2280 5540 ιτρῷα
2325 5463 2770 5520 καταναλώσαντι
2835 5459 3095 5524 ἀσώτως;
3135 5475 3154 5509 ι
3195 5459 3258 5509 Ol
3292 5454 3525 5524 μίσθιοι
3572 5451 3626 5504 δὲ

421 5703 694 5831 εἰρίοισι.
767 5722 856 5771 χχ,
912 5706 998 5760 is.
1109 5705 1152 5737 ετ
1211 5666 1344 5760 ibid.
1383 5702 1471 5757 15.
1559 5701 1604 5735 δε
1651 5700 1784 5757 Luc.
1856 5717 1921 5756 xv

2200 5698 2243 5729 δί’
2291 5695 2422 5751 ibid.
2495 5693 2547 5747 5.
2676 5692 2721 5723 ⁶⁰
2753 5687 2944 5745 Matth.
3011 5701 3137 5752 xxv,
3179 5682 3231 5737 Ξ.
3349 5681 3391 5713 ⁶¹
3423 5676 3555 5735 ibid.
3587 5671 3619 5729 6

351 5789 404 5834 οι
441 5779 530 5832 12..
