3888 6186
188 252 288 319 211

1121 254 1219 314 AD
1257 250 1850 313 AMPHILOCHIUM
1886 250 2234 325 QUIESTIO
2271 251 2510 312 XXXIV

3349 241 3458 311 212

190 367 355 422 πάλιν
386 366 531 429 τίνες
557 382 571 431 ;
595 365 766 436 Εἴπερ
793 365 853 418 τὸ
875 362 1217 435 ἀνθρώπινον
1245 365 1403 433 γένος
1424 364 1504 427 είς
1528 363 1766 425 δικαίους

1876 378 2030 418 suam
2062 360 2297 417 vivendo
2331 362 2612 417 luxuriose
2642 360 2685 392 ⁶¹
2715 359 2740 414 ?
2774 377 2793 413 ι
2826 358 3145 414 Ηενεεηαιοὶἰ
3186 372 3316 414 vero
3334 361 3456 425 qui-

191 460 287 513 καὶ
320 457 679 528 ἁμαρτωλοὺς
711 454 1107 525 διαιρούμενον,
1139 454 1228 508 διὰ
1258 455 1368 507 τῶν
1400 457 1457 507 ὲν
1491 457 1556 524 τῇ
1590 470 1770 522 παρα-

120 616 121 619 ,
192 550 325 621 ϐολῇ
370 550 463 603 δύο
507 546 938 618 λαμϐανομένων
996 546 1128 600 υίῶν
1188 546 1620 617 παραδηλοῦται,
1674 548 1770 597 καὶ

193 641 314 705 πῶς
339 624 513 704 οὗτος,
550 640 625 702 ὡς
671 634 753 705 εἷς
797 638 875 709 τῷ
906 640 1074 710 πατρὶ
1112 636 1222 692 τῶν
1265 638 1520 708 μισθίων,
1553 657 1571 689 ι
1624 654 1774 707 νομι-

193 732 387 804 σθῆναι
427 731 719 798 ἐξαιτεῐται
747 747 760 797 ;
832 731 889 785 '0
923 731 1039 794 υίὸς
1066 732 1094 783 ό
1129 730 1522 802 πρεσϐύτερος,
1548 730 1654 783 ότὸ
1678 728 1772 781 τοῦ

194 823 401 894 πατρὸς
433 821 644 892 Θὲλημα
660 820 907 892 πληρῶν,
931 816 1052 874 εἶτα
1089 810 1249 890 (aliove
1260 823 1375 891 ροῖς
1399 820 1612 889 ὄμμασι
1634 817 1773 870 θεω-

194 911 308 979 ρῶν
336 912 433 982 τὴν
460 913 820 984 ἐπιστροφὴν,
850 912 947 965 καὶ
978 910 1253 983 σωτηρίαν
1283 910 1378 964 τοῦ
1400 910 1654 979 ἀδελφοῦ,
1678 911 1773 964 καὶ

186 1003 643 1072 δικαιολογεῖσθαι
688 1002 1125 1073 παροξυνόμενος
1175 1003 1257 1075 τῷ
1299 1004 1488 1073 πατρὶ,
1532 1002 1650 1065 πῶς
1703 1001 1772 1057 ἂν

185 1093 486 1164 ὡρισμένῳ
507 1095 610 1147 τινὶ
628 1093 908 1166 προσώπῳ
932 1095 1269 1164 παρατεθείη
1291 1111 1306 1159 ;
1330 1096 1494 1147 Ὥστε
1513 1092 1769 1162 φανερὸν,

183 1182 264 1248 ὡς
299 1186 399 1253 ούχ
426 1185 641 1240 ἅπαντα
683 1187 782 1257 τῆς
825 1187 1142 1259 παραϐολῆς
1176 1186 1242 1240 τά
1289 1187 1430 1258 μέρη
1460 1186 1773 1257 πολυπραγο

186 1280 397 1346 μονεῖν,
428 1278 519 1331 καὶ
546 1274 851 1348 λογοθετείν
890 1281 1185 1351 προσήκει,
1226 1279 1362 1349 πρὸς
1391 1279 1551 1348 μόνον
1581 1280 1638 1333 δὲ
1667 1281 1771 1348 ἁφ-

180 1371 320 1440 ορᾷν
363 1369 426 1423 τὸ
473 1370 563 1424 διὰ
626 1366 728 1441 τῆς
786 1370 1112 1443 ὁλοκληρίας
1175 1370 1381 1442 ταύτης
1429 1371 1771 1442 σημαινόμε-

180 1477 273 1514 νον
281 1503 295 1516 ι

251 1644 361 1697 Τὸν
394 1644 450 1698 δὲ
478 1642 736 1697 πλούσιον
766 1642 1072 1716 ἄνθρωπον,
1103 1646 1179 1708 ὡς
1225 1643 1317 1697 τὸν
1343 1642 1771 1713 διαϐεϐλημένον

178 1736 470 1805 οἰκονόμον
492 1736 589 1805 τῆς
617 1736 796 1797 οίκέας
820 1737 1217 1806 προεστήσατο,
1246 1735 1354 1788 τίνι
1388 1736 1452 1789 ἄν
1480 1752 1564 1798 τις
1592 1751 1763 1803 προσ-
1794 1726 1838 1781 Β

176 1827 319 1897 ώπῳ
347 1826 714 1891 ἑξιδιώσαιτος
744 1825 909 1889 Τίνας
940 1827 986 1878 δ’
1009 1825 1075 1879 ἂν
1107 1824 1248 1878 είποι
1280 1826 1408 1888 τοὺς
1447 1824 1764 1878 διαϐάλλον-

176 1929 277 1975 τας
300 1931 315 1978 ;
357 1914 422 1967 Ἡ
446 1915 501 1967 δὲ
517 1914 873 1976 ἀνταπόδοσις
899 1912 1007 1966 τῶν
1034 1915 1132 1984 μὲν
1158 1914 1382 1981 ἀγαθῶν
1404 1914 1483 1984 τῷ
1502 1915 1762 1984 Λαζάρῳ,

175 2005 293 2059 τῶν
320 2006 378 2058 δὲ
404 2007 639 2059 ἀνιάτων
662 2006 851 2059 κακῶν
878 2005 957 2076 τῷ
986 2005 1245 2076 πλουσίῳ,
1281 2006 1397 2068 πῶς
1431 2006 1497 2059 ἂν
1548 2005 1633 2075 εἴη
1668 2022 1765 2073 γε-

177 2098 461 2168 γενημένη
510 2098 663 2151 οὔπω
707 2099 808 2168 τῆς
842 2099 1029 2169 κοινῆς
1083 2100 1319 2171 κρίσεως
1377 2098 1761 2168 συνεστώσης;

178 2189 295 2243 Καὶ
322 2190 379 2243 αἱ
416 2189 677 2254 διαλέξεις
705 2191 785 2255 δὲ,
812 2190 873 2251 ἃς
898 2190 1259 2245 ὑποϐάλλεται
1288 2192 1323 2261 ἡ
1355 2189 1639 2261 παραϐολὴ
1666 2190 1761 2243 τοῦ

190 2281 469 2350 Ἀϐραάμ,
496 2283 591 2334 καὶ
641 2281 735 2333 τοῦ
783 2281 1002 2335 κολάσει
1053 2281 1602 2352 καταδεδικασμένου,
1646 2282 1767 2347 πῶς

178 2373 248 2427 ἂν
274 2374 488 2441 γένοιτο
517 2374 595 2445 τῷ
625 2374 725 2445 μὲν
756 2376 914 2446 σιγὴν
943 2374 1052 2428 τῶν
1082 2374 1331 2445 βασάνων
1355 2376 1761 2431 ὲπιταττόντων

180 2466 302 2536 (καὶ
340 2465 480 2537 πλὴν
506 2466 615 2519 τῶν
651 2466 777 2520 καθ’
806 2467 1001 2520 ἑαυτὸν
1033 2468 1360 2538 στεναγμῶν
1400 2486 1459 2521 τε
1484 2470 1577 2521 καὶ
1600 2468 1763 2540 ὀδυρ-

182 2558 308 2629 μῶν
334 2560 552 2629 χαλινὸν
578 2562 692 2624 τοῖς
726 2561 906 2623 ἄλλοις
942 2562 1367 2633 ἐπιϐαλλόντων)
1396 2577 1409 2592 ⁸
1438 2562 1532 2616 τοῦ
1567 2564 1623 2617 δὲ
1656 2580 1765 2635 μη-

177 2652 302 2705 κέτι
329 2651 470 2721 μετὰ
493 2653 593 2722 τὴν
620 2653 805 2722 κρίσιν
829 2654 965 2725 πρὸς
993 2653 1086 2707 τὸν
1134 2655 1351 2723 ἐφάπαξ
1402 2656 1764 2709 καταδεδικα-

179 2744 387 2811 σμένον
417 2745 576 2797 ἐπιστ
588 2745 888 2815 ρεφομένου
914 2763 930 2813 ;
957 2745 1114 2798 Κατὰ
1144 2746 1235 2798 τὸν
1262 2745 1426 2799 αὑτὸν
1456 2742 1549 2799 οὖν
1572 2746 1764 2809 τύπον,

176 2838 273 2890 καὶ
321 2837 485 2905 νόμον
522 2837 643 2890 οὐδὲ
688 2838 757 2891 τὰ
803 2841 867 2909 τῇ
929 2839 1214 2910 παραϐολῇ
1272 2839 1460 2892 παιδία
1512 2840 1765 2910 ζητήσειε

177 2943 245 2978 πε
254 2943 490 2997 ριγεγρα
499 2927 721 2997 μμένων
742 2925 1051 2999 προσώπων
1068 2929 1437 2997 ἀπαγγέλλειν
1456 2929 1725 2999 ἰδιότητας
1748 2947 1762 2960 ·

175 3019 318 3073 ἀλλὰ
345 3019 454 3091 γὰρ
480 3019 565 3073 διὰ
593 3019 704 3073 τῶν
747 3020 849 3090 τῆς
908 3020 1223 3092 κοινοτέρας
1285 3022 1468 3090 φωνῆς
1539 3022 1764 3091 ίδιωμά-
1792 3058 1835 3118 C

172 3127 289 3164 των
317 3112 410 3166 καὶ
452 3111 581 3183 πρὶ
649 3111 753 3183 τῆς
808 3113 1182 3183 προκειμένης
1227 3113 1546 3185 παραϐολῆς
1600 3114 1765 3166 ἐπέλ-

176 3202 286 3256 Θοι.

248 3294 364 3346 Καὶ
390 3292 701 3364 ὁμοιώσεως
730 3294 905 3348 ταῦτα
942 3294 1009 3349 ἂν
1053 3295 1139 3366 εἴη
1166 3311 1180 3325 ⁸
1210 3295 1335 3349 ἐπεὶ
1374 3296 1434 3349 τό
1475 3312 1539 3364 γε
1589 3297 1767 3365 αἰνιγ-

178 3384 415 3453 ματικὸν
464 3378 605 3447 εἶδος
658 3383 866 3453 αὐτῆς,
895 3383 1019 3437 καθ’
1050 3384 1079 3436 ὃ
1111 3385 1263 3455 καὶὴ
1311 3383 1407 3438 νῦν
1462 3383 1764 3457 ὲταζομένη

174 3475 616 3547 προενήνεκται,
666 3475 761 3530 καὶ
803 3475 1019 3547 ἑτέραις
1081 3471 1387 3546 περινοίαις
1446 3476 1538 3530 τὸν
1594 3477 1766 3531 πολὺν

174 3571 459 3641 ἀκροατὴν
536 3570 596 3622 οὐ
648 3569 1120 3639 παραδεχομέναις
1188 3568 1613 3640 θαλαμεύεσθαι.
1658 3569 1768 3623 Καὶ

173 3652 498 3733 τοῦτο’ἄρα,
528 3662 623 3715 καὶ
658 3662 688 3714 ό
730 3644 1004 3732 Σωτήριος
1022 3661 1180 3728 λόγος
1220 3661 1764 3731 ὑποσημαινόμενοςο

183 3775 203 3807 ι
244 3755 433 3825 ’Υμῖν,
482 3773 501 3807 ι
532 3754 687 3820 ἔλεγε
722 3752 859 3825 πρὸς
887 3756 1013 3817 τοὺς
1039 3754 1309 3825 μαθητὰς,
1339 3773 1357 3805 ι
1387 3754 1596 3808 δέδοται
1627 3753 1768 3823 γνῶο

189 3866 273 3902 θαι
326 3848 396 3901 τὰ
444 3847 751 3917 μυστήρια,
792 3846 1021 3910 ἐκείνοις
1061 3847 1118 3900 δὲ
1146 3848 1204 3899 ὲν
1235 3846 1598 3915 παραϐολαῖς,
1639 3865 1657 3897 ι
1698 3849 1765 3916 τῇ

178 3926 580 4014 ἀκριϐεστάτη,
612 3942 707 3995 καὶ
742 3940 884 3994 κατὰ
929 3940 1125 3993 λεπτὸν
1158 3937 1475 4007 ἐπιγνώσει,
1509 3941 1604 3993 καὶ
1633 3940 1767 3992 ἀνα-

177 4036 417 4105 καλύψει
449 4035 542 4088 τοῦ
566 4034 885 4105 μυστηρίου,
904 4033 1003 4105 τὴν
1030 4034 1174 4087 κατὰ
1192 4033 1293 4096 τὰς
1320 4032 1642 4103 παραϐολάς
1668 4034 1764 4086 ἀν-

174 4126 572 4181 τιδιαστέλλειν
604 4123 929 4194 κατάληψιν.

246 4308 344 4360 Διὸ
382 4308 474 4359 καὶ
509 4324 527 4357 ι
564 4305 774 4375 Φράσον
796 4306 946 4376 ἡμῖν,
982 4324 1000 4355 ι
1032 4304 1217 4372 ἔλεγον
1247 4306 1295 4357 οἱ
1310 4304 1626 4367 ἀπόστολοι,
1664 4304 1763 4375 τὴν

1876 470 2001 508 nam
2052 464 2182 509 sunt
2232 454 2413 506 "i’Si
2474 455 2771 507 humanum
2828 466 2999 521 genus
3058 450 3111 504 in
3177 450 3357 527 justos
3404 460 3459 504 et

1872 553 2187 615 peccatores
2221 545 2578 613 discerptum,
2614 544 2831 596 duobus
2889 542 3015 597 ﬁliis
3057 541 3110 595 in
3140 542 3453 609 parabolam

1870 636 2110 693 inductis
2158 637 2514 705 signiﬁcatur,
2575 637 2855 705 quomodo
2886 634 3109 703 juvenis
3157 634 3259 687 iste
3310 633 3453 687 sicut

1874 744 2014 784 unus
2060 742 2129 783 ex
2170 730 2523 783 mercenariis
2555 727 2726 797 patris
2773 742 2896 781 esse
2955 727 3249 797 cupiebat?
3280 724 3451 780 Filius

1872 830 2051 875 autem
2092 819 2293 884 senior,
2322 819 2414 889 qui
2456 819 2597 888 patri
2635 819 2687 872 in
2725 820 2986 873 omnibus
3023 818 3451 886 obsequebatur,

1870 922 1926 966 et
1962 920 2146 981 postea
2176 912 2375 966 invidis
2406 911 2583 965 oculis
2617 912 3033 971 conversionem
3110 911 3454 980 salutemque

1869 1000 2057 1057 fratris
2095 1002 2481 1071 conspiciebat,
2515 1016 2579 1056 ac
2624 1002 2687 1056 de
2736 1002 2899 1070 hujus
2916 1002 3306 1070 justifieatione
3341 1001 3454 1054 ira-

1871 1096 2127 1149 scebatur
2177 1094 2231 1148 in
2307 1104 2513 1164 patrem
2549 1095 2616 1159 “,
2670 1094 2970 1162 quomodo,
3025 1109 3234 1163 quaeso,
3288 1094 3453 1149 alicui

1869 1188 2094 1243 delinito
2124 1188 2329 1242 homini
2358 1196 2543 1257 posset
2591 1187 2853 1256 applicari
2889 1186 2912 1238 ?
2948 1185 3022 1240 Ex
3088 1202 3198 1256 quo
3243 1186 3455 1256 perspi-

1871 1282 2033 1346 citur,
2064 1283 2207 1350 quod
2250 1295 2360 1334 non
2393 1281 2553 1334 liceat
2575 1294 2767 1334 omnes
2800 1279 3075 1349 parabolae
3100 1287 3277 1347 partes
3304 1274 3455 1333 solli-

1873 1375 1977 1429 cite
2009 1373 2342 1443 perquirere,
2399 1373 2755 1439 omniumque
2802 1371 3069 1426 rationem
3109 1381 3404 1440 exposcere
3435 1410 3452 1437 ,

1872 1466 1965 1523 Sed
2006 1468 2072 1520 ad
2125 1466 2254 1520 illud
2297 1465 2674 1520 tantummodo
2696 1465 2939 1520 animum
2970 1464 3281 1527 admovere,
3307 1463 3451 1533 quod

1872 1572 1970 1628 per
2000 1558 2076 1611 rei
2109 1572 2382 1612 summam
2422 1557 2718 1610 indicatur.

1947 1650 2210 1704 Praeterea
2269 1650 2487 1703 cuinam
2537 1663 2785 1717 persona:
2835 1647 3052 1701 divitem
3124 1648 3300 1708 illum,
3359 1647 3451 1713 qui

1867 1739 2102 1793 villicum
2147 1738 2486 1793 diffamatum
2536 1754 2649 1793 suae
2699 1739 2844 1792 domi
2907 1738 3223 1808 pradectum
3284 1737 3454 1791 liabe-

1866 1833 1958 1888 bat
1987 1834 2055 1896 “,
2090 1833 2360 1901 quispiam
2402 1832 2815 1901 appropriarit?
2858 1830 3135 1897 Quosnam
3174 1846 3305 1884 vero
3329 1846 3451 1885 esse

1865 1925 2063 1980 dixerit
2089 1926 2233 1979 illius
2262 1925 2651 1979 accusatores?
2689 1923 2855 1976 Porro
2895 1923 3182 1977 retributio
3228 1923 3456 1975 felicita-

1868 2016 1937 2071 tis
1972 2015 2197 2080 Lazaro,
2240 2025 2293 2070 et
2323 2015 2708 2068 insanabilium
2763 2030 3127 2067 aerumnarum
3184 2014 3337 2067 diviti
3374 2014 3449 2076 ⁸⁸,

1867 2107 2142 2177 quomodo
2165 2107 2307 2160 facta
2360 2122 2480 2160 esse
2532 2107 2752 2175 poterit,
2807 2121 2930 2160 cum
2995 2106 3450 2174 COIDIIlllllelllli'

1865 2195 2009 2251 cium
2044 2195 2285 2249 nomium
2318 2193 2601 2247 advenerit
2636 2194 2654 2246 ί
2684 2192 2916 2248 Abraha:
2950 2209 3099 2258 vero,
3123 2204 3177 2247 et
3215 2194 3451 2247 hominis

1866 2286 2135 2355 supplicio
2167 2284 2367 2339 addiCti
2393 2284 2685 2353 colloquia,
2715 2299 2836 2353 qua:
2859 2284 3081 2352 subjicit
3107 2284 3361 2354 parabola
3380 2283 3449 2350 ⁸⁷,

1866 2378 2139 2448 quomodo
2193 2378 2600 2447 contingebant,
2667 2377 2796 2431 dum
2836 2377 2987 2430 diviti
3044 2376 3316 2431 silentium
3347 2377 3450 2428 im-

1866 2474 2141 2545 ponebant
2191 2482 2458 2529 tormenta
2510 2476 2585 2542 (et
2613 2473 2831 2542 quidem
2875 2473 2975 2543 ipsi
3023 2471 3141 2541 ejus
3193 2471 3447 2542 gemitus,

1866 2578 1919 2623 et
1958 2568 2206 2637 ploratus
2237 2566 2359 2620 aliis
2393 2566 2624 2622 vocibus
2654 2564 2869 2619 frenum
2921 2562 3301 2633 injiciebant);
3350 2563 3452 2616 La-

1868 2677 2029 2716 zarus
2066 2674 2195 2713 vero
2250 2658 2457 2712 homini
2506 2661 2618 2728 jam
2667 2657 2837 2711 semel
2894 2656 3256 2711 condemnato
3286 2654 3449 2708 verba

1868 2755 2103 2822 dirigere
2131 2766 2237 2806 non
2270 2751 2521 2806 debebat.
2571 2750 2779 2806 Eodem
2804 2751 2985 2819 itaque
3013 2757 3192 2819 pacto,
3232 2746 3451 2801 eadem-

1867 2857 1975 2912 que
2000 2842 2117 2910 lege
2153 2856 2249 2894 nec
2271 2840 2423 2909 pueri
2455 2840 2508 2893 in
2549 2850 2734 2894 nostra
2763 2837 3022 2908 parabole
3064 2836 3445 2906 proprietatem

1868 2932 2225 3003 peculiarium
2283 2946 2641 3001 personarum
2707 2928 3079 2999 poteruntsibi
3122 2926 3444 2979 vindicare:

1869 3038 1924 3083 at
1950 3028 2112 3082 etiam
2142 3040 2239 3096 pro
2277 3024 2527 3079 vocabuli
2549 3024 2779 3077 notioris
2797 3021 3225 3091 proprietatibus
3254 3018 3308 3071 iu
3336 3032 3449 3071 me-

1870 3124 2081 3173 morata
2115 3116 2375 3187 parabola
2409 3115 2591 3169 locum
2623 3113 2951 3167 habuerunt.

1937 3295 2113 3362 Atque
2142 3292 2258 3346 haec
2285 3289 2557 3360 parabolae
2608 3286 2824 3357 propria
2884 3299 3007 3341 esse
3047 3283 3340 3347 videntur;
3372 3281 3449 3334 si-

1866 3384 2086 3455 quidem
2131 3384 2196 3437 ad
2234 3384 2406 3452 ipsam
2444 3380 2841 3449 :enigmaticam
2881 3377 3001 3445 ejus
3047 3376 3303 3445 speciem,
3343 3388 3448 3447 qua

1866 3479 2031 3533 etiam
2069 3479 2181 3531 haec
2215 3484 2397 3529 nostra
2450 3474 2656 3542 prolata
2687 3480 2789 3534 est,
2838 3471 3075 3539 pertinet
3125 3484 3343 3537 quoque
3393 3476 3451 3518 ut

1869 3584 1992 3623 sese
2029 3567 2311 3622 contineat
2365 3566 2509 3618 inter
2555 3562 2693 3615 alios
2737 3561 2936 3613 mentis
2992 3567 3310 3625 conceptus,
3355 3558 3447 3625 qui

1869 3674 1900 3714 a
1931 3659 2115 3713 multis
2136 3657 2479 3711 auditoribus
2513 3670 2619 3708 non
2664 3654 3062 3722 intelliguntur.
3100 3650 3162 3703 Et
3206 3650 3255 3703 id
3288 3649 3450 3702 nimi-

1869 3770 1989 3808 rum
2040 3752 2122 3808 vel
2156 3756 2272 3821 ipsa
2326 3746 2637 3804 Servatoris
2699 3746 2964 3801 sententia
3020 3746 3215 3805 innuit,
3268 3758 3390 3797 cum
3433 3780 3448 3803 ,

1877 3847 2128 3906 «Vobis,»
2168 3844 2345 3914 inquit
2403 3841 2705 3911 discipulis,
2746 3859 2763 3890 ι
2791 3839 2977 3893 datum
3019 3850 3103 3891 est
3142 3852 3306 3891 nosse
3338 3852 3454 3905 my-

1868 3939 2053 4002 steria,
2077 3938 2183 3993 illis
2215 3951 2341 3990 vero
2373 3936 2423 3987 in
2451 3932 2720 4003 parabolis
2735 3933 2780 3963 ⁸⁸
2806 3949 2819 3985 :
2849 3951 2867 3983 ι
2903 3931 3059 3983 vobis
3090 3928 3335 3981 videlicet
3372 3926 3452 3981 las

1865 4043 1972 4097 est,
2010 4042 2068 4086 ut
2095 4028 2532 4087 accuratissima,
2565 4033 2618 4078 ct
2651 4040 2829 4094 usque
2860 4023 2923 4077 ad
2964 4022 3248 4075 minimum
3280 4020 3451 4073 dedu-

1866 4138 1953 4183 cta
1987 4124 2282 4195 agnitione,
2311 4130 2366 4175 et
2408 4118 2740 4174 revelatione
2766 4116 3006 4187 mysterii
3032 4112 3452 4183 intelligentiam

1865 4217 2250 4291 parabolarum
2277 4212 2534 4267 dilatetis.

1917 4305 2119 4377 'Quare
2165 4316 2219 4361 et
2276 4324 2294 4357 ι
2331 4298 2585 4358 Edissere
2626 4301 2818 4364 nobis,
2850 4317 2869 4350 ι
2921 4298 3138 4352 aiebant
3185 4294 3455 4365 apostoli,

174 4400 501 4471 παραϐολὴν
542 4398 747 4469 ταύτην
773 4413 790 4427 ο
830 4416 849 4449 ι
878 4397 1085 4466 ταύτην
1115 4397 1222 4468 ἄρα
1268 4397 1361 4449 καὶ
1392 4396 1499 4449 τῶν
1538 4395 1759 4449 ἀπειθε-

1873 4424 1889 4454 :
1913 4400 2223 4473 parabolam
2244 4398 2402 4451 istam
2429 4414 2446 4446 ι
2465 4395 2509 4426 ⁸⁸
2536 4412 2549 4459 ;
2582 4406 2634 4448 et
2661 4394 2817 4446 istam
2842 4392 3027 4459 utique
3044 4389 3453 4442 contumacium

175 4492 398 4545 στάτων
456 4489 723 4542 Ἰουδαίων
769 4491 802 4559 ἡ
870 4489 1167 4560 Συναγωγή
1226 4509 1244 4541 ι
1292 4488 1417 4543 οὔτε
1473 4488 1764 4558 βλέποντες

174 4582 430 4644 ἔϐλεπον,
457 4581 551 4634 καὶ
578 4580 870 4643 ἀκούοντες
893 4581 995 4633 οὐκ
1011 4580 1226 4649 ἤκουον’
1242 4600 1259 4631 ι
1282 4580 1357 4643 ὡς
1384 4579 1491 4633 τῶν
1506 4579 1764 4633 τοιούτων

176 4674 534 4747 παραϐολῶν,
564 4673 657 4725 καὶ
683 4670 1000 4742 ὁμοιώσεων
1029 4670 1187 4723 τοῦτο
1221 4672 1318 4740 μὲν
1349 4670 1634 4740 καθορᾷν,
1667 4672 1765 4725 καὶ

173 4768 426 4831 ἀκούειν
449 4767 858 4837 παρεχομένων.
876 4767 939 4819 Et
969 4763 1076 4836 γὰρ
1100 4765 1196 4818 καὶ
1227 4765 1482 4836 πωρώσει
1511 4767 1612 4835 τῆς
1627 4785 1765 4839 καρ-

174 4859 297 4920 δίας
326 4861 387 4912 τὸ
418 4857 526 4911 τῶν
561 4858 827 4912 Ἰουδαίων
848 4858 1068 4926 πλῆθος,
1105 4859 1200 4910 καὶ
1233 4857 1366 4927 πρὸς
1398 4857 1458 4910 τὸ
1484 4860 1581 4927 τῆς
1614 4860 1771 4912 εὐσε-

177 4950 331 5012 ϐείας
382 4951 499 5017 φῶς
541 4950 806 5013 ἑκουσίως
868 4948 1276 5019 καταμύοντες·
1324 4968 1341 5000 ι
1372 4950 1484 5002 Οὐκ
1540 4952 1768 5006 ἔϐλεπον

179 5040 495 5109 βλέποντες,
524 5040 643 5091 οὐδὲ
670 5038 958 5101 ἀκούοντες
980 5039 1178 5106 ῆκουον
1198 5053 1211 5066 °
1240 5056 1258 5087 ι
1287 5035 1424 5105 πλὴν
1442 5035 1577 5091 ἀλλά
1594 5055 1656 5104 γε
1674 5039 1768 5091 καὶ

179 5136 212 5202 ἡ
250 5132 538 5202 παραϐολὴ
591 5132 757 5201 μηδὲν
806 5132 942 5200 πρὸς
989 5130 1088 5208 τὴν
1142 5128 1321 5182 αὐτῶν
1364 5128 1766 5201 ἁνθισταμένην

177 5224 424 5277 διάθεσιν
452 5227 538 5294 (τῇ
564 5225 671 5293 γὰρ
696 5223 935 5293 ἀσαφείᾳ.
965 5220 1318 5290 ὲπεσκίαστο)
1349 5218 1471 5272 οὔτε
1510 5220 1764 5289 ἀγνωμο-

182 5314 349 5384 σύνης
384 5316 642 5387 ἀφορμήν
675 5333 794 5368 τινα
824 5316 1149 5385 παρέχεται’
1181 5312 1318 5367 ἀλλὰ
1344 5314 1437 5366 καὶ
1459 5312 1548 5365 τὸν
1565 5312 1765 5380 τρόπον

180 5404 364 5458 αὐτῶν
395 5405 491 5474 τῆς
522 5405 792 5469 ἀπαθείας
822 5406 1025 5475 μᾶλλον
1065 5404 1334 5474 διελέγχει
1354 5419 1367 5432 ο
1400 5404 1481 5455 ὅτι
1518 5403 1637 5455 δέον
1670 5401 1765 5473 ζη-

254 5649 301 5682 ⁶⁸
342 5648 474 5705 Luc.
532 5664 619 5713 xv,
676 5650 764 5704 15.

187 5735 341 5793 seqq.

859 5650 904 5683 ⁸³
962 5651 1093 5706 ibid.
1150 5651 1333 5716 17,19.

426 5664 474 5703 ιι.
532 5664 619 5713 xv,
676 5651 764 5704 15.
859 5651 904 5683 ⁸³
962 5651 1093 5706 ibid.
1150 5651 1333 5716 17,19.
1434 5651 1478 5682 “
1531 5651 1661 5705 ibid.
1711 5651 1766 5705 ἓξ

420 5721 463 5753 ⁸⁸
487 5721 617 5777 ibid.
658 5736 774 5793 \‘lll,
814 5722 898 5777 10.
977 5724 1019 5755 ⁸³
1047 5721 1237 5777 Matth.
1272 5738 1386 5788 xm,
1423 5722 1532 5789 36;
1571 5738 1658 5789 xv,
1693 5723 1766 5776 l5.

1889 5651 1932 5683 ⁸⁵
1970 5651 2098 5705 ibid.
2182 5665 2291 5713 xvi,

1882 5723 1901 5753 ⁰
1933 5722 2062 5777 ibid.
2097 5737 2213 5788 xui,
2254 5720 2337 5774 15.

1874 4492 2158 4564 Synagoga
2195 4486 2508 4542 Judaaorum
2551 4501 2569 4534 ι
2610 4482 2854 4537 videntes
2906 4496 3014 4534 non
3056 4478 3349 4538 videbant,
3397 4481 3452 4527 et

1870 4584 2154 4638 audientes
2208 4595 2315 4633 non
2357 4575 2655 4635 audiebant
2698 4574 2783 4637 7°;
2818 4591 2836 4623 ι
2882 4572 3083 4640 quippe
3140 4566 3450 4637 hujusmodi

1873 4677 2067 4735 videre.
2102 4682 2156 4727 et
2190 4671 2377 4724 audire
2406 4666 2678 4739 parabolze
2708 4676 2761 4720 et
2793 4662 3183 4718 similitudines
3231 4669 3456 4728 praesta-

1875 4768 2023 4821 bant.
2060 4764 2171 4821 Etsi
2200 4764 2344 4816 enim
2376 4776 2508 4830 gens
2534 4757 2846 4811 Judaeorum
2866 4796 2880 4819 ,
2918 4769 3042 4807 cum
3071 4754 3234 4807 corde
3283 4752 3455 4804 obdu-

1872 4870 1993 4913 rato
2027 4864 2212 4912 essent
2240 4894 2254 4915 .
2289 4864 2342 4908 ct
2388 4851 2495 4905 luci
2542 4848 2825 4917 religionis
2871 4856 3071 4915 sponte.
3123 4860 3220 4899 sua
3264 4843 3455 4897 mulos

1872 4951 2189 5006 clauderent
2216 4965 2229 4999 :
2288 4966 2305 4997 ι
2342 4943 2596 4998 Videntes
2626 4956 2733 4993 non
2763 4938 3038 5002 videbant,
3082 4944 3138 4990 et
3168 4936 3451 4989 audientes

1872 5058 1979 5096 non
2027 5038 2361 5100 audiebant;
2396 5056 2413 5087 ι
2456 5034 2660 5088 nullam
2718 5042 2896 5085 tamen
2943 5032 3214 5085 resistenti
3262 5045 3451 5083 eorum

1874 5131 2039 5184 indoli
2080 5128 2332 5197 parabola
2376 5134 2607 5195 (utpote
2645 5139 2766 5193 quze
2829 5121 3164 5175 obscuritate
3211 5119 3453 5172 involve-

1872 5219 2073 5285 batur)
2127 5216 2447 5287 ignorantia:
2483 5214 2826 5268 occasionem
2855 5212 3058 5281 praebet
3080 5251 3094 5276 ,
3146 5211 3238 5264 sed
3269 5210 3453 5279 potius

1874 5311 2115 5380 ipsorum
2150 5324 2331 5362 mores
2366 5307 2675 5361 indolentia:
2700 5304 2928 5360 crimine
2960 5303 3272 5371 redarguit;
3306 5300 3449 5371 quod

1874 5418 1962 5457 res
1994 5418 2101 5456 non
2147 5413 2460 5471 perspectas
2488 5415 2553 5454 ex
2587 5400 2704 5463 his,
2738 5413 2860 5468 quae
2890 5398 3002 5467 jam
3032 5396 3450 5458 intellexerant,

1889 5651 1932 5683 ⁸⁵
1970 5650 2098 5705 ibid.
2182 5665 2291 5713 xvi,
2348 5650 2396 5703 1.
2504 5650 2548 5681 ⁸⁵
2578 5648 2710 5706 ibid.
2762 5646 2834 5705 22
2883 5661 3037 5717 seqq.
3134 5640 3336 5697 "ibid-
3379 5638 3451 5694 εί
