3888 6186
404 231 513 299 243

1561 224 1830 288 ΡΗΟΤΙΙ
1867 223 2010 285 ΡΑΤ
2019 218 2380 282 RIARCII/E
2411 218 2520 278 (ΞΡ.

3592 194 3712 259 2“

407 350 486 407 nti
540 344 792 405 solebant
833 339 1130 414 apostoli,‘
1162 338 1496 411 investigare
1542 339 1900 405 debuissent;
1947 337 2000 392 hi

2131 339 2240 400 πεῖν,
2269 334 2330 399 ἐξ
2354 326 2430 387 ὧν
2454 329 2734 393 συνίεσαν,
2754 325 2790 381 ἃ
2818 323 2895 396 μὴ
2917 319 3392 390 συνίεσαν,ῶσπερ
3427 316 3709 390 ἔπραττον

408 449 590 498 autem
640 439 851 494 nullum
891 449 1204 491 sermonem
1254 449 1379 503 non.
1408 434 1511 489 rite
1559 432 1894 488 intellectum
1943 432 1999 486 in

409 535 594 589 animo
627 529 1020 586 recondebant.

484 626 638 681 llanc
675 638 805 679 vero
859 619 1242 691 parabolarum
1308 627 1362 672 et
1399 615 1821 672 similitudinum
1857 615 1999 670 (1ἱαὶ-

413 717 670 772 cultatem
715 715 796 767 vel
835 713 950 783 ipse
982 713 1242 766 Salomon
1287 711 1339 764 in
1394 711 1535 764 libro
1568 708 1996 764 Proverbiorum

414 804 694 867 indicavit,
715 803 843 856 dum
871 801 1036 855 verbo
1058 798 1329 867 parabole:
1361 812 1522 853 voces
1551 797 1818 867 quasdam
1846 811 2002 866 teque

412 892 682 962 pollentes
713 889 936 958 apponit
960 905 975 954 ;
1003 887 1094 941 tibi
1123 887 1422 956 sapientem
1451 887 1766 954 quemdam,
1789 894 1843 938 et
1867 899 2000 952 pru-

414 979 676 1041 dentem,
735 977 828 1048 qui
881 987 1115 1029 mentem
1168 987 1324 1028 suam
1376 971 1680 1043 proverbiis
1722 970 2002 1036 excoluit,

415 1071 732 1148 describens
781 1086 795 1124 :
851 1087 869 1119 ι
899 1067 1204 1137 Exquiret,
1253 1066 1472 1136 inquit,
1525 1065 1838 1135 parabolam
1870 1103 1884 1125 .
1933 1071 1989 1118 et

416 1165 650 1220 obscura
683 1163 841 1216 verba
874 1160 1233 1231 sapientium,
1271 1169 1320 1214 et
1365 1159 1652 1230 zenigmata
1687 1160 1752 1213 ⁷³.
1794 1175 1812 1207 ι

491 1253 692 1308 Verum
739 1253 852 1306 haec
906 1251 1152 1305 doctrina
1179 1265 1208 1303 a
1238 1250 1509 1319 parabolae
1548 1258 1602 1303 et
1626 1245 2004 1302 similitudinis

416 1345 843 1416 proprietatibus
875 1343 980 1397 hnc
1020 1358 1127 1396 non
1162 1343 1330 1396 invite
1362 1342 1617 1404 deducta,
1653 1339 1778 1392 aliis
1838 1347 2004 1406 atque

417 1437 542 1491 aliis
576 1436 977 1506 quaestionibus
1001 1434 1282 1487 solvendis
1308 1431 1518 1485 ratione
1549 1430 1728 1484 adhuc
1758 1429 2003 1498 exposita

418 1539 596 1598 potest
650 1529 935 1582 inservire.
987 1527 1044 1580 ld
1096 1543 1268 1589 vero,
1325 1525 1469 1594 quod
1524 1524 1707 1594 potius
1757 1525 2003 1590 dicetur,

417 1629 627 1690 quanto
655 1619 972 1673 accuratius
1005 1617 1280 1679 notiOnes,
1316 1625 1370 1670 et
1405 1616 1566 1669 verba
1603 1614 1867 1669 doctrina:
1895 1615 2002 1683 jam

2105 431 2154 484 οἱ
2172 427 2493 483 ἀπόστολοι·
2527 426 2576 479 οἰ
2611 423 2668 478 δέ
2720 421 2880 492 λόγον
2936 417 3131 472 οὐδένα
3179 414 3290 468 τῶν
3313 411 3708 483 ἀγνοουμένων

2107 521 2370 576 ἐτίθεντο.

2179 613 2252 667 Τὸ
2278 612 2336 666 δὲ
2363 610 2460 680 τῆς
2489 605 2834 680 παραϐολῆς,
2861 602 2957 657 καὶ
2977 598 3290 671 ὁμοιώσεως
3321 595 3709 667 δυσθεώρητον

2108 705 2254 760 καὶὸ
2284 699 2699 774 Παροιμιαστὴς
2729 700 2794 769 τῇ
2847 693 3150 766 παραθέσει
3183 690 3294 744 τῶν
3334 686 3705 758 παραλλήλων

2109 796 2302 867 φωνῶν
2328 795 2701 864 ὑπεσήμηνεν,
2728 789 2892 860 ἡνίκα
2921 786 3012 840 τὸν
3036 787 3155 847 ταῖς
3191 782 3514 852 παροιμίαις
3545 777 3704 831 τελε-

2111 891 2306 944 σθέντα
2334 888 2432 960 τὴν
2459 887 2699 941 διάνοιαν
2730 883 2894 952 σοφόν
2933 895 3054 934 τινα
3079 875 3422 944 διαγράφων,
3451 875 3549 927 καὶ
3576 872 3708 941 νοή-

2115 999 2278 1054 μονα,
2323 999 2343 1032 ι
2385 981 2588 1050 Νοήσει
2623 995 2683 1030 τε
2725 971 3062 1046 παραϐολὴν,
3129 969 3284 1039 φησὶ,
3332 969 3430 1022 καὶ
3492 981 3707 1018 σκοτει-

2109 1075 2217 1129 νῶν
2253 1072 2364 1144 (76)
2399 1074 2586 1144 ῥήσεις
2627 1085 2688 1122 τε
2713 1067 2915 1137 σοφῶν,
2940 1065 3037 1118 καὶ⁹
3067 1061 3389 1131 αἰνίγματα.
3429 1077 3448 1110 ι

2194 1253 2355 1308 Ἀλλά
2384 1243 2541 1314 οὗτος
2569 1249 2668 1320 μέν
2706 1250 2734 1302 6
2765 1246 2926 1315 λόγος
2945 1245 2974 1297 6
2991 1242 3099 1298 ἀπὸ
3125 1241 3236 1296 τῶν
3262 1237 3575 1309 ἰδιωμάτων
3605 1235 3708 1305 τῆς

2115 1346 2453 1418 παραδολῆς,
2483 1346 2576 1398 καὶ
2608 1341 2924 1412 ὁμοιώσεως
2945 1339 3006 1392 οὐ
3047 1335 3326 1398 παντελῶς
3363 1331 3707 1399 καθελκόμεο

2112 1457 2224 1506 νος,
2257 1436 2490 1503 πολλῶν,
2529 1436 2622 1489 καὶ
2653 1432 2831 1487 ἄλλων
2858 1429 3002 1484 κατά
3044 1428 3137 1481 τὸν
3180 1424 3474 1496 εἰρημένον
3500 1422 3706 1492 τρόπον

2113 1528 2493 1602 ἐξευμαρίζειν
2521 1527 2815 1597 ζητήματα
2839 1521 3082 1576 δύναται.
3117 1520 3183 1573 Ὃ
3214 1517 3270 1570 δὲ
3298 1514 3501 1588 μᾶλλον
3533 1511 3708 1583 ῥηθή-

2117 1642 2294 1689 σεται,
2323 1625 2446 1676 ὅσον
2473 1621 2574 1690 τῆς
2592 1616 3048 1688 προτεταγμένης
3069 1613 3300 1683 θεωρίας
3325 1609 3527 1680 μᾶλλον
3543 1608 3708 1678 ἀκρι-

418 1721 634 1768 statuta:
686 1712 980 1776 enucleat,
1038 1719 1192 1764 tanto
1237 1707 1412 1778 magis
1459 1708 1735 1777 prepriam
1787 1706 2014 1760 solutio-

2131 1719 2419 1786 5ολογεῖται
2453 1716 2521 1768 τά
2549 1731 2608 1768 τε
2643 1713 2968 1784 πράγματα,
3002 1708 3097 1762 καὶ
3135 1707 3206 1760 τὰ
3236 1707 3482 1776 ῥήματα,
3516 1699 3711 1756 τοσοῦ-

419 1818 542 1856 nem
593 1801 884 1872 proponit,
933 1813 1167 1869 eamque
1210 1807 1413 1854 nostra:
1449 1798 1543 1852 uni
1593 1798 1830 1868 applicat
1861 1812 2013 1868 quae-

425 1893 617 1949 stioni.

493 1983 704 2054 Duplici
751 1994 931 2039 autem
986 1998 1150 2037 sensu
1215 1996 1369 2036 sacra
1438 1981 1659 2036 oracula
1717 1995 2016 2050 puerorum

423 2091 623 2130 nomen
677 2085 988 2145 usurpant:
1029 2075 1280 2142 scilicet,
1340 2091 1358 2125 ι
1411 2071 1586 2127 Sinite
1635 2073 1929 2142 parvulos,
1961 2079 2017 2126 et

423 2165 593 2220 nolite
635 2181 729 2220 eos
779 2165 1066 2232 prohibere
1105 2163 1171 2216 ad
1221 2178 1308 2216 me
1349 2163 1534 2216 venire
1574 2162 1661 2228 7';
1695 2181 1712 2212 ι
1761 2161 2016 2230 quodque

424 2257 494 2311 ab
524 2257 625 2310 hac
669 2256 1063 2328 significatione
1092 2271 1199 2310 non
1235 2256 1391 2321 longe
1431 2253 1627 2314 distat.
1684 2272 1703 2305 ι
1737 2253 1846 2308 Nisi
1877 2269 2010 2308 con-

421 2350 566 2406 versi
600 2349 831 2412 fueritis,
866 2359 918 2402 et
951 2347 1259 2403 elliciamini
1323 2347 1466 2401 sicut
1493 2346 1704 2415 parvuli
1733 2385 1748 2408 ,
1787 2361 1894 2399 non
1932 2346 2016 2398 in-

425 2441 644 2496 trabitis
688 2441 740 2496 in
794 2457 1021 2510 regnum
1073 2441 1338 2496 caelorum
1389 2440 1458 2489 ⁷³.
1501 2459 1520 2492 ι
1585 2439 1789 2493 Deinde
1840 2453 2012 2493 vero:

430 2555 451 2588 ι
489 2533 704 2590 Fratres
727 2576 743 2601 ,
773 2534 941 2590 nolite
978 2535 1132 2603 pueri
1171 2533 1307 2588 ellici
1358 2532 1642 2595 sensibus,
1689 2533 1780 2588 sed
1810 2531 2016 2586 malitia

423 2628 636 2700 parvuli
670 2621 845 2682 e5!ote
874 2627 942 2680 ⁷⁸.
977 2645 996 2678 ι
1049 2625 1231 2692 Quare
1269 2641 1399 2696 puer
1435 2625 1544 2679 duo
1587 2624 1890 2695 signiﬁcat,
1923 2635 2019 2678 aut

423 2719 606 2790 potius
647 2718 788 2782 tria;
831 2717 1101 2787 siquidem
1169 2716 1394 2781 Paulus,
1431 2716 1516 2770 vir
1571 2717 1657 2770 ille
1703 2718 1755 2770 in
1805 2716 2008 2771 divinis

428 2808 799 2878 humanisque
830 2809 997 2863 rebus
1035 2809 1278 2877 quolibet
1325 2810 1436 2864 alio
1467 2810 1765 2879 sapientior
1790 2852 1804 2874 ,
1840 2817 1895 2864 et
1923 2808 2016 2878 qui

425 2911 584 2956 norat
615 2910 1018 2956 consentaneas
1044 2915 1206 2956 voces
1231 2902 1480 2970 cognatis
1513 2901 1826 2956 notionibus
1859 2908 2016 2969 apta-

425 3007 486 3048 re
508 3033 524 3058 ,
562 2992 805 3062 prolatus
835 3001 918 3046 est
951 3010 963 3046 :
1003 3012 1022 3044 ι
1052 2991 1191 3059 Quia
1225 3008 1355 3062 ergo
1384 2993 1538 3062 pueri
1571 2993 2016 3047 communicave-

426 3092 559 3140 runt
614 3085 767 3139 carni
811 3093 864 3138 et
896 3083 1173 3152 sanguini,
1206 3093 1260 3138 et
1291 3085 1407 3153 ipse
1439 3084 1695 3140 similiter
1726 3084 2017 3152 participa-
2044 3068 2087 3126 C

427 3178 506 3232 vit
527 3178 755 3237 eisdem.
791 3188 850 3232 ut
885 3193 980 3247 per
1011 3186 1241 3231 mortem
1301 3178 1609 3232 destrueret
1639 3192 1762 3231 eum
1803 3176 1893 3245 qui
1923 3177 2016 3230 ha-

429 3265 593 3322 bebat
624 3268 814 3321 mortis
848 3267 1136 3336 imperium
1168 3267 1233 3321 ⁷³.
1275 3285 1294 3318 ι
1327 3265 1483 3322 Patet
1515 3267 1659 3320 enim
1691 3307 1706 3332 ,
1749 3267 1899 3335 quod
1931 3266 2019 3320 hic

431 3374 534 3413 vox
590 3375 719 3424 puer
766 3373 939 3428 neque
977 3358 1202 3427 simplex
1229 3399 1244 3424 ,
1285 3375 1460 3428 neque
1495 3361 1744 3413 innocens
1771 3399 1786 3422 ,
1845 3375 2020 3427 neque

432 3449 749 3505 calliditatis
799 3466 1024 3518 expers,
1077 3451 1188 3504 imo
1228 3465 1367 3520 neqe
1423 3450 1680 3514 smitam,
1723 3460 1770 3504 et
1812 3453 2018 3520 patiens

433 3543 592 3612 facile
645 3543 1044 3597 circumversari
1097 3543 1268 3612 possit
1315 3542 1583 3612 intelligi,
1632 3541 1727 3596 sed
1773 3556 2021 3595 naturam

439 3632 730 3686 humanam
755 3634 1077 3702 simpliciter
1106 3633 1392 3702 signiﬁcet.

505 3725 681 3792 Quam
711 3726 781 3780 ob
803 3742 1027 3779 causam
1064 3725 1400 3790 Praecursor,
1430 3735 1483 3779 et
1509 3724 1835 3795 Redemptor
1868 3726 2020 3794 pueri

434 3820 642 3890 optimo
679 3818 802 3892 jure
846 3818 1030 3871 vocari
1073 3828 1408 3888 potuerunt,
1450 3819 1577 3888 quia
1625 3827 1678 3872 et
1728 3833 2022 3887 puerorum

436 3921 647 3967 naturae
676 3913 1158 3965 communicarunt
1186 3928 1200 3976 ;
1242 3921 1295 3964 et
1319 3911 1464 3980 quod
1504 3911 1676 3981 magis
1708 3910 1980 3978 peculiire
2007 3951 2021 3975 ,

434 4010 490 4054 et
522 4000 800 4070 proprium
836 4009 951 4065 est,
994 4001 1122 4068 quia
1159 3999 1385 4063 multam
1429 3999 1709 4053 lenitatem
1737 4039 1752 4064 ,
1791 4007 1843 4052 et
1884 4001 2025 4053 inter

439 4093 772 4163 multiplices
825 4095 1202 4162 perpessiones
1247 4091 1723 4146 mansuetudinem
1754 4131 1767 4154 ,
1813 4107 2024 4146 mores-

437 4202 546 4258 que
592 4187 776 4258 pueris
807 4201 914 4240 non
957 4187 1236 4241 absimiles
1267 4201 1377 4255 prae
1405 4201 1464 4240 se
1497 4184 1764 4239 ferebant.
1812 4184 2024 4238 Etenim

439 4299 734 4354 puerorum
786 4298 964 4337 mores
1005 4282 1105 4352 ipsi
1154 4285 1206 4336 in
1249 4297 1308 4336 se
1345 4279 1658 4336 referebant
1696 4295 1983 4348 expressos
2009 4318 2022 4342 ,

437 4375 567 4430 dum
604 4391 702 4430 nec
737 4376 911 4442 ignem
947 4374 1289 4428 deducebant
1323 4388 1353 4426 e
1385 4373 1525 4426 ccelo
1547 4413 1560 4436 ,
1606 4387 1704 4426 nec
1749 4371 2026 4440 improbos

441 4469 624 4538 gladio
654 4468 955 4538 plectebant
984 4508 999 4533 ,
1033 4481 1132 4520 nec
1174 4475 1334 4519 terra:
1373 4465 1610 4518 hiatibus
1647 4463 2022 4530 castigabant,

439 4576 541 4616 nec
580 4561 876 4615 ohduralos
933 4558 1319 4626 detnergebant
1358 4557 1410 4608 itt
1448 4569 1636 4619 mare;
1673 4553 1766 4608 sed
1797 4554 2020 4606 lenitate

441 4669 505 4707 ac
555 4655 870 4723 placndiiate
925 4653 977 4705 in
1029 4665 1325 4721 puerorum
1376 4648 1734 4701 similitudine
1766 4663 1824 4700 se
1855 4647 2028 4700 collo-

439 4756 628 4799 cantes
653 4787 666 4807 ,
707 4743 1054 4798 sermonibus
1095 4741 1287 4810 puerili
1341 4741 1558 4810 ingenio
1602 4736 2032 4804 accommodatis

439 4837 748 4891 edocendos
770 4837 1114 4896 erudiebant.
1142 4834 1442 4889 secundum
1473 4832 1600 4886 illud
1633 4850 1646 4886 :
1678 4851 1694 4882 ι
1737 4831 1844 4884 Lac
1879 4830 2034 4884 vobis

442 4940 628 4996 potum
653 4926 799 4992 dedi,
825 4941 935 4981 non
960 4942 1144 4981 escam
1163 4927 1238 4991 7°;
1271 4943 1288 4974 ›
1317 4933 1371 4978 et
1393 4934 1652 4994 pranerea
1679 4941 1696 4972 ι
1724 4921 1890 4974 Multa
1923 4921 2032 4974 alia

443 5021 617 5076 habeo
645 5021 847 5084 dicere,
880 5020 976 5076 sed
1007 5035 1115 5074 non
1149 5021 1378 5090 potesns
1408 5028 1628 5087 portare
1662 5015 1821 5069 inodo
1853 5015 1917 5068 ⁷⁷.
1961 5032 1980 5064 ι

517 5112 817 5168 Locutione
863 5113 1048 5182 itaque
1091 5127 1268 5180 neque
1311 5110 1571 5176 absurda,
1625 5123 1802 5176 neque
1834 5118 2032 5160 contu-

441 5206 671 5261 meliosa
701 5207 854 5276 pueri
887 5207 1076 5276 utique
1112 5203 1299 5260 haberi
1336 5211 1590 5273 poterunt
1612 5237 1626 5266 ,
1655 5212 1708 5254 et
1739 5199 1844 5254 dici
1867 5240 1882 5264 ,
1914 5209 2028 5252 tuin

515 5322 556 5353 "
592 5321 752 5377 l’rov.
780 5337 818 5383 ι,
852 5321 906 5378 6.
939 5321 1038 5376 Hic
1065 5336 1264 5390 sequor
1297 5320 1618 5390 versionem
1642 5315 1806 5371 LXX.

445 5394 493 5427 ⁷⁸
521 5391 684 5449 Hebr.
718 5409 782 5450 tl.
820 5394 908 5449 M.
984 5395 1029 5425 ⁷⁸
1063 5386 1236 5449 ιϐὀτ.
1274 5407 1357 5458 ιιι,
1389 5391 1444 5444 2.
1521 5389 1566 5421 ⁷⁷
1595 5386 1754 5443 Joan.
1792 5402 1902 5451 xvi,
1941 5387 2028 5439 Η..

1885 5316 1930 5345 ⁷⁸
1963 5313 2154 5368 Matth.
2187 5328 2300 5377 XIX,
2338 5313 2425 5367 Η.
2501 5311 2549 5344 ’³
2582 5309 2774 5365 Matth.
2813 5323 2982 5371 xvut,
3029 5307 3083 5361 '5.

2115 1827 2206 1864 τον
2234 1808 2542 1872 ἰδιάζουσαν
2574 1807 2874 1873 ἀποφαῖνον
2897 1803 2981 1871 ἐφ’
3012 1799 3098 1854 ἐνὶ
3127 1799 3403 1870 ζητήματι
3427 1793 3709 1866 περιγρά-

2116 1921 2206 1973 φει
2227 1902 2328 1972 τὴν
2357 1899 2626 1957 ἐπίλυσιν.

2187 1993 2372 2048 Διττόν
2398 2009 2479 2046 τοι
2533 1992 2642 2062 γὰρ
2684 1981 2778 2042 οὖν
2829 1984 2982 2057 παρά
3026 1985 3142 2047 τοῖς
3180 1983 3345 2054 ἱεροῖς
3379 1978 3542 2050 ἡμῶν
3570 1994 3711 2049 χρη-

2119 2087 2276 2156 σμοῖς
2297 2083 2364 2136 τά
2395 2081 2585 2135 παιδία
2607 2096 2622 2111 ο
2651 2099 2670 2128 ι
2710 2080 2914 2148 Ἀφετε
2965 2075 3078 2146 γὰρ
3137 2073 3207 2128 τά
3251 2071 3463 2135 παιδία,
3501 2071 3602 2123 καὶ
3631 2069 3712 2139 μὴ

2119 2177 2353 2233 κωλύετε
2381 2174 2522 2228 αὐτὰ
2549 2171 2808 2244 ἔρχεσθαι
2843 2169 2982 2242 πρός
3011 2184 3078 2239 με
3099 2184 3115 2200 θ
3143 2185 3163 2218 ι
3181 2165 3279 2219 καὶ
3306 2164 3407 2233 τῆς
3423 2163 3596 2233 αὐτῆς
3619 2163 3714 2215 ἐν-

2116 2269 2262 2332 νοίας
2292 2269 2356 2322 οὑ
2385 2266 2595 2338 πόρρω,
2625 2283 2642 2316 ι
2690 2263 2818 2316 Ἐἀν
2862 2257 2937 2332 μὴ
2971 2258 3269 2330 στραφῆτε,
3301 2255 3395 2310 καὶ
3443 2252 3712 2324 γένησθε,

2117 2364 2191 2427 ὡς
2213 2361 2280 2415 τά
2299 2359 2507 2425 παιδία,
2544 2358 2603 2410 οὐ
2639 2356 2714 2428 μὴ
2744 2353 3021 2424 εἰσέλθητε
3054 2353 3134 2413 είς
3163 2350 3264 2420 τὴν
3292 2347 3573 2419 βασιλείαν
3598 2345 3713 2398 τῶν

2117 2454 2362 2527 οὐρανῶν
2389 2469 2403 2484 ο
2446 2472 2464 2504 ι
2500 2447 2643 2520 εἶτα,
2671 2467 2691 2501 ι
2731 2446 2999 2514 Ἀδελφοί,
3035 2443 3110 2514 μὴ
3137 2441 3327 2496 παιδία
3351 2437 3568 2509 γίνεσθε
3587 2440 3712 2500 ταῖς

2121 2548 2337 2620 φρεσὶν,
2371 2543 2507 2597 ἀλλὰ
2530 2545 2595 2612 τῇ
2619 2539 2790 2610 κακίᾳ
2819 2536 3141 2606 νηπιάζετε.
3176 2555 3193 2585 ι
3236 2533 3398 2586 Ὥστε
3439 2529 3617 2584 διττὸν
3644 2529 3714 2582 ἂν

2121 2643 2204 2709 εἴη
2235 2638 2297 2692 τὸ
2329 2635 2589 2697 παιδίον,
2618 2630 2817 2703 μᾶλλον
2840 2628 2896 2681 δὲ
2920 2630 3013 2681 καὶ
3037 2625 3221 2696 τριτόν
3244 2641 3257 2654 ·
3290 2625 3446 2692 εἴπερ
3472 2625 3501 2674 6
3525 2623 3698 2688 σοφδς

2120 2731 2170 2782 εἴ
2223 2745 2305 2790 τις
2349 2725 2511 2786 ἀλλος
2561 2721 2630 2775 τὰ
2691 2719 2812 2773 θεῖα
2850 2717 2946 2770 καὶ
2995 2715 3064 2768 τὰ
3090 2711 3430 2783 ἀνθρώπινα,
3469 2711 3720 2774 Παῦλος,

2120 2820 2456 2894 ἐφαρμόζειν
2518 2833 2578 2869 τε
2640 2813 2796 2876 εἰδὼς
2826 2810 2926 2873 τὰς
2981 2805 3325 2875 καταλλήλας
3374 2802 3555 2873 φωνὰς
3588 2804 3719 2894 ταῖς

2123 2889 2584 2983 συγγενεστάταις
2619 2905 2874 2966 ἐννοίαις,
2910 2900 3312 2970 διακέκραγεν·
3345 2916 3364 2950 ι
3412 2894 3567 2950 Ἐπεὶ
3619 2889 3720 2946 οὖν

2121 3011 2189 3061 τὰ
2212 3005 2400 3060 παιδία
2428 2998 2797 3070 κεκοινώνηκε
2831 2995 3032 3068 σαρκὸς
3058 2993 3152 3048 καὶ
3185 2992 3441 3062 αἵματος,
3488 2987 3585 3041 καὶ
3609 2988 3716 3040 a6-

2120 3100 2212 3162 τὸς
2274 3093 2677 3168 παραπλησίως
2723 3089 2954 3160 μετέσχε
2991 3085 3102 3139 τῶν
3129 3083 3333 3147 αὐτῶν,
3357 3083 3442 3134 ἵνα
3469 3080 3558 3135 διὰ
3618 3078 3720 3131 τοῦ

2120 3191 2350 3246 θανάτου
2378 3187 2710 3258 καταργήσῃ
2757 3183 2848 3236 τὸν
2879 3180 2940 3234 τὸ
2970 3179 3174 3249 κράτος
3203 3176 3394 3246 ἔχοντα
3420 3172 3511 3228 τοῦ
3541 3172 3716 3226 θανάο

2119 3299 2233 3336 του.
2277 3299 2295 3332 ι
2331 3279 2500 3349 Δῆλον
2534 3277 2664 3346 γὰρ,
2702 3273 2778 3336 ῶς
2807 3271 2866 3326 τὸ
2896 3268 3140 3324 παιδίον
3195 3263 3453 3329 ἐνταῦθα,
3494 3261 3622 3314 οὔτε
3656 3261 3721 3313 τὺ

2124 3373 2385 3436 ἁπλοῦν,
2419 3373 2513 3424 καὶ
2541 3369 2794 3430 ἄκακον,
2821 3365 2920 3419 καὶ
2965 3360 3339 3428 πανουργίας
3367 3355 3717 3421 ἐλεύθερον,

2123 3466 2480 3536 ἀπαγγέλλει,
2519 3461 2646 3517 οὔτε
2708 3459 2813 3532 μὴν
2844 3457 2906 3511 τὸ
2936 3456 3262 3517 ἀσύνετον,
3303 3449 3405 3503 καὶ
3449 3448 3563 3515 τὴν
3591 3445 3727 3499 δηί-

2121 3575 2296 3615 νοιαν
2332 3556 2752 3625 εὐπερίφορον,
2782 3549 2920 3605 ἀλλὰ
2963 3548 3075 3630 τὴν
3101 3543 3490 3614 ἀνθρωπίνην
3530 3539 3722 3600 ἁπλῶς

2123 3651 2545 3722 ἐπισημαίνεται
2579 3648 2789 3716 φύσιν.

2194 3743 2396 3810 Διόπερ
2419 3742 2447 3792 6
2471 3737 2784 3809 Πρόδρομος
2838 3736 2932 3788 καὶ
2982 3733 3010 3784 6
3045 3729 3258 3800 Σωτὴρ,
3313 3727 3503 3782 παιδία
3523 3725 3588 3780 ἂν
3621 3725 3727 3778 οὐκ

2124 3833 2432 3894 ἀπεικότως
2472 3828 2723 3899 κληθείη,
2774 3827 2856 3880 ὅτι
2882 3842 2942 3878 τε
2977 3824 3076 3894 τῆς
3135 3821 3318 3875 αὐτῶν
3351 3822 3490 3873 εἰσιν
3529 3819 3722 3881 οὐσίας

2126 3923 2586 3993 κεκοινωνηκότες
2607 3937 2619 3950 ’
2651 3920 2746 3974 καὶ
2776 3916 3234 3989 προσεχέστερον,
3259 3914 3358 3968 καὶ
3388 3911 3726 3979 οἰκειότερον

2126 4018 2212 4072 διὰ
2241 4017 2340 4088 τὴν
2365 4015 2564 4084 πολλὴν
2595 4011 2934 4083 ἡμερότητα,
2955 4010 3050 4062 καὶ
3081 4007 3369 4078 πραότητα
3416 4004 3523 4071 τῶν
3561 4003 3728 4056 πολυο

2126 4111 2339 4181 τλῆτων
2373 4106 2588 4170 παθῶν,
2617 4104 2712 4158 καὶ
2736 4102 2886 4172 ἠθῶν
2916 4100 3018 4169 τὴν
3053 4099 3189 4168 πρὸς
3221 4097 3291 4150 τὰ
3319 4095 3510 4148 παιδία
3544 4093 3724 4164 όμοιό·

2127 4219 2286 4270 τητα.
2321 4199 2430 4252 Καὶ
2456 4198 2564 4269 γὰρ
2593 4199 2650 4249 ἐν
2676 4194 2890 4256 ἐαυτοίς
2938 4190 3214 4243 ἐδείκνυον
3245 4186 3724 4258 διαμορφούμενα,

2130 4293 2254 4347 οὔτε
2305 4291 2417 4362 πῦρ
2461 4291 2519 4356 ἐξ
2564 4286 2798 4360 οὐρανοῦ
2867 4283 3359 4348 καταϐιϐἀζοντες,
3409 4280 3535 4334 οὔτε
3582 4279 3727 4348 ξίφει

2133 4387 2258 4447 τοὺς
2285 4381 2605 4443 ἀδικοῦντας
2635 4377 2982 4442 κολάζοντες,
3009 4374 3133 4428 οὐδὲ
3163 4375 3411 4444 χάσμασι
3448 4371 3726 4442 τιμωρού-

2137 4494 2310 4548 μενοι,
2344 4475 2465 4528 οὐδὲ
2499 4470 2993 4533 καταποντίζοντες
3039 4469 3195 4520 ὓδατι
3228 4468 3355 4529 τοὺς
3386 4465 3688 4526 ἀπειθότας
3715 4478 3726 4490 °

2133 4562 2271 4616 ἀλλὰ
2298 4561 2504 4614 παίδων
2533 4560 2643 4630 (77)
2679 4560 2758 4621 είς
2797 4557 3095 4627 ὁμοιότητα
3135 4556 3228 4609 διὰ
3261 4555 3363 4625 τῆς
3399 4555 3726 4625 πραότητος,

2138 4655 2233 4707 καὶ
2258 4653 2565 4724 ἀοργησίας
2589 4649 2963 4712 καθιστῶντες
2981 4648 3233 4710 ἑαυτοὺς,
3259 4647 3532 4707 παιδικοῖς
3553 4643 3729 4709 λόγοις

2135 4747 2264 4809 τοὺς
2301 4743 2715 4815 μαθησομένους
2740 4741 3036 4812 ἐρύθμιζον
3064 4741 3205 4793 κατά
3230 4739 3315 4802 τὸ,
3354 4758 3373 4789 ι
3405 4737 3557 4790 Γάλα
3587 4735 3730 4804 ὑμᾶς

2141 4839 2392 4899 ἐπότισα,
2416 4838 2509 4889 καὶ
2529 4837 2589 4888 οὐ
2612 4835 2813 4906 βρῶμα
2832 4851 2845 4864 ο
2877 4854 2896 4885 ι
2920 4833 3016 4886 καὶ
3050 4833 3178 4902 μὴν,
3203 4853 3221 4880 ιι
3248 4832 3358 4884 Καὶ
3385 4829 3522 4883 ἄλλα
3560 4827 3732 4881 πολλά

2141 4931 2250 5002 ἔχω
2274 4929 2477 4997 λέγειν,
2511 4928 2648 4982 ἀλλὰ
2678 4929 2738 4980 οὑ
2763 4925 2996 4980 δύνασθε
3034 4925 3330 4995 βαστάζειν
3361 4922 3514 4994 ἄρτι.
3549 4941 3569 4972 ι

2212 5108 2375 5160 Ὥστε
2409 5106 2596 5168 παῖδες
2617 5105 2718 5158 οὐκ
2743 5104 3026 5176 ἀπᾴδοντι,
3052 5101 3175 5156 οὔτε
3215 5100 3350 5172 πρὸς
3373 5099 3532 5171 ὓϐριν
3564 5100 3730 5167 ἐκφε-

2143 5199 2357 5270 ρομὲνῳ
2413 5198 2557 5268 λόγῳ
2611 5197 2708 5249 καὶ
2754 5196 3062 5265 νομισθεῖεν
3095 5192 3184 5258 ἂν,
3217 5193 3310 5246 καὶ
3368 5192 3590 5262 ρηθεῖεν
3619 5190 3648 5243 δ
3675 5207 3729 5242 τε

3202 5305 3249 5337 ⁷⁸
3280 5303 3300 5358 1
3326 5303 3456 5360 Cor.
3487 5318 3601 5366 xw,
3628 5301 3722 5356 ‘20.

2004 5503 2233 5560 ΝΟΤᾹΞ.

447 5701 496 5758 υ
519 5627 632 5697 (76)
664 5629 921 5688 Σκοτεινὰ
970 5630 1177 5702 relinge
1205 5644 1270 5686 ex
1302 5643 1467 5685 sensu
1501 5634 1555 5681 ct
1602 5623 1743 5680 libro
1804 5621 2036 5678 Prover-

484 5715 684 5758 torum.

484 5715 684 5761 torum.

2217 5617 2332 5687 (77)
2365 5616 2612 5682 Quatuor
2660 5613 3021 5687 praecedentia
3061 5611 3227 5669 verba
3277 5627 3342 5668 es
3395 5627 3532 5668 mss.
3591 5606 3735 5663 Vati-

2141 5686 2286 5747 cano
2308 5700 2360 5746 et
2392 5689 2684 5747 Barbcrino
2719 5686 3109 5758 supplcvimus.
