3888 6186
186 306 296 370 219

1133 302 1234 362 ΑΙ)
1263 298 1860 364 AMPHILOCHIUM
1899 294 2245 368 QUASSTIO
2271 295 2503 356 XXXV.
3352 284 3459 348 2.5-9

188 419 288 470 καὶ
312 415 776 486 συναπαρτίζεται
799 412 1059 467 διάνοιαν.
1103 411 1162 466 Ὀ
1187 413 1319 482 γοῦν
1345 412 1585 485 ἕτοιμος,
1613 412 1774 485 μελέ-

1907 409 2146 464 tendente
2173 407 2477 463 certamine
2518 403 2575 459 in
2610 400 2745 472 ipsis
2776 397 3058 472 praeludiis
3109 396 3341 464 turbari,
3390 401 3462 452 ad

187 524 311 577 της,
347 507 443 561 καὶ
471 507 764 578 μερίμνης,
793 506 888 560 καὶ
917 505 1249 578 ἀμφιϐολίας
1274 505 1623 576 ἀπήλλακται
1646 520 1661 534 °
1681 504 1776 557 καὶ

188 601 250 665 ὃς
284 598 713 670 ἀπηλλαγμένην
752 596 909 669 φέρει
943 597 1044 668 τὴν
1077 596 1381 666 συνείδησιν
1426 595 1632 666 ταύτης
1677 595 1778 665 τῆς

191 691 479 762 ὲμπαθοῦς
511 689 825 753 διαθέσεως,
859 689 1013 744 οὐδὲν
1051 689 1225 743 δεῖται
1265 688 1629 760 προμελετᾷν,
1657 687 1779 740 οὐδὲ

192 782 722 855 προαγωνισμάτων,
739 781 861 834 οὐδὲ
885 781 1020 853 πρὸς
1044 782 1168 844 τοὺς
1183 781 1542 848 ἐνεστηκότας
1558 778 1774 843 ἄθλους,

191 874 289 926 καὶ
312 872 383 926 τὰ
405 871 685 942 γυμνάσια
715 870 1204 943 καταμερίζεσθαι.

280 1143 442 1196 Ἀλλὰ
467 1141 526 1195 τὸ
555 1141 739 1204 καλῶς
763 1141 1190 1214 προμελετηθὲν,
1218 1143 1313 1198 καὶ
1335 1143 1636 1215 ἐκϐεϐηκὸς
1663 1144 1783 1207 ταῖς

191 1235 462 1299 διανοίαις
508 1235 929 1305 ἀμετακίνητον,
966 1252 1044 1307 τῳ
1081 1253 1138 1288 τε
1176 1235 1374 1306 χρόνῳ,
1411 1236 1507 1289 καὶ
1546 1234 1624 1306 τῷ
1671 1233 1782 1287 ἔθει

191 1330 298 1399 τὴν
333 1327 515 1398 κρίσιν
548 1327 870 1380 ἀδίστακτόν
901 1328 1049 1380 ἐστιν
1077 1328 1495 1399 ἐπιφερόμενον.
1523 1327 1695 1382 Τοῦτο
1725 1326 1782 1380 δὲ

195 1419 640 1491 προϐαλλόμενον
679 1419 890 1473 οἴκοθεν
929 1422 957 1474 ὁ
988 1421 1086 1490 τῆς
1126 1420 1408 1484 εὐσεϐείας
1437 1421 1782 1491 ὑπέρμαχος,

193 1515 300 1585 τῆς
325 1511 421 1565 τοῦ
450 1513 720 1581 παναγίου
750 1511 1065 1583 Πνεύματος
1100 1513 1472 1584 συνεργούσης
1501 1513 1652 1583 αὐτῷ
1686 1514 1784 1584 χὰ-

199 1623 372 1676 ριτος,
401 1604 619 1675 ἕτοιμός
642 1607 756 1658 ἐστι
785 1605 1010 1668 καὶτοῖς
1039 1604 1231 1674 μαθεῖν
1260 1604 1504 1658 ἐθέλουσι
1527 1606 1786 1676 χορηγεῖν

197 1695 301 1767 τὴν
338 1695 449 1750 ἀπὸ
476 1697 573 1765 τῆς
600 1695 950 1759 διδασκαλίας
975 1694 1243 1764 ὠφέλειαν
1264 1713 1278 1726 ·
1313 1698 1408 1750 καὶ
1436 1699 1552 1759 τοῖς
1579 1713 1787 1769 πειρωοι

1884 501 2058 572 ipsam
2090 502 2375 572 redigitur,
2401 505 2455 552 et
2486 494 2722 567 quadrat
2751 490 3102 548 sententiam.
3140 489 3244 555 Qui
3279 490 3464 558 itaque

1884 605 1968 650 cst
1997 602 2245 664 paratus.
2275 592 2323 647 is
2366 587 2745 650 meditatione,
2801 582 3192 648 sollicitudine,
3230 596 3294 636 ac
3345 595 3466 650 per-

1887 687 2146 757 plexitate
2192 685 2305 755 jam
2365 682 2581 737 solutus
2609 688 2731 735 est:
2790 687 2846 734 et
2898 678 2992 748 qui
3057 673 3458 730 conscientiam

1887 781 2026 850 gerit
2064 779 2134 833 ab
2157 779 2260 832 hac
2287 775 2519 831 molesta
2547 771 2864 828 conditione
2922 769 3177 834 solutam,
3205 767 3322 837 ipse
3369 780 3467 819 ne-

1885 887 1994 943 que
2027 870 2223 941 praevia
2251 865 2749 932 animadversione,
2800 877 2978 932 neque
3018 857 3465 930 praelusionibus,

1889 983 2064 1038 neque
2099 982 2160 1021 ea
2199 963 2607 1036 perturbatione
2646 960 2872 1031 indiget,
2919 972 3040 1027 quae
3085 956 3235 1015 circa
3280 950 3466 1007 immi—

1890 1069 2082 1114 nentes
2115 1073 2324 1128 pugnas
2352 1063 2406 1111 ct
2436 1053 2737 1109 certamina
2767 1060 3038 1108 versatur.

1965 1151 2136 1205 Porro
2168 1148 2313 1218 quod
2337 1147 2609 1216 quispiam
2651 1152 2800 1200 recte
2842 1141 3250 1213 prmmeditatus
3281 1150 3387 1206 est,
3417 1149 3474 1195 et

1891 1241 2037 1313 quod
2070 1249 2387 1295 constanter
2416 1235 2655 1306 propriis
2705 1232 3277 1288 animadversionibus
3303 1245 3473 1285 excu-

1902 1334 2006 1398 dit,
2031 1333 2083 1388 id
2123 1330 2351 1401 tempori
2402 1344 2466 1383 ac
2503 1328 2626 1382 vitae
2658 1325 2988 1381 institutioni
3035 1325 3285 1380 stabilem
3321 1317 3493 1397 indi--

1889 1421 2050 1477 randi
2084 1421 2352 1477 rationem
2388 1419 2618 1474 inducit.
2656 1417 2792 1472 Cum
2815 1426 2998 1471 autem
3032 1417 3476 1487 ltattcjudicandi

1893 1513 2163 1568 rationem
2186 1517 2575 1581 propugnator
2609 1507 2760 1564 Fidei
2794 1509 2911 1578 ipse
2952 1523 3049 1579 per
3088 1524 3145 1564 se
3180 1511 3473 1578 producat,

1893 1604 2186 1676 adjuvante
2217 1604 2390 1660 sancti
2435 1603 2676 1673 Spiritus
2713 1602 2888 1673 gratia
2927 1611 3156 1672 paratus
3195 1613 3298 1670 est,
3333 1614 3393 1658 ut
3420 1613 3477 1659 et

1896 1695 1983 1760 iis,
2019 1693 2115 1763 qui
2148 1693 2358 1749 discere
2380 1692 2626 1762 cupiunt,
2657 1691 2922 1750 doctrina:
2946 1691 3298 1748 commodum
3336 1692 3480 1748 elar—

201 1788 393 1858 μένοις
420 1787 732 1859 μωμείσθαι
758 1789 855 1841 καὶ
882 1787 1253 1858 διαχλευάζειν
1279 1787 1373 1842 τοῦ
1399 1788 1666 1859 δόγματος
1689 1789 1789 1862 τὴν

1907 1786 2117 1858 giatur;
2149 1795 2206 1841 et
2245 1785 2413 1840 simul
2449 1784 2539 1849 iis,
2566 1783 2661 1855 qui
2695 1784 2968 1854 dogmatis
2999 1785 3312 1839 certitudini
3345 1784 3475 1839 irri-

197 1879 496 1951 ἁκρίϐειαν
524 1877 927 1950 ἀνθυποφέρειν
966 1879 1103 1950 μετά
1134 1879 1388 1952 στερροὖ,
1425 1881 1521 1934 καὶ
1554 1880 1788 1952 ἁκλονή-

197 1989 298 2025 του
345 1972 692 2042 φρονήματος
751 1972 850 2042 τῆς
896 1988 956 2024 τε
1008 1971 1431 2043 πεπλανημένης
1487 1972 1644 2045 δόξης
1699 1973 1790 2028 τὸν

200 2061 445 2134 ἔλεγχον,
478 2063 573 2114 καὶ
597 2063 697 2132 τῆς
727 2061 1011 2125 εὐσεϐείας
1035 2062 1095 2115 τὸ
1132 2061 1461 2134 ἀμώμητον.
1492 2063 1792 2129 Βεϐαίωσις

199 2156 338 2225 γὰρ,
377 2154 470 2208 καὶ
501 2155 842 2226 σταθηρότης
876 2152 1102 2224 γνώμης
1135 2155 1262 2218 τούς
1287 2173 1348 2208 τε
1378 2156 1516 2228 πρὸς
1554 2157 1792 2229 μάθησιν

199 2247 453 2320 ὁρῶντας
506 2247 970 2318 προσεχεστέρους
1021 2249 1187 2313 ποιεῖ,
1245 2248 1340 2301 καὶ
1391 2248 1501 2303 τῶν
1548 2251 1792 2320 ὲπηρεαυ

203 2340 414 2406 ζόντων
469 2338 858 2412 ἐπιρραπίζειν
900 2335 1008 2392 οἶδε
1047 2337 1111 2392 τὸ
1150 2341 1478 2413 κακοῦργον,
1526 2344 1622 2398 καὶ
1667 2343 1792 2398 ἐπί-

206 2433 434 2504 μοχθον.
1102 2503 1104 2506 ι

280 2525 374 2578 Διὸ
402 2523 653 2578 τοσοῦτον
681 2525 871 2579 ἀποδεῖ
899 2526 968 2580 τὰ
998 2528 1266 2599 εἰρημένα
1287 2527 1422 2599 πρὸς
1452 2527 1660 2598 ἄλληλα
1693 2529 1796 2599 μά-

203 2617 406 2688 χεσθαι
427 2617 524 2687 (ὡς
558 2619 651 2672 καὶ
687 2618 772 2671 σοὶ
804 2617 900 2672 νῦν
930 2620 1106 2686 ἔξεστι
1137 2623 1412 2694 συνορᾷν),
1443 2621 1603 2687 ὥστε,
1636 2622 1794 2692 εἴπερ

205 2727 262 2762 τι
285 2711 398 2763 τῶν
428 2711 784 2780 συνᾳδόντων,
804 2714 897 2766 καὶ
925 2715 1387 2784 συμφωνούντων,
1421 2714 1677 2784 οὐδεμίαν
1698 2713 1797 2768 ἄλ-

204 2803 325 2866 λοις
379 2802 686 2874 ὑπερϐολὴν
733 2804 1160 2860 ἁπολείπεσθαν
1209 2807 1329 2861 οὐδὲ
1380 2809 1414 2878 η
1457 2805 1796 2877 προκειμένη

202 2895 322 2966 τῶν
353 2890 532 2966 ῥητῶν
563 2893 789 2965 θεωρία,
823 2897 919 2951 καὶ
956 2897 1204 2963 ἐξέτασις
1236 2899 1296 2951 οὐ
1331 2898 1429 2969 μὲν
1463 2893 1558 2952 οὖν
1594 2897 1698 2951 οὒκ
1734 2896 1800 2949 ἂν

208 2987 299 3058 εἴη
352 2987 490 3057 πρὸς
515 2986 830 3057 ὁμολογίαν,
863 2989 956 3043 καὶ
997 2990 1315 3060 συμφωνίαν
1347 2991 1607 3061 δευτέραν
1644 2988 1800 3054 τάξιν

207 3081 517 3150 ἀπέχουσα.
549 3081 610 3133 El
635 3081 720 3152 δὴ,
747 3080 822 3145 ὡς
851 3081 1004 3147 ἔνιοι,
1039 3084 1100 3137 τὸ
1132 3084 1229 3153 μὲν
1255 3086 1367 3147 τοῖς
1396 3084 1500 3154 πρὸ
1521 3082 1801 3151 τῶνάγώ-

206 3192 322 3228 von
365 3171 718 3243 σχολάζουσιν
773 3173 1011 3245 εἴρηται,
1050 3175 1139 3228 ἵνα
1184 3175 1260 3246 μὴ
1304 3169 1440 3229 ὦσιν
1484 3175 1797 3245 ἀμελήτως,

211 3265 356 3335 μηδὲ
387 3263 486 3333 τῆς
516 3263 776 3335 ἀληθείας
814 3265 994 3332 ὀλίγον
1019 3266 1177 3335 λόγον
1205 3265 1447 3336 ἔχοντες·
1478 3265 1538 3318 τὸ
1570 3265 1628 3318 δὲ
1665 3264 1801 3335 πρὸς

209 3357 344 3419 τοὺς
379 3359 435 3408 ἐν
464 3358 650 3420 αὐτοῖς
684 3357 1066 3426 ἐμϐεϐηκότας
1106 3361 1217 3422 τοῖς
1247 3358 1475 3426 ἀγῶσιν,
1506 3358 1593 3410 ἵνα
1629 3356 1703 3428 μὴ
1733 3359 1798 3428 τῇ

207 3447 389 3519 δειλίᾳ
416 3447 550 3518 πρὸς
577 3446 780 3516 ἀθρόαν
808 3447 1008 3520 κρίσιν,
1044 3436 1137 3501 καὶ
1166 3447 1413 3515 ἐξέτασιν
1436 3447 1717 3517 ἀγόμενοι,
1741 3449 1802 3500 τὸ

211 3539 452 3610 στερρὸν
499 3542 596 3608 τῆς
644 3538 870 3609 ἐνούσης
898 3539 1080 3600 αὐτοῖς
1119 3537 1496 3591 ύποσαλεύωσι
1527 3537 1799 3600 πίστεωςο

206 3636 312 3688 καὶ
361 3636 395 3704 ή
422 3634 648 3706 τοιαύτη
675 3635 784 3687 τῶν
812 3636 1073 3706 ῥημάτων
1108 3634 1246 3703 πρὸς
1274 3633 1372 3704 τὴν
1401 3632 1664 3703 διαφορὰν
1694 3633 1801 3687 τῶν

210 3729 604 3798 ὑποκειμένων
631 3727 882 3798 διανομὴ,
917 3728 1011 3782 καὶ
1044 3726 1314 3796 διαίτησις
1341 3727 1479 3797 μετὰ
1508 3725 1601 3779 τοῦ
1636 3726 1803 3796 μηδὲν

208 3821 624 3883 ἐναντιοῦσθαι,
682 3823 779 3874 καὶ
833 3822 933 3891 τῆς
991 3820 1330 3890 Δεσποτικῆς
1381 3818 1657 3889 προνοίας,
1711 3819 1805 3872 καὶ

211 3913 549 3985 συνεργείας
585 3914 730 3984 μέγα
767 3913 1089 3986 μαρτύριον,
1127 3913 1224 3968 καὶ
1251 3913 1686 3985 ἀπαράγραπτον
1715 3911 1803 3980 γί-

210 4021 394 4059 νεται.

302 4244 656 4339 Ἦρεμοῦσινῗ
686 4270 736 4322 οἱ
778 4269 1032 4341 διωγμοὶ,
1065 4271 1130 4324 σὺ
1165 4269 1221 4323 δὲ
1261 4269 1369 4324 τῶν
1410 4269 1572 4342 ἱερῶν
1597 4271 1806 4340 Λογίων

209 4365 280 4434 τῇ
317 4363 521 4436 μελέτῃ
555 4361 802 4432 σχόλαζε.
841 4362 1483 4451 ’Δναρριπίζονται-κατὰ
1523 4365 1618 4434 τῆς
1648 4365 1806 4418 εὐσε-

1895 1879 2025 1935 dere
2055 1888 2284 1945 tentant,
2319 1887 2483 1948 atque
2515 1877 2782 1941 cavillari,
2817 1894 2923 1931 una
2958 1893 3084 1932 cum
3114 1878 3294 1940 ﬁrma,
3325 1888 3378 1932 et
3404 1877 3482 1931 in.

1895 1987 2164 2028 concussa
2202 1971 2402 2026 mentis
2453 1969 2790 2036 constantia,
2833 1979 2946 2024 tum
2989 1970 3140 2026 falsa:
3202 1969 3483 2039 Opinionis

1897 2065 2305 2132 refutationem,
2339 2074 2454 2120 tum
2493 2063 3026 2134 irreprehensibilem
3075 2063 3354 2133 religionis
3382 2075 3483 2116 no-

1895 2169 2026 2216 etrae
2078 2159 2363 2214 veritatem
2417 2156 2664 2226 objiciat.
2722 2155 2906 2210 Animi
2949 2155 3095 2211 enim
3147 2154 3481 2221 oblirmalio,

1895 2262 2060 2319 atque
2089 2251 2396 2306 constantia
2414 2266 2523 2305 non
2552 2249 2716 2304 modo
2735 2250 3080 2304 addiscentes
3106 2247 3285 2303 reddit
3301 2256 3484 2302 atten-

1897 2344 2086 2407 tiores,
2121 2343 2214 2398 sed
2238 2344 2399 2398 etiam
2431 2345 2496 2398 ad
2525 2343 2874 2399 refellendam
2907 2343 3354 2398 contendentium
3381 2343 3485 2398 itu-

1903 2436 2238 2505 probitatem
2261 2447 2317 2491 ct
2341 2437 2628 2492 molestam
2661 2438 3063 2493 cavillationem
3129 2437 3294 2497 valet.

1968 2526 2266 2598 Propterea
2327 2539 2539 2583 tantum
2611 2529 2766 2586 abest
2831 2529 3318 2601 (quemadmodum
3383 2529 3482 2583 tibi

1889 2634 2119 2688 quoque
2166 2619 2478 2690 perspicere
2534 2620 2774 2690 fascst),
2809 2630 2867 2675 ut
2927 2621 3208 2690 proposita
3255 2622 3482 2675 oracula

1899 2719 2144 2782 pugnent
2173 2716 2316 2767 inter
2345 2729 2426 2776 se,
2462 2723 2522 2768 ut
2552 2715 2934 2784 po_tius,qua-si
2968 2731 3232 2779 consona,
3266 2724 3320 2769 et
3353 2729 3487 2769 con-

1902 2805 2216 2865 sentientia,
2272 2805 2326 2858 in
2370 2806 2521 2859 nulla
2564 2822 2623 2859 re
2662 2821 2693 2860 a
2753 2821 2813 2861 se
2874 2806 3107 2861 invicem
3159 2807 3482 2861 discedant:

1901 2908 2083 2963 neque
2133 2893 2496 2950 nihilominus
2552 2893 2789 2950 adducta
2835 2911 3027 2950 eorum
3073 2897 3484 2960 commentatio.

1903 2995 1959 3040 et
1985 2984 2248 3055 expcnsio
2295 2986 2528 3040 alterum
2563 2986 2896 3053 concordiae,
2957 2998 3013 3043 et
3076 2989 3485 3045 conciliationis

1906 3077 2244 3132 inveniendae
2275 3078 2496 3133 modum
2533 3081 2732 3146 poterit
2772 3081 3388 3151 prohibere.'Nimirum
3414 3082 3486 3150 sl,

1909 3177 1968 3222 ut
2002 3168 2224 3239 quidam
2255 3177 2470 3240 putant,
2501 3183 2831 3242 praeceptum
2867 3175 3086 3242 quidem
3119 3173 3262 3229 Petri
3289 3176 3358 3230 iis
3393 3174 3491 3245 qui

1909 3271 2034 3316 ante
2065 3260 2504 3318 concertationes
2533 3267 2822 3321 exercendi
2864 3277 3011 3330 sunt,
3048 3269 3234 3323 datum
3268 3279 3348 3323 est
3381 3285 3395 3333 ;
3424 3284 3493 3322 ne

1909 3354 2120 3409 desidia
2152 3364 2486 3426 torpescent,
2543 3374 2646 3412 neu
2678 3374 2869 3426 parum
2900 3375 3002 3428 pro
3051 3363 3278 3414 veritate
3309 3362 3494 3416 dicere

1910 3447 2170 3514 valeant;
2205 3449 2430 3503 verbum
2463 3461 2644 3504 autem
2678 3451 2884 3506 Christi
2922 3453 2991 3506 iis
3024 3454 3116 3521 qui
3152 3454 3204 3506 in
3238 3454 3388 3522 ipsas
3414 3455 3494 3507 in-

1907 3539 2101 3593 cidunt
2128 3542 2598 3604 CUI-ICCI'IaliOIICS,
2634 3557 2702 3594 ne
2737 3542 3080 3611 trepidando,
3116 3542 3246 3596 dum
3287 3544 3341 3597 in
3379 3544 3492 3599 fre-

1911 3648 2107 3702 quens,
2142 3633 2362 3702 aliquod
2411 3633 2682 3702 judicium
2762 3649 2816 3690 et
2866 3638 3276 3707 inquisitionem
3323 3640 3494 3694 addu-

1913 3733 2112 3778 cuntur
2140 3725 2317 3778 insitae
2361 3727 2464 3779 sibi
2498 3727 2618 3782 ﬁdei
2643 3729 2958 3782 ﬁrmitatem
2984 3732 3333 3785 subcutiant:
3367 3746 3495 3800 pro-

1913 3815 2060 3871 fecto
2117 3816 2432 3886 bujusmodi
2482 3820 2646 3873 etiam
2703 3822 3050 3875 oraculorum
3089 3823 3316 3877 diversis
3365 3823 3496 3878 sub-

1918 3909 2085 3978 jectis
2133 3910 2477 3974 distributio,
2517 3921 2571 3965 et
2600 3913 2899 3982 assignatio
2935 3914 3098 3969 simul
3139 3927 3191 3968 et
3251 3916 3304 3969 in
3344 3916 3494 3971 nullo

1913 4011 2203 4074 repugnat,
2242 4011 2297 4057 et
2329 4004 2529 4058 divinae
2557 4006 2936 4075 providentia},
2965 4017 3130 4077 atque
3173 4007 3362 4062 auxilii
3391 4022 3493 4063 va-

1914 4094 2111 4160 lidum,
2179 4094 2443 4163 omnique
2495 4096 2817 4166 exceptione
2854 4096 3034 4167 majus
3091 4101 3295 4168 praebet
3338 4097 3495 4154 testi-

1912 4200 2176 4240 montum.

1985 4276 2291 4344 Quiescunt
2344 4279 2774 4348 persecutiones,
2837 4289 2893 4335 tu
2942 4281 3150 4337 interea
3212 4297 3494 4342 sacrarum

1917 4365 2250 4420 Litterarum
2289 4367 2631 4422 meditationi
2681 4369 2953 4423 incumbe.
3015 4369 3334 4426 Excitantur
3384 4375 3496 4429 illae

212 4454 406 4517 θείας,
430 4453 525 4506 καὶ
556 4455 861 4522 μαίνονται,
891 4455 1057 4525 μηδὲν
1083 4444 1378 4526 δειλιάσῃς,
1409 4454 1546 4525 μηδέ
1575 4455 1795 4527 θορυϐη-

1916 4465 2110 4510 contra
2169 4458 2515 4527 religionem,
2568 4469 2622 4513 ct
2658 4458 2864 4523 furunt,
2922 4476 2990 4514 ne
3044 4462 3258 4526 timeas,
3314 4480 3495 4534 neque

214 4542 350 4612 θῇς
386 4543 520 4613 μηδὲ
552 4543 688 4612 πρὸς
719 4543 779 4595 τὸ
814 4541 1020 4610 λοιπὸν,
1049 4545 1114 4598 ἂν
1143 4542 1287 4597 οὕτω
1314 4544 1467 4615 τύχοι
1497 4545 1596 4615 τῆς
1629 4562 1809 4616 παρα-

216 4638 453 4706 σκευῆς,
482 4636 827 4701 ἀποϐλέπων,
873 4637 934 4690 τὸ
970 4640 1314 4708 παράστημα
1342 4638 1442 4706 τῆς
1468 4636 1643 4708 ψυχῆς
1695 4639 1808 4701 τοῖς

211 4729 514 4800 τυράννοις
556 4730 831 4802 ὲπιδείξης
876 4731 1294 4802 δειλαινόμενον.
1335 4731 1520 4800 Ἔχεις
1568 4731 1678 4800 γὰρ
1716 4729 1810 4783 τὸν

211 4821 528 4892 Δεσπότην,
557 4822 696 4894 ὑπὲρ
730 4815 792 4876 οὗ
827 4823 918 4876 τὸν
941 4823 1127 4891 ἀγῶνα
1161 4822 1367 4893 φέρεις,
1391 4823 1452 4875 οὐ
1488 4821 1581 4875 τὸν
1621 4821 1808 4875 λοιπὸν

216 4911 392 4983 μόνον
439 4911 879 4983 ἀναπληροῦντα,
911 4911 1047 4965 ἀλλὰ
1082 4911 1174 4964 καὶ
1205 4910 1384 4982 πολλῷ
1423 4911 1806 4983 δαψιλέστερον

213 4989 322 5076 τὴν
348 5005 689 5077 συνέργειαν,
725 5006 820 5060 καὶ
851 5003 1082 5075 δύναμιν
1108 5003 1488 5076 χαριζόμενον.

1913 4549 2271 4618 perturberis,
2337 4565 2518 4619 neque
2576 4550 2642 4604 ad
2695 4566 2780 4616 ea,
2828 4567 2948 4620 quae
3003 4553 3202 4607 desunt
3260 4554 3380 4617 tibi,
3437 4564 3496 4609 ut

1917 4641 2420 4710 possintapparari,
2467 4651 2702 4696 mentem
2753 4644 3061 4709 intendens,
3103 4645 3270 4699 animi
3327 4647 3498 4703 robur

1920 4731 2230 4800 trepiditate
2304 4734 2617 4788 submotum
2677 4736 2924 4807 tyrannis
2977 4737 3256 4793 ostendas.
3317 4736 3496 4794 Habes

1917 4822 2062 4876 enim
2111 4821 2428 4888 Dominum,
2458 4839 2555 4893 pro
2580 4841 2690 4895 quo
2724 4835 3002 4880 certamen
3036 4826 3212 4893 subis,
3259 4829 3351 4898 qui
3387 4845 3497 4886 non

1915 4915 2122 4978 solum,
2149 4915 2294 4984 quod
2345 4915 2441 4969 tibi
2471 4917 2645 4980 deest,
2677 4917 2925 4986 supplet,
2972 4919 3064 4974 sed
3118 4919 3284 4976 etiam
3314 4937 3496 4993 opem,

1913 5013 1968 5061 et
1986 5007 2130 5062 vires
2163 5007 2335 5063 multo
2359 5007 2638 5079 copiosius
2666 5010 2975 5080 impcrtitur
3001 5011 3134 5083 (82).

1754 5183 1982 5240 NOTA'S.

319 5374 412 5442 8?.)
448 5373 741 5437 Memento,
783 5372 928 5443 quod
987 5372 1163 5428 nostri
1215 5372 1536 5443 interpretes
1588 5371 1669 5443 sic
1705 5371 1802 5425 ad-

219 5446 455 5501 ductum
511 5445 622 5498 divi
654 5441 814 5499 Petri
843 5444 1021 5498 locum
1076 5441 1381 5513 intelligant
1411 5461 1423 5497 :
1482 5441 1656 5513 parati
1692 5443 1804 5496 sint

218 5530 441 5580 omnes,
469 5515 633 5569 etiam
666 5515 810 5577 laici,
836 5529 942 5568 non
980 5513 1045 5566 ad
1076 5514 1464 5584 disputandum
1503 5513 1570 5566 de
1607 5513 1804 5581 quovis

222 5586 356 5642 ﬁdei
389 5585 667 5653 mysterio,
694 5584 746 5637 id
776 5584 921 5638 enim
957 5585 1024 5638 ad
1052 5584 1304 5639 doctores
1358 5593 1568 5638 tantum
1601 5593 1655 5636 et
1704 5597 1802 5653 pa-

221 5667 407 5712 stores
436 5653 691 5710 Ecciesia:
723 5657 962 5723 pertinet
992 5674 1004 5708 :
1041 5655 1133 5710 sed
1157 5655 1224 5709 ad
1267 5653 1705 5725 respondendum
1737 5655 1804 5707 de

227 5725 599 5795 peculiaribus
616 5726 956 5792 veritatibus,
985 5726 1032 5782 si
1068 5727 1201 5781 satis
1229 5727 1340 5781 sint
1381 5725 1633 5781 instructi
1667 5739 1680 5776 :
1709 5734 1803 5779 aut

1911 5383 2057 5449 certe
2091 5376 2143 5430 in
2177 5377 2438 5449 generali,
2492 5375 2619 5449 quia
2671 5377 2752 5434 sic
2808 5378 3106 5435 revelatum
3154 5395 3183 5433 a
3235 5379 3364 5449 ilco,
3425 5380 3508 5436 sic

1914 5447 2198 5512 traditum,
2256 5449 2336 5503 sic
2389 5448 2538 5502 omni
2607 5449 2808 5504 saeculo
2851 5459 3116 5504 statutum
3144 5450 3213 5502 ab
3239 5447 3503 5511 Ecclesia,

1911 5532 2033 5585 qua:
2058 5519 2313 5588 columna
2363 5530 2416 5573 et
2453 5519 2858 5574 ﬁrmamentum
2899 5527 2985 5574 est
3065 5519 3333 5582 veritatis,
3392 5535 3504 5588 gu-

1911 5588 2135 5642 bernata
2187 5605 2216 5644 a
2251 5587 2454 5658 Spiritu
2503 5597 2697 5643 sancto
2762 5599 2815 5644 et
2850 5604 3057 5655 errore,
3102 5605 3167 5644 ac
3220 5587 3508 5658 mendacio

1912 5672 2196 5730 nunquam
2254 5657 2591 5730 deturpatae
2633 5659 2690 5730 §i
2756 5661 2828 5714 ita
2901 5657 3352 5730 interpret-aberis
3403 5657 3510 5712 hoc

1913 5729 2216 5798 Graculum,
2277 5727 2502 5798 pronius
2529 5729 2595 5784 ad
2631 5728 2834 5785 Christi
2870 5727 3397 5787 verba'desccndes.
