3888 6186
406 218 512 283 Ξ55

1558 217 1822 277 ΡΗΟΤΙΙ
1867 215 2374 277 ΡΛΤΒΙΑΒΟΗίΕ
2410 216 2517 275 CP.

3570 208 3677 273 256

411 335 611 396 animat
652 332 912 390 absurdis
947 332 1296 388 illusionibus
1331 331 1580 406 obnoxiae
1627 347 1865 386 errorem
1914 333 1993 386 in-

2104 332 2360 394 διανοίας.
2436 327 2776 400 ’Υσριστικόν
2810 342 2869 380 τε
2919 325 3049 397 γὰρ,
3096 323 3188 377 καὶ
3238 323 3456 393 ἀλόγοις
3493 323 3677 393 ψυχῆς

407 440 650 490 currere,
693 426 804 479 imo
848 424 1249 480 ineluctabilem
1291 425 1345 479 in
1379 431 1551 478 semet
1593 421 1694 494 ipsi
1737 421 1989 478 confuta-

408 518 614 574 tionem
648 516 906 574 exhibere
937 516 1206 574 videntur.
1236 515 1306 570 At
1338 515 1475 572 istos
1501 505 1721 587 quidem
1757 524 1990 586 praeter-

409 622 623 666 eamus.
1513 673 1522 679 _

483 696 757 766 Quidquid
790 704 970 750 autem
1001 696 1272 766 objectum
1297 706 1380 752 est
1406 706 1597 752 contra
1639 696 1788 763 illud,
1817 697 1992 751 homi—

411 805 537 846 nent
571 789 871 844 secundum
903 788 1098 842 animae
1147 789 1552 858 simplicitatem
1588 790 1652 843 ad
1687 789 1781 843 Dei
1813 789 1996 860 imagi-

410 898 535 936 nem
590 881 759 934 fuisse
798 880 1102 945 conditum,
1148 881 1394 952 ejusdem
1435 880 1662 936 furl'uris
1709 891 1828 946 est;
1885 899 1992 936 non

415 973 580 1028 modo
612 974 763 1042 quia,
802 984 859 1027 ut
883 975 935 1026 in
964 973 1194 1044 angelis,
1233 974 1304 1027 ita
1328 981 1382 1028 et
1413 974 1467 1027 in
1505 974 1622 1044 ipsa
1659 976 1863 1037 anima,
1900 989 1996 1042 per

418 1066 894 1137 participationem
916 1066 1197 1131 nobilitas,
1224 1076 1276 1121 et
1301 1067 1610 1134 praestantia
1645 1066 1996 1121 nobilissimae

417 1169 650 1226 naturae,
679 1169 732 1214 et
759 1160 1095 1229 incorporea:
1126 1159 1550 1228 pulcltrifudinis
1572 1159 1789 1223 divinat,
1830 1158 1996 1214 veluti

413 1252 466 1306 in
517 1253 761 1321 Speculo,
809 1252 1085 1317 cernitur;
1126 1268 1313 1306 verum
1349 1253 1510 1307 etiam
1565 1253 1692 1322 quia
1741 1253 1793 1305 in
1857 1253 1997 1305 trina

413 1343 733 1398 facultatum
787 1345 1138 1415 (intellectus,
1195 1347 1513 1409 memorias,
1565 1356 1622 1398 et
1679 1343 1996 1415 voluntatis)

413 1437 696 1494 identitate
753 1438 1129 1494 caufusionent
1181 1438 1372 1509 eﬂ‘ugit
1413 1438 1729 1502 distinctio;
1789 1437 1898 1491 imo
1947 1448 2000 1491 (ι

412 1533 540 1602 quia
572 1535 798 1588 verbum
829 1533 1071 1602 procedit
1095 1548 1160 1587 ex
1195 1533 1394 1587 anima:
1423 1541 1616 1588 natura
1663 1530 1791 1584 illud
1822 1527 2001 1599 profc-

413 1631 588 1687 rente,
621 1624 749 1676 dum
785 1623 852 1676 ab
884 1623 1000 1692 ipsa
1033 1624 1352 1680 distinctum
1383 1631 1489 1686 est,
1519 1632 1574 1676 et
1603 1637 1725 1675 cum
1755 1635 1818 1674 ca
1863 1619 2001 1673 rela-

415 1715 618 1768 tionem
653 1715 1015 1783 oppositionis
1062 1723 1281 1779 servat;
1332 1713 1425 1768 sed
1483 1723 1662 1768 tamen
1713 1728 1742 1766 a
1774 1713 1995 1781 spiritus

416 1814 610 1858 natura
643 1819 820 1872 neque
847 1813 1163 1873 separatum
1191 1815 1295 1866 est.
1325 1819 1500 1872 neque
1531 1803 1819 1858 dissimile.

489 1895 612 1956 “me
661 1907 840 1954 autem
895 1897 1081 1966 utique
1130 1907 1387 1967 poterunt
1427 1911 1610 1951 secum
1662 1895 1823 1957 ferre,
1853 1893 1998 1963 quod

415 1989 482 2046 ad
516 1988 806 2057 imaginem
853 1987 1168 2042 Conditoris
1200 1987 1365 2048 homo
1409 1988 1479 2043 ab
1533 1988 1687 2043 initio
1721 1988 1789 2042 sit
1835 1987 1998 2040 effor-

417 2089 618 2137 ntatus.
651 2079 769 2138 Tibi
805 2089 985 2136 autem
1018 2081 1144 2146 alia,
1187 2089 1350 2152 atque
1398 2081 1526 2144 alia,
1578 2096 1698 2148 quae
1743 2079 1866 2134 Linc
1910 2095 2000 2148 pe-

414 2183 627 2237 tuntur,
661 2173 782 2230 sine
817 2174 1044 2243 penuria
1077 2183 1369 2244 suppetunt
1409 2173 1680 2243 exetnpla.
1722 2171 1998 2242 Sapientia

414 2265 692 2328 enirn,vis
740 2265 1008 2331 etIeetrix,
1055 2267 1459 2330 immortalitas,
1506 2275 1560 2321 et
1608 2266 1763 2335 plura
1811 2264 2000 2332 hujus-

415 2358 584 2423 modi,
615 2357 668 2410 in
698 2358 919 2412 homine
950 2373 1213 2427 expressa
1245 2374 1314 2412 ex
1352 2359 1526 2428 prima
1553 2359 1666 2424 illa,
1708 2367 1758 2414 et
1800 2357 2002 2414 incom-

416 2445 762 2512 prehensibili
807 2447 1092 2515 sapientia,
1139 2457 1192 2502 et
1239 2447 1508 2502 eﬂectriee
1543 2448 1613 2508 vi,
1655 2457 1817 2516 atque
1845 2458 2002 2502 aeter-

387 2538 821 2604 .nitate,di\'inte
849 2549 1056 2594 naturae
1103 2539 1516 2596 similitudinem
1551 2541 1751 2594 ferunt.
1789 2538 1847 2594 Si
1873 2539 2000 2609 quis

416 2641 598 2686 amem
643 2629 916 2694 maluerit,
967 2630 1129 2684 veluti
1166 2645 1232 2684 ex
1273 2631 1441 2686 variis
1470 2631 1766 2697 coloribus,
1793 2630 2003 2688 similli-

417 2736 560 2776 mam
595 2720 686 2774 Dei
714 2721 1006 2791 imaginem
1033 2722 1297 2791 exprimi;
1331 2730 1495 2791 atque
1521 2738 1586 2776 ex
1620 2723 1706 2778 his
1741 2723 2000 2776 omnibus

414 2811 861 2880 pulcherrimam,
896 2822 950 2866 et
971 2813 1431 2881 speciosissimam
1462 2813 1700 2868 hominis
1749 2813 1984 2868 formam

414 2903 614 2972 eﬂingi,
645 2911 700 2957 et
725 2905 917 2960 excudi
955 2904 1272 2971 aﬂirmarit;
1311 2905 1358 2962 is
1377 2920 1483 2958 non
1517 2905 1679 2960 modo
1707 2904 1997 2976 imaginem

2093 425 2422 496 φαντασίαις
2467 422 2798 494 ὲνεχομένης
2845 420 3017 484 πάθος
3069 419 3341 480 ὑπελθεῖν,
3404 420 3502 473 καὶ
3576 419 3675 473 ἀν·-

2091 519 2428 588 απόδραστον
2453 517 2548 571 τὸν
2586 517 2805 586 ἔλεγχον
2835 513 2956 568 καθ’
2985 513 3196 567 ἑαυτῶν
3235 511 3473 584 ὁρῶνται
3527 528 3676 581 παρα

2094 609 2410 680 εσχημένοι.
2472 609 2630 668 Ἀλλά
2651 607 2872 672 τούτους
2906 607 3005 677 μὲν
3035 605 3238 676 ἐῶμεν.

2164 703 2276 772 Τῆς
2300 703 2468 770 αὐτῆς
2492 701 2549 755 δὲ
2564 701 2629 755 ἂν
2652 701 2737 768 εἴη
2759 698 3253 769 συστοιχείοις,ὅσον
3270 699 3351 761 είς
3365 695 3677 764 ἀντιλογίαν

2095 793 2285 863 φθάνει
2337 793 2431 847 τοῦ
2489 793 2611 847 κατ’
2644 791 2832 845 εἰκόνα
2859 790 2994 844 Θεοῦ
3019 789 3420 848 διαπεπλάσθαι
3466 788 3561 842 τὸν
3588 789 3682 843 ἀν-

2097 885 2313 956 θρωπον
2333 885 2474 938 κατά
2514 883 2624 954 (88)
2671 882 2732 936 τὸ
2775 881 2876 951 τῆς
2924 879 3102 951 ψυχῆς
3133 880 3424 951 ἀσώματον
3449 895 3464 910 ⁶
3497 881 3561 934 οὐ
3589 880 3682 950 μό-

2096 995 2185 1031 νον
2217 978 2371 1044 διότι,
2430 977 2682 1048 καθάπερ
2710 977 2768 1030 ἐν
2809 977 2924 1039 τοῖς
2961 974 3216 1044 ἀγγέλοις
3247 975 3388 1030 κατά
3416 975 3678 1046 μετοχὴν,

2096 1070 2238 1124 οὕτω
2275 1070 2369 1122 καὶ
2396 1071 2455 1122 ὲν
2501 1070 2654 1139 αὐτῇ
2694 1067 2756 1121 τὸ
2792 1066 3114 1136 ὑπερούσιόν
3143 1083 3204 1120 τε
3255 1067 3351 1120 καὶ
3403 1067 3682 1136 ὑπερφυὲς

2095 1163 2194 1232 τῆς
2223 1180 2281 1214 τε
2311 1161 2638 1232 ὑπερουσίου
2670 1160 2855 1221 ούσίας
2880 1159 2974 1213 καί
2991 1160 3085 1212 τοῦ
3115 1158 3408 1228 ἀσωμάτου
3442 1157 3680 1220 κάλλους

2098 1251 2475 1325 ὲνοπτρίζεται
2500 1269 2512 1282 ·
2573 1251 2711 1306 ἀλλά
2767 1251 2849 1304 ὅτι
2882 1252 2975 1306 καὶ
3020 1251 3077 1302 ὲν
3115 1253 3180 1321 τῇ
3208 1250 3464 1320 τριαδικῇ
3493 1251 3685 1302 ταυτό-

2099 1364 2221 1416 τητι
2253 1348 2286 1416 ἡ
2318 1346 2571 1416 ἑτερότης
2615 1345 2808 1415 ὁρᾶται
2849 1343 2910 1394 τὸ
2953 1342 3258 1413 ἀσύγχυτον
3307 1341 3676 1406 διασώζουσα-

2100 1443 2150 1494 εί
2175 1439 2352 1510 βούλει
2389 1440 2446 1493 δὲ
2505 1441 2598 1492 καὶ
2624 1439 2759 1492 διότι
2781 1438 2937 1505 λόγος
2974 1437 3221 1508 πρόεισιν
3250 1439 3313 1489 ἐκ
3361 1433 3544 1504 ψυχῆς
3582 1435 3681 1500 τῆς

2102 1534 2447 1608 προαγούσης
2469 1533 2629 1587 αὐτὸν
2654 1532 2886 1602 φύσεως,
2902 1531 2962 1585 τὸ
2987 1529 3305 1599 ἀσύστοιχόν
3334 1544 3394 1581 τε
3423 1527 3518 1581 καὶ
3544 1543 3679 1580 κατ-

2103 1625 2329 1698 άλληλον
2376 1625 2772 1694 διαφυλάττων,
2793 1641 2857 1677 συ
2865 1640 3048 1694 μπροη
3056 1621 3224 1692 μένην
3242 1620 3352 1692 (89)
3371 1618 3683 1680 ἐπιδεικνὺς

2101 1717 2195 1772 καὶ
2219 1717 2321 1787 τὴν
2349 1706 2592 1788 ὁμοταγῆ
2617 1715 2711 1772 τοῦ
2743 1716 3051 1787 πνεύματος
3077 1713 3396 1769 ὑπόστασιν.

2168 1896 2354 1953 Ταῦτα
2390 1896 2527 1967 (90)'
2549 1896 2595 1950 δ’
2627 1895 2691 1949 ἂν
2731 1895 2825 1948 καὶ
2873 1893 2952 1947 ἔτι
2978 1891 3297 1956 διασώζοιτο
3347 1891 3407 1945 τὸ
3441 1891 3566 1946 κατ’
3597 1891 3683 1945 εἰ·

2100 1991 2234 2046 κόνα
2298 1988 2394 2044 τοῦ
2459 1987 2770 2052 Πλάσαντος
2821 1989 3075 2058 ἁπαρχῆς
3113 1983 3566 2056 διαμορφωθῆναι
3585 1985 3682 2040 τὸν

2099 2082 2414 2154 ἄνθρωπον.
2491 2081 2708 2135 Ἐνεστι
2753 2079 2810 2132 δέ
2862 2097 2944 2133 σοι
2991 2077 3202 2133 πολλῶν
3258 2077 3512 2132 ἐντεῦθεν
3583 2079 3682 2145 ὁρ-

2110 2175 2384 2246 μωμένων
2413 2210 2432 2240 ,
2502 2173 2597 2227 καὶ
2662 2171 2836 2227 ἄλλων
2908 2170 3366 2244 παραδειγμάτων
3427 2168 3683 2240 ἀφθονία.

2103 2266 2176 2318 Τδ
2241 2268 2351 2336 γὰρ
2405 2263 2592 2335 σοφὸν,
2671 2264 2763 2316 καὶ
2832 2263 2893 2316 τὸ
2981 2262 3402 2333 δημιουργικὸν,
3474 2263 3573 2316 καὶ
3623 2261 3687 2313 τὸ

2099 2358 2387 2419 ἀθάνατον,
2430 2357 2526 2410 καὶ
2576 2355 2746 2408 πολλά
2765 2355 3008 2419 τοιαῦτα,
3040 2358 3105 2408 ὲκ
3129 2354 3230 2423 τῆς
3263 2354 3508 2426 πρώτης,
3539 2354 3687 2406 ἐκείο

2100 2467 2221 2519 νης,
2251 2450 2349 2503 καὶ
2387 2449 2530 2520 ὑπὲρ
2589 2448 2715 2501 νοῦν
2763 2448 2975 2516 σοφίας,
3037 2448 3132 2500 καὶ
3179 2447 3556 2518 δημιουργίας,
3584 2444 3688 2498 καὶ

2101 2542 2406 2612 ἀϊδιότητος
2428 2539 2872 2610 ἐντετυπωμένα,
2897 2539 3050 2609 φέρει
3081 2538 3180 2608 τῆς
3206 2537 3418 2608 φύσεως
3445 2537 3508 2590 τὸ
3522 2538 3687 2590 ἀπει-

2103 2632 2356 2700 κόνισμα.
2405 2632 2466 2684 Εί
2495 2631 2551 2684 δέ
2596 2647 2703 2694 τις,
2737 2630 2927 2702 ὥσπερ
2954 2631 3018 2684 ὲκ
3046 2629 3323 2699 διαφόρων
3345 2629 3684 2698 χρωμάτων,

2103 2721 2512 2792 θεοειδεστάτην
2570 2722 2881 2791 οἰκονομίαν
2933 2719 3339 2791 διαγράψασθαι
3391 2719 3682 2787 θελήσειε·

2103 2815 2195 2868 καὶ
2225 2814 2311 2868 διὰ
2334 2814 2538 2868 τούτων
2567 2813 2820 2868 ἁπάντων
2855 2812 3216 2882 μορφοῦσθαι,
3253 2811 3348 2864 καὶ
3391 2809 3688 2864 διατυποῦ-

2105 2905 2254 2972 σθαι,
2284 2905 2386 2977 τὴν
2415 2904 2717 2976 καλλίστην
2745 2921 2804 2958 τε
2833 2906 2928 2960 καὶ
2961 2904 3303 2974 ὡραιοτάτην
3339 2901 3556 2972 μορφὴν
3583 2901 3684 2956 τοῦ

414 2996 482 3052 ad
512 3009 760 3059 naturam
791 3007 1032 3058 nostrain
1065 2999 1286 3069 proprie
1330 2999 1692 3068 pertinentem
1721 2997 1991 3061 ostendet,

2104 2999 2394 3070 ἀνθρώπου
2425 2999 2725 3071 ἀποφήνειε
2750 3015 2764 3029 θ
2800 2999 2938 3068 μετά
2993 2997 3088 3050 τοῦ
3142 2996 3432 3061 ἰδιάζοντος
3467 2995 3563 3061 επὶ
3582 2995 3687 3064 τῆς

414 3093 509 3146 sed
557 3093 721 3146 etiam
771 3092 840 3146 ab
893 3093 1225 3163 elegantiora
1278 3108 1463 3148 causa:
1508 3092 1832 3156 redditione,
1869 3107 1991 3147 meo

414 3184 632 3253 quidem
661 3184 886 3253 judicio,
927 3201 1032 3238 non
1063 3184 1300 3239 excidet.

484 3361 673 3430 Itaque
706 3361 840 3415 nihil
865 3370 951 3416 est
987 3360 1128 3430 quod
1167 3377 1231 3416 ex
1271 3361 1433 3416 dictis
1469 3362 1725 3432 operibus
1763 3363 1890 3433 quid
1924 3365 1995 3419 sit

414 3449 616 3518 imago,
647 3457 741 3503 aut
774 3450 902 3516 quid
953 3451 1330 3520 archetypum,
1373 3459 1466 3504 aut
1493 3452 1623 3520 quid
1659 3452 1812 3517 illud,
1850 3455 1994 3522 quod

413 3541 479 3593 ad
527 3540 817 3609 imaginem
875 3541 967 3594 Dei
1031 3542 1311 3594 conditum
1375 3552 1491 3606 est,
1565 3546 1990 3610 excogitemus:

393 3635 626 3687 tametsi
657 3633 914 3701 imaginis
943 3636 1165 3688 nomine
1188 3635 1412 3703 intelligi
1443 3644 1627 3704 posset
1657 3637 1826 3690 etiam
1861 3653 1994 3692 una-

411 3739 644 3792 quaeque
684 3715 1302 3792 earnm-praestantium,
1345 3726 1716 3796 nobiliumque
1749 3728 1992 3796 proprie-

401 3823 610 3883 _tatum,
642 3831 778 3879 quas
819 3817 1084 3870 hactenus
1117 3819 1493 3873 recensuimus
1516 3836 1531 3884 ;
1558 3820 1721 3873 veluti
1774 3820 1994 3874 ratioci-

2098 3090 2310 3161 φύσεως
2338 3090 2496 3161 ἡμῶν
2519 3089 2782 3162 παρέχειν
2821 3090 2954 3158 όρᾷν
2984 3088 3084 3160 τὴν
3113 3088 3296 3154 εἰκόνα
3329 3085 3687 3154 γλαφυρωτὲ-

2097 3201 2217 3255 ραν,
2245 3183 2307 3236 οῦ
2373 3201 2464 3254 μοι
2512 3183 2661 3238 δοκεῖ
2687 3182 2964 3238 διαπεσεῖν
3005 3181 3104 3252 τῆς
3157 3181 3300 3234 κατά
3350 3180 3454 3249 τὴν
3485 3177 3676 3232 αἰτίαν

2094 3275 2420 3340 ἀποδόσεως.
2769 3313 2778 3322 .
3255 3317 3262 3324 .

2165 3366 2378 3426 Οὐκοῦν
2424 3366 2576 3420 οὐδέν
2597 3368 2747 3422 ἐστιν
2767 3366 2832 3420 ὲκ
2857 3363 2965 3417 τῶν
2987 3362 3294 3433 εἰρημένων
3345 3361 3526 3432 ἔργων
3551 3360 3682 3414 οὔτε

2096 3460 2194 3527 τὴν
2228 3457 2412 3511 είκόνα
2434 3457 2637 3522 λαϐεῖν,
2681 3456 2805 3510 οὔτε
2841 3455 2906 3508 τὸ
2944 3453 3251 3524 ἀρχέτυπον
3296 3453 3520 3514 ἐννοεῖν,
3568 3445 3684 3506 οὐδ’

2095 3549 2123 3602 ὃ
2158 3549 2276 3602 κατ’
2299 3551 2484 3603 εἰκόνα
2513 3549 2646 3602 Θεοῦ
2682 3548 3076 3603 διαπέπλασται
3099 3563 3114 3577 ο
3168 3547 3348 3600 καίτοι
3391 3543 3556 3598 εἰκὼν
3583 3547 3685 3614 μὲν

2096 3643 2163 3696 ἂν
2193 3642 2413 3713 νοηθείη
2446 3642 2582 3704 Θεοῦ
2614 3641 2708 3696 καὶ
2733 3642 2963 3694 ἕκαστον
2988 3640 3096 3693 τῶν
3138 3639 3446 3711 εἰρημένων
3495 3636 3685 3690 καλῶν

2095 3751 2155 3786 τε
2185 3735 2280 3787 καὶ
2311 3735 2509 3804 τιμίων
2533 3751 2547 3766 ο
2579 3731 2692 3786 οἷον
2728 3733 2792 3786 τὸ
2820 3734 2878 3785 ἐν
2906 3733 2982 3801 τῷ
2999 3730 3276 3801 ἀνθρώπῳ
3309 3727 3549 3798 λογικὶιν,
3584 3729 3682 3781 καὶ

2096 3828 2198 3880 ὅσα
2231 3827 2367 3879 ἀλλα
2398 3823 2744 3897 προείρηται.
2794 3827 2900 3879 Καὶ
2940 3825 3048 3896 γὰρ
3101 3822 3359 3886 εἰκονίζει
3393 3820 3685 3891 ταῦτατὴν

413 3904 579 3958 nandi
634 3904 886 3970 facultas,
946 3923 1054 3977 qua
1112 3907 1277 3964 homo
1325 3910 1508 3979 pollet,
1556 3918 1612 3965 et
1655 3925 1993 3980 quaecunque

2104 3917 2241 3988 ὑπὲρ
2269 3917 2448 3984 λόγον,
2497 3917 2595 3970 καὶ
2641 3915 2850 3970 ἔννοιαν
2906 3917 2963 3968 ὲν
2991 3913 3068 3986 τῷ
3103 3914 3226 3984 Θεῴ
3291 3911 3681 3984 θεωρουμένην

413 4008 587 4061 nuper
615 3993 846 4050 addueta
878 4006 1024 4050 sunt.
1072 3995 1196 4052 llaic
1225 3998 1370 4050 enim
1417 3999 1708 4070 imaginem
1753 3999 1992 4058 referunt

2104 4009 2379 4080 βασιλείαν
2407 4027 2487 4074 τε,
2535 4010 2628 4066 καὶ
2655 4010 2872 4079 σοφίαν,
2906 4009 3000 4063 καὶ
3049 4007 3433 4078 δημιουργίαν,
3463 4004 3560 4058 καὶ
3586 4004 3679 4056 τὸν

413 4083 732 4152 ineli‘abilis,
785 4093 838 4139 et
901 4086 1508 4156 incomprehensibilis,
1562 4106 1728 4160 quam
1775 4092 1832 4145 in
1883 4090 1993 4146 Deo

2104 4101 2398 4172 ᾶρῤευστόν
2428 4118 2508 4165 τε,
2540 4101 2634 4154 καὶ
2665 4099 2878 4170 ἀπαθῆ,
2900 4101 2992 4152 καὶ
3020 4097 3307 4169 ὁμοούσιον
3343 4098 3541 4166 Λόγον.
3559 4095 3679 4150 Καὶ

405 4176 867 4249 rontemplamur,
905 4179 1153 4240 ditionis,
1215 4179 1513 4249 sapientiw,
1561 4182 1874 4246 creationis,
1941 4193 1993 4238 et

2104 4195 2124 4247 ὃ
2157 4193 2442 4264 ἄνθρωπος
2493 4192 2880 4246 διαπλάττεται
2907 4193 3049 4245 κατά
3104 4189 3206 4261 τὴν
3245 4189 3676 4262 δημιουργικὴν,

411 4264 573 4321 Verbi
607 4267 770 4331 illius,
812 4269 959 4337 quod
995 4286 1093 4325 nec
1118 4270 1382 4335 dilllucre,
1416 4287 1516 4325 nec
1550 4273 1856 4341 perturbari
1899 4290 1993 4344 po-

2104 4283 2196 4336 mi.
2259 4281 2568 4354 βασιλικὴν,
2625 4282 2719 4334 καὶ
2774 4281 3019 4352 λογικὴν,
3101 4282 3196 4334 καὶ
3280 4281 3474 4348 σοφίας
3553 4279 3682 4349 μέτ-

411 4367 537 4422 test,
572 4368 732 4428 atque
774 4361 921 4415 Patri
956 4372 1038 4416 est
1084 4363 1570 4418 eonsubstantiale.
1617 4363 1678 4416 Et
1719 4373 1866 4420 certe
1913 4367 1991 4422 vis

2104 4391 2221 4444 οχον
2261 4351 2478 4435 εἰκόνα,
2501 4351 2608 4426 ὀὐκ
2633 4372 2798 4435 αὐτὸς
2822 4371 2896 4425 ὢν
2919 4351 3112 4443 (ταῦτα
3133 4371 3184 4422 εἰ
3206 4387 3290 4432 τις
3306 4369 3679 4437 λεπτολογεῖν,

411 4450 672 4516 υσυοινίι,
723 4451 1110 4506 dominationis
1145 4453 1466 4514 auctaritas,
1515 4453 1874 4508 ratiocinandi
1909 4455 1990 4510 la-

409 4543 606 4606 eultas,
633 4551 687 4597 et
722 4543 1004 4612 sapientia:
1021 4545 1374 4614 participatio
1392 4559 1514 4598 esse
1531 4553 1754 4613 possent
1788 4546 1988 4616 imago,

407 4637 474 4690 ad
509 4652 672 4707 quam
717 4637 880 4692 boum
915 4636 1184 4691 formatus
1216 4646 1320 4701 est,
1356 4637 1484 4691 dum
1525 4652 1631 4692 non
1660 4645 1743 4692 est
1773 4638 1889 4708 ipse
1917 4655 1990 4708 ea

396 4724 587 4796 .imago
623 4727 692 4796 (si
718 4728 844 4795 quis
878 4727 991 4780 haec
1031 4727 1306 4782 subtiliter
1348 4728 1676 4794 expendere,
1707 4737 1762 4781 et
1805 4729 1987 4784 nomi-

406 4833 536 4870 num
583 4829 905 4903 potestatem
957 4817 1023 4872 ad
1068 4820 1304 4887 rigorem
1360 4819 1612 4888 persequi
1653 4835 1982 4888 supervaca-

2094 4467 2188 4517 καὶ
2213 4465 2347 4534 πρὸς
2368 4465 2659 4534 ἀκρίϐειαν
2683 4462 2987 4534 ἀνιχνεύειν
3027 4462 3134 4514 τῶν
3157 4461 3438 4530 ὀνομάτων
3457 4461 3559 4529 τὴν
3582 4461 3679 4513 δύο

2092 4573 2256 4624 ναμιν
2274 4557 2603 4626 ἀπερίεργον
2632 4555 2887 4625 νομίζει),
2907 4554 3044 4608 ἀλλά
3073 4554 3214 4607 κατά
3229 4553 3432 4624 ταυτὴν
3481 4554 3676 4608 διαπεο

2093 4645 2440 4715 πλασμένος·
2473 4646 2559 4700 ἵνα
2596 4647 2691 4700 καὶ
2747 4647 2786 4717 ή¹
2822 4643 3010 4708 εἰκὼν,
3069 4644 3167 4698 καὶ
3209 4643 3271 4696 τὸ
3321 4642 3442 4696 κατ’
3487 4644 3675 4696 εἰκόνα

2092 4735 2428 4804 σαφέστερον
2478 4733 2806 4807 θεωρηθείη,
2831 4735 2925 4788 καὶ
2953 4732 3090 4804 μηδὲ
3121 4731 3214 4786 τοῦ
3250 4730 3610 4803 πρωτοτύπου
3638 4733 3674 4802 ἡ

2090 4828 2282 4896 ἄγνοια
2307 4828 2437 4897 ἡμῖν
2467 4830 2702 4900 περιῄει,

406 4923 566 4962 "eum
601 4926 708 4963 "0"
733 4909 960 4980 censelio
991 4909 1083 4963 50d
1113 4910 1416 4964 secundum
1447 4913 1618 4980 ipsam
1691 4915 1867 4971 factus
1932 4932 2054 4975 est:
2098 4932 2154 4976 nt
2194 4921 2358 4975 simul
2394 4929 2449 4976 et
2477 4921 2676 4991 imago,
2717 4932 2772 4978 et
2799 4921 2940 4992 quod
2981 4921 3048 4976 ad
3083 4922 3375 4992 imaginem
3415 4928 3518 4983 est,
3551 4919 3670 4989 pla'

405 5003 530 5055 nius
587 5000 977 5071 intelligantur,
1027 5017 1125 5055 nec
1187 5003 1345 5057 nobis
1401 5005 1677 5073 exemplar
1733 5007 1987 5076 ignorare
2027 5013 2326 5082 contingat.

477 5092 533 5146 Si
568 5093 690 5163 quis
717 5104 896 5148 autem
926 5097 1027 5153 ista
1065 5095 1228 5149 simul
1263 5097 1328 5149 ad
1370 5095 1686 5165 imaginem,
1725 5107 1779 5151 et
1807 5115 1985 5154 exent-

395 5185 521 5254 plar
551 5187 802 5240 maluerit
833 5188 1092 5243 reducere
1129 5188 1361 5259 (scilicet
1387 5203 1492 5241 non
1525 5188 1780 5259 cogitarit
1805 5190 1985 5246 homi-

298 5351 303 5354 _
403 5292 527 5330 nem
563 5279 860 5334 secundum
900 5279 1034 5335 istas
1083 5281 1464 5350 proprietates,
1499 5296 1622 5350 quae
1655 5278 1748 5334 Dei
1805 5281 1985 5351 imago

2163 5107 2224 5160 El
2243 5108 2301 5162 δέ
2318 5126 2403 5173 τις
2451 5107 2622 5160 ταῦτα
2646 5107 2972 5176 συναγαγεῖν
3008 5104 3251 5174 ἐθελήσοι
3296 5104 3435 5176 πρὸς
3461 5103 3559 5176 τὴν
3587 5103 3658 5157 εί-

2094 5194 2249 5260 κόνα,
2275 5199 2369 5250 καὶ
2410 5196 2473 5250 τὸ
2507 5196 2883 5266 πρωτότυπον,
2919 5196 3072 5249 οὐδὲν
3106 5196 3214 5250 οὐδ’
3246 5190 3401 5259 οὗτος
3431 5196 3667 5264 διαμαρ-

2094 5287 2268 5341 τάνει.
2316 5290 2398 5342 Τὰ
2423 5289 2530 5360 γὰρ
2565 5290 2624 5342 ἐν
2654 5286 2774 5358 Θεῷ
2823 5290 2970 5360 μόνῳ
3029 5288 3410 5360 καθορώμενα,
3446 5287 3580 5342 Θεοῦ
3602 5287 3669 5342 ἂν

1873 5391 2108 5454 NOTAE.

475 5502 589 5572 (88)
626 5503 806 5570 Κατὰ,
827 5505 971 5574 quod
1005 5507 1094 5563 hic
1123 5506 1341 5574 reﬁnxi,
1371 5507 1742 5576 calligraphus
1769 5507 1976 5567 dormi-

395 5582 527 5629 tans
560 5576 612 5627 in
643 5577 736 5627 ml.
766 5589 1087 5632 mutaverat.

474 5645 586 5715 (89)
620 5645 1099 5719 Συμπροημμένην
1121 5649 1165 5703 si
1195 5650 1364 5720 legas,
1398 5665 1551 5724 teque
1605 5665 1824 5707 sensum
1874 5670 1970 5708 ex-

2086 5519 2275 5664 ωῗξιῗὶ
2294 5591 2533 5662 Sic'puto
2563 5589 2961 5649 emendandum
2992 5606 3090 5662 pro
3118 5589 3311 5664 ταύτῃ.
