  <div class='ocr_page' id='page_1' title='image "/cluster/home/n/w/nwhite01/storage/ocr_20150623/101/hvd.32044018872879/152.png"; bbox 0 0 3888 6186; ppageno 0'>
   <div class='ocr_carea' id='block_1_1' title="bbox 225 256 344 323">
    <p class='ocr_par' dir='ltr' id='par_1_1' title="bbox 225 256 344 323">
     <span class='ocr_line' id='line_1_1' title="bbox 225 256 344 323; baseline 0.034 -5"><span class='ocrx_word' id='word_1_1' title='bbox 225 256 344 323; x_wconf 77' lang='grc'><strong>257</strong></span> 
     </span>
    </p>
   </div>
   <div class='ocr_carea' id='block_1_2' title="bbox 1151 257 2589 350">
    <p class='ocr_par' dir='ltr' id='par_1_2' title="bbox 1151 257 2589 350">
     <span class='ocr_line' id='line_1_2' title="bbox 1151 257 2589 350; baseline 0.006 -29"><span class='ocrx_word' id='word_1_2' title='bbox 1151 346 1155 350; x_wconf 81' lang='lat'>_</span> <span class='ocrx_word' id='word_1_3' title='bbox 1194 262 1295 322; x_wconf 90' lang='lat' dir='ltr'><strong>AD</strong></span> <span class='ocrx_word' id='word_1_4' title='bbox 1318 257 1919 323; x_wconf 82' lang='lat' dir='ltr'><strong>AMPHILOCHIUM</strong></span> <span class='ocrx_word' id='word_1_5' title='bbox 1945 259 2292 333; x_wconf 68' lang='lat' dir='ltr'><strong>QUIESTIO</strong></span> <span class='ocrx_word' id='word_1_6' title='bbox 2320 266 2589 331; x_wconf 82' lang='lat' dir='ltr'><strong>XXXVI.</strong></span> 
     </span>
    </p>
   </div>
   <div class='ocr_carea' id='block_1_3' title="bbox 3414 279 3518 341">
    <p class='ocr_par' dir='ltr' id='par_1_3' title="bbox 3414 279 3518 341">
     <span class='ocr_line' id='line_1_3' title="bbox 3414 279 3518 341; baseline 0 0"><span class='ocrx_word' id='word_1_7' title='bbox 3414 279 3518 341; x_wconf 71' lang='lat'><strong>253</strong></span> 
     </span>
    </p>
   </div>
   <div class='ocr_carea' id='block_1_4' title="bbox 225 374 1814 465">
    <p class='ocr_par' dir='ltr' id='par_1_4' title="bbox 225 374 1814 452">
     <span class='ocr_line' id='line_1_4' title="bbox 225 374 1814 452; baseline 0.002 -25"><span class='ocrx_word' id='word_1_8' title='bbox 225 374 321 447; x_wconf 77' lang='grc' dir='ltr'>εἰη</span> <span class='ocrx_word' id='word_1_9' title='bbox 346 392 363 410; x_wconf 80' lang='grc' dir='ltr'><strong>ο</strong></span> <span class='ocrx_word' id='word_1_10' title='bbox 385 377 479 431; x_wconf 76' lang='grc' dir='ltr'>καὶ</span> <span class='ocrx_word' id='word_1_11' title='bbox 509 378 540 431; x_wconf 87' lang='lat'><strong>6</strong></span> <span class='ocrx_word' id='word_1_12' title='bbox 569 375 710 451; x_wconf 76' lang='grc' dir='ltr'>πρὸς</span> <span class='ocrx_word' id='word_1_13' title='bbox 765 379 953 433; x_wconf 75' lang='grc' dir='ltr'>ἑκεῐνα</span> <span class='ocrx_word' id='word_1_14' title='bbox 1003 376 1368 449; x_wconf 82' lang='grc' dir='ltr'>τυπούμενος,</span> <span class='ocrx_word' id='word_1_15' title='bbox 1418 377 1554 452; x_wconf 79' lang='grc' dir='ltr'>πρὸς</span> <span class='ocrx_word' id='word_1_16' title='bbox 1576 377 1711 431; x_wconf 76' lang='grc' dir='ltr'>Θεὸν</span> <span class='ocrx_word' id='word_1_17' title='bbox 1764 376 1814 430; x_wconf 38' lang='lat' dir='ltr'><strong>at</strong></span> 
     </span>
    </p>
   </div>
   <div class='ocr_carea' id='block_1_5' title="bbox 1926 374 3521 465">
    <p class='ocr_par' dir='ltr' id='par_1_5' title="bbox 1933 379 3521 465">
     <span class='ocr_line' id='line_1_5' title="bbox 1933 379 3521 465; baseline 0.013 -31"><span class='ocrx_word' id='word_1_18' title='bbox 1933 386 2082 443; x_wconf 84' lang='lat' dir='ltr'><strong>sunt,</strong></span> <span class='ocrx_word' id='word_1_19' title='bbox 2115 379 2287 437; x_wconf 78' lang='lat' dir='ltr'><strong>fuisse</strong></span> <span class='ocrx_word' id='word_1_20' title='bbox 2333 382 2636 456; x_wconf 90' lang='lat' dir='ltr'><strong>conditum)</strong></span> <span class='ocrx_word' id='word_1_21' title='bbox 2672 400 2739 441; x_wconf 90' lang='lat' dir='ltr'><strong>ne</strong></span> <span class='ocrx_word' id='word_1_22' title='bbox 2787 386 2833 444; x_wconf 76' lang='lat' dir='ltr'><strong>is</strong></span> <span class='ocrx_word' id='word_1_23' title='bbox 2861 392 3084 461; x_wconf 82' lang='lat' dir='ltr'><strong>quidem</strong></span> <span class='ocrx_word' id='word_1_24' title='bbox 3118 406 3347 452; x_wconf 86' lang='lat' dir='ltr'><strong>erraret.</strong></span> <span class='ocrx_word' id='word_1_25' title='bbox 3384 399 3521 465; x_wconf 70' lang='lat' dir='ltr'><strong>Quae</strong></span> 
     </span>
    </p>
   </div>
   <div class='ocr_carea' id='block_1_6' title="bbox 223 465 1829 541">
    <p class='ocr_par' dir='ltr' id='par_1_6' title="bbox 223 465 1829 541">
     <span class='ocr_line' id='line_1_6' title="bbox 223 465 1829 541; baseline 0.001 -22"><span class='ocrx_word' id='word_1_26' title='bbox 223 466 336 519; x_wconf 83' lang='grc' dir='ltr'>οὐκ</span> <span class='ocrx_word' id='word_1_27' title='bbox 352 465 566 536; x_wconf 79' lang='grc' dir='ltr'><strong>ἀλόγως</strong></span> <span class='ocrx_word' id='word_1_28' title='bbox 592 468 903 524; x_wconf 79' lang='grc' dir='ltr'><strong>τυποῦσθαι</strong></span> <span class='ocrx_word' id='word_1_29' title='bbox 961 468 1180 541; x_wconf 76' lang='grc' dir='ltr'>ῥηθείη.</span> <span class='ocrx_word' id='word_1_30' title='bbox 1229 469 1507 531; x_wconf 76' lang='grc' dir='ltr'><strong>Ὡσαύτως</strong></span> <span class='ocrx_word' id='word_1_31' title='bbox 1554 467 1611 520; x_wconf 86' lang='grc' dir='ltr'>δὲ</span> <span class='ocrx_word' id='word_1_32' title='bbox 1651 468 1747 521; x_wconf 73' lang='grc' dir='ltr'>καὶ</span> <span class='ocrx_word' id='word_1_33' title='bbox 1779 468 1829 521; x_wconf 89' lang='grc' dir='ltr'><strong>εἰ</strong></span> 
     </span>
    </p>
   </div>
   <div class='ocr_carea' id='block_1_7' title="bbox 223 556 1830 633">
    <p class='ocr_par' dir='ltr' id='par_1_7' title="bbox 223 556 1830 633">
     <span class='ocr_line' id='line_1_7' title="bbox 223 556 1830 633; baseline 0.003 -23"><span class='ocrx_word' id='word_1_34' title='bbox 223 556 302 611; x_wconf 74' lang='grc' dir='ltr'>τὰ</span> <span class='ocrx_word' id='word_1_35' title='bbox 330 559 389 612; x_wconf 72' lang='grc' dir='ltr'><strong>ἰν</strong></span> <span class='ocrx_word' id='word_1_36' title='bbox 418 558 496 629; x_wconf 79' lang='grc' dir='ltr'><strong>τῷ</strong></span> <span class='ocrx_word' id='word_1_37' title='bbox 518 559 813 633; x_wconf 81' lang='grc' dir='ltr'><strong>ἀνθρώπῳ,</strong></span> <span class='ocrx_word' id='word_1_38' title='bbox 846 562 923 625; x_wconf 85' lang='grc' dir='ltr'>ὡς</span> <span class='ocrx_word' id='word_1_39' title='bbox 949 562 1008 615; x_wconf 79' lang='grc' dir='ltr'><strong>ὲν</strong></span> <span class='ocrx_word' id='word_1_40' title='bbox 1035 560 1135 632; x_wconf 74' lang='grc' dir='ltr'><strong>ὕλῃ</strong></span> <span class='ocrx_word' id='word_1_41' title='bbox 1156 560 1219 615; x_wconf 81' lang='grc' dir='ltr'>τὸ</span> <span class='ocrx_word' id='word_1_42' title='bbox 1239 560 1425 623; x_wconf 79' lang='grc' dir='ltr'>ἇῦλον,</span> <span class='ocrx_word' id='word_1_43' title='bbox 1451 561 1528 624; x_wconf 82' lang='grc' dir='ltr'>ὡς</span> <span class='ocrx_word' id='word_1_44' title='bbox 1550 560 1830 632; x_wconf 81' lang='grc' dir='ltr'>παραχθὲν</span> 
     </span>
    </p>
   </div>
   <div class='ocr_carea' id='block_1_8' title="bbox 223 647 1828 723">
    <p class='ocr_par' dir='ltr' id='par_1_8' title="bbox 223 647 1828 723">
     <span class='ocr_line' id='line_1_8' title="bbox 223 647 1828 723; baseline 0.002 -24"><span class='ocrx_word' id='word_1_45' title='bbox 223 647 325 701; x_wconf 79' lang='grc' dir='ltr'>τὸν</span> <span class='ocrx_word' id='word_1_46' title='bbox 357 650 681 723; x_wconf 84' lang='grc' dir='ltr'>παράγοντα</span> <span class='ocrx_word' id='word_1_47' title='bbox 712 652 1067 717; x_wconf 79' lang='grc' dir='ltr'>ὲξεικονίζειν</span> <span class='ocrx_word' id='word_1_48' title='bbox 1099 652 1290 706; x_wconf 72' lang='grc' dir='ltr'>ἔλαϐεν</span> <span class='ocrx_word' id='word_1_49' title='bbox 1331 651 1486 721; x_wconf 78' lang='grc' dir='ltr'>ἰσχὺν</span> <span class='ocrx_word' id='word_1_50' title='bbox 1521 650 1734 722; x_wconf 83' lang='grc' dir='ltr'>(γέγονε</span> <span class='ocrx_word' id='word_1_51' title='bbox 1771 651 1828 704; x_wconf 79' lang='grc' dir='ltr'>δὲ</span> 
     </span>
    </p>
   </div>
   <div class='ocr_carea' id='block_1_9' title="bbox 222 739 1828 816">
    <p class='ocr_par' dir='ltr' id='par_1_9' title="bbox 222 739 1828 816">
     <span class='ocr_line' id='line_1_9' title="bbox 222 739 1828 816; baseline 0.001 -24"><span class='ocrx_word' id='word_1_52' title='bbox 222 739 405 793; x_wconf 85' lang='grc' dir='ltr'>ταῦτα</span> <span class='ocrx_word' id='word_1_53' title='bbox 454 740 638 813; x_wconf 78' lang='grc' dir='ltr'>χάριτι</span> <span class='ocrx_word' id='word_1_54' title='bbox 666 742 787 815; x_wconf 69' lang='grc' dir='ltr'>θείᾳ</span> <span class='ocrx_word' id='word_1_55' title='bbox 835 745 928 797; x_wconf 73' lang='grc' dir='ltr'>καὶ</span> <span class='ocrx_word' id='word_1_56' title='bbox 961 744 1141 816; x_wconf 80' lang='grc' dir='ltr'><strong>δωρεᾷ</strong></span> <span class='ocrx_word' id='word_1_57' title='bbox 1162 744 1258 798; x_wconf 85' lang='grc' dir='ltr'><strong>τοῦ</strong></span> <span class='ocrx_word' id='word_1_58' title='bbox 1288 742 1628 815; x_wconf 81' lang='grc' dir='ltr'>ἀνθρώπου),</span> <span class='ocrx_word' id='word_1_59' title='bbox 1656 742 1714 794; x_wconf 86' lang='grc' dir='ltr'><strong>ὲν</strong></span> <span class='ocrx_word' id='word_1_60' title='bbox 1749 742 1828 813; x_wconf 77' lang='grc' dir='ltr'>τῷ</span> 
     </span>
    </p>
   </div>
   <div class='ocr_carea' id='block_1_10' title="bbox 222 832 1822 908">
    <p class='ocr_par' dir='ltr' id='par_1_10' title="bbox 222 832 1822 908">
     <span class='ocr_line' id='line_1_10' title="bbox 222 832 1822 908; baseline 0.003 -24"><span class='ocrx_word' id='word_1_61' title='bbox 222 832 401 886; x_wconf 81' lang='grc' dir='ltr'><strong>εἰκότι</strong></span> <span class='ocrx_word' id='word_1_62' title='bbox 430 832 574 905; x_wconf 87' lang='grc' dir='ltr'>λόγῳ</span> <span class='ocrx_word' id='word_1_63' title='bbox 599 834 816 908; x_wconf 75' lang='grc' dir='ltr'><strong>λεχθείη</strong></span> <span class='ocrx_word' id='word_1_64' title='bbox 844 835 913 891; x_wconf 82' lang='grc' dir='ltr'><strong>ἂν</strong></span> <span class='ocrx_word' id='word_1_65' title='bbox 944 840 1042 891; x_wconf 77' lang='grc' dir='ltr'><strong>καὶ</strong></span> <span class='ocrx_word' id='word_1_66' title='bbox 1082 839 1110 891; x_wconf 87' lang='grc' dir='ltr'><strong>ὁ</strong></span> <span class='ocrx_word' id='word_1_67' title='bbox 1131 836 1421 908; x_wconf 76' lang='grc' dir='ltr'>ἄνθρωπος</span> <span class='ocrx_word' id='word_1_68' title='bbox 1456 834 1621 889; x_wconf 85' lang='grc' dir='ltr'>εἰκὼν</span> <span class='ocrx_word' id='word_1_69' title='bbox 1658 850 1822 905; x_wconf 79' lang='grc' dir='ltr'>γεγε-</span> 
     </span>
    </p>
   </div>
   <div class='ocr_carea' id='block_1_11' title="bbox 221 923 612 997">
    <p class='ocr_par' dir='ltr' id='par_1_11' title="bbox 221 923 612 997">
     <span class='ocr_line' id='line_1_11' title="bbox 221 923 612 997; baseline 0.013 -20"><span class='ocrx_word' id='word_1_70' title='bbox 221 923 424 997; x_wconf 82' lang='grc' dir='ltr'>νῆσθαι</span> <span class='ocrx_word' id='word_1_71' title='bbox 454 926 612 983; x_wconf 83' lang='grc' dir='ltr'>Θεοῦ.</span> 
     </span>
    </p>
   </div>
   <div class='ocr_carea' id='block_1_12' title="bbox 1554 1092 1565 1121">
    <p class='ocr_par' dir='ltr' id='par_1_12' title="bbox 1554 1092 1565 1121">
     <span class='ocr_line' id='line_1_12' title="bbox 1554 1092 1565 1121; baseline 0 0"><span class='ocrx_word' id='word_1_72' title='bbox 1554 1092 1565 1121; x_wconf 73' lang='grc'><strong>1</strong></span> 
     </span>
    </p>
   </div>
   <div class='ocr_carea' id='block_1_13' title="bbox 292 1190 1822 1269">
    <p class='ocr_par' dir='ltr' id='par_1_13' title="bbox 292 1190 1822 1269">
     <span class='ocr_line' id='line_1_13' title="bbox 292 1190 1822 1269; baseline 0.004 -25"><span class='ocrx_word' id='word_1_73' title='bbox 292 1190 388 1246; x_wconf 79' lang='grc' dir='ltr'><strong>Διὸ</strong></span> <span class='ocrx_word' id='word_1_74' title='bbox 424 1192 522 1247; x_wconf 68' lang='grc' dir='ltr'>καὶ</span> <span class='ocrx_word' id='word_1_75' title='bbox 545 1194 575 1248; x_wconf 93' lang='lat'><strong>6</strong></span> <span class='ocrx_word' id='word_1_76' title='bbox 612 1192 754 1259; x_wconf 82' lang='grc' dir='ltr'>θεῖος</span> <span class='ocrx_word' id='word_1_77' title='bbox 776 1194 1080 1268; x_wconf 87' lang='grc' dir='ltr'>Γρηγόριος</span> <span class='ocrx_word' id='word_1_78' title='bbox 1115 1194 1271 1265; x_wconf 74' lang='grc' dir='ltr'>ἔλεγε</span> <span class='ocrx_word' id='word_1_79' title='bbox 1294 1213 1307 1228; x_wconf 89' lang='grc'><strong>·</strong></span> <span class='ocrx_word' id='word_1_80' title='bbox 1357 1216 1376 1248; x_wconf 78' lang='grc' dir='ltr'><strong>ι</strong></span> <span class='ocrx_word' id='word_1_81' title='bbox 1400 1197 1539 1266; x_wconf 71' lang='grc' dir='ltr'>Παρ*</span> <span class='ocrx_word' id='word_1_82' title='bbox 1559 1197 1738 1269; x_wconf 82' lang='grc' dir='ltr'>ἐαυτῷ</span> <span class='ocrx_word' id='word_1_83' title='bbox 1766 1196 1822 1250; x_wconf 80' lang='grc' dir='ltr'>δὲ</span> 
     </span>
    </p>
   </div>
   <div class='ocr_carea' id='block_1_14' title="bbox 216 1284 1818 1360">
    <p class='ocr_par' dir='ltr' id='par_1_14' title="bbox 216 1284 1818 1360">
     <span class='ocr_line' id='line_1_14' title="bbox 216 1284 1818 1360; baseline 0.004 -23"><span class='ocrx_word' id='word_1_84' title='bbox 216 1284 396 1356; x_wconf 79' lang='grc' dir='ltr'>πνοὴν</span> <span class='ocrx_word' id='word_1_85' title='bbox 414 1285 612 1350; x_wconf 75' lang='grc' dir='ltr'>ἐνθεὶς,</span> <span class='ocrx_word' id='word_1_86' title='bbox 668 1286 697 1339; x_wconf 85' lang='lat'><strong>6</strong></span> <span class='ocrx_word' id='word_1_87' title='bbox 734 1288 800 1357; x_wconf 84' lang='grc' dir='ltr'>δὴ</span> <span class='ocrx_word' id='word_1_88' title='bbox 841 1289 1037 1359; x_wconf 74' lang='grc' dir='ltr'>νοεράν</span> <span class='ocrx_word' id='word_1_89' title='bbox 1080 1288 1281 1360; x_wconf 82' lang='grc' dir='ltr'>ψυχὴν,</span> <span class='ocrx_word' id='word_1_90' title='bbox 1330 1290 1425 1343; x_wconf 77' lang='grc' dir='ltr'>καὶ</span> <span class='ocrx_word' id='word_1_91' title='bbox 1462 1291 1646 1344; x_wconf 83' lang='grc' dir='ltr'>εἰκόνα</span> <span class='ocrx_word' id='word_1_92' title='bbox 1679 1289 1818 1344; x_wconf 86' lang='grc' dir='ltr'>Θεοῦ</span> 
     </span>
    </p>
   </div>
   <div class='ocr_carea' id='block_1_15' title="bbox 211 1370 1820 1453">
    <p class='ocr_par' dir='ltr' id='par_1_15' title="bbox 211 1370 1820 1453">
     <span class='ocr_line' id='line_1_15' title="bbox 211 1370 1820 1453; baseline 0.004 -25"><span class='ocrx_word' id='word_1_93' title='bbox 211 1370 369 1430; x_wconf 75' lang='grc' dir='ltr'>οἶδεν</span> <span class='ocrx_word' id='word_1_94' title='bbox 405 1379 435 1431; x_wconf 98' lang='lat'><strong>6</strong></span> <span class='ocrx_word' id='word_1_95' title='bbox 459 1378 635 1448; x_wconf 82' lang='grc' dir='ltr'>λόγος.</span> <span class='ocrx_word' id='word_1_96' title='bbox 661 1398 683 1431; x_wconf 76' lang='grc' dir='ltr'><strong>ι</strong></span> <span class='ocrx_word' id='word_1_97' title='bbox 734 1379 1053 1452; x_wconf 80' lang='grc' dir='ltr'>Συνοπτικῷ</span> <span class='ocrx_word' id='word_1_98' title='bbox 1078 1380 1186 1451; x_wconf 87' lang='grc' dir='ltr'><strong>γὰρ</strong></span> <span class='ocrx_word' id='word_1_99' title='bbox 1209 1380 1367 1451; x_wconf 84' lang='grc' dir='ltr'><strong>τύπῳ</strong></span> <span class='ocrx_word' id='word_1_100' title='bbox 1400 1381 1604 1452; x_wconf 84' lang='grc' dir='ltr'>χαίρων</span> <span class='ocrx_word' id='word_1_101' title='bbox 1622 1384 1650 1436; x_wconf 87' lang='grc' dir='ltr'>ὁ</span> <span class='ocrx_word' id='word_1_102' title='bbox 1677 1382 1820 1453; x_wconf 71' lang='grc' dir='ltr'>ἱερὸς</span> 
     </span>
    </p>
   </div>
   <div class='ocr_carea' id='block_1_16' title="bbox 212 1469 1819 1545">
    <p class='ocr_par' dir='ltr' id='par_1_16' title="bbox 212 1469 1819 1545">
     <span class='ocr_line' id='line_1_16' title="bbox 212 1469 1819 1545; baseline 0.003 -24"><span class='ocrx_word' id='word_1_103' title='bbox 212 1469 433 1535; x_wconf 75' lang='grc' dir='ltr'>ἐκεῖνος</span> <span class='ocrx_word' id='word_1_104' title='bbox 460 1470 763 1543; x_wconf 79' lang='grc' dir='ltr'>ἄνθρωπος,</span> <span class='ocrx_word' id='word_1_105' title='bbox 798 1474 892 1525; x_wconf 77' lang='grc' dir='ltr'>καὶ</span> <span class='ocrx_word' id='word_1_106' title='bbox 917 1472 1150 1545; x_wconf 81' lang='grc' dir='ltr'><strong>βραχείᾳ</strong></span> <span class='ocrx_word' id='word_1_107' title='bbox 1179 1473 1443 1544; x_wconf 78' lang='grc' dir='ltr'><strong>ῥημάτων</strong></span> <span class='ocrx_word' id='word_1_108' title='bbox 1474 1473 1648 1544; x_wconf 79' lang='grc' dir='ltr'>πλοκῇ</span> <span class='ocrx_word' id='word_1_109' title='bbox 1689 1474 1819 1527; x_wconf 86' lang='grc' dir='ltr'>πολ-</span> 
     </span>
    </p>
   </div>
   <div class='ocr_carea' id='block_1_17' title="bbox 210 1562 1816 1637">
    <p class='ocr_par' dir='ltr' id='par_1_17' title="bbox 210 1562 1816 1637">
     <span class='ocr_line' id='line_1_17' title="bbox 210 1562 1816 1637; baseline 0.003 -23"><span class='ocrx_word' id='word_1_110' title='bbox 210 1562 329 1616; x_wconf 81' lang='grc' dir='ltr'>λῶν</span> <span class='ocrx_word' id='word_1_111' title='bbox 351 1565 638 1636; x_wconf 78' lang='grc' dir='ltr'><strong>νοημάτων</strong></span> <span class='ocrx_word' id='word_1_112' title='bbox 659 1566 1024 1636; x_wconf 78' lang='grc' dir='ltr'><strong>ἀπαγγέλλειν</strong></span> <span class='ocrx_word' id='word_1_113' title='bbox 1049 1567 1335 1637; x_wconf 84' lang='grc' dir='ltr'>περιοχὴν,</span> <span class='ocrx_word' id='word_1_114' title='bbox 1359 1566 1559 1637; x_wconf 80' lang='grc' dir='ltr'>μικροῦ</span> <span class='ocrx_word' id='word_1_115' title='bbox 1578 1566 1704 1630; x_wconf 85' lang='grc' dir='ltr'>τοὺς</span> <span class='ocrx_word' id='word_1_116' title='bbox 1726 1566 1816 1619; x_wconf 69' lang='grc' dir='ltr'>λό-</span> 
     </span>
    </p>
   </div>
   <div class='ocr_carea' id='block_1_18' title="bbox 210 1658 1814 1729">
    <p class='ocr_par' dir='ltr' id='par_1_18' title="bbox 210 1658 1814 1729">
     <span class='ocr_line' id='line_1_18' title="bbox 210 1658 1814 1729; baseline 0.002 -19"><span class='ocrx_word' id='word_1_117' title='bbox 210 1671 355 1725; x_wconf 88' lang='grc' dir='ltr'>γους</span> <span class='ocrx_word' id='word_1_118' title='bbox 382 1658 547 1712; x_wconf 86' lang='grc' dir='ltr'>αὑτοῦ</span> <span class='ocrx_word' id='word_1_119' title='bbox 571 1659 712 1712; x_wconf 84' lang='grc' dir='ltr'>κατὰ</span> <span class='ocrx_word' id='word_1_120' title='bbox 733 1660 832 1729; x_wconf 77' lang='grc' dir='ltr'><strong>τὴν</strong></span> <span class='ocrx_word' id='word_1_121' title='bbox 858 1659 1002 1713; x_wconf 82' lang='grc' dir='ltr'>ἰδέαν</span> <span class='ocrx_word' id='word_1_122' title='bbox 1026 1661 1232 1729; x_wconf 83' lang='grc' dir='ltr'>ταύτην</span> <span class='ocrx_word' id='word_1_123' title='bbox 1248 1658 1814 1713; x_wconf 80' lang='grc' dir='ltr'>συνδιαποικίλλεσθαι</span> 
     </span>
    </p>
   </div>
   <div class='ocr_carea' id='block_1_19' title="bbox 1932 468 3522 558">
    <p class='ocr_par' dir='ltr' id='par_1_19' title="bbox 1932 468 3522 558">
     <span class='ocr_line' id='line_1_19' title="bbox 1932 468 3522 558; baseline 0.017 -36"><span class='ocrx_word' id='word_1_124' title='bbox 1932 468 2078 525; x_wconf 88' lang='lat' dir='ltr'><strong>enim</strong></span> <span class='ocrx_word' id='word_1_125' title='bbox 2111 471 2165 526; x_wconf 93' lang='lat' dir='ltr'><strong>in</strong></span> <span class='ocrx_word' id='word_1_126' title='bbox 2199 473 2319 529; x_wconf 91' lang='lat' dir='ltr'><strong>solo</strong></span> <span class='ocrx_word' id='word_1_127' title='bbox 2358 475 2466 531; x_wconf 92' lang='lat' dir='ltr'><strong>Deo</strong></span> <span class='ocrx_word' id='word_1_128' title='bbox 2491 477 2915 551; x_wconf 87' lang='lat' dir='ltr'><strong>perspiciuntur,</strong></span> <span class='ocrx_word' id='word_1_129' title='bbox 2939 483 3030 539; x_wconf 88' lang='lat' dir='ltr'><strong>Dei</strong></span> <span class='ocrx_word' id='word_1_130' title='bbox 3060 486 3247 556; x_wconf 92' lang='lat' dir='ltr'><strong>utique</strong></span> <span class='ocrx_word' id='word_1_131' title='bbox 3279 500 3522 558; x_wconf 81' lang='lat' dir='ltr'><strong>sunt;et</strong></span> 
     </span>
    </p>
   </div>
   <div class='ocr_carea' id='block_1_20' title="bbox 1932 562 3519 641">
    <p class='ocr_par' dir='ltr' id='par_1_20' title="bbox 1932 562 3519 641">
     <span class='ocr_line' id='line_1_20' title="bbox 1932 562 3519 641; baseline 0.016 -25"><span class='ocrx_word' id='word_1_132' title='bbox 1932 562 2026 629; x_wconf 91' lang='lat' dir='ltr'><strong>qui</strong></span> <span class='ocrx_word' id='word_1_133' title='bbox 2048 567 2350 622; x_wconf 88' lang='lat' dir='ltr'><strong>secundum</strong></span> <span class='ocrx_word' id='word_1_134' title='bbox 2383 584 2446 624; x_wconf 92' lang='lat' dir='ltr'><strong>ea</strong></span> <span class='ocrx_word' id='word_1_135' title='bbox 2480 569 2656 627; x_wconf 84' lang='lat' dir='ltr'><strong>factus</strong></span> <span class='ocrx_word' id='word_1_136' title='bbox 2683 581 2788 639; x_wconf 86' lang='lat' dir='ltr'><strong>est,</strong></span> <span class='ocrx_word' id='word_1_137' title='bbox 2821 578 3124 633; x_wconf 88' lang='lat' dir='ltr'><strong>secundum</strong></span> <span class='ocrx_word' id='word_1_138' title='bbox 3143 580 3311 635; x_wconf 75' lang='lat' dir='ltr'><strong>Deum</strong></span> <span class='ocrx_word' id='word_1_139' title='bbox 3342 582 3519 641; x_wconf 80' lang='lat' dir='ltr'><strong>factus</strong></span> 
     </span>
    </p>
   </div>
   <div class='ocr_carea' id='block_1_21' title="bbox 1930 656 3521 744">
    <p class='ocr_par' dir='ltr' id='par_1_21' title="bbox 1930 656 3521 744">
     <span class='ocr_line' id='line_1_21' title="bbox 1930 656 3521 744; baseline 0.016 -36"><span class='ocrx_word' id='word_1_140' title='bbox 1930 671 2042 709; x_wconf 89' lang='lat' dir='ltr'><strong>non</strong></span> <span class='ocrx_word' id='word_1_141' title='bbox 2099 656 2373 731; x_wconf 77' lang='lat' dir='ltr'><strong>immerito</strong></span> <span class='ocrx_word' id='word_1_142' title='bbox 2424 662 2721 721; x_wconf 79' lang='lat' dir='ltr'><strong>diceretur.</strong></span> <span class='ocrx_word' id='word_1_143' title='bbox 2781 667 2983 724; x_wconf 90' lang='lat' dir='ltr'><strong>Eodem</strong></span> <span class='ocrx_word' id='word_1_144' title='bbox 3024 682 3207 727; x_wconf 90' lang='lat' dir='ltr'><strong>autem</strong></span> <span class='ocrx_word' id='word_1_145' title='bbox 3265 685 3426 744; x_wconf 85' lang='lat' dir='ltr'><strong>pacto</strong></span> <span class='ocrx_word' id='word_1_146' title='bbox 3472 679 3521 733; x_wconf 87' lang='lat' dir='ltr'><strong>si</strong></span> 
     </span>
    </p>
   </div>
   <div class='ocr_carea' id='block_1_22' title="bbox 1931 745 3521 837">
    <p class='ocr_par' dir='ltr' id='par_1_22' title="bbox 1931 745 3521 837">
     <span class='ocr_line' id='line_1_22' title="bbox 1931 745 3521 837; baseline 0.016 -38"><span class='ocrx_word' id='word_1_147' title='bbox 1931 745 2050 803; x_wconf 74' lang='lat' dir='ltr'><strong>haec</strong></span> <span class='ocrx_word' id='word_1_148' title='bbox 2089 752 2143 803; x_wconf 92' lang='lat' dir='ltr'><strong>iu</strong></span> <span class='ocrx_word' id='word_1_149' title='bbox 2179 751 2400 808; x_wconf 89' lang='lat' dir='ltr'><strong>homine</strong></span> <span class='ocrx_word' id='word_1_150' title='bbox 2429 772 2548 810; x_wconf 89' lang='lat' dir='ltr'><strong>eam</strong></span> <span class='ocrx_word' id='word_1_151' title='bbox 2606 758 2701 813; x_wconf 88' lang='lat' dir='ltr'><strong>Dei</strong></span> <span class='ocrx_word' id='word_1_152' title='bbox 2749 762 3167 819; x_wconf 73' lang='lat' dir='ltr'><strong>similitudinem</strong></span> <span class='ocrx_word' id='word_1_153' title='bbox 3214 769 3521 837; x_wconf 81' lang='lat' dir='ltr'><strong>producere</strong></span> 
     </span>
    </p>
   </div>
   <div class='ocr_carea' id='block_1_23' title="bbox 1929 848 3518 920">
    <p class='ocr_par' dir='ltr' id='par_1_23' title="bbox 1929 848 3518 920">
     <span class='ocr_line' id='line_1_23' title="bbox 1929 848 3518 920; baseline 0.017 -30"><span class='ocrx_word' id='word_1_154' title='bbox 1929 848 2248 909; x_wconf 87' lang='lat' dir='ltr'><strong>potuerunt,</strong></span> <span class='ocrx_word' id='word_1_155' title='bbox 2301 860 2467 914; x_wconf 88' lang='lat' dir='ltr'><strong>quam</strong></span> <span class='ocrx_word' id='word_1_156' title='bbox 2522 849 2749 917; x_wconf 79' lang='lat' dir='ltr'><strong>spiritus</strong></span> <span class='ocrx_word' id='word_1_157' title='bbox 2806 858 3070 920; x_wconf 85' lang='lat' dir='ltr'><strong>materia,</strong></span> <span class='ocrx_word' id='word_1_158' title='bbox 3124 866 3179 912; x_wconf 90' lang='lat' dir='ltr'><strong>et</strong></span> <span class='ocrx_word' id='word_1_159' title='bbox 3230 859 3518 917; x_wconf 79' lang='lat' dir='ltr'><strong>Creatoris</strong></span> 
     </span>
    </p>
   </div>
   <div class='ocr_carea' id='block_1_24' title="bbox 1929 934 3515 1024">
    <p class='ocr_par' dir='ltr' id='par_1_24' title="bbox 1929 934 3515 1024">
     <span class='ocr_line' id='line_1_24' title="bbox 1929 934 3515 1024; baseline 0.017 -42"><span class='ocrx_word' id='word_1_160' title='bbox 1929 940 2180 987; x_wconf 83' lang='lat' dir='ltr'><strong>creatura</strong></span> <span class='ocrx_word' id='word_1_161' title='bbox 2214 934 2417 991; x_wconf 88' lang='lat' dir='ltr'><strong>habere</strong></span> <span class='ocrx_word' id='word_1_162' title='bbox 2449 947 2628 1007; x_wconf 86' lang='lat' dir='ltr'><strong>potest</strong></span> <span class='ocrx_word' id='word_1_163' title='bbox 2657 942 2798 1009; x_wconf 66' lang='lat' dir='ltr'><strong>(limo</strong></span> <span class='ocrx_word' id='word_1_164' title='bbox 2828 955 3009 1001; x_wconf 81' lang='lat' dir='ltr'><strong>autent</strong></span> <span class='ocrx_word' id='word_1_165' title='bbox 3050 965 3115 1003; x_wconf 82' lang='lat' dir='ltr'><strong>ex</strong></span> <span class='ocrx_word' id='word_1_166' title='bbox 3169 949 3264 1006; x_wconf 92' lang='lat' dir='ltr'><strong>Dei</strong></span> <span class='ocrx_word' id='word_1_167' title='bbox 3315 956 3515 1024; x_wconf 87' lang='lat' dir='ltr'><strong>gratia,</strong></span> 
     </span>
    </p>
   </div>
   <div class='ocr_carea' id='block_1_25' title="bbox 1928 1020 3518 1113">
    <p class='ocr_par' dir='ltr' id='par_1_25' title="bbox 1928 1020 3518 1113">
     <span class='ocr_line' id='line_1_25' title="bbox 1928 1020 3518 1113; baseline 0.016 -36"><span class='ocrx_word' id='word_1_168' title='bbox 1928 1020 2306 1098; x_wconf 87' lang='lat' dir='ltr'><strong>beneﬁcioque</strong></span> <span class='ocrx_word' id='word_1_169' title='bbox 2329 1029 2537 1085; x_wconf 88' lang='lat' dir='ltr'><strong>homini</strong></span> <span class='ocrx_word' id='word_1_170' title='bbox 2563 1033 2761 1089; x_wconf 90' lang='lat' dir='ltr'><strong>collato</strong></span> <span class='ocrx_word' id='word_1_171' title='bbox 2798 1037 2937 1093; x_wconf 80' lang='lat' dir='ltr'><strong>facta</strong></span> <span class='ocrx_word' id='word_1_172' title='bbox 2989 1041 3161 1110; x_wconf 90' lang='lat' dir='ltr'><strong>sunt),</strong></span> <span class='ocrx_word' id='word_1_173' title='bbox 3192 1020 3518 1113; x_wconf 28' lang='lat' dir='ltr'><strong>iureinterﬁ-</strong></span> 
     </span>
    </p>
   </div>
   <div class='ocr_carea' id='block_1_26' title="bbox 1927 1118 3159 1192">
    <p class='ocr_par' dir='ltr' id='par_1_26' title="bbox 1927 1118 3159 1192">
     <span class='ocr_line' id='line_1_26' title="bbox 1927 1118 3159 1192; baseline 0.017 -23"><span class='ocrx_word' id='word_1_174' title='bbox 1927 1122 2094 1186; x_wconf 89' lang='lat' dir='ltr'><strong>toque</strong></span> <span class='ocrx_word' id='word_1_175' title='bbox 2129 1118 2296 1174; x_wconf 83' lang='lat' dir='ltr'><strong>homo</strong></span> <span class='ocrx_word' id='word_1_176' title='bbox 2330 1121 2508 1192; x_wconf 92' lang='lat' dir='ltr'><strong>imago</strong></span> <span class='ocrx_word' id='word_1_177' title='bbox 2541 1123 2630 1181; x_wconf 87' lang='lat' dir='ltr'><strong>Dei</strong></span> <span class='ocrx_word' id='word_1_178' title='bbox 2659 1126 2834 1183; x_wconf 76' lang='lat' dir='ltr'><strong>factus</strong></span> <span class='ocrx_word' id='word_1_179' title='bbox 2862 1131 3159 1190; x_wconf 88' lang='lat' dir='ltr'><strong>diceretur.</strong></span> 
     </span>
    </p>
   </div>
   <div class='ocr_carea' id='block_1_27' title="bbox 2006 1206 3516 1301">
    <p class='ocr_par' dir='ltr' id='par_1_27' title="bbox 2006 1206 3516 1301">
     <span class='ocr_line' id='line_1_27' title="bbox 2006 1206 3516 1301; baseline 0.018 -41"><span class='ocrx_word' id='word_1_180' title='bbox 2006 1206 2373 1274; x_wconf 86' lang='lat' dir='ltr'><strong>Quamobrem</strong></span> <span class='ocrx_word' id='word_1_181' title='bbox 2397 1223 2451 1269; x_wconf 92' lang='lat' dir='ltr'><strong>et</strong></span> <span class='ocrx_word' id='word_1_182' title='bbox 2478 1213 2543 1269; x_wconf 86' lang='grc' dir='ltr'><strong>Ι).</strong></span> <span class='ocrx_word' id='word_1_183' title='bbox 2572 1216 2868 1289; x_wconf 81' lang='lat' dir='ltr'><strong>Gregorius</strong></span> <span class='ocrx_word' id='word_1_184' title='bbox 2899 1223 3078 1295; x_wconf 92' lang='lat' dir='ltr'><strong>inquit</strong></span> <span class='ocrx_word' id='word_1_185' title='bbox 3108 1243 3163 1279; x_wconf 74' lang='grc' dir='ltr'>τι</span> <span class='ocrx_word' id='word_1_186' title='bbox 3201 1227 3278 1283; x_wconf 80' lang='lat' dir='ltr'><strong>Ex</strong></span> <span class='ocrx_word' id='word_1_187' title='bbox 3314 1245 3374 1285; x_wconf 87' lang='lat' dir='ltr'><strong>se</strong></span> <span class='ocrx_word' id='word_1_188' title='bbox 3402 1231 3516 1301; x_wconf 90' lang='lat' dir='ltr'><strong>ipse</strong></span> 
     </span>
    </p>
   </div>
   <div class='ocr_carea' id='block_1_28' title="bbox 1925 1298 3515 1391">
    <p class='ocr_par' dir='ltr' id='par_1_28' title="bbox 1925 1298 3515 1391">
     <span class='ocr_line' id='line_1_28' title="bbox 1925 1298 3515 1391; baseline 0.018 -40"><span class='ocrx_word' id='word_1_189' title='bbox 1925 1298 2119 1370; x_wconf 81' lang='lat' dir='ltr'><strong>(Deus)</strong></span> <span class='ocrx_word' id='word_1_190' title='bbox 2152 1303 2488 1372; x_wconf 75' lang='lat' dir='ltr'><strong>spiraculum</strong></span> <span class='ocrx_word' id='word_1_191' title='bbox 2550 1307 2744 1365; x_wconf 90' lang='lat' dir='ltr'><strong>indidit</strong></span> <span class='ocrx_word' id='word_1_192' title='bbox 2782 1329 2796 1366; x_wconf 73' lang='grc' dir='ltr'>ε</span> <span class='ocrx_word' id='word_1_193' title='bbox 2843 1329 2949 1384; x_wconf 91' lang='lat' dir='ltr'><strong>qua</strong></span> <span class='ocrx_word' id='word_1_194' title='bbox 2992 1318 3208 1386; x_wconf 89' lang='lat' dir='ltr'><strong>quidem</strong></span> <span class='ocrx_word' id='word_1_195' title='bbox 3255 1298 3515 1391; x_wconf 79' lang='lat' dir='ltr'><strong>loquendi</strong></span> 
     </span>
    </p>
   </div>
   <div class='ocr_carea' id='block_1_29' title="bbox 1925 1391 3514 1481">
    <p class='ocr_par' dir='ltr' id='par_1_29' title="bbox 1925 1391 3514 1481">
     <span class='ocr_line' id='line_1_29' title="bbox 1925 1391 3514 1481; baseline 0.017 -38"><span class='ocrx_word' id='word_1_196' title='bbox 1925 1391 2135 1446; x_wconf 83' lang='lat' dir='ltr'><strong>ratione</strong></span> <span class='ocrx_word' id='word_1_197' title='bbox 2197 1395 2435 1450; x_wconf 88' lang='lat' dir='ltr'><strong>animam</strong></span> <span class='ocrx_word' id='word_1_198' title='bbox 2493 1398 2906 1472; x_wconf 82' lang='lat' dir='ltr'><strong>intelligentcm,</strong></span> <span class='ocrx_word' id='word_1_199' title='bbox 2961 1416 3014 1460; x_wconf 89' lang='lat' dir='ltr'><strong>et</strong></span> <span class='ocrx_word' id='word_1_200' title='bbox 3070 1408 3364 1481; x_wconf 76' lang='lat' dir='ltr'><strong>imaginem</strong></span> <span class='ocrx_word' id='word_1_201' title='bbox 3421 1415 3514 1470; x_wconf 91' lang='lat' dir='ltr'><strong>D&#39;ei</strong></span> 
     </span>
    </p>
   </div>
   <div class='ocr_carea' id='block_1_30' title="bbox 1924 1479 3515 1563">
    <p class='ocr_par' dir='ltr' id='par_1_30' title="bbox 1924 1479 3515 1563">
     <span class='ocr_line' id='line_1_30' title="bbox 1924 1479 3515 1563; baseline 0.019 -29"><span class='ocrx_word' id='word_1_202' title='bbox 1924 1479 2206 1551; x_wconf 83' lang='lat' dir='ltr'><strong>Scriptura</strong></span> <span class='ocrx_word' id='word_1_203' title='bbox 2252 1486 2523 1558; x_wconf 87' lang='lat' dir='ltr'><strong>signiﬁcat</strong></span> <span class='ocrx_word' id='word_1_204' title='bbox 2582 1492 2716 1561; x_wconf 90' lang='lat'><strong>(91).</strong></span> <span class='ocrx_word' id='word_1_205' title='bbox 2749 1514 2767 1547; x_wconf 75' lang='grc' dir='ltr'><strong>ι</strong></span> <span class='ocrx_word' id='word_1_206' title='bbox 2806 1495 2944 1553; x_wconf 86' lang='lat' dir='ltr'><strong>Cum</strong></span> <span class='ocrx_word' id='word_1_207' title='bbox 2985 1502 3128 1557; x_wconf 90' lang='lat' dir='ltr'><strong>enim</strong></span> <span class='ocrx_word' id='word_1_208' title='bbox 3176 1479 3396 1561; x_wconf 70' lang='lat' dir='ltr'><strong>concisa</strong></span> <span class='ocrx_word' id='word_1_209' title='bbox 3433 1510 3515 1563; x_wconf 90' lang='lat' dir='ltr'><strong>lo-</strong></span> 
     </span>
    </p>
   </div>
   <div class='ocr_carea' id='block_1_31' title="bbox 1921 1576 3517 1655">
    <p class='ocr_par' dir='ltr' id='par_1_31' title="bbox 1921 1576 3517 1655">
     <span class='ocr_line' id='line_1_31' title="bbox 1921 1576 3517 1655; baseline 0.018 -28"><span class='ocrx_word' id='word_1_210' title='bbox 1921 1576 2159 1643; x_wconf 88' lang='lat' dir='ltr'><strong>cutione,</strong></span> <span class='ocrx_word' id='word_1_211' title='bbox 2190 1587 2245 1631; x_wconf 90' lang='lat' dir='ltr'><strong>et</strong></span> <span class='ocrx_word' id='word_1_212' title='bbox 2294 1580 2442 1636; x_wconf 84' lang='lat' dir='ltr'><strong>brevi</strong></span> <span class='ocrx_word' id='word_1_213' title='bbox 2493 1585 2780 1641; x_wconf 84' lang='lat' dir='ltr'><strong>verborum</strong></span> <span class='ocrx_word' id='word_1_214' title='bbox 2836 1592 3040 1646; x_wconf 87' lang='lat' dir='ltr'><strong>ambitu</strong></span> <span class='ocrx_word' id='word_1_215' title='bbox 3098 1611 3255 1651; x_wconf 88' lang='lat' dir='ltr'><strong>sacer</strong></span> <span class='ocrx_word' id='word_1_216' title='bbox 3295 1598 3385 1653; x_wconf 87' lang='lat' dir='ltr'><strong>ille</strong></span> <span class='ocrx_word' id='word_1_217' title='bbox 3434 1602 3517 1655; x_wconf 90' lang='lat' dir='ltr'><strong>vir</strong></span> 
     </span>
    </p>
   </div>
   <div class='ocr_carea' id='block_1_32' title="bbox 1923 1670 3516 1762">
    <p class='ocr_par' dir='ltr' id='par_1_32' title="bbox 1923 1670 3516 1762">
     <span class='ocr_line' id='line_1_32' title="bbox 1923 1670 3516 1762; baseline 0.018 -41"><span class='ocrx_word' id='word_1_218' title='bbox 1923 1670 2124 1724; x_wconf 81' lang='lat' dir='ltr'><strong>multas</strong></span> <span class='ocrx_word' id='word_1_219' title='bbox 2169 1672 2336 1729; x_wconf 89' lang='lat' dir='ltr'><strong>simul</strong></span> <span class='ocrx_word' id='word_1_220' title='bbox 2382 1677 2687 1734; x_wconf 89' lang='lat' dir='ltr'><strong>sententias</strong></span> <span class='ocrx_word' id='word_1_221' title='bbox 2729 1682 2975 1751; x_wconf 85' lang='lat' dir='ltr'><strong>proferre</strong></span> <span class='ocrx_word' id='word_1_222' title='bbox 3025 1698 3191 1754; x_wconf 90' lang='lat' dir='ltr'><strong>amet,</strong></span> <span class='ocrx_word' id='word_1_223' title='bbox 3230 1706 3516 1762; x_wconf 85' lang='lat' dir='ltr'><strong>propemo-</strong></span> 
     </span>
    </p>
   </div>
   <div class='ocr_carea' id='block_1_33' title="bbox 210 1728 1814 1840">
    <p class='ocr_par' dir='ltr' id='par_1_33' title="bbox 210 1728 1814 1824">
     <span class='ocr_line' id='line_1_33' title="bbox 210 1728 1814 1824; baseline 0.003 -22"><span class='ocrx_word' id='word_1_224' title='bbox 210 1752 386 1807; x_wconf 80' lang='grc' dir='ltr'>ποιεῖ.</span> <span class='ocrx_word' id='word_1_225' title='bbox 413 1750 504 1804; x_wconf 76' lang='grc' dir='ltr'>Διὸ</span> <span class='ocrx_word' id='word_1_226' title='bbox 528 1728 834 1816; x_wconf 85' lang='grc' dir='ltr'>κάνταῦθα,</span> <span class='ocrx_word' id='word_1_227' title='bbox 873 1770 891 1803; x_wconf 75' lang='grc' dir='ltr'><strong>ι</strong></span> <span class='ocrx_word' id='word_1_228' title='bbox 919 1752 1116 1821; x_wconf 75' lang='grc' dir='ltr'>Πνοην,</span> <span class='ocrx_word' id='word_1_229' title='bbox 1149 1728 1344 1817; x_wconf 86' lang='grc' dir='ltr'>εἰπὼν,</span> <span class='ocrx_word' id='word_1_230' title='bbox 1379 1750 1555 1815; x_wconf 75' lang='grc' dir='ltr'>ἐνθεὶς</span> <span class='ocrx_word' id='word_1_231' title='bbox 1578 1771 1596 1803; x_wconf 73' lang='grc' dir='ltr'><strong>ι</strong></span> <span class='ocrx_word' id='word_1_232' title='bbox 1630 1752 1677 1823; x_wconf 87' lang='grc' dir='ltr'><strong>(ὃ</strong></span> <span class='ocrx_word' id='word_1_233' title='bbox 1716 1752 1814 1824; x_wconf 83' lang='grc' dir='ltr'>τὴν</span> 
     </span>
    </p>
   </div>
   <div class='ocr_carea' id='block_1_34' title="bbox 1926 1728 3516 1840">
    <p class='ocr_par' dir='ltr' id='par_1_34' title="bbox 1926 1728 3516 1840">
     <span class='ocr_line' id='line_1_34' title="bbox 2390 1728 3516 1762; baseline 0.018 -34"><span class='ocrx_word' id='word_1_234' title='bbox 2730 1728 2975 1751; x_wconf 69' lang='lat'><strong>,--..,....</strong></span> <span class='ocrx_word' id='word_1_235' title='bbox 3025 1728 3191 1754; x_wconf 79' lang='lat'><strong>........,</strong></span> <span class='ocrx_word' id='word_1_236' title='bbox 3230 1728 3516 1762; x_wconf 69' lang='grc' dir='ltr'><strong>,ηυνυηιυ-</strong></span> 
     </span>
     <span class='ocr_line' id='line_1_35' title="bbox 1926 1758 3516 1840; baseline 0.016 -28"><span class='ocrx_word' id='word_1_237' title='bbox 1926 1758 2051 1813; x_wconf 91' lang='lat' dir='ltr'><strong>dum</strong></span> <span class='ocrx_word' id='word_1_238' title='bbox 2083 1775 2366 1819; x_wconf 84' lang='lat' dir='ltr'><strong>sermones</strong></span> <span class='ocrx_word' id='word_1_239' title='bbox 2400 1782 2531 1822; x_wconf 81' lang='lat' dir='ltr'><strong>suos</strong></span> <span class='ocrx_word' id='word_1_240' title='bbox 2563 1769 2648 1824; x_wconf 91' lang='lat' dir='ltr'><strong>his</strong></span> <span class='ocrx_word' id='word_1_241' title='bbox 2693 1771 2952 1831; x_wconf 83' lang='lat' dir='ltr'><strong>dictionis</strong></span> <span class='ocrx_word' id='word_1_242' title='bbox 2996 1778 3275 1836; x_wconf 87' lang='lat' dir='ltr'><strong>coloribus</strong></span> <span class='ocrx_word' id='word_1_243' title='bbox 3336 1786 3516 1840; x_wconf 84' lang='lat' dir='ltr'><strong>reddit</strong></span> 
     </span>
    </p>
   </div>
   <div class='ocr_carea' id='block_1_35' title="bbox 203 1839 1814 1941">
    <p class='ocr_par' dir='ltr' id='par_1_35' title="bbox 203 1839 1814 1914">
     <span class='ocr_line' id='line_1_36' title="bbox 203 1839 1814 1914; baseline 0.001 -20"><span class='ocrx_word' id='word_1_244' title='bbox 203 1839 621 1913; x_wconf 79' lang='grc' dir='ltr'><strong>δημιουργικὴν</strong></span> <span class='ocrx_word' id='word_1_245' title='bbox 646 1844 801 1914; x_wconf 80' lang='grc' dir='ltr'>ἰσχὺν</span> <span class='ocrx_word' id='word_1_246' title='bbox 824 1843 1009 1913; x_wconf 77' lang='grc' dir='ltr'>ἐπεῖχε</span> <span class='ocrx_word' id='word_1_247' title='bbox 1042 1843 1145 1914; x_wconf 83' lang='grc' dir='ltr'>τῆς</span> <span class='ocrx_word' id='word_1_248' title='bbox 1170 1842 1395 1913; x_wconf 79' lang='grc' dir='ltr'>ψυχῆς),</span> <span class='ocrx_word' id='word_1_249' title='bbox 1414 1842 1537 1896; x_wconf 73' lang='grc' dir='ltr'>ἀντὶ</span> <span class='ocrx_word' id='word_1_250' title='bbox 1558 1842 1654 1896; x_wconf 89' lang='grc' dir='ltr'><strong>τοῦ</strong></span> <span class='ocrx_word' id='word_1_251' title='bbox 1680 1844 1780 1896; x_wconf 78' lang='grc' dir='ltr'><strong>ταῦ</strong></span> <span class='ocrx_word' id='word_1_252' title='bbox 1794 1875 1814 1884; x_wconf 88' lang='grc'><strong><em>-</em></strong></span> 
     </span>
    </p>
   </div>
   <div class='ocr_carea' id='block_1_36' title="bbox 1926 1839 3515 1941">
    <p class='ocr_par' dir='ltr' id='par_1_36' title="bbox 1926 1848 3515 1941">
     <span class='ocr_line' id='line_1_37' title="bbox 1926 1848 3515 1941; baseline 0.016 -40"><span class='ocrx_word' id='word_1_253' title='bbox 1926 1848 2250 1919; x_wconf 84' lang='lat' dir='ltr'><strong>variegatos.</strong></span> <span class='ocrx_word' id='word_1_254' title='bbox 2280 1850 2461 1919; x_wconf 82' lang='lat' dir='ltr'><strong>Quare</strong></span> <span class='ocrx_word' id='word_1_255' title='bbox 2493 1856 2579 1911; x_wconf 87' lang='lat' dir='ltr'><strong>hic</strong></span> <span class='ocrx_word' id='word_1_256' title='bbox 2603 1873 2844 1931; x_wconf 86' lang='lat' dir='ltr'><strong>quoque,</strong></span> <span class='ocrx_word' id='word_1_257' title='bbox 2879 1864 3031 1928; x_wconf 91' lang='lat' dir='ltr'><strong>dum,</strong></span> <span class='ocrx_word' id='word_1_258' title='bbox 3060 1867 3236 1936; x_wconf 87' lang='lat' dir='ltr'><strong>inquit</strong></span> <span class='ocrx_word' id='word_1_259' title='bbox 3284 1888 3305 1922; x_wconf 79' lang='grc' dir='ltr'><strong>ι</strong></span> <span class='ocrx_word' id='word_1_260' title='bbox 3337 1871 3515 1941; x_wconf 87' lang='lat' dir='ltr'><strong>spira-</strong></span> 
     </span>
    </p>
   </div>
   <div class='ocr_carea' id='block_1_37' title="bbox 204 1935 1814 2025">
    <p class='ocr_par' dir='ltr' id='par_1_37' title="bbox 204 1935 1811 2008">
     <span class='ocr_line' id='line_1_38' title="bbox 204 1935 1811 2008; baseline 0.002 -22"><span class='ocrx_word' id='word_1_261' title='bbox 204 1948 316 2005; x_wconf 74' lang='grc' dir='ltr'><strong>¹ιςην</strong></span> <span class='ocrx_word' id='word_1_262' title='bbox 341 1936 407 2006; x_wconf 76' lang='grc' dir='ltr'><strong>τῇ</strong></span> <span class='ocrx_word' id='word_1_263' title='bbox 459 1935 729 2007; x_wconf 73' lang='grc' dir='ltr'>ἑρμηνεία</span> <span class='ocrx_word' id='word_1_264' title='bbox 752 1936 853 2008; x_wconf 75' lang='grc' dir='ltr'>τὴν</span> <span class='ocrx_word' id='word_1_265' title='bbox 873 1937 1160 1992; x_wconf 83' lang='grc' dir='ltr'>διάστασιν</span> <span class='ocrx_word' id='word_1_266' title='bbox 1188 1935 1530 2001; x_wconf 73' lang='grc' dir='ltr'>ἑξαπλῶσαι,</span> <span class='ocrx_word' id='word_1_267' title='bbox 1555 1953 1811 1990; x_wconf 83' lang='grc' dir='ltr'>συνοπτι-</span> 
     </span>
    </p>
   </div>
   <div class='ocr_carea' id='block_1_38' title="bbox 1926 1935 3515 2025">
    <p class='ocr_par' dir='ltr' id='par_1_38' title="bbox 1926 1935 3515 2025">
     <span class='ocr_line' id='line_1_39' title="bbox 1926 1935 3515 2025; baseline 0.015 -30"><span class='ocrx_word' id='word_1_268' title='bbox 1926 1941 2106 1996; x_wconf 90' lang='lat' dir='ltr'><strong>culum</strong></span> <span class='ocrx_word' id='word_1_269' title='bbox 2143 1943 2340 2000; x_wconf 84' lang='lat' dir='ltr'><strong>indidit</strong></span> <span class='ocrx_word' id='word_1_270' title='bbox 2382 1966 2399 1998; x_wconf 77' lang='grc' dir='ltr'><strong>ι</strong></span> <span class='ocrx_word' id='word_1_271' title='bbox 2428 1948 2594 2017; x_wconf 89' lang='lat' dir='ltr'><strong>(quod</strong></span> <span class='ocrx_word' id='word_1_272' title='bbox 2628 1953 2736 2006; x_wconf 88' lang='lat' dir='ltr'><strong>vim</strong></span> <span class='ocrx_word' id='word_1_273' title='bbox 2791 1935 3153 2025; x_wconf 85' lang='lat' dir='ltr'><strong>operatricem</strong></span> <span class='ocrx_word' id='word_1_274' title='bbox 3194 1935 3395 2017; x_wconf 62' lang='lat' dir='ltr'><strong>animae</strong></span> <span class='ocrx_word' id='word_1_275' title='bbox 3422 1965 3515 2020; x_wconf 82' lang='lat' dir='ltr'><strong>da-</strong></span> 
     </span>
    </p>
   </div>
   <div class='ocr_carea' id='block_1_39' title="bbox 209 2027 1814 2112">
    <p class='ocr_par' dir='ltr' id='par_1_39' title="bbox 209 2027 1814 2100">
     <span class='ocr_line' id='line_1_40' title="bbox 209 2027 1814 2100; baseline 0.001 -19"><span class='ocrx_word' id='word_1_276' title='bbox 209 2027 337 2090; x_wconf 80' lang='grc' dir='ltr'>κῶς</span> <span class='ocrx_word' id='word_1_277' title='bbox 360 2030 682 2099; x_wconf 77' lang='grc' dir='ltr'>ἀπεφήνατο</span> <span class='ocrx_word' id='word_1_278' title='bbox 714 2028 857 2084; x_wconf 86' lang='grc' dir='ltr'>λίαν.</span> <span class='ocrx_word' id='word_1_279' title='bbox 894 2046 914 2082; x_wconf 76' lang='grc' dir='ltr'><strong>ι</strong></span> <span class='ocrx_word' id='word_1_280' title='bbox 940 2030 1004 2082; x_wconf 89' lang='grc' dir='ltr'><strong>Ὃ</strong></span> <span class='ocrx_word' id='word_1_281' title='bbox 1042 2029 1107 2099; x_wconf 85' lang='grc' dir='ltr'>δὴ</span> <span class='ocrx_word' id='word_1_282' title='bbox 1131 2030 1228 2083; x_wconf 78' lang='grc' dir='ltr'>καὶ</span> <span class='ocrx_word' id='word_1_283' title='bbox 1262 2046 1458 2097; x_wconf 89' lang='grc' dir='ltr'>νοεραν</span> <span class='ocrx_word' id='word_1_284' title='bbox 1487 2028 1687 2100; x_wconf 74' lang='grc' dir='ltr'>ψυχὴν,</span> <span class='ocrx_word' id='word_1_285' title='bbox 1722 2030 1814 2082; x_wconf 75' lang='grc' dir='ltr'>καὶ</span> 
     </span>
    </p>
   </div>
   <div class='ocr_carea' id='block_1_40' title="bbox 1926 2027 3517 2112">
    <p class='ocr_par' dir='ltr' id='par_1_40' title="bbox 1926 2036 3517 2112">
     <span class='ocr_line' id='line_1_41' title="bbox 1926 2036 3517 2112; baseline 0.013 -25"><span class='ocrx_word' id='word_1_286' title='bbox 1926 2042 2031 2088; x_wconf 90' lang='lat' dir='ltr'><strong>tam</strong></span> <span class='ocrx_word' id='word_1_287' title='bbox 2058 2036 2283 2109; x_wconf 89' lang='lat' dir='ltr'><strong>innuit),</strong></span> <span class='ocrx_word' id='word_1_288' title='bbox 2308 2041 2484 2097; x_wconf 89' lang='lat' dir='ltr'><strong>noluit</strong></span> <span class='ocrx_word' id='word_1_289' title='bbox 2508 2042 2654 2099; x_wconf 91' lang='lat' dir='ltr'><strong>hunc</strong></span> <span class='ocrx_word' id='word_1_290' title='bbox 2682 2060 2903 2102; x_wconf 90' lang='lat' dir='ltr'><strong>sensum</strong></span> <span class='ocrx_word' id='word_1_291' title='bbox 2932 2049 3187 2107; x_wconf 85' lang='lat' dir='ltr'><strong>distincte</strong></span> <span class='ocrx_word' id='word_1_292' title='bbox 3237 2064 3293 2109; x_wconf 90' lang='lat' dir='ltr'><strong>et</strong></span> <span class='ocrx_word' id='word_1_293' title='bbox 3320 2056 3517 2112; x_wconf 71' lang='lat' dir='ltr'><strong>ditiuse</strong></span> 
     </span>
    </p>
   </div>
   <div class='ocr_carea' id='block_1_41' title="bbox 204 2117 1814 2213">
    <p class='ocr_par' dir='ltr' id='par_1_41' title="bbox 204 2117 1813 2194">
     <span class='ocr_line' id='line_1_42' title="bbox 204 2117 1813 2194; baseline 0.004 -23"><span class='ocrx_word' id='word_1_294' title='bbox 204 2119 400 2174; x_wconf 78' lang='grc' dir='ltr'>εἰκόνα</span> <span class='ocrx_word' id='word_1_295' title='bbox 434 2120 569 2175; x_wconf 82' lang='grc' dir='ltr'><strong>Θεοῦ</strong></span> <span class='ocrx_word' id='word_1_296' title='bbox 590 2117 732 2175; x_wconf 82' lang='grc' dir='ltr'>οἶδεν</span> <span class='ocrx_word' id='word_1_297' title='bbox 756 2122 785 2175; x_wconf 87' lang='grc' dir='ltr'>ὁ</span> <span class='ocrx_word' id='word_1_298' title='bbox 812 2121 989 2191; x_wconf 81' lang='grc' dir='ltr'>λόγος.</span> <span class='ocrx_word' id='word_1_299' title='bbox 1014 2138 1032 2173; x_wconf 76' lang='grc' dir='ltr'><strong>ι</strong></span> <span class='ocrx_word' id='word_1_300' title='bbox 1060 2121 1471 2193; x_wconf 79' lang='grc' dir='ltr'>Διαπλοὺμενος</span> <span class='ocrx_word' id='word_1_301' title='bbox 1493 2121 1538 2174; x_wconf 80' lang='grc' dir='ltr'>δ’</span> <span class='ocrx_word' id='word_1_302' title='bbox 1563 2122 1713 2194; x_wconf 83' lang='grc' dir='ltr'>αὐτῷ</span> <span class='ocrx_word' id='word_1_303' title='bbox 1734 2122 1813 2194; x_wconf 80' lang='grc' dir='ltr'>τῷ</span> 
     </span>
    </p>
   </div>
   <div class='ocr_carea' id='block_1_42' title="bbox 1926 2117 3509 2213">
    <p class='ocr_par' dir='ltr' id='par_1_42' title="bbox 1926 2129 3509 2213">
     <span class='ocr_line' id='line_1_43' title="bbox 1926 2129 3509 2213; baseline 0.017 -31"><span class='ocrx_word' id='word_1_304' title='bbox 1926 2129 2227 2197; x_wconf 85' lang='lat' dir='ltr'><strong>enucleare,</strong></span> <span class='ocrx_word' id='word_1_305' title='bbox 2264 2133 2358 2187; x_wconf 86' lang='lat' dir='ltr'><strong>sed</strong></span> <span class='ocrx_word' id='word_1_306' title='bbox 2397 2136 2590 2203; x_wconf 85' lang='lat' dir='ltr'><strong>paucis</strong></span> <span class='ocrx_word' id='word_1_307' title='bbox 2618 2153 2743 2193; x_wconf 89' lang='lat' dir='ltr'><strong>eum</strong></span> <span class='ocrx_word' id='word_1_308' title='bbox 2774 2141 2909 2197; x_wconf 87' lang='lat' dir='ltr'><strong>satis</strong></span> <span class='ocrx_word' id='word_1_309' title='bbox 2937 2146 3197 2213; x_wconf 85' lang='lat' dir='ltr'><strong>exposuit</strong></span> <span class='ocrx_word' id='word_1_310' title='bbox 3221 2148 3465 2207; x_wconf 84' lang='lat' dir='ltr'><strong>subdens</strong></span> <span class='ocrx_word' id='word_1_311' title='bbox 3495 2171 3509 2208; x_wconf 84' lang='lat'><strong>:</strong></span> 
     </span>
    </p>
   </div>
   <div class='ocr_carea' id='block_1_43' title="bbox 203 2212 1814 2311">
    <p class='ocr_par' dir='ltr' id='par_1_43' title="bbox 203 2212 1810 2311">
     <span class='ocr_line' id='line_1_44' title="bbox 203 2212 1810 2311; baseline 0.001 -44"><span class='ocrx_word' id='word_1_312' title='bbox 203 2215 446 2286; x_wconf 85' lang='grc' dir='ltr'>νοήματι</span> <span class='ocrx_word' id='word_1_313' title='bbox 476 2214 583 2284; x_wconf 81' lang='grc' dir='ltr'>ἔφη</span> <span class='ocrx_word' id='word_1_314' title='bbox 604 2230 619 2246; x_wconf 71' lang='grc'><strong><em>⁸</em></strong></span> <span class='ocrx_word' id='word_1_315' title='bbox 647 2232 667 2266; x_wconf 78' lang='grc' dir='ltr'><strong>ι</strong></span> <span class='ocrx_word' id='word_1_316' title='bbox 683 2215 846 2277; x_wconf 85' lang='grc' dir='ltr'>Ἤτις</span> <span class='ocrx_word' id='word_1_317' title='bbox 867 2213 966 2286; x_wconf 83' lang='grc' dir='ltr'>τὴν</span> <span class='ocrx_word' id='word_1_318' title='bbox 992 2214 1188 2311; x_wconf 72' lang='grc' dir='ltr'>νοερὰν</span> <span class='ocrx_word' id='word_1_319' title='bbox 1210 2212 1810 2311; x_wconf 32' lang='grc' dir='ltr'>ψυχὴν-ἐδημιοόργησέ</span> 
     </span>
    </p>
   </div>
   <div class='ocr_carea' id='block_1_44' title="bbox 1926 2212 3516 2311">
    <p class='ocr_par' dir='ltr' id='par_1_44' title="bbox 1926 2219 3516 2311">
     <span class='ocr_line' id='line_1_45' title="bbox 1926 2219 3516 2311; baseline 0.016 -40"><span class='ocrx_word' id='word_1_320' title='bbox 1926 2237 1942 2270; x_wconf 86' lang='grc' dir='ltr'><strong>ι</strong></span> <span class='ocrx_word' id='word_1_321' title='bbox 1981 2219 2099 2288; x_wconf 85' lang='lat' dir='ltr'><strong>Qua</strong></span> <span class='ocrx_word' id='word_1_322' title='bbox 2135 2223 2354 2292; x_wconf 84' lang='lat' dir='ltr'><strong>quidem</strong></span> <span class='ocrx_word' id='word_1_323' title='bbox 2388 2226 2649 2297; x_wconf 86' lang='lat' dir='ltr'><strong>loquendi</strong></span> <span class='ocrx_word' id='word_1_324' title='bbox 2678 2232 2891 2289; x_wconf 89' lang='lat' dir='ltr'><strong>ratione</strong></span> <span class='ocrx_word' id='word_1_325' title='bbox 2935 2236 3177 2292; x_wconf 85' lang='lat' dir='ltr'><strong>animam</strong></span> <span class='ocrx_word' id='word_1_326' title='bbox 3216 2240 3516 2311; x_wconf 70' lang='lat' dir='ltr'><strong>intelligen-</strong></span> 
     </span>
    </p>
   </div>
   <div class='ocr_carea' id='block_1_45' title="bbox 200 2300 1814 2401">
    <p class='ocr_par' dir='ltr' id='par_1_45' title="bbox 200 2300 1804 2379">
     <span class='ocr_line' id='line_1_46' title="bbox 200 2300 1804 2379; baseline 0.001 -19"><span class='ocrx_word' id='word_1_327' title='bbox 200 2322 292 2373; x_wconf 79' lang='grc' dir='ltr'><strong>τε,</strong></span> <span class='ocrx_word' id='word_1_328' title='bbox 322 2308 419 2360; x_wconf 75' lang='grc' dir='ltr'>καὶ</span> <span class='ocrx_word' id='word_1_329' title='bbox 450 2308 771 2379; x_wconf 69' lang='grc' dir='ltr'>προήγαγεν</span> <span class='ocrx_word' id='word_1_330' title='bbox 791 2322 806 2337; x_wconf 84' lang='grc'><em>’</em></span> <span class='ocrx_word' id='word_1_331' title='bbox 846 2307 912 2377; x_wconf 85' lang='grc' dir='ltr'><strong>ἦν</strong></span> <span class='ocrx_word' id='word_1_332' title='bbox 940 2305 1125 2359; x_wconf 78' lang='grc' dir='ltr'>εἰκόνα</span> <span class='ocrx_word' id='word_1_333' title='bbox 1151 2304 1289 2359; x_wconf 87' lang='grc' dir='ltr'>Θεοῦ</span> <span class='ocrx_word' id='word_1_334' title='bbox 1331 2300 1472 2359; x_wconf 76' lang='grc' dir='ltr'>εἶδεν</span> <span class='ocrx_word' id='word_1_335' title='bbox 1508 2308 1538 2361; x_wconf 92' lang='grc' dir='ltr'><strong>ό</strong></span> <span class='ocrx_word' id='word_1_336' title='bbox 1574 2307 1752 2377; x_wconf 87' lang='grc' dir='ltr'>λόγος.</span> <span class='ocrx_word' id='word_1_337' title='bbox 1786 2329 1804 2361; x_wconf 84' lang='grc'><strong>›</strong></span> 
     </span>
    </p>
   </div>
   <div class='ocr_carea' id='block_1_46' title="bbox 1926 2300 3517 2401">
    <p class='ocr_par' dir='ltr' id='par_1_46' title="bbox 1928 2300 3517 2401">
     <span class='ocr_line' id='line_1_47' title="bbox 1928 2300 3517 2401; baseline 0.013 -36"><span class='ocrx_word' id='word_1_338' title='bbox 1928 2320 2058 2378; x_wconf 90' lang='lat' dir='ltr'><strong>tem,</strong></span> <span class='ocrx_word' id='word_1_339' title='bbox 2090 2321 2146 2368; x_wconf 90' lang='lat' dir='ltr'><strong>et</strong></span> <span class='ocrx_word' id='word_1_340' title='bbox 2173 2314 2469 2384; x_wconf 77' lang='lat' dir='ltr'><strong>imaginem</strong></span> <span class='ocrx_word' id='word_1_341' title='bbox 2522 2318 2615 2375; x_wconf 87' lang='lat' dir='ltr'><strong>Dei</strong></span> <span class='ocrx_word' id='word_1_342' title='bbox 2662 2319 2944 2392; x_wconf 88' lang='lat' dir='ltr'><strong>Scriptura</strong></span> <span class='ocrx_word' id='word_1_343' title='bbox 2995 2326 3288 2397; x_wconf 81' lang='lat' dir='ltr'><strong>signiﬁcat.</strong></span> <span class='ocrx_word' id='word_1_344' title='bbox 3334 2348 3354 2382; x_wconf 76' lang='grc' dir='ltr'><strong>ι</strong></span> <span class='ocrx_word' id='word_1_345' title='bbox 3391 2300 3517 2401; x_wconf 62' lang='lat' dir='ltr'><strong>ipse</strong></span> 
     </span>
    </p>
   </div>
   <div class='ocr_carea' id='block_1_47' title="bbox 203 2402 3516 2499">
    <p class='ocr_par' dir='ltr' id='par_1_47' title="bbox 203 2402 3516 2499">
     <span class='ocr_line' id='line_1_48' title="bbox 203 2402 3516 2499; baseline 0.008 -43"><span class='ocrx_word' id='word_1_346' title='bbox 203 2410 395 2457; x_wconf 86' lang='lat' dir='ltr'><strong>autem</strong></span> <span class='ocrx_word' id='word_1_347' title='bbox 421 2403 610 2457; x_wconf 85' lang='lat' dir='ltr'><strong>eadem</strong></span> <span class='ocrx_word' id='word_1_348' title='bbox 640 2402 913 2458; x_wconf 80' lang='lat' dir='ltr'><strong>sententia</strong></span> <span class='ocrx_word' id='word_1_349' title='bbox 987 2417 1048 2458; x_wconf 87' lang='lat' dir='ltr'><strong>se</strong></span> <span class='ocrx_word' id='word_1_350' title='bbox 1093 2402 1377 2473; x_wconf 81' lang='lat' dir='ltr'><strong>explicans</strong></span> <span class='ocrx_word' id='word_1_351' title='bbox 1408 2403 1484 2458; x_wconf 89' lang='lat' dir='ltr'><strong>ait</strong></span> <span class='ocrx_word' id='word_1_352' title='bbox 1519 2420 1535 2457; x_wconf 91' lang='lat'><strong>:</strong></span> <span class='ocrx_word' id='word_1_353' title='bbox 1584 2405 1990 2477; x_wconf 85' lang='lat' dir='ltr'><strong>(spiraculum),</strong></span> <span class='ocrx_word' id='word_1_354' title='bbox 2024 2428 2044 2463; x_wconf 81' lang='grc' dir='ltr'><strong>ι</strong></span> <span class='ocrx_word' id='word_1_355' title='bbox 2081 2413 2224 2483; x_wconf 90' lang='lat' dir='ltr'><strong>quod</strong></span> <span class='ocrx_word' id='word_1_356' title='bbox 2290 2414 2532 2472; x_wconf 88' lang='lat' dir='ltr'><strong>animam</strong></span> <span class='ocrx_word' id='word_1_357' title='bbox 2595 2417 2986 2492; x_wconf 87' lang='lat' dir='ltr'><strong>iutelligcntem</strong></span> <span class='ocrx_word' id='word_1_358' title='bbox 3033 2427 3259 2486; x_wconf 86' lang='lat' dir='ltr'><strong>creavit.</strong></span> <span class='ocrx_word' id='word_1_359' title='bbox 3308 2438 3362 2483; x_wconf 90' lang='lat' dir='ltr'><strong>et</strong></span> <span class='ocrx_word' id='word_1_360' title='bbox 3390 2444 3516 2499; x_wconf 89' lang='lat' dir='ltr'><strong>pro-</strong></span> 
     </span>
    </p>
   </div>
   <div class='ocr_carea' id='block_1_48' title="bbox 203 2498 2113 2578">
    <p class='ocr_par' dir='ltr' id='par_1_48' title="bbox 203 2498 2113 2578">
     <span class='ocr_line' id='line_1_49' title="bbox 203 2498 2113 2578; baseline 0.003 -24"><span class='ocrx_word' id='word_1_361' title='bbox 203 2499 386 2565; x_wconf 77' lang='lat' dir='ltr'><strong>duxit,</strong></span> <span class='ocrx_word' id='word_1_362' title='bbox 412 2515 575 2570; x_wconf 88' lang='lat' dir='ltr'><strong>quam</strong></span> <span class='ocrx_word' id='word_1_363' title='bbox 624 2500 849 2555; x_wconf 88' lang='lat' dir='ltr'><strong>nomine</strong></span> <span class='ocrx_word' id='word_1_364' title='bbox 888 2499 1145 2570; x_wconf 88' lang='lat' dir='ltr'><strong>imaginis</strong></span> <span class='ocrx_word' id='word_1_365' title='bbox 1187 2498 1282 2555; x_wconf 92' lang='lat' dir='ltr'><strong>Dei</strong></span> <span class='ocrx_word' id='word_1_366' title='bbox 1319 2498 1605 2571; x_wconf 86' lang='lat' dir='ltr'><strong>Scriptura</strong></span> <span class='ocrx_word' id='word_1_367' title='bbox 1641 2502 1915 2573; x_wconf 83' lang='lat' dir='ltr'><strong>signiﬁcat</strong></span> <span class='ocrx_word' id='word_1_368' title='bbox 1942 2505 2113 2578; x_wconf 65' lang='lat'><strong>(92).»</strong></span> 
     </span>
    </p>
   </div>
   <div class='ocr_carea' id='block_1_49' title="bbox 279 2592 1814 2692">
    <p class='ocr_par' dir='ltr' id='par_1_49' title="bbox 279 2592 1798 2692">
     <span class='ocr_line' id='line_1_50' title="bbox 279 2592 1798 2692; baseline 0.001 -44"><span class='ocrx_word' id='word_1_369' title='bbox 279 2594 442 2649; x_wconf 74' lang='grc' dir='ltr'>Οὕτω</span> <span class='ocrx_word' id='word_1_370' title='bbox 470 2594 528 2649; x_wconf 74' lang='grc' dir='ltr'>δὲ</span> <span class='ocrx_word' id='word_1_371' title='bbox 562 2592 680 2650; x_wconf 76' lang='grc' dir='ltr'>ἐστι</span> <span class='ocrx_word' id='word_1_372' title='bbox 711 2596 807 2651; x_wconf 61' lang='grc' dir='ltr'><strong>καὶ⁵</strong></span> <span class='ocrx_word' id='word_1_373' title='bbox 836 2596 930 2660; x_wconf 80' lang='grc' dir='ltr'><strong>ἐἰς</strong></span> <span class='ocrx_word' id='word_1_374' title='bbox 950 2594 1046 2650; x_wconf 78' lang='grc' dir='ltr'>δύο</span> <span class='ocrx_word' id='word_1_375' title='bbox 1084 2599 1417 2666; x_wconf 80' lang='grc' dir='ltr'>συναγαγεῖν</span> <span class='ocrx_word' id='word_1_376' title='bbox 1453 2595 1551 2650; x_wconf 89' lang='grc' dir='ltr'><strong>τοῦ</strong></span> <span class='ocrx_word' id='word_1_377' title='bbox 1584 2597 1798 2692; x_wconf 74' lang='grc' dir='ltr'>θεωρή-</span> 
     </span>
    </p>
   </div>
   <div class='ocr_carea' id='block_1_50' title="bbox 1926 2592 3514 2692">
    <p class='ocr_par' dir='ltr' id='par_1_50' title="bbox 1985 2604 3514 2692">
     <span class='ocr_line' id='line_1_51' title="bbox 1985 2604 3514 2692; baseline 0.013 -34"><span class='ocrx_word' id='word_1_378' title='bbox 1985 2604 2100 2659; x_wconf 84' lang='lat' dir='ltr'><strong>Hoc</strong></span> <span class='ocrx_word' id='word_1_379' title='bbox 2147 2615 2327 2662; x_wconf 89' lang='lat' dir='ltr'><strong>autem</strong></span> <span class='ocrx_word' id='word_1_380' title='bbox 2383 2618 2541 2680; x_wconf 86' lang='lat' dir='ltr'><strong>pacto</strong></span> <span class='ocrx_word' id='word_1_381' title='bbox 2591 2615 2890 2684; x_wconf 81' lang='lat' dir='ltr'><strong>propositae</strong></span> <span class='ocrx_word' id='word_1_382' title='bbox 2928 2615 3191 2674; x_wconf 83' lang='lat' dir='ltr'><strong>doctrinae</strong></span> <span class='ocrx_word' id='word_1_383' title='bbox 3244 2622 3514 2692; x_wconf 76' lang='lat' dir='ltr'><strong>expositio</strong></span> 
     </span>
    </p>
   </div>
   <div class='ocr_carea' id='block_1_51' title="bbox 206 2688 1814 2778">
    <p class='ocr_par' dir='ltr' id='par_1_51' title="bbox 206 2688 1799 2764">
     <span class='ocr_line' id='line_1_52' title="bbox 206 2688 1799 2764; baseline 0.001 -21"><span class='ocrx_word' id='word_1_384' title='bbox 206 2706 385 2763; x_wconf 79' lang='grc' dir='ltr'>ματος</span> <span class='ocrx_word' id='word_1_385' title='bbox 414 2688 515 2760; x_wconf 76' lang='grc' dir='ltr'><strong>τὴν</strong></span> <span class='ocrx_word' id='word_1_386' title='bbox 544 2688 869 2761; x_wconf 80' lang='grc' dir='ltr'>ἑρμηνείαν,</span> <span class='ocrx_word' id='word_1_387' title='bbox 900 2689 996 2744; x_wconf 79' lang='grc' dir='ltr'>καὶ</span> <span class='ocrx_word' id='word_1_388' title='bbox 1025 2689 1104 2753; x_wconf 86' lang='grc' dir='ltr'><strong>εἰς</strong></span> <span class='ocrx_word' id='word_1_389' title='bbox 1124 2690 1252 2764; x_wconf 84' lang='grc' dir='ltr'>τρία</span> <span class='ocrx_word' id='word_1_390' title='bbox 1273 2689 1439 2744; x_wconf 85' lang='grc' dir='ltr'>πάλιν</span> <span class='ocrx_word' id='word_1_391' title='bbox 1464 2688 1799 2755; x_wconf 79' lang='grc' dir='ltr'>ἐξαπλῶσαι·</span> 
     </span>
    </p>
   </div>
   <div class='ocr_carea' id='block_1_52' title="bbox 1926 2688 3513 2778">
    <p class='ocr_par' dir='ltr' id='par_1_52' title="bbox 1926 2688 3513 2778">
     <span class='ocr_line' id='line_1_53' title="bbox 1926 2688 3513 2778; baseline 0.014 -35"><span class='ocrx_word' id='word_1_392' title='bbox 1926 2700 2090 2759; x_wconf 67' lang='lat' dir='ltr'><strong>potest</strong></span> <span class='ocrx_word' id='word_1_393' title='bbox 2114 2695 2180 2747; x_wconf 90' lang='lat' dir='ltr'><strong>ad</strong></span> <span class='ocrx_word' id='word_1_394' title='bbox 2209 2695 2506 2767; x_wconf 78' lang='lat' dir='ltr'><strong>duocapita</strong></span> <span class='ocrx_word' id='word_1_395' title='bbox 2536 2697 2621 2771; x_wconf 88' lang='lat' dir='ltr'><strong>(ad</strong></span> <span class='ocrx_word' id='word_1_396' title='bbox 2642 2703 3003 2759; x_wconf 75' lang='lat' dir='ltr'><strong>ratiocinandi</strong></span> <span class='ocrx_word' id='word_1_397' title='bbox 3035 2688 3409 2778; x_wconf 77' lang='lat' dir='ltr'><strong>etimperandi</strong></span> <span class='ocrx_word' id='word_1_398' title='bbox 3430 2711 3513 2764; x_wconf 80' lang='lat' dir='ltr'><strong>fa-</strong></span> 
     </span>
    </p>
   </div>
   <div class='ocr_carea' id='block_1_53' title="bbox 207 2780 1814 2875">
    <p class='ocr_par' dir='ltr' id='par_1_53' title="bbox 207 2780 1801 2854">
     <span class='ocr_line' id='line_1_54' title="bbox 207 2780 1801 2854; baseline -0.001 -18"><span class='ocrx_word' id='word_1_399' title='bbox 207 2780 419 2854; x_wconf 81' lang='grc' dir='ltr'>μᾶλλον</span> <span class='ocrx_word' id='word_1_400' title='bbox 446 2780 504 2835; x_wconf 85' lang='grc' dir='ltr'>δ’</span> <span class='ocrx_word' id='word_1_401' title='bbox 539 2782 595 2834; x_wconf 81' lang='grc' dir='ltr'>εἰ</span> <span class='ocrx_word' id='word_1_402' title='bbox 630 2798 719 2846; x_wconf 85' lang='grc' dir='ltr'><strong>τις</strong></span> <span class='ocrx_word' id='word_1_403' title='bbox 755 2782 882 2837; x_wconf 86' lang='grc' dir='ltr'>καθ’</span> <span class='ocrx_word' id='word_1_404' title='bbox 920 2780 1154 2837; x_wconf 69' lang='grc' dir='ltr'>ἕκαστον</span> <span class='ocrx_word' id='word_1_405' title='bbox 1195 2781 1545 2851; x_wconf 83' lang='grc' dir='ltr'>λεπτολογεῖν</span> <span class='ocrx_word' id='word_1_406' title='bbox 1573 2798 1656 2848; x_wconf 90' lang='grc' dir='ltr'><strong>τε,</strong></span> <span class='ocrx_word' id='word_1_407' title='bbox 1706 2783 1801 2837; x_wconf 76' lang='grc' dir='ltr'>καὶ</span> 
     </span>
    </p>
   </div>
   <div class='ocr_carea' id='block_1_54' title="bbox 1926 2780 3516 2875">
    <p class='ocr_par' dir='ltr' id='par_1_54' title="bbox 1926 2783 3516 2875">
     <span class='ocr_line' id='line_1_55' title="bbox 1926 2783 3516 2875; baseline 0.014 -38"><span class='ocrx_word' id='word_1_408' title='bbox 1926 2783 2193 2856; x_wconf 87' lang='lat' dir='ltr'><strong>:ultatem)</strong></span> <span class='ocrx_word' id='word_1_409' title='bbox 2218 2787 2410 2859; x_wconf 81' lang='lat' dir='ltr'><strong>redigi,</strong></span> <span class='ocrx_word' id='word_1_410' title='bbox 2428 2794 2558 2860; x_wconf 86' lang='lat' dir='ltr'><strong>quin</strong></span> <span class='ocrx_word' id='word_1_411' title='bbox 2586 2792 2749 2847; x_wconf 87' lang='lat' dir='ltr'><strong>etiam</strong></span> <span class='ocrx_word' id='word_1_412' title='bbox 2768 2795 2834 2849; x_wconf 83' lang='lat' dir='ltr'><strong>ad</strong></span> <span class='ocrx_word' id='word_1_413' title='bbox 2867 2796 2970 2852; x_wconf 85' lang='lat' dir='ltr'><strong>tria</strong></span> <span class='ocrx_word' id='word_1_414' title='bbox 2993 2799 3059 2865; x_wconf 89' lang='lat' dir='ltr'><strong>(si</strong></span> <span class='ocrx_word' id='word_1_415' title='bbox 3078 2799 3246 2855; x_wconf 89' lang='lat' dir='ltr'><strong>addas</strong></span> <span class='ocrx_word' id='word_1_416' title='bbox 3266 2802 3375 2856; x_wconf 90' lang='lat' dir='ltr'><strong>vim</strong></span> <span class='ocrx_word' id='word_1_417' title='bbox 3390 2818 3516 2875; x_wconf 84' lang='lat' dir='ltr'><strong>ope-</strong></span> 
     </span>
    </p>
   </div>
   <div class='ocr_carea' id='block_1_55' title="bbox 203 2872 1814 2962">
    <p class='ocr_par' dir='ltr' id='par_1_55' title="bbox 203 2872 1795 2962">
     <span class='ocr_line' id='line_1_56' title="bbox 203 2872 1795 2962; baseline -0.001 -33"><span class='ocrx_word' id='word_1_418' title='bbox 203 2872 695 2945; x_wconf 80' lang='grc' dir='ltr'>πολυπραγμονεῖν</span> <span class='ocrx_word' id='word_1_419' title='bbox 728 2873 976 2945; x_wconf 69' lang='grc' dir='ltr'>ἐθελήσει</span> <span class='ocrx_word' id='word_1_420' title='bbox 1006 2872 1106 2962; x_wconf 75' lang='grc' dir='ltr'>τὴν</span> <span class='ocrx_word' id='word_1_421' title='bbox 1137 2874 1509 2946; x_wconf 81' lang='grc' dir='ltr'>προκειμένην</span> <span class='ocrx_word' id='word_1_422' title='bbox 1539 2874 1795 2946; x_wconf 82' lang='grc' dir='ltr'>Θεωρίαν,</span> 
     </span>
    </p>
   </div>
   <div class='ocr_carea' id='block_1_56' title="bbox 1926 2872 3513 2962">
    <p class='ocr_par' dir='ltr' id='par_1_56' title="bbox 1926 2877 3513 2962">
     <span class='ocr_line' id='line_1_57' title="bbox 1926 2877 3513 2962; baseline 0.014 -33"><span class='ocrx_word' id='word_1_423' title='bbox 1926 2877 2423 2949; x_wconf 75' lang='lat' dir='ltr'><strong>&#39;atricem)eXtendi</strong></span> <span class='ocrx_word' id='word_1_424' title='bbox 2446 2884 2656 2953; x_wconf 88' lang='lat' dir='ltr'><strong>:p0tius</strong></span> <span class='ocrx_word' id='word_1_425' title='bbox 2679 2895 2884 2955; x_wconf 90' lang='lat' dir='ltr'><strong>autem,</strong></span> <span class='ocrx_word' id='word_1_426' title='bbox 2935 2889 2980 2944; x_wconf 92' lang='lat' dir='ltr'><strong>si</strong></span> <span class='ocrx_word' id='word_1_427' title='bbox 3001 2891 3124 2960; x_wconf 84' lang='lat' dir='ltr'><strong>quis</strong></span> <span class='ocrx_word' id='word_1_428' title='bbox 3146 2891 3358 2962; x_wconf 78' lang='lat' dir='ltr'><strong>singula</strong></span> <span class='ocrx_word' id='word_1_429' title='bbox 3391 2902 3513 2950; x_wconf 82' lang='lat' dir='ltr'><strong>sub-</strong></span> 
     </span>
    </p>
   </div>
   <div class='ocr_carea' id='block_1_57' title="bbox 200 2960 1814 3056">
    <p class='ocr_par' dir='ltr' id='par_1_57' title="bbox 200 2960 1796 3039">
     <span class='ocr_line' id='line_1_58' title="bbox 200 2960 1796 3039; baseline 0.001 -20"><span class='ocrx_word' id='word_1_430' title='bbox 200 2964 452 3036; x_wconf 74' lang='grc' dir='ltr'>τέσσαρα</span> <span class='ocrx_word' id='word_1_431' title='bbox 477 2963 544 3019; x_wconf 81' lang='grc' dir='ltr'><strong>ἂν</strong></span> <span class='ocrx_word' id='word_1_432' title='bbox 579 2966 665 3036; x_wconf 80' lang='grc' dir='ltr'><strong>εἴη</strong></span> <span class='ocrx_word' id='word_1_433' title='bbox 701 2967 942 3038; x_wconf 79' lang='grc' dir='ltr'>εἰσορᾷν·</span> <span class='ocrx_word' id='word_1_434' title='bbox 976 2966 1043 3019; x_wconf 86' lang='grc' dir='ltr'><strong>δι’</strong></span> <span class='ocrx_word' id='word_1_435' title='bbox 1072 2960 1148 3021; x_wconf 84' lang='grc' dir='ltr'><strong>ὧν</strong></span> <span class='ocrx_word' id='word_1_436' title='bbox 1188 2968 1221 3037; x_wconf 79' lang='grc' dir='ltr'>ἡ</span> <span class='ocrx_word' id='word_1_437' title='bbox 1251 2966 1434 3039; x_wconf 75' lang='grc' dir='ltr'>σχέσις</span> <span class='ocrx_word' id='word_1_438' title='bbox 1470 2966 1565 3019; x_wconf 88' lang='grc' dir='ltr'><strong>τοῦ</strong></span> <span class='ocrx_word' id='word_1_439' title='bbox 1595 2969 1796 3021; x_wconf 80' lang='grc' dir='ltr'>εἰκονι-</span> 
     </span>
    </p>
   </div>
   <div class='ocr_carea' id='block_1_58' title="bbox 1926 2960 3513 3056">
    <p class='ocr_par' dir='ltr' id='par_1_58' title="bbox 1938 2965 3513 3056">
     <span class='ocr_line' id='line_1_59' title="bbox 1938 2965 3513 3056; baseline 0.014 -38"><span class='ocrx_word' id='word_1_440' title='bbox 1938 2965 2081 3021; x_wconf 90' lang='lat' dir='ltr'><strong>iliter</strong></span> <span class='ocrx_word' id='word_1_441' title='bbox 2110 2972 2379 3040; x_wconf 84' lang='lat' dir='ltr'><strong>persequi,</strong></span> <span class='ocrx_word' id='word_1_442' title='bbox 2407 2981 2463 3027; x_wconf 90' lang='lat' dir='ltr'><strong>et</strong></span> <span class='ocrx_word' id='word_1_443' title='bbox 2489 2978 2704 3030; x_wconf 85' lang='lat' dir='ltr'><strong>curiose</strong></span> <span class='ocrx_word' id='word_1_444' title='bbox 2737 2977 3066 3050; x_wconf 84' lang='lat' dir='ltr'><strong>investigare</strong></span> <span class='ocrx_word' id='word_1_445' title='bbox 3099 2982 3349 3050; x_wconf 86' lang='lat' dir='ltr'><strong>voluerit,</strong></span> <span class='ocrx_word' id='word_1_446' title='bbox 3376 3000 3513 3056; x_wconf 89' lang='lat' dir='ltr'><strong>qua-</strong></span> 
     </span>
    </p>
   </div>
   <div class='ocr_carea' id='block_1_59' title="bbox 202 3056 1814 3142">
    <p class='ocr_par' dir='ltr' id='par_1_59' title="bbox 202 3056 1796 3130">
     <span class='ocr_line' id='line_1_60' title="bbox 202 3056 1796 3130; baseline 0.001 -19"><span class='ocrx_word' id='word_1_447' title='bbox 202 3056 442 3128; x_wconf 80' lang='grc' dir='ltr'>ζομένου</span> <span class='ocrx_word' id='word_1_448' title='bbox 476 3058 613 3128; x_wconf 72' lang='grc' dir='ltr'>πρὸς</span> <span class='ocrx_word' id='word_1_449' title='bbox 644 3058 706 3112; x_wconf 78' lang='grc' dir='ltr'>τὸ</span> <span class='ocrx_word' id='word_1_450' title='bbox 726 3058 1166 3130; x_wconf 74' lang='grc' dir='ltr'>σφραγιζόμενον</span> <span class='ocrx_word' id='word_1_451' title='bbox 1193 3060 1293 3130; x_wconf 82' lang='grc' dir='ltr'>τὴν</span> <span class='ocrx_word' id='word_1_452' title='bbox 1316 3057 1500 3113; x_wconf 77' lang='grc' dir='ltr'>εἰκόνα</span> <span class='ocrx_word' id='word_1_453' title='bbox 1518 3058 1796 3124; x_wconf 74' lang='grc' dir='ltr'>διασώζει.</span> 
     </span>
    </p>
   </div>
   <div class='ocr_carea' id='block_1_60' title="bbox 1926 3056 3515 3142">
    <p class='ocr_par' dir='ltr' id='par_1_60' title="bbox 1926 3062 3515 3142">
     <span class='ocr_line' id='line_1_61' title="bbox 1926 3062 3515 3142; baseline 0.014 -33"><span class='ocrx_word' id='word_1_454' title='bbox 1926 3070 2041 3113; x_wconf 62' lang='lat' dir='ltr'><strong>tuor</strong></span> <span class='ocrx_word' id='word_1_455' title='bbox 2077 3062 2265 3129; x_wconf 82' lang='lat' dir='ltr'><strong>utique</strong></span> <span class='ocrx_word' id='word_1_456' title='bbox 2282 3062 2486 3119; x_wconf 83' lang='lat' dir='ltr'><strong>(addita</strong></span> <span class='ocrx_word' id='word_1_457' title='bbox 2502 3062 2664 3121; x_wconf 82' lang='lat' dir='ltr'><strong>Verbi</strong></span> <span class='ocrx_word' id='word_1_458' title='bbox 2680 3070 3058 3142; x_wconf 85' lang='lat' dir='ltr'><strong>emanationc)</strong></span> <span class='ocrx_word' id='word_1_459' title='bbox 3080 3080 3335 3141; x_wconf 86' lang='lat' dir='ltr'><strong>poterunt</strong></span> <span class='ocrx_word' id='word_1_460' title='bbox 3359 3076 3480 3131; x_wconf 85' lang='lat' dir='ltr'><strong>inve</strong></span> <span class='ocrx_word' id='word_1_461' title='bbox 3496 3104 3515 3118; x_wconf 76' lang='grc' dir='ltr'><strong><em>ο</em></strong></span> 
     </span>
    </p>
   </div>
   <div class='ocr_carea' id='block_1_61' title="bbox 204 3144 1814 3239">
    <p class='ocr_par' dir='ltr' id='par_1_61' title="bbox 204 3144 1792 3221">
     <span class='ocr_line' id='line_1_62' title="bbox 204 3144 1792 3221; baseline 0 -18"><span class='ocrx_word' id='word_1_462' title='bbox 204 3149 371 3203; x_wconf 83' lang='grc' dir='ltr'>Ἐστι</span> <span class='ocrx_word' id='word_1_463' title='bbox 404 3149 505 3220; x_wconf 82' lang='grc' dir='ltr'>μὲν</span> <span class='ocrx_word' id='word_1_464' title='bbox 539 3149 647 3221; x_wconf 83' lang='grc' dir='ltr'>γὰρ</span> <span class='ocrx_word' id='word_1_465' title='bbox 682 3150 743 3203; x_wconf 83' lang='grc' dir='ltr'>τὸ</span> <span class='ocrx_word' id='word_1_466' title='bbox 772 3150 926 3204; x_wconf 77' lang='grc' dir='ltr'>Θεῖον</span> <span class='ocrx_word' id='word_1_467' title='bbox 969 3153 1026 3205; x_wconf 82' lang='grc' dir='ltr'>ὲν</span> <span class='ocrx_word' id='word_1_468' title='bbox 1060 3144 1105 3220; x_wconf 83' lang='grc' dir='ltr'>ᾧ</span> <span class='ocrx_word' id='word_1_469' title='bbox 1136 3151 1246 3205; x_wconf 85' lang='grc' dir='ltr'>τῶν</span> <span class='ocrx_word' id='word_1_470' title='bbox 1276 3150 1418 3221; x_wconf 82' lang='grc' dir='ltr'>ὑπὲρ</span> <span class='ocrx_word' id='word_1_471' title='bbox 1447 3152 1648 3215; x_wconf 73' lang='grc' dir='ltr'>αἰτίαν,</span> <span class='ocrx_word' id='word_1_472' title='bbox 1692 3150 1792 3205; x_wconf 72' lang='grc' dir='ltr'>καὶ</span> 
     </span>
    </p>
   </div>
   <div class='ocr_carea' id='block_1_62' title="bbox 1926 3144 3514 3239">
    <p class='ocr_par' dir='ltr' id='par_1_62' title="bbox 1931 3151 3514 3239">
     <span class='ocr_line' id='line_1_63' title="bbox 1931 3151 3514 3239; baseline 0.014 -37"><span class='ocrx_word' id='word_1_473' title='bbox 1931 3151 2047 3218; x_wconf 80' lang='lat' dir='ltr'><strong>tiri;</strong></span> <span class='ocrx_word' id='word_1_474' title='bbox 2078 3167 2175 3221; x_wconf 86' lang='lat' dir='ltr'><strong>per</strong></span> <span class='ocrx_word' id='word_1_475' title='bbox 2195 3170 2317 3224; x_wconf 79' lang='lat' dir='ltr'><strong>quae</strong></span> <span class='ocrx_word' id='word_1_476' title='bbox 2337 3156 2527 3211; x_wconf 88' lang='lat' dir='ltr'><strong>relatio</strong></span> <span class='ocrx_word' id='word_1_477' title='bbox 2550 3158 2693 3213; x_wconf 89' lang='lat' dir='ltr'><strong>inter</strong></span> <span class='ocrx_word' id='word_1_478' title='bbox 2718 3173 3198 3230; x_wconf 70' lang='lat' dir='ltr'><strong>reprazsentanteut</strong></span> <span class='ocrx_word' id='word_1_479' title='bbox 3240 3175 3293 3221; x_wconf 88' lang='lat' dir='ltr'><strong>et</strong></span> <span class='ocrx_word' id='word_1_480' title='bbox 3312 3183 3514 3239; x_wconf 73' lang='lat' dir='ltr'><strong>reprre-</strong></span> 
     </span>
    </p>
   </div>
   <div class='ocr_carea' id='block_1_63' title="bbox 201 3241 1814 3327">
    <p class='ocr_par' dir='ltr' id='par_1_63' title="bbox 201 3241 1802 3316">
     <span class='ocr_line' id='line_1_64' title="bbox 201 3241 1802 3316; baseline 0.002 -21"><span class='ocrx_word' id='word_1_481' title='bbox 201 3241 518 3311; x_wconf 79' lang='grc' dir='ltr'>κατὰληψιν</span> <span class='ocrx_word' id='word_1_482' title='bbox 544 3245 727 3297; x_wconf 84' lang='grc' dir='ltr'>πᾶσαν</span> <span class='ocrx_word' id='word_1_483' title='bbox 770 3243 1056 3315; x_wconf 84' lang='grc' dir='ltr'><strong>δυνάμεων</strong></span> <span class='ocrx_word' id='word_1_484' title='bbox 1103 3246 1136 3314; x_wconf 84' lang='grc' dir='ltr'>ἠ</span> <span class='ocrx_word' id='word_1_485' title='bbox 1173 3244 1482 3315; x_wconf 82' lang='grc' dir='ltr'>θεοπρεπὴς</span> <span class='ocrx_word' id='word_1_486' title='bbox 1513 3244 1802 3316; x_wconf 84' lang='grc' dir='ltr'>ἀπαστρὰ-</span> 
     </span>
    </p>
   </div>
   <div class='ocr_carea' id='block_1_64' title="bbox 1926 3241 3515 3327">
    <p class='ocr_par' dir='ltr' id='par_1_64' title="bbox 1926 3244 3515 3327">
     <span class='ocr_line' id='line_1_65' title="bbox 1926 3244 3515 3327; baseline 0.012 -31"><span class='ocrx_word' id='word_1_487' title='bbox 1926 3251 2208 3310; x_wconf 73' lang='lat' dir='ltr'><strong>tentatum,</strong></span> <span class='ocrx_word' id='word_1_488' title='bbox 2246 3244 2586 3304; x_wconf 89' lang='lat' dir='ltr'><strong>intercedens</strong></span> <span class='ocrx_word' id='word_1_489' title='bbox 2603 3251 2869 3306; x_wconf 87' lang='lat' dir='ltr'><strong>rationem</strong></span> <span class='ocrx_word' id='word_1_490' title='bbox 2899 3254 3155 3327; x_wconf 81' lang='lat' dir='ltr'><strong>imaginis</strong></span> <span class='ocrx_word' id='word_1_491' title='bbox 3185 3267 3384 3314; x_wconf 75' lang='lat' dir='ltr'><strong>servat.</strong></span> <span class='ocrx_word' id='word_1_492' title='bbox 3414 3260 3515 3315; x_wconf 78' lang='lat' dir='ltr'><strong>Est</strong></span> 
     </span>
    </p>
   </div>
   <div class='ocr_carea' id='block_1_65' title="bbox 199 3332 1814 3421">
    <p class='ocr_par' dir='ltr' id='par_1_65' title="bbox 199 3336 1798 3411">
     <span class='ocr_line' id='line_1_66' title="bbox 199 3336 1798 3411; baseline 0.003 -24"><span class='ocrx_word' id='word_1_493' title='bbox 199 3352 333 3388; x_wconf 84' lang='grc' dir='ltr'>πτει</span> <span class='ocrx_word' id='word_1_494' title='bbox 356 3336 649 3405; x_wconf 81' lang='grc' dir='ltr'>τελειότης.</span> <span class='ocrx_word' id='word_1_495' title='bbox 683 3336 915 3391; x_wconf 83' lang='grc' dir='ltr'>Ἐστιδὲ</span> <span class='ocrx_word' id='word_1_496' title='bbox 944 3338 1041 3392; x_wconf 74' lang='grc' dir='ltr'>καὶ</span> <span class='ocrx_word' id='word_1_497' title='bbox 1070 3338 1139 3391; x_wconf 82' lang='grc' dir='ltr'>τὰ</span> <span class='ocrx_word' id='word_1_498' title='bbox 1171 3336 1378 3392; x_wconf 79' lang='grc' dir='ltr'>τούτων</span> <span class='ocrx_word' id='word_1_499' title='bbox 1419 3338 1798 3411; x_wconf 79' lang='grc' dir='ltr'>ἀμαρύγματα</span> 
     </span>
    </p>
   </div>
   <div class='ocr_carea' id='block_1_66' title="bbox 1926 3332 3511 3421">
    <p class='ocr_par' dir='ltr' id='par_1_66' title="bbox 1926 3332 3511 3421">
     <span class='ocr_line' id='line_1_67' title="bbox 1926 3332 3511 3421; baseline 0.013 -36"><span class='ocrx_word' id='word_1_500' title='bbox 1926 3332 2055 3386; x_wconf 77' lang='lat' dir='ltr'><strong>:nim</strong></span> <span class='ocrx_word' id='word_1_501' title='bbox 2085 3332 2351 3391; x_wconf 75' lang='lat' dir='ltr'><strong>Diviuitas</strong></span> <span class='ocrx_word' id='word_1_502' title='bbox 2381 3351 2466 3400; x_wconf 88' lang='lat' dir='ltr'><strong>ea,</strong></span> <span class='ocrx_word' id='word_1_503' title='bbox 2496 3338 2550 3393; x_wconf 89' lang='lat' dir='ltr'><strong>in</strong></span> <span class='ocrx_word' id='word_1_504' title='bbox 2585 3356 2691 3410; x_wconf 86' lang='lat' dir='ltr'><strong>qua</strong></span> <span class='ocrx_word' id='word_1_505' title='bbox 2714 3343 2976 3412; x_wconf 80' lang='lat' dir='ltr'><strong>perfectio</strong></span> <span class='ocrx_word' id='word_1_506' title='bbox 3014 3346 3357 3415; x_wconf 72' lang='lat' dir='ltr'><strong>facultatum,</strong></span> <span class='ocrx_word' id='word_1_507' title='bbox 3386 3366 3511 3421; x_wconf 65' lang='lat' dir='ltr'><strong>quae</strong></span> 
     </span>
    </p>
   </div>
   <div class='ocr_carea' id='block_1_67' title="bbox 1910 3437 3511 3511">
    <p class='ocr_par' dir='ltr' id='par_1_67' title="bbox 1910 3437 3511 3511">
     <span class='ocr_line' id='line_1_68' title="bbox 1910 3437 3511 3511; baseline 0.014 -34"><span class='ocrx_word' id='word_1_508' title='bbox 1910 3440 2075 3495; x_wconf 90' lang='lat' dir='ltr'><strong>supra</strong></span> <span class='ocrx_word' id='word_1_509' title='bbox 2108 3443 2325 3481; x_wconf 83' lang='lat' dir='ltr'><strong>onmem</strong></span> <span class='ocrx_word' id='word_1_510' title='bbox 2393 3446 2621 3486; x_wconf 90' lang='lat' dir='ltr'><strong>causam</strong></span> <span class='ocrx_word' id='word_1_511' title='bbox 2672 3444 2728 3488; x_wconf 93' lang='lat' dir='ltr'><strong>et</strong></span> <span class='ocrx_word' id='word_1_512' title='bbox 2764 3437 3310 3506; x_wconf 78' lang='lat' dir='ltr'><strong>comprehensionem</strong></span> <span class='ocrx_word' id='word_1_513' title='bbox 3358 3452 3511 3511; x_wconf 89' lang='lat' dir='ltr'><strong>sunt,</strong></span> 
     </span>
    </p>
   </div>
   <div class='ocr_carea' id='block_1_68' title="bbox 1912 3517 3510 3594">
    <p class='ocr_par' dir='ltr' id='par_1_68' title="bbox 1912 3517 3510 3594">
     <span class='ocr_line' id='line_1_69' title="bbox 1912 3517 3510 3594; baseline 0.011 -21"><span class='ocrx_word' id='word_1_514' title='bbox 1912 3518 2075 3588; x_wconf 84' lang='lat' dir='ltr'><strong>digna</strong></span> <span class='ocrx_word' id='word_1_515' title='bbox 2121 3517 2232 3574; x_wconf 88' lang='lat' dir='ltr'><strong>Deo</strong></span> <span class='ocrx_word' id='word_1_516' title='bbox 2262 3521 2503 3594; x_wconf 81' lang='lat' dir='ltr'><strong>eﬁ&#39;ulget.</strong></span> <span class='ocrx_word' id='word_1_517' title='bbox 2557 3526 2694 3581; x_wconf 86' lang='lat' dir='ltr'><strong>Sunt</strong></span> <span class='ocrx_word' id='word_1_518' title='bbox 2731 3538 2911 3584; x_wconf 78' lang='lat' dir='ltr'><strong>autem</strong></span> <span class='ocrx_word' id='word_1_519' title='bbox 2955 3531 3149 3586; x_wconf 89' lang='lat' dir='ltr'><strong>harum</strong></span> <span class='ocrx_word' id='word_1_520' title='bbox 3185 3533 3510 3590; x_wconf 74' lang='lat' dir='ltr'><strong>facultatum</strong></span> 
     </span>
    </p>
   </div>
   <div class='ocr_carea' id='block_1_69' title="bbox 1914 3610 3511 3685">
    <p class='ocr_par' dir='ltr' id='par_1_69' title="bbox 1914 3610 3511 3685">
     <span class='ocr_line' id='line_1_70' title="bbox 1914 3610 3511 3685; baseline 0.01 -21"><span class='ocrx_word' id='word_1_521' title='bbox 1914 3610 2074 3675; x_wconf 87' lang='lat' dir='ltr'><strong>radii,</strong></span> <span class='ocrx_word' id='word_1_522' title='bbox 2102 3612 2195 3681; x_wconf 91' lang='lat' dir='ltr'><strong>qui</strong></span> <span class='ocrx_word' id='word_1_523' title='bbox 2226 3613 2687 3682; x_wconf 87' lang='lat' dir='ltr'><strong>pulchritudinem</strong></span> <span class='ocrx_word' id='word_1_524' title='bbox 2712 3618 2860 3675; x_wconf 89' lang='lat' dir='ltr'><strong>illinc</strong></span> <span class='ocrx_word' id='word_1_525' title='bbox 2902 3636 2966 3675; x_wconf 73' lang='lat' dir='ltr'><strong>ex</strong></span> <span class='ocrx_word' id='word_1_526' title='bbox 3000 3621 3185 3685; x_wconf 87' lang='lat' dir='ltr'><strong>divina</strong></span> <span class='ocrx_word' id='word_1_527' title='bbox 3217 3624 3511 3682; x_wconf 82' lang='lat' dir='ltr'><strong>clementia</strong></span> 
     </span>
    </p>
   </div>
   <div class='ocr_carea' id='block_1_70' title="bbox 1912 3703 3507 3783">
    <p class='ocr_par' dir='ltr' id='par_1_70' title="bbox 1912 3703 3507 3783">
     <span class='ocr_line' id='line_1_71' title="bbox 1912 3703 3507 3783; baseline 0.011 -29"><span class='ocrx_word' id='word_1_528' title='bbox 1912 3709 2194 3771; x_wconf 85' lang='lat' dir='ltr'><strong>acceptam</strong></span> <span class='ocrx_word' id='word_1_529' title='bbox 2236 3703 2569 3772; x_wconf 84' lang='lat' dir='ltr'><strong>exprimunt,</strong></span> <span class='ocrx_word' id='word_1_530' title='bbox 2593 3717 2643 3761; x_wconf 89' lang='lat' dir='ltr'><strong>et</strong></span> <span class='ocrx_word' id='word_1_531' title='bbox 2672 3719 2955 3778; x_wconf 79' lang='lat' dir='ltr'><strong>propterea</strong></span> <span class='ocrx_word' id='word_1_532' title='bbox 2997 3711 3253 3783; x_wconf 83' lang='lat' dir='ltr'><strong>imaginis</strong></span> <span class='ocrx_word' id='word_1_533' title='bbox 3307 3730 3507 3771; x_wconf 87' lang='lat' dir='ltr'><strong>nomen</strong></span> 
     </span>
    </p>
   </div>
   <div class='ocr_carea' id='block_1_71' title="bbox 1915 3793 3510 3879">
    <p class='ocr_par' dir='ltr' id='par_1_71' title="bbox 1915 3793 3510 3879">
     <span class='ocr_line' id='line_1_72' title="bbox 1915 3793 3510 3879; baseline 0.01 -32"><span class='ocrx_word' id='word_1_534' title='bbox 1915 3793 2020 3847; x_wconf 87' lang='lat' dir='ltr'><strong>sibi</strong></span> <span class='ocrx_word' id='word_1_535' title='bbox 2053 3793 2337 3852; x_wconf 85' lang='lat' dir='ltr'><strong>vindicant</strong></span> <span class='ocrx_word' id='word_1_536' title='bbox 2369 3814 2383 3852; x_wconf 89' lang='lat'><strong>:</strong></span> <span class='ocrx_word' id='word_1_537' title='bbox 2422 3813 2658 3867; x_wconf 90' lang='lat' dir='ltr'><strong>quorum</strong></span> <span class='ocrx_word' id='word_1_538' title='bbox 2697 3804 2977 3859; x_wconf 89' lang='lat' dir='ltr'><strong>radiorum</strong></span> <span class='ocrx_word' id='word_1_539' title='bbox 2998 3817 3254 3877; x_wconf 88' lang='lat' dir='ltr'><strong>quartum</strong></span> <span class='ocrx_word' id='word_1_540' title='bbox 3286 3824 3510 3879; x_wconf 85' lang='lat' dir='ltr'><strong>quoque</strong></span> 
     </span>
    </p>
   </div>
   <div class='ocr_carea' id='block_1_72' title="bbox 198 3426 1797 3500">
    <p class='ocr_par' dir='ltr' id='par_1_72' title="bbox 198 3426 1797 3500">
     <span class='ocr_line' id='line_1_73' title="bbox 198 3426 1797 3500; baseline 0.002 -21"><span class='ocrx_word' id='word_1_541' title='bbox 198 3427 305 3497; x_wconf 77' lang='grc' dir='ltr'>τὴν</span> <span class='ocrx_word' id='word_1_542' title='bbox 334 3426 548 3480; x_wconf 73' lang='grc' dir='ltr'>ἐκεῖθεν</span> <span class='ocrx_word' id='word_1_543' title='bbox 591 3427 754 3499; x_wconf 84' lang='grc' dir='ltr'>χάριν</span> <span class='ocrx_word' id='word_1_544' title='bbox 787 3429 852 3481; x_wconf 85' lang='grc' dir='ltr'>ὲκ</span> <span class='ocrx_word' id='word_1_545' title='bbox 885 3427 1299 3498; x_wconf 82' lang='grc' dir='ltr'>φιλανθρωπίας</span> <span class='ocrx_word' id='word_1_546' title='bbox 1342 3428 1797 3500; x_wconf 83' lang='grc' dir='ltr'>ἁποματτόμενα,</span> 
     </span>
    </p>
   </div>
   <div class='ocr_carea' id='block_1_73' title="bbox 198 3518 1791 3592">
    <p class='ocr_par' dir='ltr' id='par_1_73' title="bbox 198 3518 1791 3592">
     <span class='ocr_line' id='line_1_74' title="bbox 198 3518 1791 3592; baseline 0.002 -21"><span class='ocrx_word' id='word_1_547' title='bbox 198 3520 301 3574; x_wconf 75' lang='grc' dir='ltr'>καὶ</span> <span class='ocrx_word' id='word_1_548' title='bbox 336 3518 429 3573; x_wconf 82' lang='grc' dir='ltr'><strong>διὰ</strong></span> <span class='ocrx_word' id='word_1_549' title='bbox 460 3518 622 3572; x_wconf 84' lang='grc' dir='ltr'>τοῦτο</span> <span class='ocrx_word' id='word_1_550' title='bbox 652 3519 753 3589; x_wconf 79' lang='grc' dir='ltr'><strong>την</strong></span> <span class='ocrx_word' id='word_1_551' title='bbox 790 3520 893 3590; x_wconf 79' lang='grc' dir='ltr'>τῆς</span> <span class='ocrx_word' id='word_1_552' title='bbox 937 3519 1145 3583; x_wconf 84' lang='grc' dir='ltr'>εἰκόνος</span> <span class='ocrx_word' id='word_1_553' title='bbox 1190 3520 1385 3591; x_wconf 84' lang='grc' dir='ltr'>κλῆσιν</span> <span class='ocrx_word' id='word_1_554' title='bbox 1429 3519 1791 3592; x_wconf 66' lang='grc' dir='ltr'>ἐφελκόμενα·</span> 
     </span>
    </p>
   </div>
   <div class='ocr_carea' id='block_1_74' title="bbox 198 3608 1801 3688">
    <p class='ocr_par' dir='ltr' id='par_1_74' title="bbox 198 3608 1801 3688">
     <span class='ocr_line' id='line_1_75' title="bbox 198 3608 1801 3688; baseline -0.001 -19"><span class='ocrx_word' id='word_1_555' title='bbox 198 3613 307 3685; x_wconf 72' lang='grc' dir='ltr'><strong>ὑφ’</strong></span> <span class='ocrx_word' id='word_1_556' title='bbox 334 3608 417 3679; x_wconf 72' lang='grc' dir='ltr'>οἷς</span> <span class='ocrx_word' id='word_1_557' title='bbox 446 3616 474 3669; x_wconf 91' lang='lat'><strong>6</strong></span> <span class='ocrx_word' id='word_1_558' title='bbox 501 3614 791 3687; x_wconf 80' lang='grc' dir='ltr'>ἄνθρωπος</span> <span class='ocrx_word' id='word_1_559' title='bbox 816 3616 1076 3687; x_wconf 81' lang='grc' dir='ltr'>τέταρτον</span> <span class='ocrx_word' id='word_1_560' title='bbox 1096 3615 1239 3670; x_wconf 84' lang='grc' dir='ltr'>κατὰ</span> <span class='ocrx_word' id='word_1_561' title='bbox 1265 3615 1366 3686; x_wconf 82' lang='grc' dir='ltr'>τὴν</span> <span class='ocrx_word' id='word_1_562' title='bbox 1389 3616 1503 3687; x_wconf 80' lang='lat'><strong>(9&#39;5)</strong></span> <span class='ocrx_word' id='word_1_563' title='bbox 1522 3614 1618 3669; x_wconf 92' lang='grc' dir='ltr'><strong>νῦν</strong></span> <span class='ocrx_word' id='word_1_564' title='bbox 1647 3618 1801 3688; x_wconf 76' lang='grc' dir='ltr'>εἰρη-</span> 
     </span>
    </p>
   </div>
   <div class='ocr_carea' id='block_1_75' title="bbox 200 3705 1800 3780">
    <p class='ocr_par' dir='ltr' id='par_1_75' title="bbox 200 3705 1800 3780">
     <span class='ocr_line' id='line_1_76' title="bbox 200 3705 1800 3780; baseline 0.001 -21"><span class='ocrx_word' id='word_1_565' title='bbox 200 3705 390 3777; x_wconf 77' lang='grc' dir='ltr'>μένην</span> <span class='ocrx_word' id='word_1_566' title='bbox 420 3706 608 3761; x_wconf 86' lang='grc' dir='ltr'>εἰκόνα</span> <span class='ocrx_word' id='word_1_567' title='bbox 640 3706 1107 3779; x_wconf 84' lang='grc' dir='ltr'>διαπλαττόμενος</span> <span class='ocrx_word' id='word_1_568' title='bbox 1144 3707 1279 3779; x_wconf 74' lang='grc' dir='ltr'>ἔχει.</span> <span class='ocrx_word' id='word_1_569' title='bbox 1311 3708 1477 3762; x_wconf 82' lang='grc' dir='ltr'>’Ὥστε</span> <span class='ocrx_word' id='word_1_570' title='bbox 1512 3710 1561 3762; x_wconf 82' lang='grc' dir='ltr'><strong>οἰ</strong></span> <span class='ocrx_word' id='word_1_571' title='bbox 1590 3709 1690 3780; x_wconf 81' lang='grc' dir='ltr'>τὴν</span> <span class='ocrx_word' id='word_1_572' title='bbox 1720 3709 1800 3761; x_wconf 83' lang='grc' dir='ltr'>εἰ-</span> 
     </span>
    </p>
   </div>
   <div class='ocr_carea' id='block_1_76' title="bbox 198 3798 1801 3873">
    <p class='ocr_par' dir='ltr' id='par_1_76' title="bbox 198 3798 1801 3873">
     <span class='ocr_line' id='line_1_77' title="bbox 198 3798 1801 3873; baseline 0 -20"><span class='ocrx_word' id='word_1_573' title='bbox 198 3798 364 3867; x_wconf 83' lang='grc' dir='ltr'>κόνα,</span> <span class='ocrx_word' id='word_1_574' title='bbox 387 3800 483 3854; x_wconf 74' lang='grc' dir='ltr'>καὶ</span> <span class='ocrx_word' id='word_1_575' title='bbox 525 3800 586 3854; x_wconf 83' lang='grc' dir='ltr'>τὸ</span> <span class='ocrx_word' id='word_1_576' title='bbox 616 3799 750 3854; x_wconf 83' lang='grc' dir='ltr'>κατ’</span> <span class='ocrx_word' id='word_1_577' title='bbox 777 3800 965 3855; x_wconf 88' lang='grc' dir='ltr'>εἰκόνα</span> <span class='ocrx_word' id='word_1_578' title='bbox 992 3802 1050 3853; x_wconf 80' lang='grc' dir='ltr'><strong>ὲν</strong></span> <span class='ocrx_word' id='word_1_579' title='bbox 1082 3800 1359 3873; x_wconf 77' lang='grc' dir='ltr'>διαφόροις</span> <span class='ocrx_word' id='word_1_580' title='bbox 1390 3802 1801 3873; x_wconf 77' lang='grc' dir='ltr'>ἐπιζητοῦντες,</span> 
     </span>
    </p>
   </div>
   <div class='ocr_carea' id='block_1_77' title="bbox 196 3887 1814 3973">
    <p class='ocr_par' dir='ltr' id='par_1_77' title="bbox 196 3893 1795 3968">
     <span class='ocr_line' id='line_1_78' title="bbox 196 3893 1795 3968; baseline -0.001 -21"><span class='ocrx_word' id='word_1_581' title='bbox 196 3895 260 3948; x_wconf 75' lang='grc' dir='ltr'>οὐ</span> <span class='ocrx_word' id='word_1_582' title='bbox 299 3895 467 3967; x_wconf 80' lang='grc' dir='ltr'>μέχρι</span> <span class='ocrx_word' id='word_1_583' title='bbox 499 3895 718 3968; x_wconf 83' lang='grc' dir='ltr'>τριάδος</span> <span class='ocrx_word' id='word_1_584' title='bbox 759 3896 940 3948; x_wconf 80' lang='grc' dir='ltr'>ἱστᾶσι</span> <span class='ocrx_word' id='word_1_585' title='bbox 971 3894 1071 3966; x_wconf 79' lang='grc' dir='ltr'>τὴν</span> <span class='ocrx_word' id='word_1_586' title='bbox 1112 3894 1365 3967; x_wconf 79' lang='grc' dir='ltr'>ζήτησιν,</span> <span class='ocrx_word' id='word_1_587' title='bbox 1405 3895 1542 3949; x_wconf 80' lang='grc' dir='ltr'><strong>ἀλλὰ</strong></span> <span class='ocrx_word' id='word_1_588' title='bbox 1577 3893 1670 3949; x_wconf 84' lang='grc' dir='ltr'>καὶ</span> <span class='ocrx_word' id='word_1_589' title='bbox 1704 3896 1795 3946; x_wconf 78' lang='grc' dir='ltr'><strong>τέ-</strong></span> 
     </span>
    </p>
   </div>
   <div class='ocr_carea' id='block_1_78' title="bbox 1926 3887 3507 3973">
    <p class='ocr_par' dir='ltr' id='par_1_78' title="bbox 1926 3887 3507 3973">
     <span class='ocr_line' id='line_1_79' title="bbox 1926 3887 3507 3973; baseline 0.011 -33"><span class='ocrx_word' id='word_1_590' title='bbox 1926 3887 2082 3943; x_wconf 77' lang='lat' dir='ltr'><strong>liabet</strong></span> <span class='ocrx_word' id='word_1_591' title='bbox 2136 3889 2325 3956; x_wconf 88' lang='lat' dir='ltr'><strong>homo,</strong></span> <span class='ocrx_word' id='word_1_592' title='bbox 2364 3893 2666 3949; x_wconf 69' lang='lat' dir='ltr'><strong>secundum</strong></span> <span class='ocrx_word' id='word_1_593' title='bbox 2726 3895 2889 3952; x_wconf 91' lang='lat' dir='ltr'><strong>modo</strong></span> <span class='ocrx_word' id='word_1_594' title='bbox 2944 3899 3147 3955; x_wconf 90' lang='lat' dir='ltr'><strong>dictam</strong></span> <span class='ocrx_word' id='word_1_595' title='bbox 3210 3900 3507 3973; x_wconf 83' lang='lat' dir='ltr'><strong>imaginem</strong></span> 
     </span>
    </p>
   </div>
   <div class='ocr_carea' id='block_1_79' title="bbox 200 3977 1814 4065">
    <p class='ocr_par' dir='ltr' id='par_1_79' title="bbox 200 3986 1446 4060">
     <span class='ocr_line' id='line_1_80' title="bbox 200 3986 1446 4060; baseline 0.002 -21"><span class='ocrx_word' id='word_1_596' title='bbox 200 4002 432 4059; x_wconf 85' lang='grc' dir='ltr'>ταρτον,</span> <span class='ocrx_word' id='word_1_597' title='bbox 459 3986 487 4041; x_wconf 88' lang='grc' dir='ltr'><strong>ὃ</strong></span> <span class='ocrx_word' id='word_1_598' title='bbox 523 3987 660 4060; x_wconf 84' lang='grc' dir='ltr'>μηδ’</span> <span class='ocrx_word' id='word_1_599' title='bbox 692 3987 988 4059; x_wconf 79' lang='grc' dir='ltr'>ἐζήτησαν,</span> <span class='ocrx_word' id='word_1_600' title='bbox 1021 3988 1446 4056; x_wconf 81' lang='grc' dir='ltr'>συνεπάγονται.</span> 
     </span>
    </p>
   </div>
   <div class='ocr_carea' id='block_1_80' title="bbox 1926 3977 3509 4065">
    <p class='ocr_par' dir='ltr' id='par_1_80' title="bbox 1926 3977 3509 4065">
     <span class='ocr_line' id='line_1_81' title="bbox 1926 3977 3509 4065; baseline 0.009 -33"><span class='ocrx_word' id='word_1_601' title='bbox 1926 3977 2207 4035; x_wconf 72' lang='lat' dir='ltr'><strong>formatus.</strong></span> <span class='ocrx_word' id='word_1_602' title='bbox 2241 3978 2424 4046; x_wconf 84' lang='lat' dir='ltr'><strong>Quare</strong></span> <span class='ocrx_word' id='word_1_603' title='bbox 2448 3985 2542 4054; x_wconf 92' lang='lat' dir='ltr'><strong>qui</strong></span> <span class='ocrx_word' id='word_1_604' title='bbox 2572 3984 2866 4058; x_wconf 84' lang='lat' dir='ltr'><strong>imaginem</strong></span> <span class='ocrx_word' id='word_1_605' title='bbox 2901 3998 2955 4044; x_wconf 91' lang='lat' dir='ltr'><strong>et</strong></span> <span class='ocrx_word' id='word_1_606' title='bbox 2988 3992 3135 4061; x_wconf 90' lang='lat' dir='ltr'><strong>quod</strong></span> <span class='ocrx_word' id='word_1_607' title='bbox 3191 3993 3259 4048; x_wconf 87' lang='lat' dir='ltr'><strong>ad</strong></span> <span class='ocrx_word' id='word_1_608' title='bbox 3312 3993 3509 4065; x_wconf 80' lang='lat' dir='ltr'><strong>imagi-</strong></span> 
     </span>
    </p>
   </div>
   <div class='ocr_carea' id='block_1_81' title="bbox 199 4076 3505 4166">
    <p class='ocr_par' dir='ltr' id='par_1_81' title="bbox 199 4076 3505 4166">
     <span class='ocr_line' id='line_1_82' title="bbox 199 4076 3505 4166; baseline 0.005 -37"><span class='ocrx_word' id='word_1_609' title='bbox 199 4100 331 4139; x_wconf 78' lang='lat' dir='ltr'><strong>nem</strong></span> <span class='ocrx_word' id='word_1_610' title='bbox 380 4093 486 4149; x_wconf 74' lang='lat' dir='ltr'><strong>est,</strong></span> <span class='ocrx_word' id='word_1_611' title='bbox 525 4083 669 4138; x_wconf 82' lang='lat' dir='ltr'><strong>haud</strong></span> <span class='ocrx_word' id='word_1_612' title='bbox 714 4084 767 4137; x_wconf 90' lang='lat' dir='ltr'><strong>in</strong></span> <span class='ocrx_word' id='word_1_613' title='bbox 815 4098 923 4138; x_wconf 85' lang='lat' dir='ltr'><strong>una</strong></span> <span class='ocrx_word' id='word_1_614' title='bbox 976 4098 1036 4139; x_wconf 89' lang='lat' dir='ltr'><strong>re</strong></span> <span class='ocrx_word' id='word_1_615' title='bbox 1084 4085 1437 4154; x_wconf 84' lang='lat' dir='ltr'><strong>quaerendqu</strong></span> <span class='ocrx_word' id='word_1_616' title='bbox 1490 4091 1703 4154; x_wconf 89' lang='lat' dir='ltr'><strong>putant,</strong></span> <span class='ocrx_word' id='word_1_617' title='bbox 1754 4095 1866 4136; x_wconf 89' lang='lat' dir='ltr'><strong>non</strong></span> <span class='ocrx_word' id='word_1_618' title='bbox 1919 4089 2096 4145; x_wconf 88' lang='lat' dir='ltr'><strong>usque</strong></span> <span class='ocrx_word' id='word_1_619' title='bbox 2151 4076 2221 4166; x_wconf 84' lang='lat' dir='ltr'><strong>ad</strong></span> <span class='ocrx_word' id='word_1_620' title='bbox 2270 4080 2373 4133; x_wconf 87' lang='lat' dir='ltr'><strong>tria</strong></span> <span class='ocrx_word' id='word_1_621' title='bbox 2422 4082 2600 4150; x_wconf 91' lang='lat' dir='ltr'><strong>capita</strong></span> <span class='ocrx_word' id='word_1_622' title='bbox 2652 4083 3076 4153; x_wconf 61' lang='lat' dir='ltr'><strong>erquisitionem</strong></span> <span class='ocrx_word' id='word_1_623' title='bbox 3125 4088 3505 4166; x_wconf 68' lang='lat' dir='ltr'><strong>similitudinis</strong></span> 
     </span>
    </p>
   </div>
   <div class='ocr_carea' id='block_1_82' title="bbox 197 4164 3215 4248">
    <p class='ocr_par' dir='ltr' id='par_1_82' title="bbox 197 4164 3215 4248">
     <span class='ocr_line' id='line_1_83' title="bbox 197 4164 3215 4248; baseline 0 -15"><span class='ocrx_word' id='word_1_624' title='bbox 197 4176 549 4248; x_wconf 87' lang='lat' dir='ltr'><strong>producunt;</strong></span> <span class='ocrx_word' id='word_1_625' title='bbox 591 4176 684 4231; x_wconf 88' lang='lat' dir='ltr'><strong>sed</strong></span> <span class='ocrx_word' id='word_1_626' title='bbox 719 4186 977 4245; x_wconf 88' lang='lat' dir='ltr'><strong>quartum</strong></span> <span class='ocrx_word' id='word_1_627' title='bbox 1006 4189 1227 4246; x_wconf 88' lang='lat' dir='ltr'><strong>quoque</strong></span> <span class='ocrx_word' id='word_1_628' title='bbox 1278 4178 1495 4246; x_wconf 88' lang='lat' dir='ltr'><strong>(nempe</strong></span> <span class='ocrx_word' id='word_1_629' title='bbox 1533 4174 1698 4231; x_wconf 81' lang='lat' dir='ltr'><strong>Verbi</strong></span> <span class='ocrx_word' id='word_1_630' title='bbox 1732 4164 2191 4238; x_wconf 88' lang='lat' dir='ltr'><strong>emanationem),</strong></span> <span class='ocrx_word' id='word_1_631' title='bbox 2222 4169 2369 4237; x_wconf 86' lang='lat' dir='ltr'><strong>quod</strong></span> <span class='ocrx_word' id='word_1_632' title='bbox 2401 4184 2508 4245; x_wconf 89' lang='lat' dir='ltr'><strong>non</strong></span> <span class='ocrx_word' id='word_1_633' title='bbox 2539 4173 2897 4239; x_wconf 60' lang='lat' dir='ltr'><strong>quaesierunt,</strong></span> <span class='ocrx_word' id='word_1_634' title='bbox 2926 4176 3215 4247; x_wconf 87' lang='lat' dir='ltr'><strong>adjiciunt.</strong></span> 
     </span>
    </p>
   </div>
   <div class='ocr_carea' id='block_1_83' title="bbox 276 4260 1814 4344">
    <p class='ocr_par' dir='ltr' id='par_1_83' title="bbox 276 4266 1795 4344">
     <span class='ocr_line' id='line_1_84' title="bbox 276 4266 1795 4344; baseline -0.002 -20"><span class='ocrx_word' id='word_1_635' title='bbox 276 4270 471 4344; x_wconf 78' lang='grc' dir='ltr'>Ταύτῃ</span> <span class='ocrx_word' id='word_1_636' title='bbox 505 4272 613 4343; x_wconf 77' lang='grc' dir='ltr'>ἄρα</span> <span class='ocrx_word' id='word_1_637' title='bbox 642 4272 738 4324; x_wconf 74' lang='grc' dir='ltr'>καὶ</span> <span class='ocrx_word' id='word_1_638' title='bbox 761 4270 854 4324; x_wconf 80' lang='grc' dir='ltr'>τὸν</span> <span class='ocrx_word' id='word_1_639' title='bbox 880 4270 1294 4342; x_wconf 79' lang='grc' dir='ltr'>ὲκπεριώνυμον</span> <span class='ocrx_word' id='word_1_640' title='bbox 1314 4266 1470 4340; x_wconf 77' lang='grc' dir='ltr'>οἶμαι</span> <span class='ocrx_word' id='word_1_641' title='bbox 1492 4268 1795 4342; x_wconf 84' lang='grc' dir='ltr'>Γρηγόριον</span> 
     </span>
    </p>
   </div>
   <div class='ocr_carea' id='block_1_84' title="bbox 1926 4260 3498 4344">
    <p class='ocr_par' dir='ltr' id='par_1_84' title="bbox 1977 4260 3498 4341">
     <span class='ocr_line' id='line_1_85' title="bbox 1977 4260 3498 4341; baseline 0.012 -28"><span class='ocrx_word' id='word_1_642' title='bbox 1977 4260 2342 4326; x_wconf 82' lang='lat' dir='ltr'><strong>Quamobrem</strong></span> <span class='ocrx_word' id='word_1_643' title='bbox 2374 4264 2856 4333; x_wconf 64' lang='lat' dir='ltr'><strong>praeclarissimum</strong></span> <span class='ocrx_word' id='word_1_644' title='bbox 2880 4267 3204 4341; x_wconf 82' lang='lat' dir='ltr'><strong>Gregorium</strong></span> <span class='ocrx_word' id='word_1_645' title='bbox 3235 4273 3498 4341; x_wconf 85' lang='lat' dir='ltr'><strong>arbitror,</strong></span> 
     </span>
    </p>
   </div>
   <div class='ocr_carea' id='block_1_85' title="bbox 197 4351 1814 4435">
    <p class='ocr_par' dir='ltr' id='par_1_85' title="bbox 197 4356 1793 4435">
     <span class='ocr_line' id='line_1_86' title="bbox 197 4356 1793 4435; baseline -0.006 -15"><span class='ocrx_word' id='word_1_646' title='bbox 197 4364 518 4435; x_wconf 76' lang='grc' dir='ltr'>καθυφέντα</span> <span class='ocrx_word' id='word_1_647' title='bbox 555 4366 653 4434; x_wconf 78' lang='grc' dir='ltr'>τῆς</span> <span class='ocrx_word' id='word_1_648' title='bbox 692 4363 892 4435; x_wconf 80' lang='grc' dir='ltr'>πολλῆς</span> <span class='ocrx_word' id='word_1_649' title='bbox 926 4356 1312 4435; x_wconf 77' lang='grc' dir='ltr'>ἀκριϐολογίας</span> <span class='ocrx_word' id='word_1_650' title='bbox 1358 4361 1696 4434; x_wconf 83' lang='grc' dir='ltr'>ἀρκεσθῆναι</span> <span class='ocrx_word' id='word_1_651' title='bbox 1727 4360 1793 4429; x_wconf 70' lang='grc' dir='ltr'>τῇ</span> 
     </span>
    </p>
   </div>
   <div class='ocr_carea' id='block_1_86' title="bbox 1926 4351 3499 4435">
    <p class='ocr_par' dir='ltr' id='par_1_86' title="bbox 1926 4351 3499 4429">
     <span class='ocr_line' id='line_1_87' title="bbox 1926 4351 3499 4429; baseline 0.013 -27"><span class='ocrx_word' id='word_1_652' title='bbox 1926 4366 2125 4406; x_wconf 65' lang='lat' dir='ltr'><strong>summo</strong></span> <span class='ocrx_word' id='word_1_653' title='bbox 2157 4351 2453 4409; x_wconf 89' lang='lat' dir='ltr'><strong>locutionis</strong></span> <span class='ocrx_word' id='word_1_654' title='bbox 2488 4354 2652 4425; x_wconf 88' lang='lat' dir='ltr'><strong>rigori</strong></span> <span class='ocrx_word' id='word_1_655' title='bbox 2685 4358 2914 4415; x_wconf 90' lang='lat' dir='ltr'><strong>minime</strong></span> <span class='ocrx_word' id='word_1_656' title='bbox 2944 4372 3248 4429; x_wconf 81' lang='lat' dir='ltr'><strong>vacantem,</strong></span> <span class='ocrx_word' id='word_1_657' title='bbox 3283 4373 3499 4423; x_wconf 89' lang='lat' dir='ltr'><strong>tantum</strong></span> 
     </span>
    </p>
   </div>
   <div class='ocr_carea' id='block_1_87' title="bbox 198 4439 1814 4526">
    <p class='ocr_par' dir='ltr' id='par_1_87' title="bbox 198 4450 1794 4525">
     <span class='ocr_line' id='line_1_88' title="bbox 198 4450 1794 4525; baseline -0.004 -16"><span class='ocrx_word' id='word_1_658' title='bbox 198 4453 381 4509; x_wconf 83' lang='grc' dir='ltr'>εἰκόνι</span> <span class='ocrx_word' id='word_1_659' title='bbox 443 4454 542 4508; x_wconf 76' lang='grc' dir='ltr'>καὶ</span> <span class='ocrx_word' id='word_1_660' title='bbox 592 4452 673 4525; x_wconf 77' lang='grc' dir='ltr'>τῷ</span> <span class='ocrx_word' id='word_1_661' title='bbox 726 4452 1156 4525; x_wconf 87' lang='grc' dir='ltr'>παραδείγματι.</span> <span class='ocrx_word' id='word_1_662' title='bbox 1191 4451 1456 4522; x_wconf 83' lang='grc' dir='ltr'>Ἐπείπερ</span> <span class='ocrx_word' id='word_1_663' title='bbox 1490 4450 1626 4522; x_wconf 83' lang='grc' dir='ltr'>μηδὲ</span> <span class='ocrx_word' id='word_1_664' title='bbox 1654 4450 1794 4521; x_wconf 86' lang='grc' dir='ltr'>πρό-</span> 
     </span>
    </p>
   </div>
   <div class='ocr_carea' id='block_1_88' title="bbox 1926 4439 3501 4526">
    <p class='ocr_par' dir='ltr' id='par_1_88' title="bbox 1928 4439 3501 4526">
     <span class='ocr_line' id='line_1_89' title="bbox 1928 4439 3501 4526; baseline 0.011 -33"><span class='ocrx_word' id='word_1_665' title='bbox 1928 4439 2144 4511; x_wconf 88' lang='lat' dir='ltr'><strong>magine</strong></span> <span class='ocrx_word' id='word_1_666' title='bbox 2190 4448 2246 4497; x_wconf 88' lang='lat' dir='ltr'><strong>et</strong></span> <span class='ocrx_word' id='word_1_667' title='bbox 2306 4444 2605 4512; x_wconf 81' lang='lat' dir='ltr'><strong>exemplari</strong></span> <span class='ocrx_word' id='word_1_668' title='bbox 2664 4445 2835 4502; x_wconf 81' lang='lat' dir='ltr'><strong>fuisse</strong></span> <span class='ocrx_word' id='word_1_669' title='bbox 2919 4461 3257 4508; x_wconf 85' lang='lat' dir='ltr'><strong>contentum.</strong></span> <span class='ocrx_word' id='word_1_670' title='bbox 3311 4453 3501 4526; x_wconf 85' lang='lat' dir='ltr'><strong>Neque</strong></span> 
     </span>
    </p>
   </div>
   <div class='ocr_carea' id='block_1_89' title="bbox 197 4533 1814 4618">
    <p class='ocr_par' dir='ltr' id='par_1_89' title="bbox 197 4542 1793 4618">
     <span class='ocr_line' id='line_1_90' title="bbox 197 4542 1793 4618; baseline -0.004 -16"><span class='ocrx_word' id='word_1_671' title='bbox 197 4550 357 4613; x_wconf 84' lang='grc' dir='ltr'>θεσις</span> <span class='ocrx_word' id='word_1_672' title='bbox 389 4542 458 4615; x_wconf 80' lang='grc' dir='ltr'><strong>ἦν</strong></span> <span class='ocrx_word' id='word_1_673' title='bbox 487 4545 639 4617; x_wconf 80' lang='grc' dir='ltr'>αὐτῷ</span> <span class='ocrx_word' id='word_1_674' title='bbox 664 4545 725 4599; x_wconf 79' lang='grc' dir='ltr'><strong>τὸ</strong></span> <span class='ocrx_word' id='word_1_675' title='bbox 753 4545 918 4618; x_wconf 75' lang='grc' dir='ltr'>ῥητὸν</span> <span class='ocrx_word' id='word_1_676' title='bbox 948 4544 1367 4617; x_wconf 77' lang='grc' dir='ltr'>καταμερίζειν,</span> <span class='ocrx_word' id='word_1_677' title='bbox 1416 4544 1511 4599; x_wconf 74' lang='grc' dir='ltr'>καὶ</span> <span class='ocrx_word' id='word_1_678' title='bbox 1561 4546 1642 4607; x_wconf 89' lang='grc' dir='ltr'><strong>εἰς</strong></span> <span class='ocrx_word' id='word_1_679' title='bbox 1690 4543 1793 4595; x_wconf 81' lang='grc' dir='ltr'>ὅσα</span> 
     </span>
    </p>
   </div>
   <div class='ocr_carea' id='block_1_90' title="bbox 1926 4533 3497 4618">
    <p class='ocr_par' dir='ltr' id='par_1_90' title="bbox 1926 4533 3497 4610">
     <span class='ocr_line' id='line_1_91' title="bbox 1926 4533 3497 4610; baseline 0.011 -23"><span class='ocrx_word' id='word_1_680' title='bbox 1926 4535 2050 4588; x_wconf 78' lang='lat' dir='ltr'><strong>:nim</strong></span> <span class='ocrx_word' id='word_1_681' title='bbox 2103 4533 2209 4589; x_wconf 89' lang='lat' dir='ltr'><strong>sibi</strong></span> <span class='ocrx_word' id='word_1_682' title='bbox 2250 4547 2615 4605; x_wconf 88' lang='lat' dir='ltr'><strong>proposuerat</strong></span> <span class='ocrx_word' id='word_1_683' title='bbox 2646 4538 2944 4610; x_wconf 82' lang='lat' dir='ltr'><strong>Scripturae</strong></span> <span class='ocrx_word' id='word_1_684' title='bbox 2983 4545 3271 4600; x_wconf 87' lang='lat' dir='ltr'><strong>oraculum</strong></span> <span class='ocrx_word' id='word_1_685' title='bbox 3302 4547 3356 4602; x_wconf 92' lang='lat' dir='ltr'><strong>in</strong></span> <span class='ocrx_word' id='word_1_686' title='bbox 3394 4549 3497 4603; x_wconf 85' lang='lat' dir='ltr'><strong>mi-</strong></span> 
     </span>
    </p>
   </div>
   <div class='ocr_carea' id='block_1_91' title="bbox 195 4599 1814 4711">
    <p class='ocr_par' dir='ltr' id='par_1_91' title="bbox 195 4599 1797 4709">
     <span class='ocr_line' id='line_1_92' title="bbox 195 4599 1797 4709; baseline -0.004 -16"><span class='ocrx_word' id='word_1_687' title='bbox 666 4599 780 4707; x_wconf 58' lang='lat'><strong>(91:)</strong></span> <span class='ocrx_word' id='word_1_688' title='bbox 810 4599 1128 4705; x_wconf 55' lang='lat' dir='ltr'><strong>&#39;U&#39;JVGDEEW.’</strong></span> <span class='ocrx_word' id='word_1_689' title='bbox 1163 4599 1294 4689; x_wconf 55' lang='grc' dir='ltr'>ἄλλ’</span> <span class='ocrx_word' id='word_1_690' title='bbox 1319 4599 1378 4689; x_wconf 76' lang='grc' dir='ltr'><strong>ὲν</strong></span> <span class='ocrx_word' id='word_1_691' title='bbox 1411 4632 1797 4707; x_wconf 81' lang='grc' dir='ltr'>πανηγυρικῷ,</span> 
     </span>
    </p>
   </div>
   <div class='ocr_carea' id='block_1_92' title="bbox 1926 4599 3496 4711">
    <p class='ocr_par' dir='ltr' id='par_1_92' title="bbox 1926 4630 3496 4711">
     <span class='ocr_line' id='line_1_93' title="bbox 1926 4630 3496 4711; baseline 0.01 -30"><span class='ocrx_word' id='word_1_692' title='bbox 1926 4635 2075 4683; x_wconf 76' lang='lat' dir='ltr'><strong>tutas</strong></span> <span class='ocrx_word' id='word_1_693' title='bbox 2116 4636 2299 4697; x_wconf 84' lang='lat' dir='ltr'><strong>partes</strong></span> <span class='ocrx_word' id='word_1_694' title='bbox 2342 4630 2676 4699; x_wconf 86' lang='lat' dir='ltr'><strong>dispescere,</strong></span> <span class='ocrx_word' id='word_1_695' title='bbox 2723 4648 2948 4703; x_wconf 90' lang='lat' dir='ltr'><strong>easque,</strong></span> <span class='ocrx_word' id='word_1_696' title='bbox 2979 4645 3244 4706; x_wconf 89' lang='lat' dir='ltr'><strong>quantum</strong></span> <span class='ocrx_word' id='word_1_697' title='bbox 3287 4653 3496 4711; x_wconf 88' lang='lat' dir='ltr'><strong>posset,</strong></span> 
     </span>
    </p>
   </div>
   <div class='ocr_carea' id='block_1_93' title="bbox 195 4721 1814 4833">
    <p class='ocr_par' dir='ltr' id='par_1_93' title="bbox 195 4727 1803 4803">
     <span class='ocr_line' id='line_1_94' title="bbox 195 4727 1803 4803; baseline -0.004 -17"><span class='ocrx_word' id='word_1_698' title='bbox 195 4732 295 4787; x_wconf 73' lang='grc' dir='ltr'>καὶ</span> <span class='ocrx_word' id='word_1_699' title='bbox 340 4730 633 4803; x_wconf 86' lang='grc' dir='ltr'>δημοτελεί</span> <span class='ocrx_word' id='word_1_700' title='bbox 674 4730 818 4802; x_wconf 85' lang='grc' dir='ltr'>λόγῳ</span> <span class='ocrx_word' id='word_1_701' title='bbox 850 4729 1042 4801; x_wconf 82' lang='grc' dir='ltr'>χρείαν</span> <span class='ocrx_word' id='word_1_702' title='bbox 1092 4728 1336 4800; x_wconf 85' lang='grc' dir='ltr'>πληροῦν</span> <span class='ocrx_word' id='word_1_703' title='bbox 1366 4727 1693 4800; x_wconf 78' lang='grc' dir='ltr'>παρελήφθη</span> <span class='ocrx_word' id='word_1_704' title='bbox 1739 4727 1803 4781; x_wconf 79' lang='grc' dir='ltr'>τὸ</span> 
     </span>
    </p>
   </div>
   <div class='ocr_carea' id='block_1_94' title="bbox 1926 4721 3497 4833">
    <p class='ocr_par' dir='ltr' id='par_1_94' title="bbox 1926 4721 3497 4806">
     <span class='ocr_line' id='line_1_95' title="bbox 1926 4721 3497 4806; baseline 0.011 -32"><span class='ocrx_word' id='word_1_705' title='bbox 1926 4721 2272 4791; x_wconf 88' lang='lat' dir='ltr'><strong>nultiplicarc</strong></span> <span class='ocrx_word' id='word_1_706' title='bbox 2307 4739 2321 4776; x_wconf 92' lang='lat'>:</span> <span class='ocrx_word' id='word_1_707' title='bbox 2361 4726 2454 4778; x_wconf 73' lang='lat' dir='ltr'><strong>sed</strong></span> <span class='ocrx_word' id='word_1_708' title='bbox 2493 4741 2615 4780; x_wconf 88' lang='lat' dir='ltr'><strong>cum</strong></span> <span class='ocrx_word' id='word_1_709' title='bbox 2644 4727 3077 4795; x_wconf 85' lang='lat' dir='ltr'><strong>celeberrimam,</strong></span> <span class='ocrx_word' id='word_1_710' title='bbox 3110 4732 3497 4806; x_wconf 88' lang='lat' dir='ltr'><strong>publicamque</strong></span> 
     </span>
    </p>
   </div>
   <div class='ocr_carea' id='block_1_95' title="bbox 198 4813 1814 4898">
    <p class='ocr_par' dir='ltr' id='par_1_95' title="bbox 198 4821 1369 4898">
     <span class='ocr_line' id='line_1_96' title="bbox 198 4821 1369 4898; baseline -0.003 -20"><span class='ocrx_word' id='word_1_711' title='bbox 198 4823 469 4898; x_wconf 69' lang='grc' dir='ltr'>θεώρημα</span> <span class='ocrx_word' id='word_1_712' title='bbox 494 4823 572 4895; x_wconf 81' lang='grc' dir='ltr'>τῷ</span> <span class='ocrx_word' id='word_1_713' title='bbox 606 4824 802 4896; x_wconf 80' lang='grc' dir='ltr'>πλήθει</span> <span class='ocrx_word' id='word_1_714' title='bbox 829 4821 1369 4894; x_wconf 78' lang='grc' dir='ltr'>συμπεριφέρουσαν.</span> 
     </span>
    </p>
   </div>
   <div class='ocr_carea' id='block_1_96' title="bbox 1926 4813 3498 4898">
    <p class='ocr_par' dir='ltr' id='par_1_96' title="bbox 1926 4813 3498 4889">
     <span class='ocr_line' id='line_1_97' title="bbox 1926 4813 3498 4889; baseline 0.01 -23"><span class='ocrx_word' id='word_1_715' title='bbox 1926 4813 2225 4867; x_wconf 86' lang='lat' dir='ltr'><strong>:oncionem</strong></span> <span class='ocrx_word' id='word_1_716' title='bbox 2251 4814 2495 4881; x_wconf 87' lang='lat' dir='ltr'><strong>haberet,</strong></span> <span class='ocrx_word' id='word_1_717' title='bbox 2520 4816 2621 4871; x_wconf 89' lang='lat' dir='ltr'><strong>sibi</strong></span> <span class='ocrx_word' id='word_1_718' title='bbox 2658 4819 2936 4889; x_wconf 88' lang='lat' dir='ltr'><strong>proposuit</strong></span> <span class='ocrx_word' id='word_1_719' title='bbox 2966 4821 3046 4876; x_wconf 79' lang='lat' dir='ltr'><strong>sic</strong></span> <span class='ocrx_word' id='word_1_720' title='bbox 3074 4822 3378 4880; x_wconf 89' lang='lat' dir='ltr'><strong>doctrinam</strong></span> <span class='ocrx_word' id='word_1_721' title='bbox 3405 4841 3498 4883; x_wconf 77' lang='lat' dir='ltr'><strong>ex-</strong></span> 
     </span>
    </p>
   </div>
   <div class='ocr_carea' id='block_1_97' title="bbox 1900 4907 3491 4989">
    <p class='ocr_par' dir='ltr' id='par_1_97' title="bbox 1900 4907 3491 4989">
     <span class='ocr_line' id='line_1_98' title="bbox 1900 4907 3491 4989; baseline 0.011 -31"><span class='ocrx_word' id='word_1_722' title='bbox 1900 4918 2126 4976; x_wconf 87' lang='lat' dir='ltr'><strong>ponere,</strong></span> <span class='ocrx_word' id='word_1_723' title='bbox 2178 4915 2237 4960; x_wconf 90' lang='lat' dir='ltr'><strong>ut</strong></span> <span class='ocrx_word' id='word_1_724' title='bbox 2295 4907 2747 4979; x_wconf 84' lang='lat' dir='ltr'><strong>frequentissimo</strong></span> <span class='ocrx_word' id='word_1_725' title='bbox 2806 4912 2880 4966; x_wconf 93' lang='lat' dir='ltr'><strong>illi</strong></span> <span class='ocrx_word' id='word_1_726' title='bbox 2942 4917 3235 4971; x_wconf 83' lang='lat' dir='ltr'><strong>conventui</strong></span> <span class='ocrx_word' id='word_1_727' title='bbox 3276 4918 3491 4989; x_wconf 87' lang='lat' dir='ltr'><strong>plenam</strong></span> 
     </span>
    </p>
   </div>
   <div class='ocr_carea' id='block_1_98' title="bbox 1901 4998 2470 5059">
    <p class='ocr_par' dir='ltr' id='par_1_98' title="bbox 1901 4998 2470 5059">
     <span class='ocr_line' id='line_1_99' title="bbox 1901 4998 2470 5059; baseline 0.011 -8"><span class='ocrx_word' id='word_1_728' title='bbox 1901 4998 2120 5054; x_wconf 78' lang='lat' dir='ltr'><strong>aﬁrrret</strong></span> <span class='ocrx_word' id='word_1_729' title='bbox 2154 5000 2470 5059; x_wconf 87' lang='lat' dir='ltr'><strong>utilitatem.</strong></span> 
     </span>
    </p>
   </div>
   <div class='ocr_carea' id='block_1_99' title="bbox 270 5084 1814 5178">
    <p class='ocr_par' dir='ltr' id='par_1_99' title="bbox 270 5084 1785 5163">
     <span class='ocr_line' id='line_1_100' title="bbox 270 5084 1785 5163; baseline -0.005 -18"><span class='ocrx_word' id='word_1_730' title='bbox 270 5088 434 5155; x_wconf 70' lang='grc' dir='ltr'>Τινὲς</span> <span class='ocrx_word' id='word_1_731' title='bbox 465 5090 523 5144; x_wconf 82' lang='grc' dir='ltr'>δὲ</span> <span class='ocrx_word' id='word_1_732' title='bbox 550 5090 612 5145; x_wconf 82' lang='grc' dir='ltr'>τὸ</span> <span class='ocrx_word' id='word_1_733' title='bbox 641 5110 661 5144; x_wconf 77' lang='grc' dir='ltr'><strong>ι</strong></span> <span class='ocrx_word' id='word_1_734' title='bbox 688 5091 810 5146; x_wconf 86' lang='grc' dir='ltr'>κατ’</span> <span class='ocrx_word' id='word_1_735' title='bbox 836 5092 1025 5146; x_wconf 87' lang='grc' dir='ltr'>εἰκόνα</span> <span class='ocrx_word' id='word_1_736' title='bbox 1048 5109 1067 5145; x_wconf 64' lang='grc' dir='ltr'>θ</span> <span class='ocrx_word' id='word_1_737' title='bbox 1090 5088 1493 5163; x_wconf 79' lang='grc' dir='ltr'>παρειλήφασιν</span> <span class='ocrx_word' id='word_1_738' title='bbox 1522 5084 1643 5141; x_wconf 70' lang='grc' dir='ltr'>ἀντὶ</span> <span class='ocrx_word' id='word_1_739' title='bbox 1666 5084 1785 5149; x_wconf 85' lang='grc' dir='ltr'>τοῦ,</span> 
     </span>
    </p>
   </div>
   <div class='ocr_carea' id='block_1_100' title="bbox 1926 5084 3493 5178">
    <p class='ocr_par' dir='ltr' id='par_1_100' title="bbox 1975 5085 3493 5178">
     <span class='ocr_line' id='line_1_101' title="bbox 1975 5085 3493 5178; baseline 0.014 -38"><span class='ocrx_word' id='word_1_740' title='bbox 1975 5085 2229 5142; x_wconf 78' lang='lat' dir='ltr'><strong>Nonnulli</strong></span> <span class='ocrx_word' id='word_1_741' title='bbox 2255 5102 2385 5145; x_wconf 85' lang='lat' dir='ltr'><strong>vero</strong></span> <span class='ocrx_word' id='word_1_742' title='bbox 2418 5091 2549 5146; x_wconf 89' lang='lat' dir='ltr'><strong>illud</strong></span> <span class='ocrx_word' id='word_1_743' title='bbox 2581 5110 2600 5145; x_wconf 79' lang='grc' dir='ltr'><strong>ι</strong></span> <span class='ocrx_word' id='word_1_744' title='bbox 2633 5093 2699 5149; x_wconf 84' lang='lat' dir='ltr'><strong>ad</strong></span> <span class='ocrx_word' id='word_1_745' title='bbox 2727 5095 3016 5171; x_wconf 86' lang='lat' dir='ltr'><strong>imaginem</strong></span> <span class='ocrx_word' id='word_1_746' title='bbox 3053 5118 3071 5153; x_wconf 73' lang='grc' dir='ltr'><strong>ι</strong></span> <span class='ocrx_word' id='word_1_747' title='bbox 3105 5102 3365 5174; x_wconf 87' lang='lat' dir='ltr'><strong>scriptum</strong></span> <span class='ocrx_word' id='word_1_748' title='bbox 3394 5120 3493 5178; x_wconf 88' lang='lat' dir='ltr'><strong>pro</strong></span> 
     </span>
    </p>
   </div>
   <div class='ocr_carea' id='block_1_101' title="bbox 1723 5288 1954 5350">
    <p class='ocr_par' dir='ltr' id='par_1_101' title="bbox 1723 5288 1954 5350">
     <span class='ocr_line' id='line_1_102' title="bbox 1723 5288 1954 5350; baseline 0.013 -3"><span class='ocrx_word' id='word_1_749' title='bbox 1723 5288 1954 5350; x_wconf 65' lang='lat' dir='ltr'><strong>NOTE.</strong></span> 
     </span>
    </p>
   </div>
   <div class='ocr_carea' id='block_1_102' title="bbox 279 5448 2391 5550">
    <p class='ocr_par' dir='ltr' id='par_1_102' title="bbox 279 5448 2391 5550">
     <span class='ocr_line' id='line_1_103' title="bbox 279 5448 2391 5550; baseline -0.002 -16"><span class='ocrx_word' id='word_1_750' title='bbox 279 5476 396 5550; x_wconf 73' lang='lat'><strong>(9|)</strong></span> <span class='ocrx_word' id='word_1_751' title='bbox 427 5476 489 5534; x_wconf 85' lang='lat' dir='ltr'><strong>lu</strong></span> <span class='ocrx_word' id='word_1_752' title='bbox 525 5475 588 5533; x_wconf 87' lang='lat' dir='ltr'><strong>S.</strong></span> <span class='ocrx_word' id='word_1_753' title='bbox 640 5474 850 5532; x_wconf 87' lang='lat' dir='ltr'><strong>Pascha</strong></span> <span class='ocrx_word' id='word_1_754' title='bbox 898 5473 1049 5530; x_wconf 88' lang='lat' dir='ltr'><strong>hom.</strong></span> <span class='ocrx_word' id='word_1_755' title='bbox 1106 5488 1168 5539; x_wconf 85' lang='grc' dir='ltr'><strong>ιι,</strong></span> <span class='ocrx_word' id='word_1_756' title='bbox 1218 5487 1274 5544; x_wconf 87' lang='lat' dir='ltr'><strong>p.</strong></span> <span class='ocrx_word' id='word_1_757' title='bbox 1321 5448 1449 5528; x_wconf 80' lang='lat'><strong>680.</strong></span> <span class='ocrx_word' id='word_1_758' title='bbox 1490 5467 1637 5526; x_wconf 84' lang='lat' dir='ltr'><strong>Edit.</strong></span> <span class='ocrx_word' id='word_1_759' title='bbox 1671 5469 1791 5528; x_wconf 86' lang='lat' dir='ltr'><strong>Col.</strong></span> <span class='ocrx_word' id='word_1_760' title='bbox 1896 5470 2101 5550; x_wconf 74' lang='lat' dir='ltr'><strong>jectnm</strong></span> <span class='ocrx_word' id='word_1_761' title='bbox 2129 5477 2391 5550; x_wconf 72' lang='lat' dir='ltr'><strong>_e_xpunxi.</strong></span> 
     </span>
    </p>
   </div>
   <div class='ocr_carea' id='block_1_103' title="bbox 204 5544 3495 5630">
    <p class='ocr_par' dir='ltr' id='par_1_103' title="bbox 204 5544 3495 5630">
     <span class='ocr_line' id='line_1_104' title="bbox 204 5544 3495 5630; baseline 0.007 -35"><span class='ocrx_word' id='word_1_762' title='bbox 204 5544 387 5605; x_wconf 51' lang='lat'><strong>[690;</strong></span> <span class='ocrx_word' id='word_1_763' title='bbox 932 5616 943 5627; x_wconf 38' lang='lat'><em>.</em></span> <span class='ocrx_word' id='word_1_764' title='bbox 1182 5615 1193 5627; x_wconf 42' lang='lat'><em>.</em></span> <span class='ocrx_word' id='word_1_765' title='bbox 1484 5613 1496 5626; x_wconf 44' lang='lat'><strong>.</strong></span> <span class='ocrx_word' id='word_1_766' title='bbox 1565 5613 1579 5630; x_wconf 38' lang='grc' dir='ltr'>ἱ</span> <span class='ocrx_word' id='word_1_767' title='bbox 1682 5613 1695 5630; x_wconf 44' lang='grc'><strong>1</strong></span> <span class='ocrx_word' id='word_1_768' title='bbox 1741 5623 1782 5630; x_wconf 29' lang='grc' dir='ltr'>η</span> <span class='ocrx_word' id='word_1_769' title='bbox 1938 5545 2086 5630; x_wconf 56' lang='lat' dir='ltr'><strong>_(94_&#39;l</strong></span> <span class='ocrx_word' id='word_1_770' title='bbox 2126 5544 2607 5630; x_wconf 66' lang='lat' dir='ltr'><strong>Ha&#39;riolandoillud</strong></span> <span class='ocrx_word' id='word_1_771' title='bbox 2636 5556 2780 5630; x_wconf 69' lang='grc' dir='ltr'>μέρη</span> <span class='ocrx_word' id='word_1_772' title='bbox 2812 5556 2878 5614; x_wconf 82' lang='lat' dir='ltr'><strong>ad</strong></span> <span class='ocrx_word' id='word_1_773' title='bbox 2901 5558 3319 5630; x_wconf 79' lang='lat' dir='ltr'><strong>interstitiolum</strong></span> <span class='ocrx_word' id='word_1_774' title='bbox 3341 5574 3495 5617; x_wconf 86' lang='lat' dir='ltr'><strong>com-</strong></span> 
     </span>
    </p>
   </div>
   <div class='ocr_carea' id='block_1_104' title="bbox 268 5613 3494 5700">
    <p class='ocr_par' dir='ltr' id='par_1_104' title="bbox 268 5613 3494 5700">
     <span class='ocr_line' id='line_1_105' title="bbox 268 5613 3494 5700; baseline 0.003 -25"><span class='ocrx_word' id='word_1_775' title='bbox 268 5622 388 5691; x_wconf 65' lang='grc'><strong>(92)</strong></span> <span class='ocrx_word' id='word_1_776' title='bbox 421 5618 529 5700; x_wconf 82' lang='lat' dir='ltr'><strong>Ubi</strong></span> <span class='ocrx_word' id='word_1_777' title='bbox 687 5616 993 5686; x_wconf 84' lang='lat' dir='ltr'><strong>scripserit,</strong></span> <span class='ocrx_word' id='word_1_778' title='bbox 1047 5615 1271 5683; x_wconf 88' lang='lat' dir='ltr'><strong>nescio;</strong></span> <span class='ocrx_word' id='word_1_779' title='bbox 1303 5625 1452 5671; x_wconf 84' lang='lat' dir='ltr'><strong>certe</strong></span> <span class='ocrx_word' id='word_1_780' title='bbox 1482 5613 1538 5669; x_wconf 91' lang='lat' dir='ltr'><strong>in</strong></span> <span class='ocrx_word' id='word_1_781' title='bbox 1565 5613 1793 5670; x_wconf 86' lang='lat' dir='ltr'><strong>laudata</strong></span> <span class='ocrx_word' id='word_1_782' title='bbox 1902 5615 2158 5700; x_wconf 78' lang='lat' dir='ltr'><strong>piendum</strong></span> <span class='ocrx_word' id='word_1_783' title='bbox 2190 5614 2404 5700; x_wconf 66' lang='lat' dir='ltr'><strong>reduxi,</strong></span> <span class='ocrx_word' id='word_1_784' title='bbox 2430 5613 2651 5700; x_wconf 15' lang='lat' dir='ltr'><strong>uecﬂmé</strong></span> <span class='ocrx_word' id='word_1_785' title='bbox 2694 5613 2855 5700; x_wconf 68' lang='lat' dir='ltr'><strong>piget.</strong></span> <span class='ocrx_word' id='word_1_786' title='bbox 2899 5613 3145 5686; x_wconf 73' lang='lat' dir='ltr'><strong>Verbum</strong></span> <span class='ocrx_word' id='word_1_787' title='bbox 3172 5613 3494 5687; x_wconf 49' lang='lat' dir='ltr'><strong>autemst;-</strong></span> 
     </span>
    </p>
   </div>
   <div class='ocr_carea' id='block_1_105' title="bbox 198 5689 3488 5776">
    <p class='ocr_par' dir='ltr' id='par_1_105' title="bbox 198 5689 3488 5776">
     <span class='ocr_line' id='line_1_106' title="bbox 198 5689 3488 5776; baseline 0.003 -27"><span class='ocrx_word' id='word_1_788' title='bbox 198 5689 448 5749; x_wconf 83' lang='lat' dir='ltr'><strong>oratione</strong></span> <span class='ocrx_word' id='word_1_789' title='bbox 478 5689 839 5745; x_wconf 78' lang='lat' dir='ltr'><strong>desideratur.</strong></span> <span class='ocrx_word' id='word_1_790' title='bbox 908 5757 934 5769; x_wconf 83' lang='lat'><strong>_</strong></span> <span class='ocrx_word' id='word_1_791' title='bbox 1005 5759 1016 5776; x_wconf 49' lang='lat'>.</span> <span class='ocrx_word' id='word_1_792' title='bbox 1337 5759 1347 5772; x_wconf 39' lang='lat'><em>‘</em></span> <span class='ocrx_word' id='word_1_793' title='bbox 1437 5755 1457 5776; x_wconf 44' lang='lat' dir='ltr'><strong><em>I</em></strong></span> <span class='ocrx_word' id='word_1_794' title='bbox 1559 5764 1574 5776; x_wconf 38' lang='grc' dir='ltr'><strong>Δ</strong></span> <span class='ocrx_word' id='word_1_795' title='bbox 1708 5756 1718 5767; x_wconf 83' lang='lat'><em>_</em></span> <span class='ocrx_word' id='word_1_796' title='bbox 1904 5690 2311 5776; x_wconf 40' lang='grc' dir='ltr'>νηγυρικὸνλί)</span> <span class='ocrx_word' id='word_1_797' title='bbox 2375 5698 2604 5776; x_wconf 71' lang='lat' dir='ltr'><strong>exordio</strong></span> <span class='ocrx_word' id='word_1_798' title='bbox 2640 5689 2884 5769; x_wconf 55' lang='lat' dir='ltr'><strong>ej&#39;us&#39;dem</strong></span> <span class='ocrx_word' id='word_1_799' title='bbox 2926 5702 3193 5757; x_wconf 84' lang='lat' dir='ltr'><strong>orationis</strong></span> <span class='ocrx_word' id='word_1_800' title='bbox 3258 5705 3488 5759; x_wconf 72' lang='lat' dir='ltr'><strong>edoctus</strong></span> 
     </span>
    </p>
   </div>
   <div class='ocr_carea' id='block_1_106' title="bbox 274 5755 1814 5836">
    <p class='ocr_par' dir='ltr' id='par_1_106' title="bbox 274 5755 1792 5836">
     <span class='ocr_line' id='line_1_107' title="bbox 274 5755 1792 5836; baseline -0.006 -17"><span class='ocrx_word' id='word_1_801' title='bbox 274 5763 387 5836; x_wconf 48' lang='lat' dir='ltr'><strong>res)</strong></span> <span class='ocrx_word' id='word_1_802' title='bbox 428 5758 839 5830; x_wconf 76' lang='lat' dir='ltr'><strong>Monosyllabou</strong></span> <span class='ocrx_word' id='word_1_803' title='bbox 870 5757 974 5828; x_wconf 81' lang='grc' dir='ltr'>γῆν</span> <span class='ocrx_word' id='word_1_804' title='bbox 1004 5759 1111 5811; x_wconf 89' lang='lat' dir='ltr'><strong>huc</strong></span> <span class='ocrx_word' id='word_1_805' title='bbox 1146 5766 1270 5827; x_wconf 87' lang='lat' dir='ltr'><strong>post</strong></span> <span class='ocrx_word' id='word_1_806' title='bbox 1298 5759 1395 5829; x_wconf 81' lang='grc' dir='ltr'>τὴν</span> <span class='ocrx_word' id='word_1_807' title='bbox 1436 5755 1640 5813; x_wconf 78' lang='lat' dir='ltr'><strong>frustra</strong></span> <span class='ocrx_word' id='word_1_808' title='bbox 1708 5756 1792 5811; x_wconf 89' lang='lat' dir='ltr'><strong>iu-</strong></span> 
     </span>
    </p>
   </div>
   <div class='ocr_carea' id='block_1_107' title="bbox 1926 5755 2563 5836">
    <p class='ocr_par' dir='ltr' id='par_1_107' title="bbox 1926 5755 2563 5823">
     <span class='ocr_line' id='line_1_108' title="bbox 1926 5755 2563 5823; baseline 0.013 -9"><span class='ocrx_word' id='word_1_809' title='bbox 1926 5755 2111 5816; x_wconf 46' lang='lat' dir='ltr'><strong>eddi&#39;di</strong></span> <span class='ocrx_word' id='word_1_810' title='bbox 2144 5762 2563 5823; x_wconf 68' lang='lat' dir='ltr'><strong>celeberrimum.</strong></span> 
     </span>
    </p>
   </div>
   <div class='ocr_carea' id='block_1_108' title="bbox 570 5856 1814 5926">
    <p class='ocr_par' dir='ltr' id='par_1_108' title="bbox 570 5856 1145 5920">
     <span class='ocr_line' id='line_1_109' title="bbox 570 5856 1145 5920; baseline -0.003 0"><span class='ocrx_word' id='word_1_811' title='bbox 570 5858 842 5920; x_wconf 75' lang='grc' dir='ltr'>Ρλτειοι.</span> <span class='ocrx_word' id='word_1_812' title='bbox 889 5856 1004 5918; x_wconf 78' lang='lat' dir='ltr'><strong>Gn.</strong></span> <span class='ocrx_word' id='word_1_813' title='bbox 1040 5856 1145 5919; x_wconf 90' lang='lat' dir='ltr'><strong>Cl.</strong></span> 
     </span>
    </p>
   </div>
   <div class='ocr_carea' id='block_1_109' title="bbox 1926 5856 3170 5926">
    <p class='ocr_par' dir='ltr' id='par_1_109' title="bbox 3130 5867 3170 5926">
     <span class='ocr_line' id='line_1_110' title="bbox 3130 5867 3170 5926; baseline 0 0"><span class='ocrx_word' id='word_1_814' title='bbox 3130 5867 3170 5926; x_wconf 87' lang='lat'><strong>9</strong></span> 
     </span>
    </p>
   </div>
  </div>
