3888 6186
431 236 533 301 ἓῦῧ

1583 238 1843 299 ΡΗΟΤΞΙ
1884 238 2391 298 PATRIARCILE
2416 240 2524 299 Cl".

3575 238 3683 303 260

430 377 449 408 ι
489 355 895 426 pet-imaginem
927 374 944 405 ι
978 365 1287 409 autumant.
1320 356 1453 409 Nam
1481 371 1605 410 cum
1631 357 1871 427 Spiritus
1890 373 2007 412 san-

2115 357 2206 410 διὰ
2239 357 2338 426 τῆς
2364 357 2595 418 εἰκόνος.
2649 354 2723 407 Τὸ
2766 348 2879 425 γὰρ’
2917 351 3181 421 πανάγιον
3214 351 3463 421 Πνεῦμα,
3493 354 3683 421 φασῖν,

426 458 568 507 ctus,
596 445 768 510 aiunt,
794 444 872 498 uti
903 454 956 499 et
989 444 1161 500 Filius
1184 445 1255 499 sit
1296 464 1314 496 ι
1348 445 1604 514 splendor
1625 456 1695 500 et
1743 447 1912 516 ﬁgura
1942 448 1962 477 ⁸
1989 488 2003 512 ,

424 547 479 592 et
502 538 678 606 imago
701 537 811 606 (95)
835 538 1192 591 immutabilis
1217 538 1431 601 Patris;
1460 557 1477 588 ι
1516 554 1748 609 cumque
1774 538 2008 592 hominis

424 630 604 681 anima
633 644 727 697 per
746 628 1032 697 Spiritum,
1061 645 1156 682 seu
1180 628 1523 697 Spiraculum
1553 628 1859 697 immediate
1881 641 2011 681 con-

423 724 532 778 dita
566 724 637 778 sit
663 765 677 788 ,
713 724 835 793 jure
860 725 1162 793 meritoque
1193 724 1467 777 hominem
1496 741 1512 775 ι
1540 739 1633 792 per
1664 722 1957 791 imaginem
1981 740 2002 775 ι

424 817 649 869 omnino
700 827 940 871 creatum
963 860 978 883 ,
1009 826 1061 871 et
1096 835 1113 867 ι
1154 816 1218 870 ad
1252 815 1543 885 imaginem
1576 833 1593 865 ι
1632 813 1724 868 Dei
1762 815 1962 868 factum
1987 855 2002 879 ,

424 922 519 961 seu
552 906 749 961 divinae
781 907 1035 975 imaginis
1058 921 1218 975 Opus,
1246 914 1300 958 et
1343 903 1852 973 praestantissimam
1885 917 2008 957 esse

424 1008 730 1053 creaturam
761 999 941 1054 dicere
974 1013 1307 1068 possumus;
1340 998 1586 1066 adeoque
1641 996 1783 1050 hanc
1836 994 2008 1049 nomi-

428 1108 556 1146 num
633 1091 948 1160 metalepsin
1017 1092 1134 1145 sine
1208 1090 1595 1161 impedimento
1663 1088 2004 1144 adhibemus.

426 1182 789 1248 Quamobrem
816 1184 1062 1238 nonnulli
1093 1182 1412 1251 eorutn,qui
1444 1181 1616 1235 sacris
1646 1179 1865 1233 Litteris
1915 1196 2009 1233 ex-

426 1276 689 1345 plicandis
710 1276 1089 1343 incubuerunt,
1110 1292 1213 1329 non
1240 1294 1256 1327 ι
1288 1276 1353 1328 ad
1374 1274 1660 1343 imaginem
1687 1291 1704 1324 ι
1734 1272 2005 1327 hominem

428 1367 599 1422 fuisse
630 1366 833 1421 factum
857 1367 1130 1430 dixerunt,
1156 1367 1248 1422 sed
1284 1386 1301 1418 ι
1342 1366 1393 1420 in
1419 1366 1635 1435 magine
1675 1384 1693 1416 ι
1736 1365 2007 1432 interpre-

426 1460 521 1513 tati
558 1469 706 1513 sunt.
738 1460 902 1529 Atqui
935 1461 1049 1514 haec
1078 1460 1299 1529 quidem
1345 1457 1741 1528 interpretandi
1766 1456 1929 1521 ratio,
1960 1456 2005 1509 si

424 1552 591 1605 etiam
626 1554 945 1621 acceptione
992 1553 1151 1620 digna
1193 1552 1464 1617 videatur,
1495 1551 1644 1604 nullo
1675 1557 1835 1619 parto
1868 1547 2010 1601 veri-

426 1637 521 1691 tati
552 1638 766 1692 ollieere
818 1638 1047 1707 poterit;
1071 1638 1180 1691 imo
1209 1648 1263 1691 et
1300 1637 1527 1690 alteram
1565 1637 1704 1689 hanc
1740 1634 2005 1705 propositi

424 1730 629 1782 oraculi
667 1730 1100 1784 enucleationem
1146 1729 1389 1793 subiens,
1418 1729 1488 1783 ab
1515 1744 1600 1791 ea,
1638 1743 1761 1783 meo
1783 1726 2001 1798 quidem
2034 1703 2081 1761 Β

423 1821 649 1888 judicio,
688 1836 787 1875 nec
821 1821 1044 1886 amabit,
1070 1835 1169 1875 nec
1200 1829 1407 1889 quaeret
1466 1820 1648 1875 avelli.

499 1910 865 1980 lteperiuntur
900 1918 1076 1964 autem
1102 1920 1378 1974 auctores,
1419 1909 1511 1979 qui
1539 1910 1613 1978 (et
1643 1909 1747 1964 hac
1784 1907 2005 1977 quidem

426 2002 786 2071 explicatione
816 2000 948 2055 illud
990 2019 1008 2050 σ
1056 2001 1125 2055 ad
1160 2001 1451 2071 imaginem
1489 2020 1507 2053 ι
1544 2001 1796 2071 protinus
1833 2000 2005 2055 reler-

428 2106 515 2148 Iur
563 2094 629 2147 azl
682 2093 878 2148 divinae
938 2108 1185 2161 personae
1234 2095 1624 2163 proprietatem
1683 2102 1808 2148 ante
1857 2101 2008 2147 cata-

428 2186 636 2254 lvpsin)
666 2184 817 2239 aiunt
851 2203 865 2239 :
897 2194 1017 2240 esto
1074 2185 1205 2238 illud
1258 2203 1275 2235 ι
1305 2186 1370 2239 ad
1424 2186 1714 2254 imaginem
1755 2205 1773 2237 ι
1806 2188 1877 2239 ita
1922 2185 2007 2239 di-

426 2287 571 2329 ctum
607 2275 673 2328 de
706 2273 897 2339 Verbo,
934 2286 991 2329 ut
1022 2276 1087 2329 ad
1130 2274 1290 2329 Verbi
1327 2274 1759 2329 incarnationem
1815 2286 1869 2329 et
1908 2275 2006 2330 ad-

430 2374 648 2421 ventum
669 2365 954 2435 pertineat.
987 2364 1042 2419 Si
1072 2366 1216 2419 enim
1248 2384 1265 2417 (
1295 2364 1553 2431 Verbum,
1579 2364 1852 2433 inquiunt,
1875 2379 2005 2417 caro

428 2458 630 2513 factum
657 2468 761 2522 est,
785 2466 839 2512 et
894 2458 1156 2513 habitavit
1206 2458 1259 2511 in
1301 2457 1460 2512 nobis
1485 2458 1537 2521 ³,
1574 2476 1593 2509 ι
1632 2466 1685 2511 et
1712 2458 1877 2511 homo
1903 2455 2005 2510 fuit

432 2578 448 2603 ι
486 2568 581 2621 per
631 2551 849 2607 omnia‘
888 2570 905 2602 ι
944 2559 1305 2620 ρτωιρτίιιιειηι
1345 2549 1398 2603 ἱιι
1452 2549 1757 2619 peccato“;
1814 2548 2005 2617 utique

427 2643 731 2699 secundum
784 2643 929 2697 illam
984 2652 1251 2705 sanctam,
1310 2650 1364 2697 et
1413 2652 1639 2712 peccato
1703 2651 2002 2707 carentem,

427 2738 539 2792 imo
592 2744 646 2790 et
695 2749 857 2789 omne
921 2742 1205 2803 peccatum
1278 2734 1646 2788 destruentem
1707 2734 2001 2803 imaginem

426 2830 598 2884 fuisse
630 2827 713 2881 vel
745 2827 919 2897 ipsum
976 2826 1209 2895 primum
1266 2836 1542 2895 parentem
1602 2826 1771 2881 Adam
1822 2827 2005 2882 condi-

427 2931 541 2973 tum
583 2926 729 2972 recte
765 2929 1013 2980 censere,
1054 2922 1106 2969 et
1150 2911 1332 2970 dicere
1365 2916 1510 2970 nulla
1552 2917 1763 2972 ratione
1813 2916 2001 2986 prohi-

428 3013 705 3065 bcrctnur.

501 3100 577 3153 lin
630 3100 793 3153 alium
834 3100 1047 3153 modum
1098 3100 1287 3164 habes,
1322 3101 1478 3169 quasi
1514 3100 1566 3154 in
1599 3101 1896 3172 porisniate
1937 3116 2004 3155 ex

430 3191 741 3260 hujunnodi
776 3192 1135 3260 explicatione
1180 3193 1580 3262 procedentem,
1613 3193 1888 3263 habesque
1929 3194 2005 3248 si-

431 3280 541 3333 mul
567 3290 620 3333 et
655 3279 1035 3351 imaginem,ct
1057 3282 1353 3352 exemplar,
1386 3291 1441 3335 et
1475 3282 1773 3337 secundum
1810 3300 2006 3354 quant-

431 3385 555 3423 nam
589 3369 879 3439 imaginem
906 3370 1075 3424 Adam
1108 3370 1158 3423 in
1196 3371 1433 3425 hominis
1464 3380 1654 3425 natura
1684 3370 1845 3427 fuerit
1873 3388 2007 3427 con-

429 3462 673 3517 stitutus.
694 3463 827 3517 Cum
858 3463 999 3517 enim
1023 3462 1192 3517 Filius
1209 3464 1278 3516 sit
1311 3463 1490 3533 imago
1519 3464 2006 3530 incommutabilis,

427 3565 481 3609 et
516 3553 999 3610 consubstantialis
1037 3553 1205 3615 Patri,
1236 3569 1467 3623 cumque
1505 3552 1682 3609 factus
1718 3555 1788 3610 sit
1820 3555 2003 3621 homo,

427 3648 615 3718 quales
655 3664 755 3702 nos
789 3662 1001 3711 sumus,
1047 3657 1100 3700 et
1134 3662 1292 3699 unam
1348 3662 1472 3701 cum
1498 3656 1777 3715 assumpta
1810 3656 2005 3701 natura

429 3738 726 3794 confecerit
776 3753 1101 3809 personam;
1140 3739 1413 3793 hominem
1462 3739 1526 3793 ad
1561 3739 1805 3795 eamdem
1849 3756 2003 3794 suam

428 3833 795 3886 mmlitionem
860 3838 1111 3885 evectum
1177 3830 1652 3900 ostenditzatque
1705 3833 2006 3885 secundum

430 3926 569 3980 hanc
603 3923 761 3979 Verbi
794 3922 1059 3978 incarnati
1092 3922 1321 3975 formam
1352 3923 1394 3986 ⁸,
1429 3933 1484 3976 et
1510 3922 1683 3976 ideam
1710 3921 1893 3976 divina
1921 3938 2009 3976 sa-

429 4018 651 4086 pientia,
685 4031 806 4086 qum
842 4014 1193 4085 praevidebat,
1220 4014 1657 4083 disponebatque
1698 4012 1906 4077 futura,
1938 4014 2005 4069 ad

430 4106 662 4175 primum
692 4105 863 4159 nostri
892 4105 1106 4174 generis
1148 4112 1424 4174 parentem
1466 4120 1620 4173 pura,
1652 4114 1705 4157 ct
1744 4105 2009 4160 creatrice

430 4215 593 4252 manu
653 4196 1000 4252 formandum
1046 4214 1073 4248 a
1131 4211 1242 4250 suae
1286 4196 1633 4266 benignitatis
1677 4196 2006 4251 abundantia

428 4290 657 4343 adducta
695 4298 800 4342 est.

496 4388 672 4453 Atque
724 4383 837 4437 haec
884 4382 1139 4445 maxima,
1202 4390 1259 4434 ut
1303 4379 1543 4433 arbitror
1577 4420 1590 4443 ,
1626 4378 2010 4449 perspicuitate
2041 4402 2087 4459 ι)

426 4486 480 4530 et
512 4476 793 4544 diligentia
840 4475 1120 4529 enucleata
1168 4482 1316 4529 sunt.
1371 4470 1662 4526 Enimvero
1692 4471 2006 4542 Anthropo-

429 4568 823 4637 inorphitarutu
873 4567 1123 4620 delirium
1162 4574 1280 4619 esto
1324 4564 1375 4618 in
1409 4578 1598 4617 eorum
1634 4563 1877 4617 animum
1920 4564 2003 4618 iu-

427 4659 685 4724 ductum,
736 4659 828 4728 qui
888 4655 1057 4711 Deum
1142 4657 1337 4725 quavis
1391 4656 1595 4725 ﬁgura,
1658 4656 2007 4712 circumscri-

427 4753 630 4821 ptione,
685 4763 739 4805 et
793 4749 1281 4820 comprehensione
1330 4758 1604 4801 carentem
1649 4749 1717 4802 ad
1768 4750 2006 4805 hominis

429 4846 657 4899 formam
710 4854 872 4914 atque
917 4844 1147 4911 ﬁguram
1204 4840 1627 4911 perlrahcndum
1670 4840 2003 4896 insanientes

429 4945 709 5006 putarunt.
752 4935 867 4990 lino
899 4952 1076 5006 neque
1102 4937 1228 5001 hoc,
1261 4935 1403 5004 quod
1437 4932 1592 4987 facile
1622 4933 1922 4997 intellectu,
1953 4943 2007 4988 et

427 5028 660 5097 cuipiam
673 5026 1009 5095 obviumest,
1029 5036 1208 5082 mente
1224 5027 1499 5098 percipere
1520 5027 1842 5093 voluerunt;
1861 5025 2006 5097 quod

2110 447 2299 517 ὥσπερ
2326 447 2419 500 καὶ
2442 449 2470 499 ό
2496 446 2642 508 Υἱὸς,
2680 443 3069 513 «ἀπαύγασμα,
3116 441 3209 495 καὶ
3250 441 3559 512 χαρακτὴρ,
3589 446 3686 494 xv.

2108 538 2272 593 εἰκὼν
2292 538 2727 609 ἀπαράλλακτος,
2745 536 2836 590 τοῦ
2854 537 3087 607 Πατρδς,
3101 554 3118 586 ι
3146 534 3269 587 ἐπεὶ
3283 534 3371 588 διὰ
3394 533 3487 587 τοῦ
3508 532 3684 587 Πνεύ-

2112 650 2300 703 ματος,
2348 634 2466 702 ἦτοι
2497 629 2589 685 τοῦ
2626 631 3021 699 ὲμφυσήματος
3063 628 3348 697 προσεχῶς
3392 628 3425 697 ἡ
3465 626 3559 679 τοῦ
3588 628 3686 680 ἀν-

2110 723 2329 793 θρώπου
2377 723 2837 793 δεδημιούργηται
2861 721 3027 790 ψυχὴ,
3068 721 3296 783 εἰκότως
3346 720 3435 772 διὰ
3463 720 3559 789 τῆς
3599 719 3684 771 εἰ-

2108 817 2264 878 κόνος
2313 814 2509 882 λέγοιτ’
2539 814 2604 867 ἂν
2632 816 2711 874 εἰς
2743 812 2804 866 τό
2831 812 3021 881 ὀλόκλη
3032 828 3123 881 ρον
3158 812 3188 863 ό
3239 810 3523 880 ἄνθρωπος
3552 813 3687 861 ἀπο-

2107 907 2447 976 τελεσθῆναι,
2496 906 2593 958 κα)⁸
2644 905 2819 959 (κατ’
2863 904 3093 957 εἰκόνα»
3146 904 3471 972 γεγενῆσθαι
3520 901 3684 966 Θεοῦ,

2107 1000 2226 1071 ἦτοι
2273 1002 2374 1070 τῆς
2436 998 2585 1062 θείας
2644 998 2848 1062 εἰκόνος
2908 997 3109 1067 ἔργον,
3165 997 3262 1051 καὶ
3314 997 3686 1067 φιλοτέχνημα

2107 1091 2468 1161 χρηματίσαι·
2508 1090 2602 1144 καὶ
2634 1090 2731 1161 τὴν
2763 1089 3064 1161 μετάληψιν
3090 1089 3198 1142 τῶν
3220 1089 3498 1158 ὀνομάτων
3534 1090 3684 1141 ἀκω-

2110 1182 2269 1238 λυτον
2302 1179 2460 1241 εἶναι.
2498 1184 2641 1237 Διότι
2672 1184 2765 1237 καί
2794 1199 2939 1245 τινες
2962 1182 3074 1253 (96)
3106 1184 3187 1242 είς
3214 1181 3312 1252 τὴν
3342 1180 3556 1233 ἔκθεσιν
3586 1184 3686 1251 τῆς

2112 1277 2262 1346 ἱερᾶς
2307 1274 2462 1345 ἡμῶν
2506 1276 2544 1328 Γ
2548 1274 2729 1346 ραφῆς
2766 1274 3005 1327 στάντων
3026 1274 3144 1325 ἀντὶ
3171 1271 3263 1325 τοῦ
3286 1273 3434 1324 «κατ’
3463 1272 3678 1325 εἰκόνα»

2109 1370 2305 1434 εἰπεῖν,
2341 1370 2400 1421 ὲν
2430 1368 2599 1421 εἰκόνι
2643 1366 2777 1420 Θεοῦ
2818 1365 3066 1419 διέλαϐον
3115 1364 3205 1417 τὸν
3248 1364 3539 1435 ἄνθρωπον
3589 1380 3687 1414 πε-

2109 1460 2390 1531 ποιῆσθαι.
2435 1460 2575 1513 Ἀλλ’
2603 1454 2757 1522 οὗτος
2793 1458 2893 1529 μὲν
2940 1460 2967 1511 ό
3000 1457 3177 1525 λόγος,
3228 1456 3321 1509 καὶ
3369 1455 3687 1525 παραδοχῆς

2109 1551 2452 1620 ἀξιούμενος,
2486 1550 2637 1603 οὐδὲν
2678 1552 2776 1621 τὴν
2808 1548 3067 1619 ἀλήθειαν
3120 1546 3557 1618 παραλυπήσειε·
3595 1546 3687 1599 καὶ

2108 1645 2206 1712 τὴν
2234 1644 2496 1715 δευτέραν
2527 1642 2635 1695 τῶν
2664 1640 2969 1712 εἰρημένων
2998 1640 3370 1710 ὑπερχόμενος
3403 1638 3561 1703 τάξιν
3585 1641 3689 1693 οὐκ

2110 1732 2174 1785 ἂν
2214 1733 2514 1802 ἀγαπήσει,
2555 1731 2676 1785 οὐδ’
2713 1730 3035 1801 ἐπιζητήσει
3064 1730 3124 1782 οὐ
3161 1729 3258 1799 μὲν
3287 1724 3406 1792 οὖν,
3436 1728 3590 1782 κατά
3621 1744 3687 1798 γε

2110 1823 2293 1895 κρίσιν
2313 1824 2424 1900 ,τὴν
2457 1823 2616 1893 ἐμὴν,
2649 1822 2855 1893 ταύτης
2887 1821 3286 1892 ύπεραρθῆναι.

2184 1918 2339 1969 Ἔστι
2382 1916 2437 1968 δὲ
2467 1916 2666 1987 εὑρεῖν,
2704 1912 2784 1977 οἷς
2832 1914 3045 1984 εἴρηται
3090 1913 3178 1983 (δι’
3211 1905 3286 1967 ὢν
3329 1912 3426 1965 xui.
3456 1911 3691 1967 αὐτόθεν

2110 2009 2188 2067 εἰς
2214 2008 2343 2061 ἴδιον
2370 2008 2431 2061 τὸ
2486 2026 2503 2059 ι
2535 2007 2653 2061 κατ’
2681 2006 2864 2059 εἰκόνα
2895 2025 2913 2057 ι
2968 2004 3402 2074 συναναφέρεται
3433 2006 3545 2074 (97)
3579 2006 3687 2073 πρὸ

2110 2101 2486 2171 καταλήψεως)
2518 2117 2530 2129 '
2567 2100 2803 2171 εἰρήσθω
2849 2100 2926 2170 τῷ
2949 2100 3107 2169 Λόγῳ
3151 2098 3210 2151 τὸ
3260 2098 3433 2169 ῥῆμα,
3471 2098 3687 2151 διαϐαί-

2109 2211 2220 2247 νειν
2250 2192 2384 2263 πρὸς
2422 2193 2521 2261 τὴν
2557 2191 2652 2244 τοῦ
2676 2193 2849 2259 Λόγου
2895 2192 3169 2262 σάρκωσιν
3230 2190 3325 2242 καὶ
3365 2189 3684 2259 ἐπιδημίαν.

2111 2285 2175 2339 Εἰ
2208 2284 2318 2354 γάρ
2352 2302 2369 2333 ι
2393 2283 2422 2335 ὁ
2454 2284 2647 2351 Λόγος,
2683 2285 2838 2352 φασὶ,
2872 2282 3008 2353 σάρξ
3037 2282 3279 2349 ἐγένετο,
3313 2281 3408 2335 καὶ
3445 2282 3690 2351 ἐσκήνω-

2110 2391 2201 2427 σεν
2240 2376 2299 2426 ὲν
2344 2375 2499 2443 ἡμῖν,
2529 2391 2545 2423 ι
2605 2373 2701 2425 καὶ
2759 2372 3043 2443 ἄνθρωπος
3101 2371 3439 2440 ἐχρημάτισε
3499 2370 3690 2425 «κατὰ

2110 2466 2340 2523 πάντα.»
2381 2464 2522 2535 πλὴν
2547 2466 2645 2534 τῆς
2679 2464 2952 2533 ἁμαρτίας
2978 2480 2991 2493 ·
3026 2466 3145 2516 κατ’
3190 2465 3369 2515 ἐκεῖνο
3406 2463 3467 2515 τὸ
3516 2462 3688 2533 ἱερὸν,

2108 2557 2202 2610 καὶ
2250 2557 2635 2626 ἀναμάρτητον
2664 2556 2911 2625 ἄγαλμα,
2956 2554 3091 2608 ἀλλὰ
3138 2556 3230 2608 καὶ
3276 2553 3456 2622 πάσης
3504 2555 3689 2623 ἀμαρο

2108 2648 2227 2711 τίας
2253 2647 2657 2719 καθαιρετικὸν,
2692 2648 2786 2700 καὶ
2819 2646 2909 2699 τὸν
2956 2645 3381 2716 πρωτόπλαστον
3416 2645 3586 2715 Ἀδὰμ
3628 2643 3688 2696 δὲ

2107 2738 2579 2809 δημιουργηθῆναι
2628 2737 2720 2791 καὶ
2771 2740 3010 2808 φρονεῖν,
3057 2737 3153 2790 καὶ
3180 2736 3360 2804 λέγειν
3408 2735 3584 2807 ὀρθῶς
3617 2735 3692 2789 ἂν

2108 2833 2258 2885 οὐδὲν
2280 2830 2653 2885 ἀποκωλύσειε
2685 2829 2865 2899 λόγος.

2181 3104 2291 3157 Καὶ
2320 3101 2462 3172 ἔχεις
2491 3100 2689 3172 τρόπον
2723 3099 2902 3166 ἄλλον,
2927 3099 3003 3162 ὡς
3034 3099 3094 3152 ὲν
3123 3098 3425 3169 πορίσματι
3455 3098 3543 3152 διά
3578 3098 3689 3169 τῆς

2105 3200 2361 3268 τοιαύτης
2387 3198 2626 3267 Θεωρίας
2652 3195 3077 3266 προερχόμενον,
3112 3196 3204 3248 καὶ
3229 3195 3326 3264 τὴν
3349 3197 3553 3259 εἰκόνα,
3586 3197 3689 3249 καὶ

2104 3290 2164 3343 τὸ
2202 3288 2575 3360 πρωτότυπον,
2610 3288 2702 3341 καὶ
2733 3286 2852 3341 καθ’
2884 3286 2952 3355 ἣν
2982 3286 3166 3338 εἰκόνα
3196 3287 3224 3338 ό
3255 3286 3424 3355 Ἀδὰμ
3458 3287 3536 3347 εἰς
3582 3286 3688 3338 ἀν-

2106 3381 2325 3454 θρώπου
2353 3382 2517 3451 φύσιν
2549 3380 2921 3452 διεμορφώθη.
2958 3379 3070 3432 Καὶ
3092 3379 3197 3449 γὰρ
3223 3379 3258 3449 ἡ
3289 3376 3453 3429 εἰκὼν
3498 3379 3685 3448 ἀπαρ-

2107 3473 2391 3536 άλλακτος,
2433 3473 2527 3525 καὶ
2574 3470 2825 3540 συμφυὴς
2873 3472 2900 3522 ό
2930 3469 3059 3533 Υἱὸς
3108 3468 3390 3538 ὑπάρχων,
3439 3465 3686 3534 γεγονὼς

2105 3565 2161 3618 δὲ
2193 3563 2479 3635 ἄνθρωπος
2516 3563 2639 3616 καθ’
2681 3564 2847 3633 ἡμᾶς,
2882 3562 2977 3615 καὶ
3006 3562 3087 3624 είς
3122 3561 3231 3630 (98)
3278 3561 3406 3629 μίαν
3447 3559 3688 3611 ὑπόστα·

2109 3674 2192 3709 σιν
2241 3655 2318 3727 τῷ
2369 3654 2755 3726 προσλήμματι
2804 3652 3094 3718 συνελθὼν,
3146 3653 3406 3721 ὁμότιμον
3452 3650 3541 3703 τὸν
3589 3650 3689 3703 ἄν·

2107 3749 2323 3819 θρωπον
2358 3747 2555 3812 ἔδειξεν
2595 3746 2791 3816 ιέοιυτῷ⁹
2824 3745 2948 3799 καθ’
2995 3746 3062 3816 ἢν
3113 3744 3349 3816 μορφὴν,
3391 3744 3488 3797 καὶ
3536 3743 3688 3798 ἰδέαν

2106 3841 2206 3909 τῆς
2260 3840 2526 3910 σωτηρίου
2581 3840 2785 3909 ταύτης
2825 3835 3153 3907 σαρκώσεως
3204 3839 3237 3905 ὴ
3286 3839 3352 3889 τὰ
3398 3838 3689 3907 μέλλοντος

2107 3932 2208 4002 ήδη
2237 3930 2529 3999 καθορῶσά
2568 3946 2650 3991 τε,
2693 3929 2785 3982 καὶ
2818 3927 3176 3998 οἰκονομοῦσα
3208 3926 3342 3979 Θεοῦ
3398 3928 3557 3995 σοφία
3593 3929 3689 3979 τὸν

2108 4023 2350 4095 ἀρχηγὸν
2375 4022 2471 4075 τοῦ
2504 4022 2695 4090 γένους
2731 4020 2888 4091 ἡμῶν
2920 4020 3108 4090 χερσὶν
3138 4020 3427 4089 ἀκράντοις
3473 4022 3565 4072 καὶ
3589 4020 3689 4090 δη-

2111 4119 2485 4189 μιουργικοίς,
2548 4114 2822 4186 ὑπερϐολῇ
2894 4114 3303 4186 φιλανθρωπίας
3368 4114 3689 4185 ὑπηγάγετο

2111 4209 2440 4263 πλάττεσθαι

2190 4388 2354 4441 ’Λλλά
2390 4388 2557 4442 ταῦτα
2590 4388 2686 4457 μὲν
2721 4388 2861 4440 κατά
2890 4387 2950 4439 τὸ
2982 4387 3339 4454 σαφέστατον,
3376 4381 3557 4457 οἶμαι,
3588 4387 3686 4439 καὶ

2114 4481 2193 4534 δι’
2228 4481 2538 4551 εὐκρινείας
2584 4479 2943 4551 τεθεώρηται.
2991 4481 3054 4535 ’0
3083 4481 3193 4551 γάρ
3234 4480 3341 4532 τῶν
3371 4480 3687 4547 Ἀνθρωπο-

2116 4576 2392 4646 μορφιτῶν
2439 4574 2603 4644 λῆρος
2636 4576 2715 4637 είς
2740 4572 2961 4627 ἐκείνων
3009 4572 3119 4642 (99)
3161 4572 3485 4642 ἀπερῤίφθω
3513 4588 3685 4640 κεφαο

2112 4667 2229 4734 λάς,
2277 4669 2326 4721 οἳ
2359 4667 2493 4738 πρὸς
2536 4668 2634 4737 τὴν
2672 4664 2962 4736 ἀνθρώπου
2996 4665 3210 4736 μοριρὴν
3254 4664 3436 4717 καὶτὸ
3478 4664 3683 4734 σχῆμα,

2113 4760 2203 4813 τὸν
2231 4759 2638 4829 ἀσχημάτιστόν
2663 4776 2746 4823 τε,
2779 4761 2871 4813 καὶ
2900 4759 3303 4828 ἁπεριόριστον,
3343 4758 3437 4809 καὶ
3477 4757 3683 4809 ἀκατά-

2113 4846 2315 4915 ληπτον
2372 4845 2834 4914 συγκαθέλκουσιν
2900 4844 3277 4916 ὲκμεμηνὸτες
3324 4842 3482 4897 Θεόν.
3550 4844 3683 4897 Οὐδὲ

2110 4940 2267 4993 τοῦτο
2303 4943 2430 5012 ῥᾷον
2453 4940 2531 5002 ὃν,
2566 4941 2658 4995 καὶ
2694 4941 2978 5012 πρόχειρον
3017 4938 3290 5010 ἠθέλησαν
3318 4938 3411 4991 ἐπὶ
3442 4936 3565 4990 νοῦν
3599 4937 3687 4989 λιι.⁸

2116 5028 2251 5095 δεῖν,
2280 5031 2354 5094 ὡς
2386 5033 2434 5083 εί
2465 5031 2524 5085 τὸ
2552 5030 2706 5083 Θείον
2758 5030 2819 5097 ἐξ
2849 5029 3043 5093 ἀϊδίου,
3096 5030 3192 5082 καὶ
3216 5030 3339 5099 οὐχὶ
3371 5028 3514 5098 λόγῳ
3558 5045 3687 5095 cur-

499 5168 519 5201 '
547 5165 711 5220 llehr.
750 5179 786 5227 I,
816 5163 869 5216 5.
948 5164 968 5194 ³
991 5161 1148 5218 Joau.
1183 5180 1221 5227 ι,
1250 5163 1331 5217 14.
1406 5166 1425 5193 ⁵
1458 5162 1617 5218 llebr.
1658 5180 1716 5228 ll,
1754 5164 1839 5216 l7.
1912 5165 1933 5195 ⁸
1962 5162 2003 5217 11

2115 5167 2333 5233 .tv,15.
2399 5168 2420 5199 ⁸
2452 5168 2683 5237 Philipp.
2716 5183 2775 5231 ll,
2815 5167 2866 5221 7.

1939 5308 2171 5367 NOTAE.

650 5417 777 5505 Slap.
812 5434 915 5505 vn,
951 5416 1051 5505 26ἶ
1080 5416 1228 5505 liide
1256 5428 1460 5505 tamen,
1498 5434 1591 5505 ne
1630 5418 1858 5501 [fluuius
1898 5420 2011 5505 haec

426 5488 625 5547 de'SS.
658 5489 868 5556 dicens,
897 5503 997 5543 suo
1029 5503 1126 5558 per
1167 5488 1451 5558 cuniculos
1485 5492 1658 5543 errori
1706 5493 1849 5544 viam
1879 5502 2010 5545 ster-

428 5571 541 5626 nat,
599 5575 665 5615 ac
706 5569 853 5627 putet
882 5574 967 5619 ea,
1016 5557 1137 5628 quae
1185 5559 1237 5611 in
1279 5557 1527 5613 adductis
1556 5559 1849 5629 Scripturae
1874 5562 2008 5617 locis

428 5631 621 5687 litteris
682 5629 823 5685 Filio
883 5629 1217 5694 tribuuntur,
1256 5630 1526 5699 gusurpari
1593 5644 1754 5698 posse
1808 5632 1873 5687 de
1903 5631 2001 5689 SS.

428 5704 555 5775 quia
580 5701 667 5757 hie
700 5714 919 5772 quoque
952 5710 1159 5756 tantum
1192 5714 1219 5753 a
1253 5696 1699 5773 Patre'procedat

2186 5424 2296 5496 (96)
2331 5426 2440 5496 Τῆς
2465 5426 2568 5481 huc
2596 5436 2793 5481 temere
2842 5424 3109 5496 insertum
3160 5425 3500 5481 evellendum
3529 5424 3684 5481 duxi.

2183 5495 2296 5567 (9i?)
2330 5495 2421 5567 Sic
2449 5498 2623 5566 placet
2652 5513 2747 5567 pro
2770 5497 2866 5549 σὺν
2896 5495 3273 5563 ἀναφαίνεται.

2183 5566 2295 5637 (98)
2326 5564 2476 5637 lianc
2504 5564 2760 5637 πρόθεσιν
2793 5581 2954 5637 sensu
2980 5568 3235 5637 ductante
3265 5564 3483 5623 reﬁnxi.

2180 5636 2291 5708 (99)
2321 5634 2399 5693 Ita
2431 5634 2556 5693 reor
2589 5652 2684 5706 pro
2712 5636 2935 5690 εἰκόνων
2957 5635 3331 5692 scribendum.
