3888 6186
297 251 405 318 261

1301 253 1402 314 AD
1437 252 2031 313 AMPHILOCHIUM
2067 251 2416 325 QUESTIO
2451 254 2715 317 XXXVI.

3465 255 3574 321 262

298 362 680 427 καταϐάσεως.
731 365 827 420 καὶ
854 363 1261 436 σιλανθρωπίας
1304 364 1404 435 τὴν
1451 364 1547 418 τοῦ
1586 364 1873 434 ἀνθρώπου

1991 364 2207 431 scilicet,
2237 366 2283 421 si
2304 365 2447 422 Deus
2476 365 2772 422 humanam
2794 365 3027 422 formam
3052 367 3121 424 ab
3139 376 3364 428 :eterno.
3380 377 3436 424 et
3465 386 3571 423 non

297 454 666 528 διεμορφοῦτο
709 459 945 530 μορφὴν,
990 461 1072 523 είς
1101 458 1281 530 μάτην
1326 459 1394 512 ἂν
1436 460 1680 528 ἐγεγόνει
1726 461 1760 528 ἡ
1794 460 1883 513 ἐπ’

298 547 544 617 ἐσχάτων
601 549 710 603 τῶν
761 551 971 619 χρόνων
1014 551 1103 606 διά
1152 551 1247 605 τοῦ
1285 550 1416 604 Υίοῦ
1466 551 1562 605 τοῦ
1612 552 1883 622 ἡμετέρου

301 642 627 711 φυράματος
656 643 987 713 πρόσληψις.

370 773 505 826 Οὐδὲ
536 774 596 827 τὸ
622 776 777 828 Θεῖον
830 778 1140 849 καθαρεῦον
1186 781 1271 851 εἴη
1298 780 1365 846 (ὣ
1399 780 1592 850 φρενὸς
1637 795 1884 849 παρακο-

296 862 612 934 πτούσηςί)
639 866 710 918 τὰ
766 866 971 937 ἔσχατα
1022 871 1161 923 κατὰ
1196 870 1255 924 τὸ
1306 872 1477 942 ἄρρεν
1535 887 1593 924 τε
1623 871 1721 925 καὶ
1745 870 1882 941 θῆλυ

302 956 379 1026 μὴ
405 956 835 1015 διαστέλλεσθαι.
870 962 978 1014 Καὶ
1026 963 1136 1031 γὰρ
1186 965 1247 1016 τδ
1281 963 1425 1035 ἱερὸν
1464 964 1884 1034 ἀποφηνάμενον

296 1049 511 1117 Λόγιον·
568 1052 736 1104 (Κατ’
766 1054 948 1106 εἰκόνα
1003 1055 1139 1109 Θεοῦ
1197 1056 1455 1128 ἐποίησεν
1500 1057 1748 1120 αὐτούς»
1796 1057 1886 1111 εὐ-

299 1140 401 1203 θὺς
445 1144 744 1212 ἐπήγαγεν·
780 1148 1020 1218 (Ἀρσεν
1051 1151 1143 1202 καὶ
1173 1149 1305 1221 θῆλυ
1340 1151 1597 1220 ἐποίησεν
1626 1149 1877 1214 αὐτούς’»

294 1234 375 1297 ὡς
416 1237 513 1304 τῆς
544 1238 752 1302 εἰκόνος
792 1242 1209 1314 ὲπιπρεποόσης
1244 1244 1363 1314 οὐχὶ
1402 1246 1549 1315 μόνῳ
1577 1243 1655 1313 τῷ
1682 1244 1879 1315 Ἀδὰμ,

296 1328 415 1379 ἀλλ’
446 1329 725 1401 όμοτίμως
752 1334 848 1386 καὶ
875 1338 940 1406 τῇ
984 1334 1097 1408 Εὔα
1126 1337 1643 1408 προσαρμοζούσης,
1673 1337 1770 1391 καὶ
1815 1339 1884 1391 δι’

297 1420 481 1474 αὐτῶν
506 1423 667 1476 παντὶ
697 1424 776 1494 τῷ
802 1426 1128 1500 ἀνθρωπίνῳ
1155 1429 1325 1497 γένει.
1372 1431 1434 1483 El
1462 1430 1572 1503 γὰρ
1607 1430 1748 1484 κατὰ
1777 1447 1885 1483 σω·

299 1513 542 1587 ματικὴν
583 1515 943 1586 ἐπιφάνειαν,
1002 1521 1095 1574 καὶ
1149 1521 1364 1593 μορφὴν
1416 1523 1444 1575 ό
1476 1522 1763 1594 ἄνθρωπος
1808 1523 1885 1575 δι-

297 1602 571 1674 επλάσοη,
604 1607 698 1660 τοῦ
732 1608 868 1662 Θεοῦ
917 1612 985 1665 τά
1038 1628 1097 1665 τε
1148 1615 1415 1685 εἰρημένα
1458 1614 1777 1668 συνασεϐεἶν
1816 1617 1882 1686 τῇ

295 1695 557 1765 ἁπαρχῆς
594 1696 931 1771 δυσσεϐοόσῃ
963 1701 1143 1774 πλάνῃ
1188 1703 1505 1767 συνέπεται,
1540 1703 1636 1757 καὶ
1674 1704 1885 1775 ἀνθρω-

296 1788 549 1853 ποπαθὲς
592 1791 690 1862 τὴν
742 1792 1069 1864 ἀνύϐριστον
1123 1795 1428 1865 ἐξυϐρίζειν
1478 1795 1767 1866 Θεότηταο
1820 1796 1883 1850 τὸ

293 1882 410 1952 γὰρ
450 1884 916 1958 ἀνθρωπόμορφον
963 1890 1073 1942 οὐδ’
1114 1891 1437 1963 ἀπαλλαγήν
1488 1891 1653 1945 ποθεν
1693 1870 1882 1944 παθῶν

293 1973 656 2044 ἀνθρωπίνων
692 1980 1073 2052 ἐκληρώσατο.

372 2193 646 2249 Τοιούτων
684 2196 745 2252 δὲ
791 2198 885 2253 καὶ
915 2200 986 2255 τὰ
1010 2201 1112 2272 τῆς
1150 2202 1362 2274 πλάνης
1397 2204 1718 2276 σεϐάσματα
1744 2222 1759 2237 ο
1788 2205 1883 2259 καὶ

292 2285 457 2339 οὐδὲν
496 2290 902 2361 πεπυρρίκασιν
936 2294 1014 2363 (1)
1064 2295 1317 2367 εὶδωλικῇ
1366 2298 1756 2370 δεισιδαιμονίᾳ
1781 2298 1882 2371 τὴν

294 2378 601 2453 Θεοπρεπῆ,
656 2384 752 2436 καὶ
800 2382 1095 2456 σεϐάσμιον
1134 2387 1287 2457 ἡμῶν
1338 2387 1614 2456 θεολογίαν
1656 2405 1883 2444 συνανα-

296 2471 601 2541 φύροντες,
658 2477 753 2529 καὶ
812 2477 894 2541 εἰς
952 2477 1110 2533 τοῦτο
1162 2481 1417 2550 συνάγειν
1478 2481 1878 2554 ἐκϐιαζόμενοι.

298 2562 521 2615 Πολλῶν
559 2564 655 2630 δὲ,
708 2568 801 2620 καὶ
844 2567 1023 2622 ἄλλων
1070 2570 1400 2643 δυσφημιῶν
1459 2572 1879 2643 παρεπομένων,

296 2652 475 2707 ταῦτα
518 2656 717 2725 μᾶλλον
750 2660 1078 2730 προκύπτει,
1123 2664 1217 2716 καὶ
1259 2663 1361 2735 τὴν
1401 2664 1706 2735 παράνοιαν
1744 2665 1883 2735 λαμ·

299 2747 457 2818 πρῶς
480 2750 773 2823 ἀπελέγχει
798 2753 909 2807 τῶν
926 2756 1005 2820 είς
1025 2755 1229 2829 ταύτην
1246 2755 1346 2828 τὴν
1367 2757 1635 2828 ὑπόληψιν
1656 2759 1883 2823 ἑαυτοὺς

294 2841 504 2906 ἀθλίως
535 2846 1040 2917 ἐναπορῤιψάντων.

371 2978 764 3049 Παραπλησίου
814 2982 873 3037 δὲ
925 2984 1233 3056 παρανοίας
1286 2985 1508 3057 ἔλεγχος
1559 2985 1625 3041 ἃν
1667 2987 1752 3058 εἴη
1787 2988 1882 3042 καὶ

1988 458 2204 512 ratione
2224 457 2524 514 descensus
2569 458 2637 513 de
2678 459 2833 513 caelis
2871 469 2925 513 et
2944 459 3155 514 ratione
3187 459 3574 514 misericordiae

1985 564 2113 618 erga
2169 550 2444 615 homines,
2504 550 2888 616 habuisset,in
2940 567 3140 605 vanum
3187 551 3358 605 Filius
3390 550 3444 606 in
3473 566 3574 606 no-

1985 639 2225 695 vissimis
2271 642 2608 714 temporibus
2638 659 2840 714 corpus
2872 653 3119 698 nostrum
3161 643 3571 710 assumpsisset.

2052 771 2170 827 lmo
2228 787 2401 842 neque
2464 772 2605 829 Deus
2647 776 2783 829 adeo
2821 790 2992 844 purus
3044 784 3187 829 esset
3242 774 3574 845 (omentetn

1986 861 2348 919 delirantem!
2381 865 2418 926 l.
2455 876 2513 919 ut
2546 868 2814 936 genitales
2850 867 2903 920 in
2941 882 3008 920 eo
3035 879 3218 936 partes
3268 864 3573 919 secundum

1986 956 2327 1010 masculeum
2370 956 2801 1027 fminineumque
2829 972 3019 1011 sexum
3048 972 3153 1010 non
3174 955 3576 1024 distingueren-

1989 1056 2097 1100 tnr.
2136 1047 2239 1103 Ubi
2277 1049 2423 1103 enim
2454 1064 2610 1104 sacra
2640 1048 2865 1119 Eloquia
2903 1050 3159 1118 inquiunt
3200 1065 3215 1101 :
3267 1065 3285 1099 ι
3316 1046 3396 1101 Ad
3434 1047 3576 1100 ima—

1987 1142 2165 1211 ginem
2210 1142 2300 1196 Dei
2330 1145 2534 1198 creavit
2565 1143 2712 1198 illum
2737 1160 2752 1209 ;
2780 1162 2797 1195 ›
2823 1143 3072 1213 protinus
3098 1142 3376 1196 subdunt:
3410 1158 3430 1191 ‹
3459 1155 3576 1193 ma-

1987 1236 2201 1289 sculum
2258 1246 2313 1290 et
2355 1237 2610 1291 feminam
2656 1239 2861 1292 creavit
2898 1238 3019 1293 illos
3044 1236 3099 1302 ';
3134 1254 3153 1288 ι
3190 1246 3377 1305 utpote
3429 1234 3576 1302 quod

1987 1323 2167 1395 imago
2188 1341 2294 1380 non
2322 1328 2499 1381 solum
2518 1328 2688 1382 Adam
2722 1329 3029 1391 decoraret,
3052 1327 3146 1383 sed
3182 1327 3307 1381 Eva:
3331 1339 3573 1395 quoque,

1986 1428 2049 1467 ac
2084 1429 2181 1484 per
2223 1431 2319 1471 eos
2370 1419 2625 1473 universo
2676 1418 2962 1472 hominum
3000 1418 3184 1489 generi
3212 1416 3326 1486 pari
3367 1416 3576 1469 honore

1986 1516 2330 1575 congrueret.
2364 1505 2422 1561 Si
2450 1509 2596 1563 enim
2642 1510 2803 1562 homo
2833 1508 2899 1562 ad
2937 1522 3258 1577 corpoream
3313 1505 3405 1560 Dei
3450 1521 3577 1575 spe-

1985 1599 2122 1653 ciem
2146 1608 2199 1652 et
2219 1599 2454 1655 formam
2485 1601 2734 1655 conditus
2786 1601 3016 1666 fuisset;
3055 1600 3222 1669 impio
3263 1598 3369 1654 hoc
3391 1612 3577 1653 errore

1988 1693 2295 1763 praemisso,
2341 1704 2704 1764 sequerentur
2742 1710 2849 1749 non
2897 1695 3058 1749 modo
3095 1694 3199 1748 ilhc
3248 1693 3573 1761 impietates,

1986 1803 2107 1857 qua:
2139 1788 2205 1842 de
2240 1786 2349 1841 Deo
2399 1788 2559 1842 dictae
2605 1795 2752 1851 sunt,
2780 1787 2872 1841 sed
2924 1787 3088 1841 etiam
3124 1786 3270 1856 quod
3318 1782 3571 1838 humanis

1984 1878 2491 1947 perturbationibus
2526 1879 2834 1932 veneranda
2862 1876 3126 1930 divinitas
3152 1879 3571 1944 deturparetur;

1984 1973 2036 2027 id
2067 1974 2237 2043 enim,
2273 1972 2418 2043 quod
2447 1969 2681 2027 formam
2713 1972 3009 2024 humanam
3038 1970 3221 2035 habet,
3241 1968 3388 2023 nullo
3415 1974 3572 2039 pacto

1982 2066 2242 2121 humanis
2271 2065 2779 2137 perturbationibus
2811 2080 2999 2119 carere
3045 2071 3246 2134 potest.

2049 2200 2734 2271 AnthrOpornorphitarum
2779 2211 2959 2256 autem
2996 2213 3238 2255 errorem
3267 2206 3322 2253 et
3348 2197 3453 2253 ista
3481 2197 3578 2251 ah-

1987 2296 2155 2351 surda
2187 2302 2532 2365 sequuntur;
2562 2308 2627 2347 ac
2653 2292 2728 2346 illi
2773 2307 2899 2347 cum
2944 2290 3161 2346 ethnica
3191 2290 3578 2360 superstitione

1988 2398 2235 2442 nostram
2299 2387 2414 2442 Deo
2448 2387 2668 2457 dignam
2718 2384 3195 2453 venerandamque
3246 2382 3575 2452 theologiam

1983 2481 2363 2545 commiscere,
2392 2488 2448 2535 et
2475 2479 2686 2543 conari,
2716 2488 2775 2534 ut
2808 2479 2879 2533 ad
2919 2478 3061 2533 idem
3092 2478 3429 2547 redigantur,
3465 2488 3577 2529 non

1984 2572 2348 2627 erubuerunt.
2375 2571 2511 2626 Cum
2562 2580 2743 2627 autem
2768 2572 2910 2636 alia),
2946 2580 3111 2642 atque
3158 2570 3279 2623 alia:
3324 2567 3577 2624 absurdi-

1987 2672 2126 2730 gates
2175 2664 2305 2729 sint,
2339 2679 2461 2733 qua:
2503 2663 2627 2718 inde
2668 2672 2997 2733 sequuntur,
3038 2664 3120 2717 hae
3166 2666 3341 2732 magis
3395 2677 3577 2718 erunt-

1986 2760 2143 2821 punt,
2174 2760 2228 2806 et
2274 2752 2545 2807 insaniam
2586 2767 2795 2817 eorum,
2831 2753 2922 2821 qui
2971 2753 3023 2805 in
3066 2753 3223 2806 istam
3265 2752 3575 2820 opinionem

1984 2844 2183 2899 misere
2217 2858 2338 2899 sese
2369 2843 2715 2913 projecerunt
2734 2882 2752 2910 ,
2782 2842 3085 2898 luculenter
3107 2843 3384 2897 evincunt.

2058 2982 2216 3037 Paris
2242 2992 2423 3036 autem
2453 2981 2742 3037 dementiae
2770 2982 3025 3053 redargui
3059 2996 3245 3051 posset
3277 2980 3409 3036 illud
3438 2997 3577 3052 quo-

295 3066 410 3121 ’τῶν
438 3068 798 3127 πολυπλάνων
816 3073 1092 3130 Ἰουδαίων
1121 3079 1150 3130 ό
1172 3076 1360 3147 μῦθος,
1386 3078 1446 3141 ὃς
1470 3078 1593 3131 Υίὺν
1613 3078 1675 3132 οὐ
1701 3095 1882 3149 παρα-

1991 3093 2094 3147 que
2130 3074 2445 3131 Judaeorum
2477 3075 2762 3132 erroribus
2812 3078 3138 3131 scatentinm
3183 3084 3575 3137 cointnentunt.

295 3159 594 3232 δεχόμενος
646 3166 934 3235 όμοοὺσιον
962 3168 1040 3239 τῷ
1068 3169 1274 3241 Πατρὶ,
1314 3170 1434 3224 οὐδὲ
1482 3169 1560 3240 τῷ
1594 3170 1880 3241 Πνεύματι

300 3255 686 3325 συνομολογεῖν
716 3259 917 3313 ἐθέλων
942 3261 1004 3315 τὸ
1024 3262 1165 3316 κατὰ
1201 3262 1363 3332 φύσιν
1392 3262 1607 3334 ἀξίωμα
1630 3266 1728 3335 τῆς
1751 3262 1881 3316 Θεό-

298 3363 487 3418 τητος,
511 3350 598 3403 διὰ
640 3351 738 3422 μὲν
766 3355 1057 3425 ἀσωμάτου
1100 3356 1385 3428 δυνάμεως
1414 3358 1551 3428 πρὸς
1593 3358 1692 3429 τὴν
1732 3357 1883 3413 θείαν

299 3441 469 3509 φύσιν
498 3442 725 3512 ἀνάγειν
771 3446 873 3499 οὐκ
911 3448 1227 3502 αἰσθάνεται
1256 3449 1614 3520 βιαζόμενος·
1674 3449 1737 3502 τὸ
1773 3448 1884 3520 γὰρ

301 3551 326 3583 ε
340 3533 463 3587 κατ’
478 3535 663 3591 εἰκόνα
678 3539 979 3610 ἡμετέραν»
1000 3540 1093 3595 τὸν
1114 3540 1247 3594 Θεὸν
1277 3542 1413 3612 πρὸς
1430 3541 1527 3605 τὰς
1556 3540 1884 3610 ἀσωμάτους

296 3625 488 3692 τάξεις
515 3627 615 3681 οὐκ
648 3630 806 3700 ἔσχεν
838 3631 1014 3686 εἰπεῖν
1050 3632 1308 3704 οὐδεμίαν
1340 3631 1495 3687 αίδώ.
1538 3633 1737 3687 Εἱκόνα
1770 3634 1883 3704 γὰρ

296 3716 480 3782 διδοὺς
530 3720 682 3790 μίαν,
726 3723 823 3776 καὶ
850 3722 951 3794 τὴν
977 3723 1149 3795 αὐτὴν
1178 3725 1312 3779 Θεόν
1342 3742 1424 3792 τε,
1473 3725 1698 3779 καὶτῶν
1732 3726 1877 3778 ἀσωο

303 3812 495 3880 μάτων
545 3813 854 3885 δυνάμεων,
904 3818 982 3880 είς
1029 3818 1227 3871 ταυτὸν
1274 3818 1538 3889 ἐκατέρου
1581 3818 1680 3887 τὴν
1716 3818 1882 3887 φύσιν

297 3905 552 3974 συνάγει,
587 3908 932 3981 Δημιουργοῦ
969 3927 1060 3976 τε,
1099 3911 1195 3967 καὶ
1220 3909 1705 3981 δημιουργήματος
1736 3910 1883 3964 ἅπαν

297 3997 521 4066 ἀφελὼν
549 4002 610 4052 τὸ
651 4001 932 4075 διάφορον.
963 3996 1063 4057 Ὧν
1102 4002 1211 4074 γὰρ
1255 4006 1288 4074 ἡ
1323 4003 1487 4057 εἰκὼν
1517 4005 1551 4074 ἡ
1580 4002 1741 4075 αὕτη,
1787 4002 1884 4054 καὶ

298 4091 745 4162 ἀπαράλλακτος,
795 4096 1002 4150 τούτων
1041 4097 1074 4168 ἡ
1110 4096 1271 4166 φύσις
1306 4096 1604 4168 ἑτερότητα
1649 4093 1889 4165 παραδέ-

295 4183 493 4253 χεσθαι
521 4185 743 4241 δύναται
764 4207 776 4251 ;

1988 3169 2257 3241 qui,dnm
2302 3168 2501 3223 Filium
2535 3186 2641 3224 non
2699 3170 2990 3224 admittunt
3051 3170 3577 3224 consubstantialem

1986 3261 2156 3327 Patri,
2184 3262 2421 3333 dumque
2442 3261 2635 3316 nolunt
2656 3259 2885 3331 Spiritui
2917 3270 3107 3315 sancto
3127 3262 3323 3316 divinae
3370 3272 3578 3315 natura:

1989 3356 2305 3427 dignitatem
2364 3356 2624 3419 tribuere,
2652 3356 2878 3409 interea
2938 3353 3112 3420 Filio,
3147 3364 3197 3409 et
3231 3352 3458 3424 Spiritui
3494 3356 3579 3410 in-

1991 3464 2317 3519 corpoream
2345 3446 2734 3518 (crcatricem)
2782 3448 3078 3517 potentiam
3117 3447 3420 3503 tribuentes
3464 3463 3576 3503 non

1992 3542 2454 3608 animadvertunt,
2495 3542 2643 3611 quod
2674 3550 2941 3612 cogantur
2975 3557 3069 3597 eos
3116 3542 3182 3596 ad
3213 3542 3454 3596 divinam
3480 3558 3578 3598 na-

1996 3644 2173 3690 turam
2202 3634 2433 3689 evehere
2460 3652 2473 3688 :
2503 3635 2548 3689 si
2579 3633 2705 3704 quis
2726 3633 2874 3687 enim
2927 3644 3137 3688 asserat
3167 3631 3334 3687 Deum
3368 3634 3577 3689 dixisse

1990 3726 2056 3781 ad
2078 3725 2346 3795 angelicas
2372 3725 2593 3780 ordines
2627 3743 2641 3779 :
2683 3742 2700 3776 t
2729 3722 3016 3779 Faciamus
3044 3724 3318 3778 hominem
3340 3724 3405 3779 ad
3436 3725 3576 3779 ima—

1991 3819 2169 3886 ginem
2209 3828 2476 3879 nostratn,
2518 3835 2535 3868 ι
2574 3818 2619 3871 is
2647 3817 2837 3887 pudori
2883 3817 3135 3870 nuntium
3186 3817 3418 3871 remisit.
3469 3815 3574 3884 Qui

1990 3909 2135 3964 enirn
2186 3924 2348 3966 unam
2383 3908 2497 3975 Dei,
2522 3918 2575 3964 et
2594 3909 2908 3981 angelorum
2936 3910 3187 3965 concedit
3219 3926 3341 3965 esse
3382 3909 3577 3981 imagi-

1993 4016 2138 4065 nem,
2214 4002 2495 4072 ipsamque
2528 4016 2650 4055 esse
2685 3999 2875 4066 Deum,
2929 4010 2983 4055 et
3012 4002 3292 4071 praeditam
3330 4001 3577 4071 incorpo-

1995 4093 2105 4148 reis
2135 4092 2506 4159 facultatibus,
2534 4093 2581 4148 is
2611 4092 2679 4147 ad
2711 4092 2853 4147 idem
2898 4094 3105 4147 reducit
3136 4093 3247 4157 Dei,
3271 4101 3325 4148 et
3353 4094 3575 4163 angelo-

1987 4200 2106 4239 rum
2131 4197 2415 4251 naturatn;
2444 4202 2508 4240 ac
2533 4201 2695 4240 omne
2730 4187 2870 4241 inter
2889 4185 3202 4241 Creatorem
3260 4196 3311 4241 et
3353 4198 3575 4241 creatu-

296 4293 419 4331 ram
479 4280 768 4335 discrimen
790 4282 1241 4348 tollit.Eaeuim,
1279 4298 1513 4354 quorum
1567 4282 1755 4338 eadem
1805 4288 1889 4336 est
1925 4279 2107 4352 imago
2160 4290 2215 4335 et
2278 4279 2655 4347 immutabilis,
2704 4280 2899 4334 horum
2955 4290 3151 4335 natura
3190 4290 3439 4350 potestne
3494 4278 3575 4333 di-

296 4376 614 4433 versitatem
643 4381 895 4449 excipere
911 4379 935 4433 ?

374 4519 540 4573 Ἀλλὰ
578 4521 671 4574 ἐπὶ
698 4522 954 4576 τοσοῦτον
998 4523 1096 4594 μὲν
1136 4522 1232 4578 καὶ
1276 4521 1473 4587 ταῦτα,
1519 4520 1615 4576 καὶ
1652 4521 1680 4575 ό
1722 4519 1880 4588 λόγος

2056 4516 2234 4584 Atque
2273 4513 2386 4567 hmc
2411 4510 2649 4566 absurda
2694 4511 2800 4565 huc
2860 4525 3035 4581 usque
3076 4522 3462 4581 pervenerunt,
3516 4522 3571 4568 et

293 4613 401 4666 οὐκ
448 4613 515 4667 ἂν
557 4613 665 4666 οὐδ’
702 4614 879 4686 ἥψατο
905 4616 1135 4670 τούτων.
1180 4616 1319 4669 Ἀλλ’
1346 4616 1422 4680 ὡς
1454 4616 1520 4669 ἂν
1562 4615 1762 4685 μᾶλλον
1812 4614 1879 4683 τῇ

297 4706 603 4777 παραθέσει
634 4706 741 4759 τῶν
782 4707 1000 4762 ἀτόπων
1028 4708 1353 4780 ὁπολήψεων
1396 4710 1455 4762 τὸ
1484 4708 1587 4777 τῆς
1622 4706 1883 4777 ἀληθείας

293 4803 387 4872 εἴη
418 4800 616 4865 κάλλος
664 4802 1007 4873 ἀναλάμπον,
1062 4803 1271 4875 ὑπέστη
1324 4802 1575 4867 διελθεῖν,
1610 4801 1646 4855 ἃ
1698 4798 1880 4870 πολλῷ

298 4894 510 4964 βέλτιον
540 4889 611 4966 ἦν
648 4895 783 4967 μηδὲ
822 4898 934 4959 τοῖς
964 4895 1221 4967 ἀπαρχῆς
1248 4896 1385 4967 πρὸς
1434 4892 1609 4947 ταῦτα
1658 4908 1881 4945 κατενε-

295 4985 498 5060 χθεῖσι,
534 4988 670 5059 μηδ’
687 4990 746 5043 ἐν
771 4987 979 5060 διανοίᾳ
994 4987 1306 5060 βάλλεσθαι.

375 5244 394 5274 ⁷
426 5240 562 5299 Gen.
588 5244 741 5311 1,27.

1983 4616 2163 4661 tamen
2194 4604 2281 4657 vix
2302 4617 2472 4674 pauca
2505 4617 2695 4656 eorum
2720 4600 3099 4657 delibavimus.
3136 4600 3240 4657 Sed
3272 4612 3329 4656 ut
3356 4603 3570 4673 inepta-

1982 4714 2101 4753 rum
2180 4696 2523 4766 appositione
2566 4696 2881 4765 Opinionnm
2933 4694 3282 4765 pulchritudo
3323 4696 3570 4753 veritatis

1984 4790 2158 4862 magis
2188 4790 2474 4860 magisque
2514 4788 2787 4855 eluceret,
2818 4803 2883 4842 ea
2908 4787 3167 4845 duximus
3207 4804 3329 4844 esse
3364 4805 3571 4845 memo-

1984 4882 2176 4947 randa,
2202 4897 2323 4951 qua:
2353 4880 2523 4935 multo
2552 4878 2751 4934 melius
2796 4887 2963 4945 esset,
2993 4879 3037 4934 si
3067 4894 3244 4949 neque
3284 4879 3339 4934 in
3382 4895 3471 4935 res
3499 4881 3569 4936 ab

1982 4976 2141 5031 initio
2166 4974 2516 5041 enucleatas,
2546 4988 2725 5043 neque
2770 4973 2824 5029 in
2856 4984 3108 5031 nostrum
3142 4973 3387 5029 animum
3419 4973 3569 5030 inse-

1985 5068 2285 5124 ruissemus
2306 5066 2403 5137 (2).

1815 5364 2048 5423 NOTE.

370 5522 449 5597 (l)
484 5524 726 5597 §icAIego
756 5536 854 5591 pro
880 5521 1249 5597 nsuppixast._
1335 5587 1409 5597 __
1461 5585 1496 5597 __
1543 5594 1551 5597 Α
1765 5582 1778 5597 .

369 5585 449 5666 (2)
482 5595 555 5650 De
584 5585 687 5649 hac
700 5585 1002 5666 quaestione
1018 5585 1316 5666 sententias
1334 5587 1432 5666 εξ.
1461 5585 1870 5666 Patrum-prima

1985 5510 2195 5588 api/icio
2223 5526 2316 5588 {ex
2338 5510 2566 5588 dierum,
2614 5512 2709 5588 lib.
2745 5528 2807 5588 tt,
2846 5512 3044 5588 capzﬂ,
3069 5515 3122 5581 5,
3156 5517 3209 5571 4.
3254 5516 3361 5573 Eas
3387 5517 3568 5588 itaque

1983 5582 2028 5657 si
2062 5596 2187 5635 cum
2220 5580 2503 5657 Photianis
2531 5583 2797 5657 doctrinis
2835 5580 3115 5657 conferas,
3166 5587 3293 5657 quid
3343 5580 3565 5644 laudan-

296 5651 478 5720 fro‘rde
532 5651 832 5728 discordes.
887 5664 980 5719 sed
1039 5661 1183 5717 facili
1225 5658 1441 5730 negotio
1481 5651 1871 5730 conciliandas
1980 5651 2133 5730 dum,
2160 5652 2399 5722 quidque
2447 5653 2872 5725 improbandnm
2912 5656 3004 5721 sit,
3049 5651 3293 5728 ipse'per
3330 5667 3383 5714 te
3414 5658 3561 5730 judi-

291 5736 420 5792 ωδε
446 5750 595 5793 more
625 5750 725 5791 suo
752 5724 1101 5807 persequitur
1158 5724 1445 5801 Dionisius
1479 5728 1754 5795 Petavius,
1798 5728 1869 5784 De
1977 5724 2148 5779 Cilhis.
2532 5724 2539 5725 “
3071 5724 3084 5727 “
3198 5724 3211 5728 ⁷
3404 5744 3407 5747 ν
