3888 6186
203 337 323 403 265

1063 349 1164 409 AD
1199 351 1800 414 AMPHILOCHIUM
1833 352 2183 426 ΟΠίΕὸΤΙΟ
2227 355 2560 420 XXXVIII.

3374 354 3483 418 266

203 449 324 502 τῶν
353 449 694 520 Χριστιανῶν
741 453 1061 525 μυστηρίων
1096 457 1314 513 εἰδότων
1338 476 1353 492 ⁸
1406 462 1455 514 εἰ
1493 461 1798 533 ἀπερίγρα-

1903 473 2029 519 runt
2070 465 2350 537 mysteria,
2407 469 2508 522 hoc
2539 465 2764 522 dubium
2820 479 3126 538 proponere
3183 465 3486 521 nondebe-

204 557 367 604 πτος,
405 541 502 594 καὶ
540 543 816 614 πανταχοῦ
863 547 894 616 ἡ
935 545 1145 620 θεότηε,
1182 550 1411 622 πότερον
1454 553 1486 623 ἡ
1527 553 1684 624 σὰρξ,
1731 554 1797 624 ἢν

204 632 475 686 ἀνέλαϐεν
519 635 548 686 ό
595 635 745 702 Υἱὸς,
789 641 1066 710 πανταχοῦ
1107 641 1184 711 τῷ
1229 644 1616 716 προσειληφότι
1651 665 1796 718 παρ-

204 724 594 797 εκταθήσεται,
625 729 713 782 ἵνα
743 730 818 802 μὴ
848 733 1228 807 κεχωρισμένη
1253 735 1439 809 νοηθῇ,
1464 737 1497 808 ἢ
1527 755 1796 810 περιγρα-

205 817 424 890 φομένη
455 819 604 892 τόπῳ
631 821 729 894 τὴν
761 822 1068 895 πρόσληψιν
1089 827 1502 899 ἀπαρνήσεται;
1541 830 1652 885 Καὶ
1685 831 1794 904 γὰρ

201 909 386 981 τούτῳ
429 911 490 984 δὴ
522 914 601 984 τῷ
638 915 945 986 νομισθέντι
989 918 1310 990 ἀπορήματι
1354 921 1524 976 πολλά
1573 923 1640 977 ἂν
1682 924 1790 996 εἴη,

205 999 419 1070 μᾶλλον
448 1002 506 1055 δὲ
543 1007 608 1075 τῇ
640 1004 885 1077 ἀπειρίᾳ,
916 1006 1324 1080 διαμιλλώμενοι
1351 1009 1422 1064 τὰ
1457 1011 1750 1084 ἀθύρματα
1775 1032 1789 1046 ·

200 1093 302 1145 καὶ
346 1093 434 1147 ἴνα
467 1094 540 1166 μὴ
577 1097 837 1169 περὶτῶν
866 1101 1112 1171 φρικτῶν
1140 1102 1201 1156 οὐ
1240 1103 1485 1180 φρίττειν
1524 1105 1788 1178 δόξωμεν,

199 1185 298 1238 ἐπὶ
324 1186 426 1257 τῆς
452 1189 632 1260 ψυχῆς
670 1191 894 1262 μᾶλλον,
928 1194 1021 1248 καὶ
1048 1194 1141 1249 τοῦ
1169 1194 1421 1266 σώματος
1447 1200 1475 1252 ὁ
1504 1198 1660 1269 λόγος
1691 1200 1791 1274 τὴν

199 1281 517 1349 γυμνασίαν
538 1282 899 1354 ἁναδεχέσθω.

269 1452 342 1506 Τί
367 1453 477 1525 γὰρ
509 1456 707 1512 κωλύει
738 1457 922 1531 λέγειν
951 1462 1042 1517 τὸν
1066 1463 1416 1538 βουλόμενον,
1441 1471 1559 1536 πῶς
1579 1474 1787 1545 ἥνωται

194 1544 276 1616 τῷ
309 1547 526 1618 σώματι
557 1553 590 1623 η
618 1551 766 1624 ψυχὴ
795 1553 868 1626 μὴ
913 1556 1438 1634 ὲμπεριγραφομένη
1465 1544 1616 1637 τόπῳ
1641 1585 1656 1634 ;
1690 1564 1789 1634 Οἷς

195 1641 311 1735 γὰρ
342 1643 416 1715 μὴ
449 1648 988 1720 συμπεριγράρεται,
1022 1652 1120 1724 τὴν
1144 1655 1338 1712 ἕνωσιν
1368 1659 1782 1735 ἀπαρνουμένη,

193 1733 274 1797 ὡς
304 1735 341 1804 ἡ
373 1735 482 1790 τῶν
507 1739 965 1811 παραληρούντων
1000 1744 1254 1816 βούλεται
1288 1750 1471 1819 σοφία,
1506 1733 1784 1825 διελέγχε-

191 1842 310 1881 ται.
343 1827 450 1881 Καὶ
481 1830 599 1894 πῶς
626 1831 965 1905 (ἐγγύτερον,
997 1837 1092 1891 καὶ
1131 1840 1268 1910 πρὸς
1307 1841 1562 1914 αἴσθησιν
1594 1846 1782 1918 φάναι)
1816 1826 1858 1880 Β

191 1918 290 1972 τοῦ
320 1919 667 1992 ἀνθρωπίνου
704 1932 1229 2001 περικεχρωσμένου
1257 1934 1534 2007 σώματος,
1559 1939 1666 2011 ὅτῳ
1696 1940 1787 1995 διά

192 2011 487 2082 χρώματος
521 2015 597 2087 (5)
638 2015 780 2087 αὕτη
821 2024 1132 2092 χρωμάτων
1183 2026 1332 2080 ἐστὶν
1400 2030 1783 2097 ἀνεπίδεκτος⁶

193 2103 293 2156 καὶ
327 2105 422 2158 τοῦ
460 2106 560 2177 μὲν
608 2110 671 2162 ὲκ
698 2112 982 2184 τεσσάρων
1013 2117 1205 2187 χυμῶν
1235 2121 1648 2192 συγκριθὲντος,
1682 2129 1783 2198 τῆς

191 2196 304 2250 ἀπὸ
328 2198 435 2253 τῶν
465 2201 656 2272 χυμῶν
689 2203 826 2278 αὕτη
876 2207 1173 2280 καθαρεύει
1222 2212 1517 2280 διαθέσεως
1541 2233 1556 2248 ’
1589 2217 1685 2271 καὶ
1724 2196 1786 2274 τὸ

193 2289 298 2361 μὲν
321 2292 604 2365 πλήρωσίς
629 2313 712 2362 τε,
742 2298 835 2352 καὶ
865 2300 927 2353 ού
957 2301 1188 2369 κένωσις
1215 2305 1280 2359 ὲκ
1311 2305 1563 2380 διαδοχῆς
1597 2309 1784 2383 κύκλῳ

192 2385 466 2456 προϊοῦσα
502 2392 727 2462 συνιστᾷ
751 2409 765 2423 °
802 2393 834 2464 ἡ
864 2393 922 2446 δὲ
954 2396 1220 2466 κρείττων
1249 2398 1444 2470 ὁρᾶται
1466 2402 1573 2455 τῶν
1603 2405 1781 2457 τοιού-

179 2492 302 2531 ,των
335 2478 579 2535 στάσεων
605 2497 620 2512 ⁸
649 2483 744 2536 καὶ
777 2485 948 2555 μυρία
967 2486 1138 2554 ἄλλας
1272 2488 1288 2502 ⁶

259 2732 376 2786 Καὶ
404 2735 676 2790 ἀνάπαλιν
704 2738 747 2790 δ’
775 2739 841 2794 ἄν
866 2757 952 2805 τις
981 2742 1073 2796 τὸν
1123 2743 1283 2814 λόγον
1311 2752 1776 2821 μεταχειρίσαιτο.

154 2890 158 2893 _
201 2823 356 2896 Ἐρεῑ
392 2827 522 2920 γὰρ,
570 2822 722 2899 ᾧτινι
775 2833 930 2902 φίλον
987 2838 1118 2909 περὶ¹
1167 2839 1276 2892 τῶν
1335 2843 1640 2898 σπουδαίων
1705 2847 1780 2920 μὴ

189 2915 539 2981 σπουδάζειν,
569 2920 706 2975 ἀλλά
752 2925 876 2988 ταῖς
924 2932 1270 2995 σοφιστικαῖς
1315 2932 1778 3004 ὲπισεμνύνεσθαι

189 3008 386 3098 ὲνῖῗῐσῳ
411 3009 519 3063 τῶν
539 3011 866 3084 ψηφολὸγων
919 3022 1296 3092 περιεργείαις
1319 3041 1332 3056 ⁸
1371 3026 1432 3081 Εἰ
1474 3028 1679 3098 ἥνωται
1716 3031 1779 3083 τὸ

189 3097 286 3150 τοῦ
325 3099 581 3171 σώματος
624 3103 910 3176 σύγκριμα
960 3113 1025 3181 τῇ
1066 3110 1258 3185 λογικῇ
1298 3114 1470 3187 ψυχῇ,
1501 3097 1627 3182 πῶς
1677 3121 1778 3174 οὐκ

187 3191 443 3261 ἀπάρχον
464 3193 540 3264 (6)
575 3195 673 3265 τῆς
702 3197 995 3271 ὲνωθείσης
1025 3203 1082 3256 ὲν
1110 3204 1284 3274 τούτῳ
1314 3208 1726 3281 γνωριζομένης
1751 3228 1766 3279 ;
1801 3209 1846 3270 (ἔ

187 3283 314 3347 Πῶς
345 3285 402 3337 δὲ
431 3287 534 3340 ούκ
576 3289 822 3358 ἀναφές;
867 3292 1029 3347 Ἀλλά
1073 3297 1190 3362 πῶς
1233 3298 1592 3372 ὑποκείμενον
1626 3305 1771 3378 χρώ-

190 3393 372 3446 μασι;
415 3379 626 3450 Βάρους
674 3383 770 3436 καὶ
817 3387 989 3457 ῥοπῆς
1050 3389 1339 3457 κενώσεὼς
1388 3411 1446 3447 τε
1515 3397 1608 3449 καὶ
1646 3399 1781 3470 πλη-

189 3468 416 3540 ρώσεων
443 3473 561 3537 πῶς
581 3477 680 3528 οὐκ
718 3476 1028 3550 ἐλεύθερον,
1076 3484 1170 3536 καί⁹
1210 3487 1402 3557 μυρίος
1430 3487 1633 3560 λῆρος;
1671 3468 1783 3546 Keil.

190 3560 520 3635 (συλλήϐδην
543 3565 642 3638 τὴν
675 3569 1012 3642 μητρόπολιν
1059 3573 1156 3627 τοῦ
1210 3575 1381 3646 λήρου
1407 3578 1597 3647 φάναι.
1625 3581 1683 3647 ὲξ
1712 3579 1782 3655 ἦς

188 3657 284 3746 καὶ
313 3656 385 3709 τὰ
415 3659 682 3729 εἰρημένα
714 3664 824 3726 τοῖς
848 3662 1030 3732 λόγοις
1052 3667 1516 3738 ἐμπολιτεύεσθαι
1541 3673 1780 3746 πάροδον

187 3740 318 3820 εὗρε
351 3751 737 3824 νεανιεύματα)
787 3758 837 3811 εί
876 3760 1083 3831 ἥνωται
1127 3762 1159 3833 ἠ
1207 3762 1354 3836 ψυχὴ
1409 3765 1488 3837 τῷ
1541 3740 1778 3838 σώματι,

187 3840 305 3906 πῶς
338 3843 461 3914 οὐχὶ
494 3842 642 3917 ψυχὴ
670 3847 729 3900 τὸ
754 3847 934 3920 σῶμα,
954 3849 986 3923 ἢ
1010 3851 1131 3923 οὐχὶ
1163 3853 1323 3925 σῶμα
1359 3857 1598 3930 dduxi};

258 4112 323 4168 Εἰ
348 4113 407 4167 δὲ
433 4114 604 4169 ταῦτα
628 4116 808 4187 λέγειν
840 4119 936 4173 ἐπὶ
951 4119 1148 4193 ψυχῆς,
1170 4125 1265 4177 καὶ
1303 4124 1560 4197 σώματος
1581 4129 1778 4198 γέλως,

1899 565 2072 611 rent:
2139 567 2322 614 utrum
2382 560 2426 616 si
2471 575 2582 615 non
2635 559 3056 629 circumscripta
3106 559 3202 614 sed
3276 557 3484 630 ubique

1896 657 1980 703 est
2010 650 2206 717 deitas,
2241 667 2370 707 caro
2392 692 2407 719 ,
2432 669 2596 724 quam
2645 652 2945 723 assumpsit
2968 651 3162 714 Filius.
3181 651 3490 708 assumenti.

1894 741 2184 798 adhaerens
2229 745 2302 798 sit
2334 744 2553 815 ubique,
2589 761 2661 802 ne
2709 757 2960 815 separata
3004 743 3381 815 concipiatur:
3413 757 3482 796 an

1896 831 2020 887 loco
2068 834 2487 907 circumscripta
2540 851 2600 892 se
2650 844 2993 907 assumptam
3035 851 3158 891 esse
3212 834 3483 904 negabit?

1896 921 2108 979 Etenim
2140 927 2208 981 ad
2242 927 2406 996 banc,
2440 943 2604 998 quam
2645 937 2870 984 censent
2901 927 3196 993 dilIicilem,
3223 925 3482 996 quaestio-

1894 1031 2020 1071 nem
2081 1018 2504 1085 enucleandam,
2564 1021 2749 1091 potius
2794 1030 2976 1074 autem
3036 1019 3104 1074 ad
3147 1017 3480 1089 imperitiam

1893 1111 2231 1182 arguendam
2294 1114 2463 1168 multa
2511 1121 2738 1184 possent
2770 1112 2983 1169 ludicra
3029 1126 3292 1182 responsa
3347 1124 3481 1181 pro-

1892 1200 2058 1257 ferri:
2094 1211 2149 1258 et
2198 1219 2268 1259 ne
2310 1205 2618 1259 veneranda
2668 1204 2931 1276 mysteria
2963 1219 3071 1258 non
3110 1200 3360 1256 venerari
3390 1199 3477 1254 vi-

1891 1294 2140 1361 deamur,
2175 1308 2365 1352 nostra
2420 1297 2533 1352 haec
2581 1297 2756 1352 oratio
2810 1297 2875 1352 ad
2914 1294 3199 1351 hominum
3239 1294 3482 1348 animam

1890 1390 1943 1438 et
1966 1399 2168 1454 carpus
2189 1386 2617 1457 disputationem
2662 1387 2972 1445 transferat.

1966 1476 2110 1544 Quid
2147 1479 2294 1534 enim
2321 1490 2486 1548 vetat,
2520 1480 2773 1546 silibeat,
2805 1481 2988 1538 dicere
3015 1499 3028 1536 :
3055 1478 3342 1548 Quomodo
3362 1478 3484 1534 auio

1888 1587 1999 1633 ma,
2023 1571 2150 1625 dum
2174 1572 2296 1627 loco
2322 1589 2428 1628 non
2453 1575 2947 1649 circumscribitur,
2981 1573 3196 1645 corpori
3225 1574 3480 1643 copulata

1887 1664 2011 1719 est?
2034 1662 2169 1719 Nam
2201 1665 2526 1736 quibuscum
2547 1666 3112 1736 circumscriptionem
3131 1678 3480 1721 communem

1888 1772 1992 1811 non
2017 1756 2182 1811 habet
2214 1797 2228 1822 ,
2269 1772 2394 1812 cum
2425 1758 2492 1813 iis
2519 1758 2985 1829 conjunctionem,
3009 1756 3087 1812 uti
3119 1756 3234 1812 vult
3249 1757 3354 1812 ista
3379 1770 3483 1811 nu-

1887 1847 2130 1918 gantium
2156 1847 2444 1917 sapientia,
2471 1863 2579 1903 non
2611 1849 2896 1904 admittere
2924 1848 3219 1903 evincitur.
3252 1845 3320 1902 Et
3342 1859 3481 1917 quo-

1887 1940 2049 1995 modo
2079 1941 2163 2012 (ut
2201 1956 2316 1995 rem
2347 1941 2594 2012 propius,
2619 1952 2672 1998 et
2697 1957 2794 2012 per
2817 1941 3095 1998 sensibilia
3120 1939 3476 2010 attingamus)

1885 2024 2014 2080 dum
2051 2040 2249 2097 corpus
2296 2038 2380 2083 σει
2405 2029 2708 2084 coloratum
2731 2070 2747 2096 ,
2803 2029 2921 2100 ipsa
2957 2029 3038 2085 sie
3091 2030 3233 2084 inter
3261 2028 3480 2083 colores

1884 2117 2181 2186 exsislcns,
2239 2119 2454 2175 colores
2512 2120 2793 2192 suscipere
2851 2135 2959 2176 non
3010 2129 3227 2192 potest:
3271 2129 3478 2176 etcum

1885 2224 2086 2281 corpus
2125 2226 2193 2266 ex
2227 2220 2465 2282 quatuor
2509 2213 2693 2269 succis
2721 2213 2793 2269 sit
2839 2223 3181 2281 concretum,
3229 2213 3348 2284 ipsa
3383 2213 3480 2268 hu-

1879 2301 2122 2371 jusmodi
2161 2303 2430 2359 materiali
2462 2306 2780 2361 conditione
2833 2315 3020 2361 caret:
3054 2316 3109 2362 et
3133 2321 3334 2377 corpus
3356 2305 3482 2376 qui-

1883 2391 2004 2447 dem
2063 2411 2172 2448 non
2231 2395 2502 2460 vacuitas,
2536 2396 2629 2452 sed
2679 2411 2744 2452 ex
2793 2398 3081 2451 humerum
3133 2396 3480 2467 susceptione

1883 2486 2164 2555 plenitudo
2185 2487 2545 2558 uudequaque
2568 2489 2791 2543 dilatata
2811 2489 3122 2556 constituit,
3141 2489 3324 2544 anima
3346 2501 3486 2544 vero

1885 2576 1967 2630 his
2002 2575 2385 2632 affectionibus
2425 2594 2536 2632 non
2567 2589 2652 2633 est
2685 2578 2922 2633 obnoxia
2955 2596 2968 2633 :
3006 2589 3171 2648 atque
3205 2578 3311 2632 alia
3346 2593 3476 2635 sex-

1883 2664 2077 2719 conta?

1952 2756 2028 2810 Ac
2055 2758 2171 2811 vice
2196 2773 2353 2813 versa
2374 2759 2572 2827 poterit
2601 2759 2879 2830 quispiam
2905 2762 3002 2816 has
3021 2760 3478 2832 interrogationes

1883 2857 2204 2904 retractare.
2252 2851 2468 2921 Inquiet
2493 2854 2638 2907 enim
2668 2852 2734 2918 is,
2766 2853 2857 2920 qni
2902 2869 3010 2910 non
3045 2854 3192 2909 serio
3217 2855 3285 2908 de
3317 2854 3477 2910 seriis

1882 2955 2063 3010 agere,
2097 2941 2192 2998 sed
2233 2942 2532 2998 subtilibus
2561 2960 2659 3014 pro
2689 2946 3084 3001 circulatorum
3120 2961 3274 3002 more
3313 2961 3478 3015 argu-

1888 3033 1980 3085 tiis
2011 3046 2132 3087 sese
2163 3041 2438 3090 ostentare
2469 3035 2742 3102 voluerit,
2769 3038 2814 3092 si
2846 3053 3048 3108 corpus
3083 3038 3278 3093 anima:
3305 3038 3478 3094 ratio-

1882 3123 1989 3176 nali
2039 3124 2418 3180 consociatum
2463 3135 2568 3192 est,
2596 3129 2873 3197 quomodo
2915 3137 2971 3184 et
3016 3129 3221 3199 ipsum,
3261 3129 3477 3202 (quem-

1879 3215 2174 3269 admodum
2212 3215 2455 3288 anima),
2488 3219 2829 3284 substantiae,
2869 3236 2991 3291 qua:
3020 3221 3124 3276 sibi
3160 3223 3477 3291 agnoscitur

1889 3307 2202 3377 conjuncta,
2231 3310 2420 3379 nequit
2441 3311 2746 3382 imperare?
2770 3312 3060 3379 Quomodo
3090 3325 3142 3370 et
3168 3315 3346 3385 ipsum
3366 3331 3477 3370 non

1883 3397 2071 3469 cffugit
2119 3408 2323 3455 tactum
2346 3401 2370 3455 ?
2397 3392 2688 3468 Quomodo
2712 3415 2796 3460 est
2827 3407 3106 3462 coloribus
3130 3407 3478 3478 subjectum?

1883 3486 2170 3553 Quomodo
2195 3492 2477 3562 gravitatis
2499 3536 2513 3561 ,
2569 3497 2852 3565 ponderis.
2895 3498 3202 3562 vacuitatis,
3236 3497 3476 3568 plenitu-

1881 3577 2026 3632 dinis
2057 3594 2166 3632 non
2198 3587 2284 3636 est
2319 3581 2596 3649 immune;
2645 3593 2700 3638 et
2735 3586 2886 3641 mille
2922 3586 3234 3657 hujusmodi
3265 3589 3480 3658 gerrae?

1882 3671 2057 3741 Atque
2090 3673 2172 3742 (ut
2191 3689 2302 3728 uno
2320 3675 2484 3730 verbo
2501 3677 2784 3733 matricem
2808 3695 3074 3750 nugarum
3102 3680 3472 3750 proferamus,

1879 3780 1944 3818 ex
1979 3779 2085 3833 qua
2115 3773 2170 3820 et
2203 3766 2321 3821 istae
2347 3769 2622 3838 juveniles
2653 3771 2881 3842 argutia:
2909 3771 2978 3826 ad
3013 3787 3294 3828 sermones
3322 3772 3478 3827 iuva-

1879 3852 2087 3908 dendos
2119 3855 2328 3910 aditum
2380 3857 2753 3924 invenerunt),
2790 3860 2834 3914 si
2872 3861 3055 3916 anima
3094 3869 3178 3916 est
3222 3862 3473 3932 copulata

1842 3957 1855 3970 ·
1881 3945 2119 4013 corpori,
2140 3948 2421 4016 quomodo
2445 3949 2629 4004 anima
2659 3966 2770 4005 non
2803 3960 2888 4007 est
2919 3967 3140 4023 corpus,
3164 3963 3476 4024 autcorpus

1881 4051 1986 4089 non
2023 4048 2108 4093 est
2138 4040 2365 4095 anima?

1951 4128 2107 4195 Quod
2155 4133 2200 4187 si
2241 4133 2355 4189 hac
2393 4135 2461 4190 de
2512 4137 2690 4191 anima
2725 4147 2777 4194 et
2806 4153 3033 4207 corpore
3059 4139 3273 4196 elIu-tire
3302 4139 3480 4196 risum

189 4207 282 4259 καὶ
312 4205 412 4261 νῦν
446 4208 546 4278 τὴν
574 4207 736 4279 φύσιν
771 4211 871 4283 τῆς
909 4213 1145 4285 ἀπορίας
1176 4216 1237 4270 τὸ
1279 4217 1530 4288 μέγεθος,
1565 4221 1597 4292 ή
1626 4237 1781 4292 σοφι-

1892 4221 2116 4288 excitat,
2153 4232 2208 4278 et
2235 4240 2402 4292 nunc,
2434 4227 2564 4280 dum
2593 4228 2648 4282 in
2680 4229 2847 4285 rebus
2882 4205 3228 4286 naturalibus
3263 4229 3476 4301 pondus

191 4299 356 4371 στικὴ
405 4301 704 4373 κατάδηλος
753 4305 954 4378 μικροῦ
996 4307 1092 4360 καὶ
1131 4312 1245 4373 τοῖς
1297 4312 1669 4382 ἀγυμνάστοις
1709 4315 1779 4370 τὰ

1892 4311 2219 4372 difficultatis
2251 4325 2336 4373 est
2357 4358 2372 4384 ,
2423 4319 2508 4373 vel
2549 4321 2618 4375 ab
2647 4321 2777 4391 ipsis
2808 4323 3203 4393 propemodum
3235 4299 3478 4378 homini-

188 4390 422 4444 τοιαῦτα
450 4393 662 4461 γίνεται
720 4395 889 4466 λέσχη
915 4414 928 4429 ’
958 4398 1112 4468 πόσῳ
1155 4400 1357 4470 μᾶλλον
1381 4404 1476 4455 ἐπὶ
1505 4403 1775 4474 τοῦιθείου

1892 4406 1982 4459 bus
2015 4407 2329 4464 rudioribus
2356 4410 2543 4466 isthaec
2572 4390 2866 4482 garrulitas
2894 4390 3232 4469 cavillatoria
3263 4415 3475 4486 perspi-

189 4483 392 4552 Λόγου,
428 4485 524 4537 καὶ
553 4486 646 4539 τοῦ
675 4487 795 4540 καθ’
826 4490 974 4559 ἡμᾶς
1020 4492 1452 4564 προσλήμματος
1496 4495 1677 4564 λέγειν
1708 4498 1778 4552 τὰ

1892 4497 2024 4552 citur
2058 4515 2071 4552 :
2108 4510 2314 4569 quanto
2373 4502 2546 4573 magis
2584 4504 2651 4558 de
2701 4505 2886 4560 divino
2921 4505 3132 4573 Verbo,
3178 4514 3236 4562 et
3263 4483 3474 4562 Fnostra

190 4578 354 4649 ὃμοια
381 4579 442 4633 οὐ
469 4580 750 4645 παντελῶς
771 4582 888 4636 ἐστι
918 4585 1323 4652 καταγέλαστον
1348 4587 1445 4643 καὶ
1471 4589 1546 4661 μὴ
1567 4591 1778 4663 διακρί-

1892 4568 2166 4656 assumpta
2206 4599 2398 4645 natura
2429 4593 2748 4664 hujusmodi
2784 4611 2972 4666 gert-as
3003 4597 3216 4652 eﬂ'utire
3244 4597 3474 4652 omnino

189 4687 302 4724 νειν
351 4672 517 4725 εἰδόσι
571 4671 844 4744 φλυαρίας
903 4692 983 4740 τε,
1041 4678 1133 4730 καὶ
1175 4679 1409 4750 ἀπορίας
1437 4682 1774 4753 προνόμιον;

1892 4679 2249 4735 deridiculum
2282 4691 2370 4740 est
2407 4699 2505 4755 pro
2541 4686 2609 4741 iis
2640 4702 2882 4758 quoque,
2913 4688 3003 4759 qui
3034 4704 3147 4744 rem
3172 4689 3474 4759 jocularem

191 4763 350 4818 Είπω
382 4764 448 4818 τὰ
481 4766 750 4837 ἡμέτερα,
796 4767 998 4837 μᾶλλον
1032 4768 1080 4822 δ’
1120 4769 1157 4823 ἃ
1200 4771 1304 4840 τῆς
1359 4770 1779 4845 φιλανθρωπίας

1892 4787 1916 4827 a
1949 4771 2269 4830 diﬂicultate
2307 4778 2560 4833 nesciunt
2598 4779 2949 4836 discernere?
2983 4781 3082 4838 llic
3112 4788 3294 4836 autem
3330 4781 3474 4853 adji-

190 4857 285 4910 τοῦ
323 4857 637 4922 Πλὰσαντος
682 4859 840 4931 ἔργα,
883 4861 977 4915 καὶ
1015 4861 1164 4934 πάθη
1205 4863 1533 4935 καθέστηκε.
1563 4867 1688 4932 Πῶς
1742 4869 1775 4940 ή

1892 4867 2030 4923 ciam
2064 4878 2254 4925 nostra
2277 4911 2292 4938 ,
2326 4872 2442 4929 sive
2487 4875 2670 4943 potius
2698 4875 2814 4939 illa,
2844 4891 2968 4952 quae
2999 4891 3066 4931 ex
3102 4874 3388 4946 operibus,
3419 4884 3478 4930 et

192 4949 396 5022 Θεότης
423 4951 574 5022 ἥλοις
599 4952 1086 5025 διαπερονηθέντος
1130 4954 1224 5008 τοῦ
1256 4955 1530 5026 σώματος,
1558 4958 1619 5012 οὐ
1647 4977 1775 5016 συν-

1892 4963 2333 5032 perpessionibus
2367 4967 2782 5023 clementissimi
2811 4950 3125 5024 Conditoris
3154 4967 3328 5023 nostri
3352 4967 3474 5023 erui

195 5046 486 5118 τέτρωται,
507 5048 570 5100 οὐ
591 5051 657 5119 τῇ
681 5048 847 5120 λόγχῃ
869 5049 1240 5123 διατέτρηται,
1268 5052 1369 5106 οὐκ
1402 5053 1744 5126 ἐσταύρωται
1765 5072 1780 5123 ;

1892 5065 2142 5125 possunt.
2176 5057 2463 5125 Quomodo
2506 5060 2670 5115 simul
2698 5077 2823 5116 cum
2874 5077 3102 5132 corpore
3141 5059 3311 5116 clavis
3350 5074 3474 5132 per-

1730 5239 1963 5301 ΝΟΤᾸΞ.

201 5384 494 5483 ξ-ξςοᾴνοηιο
548 5390 734 5483 docuit
919 5390 1170 5483 Ioannes.
1221 5395 1528 5483 Andresius
1590 5398 1774 5483 Regiae
1881 5401 2192 5483 abrumpat,
2225 5412 2279 5459 et
2327 5403 2419 5483 ubi
2473 5402 2730 5483 desinat,
2781 5403 2892 5483 imo
2929 5404 3142 5483 quoties
3190 5416 3220 5455 a
3273 5413 3478 5483 nostra

202 5459 547 5531 bibliothecae
596 5460 906 5531 praefectus.
937 5462 1038 5517 Hic
1080 5473 1262 5522 autem
1318 5468 1548 5523 adnotes
1581 5459 1770 5531 velim,
1881 5459 2119 5529 lectione
2181 5459 2416 5529 recedat.
2454 5504 2524 5514 —
2574 5472 2664 5529 Sic
2698 5459 2879 5530 exstat
2928 5459 2982 5526 in
3011 5471 3214 5527 Codice
3273 5472 3471 5526 Mona-

203 5529 353 5607 quod
375 5529 887 5607 ipsamjamdudum
927 5536 1334 5598 transtuleram.
1371 5529 1775 5607 nonnullasque
1879 5545 2026 5598 censi
2057 5544 2150 5600 Gr.
2186 5545 2307 5607 104,
2346 5545 2383 5605 Γ,
2414 5544 2542 5600 282.

205 5604 578 5693 suppleveram
634 5603 940 5693 lac‘ujnnlas,
997 5619 1124 5693 cum
1157 5607 1509 5691 _Combelisii
1571 5603 1771 5665 lacinia
2055 5615 2255 5693 galtem
2282 5603 2518 5693 reti—ngas
2548 5615 2710 5693 οὕτω,
2746 5620 3312 5693 uts_ensus.constet.~
3393 5681 3405 5693 .

206 5673 536 5757 mihioblata
564 5682 682 5730 est:
716 5675 768 5728 id
800 5684 983 5758 autem
1037 5676 1121 5758 vel
1155 5678 1270 5747 ipse
1315 5679 1499 5749 itaque
1537 5695 1603 5736 ex
1649 5696 1771 5735 ver-
1951 5673 2328 5758 (ﬁlgperlireve
2375 5673 2784 5742 interstitiolum
2837 5685 2974 5741 inter
3016 5684 3096 5738 ἀπ
3150 5691 3204 5737 et
3251 5681 3350 5754 τῆς
3392 5681 3473 5736 ita

210 5745 382 5829 sionis
405 5748 668 5801 varietate
700 5745 1018 5829 perspicies.
1056 5745 1190 5829 Ego'
1214 5745 1526 5829 autempro
1562 5761 1769 5829 renata
1876 5745 2260 5829 cor‘nplendum
2294 5771 2512 5814 censeo.

174 5818 439 5874 -monebo
500 5825 554 5872 ct
608 5819 750 5873 unde
829 5817 1053 5888 incipiat
1130 5817 1514 5888 Cornbelisius,
1556 5831 1608 5877 et
1675 5822 1766 5876 ubi
2003 5817 2021 5829 '
2585 5838 2590 5843 ’
