3888 6186
391 282 494 361 267

1552 307 1817 370 PHOTI-I
1849 310 2356 373 PATRIARCHA!
2381 314 2490 376 (ΣΡ.

3550 319 3660 380 268

393 404 545 462 fosso
574 405 835 465 divinitas
890 423 1001 465 non
1052 422 1136 468 est
1188 411 1503 485 perforata,
1559 431 1733 487 neque
1788 416 1965 473 lancea

2081 419 2204 483 Πῶς
2229 419 2410 475 πάντα
2442 420 2713 484 παθόντος
2747 421 2923 476 ταῦτα
2958 421 3055 477 τοῦ
3101 422 3320 495 άληθῶς
3364 423 3665 490 ἐνωθέντος

392 501 711 571 transjecta,
753 517 928 573 neque
983 504 1141 561 cruci‘
1189 506 1443 562 conﬁxa?
1472 506 1795 575 Quomodo,
1844 527 1973 567 cum

393 603 587 647 natura
624 593 857 649 humana
887 612 1010 650 vere
1040 609 1322 670 assumpta
1351 601 1453 656 hos
1477 616 1669 657 omnes
1702 613 1976 672 pateretur

394 689 691 752 cruciatus,
724 687 990 745 Divinitas
1034 691 1197 746 simul
1246 708 1371 747 cum
1420 694 1657 763 patiente
1694 694 1815 762 fuit,
1874 712 1978 753 nec

397 788 574 832 tamen
607 785 676 833 ab
702 780 833 849 ipsis
859 782 1050 851 attingi
1093 784 1303 852 potuit?
1336 783 1620 851 Quomodo
1651 788 1766 857 ipsa
1799 787 1852 843 in
1876 804 1973 844 sua

394 868 697 922 substantia
739 880 970 924 mortem
1005 872 1230 945 effugit?

463 958 578 1014 Etsi
604 960 856 1017 Christus
886 962 1026 1017 Deus
1051 976 1234 1019 noster
1254 978 1472 1036 propter
1502 984 1603 1025 nos
1626 986 1748 1027 esse
1774 971 1975 1028 dicitur

392 1051 679 1107 verissime
728 1063 978 1108 mortuus
1010 1056 1232 1125 (quippe
1270 1058 1364 1127 qui
1417 1063 1692 1130 propriam
1754 1079 1971 1119 carnem

393 1155 492 1211 pro
518 1142 675 1197 nobis
706 1144 868 1199 morti
909 1147 1172 1217 tradidit),
1215 1157 1267 1203 et
1292 1152 1558 1206 mansisse
1590 1153 1641 1207 in
1684 1157 1932 1225 sepulcro
1956 1198 1975 1223 ,

394 1249 461 1289 ac
499 1234 749 1291 triduana
804 1240 1211 1295 resurrectione
1253 1245 1671 1300 resurrectionis
1714 1249 1977 1303 omnibus

395 1329 704 1384 communis
723 1329 1141 1394 dedicationem.
1166 1350 1229 1389 ac
1247 1335 1655 1392 fundamentum
1684 1342 1969 1396 statuisse:

392 1420 487 1475 sed
524 1429 702 1476 tamen
738 1424 830 1492 qui
862 1424 1065 1479 idcirco
1094 1426 1440 1483 Divinitatem
1484 1430 1796 1499 passibilem
1828 1432 1973 1489 blas-

392 1512 732 1582 phemarent.
767 1518 1121 1572 redderentur
1152 1520 1395 1589 elingues
1430 1538 1522 1591 per
1551 1539 1636 1589 ea,
1656 1540 1777 1595 qua:
1806 1526 1970 1582 modo

391 1603 815 1661 confutationem
847 1623 912 1664 ex
948 1611 1164 1678 animm,
1193 1622 1247 1667 et
1296 1616 1545 1684 corporis
1582 1618 1969 1685 conjunctione

389 1696 664 1752 elicientia
697 1701 840 1755 dicta
872 1712 1034 1768 sunt,
1063 1711 1117 1758 et
1148 1721 1241 1774 per
1272 1707 1407 1769 alia,
1440 1716 1605 1776 atque
1640 1708 1745 1763 alia
1775 1709 1968 1780 hujus-

2077 514 2145 583 τῇ
2177 512 2404 583 Θεότητι
2439 514 2832 587 συγκρίματος,
2885 514 3025 588 αὕτη
3058 516 3289 592 τούτοις,
3324 516 3563 573 συνοῦσα
3587 518 3665 589 τῷ

2078 605 2390 673 πεπονθότι,
2430 606 2699 676 διέμεινεν
2727 608 3000 677 ἄψαυστος
3025 628 3041 673 ;
3071 609 3195 673 Πῶς
3216 610 3275 662 δὲ
3301 610 3394 663 τὸν
3424 610 3658 665 θάνατον

2078 695 2222 749 κατὰ.
2248 696 2338 750 τὸν
2367 696 2599 768 οὑσιώδη
2634 696 2791 767 λόγον
2825 696 2967 770 αὕτη
2995 698 3328 767 διαπέφευγε
3353 716 3372 764 ;

2148 968 2343 1025 Καίτοι
2388 965 2606 1037 λέγεται
2655 965 2726 1019 δι’
2770 966 2918 1037 ἡμᾶς
2962 964 3200 1034 Χριστὸς
3248 965 3278 1017 ὁ
3317 963 3453 1028 Θεὸς
3502 962 3663 1033 ἡμῶν

2077 1061 2370 1116 ἀποθανεῖν
2405 1057 2734 1130 παναληθῶς
2774 1056 2833 1127 (ἆ
2871 1074 2928 1109 τε
2962 1055 3038 1129 [7]
3086 1059 3185 1127 τὴν
3220 1056 3429 1110 οἰκείαν
3480 1058 3663 1125 σάρκα

2077 1154 2221 1225 ὑπὲρ
2250 1152 2409 1225 ἡμῶν
2439 1153 2519 1215 είς
2544 1150 2772 1205 θάνατον
2795 1149 3091 1220 δεδωκὼς),
3111 1151 3203 1205 καὶ
3224 1151 3395 1219 τάφον
3414 1148 3660 1219 οἰκῆσαι.

2076 1248 2172 1302 καὶ
2206 1248 2494 1319 τριημέρῳ
2516 1246 2810 1300 ἀναστάσει
2844 1245 2943 1316 τὴν
2974 1243 3160 1314 κοινὴν
3204 1243 3535 1312 ὲγκαινὶσαι,
3563 1245 3666 1295 καὶ

2075 1340 2405 1408 θεμελιῶσαι
2452 1338 2670 1392 πάντων
2708 1337 3003 1391 ἀνάστασιν
3029 1351 3043 1366 ⁸
3071 1335 3209 1389 ἀλλὰ
3246 1337 3355 1405 γάρ
3403 1336 3525 1397 τοὺς
3559 1333 3665 1404 μὲν

2073 1431 2322 1502 παθητὸν
2346 1430 2737 1502 ἐνυϐρίζοντας
2761 1428 2824 1481 τὸ
2852 1429 3007 1483 θεῖον
3031 1428 3382 1498 ὲπιστομίσει
3411 1429 3658 1487 πάντως.

2073 1524 2110 1580 ἂ
2141 1525 2486 1596 προείρηται,
2517 1524 2609 1578 τὸν
2636 1522 2743 1576 ἀπὸ
2772 1523 2869 1591 τῆς
2913 1520 3163 1586 ὲνώσεως
3204 1522 3305 1592 τῆς
3333 1522 3534 1592 ψυχῆς,
3562 1524 3664 1574 καὶ

2072 1618 2168 1672 τοῦ
2201 1618 2452 1690 σώματος
2484 1618 2705 1688 ἔλεγχον
2738 1616 3178 1687 προϐαλλόμενα,
3206 1619 3299 1668 καὶ
3327 1615 3465 1668 ἄλλα
3485 1615 3663 1667 πολλὰ

2071 1711 2320 1766 τοιαῦτα.
2366 1711 2505 1773 Τοὺς
2547 1709 2604 1763 δὲ
2655 1709 2843 1781 ἐκείνῃ
2885 1708 2984 1778 μὲν
3017 1710 3083 1778 τῇ
3117 1707 3292 1778 πλάνῃ
3333 1705 3408 1776 μὴ
3439 1723 3659 1775 συμφεο

389 1788 559 1844 modi.
590 1788 693 1857 Qui
722 1803 900 1847 autem
933 1795 1025 1848 tali
1077 1811 1183 1849 non
1220 1797 1569 1853 abducuntur
1615 1815 1831 1865 errore,
1870 1802 1965 1856 sed

2077 1804 2527 1878 ρομένους,οῦδὲν
2555 1803 2612 1857 δὲ
2639 1775 2853 1872 ἐκείνης
2872 1775 3229 1870 άνεκτότερον
3254 1775 3452 1869 ἐχούσῃ
3483 1815 3661 1869 προσ-

390 1881 500 1937 alio
529 1883 701 1937 nihilo
738 1887 1131 1955 tolerabiliori,
1172 1906 1334 1960 quant
1378 1890 1482 1948 iste
1534 1905 1967 1951 memoratarum

390 1973 672 2031 hominum
706 1988 808 2043 est,
844 1989 898 2034 et
953 1998 971 2031 ι
1007 1982 1060 2034 in
1089 1983 1300 2037 Clu-isto
1330 2003 1347 2035 ι
1376 1985 1603 2040 localem
1635 1986 1819 2042 carnis
1862 1987 1972 2042 cir-

390 2071 871 2141 cumscriptionem
930 2090 1028 2144 pro
1076 2077 1273 2131 dit-inm
1325 2088 1530 2134 natura}
1579 2080 1970 2149 conjunctione

389 2162 741 2217 reiiciendam
795 2165 1152 2233 arbitrantur,
1188 2177 1302 2223 tum
1359 2170 1448 2225 illa
1505 2192 1522 2221 ι
1563 2172 1625 2224 de
1684 2175 1866 2226 anima
1918 2182 1968 2227 et

389 2268 625 2323 corpore,
658 2273 677 2306 ι
705 2264 816 2310 tum
844 2257 957 2312 haec
981 2276 998 2308 ι
1022 2259 1084 2311 de
1102 2261 1437 2328 passionibus
1465 2262 1663 2316 Christi
1681 2263 1915 2317 absurda
1943 2282 1963 2317 ι

389 2361 543 2417 atque
581 2364 645 2400 ex
688 2364 879 2402 eorum
941 2352 1405 2420 propositionibus
1457 2355 1774 2423 procedere,
1810 2367 1864 2410 et
1898 2356 1966 2410 ad

391 2441 539 2508 ipsos
571 2439 893 2496 refellendos
921 2453 1068 2498 recta
1094 2444 1314 2498 tendere
1350 2446 1622 2504 videntur.

463 2532 566 2597 Qui
592 2536 873 2600 concedit,
911 2535 1102 2602 amice,
1140 2552 1263 2591 esse
1286 2536 1485 2607 ubique
1521 2539 1968 2610 Deitatem,qno-

387 2628 552 2682 modo
590 2629 752 2683 simul
806 2646 913 2685 non
962 2632 1223 2685 concedet
1274 2642 1439 2685 totam
1491 2634 1684 2687 adesse
1725 2634 1968 2704 ubique?

388 2715 503 2773 Hoc
531 2720 676 2773 enim
709 2736 815 2774 non
846 2722 1047 2787 minus,
1088 2738 1250 2792 quam
1285 2723 1438 2787 illud,
1469 2724 1534 2777 ad
1560 2725 1800 2779 divinam
1838 2741 1968 2796 per-

388 2812 521 2868 tinet
552 2814 892 2884 dignitatem.
922 2813 1078 2881 Quod
1129 2816 1174 2870 si
1210 2824 1317 2870 tota
1354 2824 1578 2884 prorsus
1609 2826 1693 2873 est
1738 2819 1966 2888 ubique,

383 2914 440 2959 et
467 2920 589 2959 cum
609 2917 888 2976 assumpta
918 2916 1243 2961 caruetottts
1275 2906 1445 2961 Filius
1475 2924 1637 2961 unam
1666 2908 1968 2965 habetsub—

385 2999 726 3061 sistentiam;
752 3001 967 3054 etiamsi
1006 3001 1094 3054 hic
1125 3001 1326 3069 ubique
1368 3002 1530 3065 adsit,
1570 3002 1806 3056 humana
1838 3016 1965 3057 vero

389 3101 583 3145 natura
621 3091 763 3154 loco,
807 3106 870 3144 ac
896 3100 1161 3159 tempore,
1203 3093 1472 3163 principio
1498 3134 1513 3157 ,
1549 3108 1613 3147 ac
1647 3093 1775 3157 line,
1797 3103 1849 3148 et
1880 3094 1964 3148 in-
1992 3127 2038 3189 C

388 3185 635 3238 numeris
665 3185 787 3239 aliis
815 3186 1034 3240 definita
1062 3187 1162 3251 sit;
1194 3187 1377 3241 nullus
1408 3197 1587 3241 tamen
1634 3190 1965 3257 separationi

388 3277 553 3330 simul
584 3278 955 3347 concipienda:
984 3279 1137 3333 locus
1157 3279 1341 3334 datur.
1362 3280 1455 3335 Ille
1474 3296 1600 3334 τίετο
1623 3280 1965 3335 divinitatem

388 3368 553 3421 etiam
577 3368 695 3422 sine
725 3379 1005 3439 assumpta
1032 3386 1196 3424 carne
1227 3370 1347 3424 loco
1374 3372 1843 3441 circumscriptam
1863 3371 1965 3427 sibi

389 3461 635 3529 lingeret,
669 3462 759 3531 qui
806 3462 974 3516 Deum
1020 3462 1320 3517 secundum
1372 3474 1555 3534 partes
1597 3480 1719 3518 esse
1766 3464 1968 3533 ubique

388 3553 721 3622 conciperet.
769 3569 877 3607 non
914 3564 1097 3608 autem
1152 3563 1363 3618 totum,
1397 3555 1487 3608 ubi
1537 3554 1712 3619 adest,
1754 3556 1965 3609 adesse.

388 3649 551 3719 Atqui
587 3648 663 3711 id,
694 3648 817 3701 licet
866 3664 970 3701 non
1018 3648 1103 3701 his
1130 3648 1423 3718 ipsissimis
1453 3649 1657 3714 verbis,
1698 3651 1786 3704 ille
1813 3652 1966 3717 dicit,

388 3741 484 3811 qui
515 3743 591 3796 ait
625 3760 638 3795 :
672 3741 789 3795 Nisi
823 3755 947 3796 cum
983 3740 1166 3794 divina
1189 3738 1351 3794 Verbi
1381 3740 1738 3795 subsistentia
1771 3741 1967 3795 huma-

390 3834 537 3888 nitas
605 3833 948 3899 dilataretur,
1010 3834 1109 3903 ipsi
1167 3834 1459 3903 conjuncta
1507 3849 1629 3888 esse
1696 3834 1965 3902 nequiret.

390 3925 680 3979 Enimvero
703 3926 971 3990 dilatatio,
1003 3942 1099 3981 seu
1130 3928 1397 3992 extensio,
1436 3942 1531 3981 seu
1582 3927 1725 3980 aliud
1775 3926 1968 3995 hujus-

390 4019 555 4084 modi,
579 4026 633 4072 et
662 4036 728 4074 ne
756 4020 842 4074 his
869 4020 1085 4089 quidem
1118 4020 1280 4074 rebus
1306 4035 1373 4073 ex
1398 4028 1512 4073 toto
1529 4021 1739 4083 adesse,
1764 4019 1965 4089 quibus

387 4112 595 4181 liquido
625 4112 820 4181 aliquis
850 4112 1086 4169 assistit:
1116 4112 1232 4166 haec
1265 4112 1449 4166 omnia
1495 4112 1673 4166 locum
1720 4112 1968 4167 obtinent

386 4204 440 4259 in
476 4204 815 4271 substantiis,
844 4221 966 4275 qua:
988 4205 1311 4259 divisionem
1346 4205 1663 4272 admittunt;
1688 4221 1751 4259 ac
1779 4205 1965 4260 eadem

385 4296 567 4350 omnia
598 4298 922 4367 simplicem,
960 4297 1455 4368 indivisibilemque
1479 4296 1569 4352 Dei
1601 4298 1964 4353 substantiam

384 4388 784 4457 dispescerent.

2071 1898 2491 1967 ανακειμένους,
2531 1896 2626 1949 καὶ
2676 1894 2777 1965 τὴν
2824 1895 2882 1946 ὲν
2928 1894 3078 1963 τόπῳ
3123 1890 3473 1963 περιγραφὴν
3511 1891 3659 1944 κατὰ

2070 1990 2170 2063 τῆς
2190 1990 2341 2053 θείας
2365 1986 2612 2046 ὲνώσεως
2632 1986 2995 2058 ἀπορρίπτειν
3012 1984 3451 2053 διανοουμένους,
3466 1982 3660 2035 ἐκεῖνά

2068 2100 2151 2148 τε,
2180 2082 2278 2136 καὶ
2307 2082 2374 2136 τὰ
2400 2083 2519 2135 νυνὶ
2551 2079 2786 2151 ρηθέντα
2807 2080 2955 2149 ὅμως
2995 2078 3110 2131 ἔστι
3152 2075 3246 2129 καὶ
3278 2078 3345 2129 ἐκ
3378 2075 3489 2128 τῶν
3530 2075 3657 2128 καθ’

2069 2175 2299 2240 ἑαυτοὺς
2330 2175 2689 2245 προαγαγεῖν,
2722 2172 2816 2226 καὶ
2846 2170 2933 2224 ἐπ’
2956 2169 3171 2234 εὐθείας
3201 2170 3354 2240 ἄγειν
3373 2168 3463 2221 τὸν
3493 2167 3657 2237 ἐλεγ-

2070 2288 2165 2343 χον
2196 2269 2293 2343 (8)-

2149 2536 2209 2592 Ὀ
2239 2536 2437 2601 διδοὺς,
2470 2529 2515 2590 ὦ
2542 2533 2745 2604 ἀγαθὲ,
2790 2530 3063 2602 πανταχοῦ
3103 2531 3165 2584 τὸ
3208 2529 3386 2593 Θεῖον,
3438 2527 3557 2589 πῶς
3585 2526 3653 2579 οὗ

2068 2626 2229 2680 δώσει
2255 2627 2352 2681 καὶ
2386 2625 2504 2680 ὅλον
2536 2623 2812 2694 πανταχοῦ
2844 2625 3131 2692 παρεῖναι,
3177 2622 3252 2673 Οὐ
3285 2620 3395 2690 γὰρ
3424 2619 3653 2671 ἔλαττον

2068 2721 2151 2784 είς
2200 2719 2357 2787 λόγον
2409 2718 2568 2771 τοῦτο
2603 2715 2947 2786 θεοπρεποῦς
3002 2712 3331 2783 ἀξιώματος.
3357 2711 3495 2766 Εἱδὲ
3524 2711 3654 2762 ὅλον

2067 2811 2263 2875 όλικῶς
2299 2809 2602 2880 πανταχοῦ,
2632 2810 2725 2861 καὶ
2753 2810 2820 2878 τῇ
2873 2806 3123 2879 ἐνωμένῃ
3175 2806 3339 2876 σαρκὶ
3374 2803 3491 2866 ὅλος
3553 2804 3649 2854 ὲν-

2069 2905 2332 2975 υπάρχων
2355 2904 2383 2955 ό
2401 2901 2550 2966 Υἱὸς,
2575 2903 2622 2953 εί
2649 2899 2745 2952 καί⁵
2770 2901 3002 2969 πάρεστι
3030 2897 3128 2966 μὲν
3154 2898 3315 2959 αὐτὸς
3342 2893 3650 2965 πανταχοῦ.

2068 2998 2103 3065 ἡ
2132 2996 2177 3047 δ’
2204 2993 2521 3064 ἀνθρωπίνη
2547 2991 2706 3059 φύσις
2739 2988 3098 3061 περιώρισται
3130 2989 3302 3058 τόπῳ,
3330 2989 3423 3040 καὶ
3441 2987 3645 3058 χρόνῳ,

2070 3087 2212 3158 ἀρχῇ
2242 3103 2326 3150 τε,
2347 3086 2438 3137 καὶ
2466 3084 2719 3154 τελευτῇ,
2749 3084 2844 3135 καὶ
2866 3083 3085 3152 μυρίοις
3106 3080 3183 3152 (9)
3207 3080 3417 3143 ἄλλοιςο
3449 3079 3510 3132 οὐ
3541 3079 3645 3148 μὲν

2069 3177 2162 3236 οῦν
2196 3179 2454 3249 οὐδεμίαν
2486 3177 2719 3249 πάροδον
2768 3176 2845 3246 τῷ
2879 3173 3148 3247 χωρισμῷ
3192 3170 3650 3243 συνεπινοηθῆναι

2069 3273 2494 3346 παραχωρήσειε
2511 3268 2644 3339 (10).
2676 3268 2916 3331 Ἐκεῖνος
2936 3267 2992 3320 δέ
3021 3266 3139 3320 ποτ’
3165 3265 3231 3319 ἂν
3255 3264 3341 3335 εῐη
3359 3264 3389 3314 6
3406 3264 3467 3317 τὸ
3485 3264 3645 3316 Θείον

2068 3369 2163 3421 καί⁸
2215 3365 2386 3437 χωρὶς
2447 3363 2548 3433 τῆς
2597 3360 3046 3433 προσληφθείσης
3096 3356 3300 3427 σαρκὸς
3353 3355 3649 3427 περιγενόο

2070 3477 2229 3531 μενον
2262 3459 2306 3527 (1
2326 3459 2370 3528 l)
2406 3458 2558 3527 τόπῳ
2588 3453 3012 3526 φανταζόμενος,
3049 3450 3108 3516 ὃς
3134 3451 3276 3504 κατὰ
3304 3449 3447 3519 μέρη
3476 3465 3650 3518 τερα-

2066 3552 2286 3605 τεύεται
2329 3547 2607 3617 πανταχοῦ
2650 3546 2906 3615 παρεῖναι
2931 3583 2945 3604 ,
2973 3539 3112 3595 ἀλλὰ
3157 3540 3232 3611 μὴ
3270 3538 3526 3600 καθόλου,
3564 3534 3652 3600 οἷς

2066 3642 2132 3696 ἂν
2183 3642 2294 3712 (ιῖ)
2336 3640 2523 3701 τόποις
2568 3636 2802 3706 πάρεστι
2840 3633 2899 3687 τὸ
2920 3633 3099 3686 Θείον.
3134 3631 3296 3699 Λέγοι
3325 3630 3374 3683 δ’
3404 3628 3472 3681 ἂν
3500 3628 3651 3682 κατὰ

2068 3734 2234 3807 μέρη.
2249 3730 2352 3784 κᾶν
2369 3730 2444 3801 μὴ
2460 3729 2630 3797 λέγοι,
2644 3730 2672 3781 ὁ
2693 3728 2936 3797 φάσκων·
2957 3726 3004 3777 εί
3026 3723 3100 3795 μὴ
3120 3722 3653 3794 συμπαρεκτείνοιτο

2074 3829 2142 3896 τῇ
2167 3826 2322 3894 θεῖκῇ
2356 3822 2452 3875 τοῦ
2481 3821 2657 3888 Λόγου
2692 3818 3013 3880 ὑποστάσει,
3045 3816 3167 3886 μηδ’
3204 3814 3484 3884 ἡνωμένον
3504 3814 3649 3884 αὐτῇ

2008 3938 2016 3945 ⁸
2065 3922 2125 3975 τὸ
2138 3918 2472 3991 πρόσλημμα
2494 3911 2653 3968 εἶναι.
2669 3912 2733 3965 Ἡ
2750 3910 2817 3980 γά
2825 3928 2855 3981 ρ
2868 3906 3654 3981 παράτασις(15),ἢπαρέκτα-
3698 3951 3707 3958 .

2068 4034 2172 4080 σις,
2209 4017 2242 4085 ὴ
2273 4015 2341 4068 τὰ
2377 4011 2604 4066 τοιαῦτα
2627 4007 2805 4063 καὶτὸ
2838 4006 2912 4076 μὴ
2944 4003 3174 4058 καθόλου
3198 4003 3311 4064 τοῖς
3345 3996 3486 4063 οὖσι,
3520 3997 3652 4069 μηδ’

2065 4104 2146 4171 οἷς
2177 4104 2478 4175 ἐπιλάμπει
2510 4102 2787 4171 παρεῖναι,
2817 4098 2925 4151 τῶν
2978 4092 3381 4165 ὲπιδεχομένων
3413 4091 3533 4143 ἐστὶ
3552 4089 3650 4142 τὸν

2070 4198 2340 4271 μερισμόν
2360 4213 2375 4228 ο
2406 4195 2499 4249 καὶ
2530 4192 2741 4254 τούτοις
2763 4188 2825 4242 τὸ
2868 4190 3069 4241 ἐνιαῖον
3107 4184 3295 4249 αὑτοῦ,
3342 4184 3435 4237 καὶ
3461 4182 3648 4252 ἄτμη-

2065 4310 2155 4348 τον
2182 4284 2675 4359 κατατεμνομένων
2704 4282 2838 4353 (iri).

457 4480 515 4536 Si
550 4480 712 4545 Deus,
752 4491 937 4551 utpote
988 4482 1192 4553 ubique
1240 4497 1513 4553 praesens,
1571 4491 1626 4537 et
1671 4482 1958 4539 continens

2131 4475 2194 4527 Et
2244 4468 2572 4542 μεμέρισται
2617 4463 2678 4518 τὸ
2739 4461 2894 4515 Θείον
2946 4455 3226 4526 πανταχοῦ
3276 4451 3503 4523 φοιτῶν,

381 4574 587 4641 omnia,
619 4575 828 4630 divisus
866 4582 971 4640 est,
1010 4575 1257 4644 profecto
1287 4576 1340 4630 in
1371 4590 1437 4629 eo
1467 4577 1864 4637 extensionem,
1897 4574 1961 4628 il-

381 4668 597 4734 lamque
629 4682 754 4721 eum
787 4666 911 4723 aliis
933 4676 1345 4739 congruentem,
1375 4678 1539 4737 atque
1559 4666 1698 4720 adeo
1718 4667 1958 4722 circum-

381 4759 754 4829 scriptionem,
782 4770 836 4815 et
866 4761 1037 4828 ipsam
1065 4776 1188 4815 cum
1212 4761 1334 4815 aliis
1358 4775 1700 4814 communem
1721 4758 1957 4829 require.

381 4851 538 4917 Quod
554 4852 599 4907 si
618 4852 721 4907 hoc
750 4861 1011 4923 tanquam
1034 4852 1445 4924 Deoinjurium,
1464 4862 1625 4922 atque
1654 4852 1957 4922 indignum,

2066 4569 2245 4622 πάντα
2275 4562 2525 4631 κατέχον,
2554 4556 2648 4612 καὶ
2674 4554 2983 4626 παράτασιν
3025 4550 3111 4603 ἐπ’
3142 4546 3309 4601 αὐτοῦ
3340 4546 3515 4615 ζητεῖ,
3547 4544 3651 4599 καὶ

2064 4661 2126 4714 τὸ
2159 4653 2755 4729 συμπαρατεινόμενον,
2787 4648 2882 4701 καὶ
2919 4646 2984 4717 δὴ
3012 4643 3108 4699 καὶ
3133 4634 3642 4729 περιγραφὴν,γκαὶ

2065 4751 2126 4805 τὸ
2154 4726 2726 4817 συμπεριγράφεσθαι.
2750 4738 2815 4790 Ei
2854 4736 2909 4789 δὲ
2942 4734 3002 4787 τὸ
3044 4732 3350 4803 δύσφημον,
3384 4729 3480 4781 καὶ
3510 4726 3637 4779 ἀνά·

2067 4844 2177 4910 ξιον
2225 4840 2320 4894 τοῦ
2387 4834 2522 4891 Θεοῦ
2588 4828 2956 4903 φαντάζεσθαι
3001 4827 3223 4897 φεύγοις
3280 4821 3547 4896 (φεύγοις
3600 4820 3647 4868 ἰ·

1902 5070 2131 5128 ΝΟἩΕ.

451 5197 529 5266 (7)
556 5196 689 5251 Erat
716 5197 767 5251 in
798 5205 989 5252 nostro
1015 5196 1202 5253 codice
1229 5197 1264 5251 ἆ
1288 5214 1346 5250 τε
1373 5196 1417 5251 δ’
1450 5199 1483 5269 ἡ
1516 5196 1619 5267 τήν
1649 5213 1664 5227 ·
1689 5210 1787 5265 ego
1811 5194 1949 5248 duas

378 5278 591 5338 tantum
625 5269 892 5323 litterulas
921 5270 1160 5338 spongiae
1188 5268 1416 5338 subieci.

450 5338 526 5406 (8i
551 5337 680 5403 Quae
710 5340 815 5393 huc
857 5334 1032 5407 usque
1056 5334 1347 5402 edidimus,
1367 5337 1637 5410 ignoravit
1660 5334 1950 5410 ACombeli-

378 5412 494 5467 sius
534 5410 811 5464 :fortasse
850 5406 968 5479 ejus
998 5409 1239 5476 excerpti
1289 5406 1586 5473 exscriptor
1620 5408 1703 5461 his
1754 5406 1949 5475 προλε-

378 5483 632 5550 γομένοις
655 5478 941 5535 commode
971 5500 1028 5535 se
1064 5496 1220 5551 pOSse
1251 5494 1435 5535 carere
1456 5478 1731 5551 censebat.

445 5555 521 5622 (9)
552 5552 774 5625 Μορίοις
809 5554 937 5623 legit
964 5550 1349 5618 Combeﬁsius,
1402 5551 1498 5607 sed
1550 5550 1731 5607 minus
1754 5564 1950 5621 oppor-

382 5634 537 5681 tune.

443 5695 553 5764 (l0)
588 5693 684 5766 [Ia
715 5694 939 5766 rectius,
969 5706 1133 5763 quam
1192 5694 1621 5766 παραχωρήσαιο
1650 5694 1727 5759 ὡς
1747 5691 1808 5749 οὗ
1838 5687 1956 5746 ποτ’

383 5762 473 5829 ἄν,
500 5763 642 5841 quod
677 5765 840 5820 habet
869 5773 1115 5820 nostrum
1153 5776 1260 5818 ms.

2131 5182 2241 5254 (ιι)
2288 5180 2347 5234 Si
2402 5178 2453 5232 id
2489 5173 2580 5229 tibi
2631 5187 2739 5226 non
2781 5166 3004 5254 arridet,
3057 5163 3239 5219 scribe
3292 5175 3416 5215 cum
3450 5170 3643 5221 nostro

2058 5238 2247 5307 codice
2277 5253 2334 5303 ὲν
2373 5241 2879 5316 περι-τετραμμένῳ
2910 5238 3082 5306 τόπῳσ
3154 5303 3167 5317 ,
3302 5312 3314 5317 ,
3544 5306 3554 5317 .

2131 5303 2242 5391 ξίΞῖ
2275 5303 2532 5373 Voculam
2572 5303 2819 5391 τόποις,ρ
2844 5303 3007 5391 sensu
3035 5303 3645 5365 'reclamatam,omise.

2057 5381 2145 5448 rat
2173 5381 2601 5447 (Zombeﬁsianus
2628 5381 2951 5457 exscriptor.
3001 5446 3014 5457 _
3074 5446 3100 5457 Α
3141 5444 3153 5457 ⁸

2124 5446 2236 5534 (15)
2262 5446 2623 5532 Παράστασιν
2654 5446 2823 5509 habet
2863 5446 3249 5509 Combelisius,
3278 5448 3422 5514 quod
3455 5451 3642 5506 minus

2057 5534 2251 5672 Piafftli
2276 5602 2766 5672 llicrmcmoratum
2791 5600 3106 5672 excerptum
3148 5588 3516 5672 abrumpitur,
3542 5607 3639 5672 pe-

2066 5659 2320 5728 rin‘de'ac
2359 5671 2403 5726 si
2430 5673 2725 5742 insequens
2746 5659 3109 5736 παράγραφος
3140 5659 3207 5715 ad
3248 5672 3360 5715 rem
3394 5676 3506 5717 non
3545 5659 3640 5718 Ta-

2063 5753 2231 5800 ceret.
