3888 6186
232 234 360 301 239

1151 251 1252 312 AD
1287 223 1883 318 AMPHILOCHIUM
1916 251 2263 326 QUIESTIO
2313 253 2643 317 XXXVIII.

3416 248 3523 314 270

235 357 341 421 ἄν,
373 357 480 412 κᾶν
513 359 586 432 μὴ
625 360 863 433 φεύγων,
898 364 1005 431 ἕως
1028 366 1095 421 ἂν
1131 369 1244 424 τῶν
1284 374 1488 444 νοερῶν
1513 373 1655 428 κατὰ
1681 373 1832 442 κίνη-

1942 369 2123 424 animo
2150 368 2353 440 ﬁngere
2375 369 2638 424 abhorres
2661 366 2880 440 (quippe
2897 365 3054 422 malis
3073 366 3216 422 nolis
3229 367 3526 423 abhorrere

240 470 341 504 σιν
371 454 688 526 ἐνεργειῶν,
709 459 758 511 εἰ
783 459 964 530 βούλει
1002 463 1080 528 δὲ,
1106 465 1202 518 καὶ
1243 466 1352 522 τῶν
1396 487 1591 524 κοινων
1619 471 1840 525 ἐννοιῶν

236 543 272 594 6
304 542 436 608 νοῦς
464 545 566 599 οὐκ
597 549 679 620 εἴη
713 551 1172 624 ἀπεληλαμένος),
1203 561 1297 613 ἐπὶ
1333 562 1595 630 μεγάλοις
1615 564 1841 629 ἀτόποις

239 635 526 729 αἰσχύνην
566 640 787 711 ὅφλοις,
819 648 948 718 ῥᾷον
978 647 1044 701 ἂν
1090 651 1344 721 αἴσθησιν
1388 653 1592 715 λάϐοις.
1625 656 1839 729 ἀπορη-

243 728 449 796 μάτων
489 733 748 788 τοιούτων
792 738 1090 808 προδολεὺς
1137 744 1556 816 καθιστάμενος.
1594 748 1756 802 ’Ὠστε
1780 728 1841 804 τὸ

237 819 456 872 οξκείον
491 822 680 888 πάθος,
722 826 817 879 καὶ
854 829 1108 902 ἀγνόημα
1160 837 1468 904 προσάπτει
1519 837 1597 909 τῷ
1640 839 1783 912 λόγῳ
1813 844 1841 897 6

243 915 620 1012 ειεγαφρονῶν
677 920 856 1012 ὲνμτῷ
913 923 1128 994 λέγειν’
1166 930 1227 982 Εἰ
1267 930 1471 1001 ἥνωται
1515 937 1547 1006 ἡ
1593 936 1731 1008 σὰρξ
1762 937 1840 1010 τῷ

426 1004 456 1073 ἡ
488 1009 790 1089 πανταχοῦ,
822 1013 918 1067 καὶ
944 1015 1083 1086 πρὸς
1129 1019 1191 1072 τὸ
1223 999 1645 1096 ἀπερίγραπτον
1667 999 1841 1099 ’μεταλ

245 1093 521 1198 ὃέόὶηται
547 1115 562 1128 ο
593 1100 623 1171 ἢ
649 1103 982 1175 κεχώρισται
1007 1109 1108 1181 τῆς
1152 1093 1529 1192 Θεότητοςγμὴ
1563 1093 1838 1195 δυναμένη

243 1202 432 1262 ταυτῃ
463 1200 1054 1266 συμπαρεκτείνεσθαι.

321 1368 521 1424 Καίτοι
571 1389 636 1440 γε
689 1376 840 1448 τόπῳ
886 1380 1088 1449 μᾶλλον
1138 1385 1433 1443 ἀκόλουθον
1489 1391 1712 1459 ἐννοεῖν,
1763 1397 1840 1462 ὼς

243 1456 418 1560 εἴπερ
443 1463 511 1515 τὰ
527 1465 654 1560 ἑτῆς.
673 1466 854 1542 ψυχῆς
881 1471 1149 1543 ἰδιώματα
1169 1478 1247 1550 τῷ
1294 1480 1509 1552 σώματι
1546 1456 1836 1560 πάρεστιν,

241 1545 429 1643 ἧ-τοῖς
459 1551 554 1606 τοῦ
589 1554 841 1626 σώματος
869 1562 1063 1634 ἡψυχὴ
1101 1545 1572 1643 χαρακτηρίζεται
1599 1545 1736 1632 ’.οὐκ
1772 1545 1838 1634 ἂν

245 1639 440 1733 αὐτοῖς
473 1645 694 1719 ποθενή
727 1651 927 1718 ἕνωσις
955 1659 1318 1727 περιγένοιτο,
1341 1639 1471 1718 ἀλλ’
1503 1669 1645 1733 οὐδὲ,
1682 1672 1802 1725 εἴτι

443 1735 554 1790 τῶν
585 1741 878 1810 ήνωμένων
918 1749 950 1816 ἡ
995 1749 1210 1816 σύνοδος
1254 1753 1571 1821 διασώζοιτο
1597 1779 1610 1826 ;
1641 1764 1828 1829 ,Μεταο

416 1827 523 1926 γμαρ
544 1829 658 1926 ἂνξ
670 1832 724 1904 ῐη
755 1836 914 1926 τοῦτο
947 1839 1178 1913 Θατέρου
1205 1846 1344 1917 πρὸς
1368 1822 1830 1926 θάτεροννοὶμετα-

245 1910 401 2016 ϐολὴ.
436 1915 827 2016 δεπρδς-τὴν
873 1910 1412 2001 κυρίωςνὲνωσιν,τὸ
1461 1910 1832 2016 «apameae;

245 2004 449 2106 εἰπεῖν,
474 2010 628 2106 οῦδὲν
663 2013 901 2083 ἔλαττον,
932 2020 963 2091 ἢ
1005 2022 1073 2075 τὰ
1095 2025 1319 2094 Μυσῶν,
1350 2033 1445 2085 καὶ
1485 2004 1717 2106 Φρυγυῶν
1752 2004 1831 2096 6::

245 2093 484 2198 ἕστηκεν
515 2101 658 2198 ὅρια.
696 2107 804 2161 Καὶ
830 2112 858 2163 6
880 2111 976 2180 τὴν
997 2112 1190 2170 ἕνωσιν
1216 2093 1706 2198 πολυπραγμῖονιῦνς
1735 2093 1831 2188 καὶ

248 2192 782 2282 ρορμολυττόμενος,
800 2203 894 2256 καὶ
913 2205 1240 2274 ἀκολούθους
1256 2192 1498 2282 ἐπινοίας
1508 2192 1832 2280 ’ἀποσκευα-

246 2279 502 2384 ζόμενος,
537 2284 758 2384 ite-Mileti
787 2294 980 2349 ἑαυτὸν
1025 2302 1328 2380 μετάϐασιν
1359 2279 1500 2379 πρὸς
1525 2312 1625 2383 τὴν
1650 2317 1830 2384 σάρκα

245 2373 803 2475 καταψηφιζόμενοςο
837 2389 930 2441 καὶ
980 2378 1061 2456 εἰς
1108 2394 1199 2447 τὸν
1247 2373 1440 2454 ὲνύλοῦ
1487 2373 1832 2475 σαόκὸςίκαὶ

246 2468 618 2572 impuram-2w;
659 2475 754 2528 καὶ
796 2480 1000 2546 παντὸς
1062 2485 1293 2553 πάθους,
1355 2493 1448 2546 καὶ
1510 2498 1831 2572 προσθήκης

245 2555 649 2720 ἀπαρῇεῶτον,
674 2570 766 2622 καὶ
785 2572 1112 2632 Δεσποτικδν
1127 2555 1568 2654 ὑποπτευόμενος
1583 2589 1680 2662 τὴν

246 2661 318 2714 χυ
328 2663 411 2701 σιν
554 2694 568 2708 .

246 2661 411 2714 χύσιν
429 2661 568 2714 (15).

321 2825 435 2879 Καὶ
461 2827 614 2934 ollim
639 2828 794 2934 εἷπον
819 2838 879 2934 τό
905 2844 1159 2912 παρεῖναι
1179 2847 1279 2919 τὴν
1296 2850 1543 2924 Θεότητα
1567 2862 1708 2914 κατὰ
1731 2862 1836 2934 τὴν

246 2916 446 3018 ἒνώσιν
469 2925 533 2994 τῇ
563 2928 748 2998 σαρκὶ,
782 2932 876 2984 καὶ
924 2933 984 2987 τὸ
1023 2939 1276 3008 παρεῖναι
1323 2949 1624 3018 πανταχοῦ,
1656 2955 1704 3007 εἰ
1736 2916 1830 3008 καὶ

1807 1692 1910 1772 in

1947 461 2050 516 hoc
2065 460 2254 524 debes,
2275 461 2319 517 si
2345 470 2524 516 tamen
2543 468 2636 516 tua
2665 461 2820 516 mens
2836 459 2902 514 ab
2927 459 3355 530 intelligibilibus
3381 459 3525 513 circa

1944 565 2155 610 motum
2183 554 2618 624 operationibus,
2647 553 2759 608 imo
2785 553 2948 608 etiam
2985 567 3015 606 a
3040 552 3352 606 notionibus
3377 566 3526 605 com-

1945 642 2204 698 munibus
2235 659 2342 697 non
2376 643 2448 698 sit
2475 644 2732 706 remota),
2767 642 3078 712 seposuisse
3100 650 3152 696 te
3180 641 3234 694 in
3265 639 3528 694 immani-

1942 733 2047 790 bus
2099 734 2536 789 absurdilatibus
2581 733 2843 804 pudorem
2907 732 3124 788 facilius
3179 733 3366 800 utique
3411 731 3526 800 ipse

1945 829 2147 884 sentire
2176 827 2397 898 poteris,
2446 828 2538 897 qui
2589 825 2901 896 lmjusmodi
2954 824 3304 880 difﬁcultates
3333 832 3525 893 protu-

1943 918 2094 974 leris.
2127 917 2308 985 Quare
2352 919 2588 989 propria:
2634 917 2836 971 mentis
2886 907 3076 970 vitium
3114 926 3278 986 atque
3305 915 3527 983 imperi-

1943 1013 2074 1067 tiam
2107 1028 2360 1068 sermone
2385 1029 2485 1066 suo
2513 1013 2705 1083 prodet
2741 1013 2903 1066 homo
2927 1011 3015 1066 ille
3056 1011 3401 1075 temerarius,
3429 1013 3524 1081 qui

1943 1105 2022 1160 ait
2053 1123 2067 1158 :
2099 1105 2155 1158 Si
2183 1121 2310 1160 caro
2351 1105 2490 1160 Filio
2517 1106 2808 1175 conjuncta
2839 1114 2942 1169 est,
2983 1113 3077 1158 aut
3102 1113 3185 1159 est
3211 1104 3430 1173 ubique,
3462 1119 3526 1159 ac

1943 1198 2171 1268 proinde
2200 1199 2407 1253 inﬁnita
2443 1199 2617 1254 erasit
2637 1217 2651 1266 ;
2674 1209 2766 1253 aut
2793 1215 2822 1253 a
2849 1198 3142 1252 Divinitate
3169 1198 3381 1252 divulsa
3415 1207 3520 1264 est,

1941 1288 1986 1343 si
2021 1289 2086 1343 ad
2119 1298 2326 1344 tantam
2359 1305 2465 1344 non
2496 1275 2744 1360 pervenit
2769 1288 3208 1343 immensitatem.

2013 1379 2175 1449 Atqui
2226 1388 2435 1447 quanto
2472 1380 2644 1449 magis
2678 1388 3110 1434 consentaneum
3145 1387 3226 1433 est
3259 1377 3518 1447 cogitare,

1940 1468 2087 1538 quod
2115 1469 2160 1524 si
2193 1469 2390 1524 animae
2416 1470 2786 1540 proprietates
2839 1470 3057 1540 corpori
3089 1469 3359 1533 adessent,
3391 1486 3451 1522 ac
3477 1471 3520 1524 si

1939 1561 2388 1616 attributionibus
2410 1561 2688 1631 corp-Ireis
2717 1562 2898 1615 anima
2921 1560 3257 1623 afﬁceretur;
3278 1559 3522 1628 profecto

1941 1651 2089 1706 hisce
2111 1652 2326 1707 duabus
2365 1652 2688 1708 substantiis
2717 1652 3033 1722 conjunctio
3078 1666 3184 1705 non
3217 1651 3517 1711 obveniret,

1937 1753 2052 1810 ant,
2079 1743 2126 1799 si
2165 1761 2225 1798 ea
2259 1745 2497 1809 daretur,
2547 1756 2695 1800 certe
2749 1745 2968 1814 quidem
3022 1746 3162 1799 inter
3205 1744 3354 1814 ipsas
3385 1759 3519 1798 con-

1931 1834 2156 1904 junctas
2187 1850 2496 1891 consensus
2526 1837 2824 1905 perdurare
2852 1851 2959 1889 non
2990 1835 3203 1904 posset?
3237 1835 3342 1888 ista
3372 1834 3516 1886 enim

1933 1927 2156 1982 alterius
2173 1927 2492 1982 substantia)
2516 1929 2567 1981 in
2592 1928 2816 1981 alteram
2837 1927 3064 1980 mutatio
3087 1925 3225 1980 foret
3251 1944 3265 1979 ε
3288 1925 3519 1980 mutatio

1932 2027 2110 2073 autem
2142 2027 2352 2073 tantum
2376 2034 2406 2074 a
2440 2035 2566 2074 vera
2589 2019 3001 2089 conjunctione,
3028 2026 3293 2087 quantum
3315 2017 3510 2088 Mysia,

1933 2119 1994 2164 ut
2029 2109 2134 2165 fert
2167 2112 2540 2181 proverbium,
2573 2128 2601 2166 a
2629 2111 2859 2183 Phrygia
2891 2112 3078 2166 distat.
3117 2110 3296 2180 Atque
3328 2111 3395 2173 is,
3422 2109 3517 2180 qui

1933 2202 2332 2272 hyposlaticam
2379 2203 2826 2272 conjunctionem
2880 2201 3107 2256 nimium
3139 2208 3436 2262 scrutatur,
3464 2209 3516 2254 et

1932 2307 2329 2353 Consentaneas
2361 2297 2614 2351 notiones
2634 2294 2868 2364 repellit,
2891 2293 3277 2362 amoliturque,
3300 2291 3516 2360 ignorat

1934 2388 2124 2457 utique
2173 2403 2233 2443 se
2285 2387 2389 2443 ista
2435 2386 2710 2453 cogitandi
2749 2386 2961 2442 ratione
2996 2383 3191 2437 Filium
3226 2383 3278 2436 in
3329 2383 3513 2437 carnis

1933 2479 2296 2535 substantiam
2329 2479 2648 2534 vertendum
2680 2491 2938 2540 censere;
2971 2491 3035 2529 ac
3065 2474 3132 2528 de
3161 2487 3246 2539 eo,
3279 2475 3371 2544 qui
3401 2489 3518 2527 ma-

1934 2571 2142 2627 terialis
2166 2571 2349 2627 carnis
2377 2569 2751 2626 extensiouem
2776 2609 2791 2632 ,
2831 2569 3142 2638 passionem
3191 2567 3512 2636 quamlibet,

1933 2669 1988 2714 et
2015 2661 2447 2716 additamentum
2480 2660 2670 2728 nequit
2708 2659 2994 2724 excipere,
3029 2658 3382 2727 divinamque
3414 2657 3522 2710 lIa-~

1933 2755 2022 2809 bet
2052 2763 2322 2817 naturam,
2351 2750 2730 2806 confusionem
2762 2749 3051 2820 suspicari.

2005 2843 2257 2898 Nondum
2282 2857 2409 2898 vero
2439 2843 2551 2898 dixi
2603 2841 2954 2896 Divinitatem
3002 2840 3150 2895 carni
3181 2841 3374 2894 adesse
3417 2854 3532 2910 per

1936 2937 2334 3008 bypostaticam
2403 2935 2884 3003 coniunctionem,
2936 2941 2988 2988 et
3039 2933 3230 2988 adesse
3288 2932 3510 3002 ubique,

247 3010 391 3108 πρὸς
439 3014 696 3090 διάφορον
755 3023 1090 3100 ἀναφέρεται
1135 3035 1230 3088 καὶ
1274 3037 1418 3104 νοῦν,
1468 3010 1561 3096 κᾶι
1593 3010 1830 3103 διάνοιαν

1942 3025 2152 3080 tametsi
2177 3025 2243 3078 ad
2261 3024 2534 3078 diversum
2571 3037 2792 3078 sensum
2827 3021 3210 3088 diversamque
3235 3019 3523 3074 notionem

249 3104 369 3211 sitat
397 3108 508 3211 γὰρ
594 3113 694 3211 μεν
719 3117 780 3169 τὸ
814 3123 1093 3194 πανταχοῦ
1123 3127 1430 3199 γινώσκων,
1460 3137 1555 3190 uati.
1577 3138 1830 3211 διορίζων

246 3195 429 3297 ξόγος,
454 3202 576 3297 ούδὲ
599 3205 704 3277 τῆς
752 3215 940 3284 κοινῆς
974 3217 1378 3291 ὲπιφοιτήσεως
1407 3195 1504 3297 τὴν
1537 3195 1831 3289 ὲνωόείσαν

248 3291 567 3392 ὑπερορίζει
597 3299 762 3370 φύσιν
782 3319 798 3332 ο
834 3307 1012 3362 πάντα
1027 3311 1156 3381 γὰρ,
1185 3307 1260 3368 ὧν
1281 3317 1309 3369 6
1339 3291 1478 3383 Θεὸς
1494 3321 1692 3392 ἠξίωσε
1717 3327 1834 3381 κτί-

248 3399 387 3484 στης
415 3390 693 3484 γενέσθαι,
748 3395 871 3450 οὐδὲ
914 3399 1017 3470 τῆς
1057 3403 1202 3458 κατὰ
1243 3409 1499 3478 πρόνοιαν
1521 3390 1832 3484 ’παρουσίας

246 3475 548 3536 ἀπολαύειν
573 3483 748 3540 ταῦτα
794 3489 1110 3563 διατειχξζει
1136 3513 1150 3527 ο
1183 3499 1212 3550 ό
1237 3475 1298 3554 δέ
1336 3501 1437 3572 τὴν
1478 3475 1834 3564 καθ”ἓνωσιν

248 3569 574 3672 πρεσόεύών
605 3581 907 3672 παρουσξαν
929 3585 1040 3655 (16)
1062 3588 1139 3660 τῷ
1173 3569 1422 3648 ἑνωθέντι
1456 3597 1603 3669 μόνῳ
1627 3600 1833 3672 ταύτην

248 3660 568 3735 ἀφορίζει)’
617 3671 755 3726 ἀλλὰ
781 3671 875 3728 οὖν
901 3679 950 3730 εἰ
1010 3679 1104 3732 καὶ
1135 3682 1277 3736 κατὰ
1332 3660 1588 3756 διάφορον
1624 3660 1832 3745 ἔννοιαν

249 3755 509 3852 ικὰτερον
531 3755 671 3826 εἶδος
690 3765 941 3838 ἀφορίζει
961 3771 1061 3841 τῆς
1083 3775 1404 3842 παρουσὲας,
1443 3779 1584 3852 πλὴν
1620 3784 1648 3835 6
1671 3782 1833 3836 Θατέ-

173 3866 186 3876 ο
251 3864 356 3940 ραν
382 3849 784 3926 Θρασυνόμενος
807 3853 1304 3934 πολυπραγμονεῖν,
1355 3869 1448 3922 καὶ
1496 3849 1827 3940 διαϐάλλειν,

249 3937 372 3994 οὐδὲ
397 3940 636 4016 θατέρας
685 3947 999 4021 φειδόμενος
1029 3951 1358 4026 ἐξελέγχοιτ’
1388 3956 1455 4012 ἄν
1483 3959 1618 4031 (l7).

322 4205 447 4270 Τοῖς
488 4208 599 4280 γὰρ
642 4209 827 4276 αὐτοῖς
872 4212 1194 4279 διαϐουλίοις
1232 4217 1535 4288 χρώμενος,
1594 4220 1731 4284 πῶς,
1766 4221 1832 4276 ἂν

251 4298 408 4371 φαίη,
452 4301 749 4372 παρέσοιτο
802 4307 1073 4378 πανταχοῦ
1111 4309 1174 4363 τὸ
1221 4309 1376 4364 Θείον
1415 4312 1644 4383 μηδενὸς
1681 4315 1832 4387 αύτῷ

1938 3116 2251 3182 referantur
2292 3115 2442 3186 (dum
2478 3114 2627 3169 enim
2673 3113 2968 3183 cogitatur,
3011 3122 3064 3166 et
3090 3112 3270 3182 agitur
3321 3113 3387 3167 de
3420 3109 3512 3166 Dei

1934 3207 2222 3278 praesentia
2290 3206 2522 3276 ubique,
2578 3213 2706 3259 tunc
2750 3219 2852 3258 uec
2888 3210 3171 3272 assumpta
3213 3211 3406 3257 natura
3475 3217 3509 3258 ιι

1935 3298 2214 3354 communi
2245 3296 2339 3352 Dei
2391 3296 2684 3368 praesentia
2731 3294 3072 3363 excluditur;
3106 3304 3300 3349 cuneta
3341 3295 3510 3361 enim,

1935 3405 2166 3459 quorum
2208 3388 2349 3445 Deus
2396 3403 2521 3443 esse
2573 3387 2745 3441 voluit
2799 3387 3072 3452 conditor,
3135 3403 3162 3441 a
3225 3387 3511 3456 praesentia

1932 3484 2095 3545 etiam
2118 3481 2474 3551 providentia:
2511 3493 2625 3534 sua:
2657 3479 2880 3534 minime
2910 3480 3154 3549 seponit:
3176 3483 3300 3533 dum
3327 3488 3509 3533 autem

1935 3576 2116 3646 agitur
2148 3575 2216 3629 de
2250 3575 2336 3628 illa
2374 3572 2661 3642 prarscntia
2687 3611 2704 3634 ,
2745 3587 2867 3642 quae
2906 3587 2972 3626 ex
3011 3573 3349 3642 bypostatica
3378 3587 3509 3625 con-

1929 3665 2215 3736 junctione
2245 3664 2439 3728 oritur,
2473 3672 2602 3716 tunc
2649 3663 2943 3733 peculiaris
2981 3663 3284 3733 praesentia:
3315 3663 3510 3717 modus

1935 3764 2230 3825 assumpta:
2293 3753 2673 3808 tantummodo
2737 3762 2945 3808 naturae
2995 3754 3374 3824 assignatur):
3428 3763 3512 3809 ta-

1935 3849 2114 3912 metsi,
2133 3849 2495 3918 inquam,duo
2518 3846 2632 3900 haec
2651 3845 2718 3898 ad
2739 3847 2951 3902 diversa
2982 3846 3286 3916 praesentiat
3310 3862 3511 3916 genera

1934 3941 2260 4011 pertineant,
2292 3951 2473 3996 tamen
2500 3943 2592 4012 qni
2623 3942 2850 3996 alteram
2876 3939 3112 3995 scrutari
3133 3978 3148 4003 ,
3181 3950 3233 3993 et
3265 3939 3511 3994 cavillari

1934 4033 2196 4100 auderet,
2241 4035 2287 4088 is
2321 4036 2506 4104 utique
2535 4049 2604 4090 ne
2633 4034 2701 4089 ab
2734 4033 2909 4088 altera
2957 4031 3178 4101 quidem
3239 4031 3514 4088 abstinere

1935 4135 2280 4193 argueretur.

2007 4219 2106 4286 Qui
2148 4220 2294 4274 enim
2321 4217 2435 4287 ipsa
2460 4217 2732 4289 cogitandi
2759 4216 2967 4271 ratione
2988 4215 3182 4281 utitur,
3209 4215 3510 4286 quomodo,

1937 4313 2163 4383 inquiet,
2205 4313 2396 4367 adesse
2447 4315 2644 4381 poterit
2701 4311 2904 4380 ubique
2955 4310 3136 4376 Deus,
3184 4324 3308 4365 cum
3359 4310 3510 4364 nulla

249 4390 378 4456 τῶν,
430 4388 513 4457 οἷς
567 4395 824 4466 πάρεστι,
870 4401 1173 4469 πεφυκότος
1216 4405 1826 4476 συμπαρεκτεξνεσθαι;

1942 4419 2141 4467 rerum,
2173 4402 2375 4472 quibus
2399 4403 2572 4465 adest,
2599 4403 2767 4470 possit
2806 4417 2928 4455 cum
2962 4415 3028 4454 eo
3063 4401 3326 4455 immensa
3360 4401 3513 4455 ﬁeri?

252 4479 349 4549 Οἷς
398 4486 506 4556 γὰρ
555 4488 822 4558 παρόντος
873 4490 1082 4545 ἐκείνου
1127 4493 1238 4546 τῶν
1273 4493 1444 4547 όντων
1474 4495 1712 4567 ἑκάστῳ,
1748 4501 1825 4571 μὴ

252 4579 634 4649 συμπάρεστιν
679 4581 930 4649 ἕκαστον,
965 4583 1085 4637 ἀλλ’
1116 4585 1212 4639 ἐπὶ
1253 4585 1356 4655 τῆς
1387 4586 1522 4650 ἰδίας
1552 4605 1829 4660 περιγρα-

250 4669 357 4738 φῆς
397 4670 571 4739 μένει,
621 4672 717 4725 καὶ
760 4673 978 4741 φύσεως
1015 4674 1116 4744 τῆς
1154 4673 1292 4744 πρὸς
1321 4679 1499 4730 ἐκεῖνο
1531 4681 1829 4748 συναφείας

250 4761 625 4835 ἀποτέτμηται
651 4780 664 4795 ·
699 4765 793 4818 καὶ
838 4765 900 4819 τὺ
955 4766 1232 4837 πανταχοῦ
1275 4771 1529 4838 παρεῖναι
1569 4773 1705 4825 πᾶσι
1752 4774 1828 4842 μὴ

253 4855 498 4925 πέφυκε,
550 4857 686 4927 μηδὲ
733 4857 795 4910 τὸ
842 4858 1232 4929 δημιούργημα
1297 4860 1519 4914 δύναται
1569 4880 1827 4934 συμπαρ-

254 4949 588 5004 εκτείνεσθαι
613 4950 690 5019 τῷ
718 4953 1215 5022 Δημιουργήσαντι.
1254 4954 1542 5026 Ἐπιφοιτᾷ
1585 4959 1697 5019 τοῖς
1725 4959 1828 5027 ἐμ-

251 5043 446 5115 ψύχοις
471 5045 532 5097 τὸ
559 5045 733 5110 Θεῖον,
784 5046 844 5098 ού
889 5045 1139 5099 σύνεστιν
1169 5047 1356 5110 αὐτοις
1393 5049 1488 5100 καὶ
1520 5048 1589 5100 τὰ
1619 5048 1824 5119 ἄψυχα.

252 5135 461 5191 υύκοῦν
522 5135 800 5207 ἀφέστηκε
861 5136 963 5204 τῆς
1010 5137 1103 5190 ἐπὶ
1157 5137 1330 5191 ταῦτα
1377 5140 1818 5210 ὲπιφοιτήσεως;

265 5226 424 5281 Ἀλλὰ
449 5229 556 5300 γὰρ
587 5230 825 5300 πάρεστι
852 5231 966 5292 τοῖς
991 5229 1242 5301 ἀψύχοις,
1274 5231 1398 5284 οὐδὲ
1429 5230 1640 5296 τούτοις
1659 5233 1824 5288 πάλιν

1935 4493 2071 4547 Dum
2102 4494 2247 4548 enim
2279 4493 2369 4548 ille
2396 4494 2622 4563 singulis
2654 4495 2816 4547 rebus
2845 4494 3020 4557 adest,
3055 4493 3283 4558 singulae
3319 4507 3406 4546 res
3437 4493 3513 4547 si—

1937 4586 2047 4640 mul
2070 4601 2192 4639 cum
2217 4584 2336 4654 ipso
2353 4586 2564 4640 cmteris
2590 4599 2694 4639 non
2720 4585 2949 4651 adsunt;
2974 4586 3066 4639 sed
3097 4587 3237 4639 inter
3261 4585 3512 4654 proprios

1935 4676 2286 4732 continentur
2315 4675 2536 4739 limites,
2575 4691 2640 4730 ac
2678 4685 2868 4745 suapte
2904 4685 3120 4738 natura,
3170 4692 3237 4729 ne
3284 4677 3511 4731 ulterius

1933 4769 2260 4841 pertingant,
2289 4769 2650 4838 prohibentur
2680 4786 2693 4823 :
2721 4779 2887 4838 atque
2917 4768 2990 4822 ita
3031 4769 3276 4822 omnium
3327 4783 3509 4822 rerum

1938 4879 2045 4916 non
2089 4871 2172 4916 est
2208 4862 2408 4933 ubique
2439 4863 2653 4924 adesse,
2694 4876 2873 4931 neque
2918 4870 3095 4932 potest
3143 4871 3389 4916 creatura
3425 4877 3509 4926 eo,

1935 4971 2043 5026 quo
2073 4953 2316 5019 Creator,
2344 4955 2644 5024 pervenire.
2677 4955 2898 5009 Assistit
2933 4954 3077 5009 Deus
3124 4955 3288 5009 rebus
3328 4955 3510 5008 anima

1933 5048 2197 5118 praeditis,
2229 5048 2324 5103 sed
2358 5063 2442 5101 res
2470 5063 2533 5101 ea
2559 5056 2805 5102 carentes
2829 5063 2937 5102 una
2971 5063 3094 5102 cum
3124 5047 3244 5117 ipso
3270 5047 3377 5102 illis
3405 5063 3519 5100 non

1933 5140 2218 5196 assistunt.
2276 5137 2414 5192 Num
2483 5140 2684 5194 idcirco
2745 5139 2860 5194 Iuno
2908 5140 3280 5195 destituuntur
3326 5140 3510 5194 divina

1931 5233 2262 5304 praesentia?
2283 5234 2355 5288 At
2383 5232 2528 5287 enim
2555 5233 2720 5290 rebus
2743 5233 2832 5288 ille
2854 5233 3112 5288 inanimis
3138 5233 3310 5299 adest,
3338 5249 3511 5301 neque

1747 5386 1978 5448 ΝΟΤίΕ.

323 5482 437 5558 (15)
487 5480 587 5539 Hic
630 5485 858 5539 resumit
911 5483 1276 5558 Combeﬁsius
1323 5487 1525 5541 laudati
1578 5488 1822 5558 excerpti

251 5553 554 5624 versionem
583 5567 600 5608 :
631 5565 897 5624 quantum
947 5565 1130 5610 autem
1163 5557 1277 5612 haec
1298 5571 1329 5612 a
1361 5560 1474 5612 veri
1507 5573 1704 5613 sensus
1737 5553 1826 5614 as-

253 5623 531 5678 scontione
556 5623 737 5686 distet,
760 5625 966 5694 judicet
996 5627 1184 5690 lector,

327 5694 438 5766 ίιϋ)
463 5694 558 5766 Τὸ,
587 5695 894 5768 παρουσίαν
916 5714 982 5752 ex
1011 5695 1342 5754 Combeﬁsio
1379 5699 1572 5771 adjeci.

1927 5646 2060 5754 stac;
2118 5642 2206 5683 1m
2232 5666 2247 5694 ,
2288 5627 2324 5680 f.
2358 5625 2483 5682 282.
2513 5623 2576 5679 V.
2629 5626 2690 5680 Ι).

1931 5719 1982 5754 υ.
2056 5737 2069 5751 .

1927 5719 1982 5771 p.
2011 5719 2069 5754 α.

2037 5485 2124 5555 l7)
2144 5483 2302 5550 Quod
2339 5484 2609 5550 reliquum
2658 5491 2739 5538 est
2785 5483 2944 5554 hujus
2984 5485 3323 5554 qurestionis,
3353 5485 3513 5555 plane

1931 5560 1982 5614 in
2009 5553 2344 5612 Combeﬁsio
2369 5555 2729 5625 desideratur.
2774 5555 2888 5609 Huc
2940 5553 3113 5625 usque
3151 5555 3363 5625 Monac,
3413 5553 3512 5606 1οι

2750 5625 2964 5693 llardt.,
3015 5624 3181 5681 Bcilr.
3240 5624 3375 5695 fasc.
3415 5641 3513 5691 vn,
