3888 6186
196 278 312 344 Ξ73

1047 286 1148 346 ΑΙ)
1185 286 1778 354 AMPIIILOCHIUM
1835 293 2182 365 QUESTIO
2209 296 2480 372 XXXIX,
2520 298 2642 358 XL-

3364 294 3471 360 274

204 394 331 462 μὲν,
357 390 417 459 ἐξ
446 389 702 462 ὁμοφυῶν
728 390 785 445 δὲ
831 390 1025 463 πηγῶν
1054 394 1426 465 προαχθέντας
1446 436 1461 461 ,
1506 399 1601 451 καὶ
1644 399 1782 472 πρὸς
1812 446 1819 461 ι

1918 404 2128 459 antibus
2174 416 2489 470 manarunt,
2547 414 2603 461 et
2651 404 2721 462 ad
2777 405 3155 463 exsistentiam
3212 407 3467 479 producti

204 481 448 554 ὕπαρξιν
474 482 836 553 ἀρδευθέντας
863 482 963 554 τὴν
987 483 1099 538 τῶν
1125 484 1371 555 ἀδελφῶν
1396 487 1589 556 κλῆσιν
1628 490 1687 543 ὲν
1719 492 1787 559 τῇ

207 575 350 645 πρὸς
378 574 639 644 ἀλλήλους
660 574 1133 645 ὲφελκυσαμένους
1161 581 1342 649 σχέσει
1363 595 1375 609 ·
1397 580 1492 633 καὶ
1517 580 1617 635 οὐκ
1643 582 1699 635 ὲν
1721 584 1788 652 τῇ

209 668 354 738 ’πρὸς
381 666 643 734 ἀλλήλους
675 667 835 737 μόνον
857 706 872 730 ,
928 668 1064 722 ἀλλά
1094 670 1358 723 κάπειδὰν
1388 672 1568 725 αὐτῶν
1620 690 1794 744 παρα-

210 753 603 824 )αμόἀνωνταί
641 772 787 820 τινες
817 759 953 829 πρὸς
981 759 1107 821 τοὺς
1138 762 1195 813 ὲν
1240 761 1318 833 τῷ
1347 763 1551 833 μείζονι
1598 763 1792 836 βαθμῷ

210 847 692 919 παραὸαλλόμενοι
719 850 1090 920 τεταγμένους
1110 869 1125 883 υ
1184 847 1297 906 οἷον
1327 856 1354 907 ὁ
1376 854 1469 907 νῦν
1497 855 1792 926 λεγόμενος

210 939 436 1010 ἀνεψιὸς
497 942 634 1013 πρὸς
683 941 773 997 τδν
813 942 989 1008 θεῖον,
1045 943 1137 997 τόν
1164 961 1224 998 τε
1283 947 1558 1018 προσεχῆ,
1617 949 1712 1002 καὶ
1764 951 1793 1003 ὁ

210 1031 431 1103 πόρρω·
468 1033 560 1085 καλ⁹
587 1033 694 1104 γὰρ
725 1035 816 1086 καὶ
858 1029 1025 1101 οὗτοι,
1062 1036 1208 1090 κατά
1257 1054 1321 1106 γε
1345 1040 1454 1092 τῶν
1482 1039 1697 1110 Λογίων
1730 1043 1793 1095 τὸ

214 1126 437 1197 ἰδίωμα,
465 1129 565 1201 τὴν
599 1129 699 1201 τῆς
732 1130 1096 1205 ἀδελφότητος
1130 1136 1595 1206 περιπτύσσονται
1623 1154 1795 1209 προσ-

212 1221 469 1291 ηγορίαν.

288 1311 541 1365 Τοιοῦτόν
574 1313 693 1367 ἔστι
736 1315 833 1368 καὶ
872 1315 934 1369 τὸ
976 1314 1116 1384 μετά
1146 1314 1208 1369 τὸ
1251 1316 1425 1382 πάθος
1456 1317 1550 1372 τοῦ
1578 1319 1791 1384 Ναδάὄ,

214 1400 311 1453 καὶ
345 1401 559 1456 Ἀὅιοὺδ
593 1403 698 1457 ὑπὸ
726 1404 971 1473 Μωσέως
1003 1405 1297 1477 εἰρημένον
1328 1408 1386 1460 ὲν
1414 1406 1492 1478 τῷ
1523 1408 1796 1480 Λευῖτικῷ

216 1493 359 1562 πρὸς
386 1495 512 1555 τοὺς
562 1495 712 1558 υἱοὺς
748 1494 932 1567 Ὀζιὴλ
970 1499 1062 1551 τὸν
1105 1499 1419 1569 Ἐλισαφάν,
1448 1501 1543 1554 καὶ
1571 1500 1660 1554 τὸν
1686 1502 1790 1555 Mt-

218 1582 921 1657 σαήλ.ἢ1κ1ισαδαὴλ(διττὴ
945 1586 1055 1660 γὰρ
1082 1589 1116 1660 ἡ
1139 1592 1348 1661 γραφή)
1365 1607 1379 1620 ·
1395 1609 1415 1644 ι
1436 1591 1792 1663 Προσέλθετε,

216 1677 315 1729 καὶ
349 1676 518 1748 ἄρατε
564 1678 690 1741 τοὺς
725 1678 989 1747 ἀδελφοὺς
1046 1681 1199 1751 ὑμῶν
1246 1682 1310 1735 ὲκ
1363 1682 1656 1753 προσώπου
1687 1684 1794 1737 τῶν

217 1740 400 1834 ἁγίων
425 1765 531 1831 ἔξω
561 1740 1096 1839 τῆςπαρεμϐολῆςλ
1135 1770 1243 1824 Καὶ
1268 1771 1377 1842 γὰρ
1401 1740 1664 1841 ἀδελφοὺς
1694 1771 1791 1826 νῦν
1825 1740 1870 1799 Β

219 1858 481 1911 ἐκάλεσεν
510 1859 571 1913 ού
601 1861 727 1923 τοὺς
756 1858 1025 1925 λύσαντας
1062 1862 1161 1931 μὲν
1192 1863 1292 1927 τὰς
1326 1863 1496 1925 αὐτὰς
1520 1864 1793 1933 μητρικάς

1892 508 2041 564 sunt,
2078 498 2322 552 eamdem
2351 498 2457 553 sibi
2489 499 2907 569 appellationem
2964 501 3292 564 vindicasse,
3340 500 3475 556 dum

1893 589 1994 645 sihi
2026 598 2216 645 mutuo
2241 590 2588 656 referuntur;
2622 607 2799 661 neque
2838 592 3015 648 solum
3055 592 3185 649 dum
3210 591 3317 647 sibi
3346 606 3471 644 mu-

1894 692 1987 736 tuo
2017 681 2348 744 referuntur,
2376 684 2469 737 sed
2515 684 2678 737 etiam
2713 683 2842 739 dum
2883 684 3050 754 aliqui
3111 699 3304 738 eorum
3345 697 3475 736 cum

1894 774 2025 829 viris
2056 774 2110 827 in
2140 774 2306 843 priori
2344 775 2515 844 gradu
2562 775 2753 845 positis
2802 784 3192 843 comparantur
3241 791 3257 828 :
3304 772 3475 827 veluti

1895 865 2022 919 dum
2066 866 2171 929 ille,
2200 866 2292 935 qui
2337 880 2481 920 nunc
2509 866 2710 921 dicitur
2758 867 3043 937 patruelis,
3102 882 3226 921 cum
3279 876 3475 933 patruo

1896 968 2267 1028 comparatur,
2305 958 2430 1012 licet
2450 959 2538 1013 hic
2566 959 2810 1030 pr0pior,
2849 959 2937 1014 ille
2987 959 3246 1013 remotior
3294 957 3366 1012 sit
3422 961 3476 1025 (a

1896 1051 2173 1107 communi
2227 1050 2430 1121 stipite)
2476 1070 2491 1105 :
2534 1052 2736 1107 etenim
2787 1051 2876 1106 isti
2934 1066 3158 1122 quoque
3214 1049 3478 1121 peculiari

1897 1159 2176 1200 sacrarum
2208 1142 2540 1200 Litterarum
2562 1144 2959 1201 consuetudine
3016 1143 3250 1199 fratrum
3304 1141 3482 1197 nomi-

1896 1237 2174 1291 nationem
2226 1235 2649 1305 amplectuntur.

1968 1325 2289 1391 Huiusmodi
2316 1335 2370 1381 et
2399 1328 2533 1382 illud
2568 1328 2829 1390 occurrit,
2873 1327 3020 1397 quod
3073 1342 3104 1381 a
3158 1327 3307 1383 Mose
3356 1334 3481 1397 post

1898 1419 2128 1484 Nadabi,
2158 1433 2211 1476 et
2240 1421 2433 1477 Abiudi
2468 1430 2698 1475 mortem
2727 1419 2797 1475 ad
2829 1419 3241 1491 Elisaphauem,
3281 1417 3479 1473 Misae-

1899 1511 2025 1576 lem,
2061 1528 2155 1567 seu
2192 1511 2534 1567 Misadaelem
2565 1510 2789 1581 (duplici
2827 1512 2972 1565 enim
3015 1521 3174 1581 pacto
3211 1509 3478 1579 scriptum

1900 1600 2195 1669 invenitur)
2222 1599 2420 1655 Ozielis
2471 1599 2610 1654 ﬁlios
2652 1601 2706 1654 in
2765 1599 3009 1655 Levitico
3060 1601 3265 1655 dictum
3323 1608 3408 1654 est
3462 1616 3478 1653 :

1906 1676 1923 1743 ι
1962 1690 2059 1757 Ite,
2080 1691 2321 1745 ettollite
2353 1690 2549 1746 fratres
2566 1699 2778 1746 vestros
2798 1691 2864 1745 de
2898 1699 3194 1759 conspectu
3223 1698 3482 1745 sanctua-

1896 1781 1984 1844 rii.
2016 1792 2070 1837 et
2099 1790 2374 1847 asportate
2404 1792 2553 1835 extra
2584 1791 2764 1837 castra
2789 1783 2854 1834 ’³.
2894 1800 2911 1832 ι
2954 1779 3174 1835 Fratres
3217 1780 3481 1835 nimirum

1893 1872 1998 1926 hoc
2030 1871 2147 1925 loco
2180 1871 2513 1940 nuncupavit
2544 1886 2660 1934 eos,
2684 1870 2776 1938 qui
2804 1868 3027 1939 quidem
3066 1886 3172 1926 non
3197 1885 3266 1924 ex
3290 1869 3481 1924 eadem

219 1947 436 2015 ὠδῖνας,
488 1948 589 2002 οὐκ
642 1951 724 2013 είς
781 1950 1115 2019 ἀλλοφύλους
1139 1953 1196 2006 δὲ
1221 1954 1451 2022 λαγόνας
1484 1954 1596 2026 (21)
1635 1956 1786 2024 ὅμως

1918 1961 2230 2016 mrturieute
2262 1962 2419 2015 vulva
2458 1961 2586 2015 editi
2635 1970 2797 2027 sunt;
2838 1960 2933 2016 sed
2983 1970 3163 2015 tamen
3212 1961 3481 2030 originem

217 2039 636 2109 ἀναφερομένην
669 2039 848 2095 αὐτῶν
877 2041 1101 2112 ἔχοντας
1134 2045 1360 2114 σποράν.
1382 2045 1492 2097 Καὶ
1516 2044 1625 2115 γὰρ
1654 2041 1794 2115 ἦσαν

218 2131 269 2182 οἱ
305 2130 406 2198 μὲν
432 2132 560 2202 περὶ
594 2132 781 2185 Ναδάὄ
812 2135 1000 2197 παῖδες
1037 2134 1248 2205 Ἀαρών
1270 2152 1284 2168 ο
1315 2137 1365 2188 οι
1398 2136 1452 2188 δὲ
1492 2138 1628 2207 περὶ
1656 2137 1795 2191 Ἑλι-

223 2222 403 2289 σαφάν
425 2223 534 2275 υἱοὶ
570 2222 753 2295 ὐζιήλ
774 2242 785 2255 ·
816 2226 845 2278 ὁ
872 2225 929 2278 δὲ
965 2224 1148 2296 ὐζιὴλ
1190 2227 1417 2297 ἀδελφὸς
1464 2228 1557 2281 τοῦ
1590 2229 1796 2299 πατρὸς

234 2312 477 2383 Ἀαρών·
510 2307 585 2367 ὧν
614 2315 672 2366 τὸ
706 2315 1033 2381 ἐπιπολάζον
1057 2316 1199 2382 ἔθος,
1230 2317 1330 2381 τὰς
1366 2319 1501 2389 πρὸς
1534 2318 1797 2389 ἀλλήλους

223 2404 441 2473 σχέσεις
485 2403 751 2473 ὀνομάσαι
798 2404 1146 2474 βουλόμενον,
1179 2405 1321 2459 θεῖον
1350 2406 1442 2459 τὸν
1480 2407 1662 2478 Ὀζιὴλ
1702 2408 1795 2462 τοῦ

234 2494 449 2564 ’Λαρὼν
514 2497 664 2567 ἐρεῖ,
722 2495 975 2565 δεύτερον
1005 2497 1063 2551 δὲ
1092 2497 1201 2550 τῶν
1250 2498 1379 2568 περὶ
1431 2498 1653 2562 Ναδάὁ,
1707 2500 1800 2553 καὶ

233 2585 483 2640 Ἀὁιούδο
540 2589 631 2641 τὸν
678 2587 735 2641 δὲ
782 2590 1041 2659 Μισαὴλ,
1090 2590 1185 2643 καὶ
1241 2589 1534 2659 Ἐλισαφάν
1583 2590 1798 2655 ὲξαδέλ-

222 2695 360 2745 φους
389 2678 486 2747 μὲν
511 2679 604 2733 τοῦ
632 2678 861 2751 Ἀαρὼν,
898 2680 1079 2745 θείους
1105 2681 1163 2737 δὲ
1187 2680 1295 2735 τῶν
1316 2682 1445 2751 περὶ
1474 2681 1685 2746 Ναδάϐ,
1706 2682 1802 2735 καὶ

235 2775 473 2833 Ἀϐιούδ.
512 2774 673 2829 Ἀλλά
718 2773 827 2843 γὰρ
869 2771 1092 2836 τούτους
1138 2773 1173 2843 ή
1205 2771 1454 2837 Μωσέως
1509 2770 1802 2843 συγγραφὴ

221 2867 489 2935 ἀδελφοὺς
518 2866 693 2920 ἐθέλει
721 2866 928 2919 καλεῖν.

298 2959 410 3009 Καὶ
445 2956 645 3019 πολλὰς
695 2955 751 3008 δὲ
787 2953 1113 3025 συγγενείας
1148 2954 1315 3014 ἄλλας
1367 2951 1612 3025 σχέσεις,
1651 2952 1803 3024 παρά

221 3052 338 3113 τοῖς
368 3051 533 3117 ἱεροῖς
566 3047 721 3120 ἡμῶν
747 3048 965 3116 Δογίοις
988 3086 1003 3108 ,
1038 3049 1151 3110 τοῖς
1184 3063 1242 3098 τε
1275 3045 1536 3109 Παλαιοῖς
1562 3086 1577 3110 ,
1613 3046 1705 3098 καὶ
1734 3046 1801 3098 δι’

221 3136 302 3192 ὧν
356 3143 389 3202 ἠ
434 3141 591 3210 χάρις
628 3140 1067 3209 ἀπαγγέλλεται,
1099 3139 1201 3210 τὴν
1242 3138 1351 3191 τῶν
1396 3137 1639 3208 ἀδελφῶν
1672 3140 1804 3209 ὁρᾷν

225 3233 378 3286 ἐστιν
418 3235 875 3304 ὲπισπασαμένας
911 3231 1137 3302 κλῆσιν’
1185 3231 1260 3295 ὡς
1305 3232 1401 3284 καὶ
1437 3231 1496 3284 τὸ
1548 3232 1700 3303 παρά
1730 3232 1805 3302 τῷ

224 3325 571 3396 ἠγαπημένῳ
601 3325 840 3395 μαθητῇ,
883 3323 978 3376 καὶ
1006 3322 1241 3392 θεολόγῳ
1282 3323 1615 3392 λεγόμενον’
1654 3341 1673 3374 t
1712 3324 1799 3377 Ei—

227 3416 526 3485 στήκεισαν
556 3415 704 3486 παρά
726 3412 804 3485 τῷ
834 3414 1049 3485 σταυρῷ
1073 3413 1167 3466 τοῦ
1206 3413 1383 3484 Ἰησοῦ
1417 3415 1450 3483 ή
1481 3416 1681 3485 Μήτηρ
1710 3415 1809 3468 αύ-

225 3505 348 3567 τοῦ.
384 3508 475 3559 καὶ
504 3508 538 3577 ἡ
564 3506 768 3576 ἀδελφὴ
816 3507 918 3576 τῆς
964 3506 1169 3577 μητρὸς
1220 3506 1387 3560 αὐτοῦ
1418 3507 1607 3578 Μαρία
1639 3509 1672 3577 ή
1711 3507 1804 3561 τοῦ

229 3597 503 3652 Κλεόπου.
544 3617 561 3649 ι
599 3597 867 3667 Πρόδηλον
910 3598 1037 3668 γὰρ,
1060 3598 1136 3661 ὡς
1184 3600 1217 3670 ή
1250 3599 1347 3669 τῆς
1373 3599 1651 3670 Παρθένου
1682 3600 1809 3668 γέν-

227 3704 389 3756 νησις
420 3688 676 3757 οὐδεμίαν
712 3682 827 3758 εἶχε
858 3689 1142 3744 κοινωνίαν
1187 3689 1349 3743 ἄλλου
1398 3691 1557 3744 τόκου
1599 3694 1679 3757 είς
1716 3692 1809 3746 τὸν

237 3779 474 3848 Ἰωακὶμ
511 3779 944 3851 ἀναφερομένην,
977 3781 1073 3837 καὶ
1110 3782 1207 3854 τὴν
1242 3784 1462 3847 Ἄνναν,
1520 3781 1585 3836 δι’
1614 3783 1681 3856 ἦν
1709 3782 1809 3856 τὴν

225 3868 343 3921 τῶν
374 3868 619 3939 ἀδελφῶν
654 3871 845 3941 κλῆσιν
878 3872 911 3941 ἡ
941 3873 1125 3942 σχέσις
1156 3874 1521 3945 προσάψαιτο.

789 3984 1125 4041 ΕΡΩΤΗΣΙΣ
1162 3986 1253 4043 Μ’.

233 4096 352 4152 Τοῦ
373 4099 738 4169 decretoriam?
769 4099 1230 4168 προστάγματος
1252 4101 1322 4156 ἐν
1343 4100 1421 4169 τῇ
1458 4100 1676 4166 Ἐξόδφ
1704 4101 1811 4156 τὸν

304 4168 526 4239 Mmoria
581 4171 1150 4239 παρακελευομένου
1177 4187 1190 4201 ⁶
1247 4190 1265 4222 ι
1315 4172 1632 4227 Ἔκτεινον
1696 4171 1812 4239 τὴν

307 4235 478 4306 χεῖρὰ
508 4253 623 4293 σου
651 4235 748 4293 ἐπὶ
773 4241 843 4293 τὰ
872 4235 1520 4308 ὒδὰταΑὶγύπτου,καὶ
1550 4242 1645 4295 ἐπὶ
1671 4235 1812 4308 τοὺς

305 4308 612 4381 ποταμοὺς
632 4309 853 4381 αὐτῶν,
877 4311 1102 4381 καὶ-ἐπὶ
1131 4310 1237 4378 τὰς
1266 4311 1562 4381 διώρυχας
1591 4311 1810 4378 αὐτῶν,

306 4378 409 4431 καὶ
455 4378 554 4431 ἐπὶ
591 4379 662 4434 τὰ
697 4379 808 4444 ἕλη
843 4379 1062 4447 αὐτῶν,
1094 4381 1192 4435 καὶ
1225 4382 1326 4436 ἐπὶ
1360 4378 1490 4442 miri
1513 4397 1811 4447 συνεστη-

1895 2067 2003 2109 n0n
2032 2068 2062 2106 a
2092 2052 2323 2107 diversis
2348 2052 2547 2107 lumbis
2568 2050 2935 2108 deducebant.
2959 2050 3254 2107 Enimvero
3294 2049 3484 2105 Nadab

1894 2158 1944 2199 et
1979 2144 2154 2199 Abiud
2185 2154 2340 2198 erant
2370 2145 2461 2198 ﬁlii
2499 2144 2765 2208 AarOnis;
2810 2143 3105 2214 Elisaphan
3162 2151 3384 2210 autem,
3425 2132 3484 2199 e‘

1897 2236 2084 2291 Misael
2125 2236 2217 2290 ﬁlii
2246 2246 2400 2290 erant
2425 2236 2658 2302 Ozielis;
2697 2234 2846 2290 Oziel
2883 2251 3008 2289 vero
3037 2235 3207 2291 frater
3230 2248 3351 2291 erat
3379 2250 3477 2306 pa-

1898 2328 1997 2383 tris
2027 2328 2257 2381 Aaronis
2295 2343 2307 2380 :
2345 2342 2577 2396 quorum
2610 2328 2814 2382 mutuis
2846 2326 3205 2389 relationibus
3253 2325 3300 2382 si
3335 2341 3485 2380 more

1897 2416 2039 2485 apud
2070 2431 2173 2469 nos
2204 2426 2421 2484 recepto
2452 2416 2670 2467 nomina
2698 2414 2925 2467 velimus
2974 2428 3269 2483 apponere,
3322 2410 3485 2466 Ozie-

1900 2508 2003 2561 lem
2032 2507 2353 2561 verahimns
2385 2515 2638 2575 patruum
2671 2505 2891 2575 quidem
2931 2503 3190 2569 Aaronis,
3222 2516 3482 2572 magnum

1899 2612 2029 2650 vero
2057 2604 2309 2665 patruum
2339 2593 2572 2659 Nadabi,
2604 2604 2659 2648 et
2692 2594 2886 2648 Abiudi
2924 2611 2937 2648 :
2973 2608 3137 2662 porro
3181 2591 3481 2655 Misaelem,

1900 2701 1954 2742 et
1982 2688 2362 2757 Elisaphanem
2398 2686 2672 2756 patrueles
2697 2687 2918 2755 quidem
2960 2684 3217 2747 Aaronis,
3256 2693 3483 2753 patruos

1901 2793 2033 2832 vero
2066 2776 2297 2843 Nadabi,
2325 2787 2379 2831 et
2413 2777 2610 2830 Abiudi
2649 2776 2915 2831 dicemus.
2979 2775 3083 2830 Sed
3141 2784 3323 2829 tamen
3385 2774 3483 2828 hos

1904 2868 2068 2925 Musis
2097 2869 2321 2923 historia
2354 2868 2549 2922 fratres
2590 2877 2738 2922 amat
2787 2882 3127 2936 nuncupare.

1974 2960 2093 3017 Jam
2128 2977 2256 3015 vero
2282 2961 2335 3014 in
2367 2962 2539 3016 sacris
2585 2957 2801 3013 Litteris
2846 2967 2957 3012 tum
2997 2955 3331 3012 Testamenti
3379 2952 3484 3009 Ve-

1910 3055 2069 3117 teris,
2098 3062 2209 3107 tum
2240 3053 2384 3123 ejus,
2415 3052 2467 3106 in
2499 3068 2607 3121 quo
2661 3051 2830 3122 gratia
2882 3050 3261 3109 annnntiatur,
3300 3046 3484 3117 plures

1907 3145 2027 3199 alia:
2049 3145 2291 3215 conspici
2329 3152 2559 3214 possunt
2606 3142 2946 3214 cognationis
2991 3141 3304 3204 relationes,
3366 3152 3489 3206 quae

1908 3237 2135 3291 fratrum
2168 3236 2594 3290 nominationem
2626 3240 2891 3302 usurpant
2920 3249 2933 3286 :
2968 3233 3046 3285 uti
3069 3241 3123 3285 et
3153 3229 3306 3294 illud,
3338 3228 3488 3298 quod

1909 3327 2210 3396 discipulus
2234 3328 2487 3391 dilectus,
2507 3342 2569 3381 ac
2593 3327 2879 3395 theologus
2903 3323 3125 3393 scripsit
3160 3344 3171 3377 :
3205 3341 3222 3373 ι
3264 3320 3493 3374 Stabant

1905 3422 2059 3492 juxta
2086 3435 2303 3474 crucem
2343 3416 2471 3473 Jesu
2506 3417 2676 3472 Mater
2710 3418 2849 3487 ejus,
2880 3425 2935 3469 et
2954 3429 3109 3469 soror
3167 3412 3353 3465 Matris
3373 3410 3492 3478 ejus

1908 3513 2075 3567 Maria
2113 3512 2367 3580 Cleopha:
2400 3512 2466 3563 ὀ.
2506 3529 2524 3561 ι
2559 3510 2912 3579 Compertum
2981 3516 3066 3561 est
3113 3506 3282 3569 enim,
3344 3501 3488 3572 quod

1910 3599 2079 3653 beata:
2134 3596 2368 3667 Virginis
2416 3599 2695 3667 generatio
2757 3612 2879 3650 cum
2952 3596 3098 3649 nulla
3164 3594 3268 3647 alia
3338 3593 3490 3661 prole

1909 3690 2255 3745 Joachimum
2312 3700 2365 3744 et
2392 3692 2604 3744 Annam
2647 3688 2897 3743 habuerit
2954 3700 3295 3746 communes,
3344 3683 3490 3737 unde

1911 3798 2162 3838 sororum
2217 3782 2647 3837 nominationem
2712 3779 2966 3851 cognatio
3013 3778 3259 3832 obtinere
3298 3786 3492 3846 potue-

1912 3876 1980 3931 rit
2011 3876 2147 3946 (ea).

1912 3985 2239 4054 QUIESTIO
2277 3986 2371 4041 XL
2402 3985 2628 4058 [Scotto,
2663 3983 2827 4039 Coisl.
2877 3986 3038 4038 Taur.
3067 3976 3337 4048 XXXIX].
3379 3974 3495 4046 (Ξῦ)

1915 4094 1980 4149 1η
2026 4094 2212 4151 Exodo
2250 4092 2383 4149 Cum
2451 4092 2637 4147 Mosen
2680 4099 2883 4160 urgeret
2923 4088 3058 4141 illud
3096 4086 3307 4139 Domini
3357 4100 3492 4151 pm?-

1984 4179 2189 4234 ceptum
2232 4180 2249 4218 :
2291 4184 2310 4217 ι
2346 4164 2582 4218 Extende
2637 4177 2851 4214 maimm
2909 4170 3056 4212 tuum
3116 4172 3273 4234 super
3326 4171 3498 4225 aquas

1984 4228 2228 4307 (Egypti,
2259 4246 2307 4289 et
2332 4251 2488 4307 super
2515 4234 2704 4302 ﬂurios
2732 4246 2933 4291 eorum,
2982 4238 3032 4283 et
3081 4228 3240 4307 riuos,
3296 4241 3494 4307 acnua-

1986 4296 2153 4365 lud'e's'.
2176 4296 2226 4360 et
2248 4296 2423 4359 omnes
2448 4296 2596 4356 lacus
2623 4316 2998 4371 aquarum.....
3024 4310 3071 4371 et
3097 4299 3164 4351 sit
3184 4296 3395 4371 cruor"
3419 4311 3434 4359 ;
3467 4312 3491 4344 ι

1987 4393 2204 4446 cumque
2224 4377 2424 4429 scilicet
2458 4374 2553 4446 hoc
2587 4365 2890 4446 prodigium
2925 4370 3193 4446 evenisset.
3229 4365 3495 4419 undenam

307 4448 417 4520 aed;-
447 4450 622 4520 ὕδωρ,
652 4449 751 4503 καὶ
777 4438 948 4520 ἔσται
971 4438 1146 4519 αἷμα*
1185 4470 1205 4503 ι
1245 4452 1343 4506 καὶ
1376 4438 1490 4506 τοῦ
1509 4438 1809 4520 θαύματος

1985 4448 2096 4501 alia
2120 4438 2133 4446 ⁷
2156 4448 2478 4520 deprompta
2520 4438 2653 4520 fuit“
2680 4438 2859 4520 aquai,
2924 4456 3038 4509 qme
3097 4438 3494 4520 inceptatoruin

305 4517 589 4590 ᾆηλονότι
644 4520 709 4572 τὸ
757 4519 942 4586 πέρας
996 4517 1337 4590 εῐληςρότος,
1387 4524 1573 4576 πόθεν
1606 4517 1813 4590 ἕτερον’

307 4587 468 4662 ὕδωρ
510 4590 748 4662 ερρέθη,
782 4591 1083 4662 ὅπερλταῐς
1115 4587 1241 4662 τῶν
1269 4592 1564 4646 ἐπαοιδῶν
1584 4587 1812 4662 μαγγα-

306 4660 496 4724 relate
527 4659 646 4727 ὕλη
697 4659 851 4731 πρὸς
891 4659 1005 4728 τὴν
1032 4660 1139 4717 τοῦ
1177 4662 1427 4732 αἵματος
1468 4659 1813 4733 φαντασίαν

305 4728 657 4799 ὑπεϐλήθιυ

1984 4507 2270 4586 pra’stigiis
2306 4507 2386 4570 ad'
2408 4507 2653 4567 miraculi
2675 4507 2993 4565 siiitulanten
3046 4507 3323 4561 materiam
3354 4517 3497 4575 pra:-

1987 4589 2098 4642 buit
2131 4588 2213 4641 ”?

980 4847 1119 4901 Edita
1143 4848 1204 4898 ab
1228 4854 1344 4899 Ant.
1379 4851 1564 4912 Scollo,
1589 4855 1621 4903 l.
1647 4868 1710 4913 ο..
1738 4870 1785 4917 p.
1814 4856 1918 4907 lOl.
1953 4857 2204 4907 Excursus
2230 4855 2281 4905 in
2321 4856 2540 4905 Exodum
2567 4868 2649 4914 vu,
2676 4851 2754 4901 19.

305 4958 466 5023 Τινὲς
493 4960 590 5029 μὲν
618 4959 711 5013 οὖν
750 4959 860 5013 τῶν
897 4961 1184 5030 μακαρίων
1216 4962 1248 5031 ή
1260 4961 1375 5031 μῶν
1409 4963 1666 5034 Πατέρων
1701 4984 1809 5036 φα-

231 5052 345 5117 σὶν,
381 5052 458 5116 ὡς
505 5054 719 5121 γείτονα
765 5053 870 5123 τῆς
913 5053 1082 5125 αὐτῆς
1120 5053 1399 5123 θαλάσσης
1448 5056 1680 5129 ἐχούσης
1713 5059 1816 5131 (είς

1988 4970 2245 5025 Nonnulli
2294 4969 2577 5023 beatorum
2631 4966 2853 5019 Patrum
2908 4965 3221 5014 nostrorum
3273 4952 3494 5019 docent,

1922 5063 2066 5131 quod
2098 5078 2219 5117 cum
2273 5076 2422 5116 mare
2446 5060 2623 5130 ipsum
2647 5073 2753 5111 non
2778 5055 2937 5124 longe
2956 5051 3185 5107 distaret
3203 5044 3494 5119 (siquidem

314 5165 359 5197 ¹⁹
395 5166 569 5222 Levit.
604 5182 660 5234 χ,
691 5166 746 5222 4.
822 5168 866 5219 *ο
900 5165 1060 5222 Joan.
1092 5183 1207 5233 xu,
1237 5166 1327 5221 25.
1402 5168 1443 5199 ¹¹
1473 5168 1645 5225 Exod.
1682 5188 1780 5237 vn,
1815 5194 1819 5205 ι

1977 5177 2022 5207 ¹²
2058 5174 2189 5231 Ibid.
2224 5174 2316 5229 22.

1754 5288 1988 5346 ΝΟΤΔ).

310 5376 388 5447 (7)
427 5372 721 5451 vaticanus
762 5377 931 5451 codex
964 5379 1144 5451 habet
1194 5379 1480 5451 σταγόνας,
1513 5382 1656 5451 quod
1691 5397 1813 5436 ver-

232 5445 377 5504 hum'
413 5445 483 5499 ad
529 5462 715 5520 semen
776 5449 1010 5518 genitale
1066 5445 1485 5517 signiﬁcandum
1530 5445 1817 5520 "potuisset

233 5519 590 5590 detorqueri;
632 5517 829 5590 Noster
885 5529 1066 5573 autem
1127 5520 1380 5589 Θαγὸνας,
1427 5517 1572 5590 quod
1624 5523 1815 5579 nullibi

232 5588 481 5712 ocgnrrit
515 5605 528 5641 :
572 5587 747 5643 lector
782 5589 1011 5655 interea,
1037 5605 1105 5644 an
1130 5587 1231 5660 ego
1261 5590 1399 5646 bene
1446 5587 1811 5661 emendarim,

237 5676 293 5712 tu
339 5667 458 5712 lcet.

234 5667 458 5732 ιυαιςεει

311 5726 509 5789 (Silia:
570 5727 748 5785 Photii
803 5731 1308 5790 animadversiones
1356 5734 1407 5790 in
1468 5733 1809 5806 propositum

1920 5387 2194 5443 Geneseos
2220 5386 2398 5439 locum
2431 5382 2677 5437 nonnihil
2719 5380 3265 5453 prodessepoterunt
3290 5372 3356 5453 ad
3388 5371 3492 5453 alia

1919 5473 2199 5513 sacrarum
2251 5458 2579 5509 Litterarum
2625 5448 2846 5505 oracula
2882 5448 3243 5517 explananda,
3283 5448 3359 5498 uti
3409 5450 3494 5497 est

1918 5530 1971 5581 in
2002 5528 2193 5583 eodem
2226 5542 2444 5597 quoque
2468 5524 2644 5597 capite
2670 5520 2968 5597 versuslS.
3156 5583 3217 5597 Μ
3324 5583 3341 5597 ,

1988 5599 2102 5668 (9.3)
2129 5583 2327 5652 llon'fer
2357 5583 2371 5597 ’
2410 5583 2553 5668 ιιιιιη⁸
2615 5596 2717 5668 hac
2745 5590 3082 5668 _quaestione
3156 5583 3492 5639 Theodoreti

1915 5660 2273 5741 quiestioncm
2308 5667 2624 5724 vicesimam
2658 5663 2712 5719 in
2743 5660 3011 5717 Exodum.
