3888 6186
383 296 488 362 975

1543 301 1776 366 ΡΗΟΤΙ
1784 302 1809 363 Ι
1850 300 2359 363 PATRIARCHE
2392 300 2501 363 ΟΡ.

3551 296 3661 361 276

383 410 439 465 in
483 410 613 466 illud
642 422 845 483 septem
869 430 1086 487 quoque
1108 415 1214 473 Nili
1235 417 1376 474 ostia
1398 418 1819 492 immittuntur),
1839 419 1965 475 inde

2076 416 2239 487 αὑτὴν
2295 414 2406 487 γὰρ
2457 413 2826 485 ἀπερεὺγεται
2874 410 2970 466 καὶ
3024 410 3093 465 τὰ
3142 410 3281 465 ἐπτᾶ
3332 410 3426 465 τοῦ
3461 412 3659 465 Νείλου

382 515 579 571 aquam
606 514 1015 574 comportantes
1038 506 1136 570 illi,
1168 508 1263 577 qui
1298 510 1611 579 pharmacis
1643 512 1969 581 apparandis

384 591 779 657 inserviebam,
808 600 1049 654 marinas
1068 601 1320 672 lymphas
1345 604 1636 674 praestigiis
1659 606 1969 660 incantato-

384 700 503 739 rum
526 688 883 755 stilijecerint,
910 702 965 747 ut
996 693 1141 763 ipsas
1170 696 1429 751 ementito
1460 698 1748 769 sanguinis
1785 698 1971 754 colore

384 778 907 838 cirrumiumlcrent.

455 870 510 922 Si
546 873 671 941 quis
699 886 877 929 autem
905 880 1187 948 proposito
1214 884 1463 947 oraculo,
1513 900 1579 939 ex
1625 901 1735 953 quo
1793 886 1967 942 oritur

382 966 633 1031 qumstio.
678 978 910 1023 utentem
956 972 1222 1035 advertat.
1270 985 1323 1030 et
1374 993 1496 1045 quae
1543 980 1880 1047 prascedunt,
1916 989 1969 1034 et

381 1071 505 1124 qua:
545 1071 864 1127 sequuntur,
909 1078 1163 1121 accurate
1215 1072 1531 1137 perpendat,
1598 1071 1832 1127 fortasse
1887 1073 1970 1126 iii-

382 1150 560 1203 veniet
589 1151 811 1208 ﬂuvium
831 1158 1051 1226 quidem
1083 1160 1136 1214 in
1172 1163 1492 1231 sanguinem
1527 1164 1697 1219 fuisse
1737 1180 1968 1219 conver-

383 1256 526 1309 sum,
556 1262 663 1300 non
695 1258 873 1303 autent
902 1267 1073 1320 aquas
1108 1254 1235 1308 alibi
1268 1269 1648 1327 congregatas,
1694 1275 1794 1314 nec
1815 1276 1969 1330 quat-

383 1348 599 1405 cunque
649 1338 909 1406 fontibus,
948 1355 1043 1399 aut
1078 1346 1184 1401 alio
1222 1350 1382 1403 modo
1416 1352 1649 1420 propriis
1703 1352 1968 1410 limitibus

381 1428 871 1487 concludebantur.
898 1432 1033 1489 Cum
1056 1436 1200 1491 enim
1223 1438 1507 1508 Scriptura
1534 1456 1805 1511 narraret,
1833 1461 1968 1515 quo-

382 1519 547 1573 modo
575 1522 723 1575 edito
754 1526 1017 1582 miraculo
1068 1530 1406 1589 incredibilis
1460 1535 1550 1589 ille
1592 1547 1822 1593 eventus
1871 1555 1968 1609 per

381 1609 625 1677 singulas
651 1624 831 1682 partes
858 1623 1204 1687 processerit,
1238 1632 1292 1679 et
1336 1644 1354 1676 ι
1400 1625 1703 1694 Convertit,
1763 1630 1963 1700 inquit,

378 1714 595 1755 omnem
627 1719 825 1773 aquatn
858 1709 911 1761 in
947 1713 1266 1781 sanguinem
1298 1714 1453 1782 (24);
1494 1736 1511 1768 ι
1559 1733 1665 1770 non
1700 1718 1837 1773 dixit
1865 1735 1965 1773 au-

2073 508 2363 578 στόματα),
2401 506 2613 561 ἐκεῖθεν
2639 505 2699 558 τὸ
2739 504 2883 575 ὕδωρ
2913 503 3408 573 συγκομισάμενοι,
3439 496 3520 565 οἷς
3554 504 3661 555 ύπ-

2069 605 2288 671 ηρετεῖν
2320 604 2434 665 τοῖς
2479 600 2797 671 φαρμάκοις
2843 597 3005 668 ἔργον
3038 592 3127 667 ἦν,
3164 597 3507 667 παρέσχοντο
3553 596 3658 665 τῆς

2072 693 2350 764 θαλάσσης
2392 695 2461 746 τὰ
2492 694 2712 763 νάματα
2758 694 2823 763 τῇ
2866 691 2975 743 τῶν
3010 690 3274 744 ὲ-παοιδῶν
3308 689 3654 760 φαρμακεία,

2072 782 2219 854 βαφῇ
2246 801 2311 835 πε
2322 783 2591 854 ριχρῶσαι
2615 782 2710 835 τοῦ
2739 782 2991 853 αἵματος.

2146 876 2309 934 Ἴσως
2332 876 2391 928 δέ
2425 893 2509 937 τις
2533 874 2612 944 τῷ
2647 874 2998 945 προκειμένῳ
3031 871 3200 943 ῥητῷ,
3236 870 3303 925 δι’
3330 864 3393 926 οὑ
3438 870 3656 941 πρόεισι

2069 965 2129 1018 τὸ
2159 965 2401 1035 ζήτημα,
2448 965 2755 1036 προσέχων,
2788 966 2883 1018 καὶ
2930 965 2999 1018 τά
3034 981 3093 1016 τε
3126 962 3517 1034 προηγούμενα
3557 964 3657 1017 αὖ.

2068 1058 2185 1120 τοῦ,
2232 1058 2425 1111 καὶτὰ
2454 1057 2773 1127 ὲπαγόμενα
2822 1057 3101 1128 ἐπιμελῶς
3154 1056 3653 1128 πολυπραγμονῶν,

2070 1150 2291 1219 εὑρήσει
2329 1149 2428 1219 μὲν
2457 1150 2549 1203 τὸν
2580 1150 2824 1220 ποταμὸν
2864 1149 3342 1221 μεταϐεϐλημένον
3372 1151 3453 1213 εἰς
3486 1145 3651 1219 αἷμα,

2069 1241 2189 1311 οὑχῖ⁹
2217 1241 2270 1294 δὲ
2302 1241 2370 1294 τὰ
2401 1241 2563 1295 λοιπὰ
2596 1243 2706 1294 τῶν
2757 1243 2967 1295 ὑδάτων
3019 1243 3364 1312 συστήματα,
3400 1237 3512 1294 οὐδ’
3554 1242 3655 1296 ὅσα

2071 1337 2292 1404 πηγαῖς,
2326 1334 2358 1403 ἢ
2388 1335 2588 1404 τρόπον
2620 1335 2777 1390 ἄλλον
2801 1336 3166 1406 περιγραφαῖς
3203 1334 3361 1398 ἰδίαις
3394 1334 3657 1404 συνέστη-

2072 1443 2190 1482 κεν.
2241 1426 2553 1497 Ἰστοροῦσα
2582 1427 2692 1497 γὰρ
2718 1430 2750 1499 ἡ
2778 1428 2991 1499 Γραφὴ,
3024 1427 3161 1499 μετὰ
3194 1425 3255 1480 τδ
3279 1426 3563 1497 προελθεῖν
3592 1427 3653 1481 τὸ

2072 1516 2280 1587 θαῦμα,
2316 1517 2413 1589 τὴν
2457 1519 2599 1571 κατὰ
2650 1518 2814 1590 μέρος
2842 1519 2938 1572 τοῦ
2971 1519 3277 1587 παραδόξου
3308 1518 3472 1587 ἔργου
3514 1537 3653 1590 προ-

2067 1610 2312 1680 αγωγὴν,
2344 1611 2436 1663 καὶ
2472 1629 2490 1661 ι
2533 1610 2865 1675 Μετέϐαλλε,
2914 1611 3068 1682 φησὶ,
3123 1613 3231 1664 πᾶν
3275 1611 3336 1665 τὸ
3387 1611 3530 1682 ὕδωρ
3572 1614 3653 1675 είς

2069 1695 2245 1772 αἷμαο
2287 1722 2306 1755 ι
2366 1704 2461 1774 οὑχ
2508 1704 2697 1768 ἁπλῶς
2737 1704 2993 1767 είποῦσα,
3042 1704 3159 1758 ἀλλ’
3207 1704 3370 1768 εὐθὺς
3421 1707 3650 1758 ἐπισυν-

678 1763 690 1773 _
1050 1763 1079 1781 υ
1299 1763 1408 1782 ‘__,
1439 1763 1453 1781 ,
1495 1763 1507 1768 -
1865 1763 1933 1773 ....

381 1801 489 1847 tem
522 1795 842 1863 simpliciter
874 1816 1116 1870 onmem,
1158 1807 1251 1859 sed
1292 1808 1544 1875 protinus
1579 1811 1810 1880 subjecit
1855 1831 1874 1864 ι
1911 1814 1963 1867 in

2076 1763 2318 1847 ἅπτουσα
2368 1815 2386 1847 ι
2506 1796 2583 1866 τῷ
2620 1763 2875 1867 ποταμῷ.
2909 1816 2928 1847 ι
2966 1763 3119 1862 tim,
3156 1815 3174 1848 ι
3212 1797 3322 1852 Καὶ
3369 1799 3417 1850 οἱ
3471 1797 3655 1867 ίχθὺες

379 1880 623 1940 ﬂumine.
672 1908 688 1938 ι
724 1889 927 1947 Deinde
970 1913 988 1945 ι
1022 1904 1075 1949 et
1110 1897 1288 1963 pisces
1325 1901 1601 1967 oluerunt,
1648 1920 1666 1953 ι
1708 1920 1814 1956 non
1841 1905 1970 1959 sim-

378 1973 594 2044 pliciter
632 1994 853 2046 onines;
906 2000 1011 2039 non
1063 1988 1208 2041 enim
1267 1992 1487 2058 marini,
1548 1995 1641 2048 sed
1694 1995 1964 2053 fluviales.

386 2083 409 2118 ι
442 2068 520 2120 Ac
552 2085 657 2123 non
684 2082 937 2141 poterant
969 2078 1155 2135 bibere
1195 2080 1433 2153 Egyptii
1479 2102 1679 2157 aquam
1712 2091 1964 2160 (unde?)

379 2172 411 2214 e
441 2158 683 2218 ﬂuntiue.
723 2184 740 2217 ι

451 2250 652 2307 Eodem
685 2273 903 2328 quoque
934 2272 1114 2329 pacto,
1141 2266 1233 2319 tibi
1272 2270 1506 2336 portenti
1532 2271 1694 2341 hujus
1717 2273 1967 2341 primor—

380 2343 532 2398 dium
578 2347 719 2403 t‘acto
758 2353 997 2408 nondum
1024 2359 1272 2426 exposito
1299 2360 1646 2430 describitur,
1693 2366 1744 2420 id
1786 2368 1963 2438 ipsum

378 2434 651 2495 iunuitur.
692 2442 904 2515 Moyses
951 2449 1096 2503 enim
1133 2451 1357 2520 inquit:
1399 2474 1416 2506 ι
1463 2456 1645 2511 Stabis
1690 2468 1744 2512 tu
1800 2434 1968 2531 super

379 2530 554 2599 ripam
612 2533 851 2592 ﬂuminis
899 2539 1050 2611 (26);
1124 2564 1142 2595 ι
1204 2553 1258 2599 et
1322 2548 1483 2616 paulo
1543 2560 1665 2619 post
1720 2530 1963 2609 divinum

379 2629 715 2681 annuntians
744 2645 1077 2699 przeceptum
1112 2636 1297 2691 subdit
1332 2657 1345 2693 :
1387 2659 1404 2691 ι
1453 2640 1580 2696 Haec
1613 2644 1744 2698 dicit
1776 2646 1965 2699 Domi-

378 2730 486 2771 nus
518 2735 531 2772 :
561 2718 619 2773 In
654 2720 758 2775 hoc
786 2740 1107 2796 cognosces,
1157 2731 1284 2798 quia
1341 2747 1441 2802 ego
1498 2732 1783 2792 Dominus.
1827 2736 1966 2793 Ecce

376 2821 482 2878 ego
516 2816 761 2878 percutio
787 2815 961 2885 virga,
990 2834 1111 2887 quae
1139 2830 1222 2875 est
1258 2822 1309 2875 in
1349 2840 1514 2878 manu
1553 2842 1695 2903 mea,
1740 2846 1963 2899 aquam,

378 2915 502 2968 quae
529 2914 605 2956 est
640 2905 690 2957 in
719 2905 970 2975 ﬂumine;
1008 2930 1025 2961 ι
1064 2928 1169 2966 ηοη
1204 2930 1325 2983 qua:
1360 2926 1441 2971 est
1471 2918 1523 2971 in
1548 2920 1799 2975 universa
1822 2932 1964 2978 terra

376 2988 622 3064 Egypti,
646 2996 740 3051 sed
778 3017 796 3049 ι
836 3017 958 3069 qua:
990 3016 1072 3058 est
1111 3005 1164 3059 in
1198 3007 1454 3075 ﬂumine;
1493 3029 1511 3061 ι
1549 3022 1603 3065 et
1638 3024 1962 3069 converten-

2068 1887 2370 1955 ὲπὼζεσαν,
2407 1908 2425 1940 ι
2457 1891 2554 1961 οὑχ
2605 1890 2791 1953 ἁπλῶς
2841 1891 3071 1954 xciv-cer
3132 1892 3192 1944 οὑ
3245 1892 3351 1962 γὰρ
3398 1893 3444 1944 oi
3496 1894 3554 1943 ἐν
3588 1894 3652 1962 τῇ

2070 1978 2487 2051 θαλάσσῃ,ἀλλά
2516 1984 2566 2034 οἱ
2596 1986 2653 2035 ὲν
2684 1982 2760 2053 τῷ
2784 1983 3033 2054 ποταμῷ.
3078 2003 3095 2035 ι
3127 1986 3235 2038 Καὶ
3261 1985 3360 2038 οὑκ
3396 1985 3657 2038 ἐδύναντο

2069 2072 2247 2125 πίνειν
2293 2077 2341 2127 οί
2371 2075 2659 2144 Αἰγύπτιοι
2690 2075 2837 2147 ὕδωρ
2870 2094 2888 2127 ι
2920 2076 2937 2147 (
2964 2076 3161 2142 πόθεν;
3189 2078 3207 2147 )
3248 2096 3266 2128 ι
3296 2078 3359 2129 ἐκ
3410 2076 3505 2128 τοῦ
3540 2093 3654 2129 πο-

2066 2165 2267 2234 ταμοῦ.
2324 2185 2342 2218 ι

2154 2257 2432 2322 Ὡσαύτως
2474 2260 2527 2312 δὲ
2575 2260 2669 2313 καὶ
2714 2262 2746 2331 ἡ
2796 2260 3021 2331 ἀπαρχὴ
3078 2260 3169 2313 τοῦ
3202 2261 3342 2314 κατὰ
3370 2259 3431 2312 τὸ
3466 2259 3653 2330 θαῦμα

2067 2348 2431 2420 διηγήματος·
2479 2350 2631 2404 οὔπω
2657 2353 2755 2422 τῆς
2791 2352 3043 2423 πράξεως
3082 2351 3561 2421 ὲπιδεδειγμένης,
3591 2352 3656 2403 τὸ

2069 2440 2199 2492 αὑτὸ
2229 2446 2370 2494 νοεῖν
2401 2443 2734 2497 ὑποτίθεται.
2768 2444 2877 2497 Καὶ
2910 2462 2927 2493 ι
2957 2445 3139 2514 Στήσῃ
3173 2444 3281 2510 γὰρ
3308 2446 3393 2508 σὺ,
3428 2444 3597 2512 φησὶν
3627 2446 3656 2497 ὁ

2068 2534 2309 2603 Μωῡσῆς
2356 2534 2491 2603 (25),
2553 2537 2645 2589 ἐπὶ
2695 2537 2753 2589 τὸ
2799 2536 2976 2606 χεῖλος
3021 2536 3113 2588 τοῦ
3167 2535 3445 2605 ποταμοῦ·
3482 2556 3500 2587 ι
3555 2538 3659 2589 καὶ

2076 2627 2194 2695 μετ’
2223 2626 2399 2694 ὀλίγα,
2423 2626 2481 2679 τὸ
2502 2628 2832 2681 Δεσποτικδν
2868 2628 3199 2698 πρόσταγμα
3232 2628 3594 2697 ἀπαγγέλλων
3629 2630 3660 2682 ὁ

2065 2716 2337 2786 Μωὺσῆς,
2404 2736 2424 2769 ι
2458 2718 2593 2771 Τάδε
2628 2718 2776 2786 λέγει
2820 2718 3042 2789 Κύριος,
3096 2719 3293 2788 φησίν·
3335 2720 3425 2773 Ἐν
3475 2720 3658 2791 τούτῳ

2066 2805 2273 2877 γνώσῃ,
2319 2807 2398 2859 δτι
2433 2806 2542 2875 ἐγὼ
2586 2807 2812 2878 Κύριος.
2860 2808 2988 2862 Ἰδοὺ
3022 2806 3132 2877 ἐγὼ
3161 2807 3349 2861 τύπτω
3392 2811 3458 2880 τῇ
3487 2810 3543 2861 ὲν
3582 2811 3654 2880 τῇ

2067 2898 2211 2967 χειρί
2249 2915 2351 2966 μου
2380 2899 2561 2969 ῥάϐδῳ
2588 2899 2647 2950 τὸ
2684 2899 2829 2967 ὕδωρ
2864 2900 2922 2953 τὸ
2951 2902 3008 2953 ὲν
3053 2900 3130 2970 τῷ
3166 2900 3395 2969 ποταμῷ
3428 2918 3445 2951 ι
3509 2900 3658 2969 (οὑχὶ

2064 2989 2126 3041 τὸ
2155 2992 2211 3042 ὲν
2236 2991 2382 3062 πάσῃ
2412 2994 2480 3061 γῇ
2505 2992 2807 3059 Αἰγύπτου,
2840 2992 2976 3045 ἀλλὰ
3006 3011 3023 3043 ι
3050 2991 3111 3044 τὸ
3138 2995 3196 3045 ὲν
3220 2992 3298 3063 τῷ
3325 2992 3552 3061 ποταμῷ
3578 2990 3657 3063 ι),

377 3091 469 3139 tttr
498 3085 550 3140 in
596 3106 616 3139 ι
658 3093 998 3160 sanguinem,
1018 3107 1073 3151 et
1107 3100 1281 3167 pisces
1325 3100 1646 3173 (quinam?)
1697 3107 1787 3175 qui
1835 3119 1963 3164 sunt

2076 3082 2156 3134 καὶ
2191 3081 2490 3150 μεταϐαλεῖ
2519 3102 2537 3133 ι
2573 3084 2652 3146 είς
2682 3083 2741 3136 τὸ
2766 3078 2926 3153 αἷμα,
2960 3084 3053 3137 καὶ
3082 3084 3130 3135 οἱ
3165 3082 3346 3153 ἰχθύες
3376 3102 3393 3132 ι
3424 3083 3590 3147 (τίνες
3613 3085 3657 3154 ς)

377 3175 433 3230 lu
470 3176 653 3243 ﬂuvio,
684 3182 1002 3247 morientur,
1037 3206 1054 3240 ι
1098 3202 1281 3259 postea
1336 3211 1354 3243 ‹
1388 3203 1438 3247 et
1468 3195 1628 3249 olebit
1671 3196 1893 3254 ﬂumen.
1937 3221 1957 3255 ι

378 3264 671 3332 Praeterea,
705 3292 724 3324 ι
760 3291 865 3329 nou
915 3288 1171 3345 poterunt
1209 3280 1448 3354 {Egyptii
1515 3300 1713 3356 aquam
1776 3290 1964 3348 bibere

380 3356 696 3429 (Qualem?)
732 3380 763 3417 e
798 3365 1019 3423 ﬂumine
1058 3370 1194 3439 (27).
1230 3391 1249 3423 ι

451 3450 797 3525 Quapropter
831 3458 982 3515 locus
1040 3460 1211 3518 Exodi
1268 3468 1603 3536 propositus,
1673 3474 1765 3541 qui
1822 3473 1966 3530 inter

380 3551 646 3615 utrosque
675 3550 837 3603 modo
867 3553 1137 3610 adductos
1168 3567 1270 3621 est,
1296 3560 1500 3630 quique
1523 3563 1767 3619 divinum
1798 3567 1966 3623 refert

382 3639 720 3704 mandatum,
745 3643 935 3698 eodem
971 3661 1159 3713 sensu,
1188 3651 1488 3722 eademque
1514 3656 1724 3713 ratione
1756 3660 1824 3727 (si
1844 3663 1965 3731 qui-

380 3725 504 3781 dem
535 3731 709 3787 sacris
741 3733 959 3791 Litteris
1003 3752 1454 3809 consentaneum,
1491 3745 1709 3818 Deoque
1738 3752 1963 3807 charum

380 3828 465 3873 est
526 3832 770 3878 mutuam
831 3829 1179 3885 oraculorum
1256 3837 1606 3892 concordiam
1684 3858 1964 3913 nunquam

381 3913 751 3985 perturbare),
791 3934 897 3987 qua
928 3922 1169 3977 Secunda
1202 3928 1441 3981 narratio
1483 3928 1709 4001 intelligi
1763 3944 1963 4002 potest,

383 4009 547 4071 atque
578 4005 678 4059 hoc
713 4025 725 4060 :
766 4026 784 4059 ι
832 4010 1073 4067 Extende
1108 4029 1273 4084 super
1312 4033 1485 4088 aquas
1509 4019 1751 4092 Egypti,
1806 4043 1825 4077 ι
1881 4028 1967 4079 ni-

385 4096 584 4150 mirum
609 4114 718 4153 non
748 4117 911 4170 super
938 4119 1129 4160 omnes
1160 4111 1385 4163 omnino
1411 4127 1605 4181 aquas,
1652 4116 1747 4170 sed
1802 4133 1967 4189 super

384 4184 651 4242 ﬂuviales.
687 4192 1048 4250 Subditenim
1086 4216 1099 4252 :
1145 4218 1163 4250 ι
1199 4198 1262 4253 Ει
1286 4218 1452 4270 super
1474 4203 1668 4261 ﬂuvios
1700 4223 1911 4275 eorum,
1943 4229 1962 4263 i

385 4279 600 4333 etiamsi
642 4280 935 4353 Egyptum
1007 4296 1151 4345 unus
1206 4293 1527 4350 interluerct
1586 4296 1819 4367 ﬂuvius,
1868 4318 1969 4357 nec

386 4371 544 4425 inulti
579 4389 697 4427 eam
729 4378 843 4431 suis
894 4378 1062 4435 alveis
1119 4396 1485 4450 persecarent.
1538 4388 1753 4462 Moyses
1804 4394 1969 4463 igitur

384 4462 601 4521 duobus
631 4469 965 4539 nominibus,
1000 4478 1153 4546 aquis
1185 4478 1463 4548 nimirum,
1486 4497 1549 4537 ac
1577 4484 1756 4552 ﬂuviis
1780 4485 1965 4542 Nilum

385 4556 658 4628 indigitat.

454 4649 861 4725 Consequenter
928 4671 1107 4714 autem
1199 4674 1247 4717 et
1339 4665 1476 4719 rivos
1542 4666 1823 4737 ﬂuminis,
1915 4683 1965 4728 et

383 4744 604 4814 paludes
651 4750 792 4818 ejus,
852 4761 901 4805 et
965 4770 1142 4808 omnes
1204 4756 1351 4811 lacus
1428 4776 1689 4828 aquarum
1764 4765 1967 4820 intelli-

385 4837 462 4906 git
507 4854 591 4901 ea,
637 4858 756 4909 qure
786 4844 851 4897 ad
888 4846 1065 4913 ipsum
1089 4858 1265 4901 erant.
1300 4847 1364 4901 Et
1393 4861 1542 4905 certe
1584 4854 1666 4907 lia:
1718 4854 1966 4913 ﬂuviales

385 4929 676 4987 cﬂusioncs
712 4938 763 4990 in
814 4939 1095 5007 sanguinis
1143 4950 1396 4996 naturam
1441 4960 1718 5001 conversa}
1766 4958 1893 5003 sunt
1950 4969 1963 5005 ε

394 5040 413 5072 ι
450 5021 512 5075 Ει
540 5022 640 5077 fuit
675 5028 898 5095 sanguis
925 5029 975 5081 in
1010 5042 1118 5085 tota
1148 5043 1291 5088 terra
1328 5035 1540 5106 Aigypti
1577 5037 1718 5108 ('28).
1752 5058 1769 5090 ι
1809 5040 1961 5092 vide-

388 5114 517 5169 licet
547 5116 598 5169 in
630 5132 711 5179 ea,
742 5120 896 5187 juxta
926 5138 1091 5191 quam
1144 5124 1344 5180 ﬂumen
1385 5128 1709 5183 decurrebat
1756 5149 1769 5185 :
1807 5140 1970 5199 atque

390 5206 445 5260 in
474 5207 589 5275 ipso
622 5208 822 5277 lignum
866 5222 1003 5278 erat,
1046 5226 1138 5268 aut
1172 5233 1381 5280 saxum,
1415 5220 1559 5287 quod
1595 5236 1791 5289 aquatn
1828 5238 1964 5276 cou-

328 5356 331 5359 _
388 5296 561 5349 tinerc
619 5296 671 5349 in
714 5298 870 5353 alveo
907 5310 959 5355 et
987 5303 1361 5374 constringere
1410 5320 1613 5374 posset.
1655 5307 1771 5363 Non
1820 5311 1965 5365 enim

2075 3192 2093 3225 ι
2117 3175 2165 3227 oi
2200 3177 2257 3227 ὲν
2279 3174 2355 3244 τῷ
2379 3174 2629 3245 ποταμῷ,
2665 3176 3102 3246 τελευτήσουσιν
3140 3195 3158 3226 ι
3197 3171 3339 3240 εἶτα,
3367 3198 3382 3226 ι
3417 3176 3525 3230 Καὶ
3555 3178 3660 3228 έπ-

2071 3265 2252 3329 οζέσει
2282 3268 2308 3319 ό
2339 3267 2602 3335 ποταμός.
2635 3285 2653 3317 ι
2693 3267 2832 3339 Πρὸς
2857 3267 3085 3333 τούτοις,
3108 3286 3126 3319 ι
3152 3268 3225 3319 Οὑ
3256 3267 3570 3336 δυνήσονται
3601 3268 3658 3320 οἱ

2064 3357 2352 3426 Αἰγύπτιοι
2379 3360 2525 3411 πιεῖν
2556 3358 2729 3429 ὔδωρ»
2757 3363 2930 3429 (ποῖον
2949 3356 2986 3429 ;)
3022 3359 3112 3410 «τὸ
3135 3361 3199 3412 ἐκ
3230 3359 3321 3412 τοῦ
3344 3359 3656 3429 ποταμοῦ.»

2137 3452 2299 3504 Ὦττε
2340 3453 2431 3505 καὶ
2466 3452 2525 3504 τὸ
2560 3451 2763 3520 μεταξὺ
2798 3453 2999 3522 χωρίον
3041 3453 3308 3523 ἐκατέρου
3344 3453 3453 3505 τῶν
3489 3454 3658 3524 είρηε

2070 3548 2247 3617 μένων
2310 3546 2521 3619 ῥητῶν,
2586 3548 2647 3600 τὸ
2683 3548 3016 3602 Δεσποτικδν
3066 3550 3414 3618 ἀπαγγέλλον
3478 3551 3660 3621 πρόσ-

2065 3658 2251 3711 ταγμα
2280 3640 2520 3711 δευτέρῳ
2561 3641 2861 3711 διηγήματι
2893 3643 3074 3713 (εἴπερ
3123 3644 3325 3696 οἰκεῖον
3347 3644 3426 3714 τῷ
3447 3645 3660 3716 Λογίῳ,

2067 3735 2161 3787 καὶ
2192 3734 2438 3804 θεοφιλὲς
2472 3734 2549 3806 μὴ
2596 3734 2933 3806 διαφθείρειν
2963 3735 3129 3789 αὑτοῦ
3180 3737 3280 3807 τὴν
3334 3738 3660 3806 συμφωνίαν

2066 3828 2166 3895 τὴν
2200 3828 2335 3898 πρὸς
2370 3828 2655 3897 ἑκάτερον)
2691 3827 2832 3881 κατὰ
2860 3826 2952 3881 τὸν
2982 3828 3144 3881 αὑτὸν
3190 3828 3258 3882 ἂν
3299 3830 3519 3900 νοηθείη
3560 3829 3659 3883 λό-

2067 3939 2186 3991 γον,
2216 3923 2311 3974 καὶ
2341 3922 2563 3993 τρόπον,
2597 3921 2712 3985 καὶ,
2750 3939 2767 3971 ι
2804 3922 3084 3975 Ἔκτεινον
3113 3922 3206 3974 ἐπὶ
3235 3921 3303 3975 τὰ
3342 3922 3514 3976 ὕδατα
3559 3925 3660 3976 Al-

2070 4013 2301 4081 γύπτου,
2339 4032 2357 4064 ι
2400 4013 2499 4083 οὑχ
2530 4011 2716 4076 ἁπλῶς
2749 4012 2920 4067 ὕδατα
2947 4013 3145 4076 πάντα,
3176 4012 3313 4066 ἀλλὰ
3343 4014 3409 4067 τὰ
3440 4014 3532 4066 ἐπὶ
3557 4014 3658 4067 τοῦ

2071 4104 2341 4174 ποταμοῦ.
2374 4105 2482 4157 Καὶ
2523 4104 2634 4174 γὰρ
2679 4105 2774 4158 καὶ
2825 4106 3142 4173 συνεπάγει,
3177 4125 3196 4158 ι
3238 4106 3347 4159 Καὶ
3386 4106 3481 4159 ἐπὶ
3525 4106 3658 4170 τοὺς

2070 4199 2347 4268 ποταμοὺς
2387 4199 2565 4251 αὑτῶν
2595 4214 2610 4229 ο
2644 4216 2664 4249 ›
2729 4196 2905 4251 καίτοι
2938 4198 3056 4260 ἐνὸς
3090 4198 3336 4269 ποταμοῦ
3364 4199 3461 4271 τὴν
3490 4199 3660 4266 Αἴγυ-

2072 4308 2205 4345 πτον
2241 4292 2611 4363 διαρρέοντος,
2646 4289 2783 4344 ἀλλὰ
2819 4291 2879 4343 οὑ
2909 4290 3118 4343 πολλῶν
3148 4290 3323 4361 αὑτὴν
3359 4292 3657 4361 μεριζομέ-

2071 4402 2178 4438 νων
2207 4386 2320 4447 τοῖς
2353 4384 2622 4453 νάμασιν.
2652 4382 2881 4437 ’Ὑδατα
2912 4380 3026 4444 οὑν,
3065 4383 3162 4435 καὶ
3201 4384 3506 4452 ποταμοὺς
3538 4384 3658 4436 δια-

2076 4476 2261 4548 φόροις
2291 4476 2497 4548 ῥήμασι
2529 4475 2619 4529 τὸν
2658 4475 2849 4529 Νεῖλον
2881 4474 3160 4546 ὀνομάζει.

2161 4671 2496 4735 Ἀκολούθως
2527 4672 2583 4726 δὲ
2617 4674 2712 4725 καὶ
2763 4671 3063 4740 διώρυχας
3108 4669 3203 4725 τοῦ
3240 4669 3512 4741 ποταμοῦ,
3553 4672 3655 4727 καὶ

2074 4763 2184 4830 ἕλη
2216 4763 2282 4815 τὰ
2310 4764 2366 4815 ὲν
2406 4762 2577 4833 αὑτῷ,
2624 4764 2722 4817 καί
2772 4762 2896 4818 πᾶν
2943 4763 3327 4830 συνεστηκὸς
3382 4763 3542 4832 ὕδωρ
3584 4765 3656 4818 ἐν

2070 4853 2250 4919 αὐτῷ.
2288 4855 2397 4906 Καὶ
2436 4854 2607 4908 ταῦτα
2655 4855 2721 4923 δὴ
2767 4854 2947 4907 πάντα
2982 4853 3049 4905 τὰ
3082 4853 3293 4920 πότιμα
3345 4852 3541 4923 ῥεῖθρα
3572 4853 3656 4913 εἰς

2072 4944 2304 5015 αἵματος
2343 4944 2504 5014 φύσιν
2547 4944 2993 5015 μετεϐλήθησαν·
3036 4964 3053 4997 ι
3089 4945 3199 4997 Καὶ
3256 4945 3477 5012 ἐγένετο
3515 4938 3653 5015 αἷμα

2070 5039 2129 5091 ὲν
2158 5038 2309 5109 πάσῃ
2344 5041 2413 5109 γῇ
2444 5038 2745 5106 Αἰγύπτου,
2780 5057 2798 5089 ι
2833 5038 3075 5109 δηλονότι
3107 5038 3228 5091 καθ’
3261 5040 3328 5108 ἢν
3359 5037 3652 5107 ἐπορεύετο

2073 5132 2102 5184 ό
2134 5134 2373 5201 ποταμός
2394 5148 2407 5162 ⁸
2448 5132 2543 5185 καὶ
2572 5134 2629 5185 ἐν
2658 5132 2805 5202 αὑτῷ
2834 5132 3027 5197 ξύλον
3052 5132 3201 5201 ὲνῆν,
3236 5131 3463 5201 ῆλίθος
3497 5131 3654 5184 δυνά-

2080 5240 2239 5292 μενον
2272 5223 2415 5295 ὓδωρ
2448 5224 2685 5294 ἀνέχειν,
2717 5227 2811 5277 καὶ
2840 5226 3075 5292 στέγειν.
3103 5225 3175 5277 Oi)
3208 5228 3318 5295 γὰρ
3355 5224 3426 5276 τὰ
3447 5226 3506 5277 ἐν
3531 5225 3652 5287 ταῖς

2077 5313 2276 5373 οἰκίαις
2306 5310 2457 5378 ξύλα,
2489 5314 2582 5367 καὶ
2611 5313 2659 5366 oi
2692 5312 2849 5378 λίθοι,
2871 5314 2991 5367 οὑδὲ
3020 5314 3121 5369 ὅσα
3149 5316 3207 5366 ὲν
3240 5314 3495 5385 ὑπαίθρῳ
3514 5311 3653 5367 vati-

1946 5445 2175 5504 NOTAE}.

471 5555 583 5626 (ει)
611 5555 783 5642 Exod.
813 5558 1012 5617 “1,20.
1040 5558 1372 5642 llic'autem,
1393 5572 1440 5612 et
1463 5557 1588 5642 alibi
1608 5559 1658 5612 in
1684 5559 1980 5642 hacqugez-

401 5631 548 5682 t‘uue
576 5628 640 5679 ad
674 5643 871 5680 sensus
894 5630 1338 5699 perspicuitatem
1361 5628 1751 5699 magisGi-zcca:
1781 5628 1981 5693 verbis.

401 5713 568 5782 qua“:
600 5699 837 5784 x-Plgatm'
860 5698 1082 5784 editioni
1114 5698 1440 5784 ἎάΙΗΙὲΙὉῈΡΟ..
1464 5698 1514 5784 θη
1553 5769 1564 5784 π
1630 5770 1681 5784 _,
1738 5774 1758 5784 κ
1836 5775 1855 5784 -

477 5769 593 5841 ('23)
626 5768 934 5841 Legi-tidqu
972 5769 1205 5827 fortasse
1227 5769 1391 5839 φησὶν
1420 5771 1446 5825 ό
1475 5769 1607 5835 es”;
1630 5770 1874 5825 Μωῦσεῖ.

2153 5563 2264 5633 (εδ)
2296 5563 2467 5633 Exod.
2505 5580 2578 5629 Vl,
2612 5564 2692 5619 ιε

2153 5634 2264 5703 (27)
2300 5632 2431 5687 una.
2466 5634 2551 5688 17.

2154 5704 2268 5776 (εδ)
2301 5704 2417 5759 una
2442 5705 2532 5758 ει.
