3808 6364
333 363 438 428 279
1499 350 1762 416 ΡΗΟΤΙῙ
1799 349 1948 412 ΡΑΤῙ

2084 342 2307 406 RCH/E
2329 341 2449 440 ⁸(ΣΡ.
2589 373 2591 376 ‹
3553 321 3664 388 280

335 477 534 548 Aquila
587 489 719 533 vero
746 490 812 532 ac
840 473 1143 531 Theodotio
1167 469 1512 528 reddiderunt
1541 487 1553 523 ε
1583 464 1912 521 Fluvialium
1941 509 1948 521 .

2079 473 2208 520 ατος
2233 436 2334 508 105'
2357 447 2642 520 ποταμοῦο
2683 465 2700 498 ι
2753 447 2848 502 καὶ
2897 444 3128 508 Ἀκύλας
3165 443 3250 508 δὲ.
3297 439 3416 495 καὶ
3463 436 3664 490 82060-

337 583 603 636 aquarum
635 582 666 621 a
704 565 854 623 Mose
909 565 1195 622 etAarone
1219 562 1361 618 facta
1379 569 1496 616 erat
1517 559 1571 614 in
1597 556 1917 628 sanguinein

2079 565 2148 600 ων
2194 543 2558 600 ὲκδεδώκασιο
2602 561 2620 594 ι
2655 541 2778 595 Τῶν
2808 538 3097 610 ποταμίων
3145 537 3389 590 ὑδάτων
3432 531 3472 602 ἡ
3525 531 3665 598 πρὸς

342 659 656 714 conversio.
681 678 701 712 ι

418 839 542 895 Haec
573 841 718 895 enim
747 838 994 911 apposita
1028 833 1435 892 animadversio
1466 831 1738 901 adjicitur,
1775 829 1923 900 quod

346 933 557 988 scilicet
597 931 931 992 immundus,
964 934 1275 997 corruptus,
1323 942 1388 980 ac
1416 925 1562 994 potui
1609 923 1825 992 ineptus
1855 921 1928 976 sit

347 1021 527 1077 factus
559 1022 647 1075 ille
682 1022 878 1075 lluvius
901 1059 916 1086 ,
953 1035 1115 1089 quem
1151 1018 1531 1090 Egyptiorum
1579 1030 1711 1085 gens
1759 1013 1926 1067 Deum

351 1114 733 1183 nuneupabat,
771 1120 936 1181 atque
967 1110 1042 1164 uti
1067 1108 1368 1174 fructuum,
1405 1107 1634 1176 vitaeque
1681 1103 1926 1157 datorem

353 1209 586 1272 colebat,
614 1216 665 1260 et
693 1206 746 1260 in
779 1221 940 1275 quem
965 1203 1314 1259 Hebraeorum
1344 1198 1651 1255 enecandos
1676 1195 1930 1266 projicie—

354 1299 447 1352 bat
477 1296 733 1350 infantes.
766 1295 1048 1348 Clamabat
1075 1293 1220 1348 enim
1269 1292 1432 1346 etiam
1472 1305 1659 1344 eorum
1708 1286 1931 1356 sanguis

355 1388 422 1441 tle
454 1384 632 1456 aquis,
663 1393 722 1439 ut
750 1384 973 1454 sanguis
986 1384 1118 1438 Abel
1139 1384 1205 1437 de
1229 1391 1372 1436 terra
1395 1383 1460 1435 ".
1484 1377 1780 1448 Oportebat
1803 1392 1932 1446 ergo

356 1481 644 1552 Egyptios
670 1481 850 1548 impiae
883 1479 1311 1549 superstitionis,
1332 1492 1435 1547 qua
1462 1490 1600 1545 aqua
1628 1470 1934 1526 innumeris

359 1582 471 1626 tum
510 1573 1030 1641 perturbationibus,
1079 1580 1191 1624 tttm
1227 1566 1666 1637 corruptionibus
1699 1561 1935 1619 obnoxia

357 1665 674 1735 dignitatem
709 1675 960 1728 aeternae,
993 1661 1434 1732 imperturbata,
1476 1666 1530 1712 et
1581 1654 1936 1711 immutabilis

358 1766 568 1810 natura;
607 1755 708 1808 sibi
736 1754 1066 1817 vindicabat,
1095 1755 1225 1807 dare
1263 1748 1783 1822 pmnas,etquidem
1805 1745 1934 1809 illis,

358 1846 562 1914 quibus
599 1862 691 1914 per
719 1844 1035 1901 eorumdem
1076 1846 1437 1899 innocuorum
1485 1840 1771 1896 infantium
1795 1849 1937 1893 stra-

361 1953 481 2010 gem
516 1939 813 1992 intulerant
842 1939 1098 2008 iniuriam
1132 1956 1145 1992 :
1173 1937 1374 2007 quippe
1413 1934 1468 1989 hi
1497 1934 1548 1987 in
1587 1935 1758 1987 lucem
1809 1932 1940 1986 editi

362 2041 528 2094 sunt,
593 2032 719 2084 dum
761 2041 951 2087 contra
994 2040 1201 2085 natura:
1241 2031 1412 2098 legem
1463 2027 1602 2082 lucis
1637 2026 1942 2094 privatione

363 2119 758 2176 multabantur.
791 2119 998 2174 Interea
1029 2119 1365 2189 pientissima
1415 2115 1506 2169 Dei
1557 2123 1748 2168 natura
1785 2112 1944 2182 puni-

367 2207 571 2260 tionem
602 2206 876 2277 Egyptiis
909 2206 1256 2276 inﬂigendam
1290 2203 1470 2258 diﬂ‘ert
1504 2219 1517 2256 :
1551 2203 1656 2256 alia
1686 2217 1815 2255 vero
1849 2215 1942 2254 ra-

368 2302 513 2354 tione
537 2302 788 2369 castigat,
813 2310 862 2354 et
884 2299 1132 2368 corripit,
1169 2298 1296 2350 dum
1330 2311 1442 2349 rem
1478 2293 1774 2347 inanimem
1813 2290 1943 2360 (sei-

364 2392 494 2446 licet
537 2391 759 2462 Nilum)
822 2391 1171 2460 corrumpit,
1223 2377 1294 2442 Iac
1339 2387 1614 2457 percutit:
1645 2399 1739 2453 per
1780 2397 1944 2452 quam

363 2482 585 2553 quidem
621 2481 697 2536 illi
743 2491 797 2537 et
839 2481 1004 2537 caedis
1053 2491 1107 2535 et
1156 2479 1448 2550 impietatis
1482 2478 1534 2529 in
1570 2473 1736 2529 Deum
1769 2474 1946 2529 scelus

365 2584 772 2643 pet-petrarum.

443 2667 500 2720 Si
539 2666 664 2737 quis
699 2676 877 2721 autem
915 2681 1082 2736 aquas
1119 2679 1214 2736 per
1246 2665 1554 2718 universam
1583 2660 1802 2732 [Egypti
1839 2668 1950 2714 ter-

370 2772 488 2811 ram
523 2759 573 2810 in
599 2758 881 2827 sanguinis
901 2756 1262 2811 substantiam
1288 2769 1581 2809 conversas
1603 2751 1947 2813 concederet,

367 2865 439 2904 ne
477 2850 580 2903 hoc
616 2850 836 2919 quidem
886 2859 1044 2920 pacto
1093 2848 1308 2903 diﬂicile
1350 2846 1521 2901 fuisse
1553 2845 1834 2917 arguitur,
1893 2849 1951 2896 ut

368 2941 748 3014 ngyptiorum
781 2945 1210 3013 prmstigiatores
1259 2957 1357 3011 per
1409 2955 1571 2996 suum
1625 2936 1948 2992 maleﬁcium

368 3037 686 3091 viderentur
707 3037 946 3121 divinam
980 3036 1351 3105 operationem
1379 3032 1646 3088 aemulari.
1679 3031 1950 3096 Quoniam

2021 635 2161 709 αἷμα
2223 637 2376 707 παρὰ
2425 635 2670 698 Μωσέως
2742 634 2836 688 καὶ⁹
2887 630 3099 702 Ἀαρὼν
3145 626 3431 699 ἐγεγόνει
3495 639 3670 693 μετα-

2027 731 2183 802 ϐολή.
2217 748 2237 782 ι

2095 837 2267 890 Τοῦτο
2310 835 2416 906 γὰρ
2453 834 2515 888 τὸ
2555 831 2779 901 εὔλογον
2823 831 3210 898 συνεπάγεται,
3239 827 3361 882 τὸν
3400 824 3668 894 ποταμὸν

2029 927 2317 1002 βδελυκτὺν
2348 927 2623 997 γενέσθαι,
2651 927 2745 979 καὶ
2766 923 3196 994 λελυμασμένον,
3222 921 3340 974 καὶ
3367 919 3670 990 ἄχρηστον

2028 1025 2257 1084 ἐκεῖνον,
2293 1021 2352 1073 ὃν
2392 1019 2454 1073 τὸ
2495 1017 2816 1087 Αἰγυπτίων
2861 1016 3013 1079 ἔθνος
3054 1015 3189 1069 Θεὸν
3236 1010 3669 1081 ὲπωνὸμαζον,

2034 1113 2398 1184 καρποδότῃν,
2435 1112 2532 1165 καὶ
2581 1108 2846 1179 ζωοὸότην
2885 1107 3218 1173 θειάζοντες,
3254 1106 3379 1160 καὶ
3411 1105 3481 1156 ὲν
3511 1093 3561 1170 ᾧ
3601 1101 3673 1156 τὰ

2030 1206 2140 1260 τῶν
2193 1203 2546 1275 Ἰσραηλιτῶν
2596 1201 2772 1273 βρέφη
2837 1201 3241 1272 ἐναπέρριπτον
3301 1194 3679 1251 ἀποκτίννυ-

2036 1298 2182 1352 σθαι.
2229 1297 2388 1351 Ἐὁὸα
2419 1295 2528 1365 γὰρ
2559 1294 2834 1348 κάκείνων
2863 1293 2924 1346 τὸ
2956 1287 3094 1362 αἷμα
3117 1291 3228 1345 ἀπὸ
3255 1289 3396 1344 τῶν
3427 1287 3675 1354 ὑδάτων,

2034 1388 2224 1460 ὥσπερ
2255 1385 2470 1443 καὶτοῦ
2503 1384 2670 1439 Ἅϐελ
2705 1384 2814 1438 ἀπὸ
2853 1383 2956 1453 τῆς
2998 1383 3124 1452 γῆς.
3161 1382 3324 1435 Ἔδει
3367 1379 3503 1448 γὰρ
3543 1377 3676 1440 τοὺς

2034 1478 2371 1548 Αἰγυπτίους
2401 1478 2592 1540 ποινὰς
2621 1475 2802 1529 δοῦναι
2841 1475 2941 1544 τῆς
2976 1490 3034 1526 τε
3072 1470 3492 1539 δυσσεὸούσης
3548 1467 3674 1522 θεο-

2038 1571 2328 1634 πλαστίας,
2361 1570 2429 1624 δι’
2462 1564 2529 1641 ἦς
2579 1568 2639 1621 τὸ
2699 1566 2842 1637 ὕδωρ
2885 1566 2980 1618 καὶ
3021 1564 3239 1635 μυρίοις
3283 1561 3529 1616 πάθεσι
3577 1559 3676 1614 καὶ

2039 1665 2269 1735 φθοραῖς
2323 1661 2704 1731 ὑποκείμενον,
2735 1660 2833 1728 τῆς
2877 1658 3047 1714 ἀϊδίου
3087 1659 3184 1710 καὶ
3246 1653 3540 1718 ἀπαθοῦς
3581 1653 3676 1708 καὶ

2039 1755 2344 1827 ἁρρεύστου
2383 1751 2599 1820 φύσεως
2634 1749 2956 1820 παρετίθετο
2981 1747 3092 1818 (5i)
3131 1745 3393 1817 ἀξίωμα,
3437 1745 3546 1798 καὶ
3591 1739 3676 1806 οἷς

2039 1847 2106 1900 δι’
2141 1845 2322 1899 αὐτῶν
2366 1843 2475 1896 τῶν
2518 1841 2828 1895 ἀνευθύνων
2870 1838 3090 1910 βρεφῶν
3117 1837 3528 1908 ὲπαλαμῶντο
3576 1835 3678 1905 τὴν

2045 1936 2393 2008 μιαιφονίαν*
2443 1934 2525 1987 ὅτι
2569 1931 2836 2004 προῆλθον
2867 1934 2948 1995 εἰς
2987 1930 3126 2000 φῶς,
3156 1929 3302 1983 κατὰ
3341 1927 3459 1982 τοῦ
3497 1928 3673 1997 νόμον

2039 2031 2140 2098 τῆς
2163 2027 2388 2097 ,φύσεως
2417 2025 2583 2079 αὑτοῦ
2621 2023 2716 2079 τοῦ
2751 2023 2930 2094 φωτὸς
2970 2025 3070 2095 τὴν
3100 2023 3510 2094 ἀποστέρησιν
3559 2022 3676 2074 εἰσ-

2043 2120 2410 2191 πραττόμενοι
2456 2117 2636 2188 δίκην.
2682 2118 2745 2170 Ἦ
2785 2116 2842 2169 δὲ
2876 2116 3259 2187 φιλάνθρωπος
3297 2116 3494 2185 φύσις
3531 2114 3674 2176 τέως

2047 2213 2145 2284 μὲν
2178 2211 2540 2266 ἀναϐάλλεται
2564 2209 2664 2280 τὴν
2687 2210 2764 2271 είς
2798 2205 3121 2279 ἀνθρώπους
3143 2208 3470 2279 τιμωρίανο
3504 2205 3676 2258 κολα·-

2046 2308 2126 2372 ζει
2154 2306 2231 2367 δὲ,
2267 2306 2362 2359 καὶ
2389 2302 2635 2357 παιδεύει
2660 2301 2860 2370 τρόπον
2887 2300 3064 2364 ἄλλον,
3095 2299 3548 2370 λυμαινόμενος,
3573 2296 3670 2348 καὶ

2049 2397 2326 2469 μαστίξων
2355 2396 2416 2451 τὸ
2465 2395 2673 2466 ἄψυχον
2703 2411 2718 2426 ·
2747 2392 2816 2447 δι’
2837 2387 3008 2462 οὗπερ
3037 2393 3289 2455 ἐκείνοις.
3319 2392 3436 2445 καὶ
3469 2390 3540 2443 τὸ
3567 2388 3674 2456 τῆς

2049 2491 2363 2562 μιαιφονίας
2392 2489 2546 2556 ἄγος,
2576 2489 2671 2542 καὶ
2703 2487 2803 2558 τῆς
2842 2488 2924 2552 εἰς
2956 2487 3090 2541 Θεὸν
3123 2485 3359 2540 δυσσεὸε
3371 2484 3471 2548 ίας
3507 2480 3668 2535 ἐτολ-

2051 2583 2198 2655 μήθη
2231 2583 2292 2636 τὸ
2312 2581 2531 2636 ἀνοσιού
2539 2598 2644 2653 ργη
2653 2599 2748 2652 μα.

2122 2677 2184 2729 Et
2228 2675 2286 2728 δὲ
2333 2677 2606 2745 συγχωροῖ
2647 2691 2734 2736 τις
2770 2673 2840 2727 τὰ
2870 2670 2975 2728 ἀνὰ
3003 2672 3185 2724 πᾶσαν
3222 2668 3332 2740 γῆν
3354 2664 3662 2735 Αἰγύπτου

2051 2767 2222 2821 ὕδατα
2267 2770 2345 2830 εἰς
2391 2766 2581 2820 οὐσίαν
2629 2765 2863 2834 αἵματος
2906 2761 3513 2833 μεταστοιχειωθῆναι.
3552 2754 3664 2810 οὐδ’

2050 2861 2193 2915 οὕτω
2220 2861 2497 2916 δείκνυται
2529 2860 2733 2931 ἄπορον
2754 2857 2815 2911 τὸ
2840 2861 2934 2911 καὶ
2953 2858 3080 2920 τοὺς
3105 2857 3312 2927 γόητας
3339 2853 3464 2907 τῶν
3486 2853 3662 2919 Δίγυ-

2053 2954 2225 3007 πτίων
2267 2953 2366 3025 τὴν
2413 2951 2703 3021 θεουργίαν
2752 2948 3169 3022 ἐκμιμήσασθαι
3207 2947 3358 3010 δόξαι
3406 2945 3510 2998 διὰ
3559 2943 3662 3010 τῆς

2053 3047 2412 3116 κακουργίας.
2455 3043 2608 3098 Ἐπεὶ
2634 3045 2742 3115 γὰρ
2773 3043 3068 3114 προείρητο
3118 3042 3216 3112 μὲν
3246 3038 3326 3111 τῷ
3358 3038 3576 3094 Μωσεῖ
3598 3034 3658 3088 τὸ

367 3129 514 3184 enim
551 3129 856 3197 prodigium
886 3127 1281 3197 praenuntiarat
1300 3123 1498 3187 Moses,
1524 3122 1734 3177 Pharao
1764 3132 1944 3176 autem

2079 3137 2258 3208 καῦμα,
2295 3137 2563 3210 ᾐσθάνετο
2599 3137 2658 3190 δὲ
2697 3138 2726 3191 ὃ
2764 3154 2824 3190 τε
2852 3134 3075 3206 Φαραὼ,
3103 3134 3198 3188 καὶ
3235 3134 3285 3186 οί
3324 3132 3447 3187 τῶν
3481 3131 3660 3198 Δίγυ-

370 3230 628 3291 expertus
668 3219 883 3283 fuerat,
931 3228 985 3272 et
1025 3217 1403 3288 Aﬂgyptiorum
1465 3216 1833 3268 incantatores
1882 3228 1950 3267 ex

371 3314 538 3382 virga:
575 3313 628 3365 in
656 3321 964 3381 serpentem
988 3311 1289 3364 mutatione
1313 3309 1358 3339 ”
1389 3318 1777 3379 cognoverant,
1808 3306 1950 3375 quod

373 3405 727 3458 comminatio
775 3404 838 3457 ad
887 3413 1142 3457 eventum
1180 3401 1580 3456 essetomnino
1612 3400 1953 3466 proveltentla

375 3494 544 3566 (quod
575 3497 717 3550 enim
746 3497 858 3566 jam
889 3495 1091 3549 factum
1130 3503 1267 3560 erat,
1300 3495 1376 3548 rei
1418 3492 1678 3548 faciendae
1712 3493 1956 3546 testimo-

375 3589 521 3644 niu'u
557 3588 871 3656 perhibebat
901 3606 914 3642 :
947 3588 1235 3642 Studebant
1265 3595 1443 3642 autem
1470 3587 1503 3640 ii
1536 3601 1642 3639 non
1668 3586 1835 3639 videri
1862 3601 1957 3654 per

375 3697 504 3735 suas
539 3680 971 3733 machinationes
1020 3676 1310 3749 minores)
1343 3697 1357 3733 :
1395 3693 1519 3732 cum
1601 3676 1956 3747 probabiliter

376 3781 619 3836 nossent,
654 3772 798 3840 quod
835 3772 924 3824 ille
949 3786 1122 3837 aquas
1154 3771 1257 3825 sub
1286 3770 1402 3832 dio,
1452 3769 1781 3838 ubicumque
1812 3769 1958 3823 exsi-

378 3870 583 3914 sterent
605 3903 617 3916 .
650 3870 797 3915 esset
850 3872 1295 3930 permutaturus;
1338 3860 1501 3914 simul
1533 3875 1597 3914 ac
1632 3860 1956 3914 miraculum

378 3955 594 4023 quidem
629 3954 1049 4022 prmuuntiatnm
1080 3962 1217 4016 erat,
1270 3953 1361 4007 sed
1411 3951 1502 4006 Dei
1539 3953 1783 4022 operatio
1819 3968 1959 4006 non-

381 4047 505 4099 dum
537 4045 850 4115 prodierat;
895 4055 1098 4099 tantam
1132 4060 1288 4114 aquae
1311 4043 1668 4114 quantitatem
1704 4044 1960 4099 haurien-

383 4150 484 4202 tes,
514 4148 716 4208 quauta
734 4140 1026 4192 ellicicndae
1059 4137 1300 4192 illusioni
1333 4138 1468 4193 satis
1486 4150 1624 4203 erat,
1647 4152 1766 4190 eam
1789 4145 1843 4191 et
1863 4153 1961 4206 ap-

381 4240 665 4300 pararunt,
692 4239 746 4285 et
774 4238 1139 4300 seposuerunt
1169 4248 1183 4284 :
1212 4239 1268 4284 ut
1297 4246 1419 4285 cum
1443 4245 1582 4299 opus
1610 4240 1775 4292 esset,
1805 4229 1962 4298 aquis

382 4319 664 4374 abundare
719 4319 1072 4380 viderentur.
1129 4319 1331 4388 quibus
1382 4321 1619 4374 colorem
1678 4319 1962 4388 sanguinis

383 4412 715 4467 aseiscentes
743 4454 758 4478 ,
803 4411 1177 4466 incredibilem
1237 4411 1434 4467 divinre
1475 4411 1811 4481 operationis
1839 4411 1959 4482 glo-

385 4507 520 4558 riam
554 4521 650 4574 per
683 4504 829 4560 falsa!
860 4505 1165 4560 illusionem
1209 4504 1614 4560 imminuerent.

455 4596 711 4652 Nonnulli
743 4607 922 4652 autem
958 4597 1332 4661 allirmarunt,
1381 4597 1527 4666 quod
1562 4611 1672 4666 quo
1717 4607 1962 4667 tempore

386 4687 562 4744 Muses
601 4689 842 4745 ﬂuviales
893 4705 1064 4760 aquas
1119 4690 1173 4743 in
1213 4689 1535 4758 sanguinem
1584 4692 1958 4756 convertebat,

386 4781 548 4836 simul
575 4782 899 4836 adessentet
930 4781 1032 4851 ipsi
1073 4781 1334 4836 falsitatis
1365 4771 1647 4836 molitores
1675 4796 1774 4836 sua
1803 4781 1962 4836 adbi-

388 4873 578 4928 bentes
609 4873 905 4937 maleficia;
956 4883 1013 4927 et
1066 4872 1211 4944 quod
1260 4871 1496 4926 maxima
1535 4872 1755 4940 quidem
1811 4887 1965 4940 aquae

390 4981 514 5033 pars
545 4965 710 5021 Mosis
741 4966 990 5035 prodigio
1019 4966 1309 5022 inserviret
1334 5005 1348 5028 ,
1397 4979 1507 5019 non
1558 4979 1721 5034 parva
1782 4974 1963 5020 autem

388 5055 455 5108 ad
490 5071 769 5122 magorum
805 5073 957 5110 nsum
984 5067 1130 5112 esset
1165 5067 1466 5128 segregata.
1493 5056 1560 5110 At
1590 5072 1717 5111 vero
1756 5059 1857 5112 hoc
1883 5066 1968 5112 est

389 5154 444 5198 et
480 5145 720 5198 historiae
750 5147 1110 5213 contrarium,
1142 5155 1196 5201 et
1248 5148 1476 5202 mirilica
1533 5148 1968 5218 sapientissima-

391 5249 497 5303 que
521 5232 690 5289 Musis
720 5235 1008 5304 prudentia
1047 5236 1376 5306 indignum;
1413 5237 1541 5308 quia
1579 5249 1632 5294 et
1663 5239 1970 5297 iufensissi-

393 5343 544 5382 mum
575 5328 949 5382 adversarium
981 5329 1306 5385 reddidisset
1339 5331 1556 5386 virtutis
1589 5347 1703 5387 sure
1735 5348 1971 5388 consor-

394 5430 526 5483 tem,
569 5436 633 5475 ac
658 5421 1016 5491 participem,
1072 5430 1122 5477 et
1181 5438 1304 5477 cum
1359 5424 1799 5481 irreconciliabili
1845 5441 1969 5482 sese

466 5555 510 5586 ’³
546 5555 682 5609 Gen.
711 5571 783 5622 vr,
819 5556 908 5612 l0.

2053 3230 2227 3283 πτίων
2281 3229 2524 3282 ὲπαοιδοὶ
2577 3230 2642 3282 ὲκ
2681 3229 2779 3301 τῆς
2822 3227 2966 3281 κατὰ
3009 3227 3108 3297 τὴν
3149 3225 3346 3297 ῥάϐδον
3395 3225 3490 3286 εἰς
3533 3221 3659 3290 ὅφιν

2057 3321 2360 3394 μεταϐολῆς
2387 3321 2630 3392 ᾔδεισαν,
2668 3321 2745 3384 ὡς
2790 3322 2870 3384 είς
2913 3322 3076 3392 ἔργον
3107 3321 3140 3390 ή
3177 3318 3380 3389 ἀπειλὴ
3427 3317 3658 3380 πάντως
3711 3384 3718 3390 ί

2054 3419 2404 3489 προχωρήσει
2437 3416 2519 3485 (τδ
2547 3415 2656 3486 γὰρ
2698 3415 2797 3486 ἠδη
2832 3413 3170 3484 προγεγονὸς
3208 3411 3302 3466 τοῦ
3333 3404 3656 3480 γενησομέ-

2054 3528 2146 3564 νου
2194 3508 2469 3581 μαρτυρία
2502 3504 2570 3578 ἦν
2592 3526 2606 3540 ·
2643 3507 2901 3561 ἔσπευδον
2939 3507 2994 3560 δὲ
3024 3507 3266 3558 κάκεῖνοι
3299 3503 3376 3575 μὴ
3408 3499 3656 3572 φανῆναι

2054 3604 2173 3664 ταῖς
2211 3599 2637 3671 μηχανουργίαις
2684 3599 2986 3667 ἐλάττους),
3033 3598 3260 3660 εἰκότως
3292 3597 3530 3658 εἰδότες,
3581 3591 3657 3652 ὡς

2054 3693 2123 3746 τὰ
2160 3691 2437 3761 πανταχοῦ
2467 3692 2570 3763 τῆς
2597 3693 2700 3762 γῆς
2732 3691 2898 3746 ὕδατα
2923 3690 3168 3763 ὕπαιθρα
3195 3690 3276 3754 εἰς
3303 3683 3453 3760 αἷμα
3488 3700 3656 3757 μετα-

2057 3784 2242 3838 ϐάλλει
2266 3801 2280 3814 ο
2313 3783 2406 3837 τοῦ
2458 3782 2736 3846 θαύματος
2774 3783 2871 3853 μὲν
2897 3783 2997 3853 ἢδη
3028 3780 3344 3850 λεγομένου,
3399 3778 3564 3832 οὔπω
3597 3773 3653 3825 δὲ

2056 3875 2155 3944 τῆς
2188 3874 2478 3944 θεουργίας
2509 3872 2896 3944 προελθούσης,
2920 3871 3224 3942 τηνικαῦτα
3245 3870 3420 3925 ὕδατα
3445 3865 3652 3941 ἀρυσά-

2063 3981 2234 4034 μενοι,
2264 3966 2364 4018 ὃσα
2395 3964 2597 4018 δυνατὰ
2624 3963 2946 4036 παραδεῖξαι
2973 3963 3072 4035 τὴν
3101 3962 3406 4034 φαντασίαν
3433 3958 3535 4014 τοῦ
3563 3972 3652 4010 σο-

2061 4057 2351 4127 φίσματος,
2388 4055 2926 4128 προπαρασκεύασάν
2946 4073 3027 4121 τε,
3057 4057 3152 4108 καὶ
3184 4053 3542 4108 ὲναπέθεντο’
3575 4046 3648 4109 ὡς

2063 4150 2130 4204 ἂν
2156 4152 2214 4203 ὲν
2239 4149 2317 4218 τῷ
2341 4148 2521 4220 καιρῷ
2544 4150 2645 4218 τῆς
2670 4150 2861 4222 χρείας
2889 4148 3250 4220 εὐποροῦντες
3279 4147 3506 4216 ὀφθεῖεν
3528 4141 3653 4196 ὑδά-

2062 4257 2194 4314 των,
2247 4237 2329 4305 οἷς
2380 4241 2441 4295 τὸ
2489 4243 2685 4312 χρῶμα
2733 4241 2828 4295 τοῦ
2877 4241 3110 4311 αἵματος
3159 4241 3538 4311 περιθέμενοι,
3586 4231 3650 4284 τὸ

2066 4333 2372 4404 παράδοξον
2417 4334 2513 4404 τῆς
2543 4333 2832 4405 θεουργίας
2868 4336 2935 4404 τῇ
2981 4332 3253 4404 φαντασίᾳ
3294 4331 3392 4385 τοῦ
3425 4327 3650 4402 ψεύδους

2069 4423 2456 4478 ἐλαττώσουσι.

2133 4600 2257 4653 Τισὶ
2284 4599 2340 4653 δὲ
2371 4601 2607 4672 εἴρηται,
2645 4600 2721 4664 ὡς
2746 4599 2840 4653 105
2881 4599 3130 4662 Μωσέως
3157 4591 3644 4670 παραδοξοποιοῦν-

2062 4706 2155 4753 τος
2177 4689 2237 4742 τὸ
2269 4689 2535 4759 ποτάμιον
2567 4688 2714 4760 ὕδωρ
2745 4691 2822 4752 είς
2862 4684 3002 4759 αἷμα
3035 4689 3178 4742 κατὰ
3217 4689 3308 4742 τὸν
3337 4689 3503 4742 αὑτὸν
3529 4699 3642 4739 και-

2067 4781 2158 4852 ρὸν
2196 4781 2567 4852 συμπαρῆσαν
2612 4782 2707 4834 καὶ
2752 4783 2801 4833 οἱ
2839 4780 2934 4834 τοῦ
2963 4780 3194 4850 ψεύδους
3247 4781 3501 4850 σοφισταὶ
3534 4775 3644 4834 ταῖς

2064 4872 2293 4936 οἰκείαις
2319 4872 2592 4944 χρώμενοι
2623 4871 3034 4941 κακοτεχνίαιςο
3068 4872 3163 4926 καὶ
3188 4871 3249 4925 τὸ
3281 4871 3380 4942 μὲν
3406 4871 3642 4924 πλεῖστον

2070 4964 2164 5017 105
2203 4963 2394 5029 ὓδατος
2418 4964 2512 5018 τοῦ
2537 4965 2780 5036 Μωσέως
2805 4965 3133 5035 ὑπηρετεῖτο
3156 4963 3234 5034 τῷ
3264 4963 3523 5034 θαύματι.
3554 4957 3642 5011 οὐκ

2071 5056 2250 5126 ὀλίγον
2279 5057 2337 5111 δὲ
2375 5057 2568 5112 τούτου
2609 5058 2704 5111 καὶ
2735 5059 2801 5128 τῇ
2846 5057 2953 5110 τῶν
2993 5058 3184 5128 μάγων
3223 5057 3385 5128 χρείᾳ
3420 5063 3640 5123 συγκατ-

2066 5151 2374 5223 εμερίζετο.
2417 5152 2576 5206 Ἀλλά
2623 5151 2734 5223 γὰρ
2778 5149 2936 5205 τοῦτο
2981 5150 3113 5222 παρ’
3148 5150 3391 5219 ἱστορίαν
3431 5149 3502 5204 τέ’
3533 5145 3640 5197 ἔστι

2066 5243 2266 5312 λέγειν,
2299 5243 2396 5298 καὶ⁹
2422 5244 2523 5315 τῆς
2551 5245 2610 5296 ὲν
2641 5242 2719 5314 τῷ
2745 5243 2936 5298 Μωσεῖ
2961 5239 3362 5314 μεγαλουργοῦ,
3394 5241 3490 5296 καὶ
3512 5252 3635 5290 παν·

2070 5334 2236 5401 σόφου
2269 5334 2520 5407 προνοίας
2547 5333 2788 5398 ἀνάξιον,
2821 5334 2917 5387 καὶ
2943 5334 3229 5405 δυνάμεως
3254 5332 3528 5394 κοινωνὸν,
3555 5323 3640 5380 καὶ

2073 5427 2304 5499 μεσίτην
2336 5429 2510 5482 ποιεῖν
2565 5425 2660 5480 τὸν
2706 5425 3139 5498 πολεμιώτατον,
3192 5428 3288 5481 καὶ
3329 5419 3636 5497 ὁμόσπονδον

1901 5655 1948 5712 Ν
1960 5655 2137 5713 ΟΤιλΕ.

482 5804 594 5875 (51)
630 5803 998 5875 Παρατίθεντο
1047 5805 1143 5880 leg:
1167 5823 1302 5878 ram,
1338 5809 1429 5866 sed
1473 5805 1690 5881 patebat
1729 5824 1900 5865 error.
