3888 6186
165 255 271 326 231

1117 255 1218 316 ΑΙ)
1258 252 1860 316 AMPHILOCHIUM
1893 255 2242 330 QUIESTIO
2280 257 2434 320 XLI.

3353 259 3463 324 282

172 372 551 446 παραϐάλλειν
601 371 694 427 τὸν
746 369 1014 428 ἄσπονδον
1038 383 1052 399 ⁶
1090 363 1173 434 οἷς
1219 369 1321 441 τὴν
1367 367 1759 440 ἀφορισθεῖσαν

1871 370 2258 438 conciliasset;
2290 371 2381 425 ubi
2427 368 2642 426 scilicet
2680 369 3020 427 subtractam
3067 369 3174 428 sibi
3205 365 3462 428 miraculi

165 465 319 538 αὐτῷ
372 462 508 536 ὕλην
552 462 648 518 τοῦ
693 461 978 533 θαύματος
1029 460 1226 532 ἐκείνῳ
1283 459 1763 534 συνδιεκληροῦτο,

163 559 263 612 καὶ
293 554 702 630 συνεμερίζετο.
735 553 846 610 Καὶ
886 551 1062 617 ἄλλως
1092 552 1192 624 οὐχ
1223 551 1366 608 ἐκὼν
1395 571 1458 622 γε
1495 554 1562 608 ἂν
1584 557 1631 609 οδ
1671 554 1767 608 Αί-

164 649 394 719 γύπτιος
426 651 507 714 είς
545 649 706 703 τοῦτο
739 647 982 720 κατέστη
1025 646 1333 716 παρανοίας
1365 647 1458 700 τὸν
1489 646 1638 718 αὑτῷ
1675 663 1765 699 σε-

166 743 397 814 ϐόμενον
439 742 710 814 ποταμὸν,
743 742 945 813 στήλην
977 756 1038 793 τε
1085 739 1186 810 τῆς
1231 739 1550 809 μιαιφονίας
1597 738 1764 793 αὐτοῦ

163 834 428 905 λαμπρὰν
459 832 791 905 ἀνεγείρειν,
823 833 920 886 καὶ
958 828 1180 901 λύθροις
1211 830 1470 901 μιαίνειν,
1503 831 1598 885 καὶ⁵
1626 831 1765 902 πρὸς

163 927 226 981 τδ
262 924 661 998 βδελυρώτερον
700 925 762 979 τὸ
789 922 1101 996 τιμώμενον
1149 922 1510 993 μεταϐάλλειν
1530 940 1545 955 ·
1581 925 1630 976 εί
1670 925 1766 977 καὶ

162 1019 226 1074 τὸ
278 1018 478 1090 χρῶμα
522 1016 638 1072 οὗθ’
673 1017 984 1079 ἐνίσσοντος
1010 1013 1123 1086 (25)
1172 1016 1273 1086 τῆς
1313 1015 1674 1088 πλανωμένης
1695 1011 1765 1088 ἦν

162 1109 327 1182 ἔργον
355 1110 550 1180 ὅψεως.
604 1139 606 1141 -

174 1247 180 1251 .
234 1204 346 1256 Καὶ
373 1202 435 1256 τὸ
465 1202 650 1272 λέγειν
684 1202 833 1259 ἆπαν
864 1201 964 1272 μὲν
1001 1202 1062 1256 τὸ
1098 1201 1404 1270 Αίγύπτιον
1449 1199 1598 1272 ὕδωρ
1628 1199 1764 1255 θαυ-

166 1293 609 1365 ματουργοῦντος
673 1295 924 1358 Μωσέως
983 1294 1389 1366 άπογενηθῆναι
1454 1295 1536 1358 είς
1599 1288 1762 1366 αἷμα,

161 1387 293 1451 τοὺς
323 1387 382 1440 δὲ
430 1388 638 1458 μάγους
674 1389 1021 1462 ἀποροῦντας
1062 1391 1254 1455 ὓδατος
1293 1390 1675 1462 ἀμεταϐλήτου
1703 1391 1766 1444 τὸ

165 1478 645 1552 μεταϐεϐλημένον
698 1483 778 1547 είς
822 1480 963 1554 αἷμα
1023 1484 1233 1550 λαϐεῖν,
1275 1486 1371 1538 καὶ
1417 1485 1616 1552 κλέψαι
1664 1486 1764 1555 τὴν

160 1569 286 1640 ϐψιν
339 1571 450 1625 τῶν
499 1571 754 1642 ὁρώντων
808 1575 930 1628 ἀντὶ
977 1577 1078 1647 τῆς
1136 1575 1378 1648 ἐρυθρᾶς
1434 1575 1615 1648 βαφῆς
1665 1576 1765 1648 τὴν

161 1662 411 1735 ῦδατώδη
459 1664 626 1735 χρόαν
680 1666 1083 1735 φαντάζεσθαιο
1141 1669 1282 1740 μετὰ
1330 1668 1426 1722 τοῦ
1479 1669 1615 1742 μηδὲ
1660 1671 1758 1742 τὴν

1873 465 2161 518 materiam
2197 479 2324 519 cum
2365 477 2431 518 eo
2467 461 2642 518 amice
2676 463 3009 518 sortiehatur
3036 503 3051 530 ,
3110 465 3261 534 atqui
3317 465 3462 519 divi-

1868 555 2053 611 debat.
2081 554 2356 612 Caeterum
2390 571 2501 610 non
2545 555 2778 610 libenter
2825 571 3017 628 magus
3060 554 3350 627 IEgyptius
3394 569 3461 611 eo

1866 649 2160 704 dementiae
2191 649 2525 714 devenisset,
2582 657 2642 703 ut
2674 646 2900 702 ﬂuvium
2930 690 2944 716 ,
3004 663 3166 718 quem
3220 649 3460 712 colebat,

1865 740 2195 813 prreclarum
2256 749 2486 811 patrata:
2545 739 2928 796 innocentium
2998 742 3162 797 caedis
3221 743 3462 799 ellicerct

1866 843 2315 898 monumentum,
2357 845 2410 890 et
2444 850 2642 889 cruore
2697 834 2965 900 foedaret,
3004 852 3228 909 remque
3262 838 3459 892 honori

1869 927 2108 982 habitam
2143 927 2197 981 in
2233 909 2658 982 abominabilem
2701 936 3039 998 permutaret
3070 946 3084 982 :
3116 929 3334 984 etiamsi
3367 943 3462 984 co-

1867 1021 1952 1076 lor
1990 1019 2231 1076 ﬂuminis
2264 1036 2366 1076 nec
2421 1021 2689 1076 unitatem
2743 1037 2901 1076 suam
2960 1021 3252 1078 retinentis
3311 1032 3460 1079 esset

1865 1114 2109 1184 decepta:
2145 1113 2378 1169 visionis
2412 1113 2665 1169 eﬂ'ectus.

1939 1207 2113 1263 Porro
2168 1209 2214 1263 si
2255 1209 2384 1278 quis
2418 1207 2627 1262 diceret
2683 1206 2834 1262 Mose
2870 1206 3199 1262 miraculum
3261 1207 3461 1261 edente

1867 1311 2100 1358 cunctas
2138 1301 2360 1374 Egypti
2424 1317 2600 1372 aquas
2657 1302 2980 1371 sanguinem
3039 1301 3208 1356 fuisse
3260 1299 3458 1366 factas,

1867 1411 2060 1465 magos
2095 1406 2278 1450 autent
2334 1412 2477 1466 aqua
2511 1410 2620 1449 non
2665 1405 2872 1450 mutata
2920 1395 3226 1464 indigentes
3256 1410 3457 1464 aquam

1867 1489 2151 1559 accepisse
2178 1489 2230 1543 in
2273 1489 2595 1560 sanguinem
2631 1505 2997 1555 conversam,
3031 1497 3085 1542 et
3135 1490 3327 1543 oculos
3379 1489 3462 1541 in-

1867 1579 2134 1632 tuentium
2177 1579 2251 1633 ita
2298 1578 2584 1650 decepisse
2618 1621 2633 1645 ,
2701 1587 2760 1634 ut
2790 1595 2888 1649 pro
2919 1580 3224 1649 sanguineo
3260 1579 3460 1632 rubore

1868 1682 2079 1738 aqueus
2131 1669 2286 1723 color
2358 1681 2664 1740 appareret.
2746 1671 2793 1726 is
2855 1679 2910 1724 et
2969 1670 3116 1723 nulla
3177 1669 3462 1724 sententia:

164 1734 412 1828 ἱστορίαν
449 1734 618 1829 μηδὲν
643 1734 888 1813 τοιοῦτον
918 1734 1225 1832 ἐμφαίνειν,
1262 1764 1356 1818 καὶ
1389 1734 1514 1827 τοὺ-ς
1543 1734 1758 1836 ’μάγοῦς

1871 1771 1982 1811 suae
2013 1758 2065 1811 in
2111 1757 2336 1812 historia
2374 1759 2600 1829 vestigia
2641 1759 2937 1830 reperiret,
2985 1770 3040 1814 et
3073 1761 3288 1813 interim
3329 1760 3457 1831 glo-

158 1849 301 1912 τέως
332 1849 798 1920 ἐπισεμνύνεσθαι
824 1855 1264 1926 παρασκευάζει.
1307 1857 1380 1910 Τὸ
1417 1859 1526 1928 γάρ
1560 1875 1765 1929 φαντα-

165 1942 318 2009 σθὶν,
350 1943 427 2008 ὡς
457 1943 623 2017 ὕδωρ,
656 1940 818 2018 αἷμα,
848 1949 930 2002 ὅτι
971 1950 1065 2003 καὶ
1115 1949 1210 2022 τὴν
1242 1950 1406 2022 φύσιν
1439 1951 1659 2023 ἀληθῶς
1694 1954 1761 2025 τῇ

157 2033 328 2108 τέχνῃ
368 2035 477 2090 τῶν
509 2037 700 2107 μάγων
730 2037 856 2110 ἔσχε
902 2040 996 2094 τοῦ
1041 2041 1301 2111 αἵματος,
1342 2044 1773 2117 μεγαλορῤημο-”

157 2127 277 2180 νεῖν
313 2127 515 2193 αὐτοὺς
552 2129 834 2200 περίεστι,
869 2131 961 2184 καὶ
991 2132 1211 2187 διπλοῦν
1236 2135 1352 2188 ἀνθ’
1377 2137 1548 2190 ἁπλοῦ
1590 2138 1650 2190 τὸ
1676 2139 1764 2196 τέ·

161 2235 264 2287 ρας
287 2219 607 2290 ἐργάζεται,
648 2223 880 2293 αἵματος
915 2226 995 2289 είς
1031 2223 1178 2297 ὕδωρ
1209 2227 1521 2298 ἀλλοίωσιν,
1564 2233 1658 2286 καὶ
1701 2233 1762 2287 τὸ

159 2309 309 2381 ὕδωρ
343 2311 506 2366 πάλιν
536 2314 616 2378 είς
648 2314 810 2383 φόνον
840 2317 1338 2389 μεταϐαλλόμενον.

231 2403 360 2458 Elei.
402 2403 460 2459 δὲ
509 2399 592 2469 οἷς
629 2407 866 2476 ἐπῆλθεν
907 2412 1086 2464 εἰπεῖν
1125 2411 1266 2481 μετὰ
1292 2412 1352 2466 τὸ
1384 2413 1761 2486 ἐπαναγαγεῖν

155 2493 252 2547 τὸν
281 2496 487 2550 Μωσέα
536 2497 596 2550 τὸ
639 2496 784 2569 ὕδωρ
823 2500 932 2553 ἀπὸ
959 2500 1054 2554 τοῦ
1086 2502 1323 2572 αἵματος
1354 2507 1436 2569 είς
1465 2504 1564 2577 τὴν
1591 2507 1758 2562 αὐτοῦ

157 2585 350 2656 φῦσιν,
377 2588 498 2642 τότε
525 2589 840 2662 χρήσασθαι
887 2593 1015 2656 τοὺς
1040 2593 1324 2659 ἐπαοιδοὺς
1351 2596 1440 2650 ἐπ’
1470 2599 1637 2652 αὐτοῦ
1679 2601 1759 2673 τῷ

158 2679 460 2751 σοφίσματι
489 2682 592 2754 τῆς
611 2684 893 2755 γοητείας.

231 2773 299 2826 Οί
319 2773 378 2827 δὲ
402 2773 618 2844 λέγουσι
653 2777 748 2831 καὶ
772 2779 882 2832 τῶν
907 2780 1086 2835 ἄλλων
1115 2782 1318 2854 μᾶλλον
1357 2786 1756 2861 εὐλογώτερον,

156 2864 239 2930 ὡς
262 2867 333 2920 τά
366 2867 470 2938 μέν
501 2867 638 2924 ἄλλα
663 2871 841 2926 πάντα
873 2875 972 2944 τῆς
997 2877 1278 2944 Αἰγύπτου
1307 2878 1480 2934 ῦδατα
1506 2883 1584 2946 είς
1618 2877 1759 2954 αἷμα

159 2957 474 3032 μετεϐλήθη
499 2963 566 3032 τῇ
596 2963 958 3037 μεγαλουργῷ
983 2967 1215 3039 δυνάμει
1243 2970 1339 3025 τοῦ
1364 2973 1627 3046 Μωσέως·
1656 2977 1758 3030 ὅσα

1864 1852 2000 1908 riam
2039 1853 2534 1926 prmstigiatorihus
2583 1854 2850 1924 majorem
2892 1864 3255 1924 compararet.
3304 1852 3451 1923 San-

1865 1947 1989 2016 guis
2017 1947 2204 2012 enim,
2257 1946 2353 2016 qui
2399 1961 2541 2016 aqua
2599 1946 2935 2011 videbatur,
2993 1946 3123 2016 quia
3173 1961 3456 2018 magorum

1863 2045 1982 2090 arte
2014 2036 2303 2104 sanguinis
2341 2037 2506 2090 etiam
2556 2044 2809 2089 naturam
2868 2051 2994 2090 vere
3053 2033 3319 2102 retinuit,
3375 2037 3454 2106 ip-

1865 2144 2052 2184 sorum
2086 2129 2380 2200 jactationi
2414 2130 2595 2195 favet,
2654 2137 2711 2184 et
2757 2144 2858 2200 pro
2917 2129 3078 2185 uttiCu
3113 2130 3320 2201 duplex
3356 2130 3430 2185 mi

1867 2221 2111 2274 raculum
2148 2221 2315 2278 efticit
2346 2265 2360 2289 ,
2423 2223 2708 2293 sanguinis
2763 2223 3021 2279 videlicet
3054 2225 3106 2277 in
3139 2239 3360 2294 aquam,
3393 2232 3451 2280 et

1862 2325 2022 2380 aquze
2052 2325 2246 2364 rursus
2277 2312 2328 2364 in
2377 2312 2704 2382 sanguinem
2745 2313 3190 2368 conversionem.

1935 2400 2204 2455 Praeterea
2233 2413 2362 2456 sunt
2392 2403 2595 2473 quibus
2614 2404 2819 2474 placuit
2847 2420 3116 2470 asserere,
3137 2406 3282 2476 quod
3307 2415 3456 2476 post-

1863 2508 2031 2563 quam
2062 2493 2243 2550 Moses
2276 2511 2474 2566 aquam
2507 2513 2536 2551 e
2565 2497 2832 2567 sanguine
2861 2499 2926 2551 ad
2955 2498 3242 2568 pristinam
3289 2509 3452 2555 natu-

1862 2602 1979 2641 ram
2017 2588 2256 2654 reduxit,
2295 2597 2431 2644 tunc
2462 2588 2516 2643 in
2547 2604 2610 2644 ea
2642 2589 3022 2646 incantatores
3048 2593 3452 2663 pt'testigiot'um

1861 2677 2142 2735 fallaciam
2183 2682 2556 2737 exercuerim.

1931 2770 2041 2826 Alii
2073 2787 2226 2839 vero,
2259 2780 2316 2827 et
2345 2773 2568 2843 quidem
2612 2773 2838 2841 rectius,
2868 2790 3034 2845 quam
3063 2776 3267 2841 caeteri,
3305 2775 3456 2831 afﬁr-

1861 2863 2273 2918 mantmirillca
2305 2863 2473 2919 Mosis
2516 2865 2761 2934 potentia
2799 2880 2990 2921 omnes
3049 2867 3188 2922 alias
3233 2866 3455 2939 IEgypti

1861 2970 2035 3026 aquas
2076 2956 2132 3010 in
2175 2957 2498 3028 sanguinem
2552 2959 2883 3021 transiisse;
2941 2969 3212 3031 quotquot
3267 2971 3453 3018 autem

153 3048 218 3103 δὲ
245 3053 359 3114 τοῖς
403 3052 769 3125 Ἰσραηλίταις
802 3055 1100 3128 προῦκειτο
1145 3062 1227 3125 είς
1257 3062 1481 3134 χρῆσιν,
1510 3065 1615 3136 τῆς
1658 3083 1756 3137 με·

1871 3049 1990 3104 usui
2029 3049 2400 3106 Israelitarum
2457 3051 2862 3116 inserviebant.
2919 3053 3242 3110 mutationis
3281 3055 3457 3112 fuisse

151 3141 399 3214 ταϐολῆς
424 3145 825 3219 διετηρήθησαν
877 3149 1114 3222 κρείττω
1169 3153 1310 3223 (οὐδὲ
1343 3157 1452 3226 γάρ
1487 3151 1554 3228 ἦν
1591 3175 1758 3212 κακο-

153 3235 341 3287 ποιεῖν
391 3235 706 3302 ἀκόλουθον,
750 3237 892 3310 ὑπὲρ
937 3233 1012 3294 ὧν
1055 3243 1398 3316 ἐνέσκηπτον
1441 3249 1498 3302 αἱ
1548 3248 1759 3322 πληγαὶ

150 3327 277 3399 τοῖς
328 3330 647 3383 κακοποιεῖν
696 3332 899 3397 αὐτοὺς
951 3335 1276 3406 ἐπαρθείσιν
1301 3353 1314 3367 ·
1355 3339 1465 3393 οὐδ’
1497 3340 1616 3412 ἅμα
1657 3342 1757 3413 μὲν

152 3417 402 3474 ἐκδικεῖν
430 3421 559 3486 τοὺς
589 3424 809 3489 αὐτοὺς,
842 3425 959 3497 ἅμα
981 3427 1036 3481 δέ
1061 3427 1151 3484 διὰ
1177 3430 1275 3501 τῆς
1305 3431 1638 3506 ἐκδικήσεως
1668 3452 1758 3488 κου

152 3509 290 3574 λὰζε
302 3529 350 3565 ιν
371 3529 386 3543 ·
411 3514 510 3567 καὶ
539 3515 599 3569 τὸ
623 3516 733 3571 τῶν
763 3519 1096 3588 ἀποδείξεων
1121 3523 1180 3589 ἐξ
1206 3525 1410 3594 ὁμοίων
1443 3527 1758 3598 περιούσιον

153 3601 475 3658 ὑπολοίπων
504 3606 661 3660 ἐννέα
700 3608 926 3679 πληγῶν
965 3612 1108 3668 κατὰ
1137 3614 1392 3687 διαδοχὴν
1433 3619 1545 3681 τοῖς
1584 3619 1756 3688 Λίγυ-

152 3695 344 3757 τττίοις
364 3697 786 3770 ἐπενεχθεισῶν,
817 3701 1046 3776 οὐδεμιᾷ
1068 3706 1275 3761 τούτων
1299 3711 1326 3762 δ
1369 3709 1588 3781 Ἰσραὴλ
1623 3712 1760 3766 ἐδεί-

153 3786 267 3858 χθη
297 3791 820 3866 καταστιζὸμενος)ο
848 3795 943 3849 τοῦ
974 3797 1031 3850 δέ
1062 3801 1211 3870 παρὰ
1239 3804 1353 3865 τοῖς
1395 3803 1758 3875 Ἰσραηλίταις

153 3878 359 3945 ὓδατος
405 3882 780 3953 διαμείναντος
839 3889 1247 3964 ἀμεταϐλήτου,
1296 3897 1424 3960 τοὺς
1471 3897 1759 3962 ἐπαοιδοὺς

151 3972 380 4028 ἐκεῖθεν
419 3975 706 4044 λαϐόντας,
754 3979 856 4055 ῦλῃ
893 3984 1201 4054 χρήσασθαι
1245 3986 1381 4059 πρὸς
1414 3989 1517 4061 τὴν
1557 3989 1653 4044 τοῦ
1677 3991 1757 4044 οἰ-

150 4065 320 4121 κείου
353 4069 693 4143 σοφίσματος
725 4078 1033 4146 τερατείαν.

234 4249 428 4316 Οὕτως
456 4249 553 4309 οὖν
575 4257 913 4331 πολλαχόθεν
949 4261 1067 4317 ἔστι
1094 4265 1326 4338 συνορᾷν
1349 4265 1499 4321 οὐδὲν
1526 4266 1752 4338 ἄπορον,

151 4343 262 4399 καὶ
286 4345 381 4401 τὸν
411 4347 616 4404 Μωσέα
639 4350 1164 4426 θαυματουργοῦντα
1186 4357 1285 4428 τὴν
1311 4359 1405 4409 τοῦ
1438 4356 1634 4423 ὕδατος
1659 4357 1760 4427 φύ-

1863 3142 2140 3198 immuncs
2180 3145 2400 3213 (neque
2432 3143 2576 3198 enim
2611 3154 3048 3200 consentaneum
3080 3155 3232 3214 erat,
3273 3155 3333 3202 ut
3376 3147 3455 3202 illi

1859 3247 2217 3305 vexarentur,
2247 3252 2485 3307 quorum
2539 3239 2712 3307 gratia
2746 3238 2919 3310 plagae
2951 3241 3004 3294 in
3038 3240 3314 3306 homines,
3353 3243 3454 3312 qui

1861 3330 1932 3386 ad
1965 3331 2119 3401 ipsos
2143 3331 2536 3402 opprimendos
2560 3332 2919 3402 insurgebant
2944 3375 2959 3399 ,
3017 3333 3403 3404 inlligebantur
3437 3356 3452 3394 :

1860 3432 2027 3493 atque
2044 3431 2104 3477 ut
2123 3422 2288 3477 simul
2307 3422 2621 3476 obtinerent
2653 3431 2892 3493 accepta:
2919 3423 3136 3493 injuria:
3165 3425 3453 3495 ultionem,

1858 3525 1915 3572 et
1965 3518 2020 3570 in
2077 3516 2287 3570 ultione
2341 3516 2445 3585 ipsi
2502 3515 2833 3585 punirentur
2863 3533 2878 3570 :
2909 3518 3121 3572 accedit
3146 3519 3290 3588 quod
3320 3535 3453 3589 pro-

1859 3610 2040 3681 prium
2073 3608 2237 3664 fuerit
2289 3624 2387 3664 sex
2420 3607 2696 3664 similibus
2722 3609 2959 3663 ostentis
3002 3625 3066 3664 ex
3108 3611 3453 3680 reliquarum

1859 3699 2057 3758 novem
2095 3703 2404 3774 plagarum,
2431 3717 2556 3772 quae
2586 3701 2846 3772 deinceps
2877 3699 3150 3773 Egyptiis
3191 3704 3454 3762 immissa:

1859 3804 2012 3861 sunt,
2048 3803 2109 3849 ut
2143 3795 2338 3849 horum
2379 3793 2526 3848 nulla
2561 3793 2731 3850 lsrael
2759 3793 2996 3850 alllictus
3029 3794 3205 3852 fuisse
3253 3797 3452 3853 innua-

1860 3894 1953 3942 tur
1991 3885 2145 3959 (26)
2180 3905 2193 3940 :
2228 3902 2354 3942 cum
2388 3893 2570 3942 autem
2621 3899 2764 3958 aqua
2817 3903 2989 3958 penes
3035 3887 3298 3945 Hebraeos
3341 3907 3452 3946 non

1859 3991 2072 4037 mutata
2102 3981 2516 4052 permanserit,
2560 3982 2805 4037 indidem
2843 3983 3158 4040 haurientes
3201 3985 3457 4040 incanta-

1857 4083 2030 4140 tores,
2063 4074 2206 4131 hanc
2231 4077 2516 4132 materiam
2542 4059 2610 4132 ad
2634 4077 3035 4150 praestigiarum
3062 4093 3288 4134 suarum
3323 4078 3453 4133 illu-

1859 4169 2074 4225 sionem
2109 4169 2455 4226 adhibuisse.

1930 4259 2022 4317 Sic
2057 4262 2226 4333 igitur
2251 4264 2442 4318 multis
2471 4263 2652 4321 modis
2682 4263 2915 4335 perspici
2939 4270 3140 4335 potest,
3171 4265 3317 4336 quod
3340 4280 3451 4321 non

1866 4355 2027 4410 fuerit
2060 4355 2306 4424 difﬁcile,
2345 4369 2405 4412 ut
2455 4366 2509 4413 et
2539 4357 2720 4414 Moses
2776 4374 2870 4428 per
2923 4357 3235 4429 prodigium
3293 4374 3454 4430 aqua:

151 4453 252 4490 σιν
279 4438 362 4503 είς
385 4437 526 4511 αἷμα
556 4445 905 4516 μεταϐαλεῖν,
933 4449 1030 4503 καὶ
1056 4451 1182 4514 τοὺς
1213 4450 1500 4515 ἐπαοιδοὺς
1525 4451 1635 4506 τῶν
1659 4453 1758 4506 Λί-

1871 4460 2122 4505 naturam
2159 4451 2212 4506 in
2244 4453 2564 4522 sanguinem
2597 4453 2949 4518 converterit,
2977 4462 3033 4508 et
3067 4451 3450 4524 .‘Egyptiorum

149 4530 410 4598 γυπτίων
455 4532 650 4600 ὕδατος
687 4537 765 4610 μὴ
793 4539 1245 4612 ἀποστερεῖσθαι,
1271 4542 1338 4595 δι’
1367 4537 1538 4615 οὗπερ
1571 4543 1759 4609 αὐτοῖς

148 4621 189 4694 ἡ
228 4620 328 4676 τοῦ
371 4625 660 4698 φάσματος
709 4631 835 4701 δψις
878 4633 1272 4707 ὐποδραμεῖται
1307 4634 1406 4707 τὴν
1453 4637 1754 4708 ὀνομασίαν

147 4713 258 4769 τοῦ
291 4715 594 4789 θαύματος.
1399 4726 1404 4731 ’

695 4835 1031 4891 ΕΡΩΤΗΜΑ
1079 4838 1216 4892 MA'.

185 4918 321 4988 Πῶς
353 4923 606 4994 νοητέον
629 4927 728 4981 τό·
763 4928 936 5051 vim
961 4926 1292 5017 ακληρυνῶ
1325 4927 1440 4996 τὴν
1470 4927 1726 4998 καρδίαν

857 5014 1018 5051 αοαω
1036 5017 1086 5051 ε»

857 5014 1018 5070 αραω
1034 5017 1086 5066 ;›

1865 4543 2238 4600 iucantatores
2268 4559 2410 4615 aqua
2453 4559 2561 4599 non
2600 4544 2900 4611 caruerint,
2951 4561 3048 4616 per
3105 4561 3268 4615 quam
3322 4545 3452 4601 ﬁcta

1860 4638 2151 4710 sanguinis
2185 4638 2401 4709 species
2431 4653 2631 4694 nomen
2665 4638 2917 4693 miraculi
2948 4646 3241 4707 usurparet
3271 4637 3413 4708 (25).

1897 4833 2229 4902 QUIESTIO
2259 4832 2377 4888 XLI
2425 4831 2618 4905 [CoisL
2659 4831 2828 4887 Taur.
2861 4830 2974 4898 XL,
3009 4829 3191 4887 Scotto
3222 4828 3410 4902 XLII].

1862 4927 2118 4995 Quantam
2149 4928 2415 4984 sententia
2443 4925 2682 4998 subjecta
2704 4935 2784 4980 est
2803 4925 2969 4981 verbis
2992 4925 3148 4998 illis:
3182 4946 3202 4980 ι
3226 4925 3338 4998 Ego
3365 4927 3451 4982 in-

2217 4999 2422 5054 durabo
2463 5015 2554 5053 cor
2582 4997 2888 5053 Pharaonis
2916 4997 3006 5053 "?
3033 5017 3052 5052 ι

877 5119 1023 5170 Edita
1045 5119 1106 5169 ab
1135 5120 1251 5170 Ant.
1279 5119 1474 5178 Scotto,
1498 5118 1536 5168 l.
1558 5131 1624 5176 c.,
1653 5133 1702 5182 p.
1731 5119 1838 5182 l28,
1872 5088 2266 5170 Commentarios
2287 5113 2339 5163 in
2366 5114 2527 5166 Exod.
2550 5126 2618 5175 tv,
2649 5113 2730 5164 2i.

240 5203 400 5265 Τινὲς
445 5205 547 5276 μέν
605 5224 738 5277 φασι
797 5207 1126 5280 σκληρύνειν
1175 5206 1435 5277 λέγεσθαι
1484 5209 1576 5262 τὸν
1623 5208 1757 5261 Θεὸν

153 5316 208 5349 ³⁸
243 5315 418 5374 Exod.
457 5337 555 5382 vit,
584 5320 672 5374 ιο.
748 5322 796 5354 ³⁸
826 5320 998 5376 Exod.
1038 5336 1156 5375 vm.
1192 5335 1349 5393 seqq.
1615 5355 1629 5363 η
1759 5300 1764 5305 ’

234 5501 464 5578 (ΞΞλᾼά
487 5505 900 5576 signiﬁcandam
926 5521 1193 5577 aquarum
1211 5506 1563 5578 divisionem,
1589 5523 1753 5578 quam

151 5573 310 5632 inter
337 5573 630 5648 gaiosen'et
686 5592 876 5648 magos
921 5573 1171 5634 nonnulli
1220 5577 1420 5634 factam
1470 5573 1753 5634 somnian-

152 5654 254 5699 tur
301 5643 419 5698 οὗθ’
447 5646 750 5714 ἐνίσσοντος
780 5643 1008 5716 ῐείίηιὶ,
1041 5649 1188 5720 quod
1239 5658 1359 5706 erat
1383 5649 1540 5706 οὐθὲν
1573 5650 1753 5704 ἴσσον-

160 5732 353 5856 ωἷὲδ)
388 5786 462 5844 De
491 5786 594 5845 hac
621 5791 924 5860 quiestione
961 5791 1216 5863 quaedam
1269 5793 1564 5864 attigerunt
1595 5801 1750 5849 vetus

1937 5204 2204 5262 Nonnulli
2241 5202 2466 5275 quidem
2499 5205 2697 5260 docent
2734 5202 2908 5258 Deum
2957 5202 3065 5258 hoc
3119 5216 3285 5259 sensu
3339 5201 3453 5258 dici

1660 5412 1896 5470 ΝυΤᾹΞ.

1863 5520 2149 5561 sacrarum
2183 5503 2515 5560 Litterarum
2549 5503 2896 5567 scholiastes,
2931 5500 3332 5568 Theodoretus,
3382 5499 3449 5556 D.

1861 5577 2232 5650 Augustinus
2257 5575 2554 5650 Qrztestion.
2603 5577 2654 5631 in
2703 5574 2877 5650 Εᾳςοιί.
2932 5571 3340 5650 Lippomanus,
3393 5583 3451 5627 et

1859 5645 2118 5730 ljic'olaus
2149 5663 2180 5702 a
2209 5646 2375 5730 Lyra.
2409 5649 2686 5729 Addatur,
2720 5647 2765 5702 si
2804 5645 3012 5730 placet,
3039 5645 3454 5730 fibene‘z‘ra!,et

1862 5719 1926 5774 Β.
1959 5720 2128 5785 Levi;
2179 5727 2234 5774 et
2257 5713 2407 5775 inter
2434 5719 2768 5776 recentiores
2801 5713 3160 5781 Menochius,
3211 5713 3452 5780 Clarius,

1858 5801 1912 5846 et
1936 5790 2184 5846 Grotius.
