  <div class='ocr_page' id='page_1' title='image "/cluster/home/n/w/nwhite01/storage/ocr_20150623/101/hvd.32044018872879/165.png"; bbox 0 0 3888 6186; ppageno 0'>
   <div class='ocr_carea' id='block_1_1' title="bbox 413 203 522 268">
    <p class='ocr_par' dir='ltr' id='par_1_1' title="bbox 413 203 522 268">
     <span class='ocr_line' id='line_1_1' title="bbox 413 203 522 268; baseline 0.009 -1"><span class='ocrx_word' id='word_1_1' title='bbox 413 203 522 268; x_wconf 70' lang='lat'><strong>233</strong></span> 
     </span>
    </p>
   </div>
   <div class='ocr_carea' id='block_1_2' title="bbox 1579 190 2533 254">
    <p class='ocr_par' dir='ltr' id='par_1_2' title="bbox 1579 190 2533 254">
     <span class='ocr_line' id='line_1_2' title="bbox 1579 190 2533 254; baseline -0.002 0"><span class='ocrx_word' id='word_1_2' title='bbox 1579 190 1844 254; x_wconf 80' lang='lat' dir='ltr'><strong>PHUTll</strong></span> <span class='ocrx_word' id='word_1_3' title='bbox 1886 192 2392 254; x_wconf 64' lang='lat' dir='ltr'><strong>PA&#39;l&#39;RlAnCleE</strong></span> <span class='ocrx_word' id='word_1_4' title='bbox 2421 192 2533 252; x_wconf 80' lang='grc' dir='ltr'><strong>ΟΡ.</strong></span> 
     </span>
    </p>
   </div>
   <div class='ocr_carea' id='block_1_3' title="bbox 3592 192 3701 256">
    <p class='ocr_par' dir='ltr' id='par_1_3' title="bbox 3592 192 3701 256">
     <span class='ocr_line' id='line_1_3' title="bbox 3592 192 3701 256; baseline 0 0"><span class='ocrx_word' id='word_1_5' title='bbox 3592 192 3701 256; x_wconf 59' lang='grc' dir='ltr'><strong>εει</strong></span> 
     </span>
    </p>
   </div>
   <div class='ocr_carea' id='block_1_4' title="bbox 416 297 2021 377">
    <p class='ocr_par' dir='ltr' id='par_1_4' title="bbox 416 301 2008 377">
     <span class='ocr_line' id='line_1_4' title="bbox 416 301 2008 377; baseline -0.011 -6"><span class='ocrx_word' id='word_1_6' title='bbox 416 310 723 371; x_wconf 83' lang='lat' dir='ltr'><strong>Pharaonis</strong></span> <span class='ocrx_word' id='word_1_7' title='bbox 752 324 850 367; x_wconf 90' lang='lat' dir='ltr'><strong>cor</strong></span> <span class='ocrx_word' id='word_1_8' title='bbox 886 307 1172 373; x_wconf 88' lang='lat' dir='ltr'><strong>indurare,</strong></span> <span class='ocrx_word' id='word_1_9' title='bbox 1233 302 1381 377; x_wconf 89' lang='lat' dir='ltr'><strong>quod</strong></span> <span class='ocrx_word' id='word_1_10' title='bbox 1412 344 1427 368; x_wconf 90' lang='lat'><strong>,</strong></span> <span class='ocrx_word' id='word_1_11' title='bbox 1468 303 1598 359; x_wconf 86' lang='lat' dir='ltr'><strong>dum</strong></span> <span class='ocrx_word' id='word_1_12' title='bbox 1644 301 2008 359; x_wconf 65' lang='lat' dir='ltr'><strong>contumaciae</strong></span> 
     </span>
    </p>
   </div>
   <div class='ocr_carea' id='block_1_5' title="bbox 2127 297 3702 377">
    <p class='ocr_par' dir='ltr' id='par_1_5' title="bbox 2127 297 3702 372">
     <span class='ocr_line' id='line_1_5' title="bbox 2127 297 3702 372; baseline 0.002 -21"><span class='ocrx_word' id='word_1_13' title='bbox 2127 300 2339 370; x_wconf 83' lang='grc' dir='ltr'>ιαρδίαν</span> <span class='ocrx_word' id='word_1_14' title='bbox 2368 297 2592 372; x_wconf 72' lang='grc' dir='ltr'>Φαραὼ,</span> <span class='ocrx_word' id='word_1_15' title='bbox 2624 297 2708 352; x_wconf 85' lang='grc' dir='ltr'><strong>ὅτι</strong></span> <span class='ocrx_word' id='word_1_16' title='bbox 2735 298 3110 371; x_wconf 76' lang='grc' dir='ltr'><strong>μακροθυμῶν</strong></span> <span class='ocrx_word' id='word_1_17' title='bbox 3144 299 3235 353; x_wconf 85' lang='grc' dir='ltr'>ἐπ’</span> <span class='ocrx_word' id='word_1_18' title='bbox 3264 299 3416 372; x_wconf 80' lang='grc' dir='ltr'>αὐτῷ</span> <span class='ocrx_word' id='word_1_19' title='bbox 3435 300 3582 355; x_wconf 82' lang='grc' dir='ltr'>κατὰ</span> <span class='ocrx_word' id='word_1_20' title='bbox 3607 307 3702 354; x_wconf 64' lang='grc' dir='ltr'><strong>τόν</strong></span> 
     </span>
    </p>
   </div>
   <div class='ocr_carea' id='block_1_6' title="bbox 420 394 2002 476">
    <p class='ocr_par' dir='ltr' id='par_1_6' title="bbox 420 394 2002 476">
     <span class='ocr_line' id='line_1_6' title="bbox 420 394 2002 476; baseline -0.009 -15"><span class='ocrx_word' id='word_1_21' title='bbox 420 416 668 476; x_wconf 91' lang='lat' dir='ltr'><strong>tempore</strong></span> <span class='ocrx_word' id='word_1_22' title='bbox 698 418 823 457; x_wconf 90' lang='lat' dir='ltr'><strong>eum</strong></span> <span class='ocrx_word' id='word_1_23' title='bbox 863 399 1133 471; x_wconf 88' lang='lat' dir='ltr'><strong>patienter</strong></span> <span class='ocrx_word' id='word_1_24' title='bbox 1162 395 1547 467; x_wconf 76' lang='lat' dir='ltr'><strong>exspectabat,</strong></span> <span class='ocrx_word' id='word_1_25' title='bbox 1581 404 1635 449; x_wconf 91' lang='lat' dir='ltr'><strong>ct</strong></span> <span class='ocrx_word' id='word_1_26' title='bbox 1669 409 1770 449; x_wconf 91' lang='lat' dir='ltr'><strong>nec</strong></span> <span class='ocrx_word' id='word_1_27' title='bbox 1802 394 2002 463; x_wconf 88' lang='lat' dir='ltr'><strong>ipsum,</strong></span> 
     </span>
    </p>
   </div>
   <div class='ocr_carea' id='block_1_7' title="bbox 421 486 2007 566">
    <p class='ocr_par' dir='ltr' id='par_1_7' title="bbox 421 486 2007 566">
     <span class='ocr_line' id='line_1_7' title="bbox 421 486 2007 566; baseline -0.008 -13"><span class='ocrx_word' id='word_1_28' title='bbox 421 513 525 553; x_wconf 86' lang='lat' dir='ltr'><strong>nec</strong></span> <span class='ocrx_word' id='word_1_29' title='bbox 574 497 747 566; x_wconf 88' lang='lat' dir='ltr'><strong>ipsius</strong></span> <span class='ocrx_word' id='word_1_30' title='bbox 791 501 1009 564; x_wconf 69' lang='lat' dir='ltr'><strong>gentem</strong></span> <span class='ocrx_word' id='word_1_31' title='bbox 1041 506 1196 560; x_wconf 62' lang='lat' dir='ltr'><strong>atque</strong></span> <span class='ocrx_word' id='word_1_32' title='bbox 1221 489 1561 561; x_wconf 81' lang='lat' dir='ltr'><strong>pervicacem</strong></span> <span class='ocrx_word' id='word_1_33' title='bbox 1606 486 1854 541; x_wconf 76' lang='lat' dir='ltr'><strong>funditus</strong></span> <span class='ocrx_word' id='word_1_34' title='bbox 1881 501 2007 555; x_wconf 90' lang='lat' dir='ltr'><strong>per-</strong></span> 
     </span>
    </p>
   </div>
   <div class='ocr_carea' id='block_1_8' title="bbox 421 580 2004 665">
    <p class='ocr_par' dir='ltr' id='par_1_8' title="bbox 421 580 2004 665">
     <span class='ocr_line' id='line_1_8' title="bbox 421 580 2004 665; baseline -0.007 -21"><span class='ocrx_word' id='word_1_35' title='bbox 421 590 623 652; x_wconf 85' lang='lat' dir='ltr'><strong>debat,</strong></span> <span class='ocrx_word' id='word_1_36' title='bbox 681 601 872 657; x_wconf 65' lang='lat' dir='ltr'><strong>poenas</strong></span> <span class='ocrx_word' id='word_1_37' title='bbox 912 592 1094 637; x_wconf 88' lang='lat' dir='ltr'><strong>autem</strong></span> <span class='ocrx_word' id='word_1_38' title='bbox 1139 582 1417 665; x_wconf 72' lang='lat' dir='ltr'><strong>irrogabat</strong></span> <span class='ocrx_word' id='word_1_39' title='bbox 1466 580 1739 645; x_wconf 82' lang='lat' dir='ltr'><strong>leniores;</strong></span> <span class='ocrx_word' id='word_1_40' title='bbox 1797 586 2004 633; x_wconf 88' lang='lat' dir='ltr'><strong>tantam</strong></span> 
     </span>
    </p>
   </div>
   <div class='ocr_carea' id='block_1_9' title="bbox 423 673 2008 747">
    <p class='ocr_par' dir='ltr' id='par_1_9' title="bbox 423 673 2008 747">
     <span class='ocr_line' id='line_1_9' title="bbox 423 673 2008 747; baseline -0.007 -11"><span class='ocrx_word' id='word_1_41' title='bbox 423 683 474 736; x_wconf 91' lang='lat' dir='ltr'><strong>ei</strong></span> <span class='ocrx_word' id='word_1_42' title='bbox 513 696 703 735; x_wconf 90' lang='lat' dir='ltr'><strong>ansam</strong></span> <span class='ocrx_word' id='word_1_43' title='bbox 738 675 1090 747; x_wconf 88' lang='lat' dir='ltr'><strong>superbieudi</strong></span> <span class='ocrx_word' id='word_1_44' title='bbox 1123 675 1446 743; x_wconf 63' lang='lat' dir='ltr'><strong>praebuerit,</strong></span> <span class='ocrx_word' id='word_1_45' title='bbox 1477 683 1536 728; x_wconf 92' lang='lat' dir='ltr'><strong>ut</strong></span> <span class='ocrx_word' id='word_1_46' title='bbox 1565 673 1820 726; x_wconf 82' lang='lat' dir='ltr'><strong>mandata</strong></span> <span class='ocrx_word' id='word_1_47' title='bbox 1871 686 2008 726; x_wconf 90' lang='lat' dir='ltr'><strong>con-</strong></span> 
     </span>
    </p>
   </div>
   <div class='ocr_carea' id='block_1_10' title="bbox 424 763 2009 834">
    <p class='ocr_par' dir='ltr' id='par_1_10' title="bbox 424 763 2009 834">
     <span class='ocr_line' id='line_1_10' title="bbox 424 763 2009 834; baseline -0.007 -7"><span class='ocrx_word' id='word_1_48' title='bbox 424 780 714 827; x_wconf 87' lang='lat' dir='ltr'><strong>temneret.</strong></span> <span class='ocrx_word' id='word_1_49' title='bbox 734 769 870 825; x_wconf 89' lang='lat' dir='ltr'><strong>Cum</strong></span> <span class='ocrx_word' id='word_1_50' title='bbox 894 768 1037 821; x_wconf 89' lang='lat' dir='ltr'><strong>enim</strong></span> <span class='ocrx_word' id='word_1_51' title='bbox 1063 766 1154 819; x_wconf 90' lang='lat' dir='ltr'><strong>ille</strong></span> <span class='ocrx_word' id='word_1_52' title='bbox 1182 776 1234 819; x_wconf 90' lang='lat' dir='ltr'><strong>et</strong></span> <span class='ocrx_word' id='word_1_53' title='bbox 1257 764 1349 818; x_wconf 88' lang='lat' dir='ltr'><strong>Dei</strong></span> <span class='ocrx_word' id='word_1_54' title='bbox 1374 765 1632 834; x_wconf 82' lang='lat' dir='ltr'><strong>patientia</strong></span> <span class='ocrx_word' id='word_1_55' title='bbox 1660 763 2009 819; x_wconf 79' lang='lat' dir='ltr'><strong>occasionem</strong></span> 
     </span>
    </p>
   </div>
   <div class='ocr_carea' id='block_1_11' title="bbox 425 855 2008 931">
    <p class='ocr_par' dir='ltr' id='par_1_11' title="bbox 425 855 2008 931">
     <span class='ocr_line' id='line_1_11' title="bbox 425 855 2008 931; baseline -0.006 -15"><span class='ocrx_word' id='word_1_56' title='bbox 425 863 692 931; x_wconf 67' lang='lat' dir='ltr'><strong>augendae</strong></span> <span class='ocrx_word' id='word_1_57' title='bbox 731 876 843 915; x_wconf 69' lang='lat' dir='ltr'><strong>sua:</strong></span> <span class='ocrx_word' id='word_1_58' title='bbox 870 856 1264 913; x_wconf 89' lang='lat' dir='ltr'><strong>obstinationis</strong></span> <span class='ocrx_word' id='word_1_59' title='bbox 1318 866 1372 911; x_wconf 91' lang='lat' dir='ltr'><strong>et</strong></span> <span class='ocrx_word' id='word_1_60' title='bbox 1400 856 1672 911; x_wconf 77' lang='lat' dir='ltr'><strong>vecordia:</strong></span> <span class='ocrx_word' id='word_1_61' title='bbox 1721 855 2008 925; x_wconf 87' lang='lat' dir='ltr'><strong>arriperet,</strong></span> 
     </span>
    </p>
   </div>
   <div class='ocr_carea' id='block_1_12' title="bbox 427 948 2010 1019">
    <p class='ocr_par' dir='ltr' id='par_1_12' title="bbox 427 948 2010 1019">
     <span class='ocr_line' id='line_1_12' title="bbox 427 948 2010 1019; baseline -0.003 -11"><span class='ocrx_word' id='word_1_62' title='bbox 427 970 460 1008; x_wconf 88' lang='lat' dir='ltr'><strong>a</strong></span> <span class='ocrx_word' id='word_1_63' title='bbox 488 956 599 1008; x_wconf 89' lang='lat' dir='ltr'><strong>Deo</strong></span> <span class='ocrx_word' id='word_1_64' title='bbox 621 954 825 1007; x_wconf 88' lang='lat' dir='ltr'><strong>dicitur</strong></span> <span class='ocrx_word' id='word_1_65' title='bbox 849 950 1023 1004; x_wconf 83' lang='lat' dir='ltr'><strong>luisse</strong></span> <span class='ocrx_word' id='word_1_66' title='bbox 1054 950 1383 1016; x_wconf 87' lang='lat' dir='ltr'><strong>obduratus;</strong></span> <span class='ocrx_word' id='word_1_67' title='bbox 1414 950 1639 1019; x_wconf 87' lang='lat' dir='ltr'><strong>perinde</strong></span> <span class='ocrx_word' id='word_1_68' title='bbox 1668 964 1731 1003; x_wconf 89' lang='lat' dir='ltr'><strong>ac</strong></span> <span class='ocrx_word' id='word_1_69' title='bbox 1756 952 1803 1003; x_wconf 86' lang='lat' dir='ltr'><strong>sl</strong></span> <span class='ocrx_word' id='word_1_70' title='bbox 1826 948 2010 1003; x_wconf 86' lang='lat' dir='ltr'><strong>divina</strong></span> 
     </span>
    </p>
   </div>
   <div class='ocr_carea' id='block_1_13' title="bbox 430 1041 2013 1115">
    <p class='ocr_par' dir='ltr' id='par_1_13' title="bbox 430 1041 2013 1115">
     <span class='ocr_line' id='line_1_13' title="bbox 430 1041 2013 1115; baseline -0.005 -14"><span class='ocrx_word' id='word_1_71' title='bbox 430 1046 717 1102; x_wconf 83' lang='lat' dir='ltr'><strong>clementia</strong></span> <span class='ocrx_word' id='word_1_72' title='bbox 744 1045 1077 1115; x_wconf 85' lang='lat' dir='ltr'><strong>pertinacem</strong></span> <span class='ocrx_word' id='word_1_73' title='bbox 1118 1042 1216 1113; x_wconf 87' lang='lat' dir='ltr'><strong>ipsi</strong></span> <span class='ocrx_word' id='word_1_74' title='bbox 1242 1044 1509 1107; x_wconf 87' lang='lat' dir='ltr'><strong>animum,</strong></span> <span class='ocrx_word' id='word_1_75' title='bbox 1542 1053 1594 1097; x_wconf 89' lang='lat' dir='ltr'><strong>et</strong></span> <span class='ocrx_word' id='word_1_76' title='bbox 1622 1042 1899 1097; x_wconf 81' lang='lat' dir='ltr'><strong>crudelem</strong></span> <span class='ocrx_word' id='word_1_77' title='bbox 1930 1041 2013 1095; x_wconf 88' lang='lat' dir='ltr'><strong>in-</strong></span> 
     </span>
    </p>
   </div>
   <div class='ocr_carea' id='block_1_14' title="bbox 427 1136 2015 1209">
    <p class='ocr_par' dir='ltr' id='par_1_14' title="bbox 427 1136 2015 1209">
     <span class='ocr_line' id='line_1_14' title="bbox 427 1136 2015 1209; baseline -0.005 -13"><span class='ocrx_word' id='word_1_78' title='bbox 427 1143 619 1203; x_wconf 88' lang='lat' dir='ltr'><strong>deret,</strong></span> <span class='ocrx_word' id='word_1_79' title='bbox 653 1150 705 1195; x_wconf 88' lang='lat' dir='ltr'><strong>et</strong></span> <span class='ocrx_word' id='word_1_80' title='bbox 734 1136 1151 1209; x_wconf 85' lang='lat' dir='ltr'><strong>quodammodo</strong></span> <span class='ocrx_word' id='word_1_81' title='bbox 1185 1151 1337 1190; x_wconf 90' lang='lat' dir='ltr'><strong>suam</strong></span> <span class='ocrx_word' id='word_1_82' title='bbox 1367 1136 1434 1190; x_wconf 88' lang='lat' dir='ltr'><strong>ad</strong></span> <span class='ocrx_word' id='word_1_83' title='bbox 1466 1137 1568 1191; x_wconf 89' lang='lat' dir='ltr'><strong>hoc</strong></span> <span class='ocrx_word' id='word_1_84' title='bbox 1603 1150 1825 1205; x_wconf 83' lang='lat' dir='ltr'><strong>operam</strong></span> <span class='ocrx_word' id='word_1_85' title='bbox 1881 1149 2015 1189; x_wconf 88' lang='lat' dir='ltr'><strong>con-</strong></span> 
     </span>
    </p>
   </div>
   <div class='ocr_carea' id='block_1_15' title="bbox 431 1233 621 1288">
    <p class='ocr_par' dir='ltr' id='par_1_15' title="bbox 431 1233 621 1288">
     <span class='ocr_line' id='line_1_15' title="bbox 431 1233 621 1288; baseline -0.005 -1"><span class='ocrx_word' id='word_1_86' title='bbox 431 1233 621 1288; x_wconf 81' lang='lat' dir='ltr'><strong>ferret.</strong></span> 
     </span>
    </p>
   </div>
   <div class='ocr_carea' id='block_1_16' title="bbox 501 1317 2013 1389">
    <p class='ocr_par' dir='ltr' id='par_1_16' title="bbox 501 1317 2013 1389">
     <span class='ocr_line' id='line_1_16' title="bbox 501 1317 2013 1389; baseline -0.007 -9"><span class='ocrx_word' id='word_1_87' title='bbox 501 1330 570 1380; x_wconf 77' lang='lat' dir='ltr'><strong>At</strong></span> <span class='ocrx_word' id='word_1_88' title='bbox 609 1326 753 1379; x_wconf 88' lang='lat' dir='ltr'><strong>enim</strong></span> <span class='ocrx_word' id='word_1_89' title='bbox 786 1325 945 1378; x_wconf 87' lang='lat' dir='ltr'><strong>istam</strong></span> <span class='ocrx_word' id='word_1_90' title='bbox 976 1324 1080 1378; x_wconf 89' lang='lat' dir='ltr'><strong>loci</strong></span> <span class='ocrx_word' id='word_1_91' title='bbox 1123 1321 1286 1385; x_wconf 88' lang='lat' dir='ltr'><strong>hujus</strong></span> <span class='ocrx_word' id='word_1_92' title='bbox 1315 1318 1821 1389; x_wconf 89' lang='lat' dir='ltr'><strong>interpretationem</strong></span> <span class='ocrx_word' id='word_1_93' title='bbox 1855 1317 2013 1372; x_wconf 90' lang='lat' dir='ltr'><strong>multi</strong></span> 
     </span>
    </p>
   </div>
   <div class='ocr_carea' id='block_1_17' title="bbox 430 1414 2016 1483">
    <p class='ocr_par' dir='ltr' id='par_1_17' title="bbox 430 1414 2016 1483">
     <span class='ocr_line' id='line_1_17' title="bbox 430 1414 2016 1483; baseline -0.003 -14"><span class='ocrx_word' id='word_1_94' title='bbox 430 1418 651 1483; x_wconf 83' lang='lat' dir='ltr'><strong>quidem</strong></span> <span class='ocrx_word' id='word_1_95' title='bbox 687 1416 966 1471; x_wconf 70' lang='lat' dir='ltr'><strong>inoﬂ‘cnsis</strong></span> <span class='ocrx_word' id='word_1_96' title='bbox 997 1416 1225 1469; x_wconf 83' lang='lat' dir='ltr'><strong>auribus</strong></span> <span class='ocrx_word' id='word_1_97' title='bbox 1251 1414 1574 1482; x_wconf 82' lang='lat' dir='ltr'><strong>excipiunt,</strong></span> <span class='ocrx_word' id='word_1_98' title='bbox 1626 1426 1855 1481; x_wconf 86' lang='lat' dir='ltr'><strong>eamque</strong></span> <span class='ocrx_word' id='word_1_99' title='bbox 1893 1425 2016 1465; x_wconf 87' lang='lat' dir='ltr'><strong>ver-</strong></span> 
     </span>
    </p>
   </div>
   <div class='ocr_carea' id='block_1_18' title="bbox 431 1502 2014 1578">
    <p class='ocr_par' dir='ltr' id='par_1_18' title="bbox 431 1502 2014 1578">
     <span class='ocr_line' id='line_1_18' title="bbox 431 1502 2014 1578; baseline -0.004 -15"><span class='ocrx_word' id='word_1_100' title='bbox 431 1511 626 1564; x_wconf 73' lang='lat' dir='ltr'><strong>borum</strong></span> <span class='ocrx_word' id='word_1_101' title='bbox 658 1509 1078 1578; x_wconf 79' lang='lat' dir='ltr'><strong>explicationem</strong></span> <span class='ocrx_word' id='word_1_102' title='bbox 1125 1507 1201 1560; x_wconf 92' lang='lat' dir='ltr'><strong>uti</strong></span> <span class='ocrx_word' id='word_1_103' title='bbox 1239 1507 1384 1575; x_wconf 87' lang='lat' dir='ltr'><strong>piam</strong></span> <span class='ocrx_word' id='word_1_104' title='bbox 1414 1506 1821 1573; x_wconf 86' lang='lat' dir='ltr'><strong>amplectuntur</strong></span> <span class='ocrx_word' id='word_1_105' title='bbox 1852 1522 1865 1557; x_wconf 87' lang='lat'><strong>:</strong></span> <span class='ocrx_word' id='word_1_106' title='bbox 1898 1502 2014 1557; x_wconf 81' lang='lat' dir='ltr'><strong>for-</strong></span> 
     </span>
    </p>
   </div>
   <div class='ocr_carea' id='block_1_19' title="bbox 430 1597 2008 1668">
    <p class='ocr_par' dir='ltr' id='par_1_19' title="bbox 430 1597 2008 1668">
     <span class='ocr_line' id='line_1_19' title="bbox 430 1597 2008 1668; baseline -0.003 -12"><span class='ocrx_word' id='word_1_107' title='bbox 430 1612 575 1657; x_wconf 88' lang='lat' dir='ltr'><strong>tasse</strong></span> <span class='ocrx_word' id='word_1_108' title='bbox 604 1617 732 1655; x_wconf 89' lang='lat' dir='ltr'><strong>vero</strong></span> <span class='ocrx_word' id='word_1_109' title='bbox 765 1601 817 1654; x_wconf 95' lang='lat' dir='ltr'><strong>in</strong></span> <span class='ocrx_word' id='word_1_110' title='bbox 854 1602 997 1655; x_wconf 91' lang='lat' dir='ltr'><strong>hanc</strong></span> <span class='ocrx_word' id='word_1_111' title='bbox 1044 1616 1149 1653; x_wconf 89' lang='lat' dir='ltr'><strong>non</strong></span> <span class='ocrx_word' id='word_1_112' title='bbox 1203 1600 1419 1668; x_wconf 87' lang='lat' dir='ltr'><strong>planam</strong></span> <span class='ocrx_word' id='word_1_113' title='bbox 1468 1598 1621 1651; x_wconf 89' lang='lat' dir='ltr'><strong>dubii</strong></span> <span class='ocrx_word' id='word_1_114' title='bbox 1677 1597 2008 1652; x_wconf 88' lang='lat' dir='ltr'><strong>solutionem</strong></span> 
     </span>
    </p>
   </div>
   <div class='ocr_carea' id='block_1_20' title="bbox 2109 391 3699 465">
    <p class='ocr_par' dir='ltr' id='par_1_20' title="bbox 2109 391 3699 465">
     <span class='ocr_line' id='line_1_20' title="bbox 2109 391 3699 465; baseline 0.001 -21"><span class='ocrx_word' id='word_1_115' title='bbox 2109 392 2300 461; x_wconf 84' lang='grc' dir='ltr'>καιρὸν</span> <span class='ocrx_word' id='word_1_116' title='bbox 2325 392 2424 463; x_wconf 81' lang='grc' dir='ltr'>τῆς</span> <span class='ocrx_word' id='word_1_117' title='bbox 2452 391 2755 456; x_wconf 76' lang='grc' dir='ltr'>ἀπειθείας,</span> <span class='ocrx_word' id='word_1_118' title='bbox 2790 392 2886 447; x_wconf 77' lang='grc' dir='ltr'><strong>καὶ</strong></span> <span class='ocrx_word' id='word_1_119' title='bbox 2909 393 3047 464; x_wconf 79' lang='grc' dir='ltr'>μήτ’</span> <span class='ocrx_word' id='word_1_120' title='bbox 3068 393 3254 457; x_wconf 83' lang='grc' dir='ltr'>αὐτὸν,</span> <span class='ocrx_word' id='word_1_121' title='bbox 3290 396 3431 465; x_wconf 84' lang='grc' dir='ltr'>μήτε</span> <span class='ocrx_word' id='word_1_122' title='bbox 3459 397 3517 446; x_wconf 73' lang='grc' dir='ltr'>τὸ</span> <span class='ocrx_word' id='word_1_123' title='bbox 3545 393 3699 459; x_wconf 74' lang='grc' dir='ltr'>ἔθνος</span> 
     </span>
    </p>
   </div>
   <div class='ocr_carea' id='block_1_21' title="bbox 2111 484 3699 557">
    <p class='ocr_par' dir='ltr' id='par_1_21' title="bbox 2111 484 3699 557">
     <span class='ocr_line' id='line_1_21' title="bbox 2111 484 3699 557; baseline -0.001 -16"><span class='ocrx_word' id='word_1_124' title='bbox 2111 486 2535 549; x_wconf 87' lang='grc' dir='ltr'>συναπείθοντας</span> <span class='ocrx_word' id='word_1_125' title='bbox 2576 484 2927 557; x_wconf 77' lang='grc' dir='ltr'>πανωλεθρίᾳ</span> <span class='ocrx_word' id='word_1_126' title='bbox 2975 485 3328 555; x_wconf 83' lang='grc' dir='ltr'>παραδιδοὺς,</span> <span class='ocrx_word' id='word_1_127' title='bbox 3384 486 3699 557; x_wconf 79' lang='grc' dir='ltr'>φιλανθρωο</span> 
     </span>
    </p>
   </div>
   <div class='ocr_carea' id='block_1_22' title="bbox 2110 575 3700 650">
    <p class='ocr_par' dir='ltr' id='par_1_22' title="bbox 2110 575 3700 650">
     <span class='ocr_line' id='line_1_22' title="bbox 2110 575 3700 650; baseline -0.001 -19"><span class='ocrx_word' id='word_1_128' title='bbox 2110 579 2339 650; x_wconf 88' lang='grc' dir='ltr'>πότερον</span> <span class='ocrx_word' id='word_1_129' title='bbox 2381 578 2438 631; x_wconf 82' lang='grc' dir='ltr'>δὲ</span> <span class='ocrx_word' id='word_1_130' title='bbox 2480 577 2581 641; x_wconf 83' lang='grc' dir='ltr'><strong>τὰς</strong></span> <span class='ocrx_word' id='word_1_131' title='bbox 2613 575 2883 648; x_wconf 76' lang='grc' dir='ltr'><strong>τιμωρίας</strong></span> <span class='ocrx_word' id='word_1_132' title='bbox 2930 578 3176 645; x_wconf 82' lang='grc' dir='ltr'>ἐπάγων,</span> <span class='ocrx_word' id='word_1_133' title='bbox 3225 580 3510 649; x_wconf 78' lang='grc' dir='ltr'>παρέσχεν</span> <span class='ocrx_word' id='word_1_134' title='bbox 3541 578 3700 649; x_wconf 70' lang='grc' dir='ltr'>αὐτῷ</span> 
     </span>
    </p>
   </div>
   <div class='ocr_carea' id='block_1_23' title="bbox 2110 670 3703 743">
    <p class='ocr_par' dir='ltr' id='par_1_23' title="bbox 2110 670 3703 743">
     <span class='ocr_line' id='line_1_23' title="bbox 2110 670 3703 743; baseline 0 -17"><span class='ocrx_word' id='word_1_135' title='bbox 2110 673 2296 728; x_wconf 80' lang='grc' dir='ltr'>ἄδειαν</span> <span class='ocrx_word' id='word_1_136' title='bbox 2322 671 2625 743; x_wconf 72' lang='grc' dir='ltr'>ὑπεροψίας</span> <span class='ocrx_word' id='word_1_137' title='bbox 2644 712 2659 737; x_wconf 90' lang='grc'><strong>,</strong></span> <span class='ocrx_word' id='word_1_138' title='bbox 2693 670 2837 725; x_wconf 83' lang='grc' dir='ltr'>ὥστε</span> <span class='ocrx_word' id='word_1_139' title='bbox 2865 671 2975 725; x_wconf 85' lang='grc' dir='ltr'><strong>τῶν</strong></span> <span class='ocrx_word' id='word_1_140' title='bbox 3005 674 3500 743; x_wconf 79' lang='grc' dir='ltr'><strong>προσταττομένων</strong></span> <span class='ocrx_word' id='word_1_141' title='bbox 3547 675 3703 742; x_wconf 83' lang='grc' dir='ltr'>ὀλιγ-</span> 
     </span>
    </p>
   </div>
   <div class='ocr_carea' id='block_1_24' title="bbox 2110 764 3705 838">
    <p class='ocr_par' dir='ltr' id='par_1_24' title="bbox 2110 764 3705 838">
     <span class='ocr_line' id='line_1_24' title="bbox 2110 764 3705 838; baseline -0.001 -19"><span class='ocrx_word' id='word_1_142' title='bbox 2110 768 2295 838; x_wconf 85' lang='grc' dir='ltr'>ωρεῖν.</span> <span class='ocrx_word' id='word_1_143' title='bbox 2319 766 2431 835; x_wconf 78' lang='grc' dir='ltr'><strong>Τὴν</strong></span> <span class='ocrx_word' id='word_1_144' title='bbox 2458 767 2566 837; x_wconf 82' lang='grc' dir='ltr'><strong>γὰρ</strong></span> <span class='ocrx_word' id='word_1_145' title='bbox 2586 764 2679 818; x_wconf 90' lang='grc' dir='ltr'><strong>τοῦ</strong></span> <span class='ocrx_word' id='word_1_146' title='bbox 2703 764 2839 819; x_wconf 84' lang='grc' dir='ltr'><strong>Θεοῦ</strong></span> <span class='ocrx_word' id='word_1_147' title='bbox 2869 765 3254 837; x_wconf 77' lang='grc' dir='ltr'>μακροθυμίαν</span> <span class='ocrx_word' id='word_1_148' title='bbox 3283 766 3538 837; x_wconf 71' lang='grc' dir='ltr'>ἀφορμὴν</span> <span class='ocrx_word' id='word_1_149' title='bbox 3562 768 3705 819; x_wconf 81' lang='grc' dir='ltr'>ἐκεῖ·</span> 
     </span>
    </p>
   </div>
   <div class='ocr_carea' id='block_1_25' title="bbox 2112 856 3699 928">
    <p class='ocr_par' dir='ltr' id='par_1_25' title="bbox 2112 856 3699 928">
     <span class='ocr_line' id='line_1_25' title="bbox 2112 856 3699 928; baseline -0.001 -17"><span class='ocrx_word' id='word_1_150' title='bbox 2112 876 2201 922; x_wconf 88' lang='grc' dir='ltr'><strong>νος</strong></span> <span class='ocrx_word' id='word_1_151' title='bbox 2236 856 2561 928; x_wconf 85' lang='grc' dir='ltr'>ποιούμενος</span> <span class='ocrx_word' id='word_1_152' title='bbox 2590 856 2836 925; x_wconf 78' lang='grc' dir='ltr'>μείζονος</span> <span class='ocrx_word' id='word_1_153' title='bbox 2856 857 3139 921; x_wconf 78' lang='grc' dir='ltr'><strong>ἀπειθείας</strong></span> <span class='ocrx_word' id='word_1_154' title='bbox 3167 874 3248 919; x_wconf 88' lang='grc' dir='ltr'><strong>τε,</strong></span> <span class='ocrx_word' id='word_1_155' title='bbox 3289 859 3383 911; x_wconf 77' lang='grc' dir='ltr'>καὶ</span> <span class='ocrx_word' id='word_1_156' title='bbox 3407 858 3699 924; x_wconf 83' lang='grc' dir='ltr'>ἀπονοίας,</span> 
     </span>
    </p>
   </div>
   <div class='ocr_carea' id='block_1_26' title="bbox 2114 944 3702 1021">
    <p class='ocr_par' dir='ltr' id='par_1_26' title="bbox 2114 944 3702 1021">
     <span class='ocr_line' id='line_1_26' title="bbox 2114 944 3702 1021; baseline -0.001 -19"><span class='ocrx_word' id='word_1_157' title='bbox 2114 949 2520 1020; x_wconf 84' lang='grc' dir='ltr'>σκληρυνθῆναι</span> <span class='ocrx_word' id='word_1_158' title='bbox 2549 949 2767 1018; x_wconf 82' lang='grc' dir='ltr'>λέγεται</span> <span class='ocrx_word' id='word_1_159' title='bbox 2798 951 2949 1021; x_wconf 87' lang='grc' dir='ltr'><strong>παρά</strong></span> <span class='ocrx_word' id='word_1_160' title='bbox 2976 948 3115 1002; x_wconf 88' lang='grc' dir='ltr'>Θεοῦ</span> <span class='ocrx_word' id='word_1_161' title='bbox 3150 963 3166 980; x_wconf 88' lang='grc'><strong>·</strong></span> <span class='ocrx_word' id='word_1_162' title='bbox 3192 944 3283 1003; x_wconf 71' lang='grc' dir='ltr'><strong>οἵα</strong></span> <span class='ocrx_word' id='word_1_163' title='bbox 3315 949 3373 1002; x_wconf 81' lang='grc' dir='ltr'><strong>δέ</strong></span> <span class='ocrx_word' id='word_1_164' title='bbox 3406 950 3503 1019; x_wconf 74' lang='grc' dir='ltr'>τῆς</span> <span class='ocrx_word' id='word_1_165' title='bbox 3537 949 3702 1013; x_wconf 69' lang='grc' dir='ltr'>θείας</span> 
     </span>
    </p>
   </div>
   <div class='ocr_carea' id='block_1_27' title="bbox 2115 1039 3705 1113">
    <p class='ocr_par' dir='ltr' id='par_1_27' title="bbox 2115 1039 3705 1113">
     <span class='ocr_line' id='line_1_27' title="bbox 2115 1039 3705 1113; baseline -0.002 -16"><span class='ocrx_word' id='word_1_166' title='bbox 2115 1042 2524 1113; x_wconf 79' lang='grc' dir='ltr'>φιλανθρωπίας</span> <span class='ocrx_word' id='word_1_167' title='bbox 2572 1043 2634 1096; x_wconf 84' lang='grc' dir='ltr'><strong>τὸ</strong></span> <span class='ocrx_word' id='word_1_168' title='bbox 2678 1042 2903 1105; x_wconf 74' lang='grc' dir='ltr'>ἀπειθὲς</span> <span class='ocrx_word' id='word_1_169' title='bbox 2941 1039 3115 1112; x_wconf 83' lang='grc' dir='ltr'>αὐτῷ,</span> <span class='ocrx_word' id='word_1_170' title='bbox 3171 1042 3266 1095; x_wconf 79' lang='grc' dir='ltr'><strong>καὶ</strong></span> <span class='ocrx_word' id='word_1_171' title='bbox 3313 1041 3705 1113; x_wconf 68' lang='grc' dir='ltr'>μισάνθρωπον</span> 
     </span>
    </p>
   </div>
   <div class='ocr_carea' id='block_1_28' title="bbox 2118 1134 3702 1207">
    <p class='ocr_par' dir='ltr' id='par_1_28' title="bbox 2118 1134 3702 1207">
     <span class='ocr_line' id='line_1_28' title="bbox 2118 1134 3702 1207; baseline -0.001 -18"><span class='ocrx_word' id='word_1_172' title='bbox 2118 1135 2547 1207; x_wconf 83' lang='grc' dir='ltr'>συνενδιδούσης,</span> <span class='ocrx_word' id='word_1_173' title='bbox 2574 1137 2670 1190; x_wconf 74' lang='grc' dir='ltr'>καὶ</span> <span class='ocrx_word' id='word_1_174' title='bbox 2695 1137 2901 1190; x_wconf 86' lang='grc' dir='ltr'>τοόπον</span> <span class='ocrx_word' id='word_1_175' title='bbox 2926 1134 3050 1189; x_wconf 85' lang='grc' dir='ltr'>τινὰ</span> <span class='ocrx_word' id='word_1_176' title='bbox 3078 1135 3702 1206; x_wconf 77' lang='grc' dir='ltr'>συγκατεργαζομένης.</span> 
     </span>
    </p>
   </div>
   <div class='ocr_carea' id='block_1_29' title="bbox 2185 1317 3709 1391">
    <p class='ocr_par' dir='ltr' id='par_1_29' title="bbox 2185 1317 3709 1391">
     <span class='ocr_line' id='line_1_29' title="bbox 2185 1317 3709 1391; baseline 0 -19"><span class='ocrx_word' id='word_1_177' title='bbox 2185 1318 2347 1372; x_wconf 73' lang='grc' dir='ltr'>Ἀλλὰ</span> <span class='ocrx_word' id='word_1_178' title='bbox 2378 1319 2487 1390; x_wconf 73' lang='grc' dir='ltr'>γὰρ</span> <span class='ocrx_word' id='word_1_179' title='bbox 2533 1318 2738 1389; x_wconf 82' lang='grc' dir='ltr'>ταύτην</span> <span class='ocrx_word' id='word_1_180' title='bbox 2772 1318 2871 1388; x_wconf 77' lang='grc' dir='ltr'>τὴν</span> <span class='ocrx_word' id='word_1_181' title='bbox 2915 1318 3141 1391; x_wconf 75' lang='grc' dir='ltr'>ἐκδοχὴν</span> <span class='ocrx_word' id='word_1_182' title='bbox 3179 1317 3277 1373; x_wconf 87' lang='grc' dir='ltr'><strong>τοῦ</strong></span> <span class='ocrx_word' id='word_1_183' title='bbox 3311 1317 3475 1387; x_wconf 82' lang='grc' dir='ltr'>λόγου</span> <span class='ocrx_word' id='word_1_184' title='bbox 3506 1318 3709 1372; x_wconf 73' lang='grc' dir='ltr'>πολλοὶ</span> 
     </span>
    </p>
   </div>
   <div class='ocr_carea' id='block_1_30' title="bbox 2119 1409 3709 1483">
    <p class='ocr_par' dir='ltr' id='par_1_30' title="bbox 2119 1409 3709 1483">
     <span class='ocr_line' id='line_1_30' title="bbox 2119 1409 3709 1483; baseline -0.002 -20"><span class='ocrx_word' id='word_1_185' title='bbox 2119 1412 2217 1483; x_wconf 82' lang='grc' dir='ltr'>μὲν</span> <span class='ocrx_word' id='word_1_186' title='bbox 2251 1413 2386 1481; x_wconf 86' lang='grc' dir='ltr'><strong>ἀκοῇ</strong></span> <span class='ocrx_word' id='word_1_187' title='bbox 2422 1410 2614 1481; x_wconf 83' lang='grc' dir='ltr'>ἀλύπῳ</span> <span class='ocrx_word' id='word_1_188' title='bbox 2656 1410 3064 1481; x_wconf 82' lang='grc' dir='ltr'>προσδέχονται,</span> <span class='ocrx_word' id='word_1_189' title='bbox 3118 1410 3213 1463; x_wconf 77' lang='grc' dir='ltr'><strong>καὶ</strong></span> <span class='ocrx_word' id='word_1_190' title='bbox 3253 1409 3327 1473; x_wconf 86' lang='grc' dir='ltr'>ὡς</span> <span class='ocrx_word' id='word_1_191' title='bbox 3364 1409 3709 1463; x_wconf 78' lang='grc' dir='ltr'>εὐσεϐοῦσαν</span> 
     </span>
    </p>
   </div>
   <div class='ocr_carea' id='block_1_31' title="bbox 2118 1501 3710 1575">
    <p class='ocr_par' dir='ltr' id='par_1_31' title="bbox 2118 1501 3710 1575">
     <span class='ocr_line' id='line_1_31' title="bbox 2118 1501 3710 1575; baseline -0.003 -16"><span class='ocrx_word' id='word_1_192' title='bbox 2118 1504 2590 1575; x_wconf 84' lang='grc' dir='ltr'>περιπτύσσονται</span> <span class='ocrx_word' id='word_1_193' title='bbox 2631 1504 2731 1574; x_wconf 75' lang='grc' dir='ltr'><strong>τὴν</strong></span> <span class='ocrx_word' id='word_1_194' title='bbox 2780 1503 2888 1556; x_wconf 84' lang='grc' dir='ltr'><strong>τῶν</strong></span> <span class='ocrx_word' id='word_1_195' title='bbox 2920 1504 3185 1573; x_wconf 82' lang='grc' dir='ltr'>ρημάτων</span> <span class='ocrx_word' id='word_1_196' title='bbox 3218 1501 3557 1566; x_wconf 62' lang='grc' dir='ltr'>ἀνάπτυξιν</span> <span class='ocrx_word' id='word_1_197' title='bbox 3603 1502 3710 1556; x_wconf 78' lang='grc' dir='ltr'>οὐκ</span> 
     </span>
    </p>
   </div>
   <div class='ocr_carea' id='block_1_32' title="bbox 2117 1591 3707 1667">
    <p class='ocr_par' dir='ltr' id='par_1_32' title="bbox 2117 1591 3707 1667">
     <span class='ocr_line' id='line_1_32' title="bbox 2117 1591 3707 1667; baseline -0.003 -18"><span class='ocrx_word' id='word_1_198' title='bbox 2117 1594 2351 1667; x_wconf 71' lang='grc' dir='ltr'>εὔπορον</span> <span class='ocrx_word' id='word_1_199' title='bbox 2377 1594 2421 1647; x_wconf 79' lang='grc' dir='ltr'>δ’</span> <span class='ocrx_word' id='word_1_200' title='bbox 2439 1594 2504 1649; x_wconf 82' lang='grc' dir='ltr'><strong>ἀν</strong></span> <span class='ocrx_word' id='word_1_201' title='bbox 2528 1609 2612 1657; x_wconf 89' lang='grc' dir='ltr'><strong>τις</strong></span> <span class='ocrx_word' id='word_1_202' title='bbox 2638 1593 2769 1655; x_wconf 76' lang='grc' dir='ltr'>ἴσως</span> <span class='ocrx_word' id='word_1_203' title='bbox 2785 1592 3185 1663; x_wconf 73' lang='grc' dir='ltr'>ἀνθυποφέρειν</span> <span class='ocrx_word' id='word_1_204' title='bbox 3208 1592 3503 1661; x_wconf 79' lang='grc' dir='ltr'>παρέχεται</span> <span class='ocrx_word' id='word_1_205' title='bbox 3521 1591 3707 1645; x_wconf 80' lang='grc' dir='ltr'>λύσιν.</span> 
     </span>
    </p>
   </div>
   <div class='ocr_carea' id='block_1_33' title="bbox 428 1661 2021 1760">
    <p class='ocr_par' dir='ltr' id='par_1_33' title="bbox 428 1661 2012 1760">
     <span class='ocr_line' id='line_1_33' title="bbox 428 1661 2012 1760; baseline 0 -17"><span class='ocrx_word' id='word_1_206' title='bbox 428 1691 700 1760; x_wconf 86' lang='lat' dir='ltr'><strong>quispiam</strong></span> <span class='ocrx_word' id='word_1_207' title='bbox 735 1700 915 1760; x_wconf 87' lang='lat' dir='ltr'><strong>potest</strong></span> <span class='ocrx_word' id='word_1_208' title='bbox 942 1661 1248 1760; x_wconf 73' lang='lat' dir='ltr'><strong>insurgere.</strong></span> <span class='ocrx_word' id='word_1_209' title='bbox 1280 1690 1347 1744; x_wconf 86' lang='lat' dir='ltr'><strong>Et</strong></span> <span class='ocrx_word' id='word_1_210' title='bbox 1396 1689 1615 1758; x_wconf 88' lang='lat' dir='ltr'><strong>quidem</strong></span> <span class='ocrx_word' id='word_1_211' title='bbox 1652 1687 1793 1742; x_wconf 87' lang='lat' dir='ltr'><strong>Deus</strong></span> <span class='ocrx_word' id='word_1_212' title='bbox 1825 1688 2012 1758; x_wconf 80' lang='lat' dir='ltr'><strong>plagas</strong></span> 
     </span>
    </p>
   </div>
   <div class='ocr_carea' id='block_1_34' title="bbox 2127 1661 3711 1760">
    <p class='ocr_par' dir='ltr' id='par_1_34' title="bbox 2127 1661 3711 1759">
     <span class='ocr_line' id='line_1_34' title="bbox 2127 1661 3711 1759; baseline -0.003 -18"><span class='ocrx_word' id='word_1_213' title='bbox 2127 1689 2229 1741; x_wconf 78' lang='grc' dir='ltr'><strong>Καὶ</strong></span> <span class='ocrx_word' id='word_1_214' title='bbox 2259 1661 2393 1759; x_wconf 32' lang='grc' dir='ltr'>*μὴν</span> <span class='ocrx_word' id='word_1_215' title='bbox 2419 1689 2447 1740; x_wconf 85' lang='grc' dir='ltr'>ὁ</span> <span class='ocrx_word' id='word_1_216' title='bbox 2486 1686 2619 1750; x_wconf 78' lang='grc' dir='ltr'>Θεὸς</span> <span class='ocrx_word' id='word_1_217' title='bbox 2664 1688 2759 1751; x_wconf 82' lang='grc' dir='ltr'>τὰς</span> <span class='ocrx_word' id='word_1_218' title='bbox 2784 1661 3079 1757; x_wconf 75' lang='grc' dir='ltr'>τιμωρίας</span> <span class='ocrx_word' id='word_1_219' title='bbox 3099 1683 3308 1754; x_wconf 81' lang='grc' dir='ltr'>ἐπῆγεν</span> <span class='ocrx_word' id='word_1_220' title='bbox 3331 1723 3346 1749; x_wconf 90' lang='grc'><strong>,</strong></span> <span class='ocrx_word' id='word_1_221' title='bbox 3381 1684 3483 1754; x_wconf 77' lang='grc' dir='ltr'><strong>οὐχ</strong></span> <span class='ocrx_word' id='word_1_222' title='bbox 3519 1684 3614 1737; x_wconf 80' lang='grc' dir='ltr'><strong>ἴνα</strong></span> <span class='ocrx_word' id='word_1_223' title='bbox 3646 1683 3711 1737; x_wconf 78' lang='grc' dir='ltr'><strong>τὸ</strong></span> 
     </span>
    </p>
   </div>
   <div class='ocr_carea' id='block_1_35' title="bbox 428 1782 2010 1854">
    <p class='ocr_par' dir='ltr' id='par_1_35' title="bbox 428 1782 2010 1854">
     <span class='ocr_line' id='line_1_35' title="bbox 428 1782 2010 1854; baseline -0.002 -16"><span class='ocrx_word' id='word_1_224' title='bbox 428 1782 666 1854; x_wconf 64' lang='lat' dir='ltr'><strong>Egypto</strong></span> <span class='ocrx_word' id='word_1_225' title='bbox 695 1800 809 1839; x_wconf 66' lang='lat' dir='ltr'><strong>suae</strong></span> <span class='ocrx_word' id='word_1_226' title='bbox 840 1782 1143 1853; x_wconf 59' lang='lat' dir='ltr'><strong>indigi-bat,</strong></span> <span class='ocrx_word' id='word_1_227' title='bbox 1183 1798 1290 1837; x_wconf 91' lang='lat' dir='ltr'><strong>non</strong></span> <span class='ocrx_word' id='word_1_228' title='bbox 1338 1792 1395 1835; x_wconf 93' lang='lat' dir='ltr'><strong>ut</strong></span> <span class='ocrx_word' id='word_1_229' title='bbox 1430 1782 1703 1851; x_wconf 71' lang='lat' dir='ltr'><strong>patientiae</strong></span> <span class='ocrx_word' id='word_1_230' title='bbox 1746 1796 1861 1836; x_wconf 77' lang='lat' dir='ltr'><strong>sua:</strong></span> <span class='ocrx_word' id='word_1_231' title='bbox 1894 1796 2010 1851; x_wconf 88' lang='lat' dir='ltr'><strong>spe-</strong></span> 
     </span>
    </p>
   </div>
   <div class='ocr_carea' id='block_1_36' title="bbox 430 1872 2010 1946">
    <p class='ocr_par' dir='ltr' id='par_1_36' title="bbox 430 1872 2010 1946">
     <span class='ocr_line' id='line_1_36' title="bbox 430 1872 2010 1946; baseline -0.004 -14"><span class='ocrx_word' id='word_1_232' title='bbox 430 1878 608 1932; x_wconf 87' lang='lat' dir='ltr'><strong>cimen</strong></span> <span class='ocrx_word' id='word_1_233' title='bbox 652 1876 942 1946; x_wconf 75' lang='lat' dir='ltr'><strong>praeberet,</strong></span> <span class='ocrx_word' id='word_1_234' title='bbox 973 1876 1065 1930; x_wconf 89' lang='lat' dir='ltr'><strong>sed</strong></span> <span class='ocrx_word' id='word_1_235' title='bbox 1102 1884 1160 1928; x_wconf 87' lang='lat' dir='ltr'><strong>ut</strong></span> <span class='ocrx_word' id='word_1_236' title='bbox 1190 1874 1524 1940; x_wconf 78' lang='lat' dir='ltr'><strong>Pharaonis,</strong></span> <span class='ocrx_word' id='word_1_237' title='bbox 1574 1873 1804 1943; x_wconf 85' lang='lat' dir='ltr'><strong>ejusque</strong></span> <span class='ocrx_word' id='word_1_238' title='bbox 1845 1872 2010 1927; x_wconf 84' lang='lat' dir='ltr'><strong>mini-</strong></span> 
     </span>
    </p>
   </div>
   <div class='ocr_carea' id='block_1_37' title="bbox 428 1965 2015 2035">
    <p class='ocr_par' dir='ltr' id='par_1_37' title="bbox 428 1965 2015 2035">
     <span class='ocr_line' id='line_1_37' title="bbox 428 1965 2015 2035; baseline -0.003 -12"><span class='ocrx_word' id='word_1_239' title='bbox 428 1977 676 2023; x_wconf 72' lang='lat' dir='ltr'><strong>atrorum</strong></span> <span class='ocrx_word' id='word_1_240' title='bbox 721 1967 1040 2022; x_wconf 86' lang='lat' dir='ltr'><strong>retunderet</strong></span> <span class='ocrx_word' id='word_1_241' title='bbox 1080 1966 1344 2032; x_wconf 76' lang='lat' dir='ltr'><strong>furorem,</strong></span> <span class='ocrx_word' id='word_1_242' title='bbox 1382 1974 1550 2035; x_wconf 87' lang='lat' dir='ltr'><strong>atque</strong></span> <span class='ocrx_word' id='word_1_243' title='bbox 1601 1977 1661 2019; x_wconf 89' lang='lat' dir='ltr'><strong>ut</strong></span> <span class='ocrx_word' id='word_1_244' title='bbox 1720 1965 2015 2021; x_wconf 82' lang='lat' dir='ltr'><strong>intoleran-</strong></span> 
     </span>
    </p>
   </div>
   <div class='ocr_carea' id='block_1_38' title="bbox 431 2059 2010 2132">
    <p class='ocr_par' dir='ltr' id='par_1_38' title="bbox 431 2059 2010 2132">
     <span class='ocr_line' id='line_1_38' title="bbox 431 2059 2010 2132; baseline 0 -16"><span class='ocrx_word' id='word_1_245' title='bbox 431 2062 558 2116; x_wconf 89' lang='lat' dir='ltr'><strong>dam</strong></span> <span class='ocrx_word' id='word_1_246' title='bbox 590 2062 893 2132; x_wconf 81' lang='lat' dir='ltr'><strong>duramque</strong></span> <span class='ocrx_word' id='word_1_247' title='bbox 926 2059 1294 2116; x_wconf 85' lang='lat' dir='ltr'><strong>lsraelitarum</strong></span> <span class='ocrx_word' id='word_1_248' title='bbox 1314 2061 1652 2116; x_wconf 80' lang='lat' dir='ltr'><strong>vexationem</strong></span> <span class='ocrx_word' id='word_1_249' title='bbox 1673 2061 2010 2132; x_wconf 87' lang='lat' dir='ltr'><strong>reprimeret.</strong></span> 
     </span>
    </p>
   </div>
   <div class='ocr_carea' id='block_1_39' title="bbox 430 2151 2011 2225">
    <p class='ocr_par' dir='ltr' id='par_1_39' title="bbox 430 2151 2011 2225">
     <span class='ocr_line' id='line_1_39' title="bbox 430 2151 2011 2225; baseline 0.001 -18"><span class='ocrx_word' id='word_1_250' title='bbox 430 2152 620 2224; x_wconf 77' lang='lat' dir='ltr'><strong>Neque</strong></span> <span class='ocrx_word' id='word_1_251' title='bbox 668 2154 813 2209; x_wconf 90' lang='lat' dir='ltr'><strong>Deus</strong></span> <span class='ocrx_word' id='word_1_252' title='bbox 860 2153 965 2208; x_wconf 88' lang='lat' dir='ltr'><strong>sibi</strong></span> <span class='ocrx_word' id='word_1_253' title='bbox 1012 2161 1377 2224; x_wconf 85' lang='lat' dir='ltr'><strong>proposuerat</strong></span> <span class='ocrx_word' id='word_1_254' title='bbox 1426 2151 1737 2225; x_wconf 63' lang='lat' dir='ltr'><strong>Egyptian]</strong></span> <span class='ocrx_word' id='word_1_255' title='bbox 1795 2162 2011 2225; x_wconf 80' lang='lat' dir='ltr'><strong>gentem</strong></span> 
     </span>
    </p>
   </div>
   <div class='ocr_carea' id='block_1_40' title="bbox 432 2244 2015 2314">
    <p class='ocr_par' dir='ltr' id='par_1_40' title="bbox 432 2244 2015 2314">
     <span class='ocr_line' id='line_1_40' title="bbox 432 2244 2015 2314; baseline 0.003 -18"><span class='ocrx_word' id='word_1_256' title='bbox 432 2252 700 2308; x_wconf 79' lang='lat' dir='ltr'><strong>evertere,</strong></span> <span class='ocrx_word' id='word_1_257' title='bbox 740 2244 832 2299; x_wconf 87' lang='lat' dir='ltr'><strong>sed</strong></span> <span class='ocrx_word' id='word_1_258' title='bbox 856 2259 1252 2306; x_wconf 66' lang='lat' dir='ltr'><strong>aarumnarum,</strong></span> <span class='ocrx_word' id='word_1_259' title='bbox 1283 2252 1335 2298; x_wconf 87' lang='lat' dir='ltr'><strong>et</strong></span> <span class='ocrx_word' id='word_1_260' title='bbox 1360 2246 1782 2314; x_wconf 81' lang='lat' dir='ltr'><strong>castigationutn</strong></span> <span class='ocrx_word' id='word_1_261' title='bbox 1818 2246 2015 2301; x_wconf 75' lang='lat' dir='ltr'><strong>timore</strong></span> 
     </span>
    </p>
   </div>
   <div class='ocr_carea' id='block_1_41' title="bbox 432 2332 2017 2404">
    <p class='ocr_par' dir='ltr' id='par_1_41' title="bbox 432 2332 2017 2404">
     <span class='ocr_line' id='line_1_41' title="bbox 432 2332 2017 2404; baseline 0.001 -17"><span class='ocrx_word' id='word_1_262' title='bbox 432 2333 666 2400; x_wconf 81' lang='lat' dir='ltr'><strong>efﬁcere,</strong></span> <span class='ocrx_word' id='word_1_263' title='bbox 706 2344 764 2388; x_wconf 89' lang='grc' dir='ltr'><strong>ιιι</strong></span> <span class='ocrx_word' id='word_1_264' title='bbox 802 2334 892 2389; x_wconf 85' lang='lat' dir='ltr'><strong>illa</strong></span> <span class='ocrx_word' id='word_1_265' title='bbox 914 2349 1041 2404; x_wconf 84' lang='lat' dir='ltr'><strong>erga</strong></span> <span class='ocrx_word' id='word_1_266' title='bbox 1073 2332 1329 2389; x_wconf 85' lang='lat' dir='ltr'><strong>Hebraeos</strong></span> <span class='ocrx_word' id='word_1_267' title='bbox 1358 2335 1765 2390; x_wconf 87' lang='lat' dir='ltr'><strong>miscricordior</strong></span> <span class='ocrx_word' id='word_1_268' title='bbox 1822 2336 2017 2390; x_wconf 87' lang='lat' dir='ltr'><strong>huma-</strong></span> 
     </span>
    </p>
   </div>
   <div class='ocr_carea' id='block_1_42' title="bbox 434 2427 2017 2496">
    <p class='ocr_par' dir='ltr' id='par_1_42' title="bbox 434 2427 2017 2496">
     <span class='ocr_line' id='line_1_42' title="bbox 434 2427 2017 2496; baseline 0.002 -16"><span class='ocrx_word' id='word_1_269' title='bbox 434 2428 671 2496; x_wconf 88' lang='lat' dir='ltr'><strong>niorque</strong></span> <span class='ocrx_word' id='word_1_270' title='bbox 712 2428 884 2491; x_wconf 87' lang='lat' dir='ltr'><strong>lieret,</strong></span> <span class='ocrx_word' id='word_1_271' title='bbox 913 2437 1076 2496; x_wconf 89' lang='lat' dir='ltr'><strong>atque</strong></span> <span class='ocrx_word' id='word_1_272' title='bbox 1100 2427 1165 2481; x_wconf 86' lang='lat' dir='ltr'><strong>ad</strong></span> <span class='ocrx_word' id='word_1_273' title='bbox 1190 2442 1286 2482; x_wconf 83' lang='lat' dir='ltr'><strong>eos</strong></span> <span class='ocrx_word' id='word_1_274' title='bbox 1319 2444 1349 2480; x_wconf 89' lang='lat' dir='ltr'><strong>a</strong></span> <span class='ocrx_word' id='word_1_275' title='bbox 1375 2429 1635 2483; x_wconf 84' lang='lat' dir='ltr'><strong>servitute</strong></span> <span class='ocrx_word' id='word_1_276' title='bbox 1655 2467 1670 2491; x_wconf 90' lang='lat'><strong>,</strong></span> <span class='ocrx_word' id='word_1_277' title='bbox 1703 2436 1758 2482; x_wconf 90' lang='lat' dir='ltr'><strong>et</strong></span> <span class='ocrx_word' id='word_1_278' title='bbox 1788 2429 2017 2483; x_wconf 86' lang='lat' dir='ltr'><strong>calami-</strong></span> 
     </span>
    </p>
   </div>
   <div class='ocr_carea' id='block_1_43' title="bbox 435 2518 2014 2589">
    <p class='ocr_par' dir='ltr' id='par_1_43' title="bbox 435 2518 2014 2589">
     <span class='ocr_line' id='line_1_43' title="bbox 435 2518 2014 2589; baseline 0.003 -17"><span class='ocrx_word' id='word_1_279' title='bbox 435 2528 547 2572; x_wconf 84' lang='lat' dir='ltr'><strong>tate</strong></span> <span class='ocrx_word' id='word_1_280' title='bbox 574 2519 885 2573; x_wconf 86' lang='lat' dir='ltr'><strong>liberandos</strong></span> <span class='ocrx_word' id='word_1_281' title='bbox 922 2518 1156 2582; x_wconf 75' lang='lat' dir='ltr'><strong>facilius,</strong></span> <span class='ocrx_word' id='word_1_282' title='bbox 1185 2519 1617 2589; x_wconf 76' lang='lat' dir='ltr'><strong>clementiusque</strong></span> <span class='ocrx_word' id='word_1_283' title='bbox 1636 2520 2014 2576; x_wconf 83' lang='lat' dir='ltr'><strong>induceretur.</strong></span> 
     </span>
    </p>
   </div>
   <div class='ocr_carea' id='block_1_44' title="bbox 433 2606 2015 2681">
    <p class='ocr_par' dir='ltr' id='par_1_44' title="bbox 433 2606 2015 2681">
     <span class='ocr_line' id='line_1_44' title="bbox 433 2606 2015 2681; baseline 0.003 -20"><span class='ocrx_word' id='word_1_284' title='bbox 433 2606 553 2663; x_wconf 76' lang='lat' dir='ltr'><strong>Non</strong></span> <span class='ocrx_word' id='word_1_285' title='bbox 592 2624 723 2678; x_wconf 78' lang='lat' dir='ltr'><strong>ergo</strong></span> <span class='ocrx_word' id='word_1_286' title='bbox 754 2608 870 2663; x_wconf 80' lang='lat' dir='ltr'><strong>haec</strong></span> <span class='ocrx_word' id='word_1_287' title='bbox 899 2612 950 2662; x_wconf 91' lang='lat' dir='ltr'><strong>in</strong></span> <span class='ocrx_word' id='word_1_288' title='bbox 981 2610 1207 2662; x_wconf 75' lang='lat' dir='ltr'><strong>exordio</strong></span> <span class='ocrx_word' id='word_1_289' title='bbox 1239 2609 1508 2664; x_wconf 87' lang='lat' dir='ltr'><strong>orationis</strong></span> <span class='ocrx_word' id='word_1_290' title='bbox 1545 2610 1708 2664; x_wconf 86' lang='lat' dir='ltr'><strong>allata</strong></span> <span class='ocrx_word' id='word_1_291' title='bbox 1745 2610 2015 2681; x_wconf 87' lang='lat' dir='ltr'><strong>interpre-</strong></span> 
     </span>
    </p>
   </div>
   <div class='ocr_carea' id='block_1_45' title="bbox 433 2700 2017 2772">
    <p class='ocr_par' dir='ltr' id='par_1_45' title="bbox 433 2700 2017 2772">
     <span class='ocr_line' id='line_1_45' title="bbox 433 2700 2017 2772; baseline 0.003 -18"><span class='ocrx_word' id='word_1_292' title='bbox 433 2700 571 2754; x_wconf 87' lang='lat' dir='ltr'><strong>tatio</strong></span> <span class='ocrx_word' id='word_1_293' title='bbox 598 2701 720 2753; x_wconf 83' lang='lat' dir='ltr'><strong>loco</strong></span> <span class='ocrx_word' id='word_1_294' title='bbox 749 2702 1031 2770; x_wconf 71' lang='lat' dir='ltr'><strong>preposito</strong></span> <span class='ocrx_word' id='word_1_295' title='bbox 1066 2701 1326 2771; x_wconf 77' lang='lat' dir='ltr'><strong>quadrat,</strong></span> <span class='ocrx_word' id='word_1_296' title='bbox 1360 2718 1535 2772; x_wconf 83' lang='lat' dir='ltr'><strong>neque</strong></span> <span class='ocrx_word' id='word_1_297' title='bbox 1563 2703 1853 2757; x_wconf 85' lang='lat' dir='ltr'><strong>verborum</strong></span> <span class='ocrx_word' id='word_1_298' title='bbox 1892 2719 2017 2759; x_wconf 85' lang='lat' dir='ltr'><strong>sen-</strong></span> 
     </span>
    </p>
   </div>
   <div class='ocr_carea' id='block_1_46' title="bbox 434 2794 2015 2864">
    <p class='ocr_par' dir='ltr' id='par_1_46' title="bbox 434 2794 2015 2864">
     <span class='ocr_line' id='line_1_46' title="bbox 434 2794 2015 2864; baseline 0.002 -15"><span class='ocrx_word' id='word_1_299' title='bbox 434 2810 559 2849; x_wconf 88' lang='lat' dir='ltr'><strong>sum</strong></span> <span class='ocrx_word' id='word_1_300' title='bbox 614 2808 717 2847; x_wconf 87' lang='lat' dir='ltr'><strong>acu</strong></span> <span class='ocrx_word' id='word_1_301' title='bbox 765 2802 995 2864; x_wconf 83' lang='lat' dir='ltr'><strong>tangens</strong></span> <span class='ocrx_word' id='word_1_302' title='bbox 1050 2794 1433 2849; x_wconf 68' lang='lat' dir='ltr'><strong>inconcussam</strong></span> <span class='ocrx_word' id='word_1_303' title='bbox 1486 2795 1699 2851; x_wconf 86' lang='lat' dir='ltr'><strong>obtinet</strong></span> <span class='ocrx_word' id='word_1_304' title='bbox 1741 2797 2015 2853; x_wconf 80' lang='lat' dir='ltr'><strong>stabilita—</strong></span> 
     </span>
    </p>
   </div>
   <div class='ocr_carea' id='block_1_47' title="bbox 435 2884 993 2962">
    <p class='ocr_par' dir='ltr' id='par_1_47' title="bbox 435 2884 993 2962">
     <span class='ocr_line' id='line_1_47' title="bbox 435 2884 993 2962; baseline -0.007 -20"><span class='ocrx_word' id='word_1_305' title='bbox 435 2897 544 2942; x_wconf 80' lang='lat' dir='ltr'><strong>tem</strong></span> <span class='ocrx_word' id='word_1_306' title='bbox 575 2884 709 2957; x_wconf 71' lang='lat'><strong>(20).</strong></span> <span class='ocrx_word' id='word_1_307' title='bbox 990 2960 993 2962; x_wconf 18' lang='grc' dir='ltr'><strong>Ι</strong></span> 
     </span>
    </p>
   </div>
   <div class='ocr_carea' id='block_1_48' title="bbox 508 2978 2010 3053">
    <p class='ocr_par' dir='ltr' id='par_1_48' title="bbox 508 2978 2010 3053">
     <span class='ocr_line' id='line_1_48' title="bbox 508 2978 2010 3053; baseline 0.004 -22"><span class='ocrx_word' id='word_1_308' title='bbox 508 2981 577 3032; x_wconf 79' lang='lat' dir='ltr'><strong>At</strong></span> <span class='ocrx_word' id='word_1_309' title='bbox 608 2978 716 3032; x_wconf 83' lang='lat' dir='ltr'><strong>dici</strong></span> <span class='ocrx_word' id='word_1_310' title='bbox 752 2978 959 3049; x_wconf 86' lang='lat' dir='ltr'><strong>nequit,</strong></span> <span class='ocrx_word' id='word_1_311' title='bbox 986 2979 1131 3049; x_wconf 88' lang='lat' dir='ltr'><strong>quod</strong></span> <span class='ocrx_word' id='word_1_312' title='bbox 1160 2978 1621 3049; x_wconf 81' lang='lat' dir='ltr'><strong>rectiorejudicio</strong></span> <span class='ocrx_word' id='word_1_313' title='bbox 1646 2981 2010 3053; x_wconf 80' lang='lat' dir='ltr'><strong>indigeamus,</strong></span> 
     </span>
    </p>
   </div>
   <div class='ocr_carea' id='block_1_49' title="bbox 2120 1774 3712 1853">
    <p class='ocr_par' dir='ltr' id='par_1_49' title="bbox 2120 1774 3712 1853">
     <span class='ocr_line' id='line_1_49' title="bbox 2120 1774 3712 1853; baseline -0.004 -17"><span class='ocrx_word' id='word_1_314' title='bbox 2120 1784 2474 1853; x_wconf 61' lang='lat' dir='ltr'><strong>paxpd’ﬁupov</strong></span> <span class='ocrx_word' id='word_1_315' title='bbox 2493 1778 2658 1833; x_wconf 84' lang='grc' dir='ltr'>αὐτοῦ</span> <span class='ocrx_word' id='word_1_316' title='bbox 2684 1781 2962 1849; x_wconf 78' lang='grc' dir='ltr'>παραστῇ,</span> <span class='ocrx_word' id='word_1_317' title='bbox 2989 1775 3107 1832; x_wconf 88' lang='grc' dir='ltr'>ἀλλ’</span> <span class='ocrx_word' id='word_1_318' title='bbox 3134 1776 3221 1830; x_wconf 80' lang='grc' dir='ltr'><strong>ἵνα</strong></span> <span class='ocrx_word' id='word_1_319' title='bbox 3242 1778 3339 1845; x_wconf 77' lang='grc' dir='ltr'>τὴν</span> <span class='ocrx_word' id='word_1_320' title='bbox 3359 1775 3457 1829; x_wconf 89' lang='grc' dir='ltr'><strong>τοῦ</strong></span> <span class='ocrx_word' id='word_1_321' title='bbox 3501 1774 3712 1847; x_wconf 72' lang='grc' dir='ltr'>Φαραὼ</span> 
     </span>
    </p>
   </div>
   <div class='ocr_carea' id='block_1_50' title="bbox 2116 1869 3710 1945">
    <p class='ocr_par' dir='ltr' id='par_1_50' title="bbox 2116 1869 3710 1945">
     <span class='ocr_line' id='line_1_50' title="bbox 2116 1869 3710 1945; baseline -0.004 -18"><span class='ocrx_word' id='word_1_322' title='bbox 2116 1876 2211 1928; x_wconf 74' lang='grc' dir='ltr'><strong>καὶ</strong></span> <span class='ocrx_word' id='word_1_323' title='bbox 2238 1874 2346 1927; x_wconf 84' lang='grc' dir='ltr'><strong>τῶν</strong></span> <span class='ocrx_word' id='word_1_324' title='bbox 2389 1872 2738 1945; x_wconf 78' lang='grc' dir='ltr'>θεραπόντων</span> <span class='ocrx_word' id='word_1_325' title='bbox 2771 1870 2936 1924; x_wconf 76' lang='grc' dir='ltr'>αὑτοῦ</span> <span class='ocrx_word' id='word_1_326' title='bbox 2966 1869 3187 1943; x_wconf 78' lang='grc' dir='ltr'>θραύσῃ</span> <span class='ocrx_word' id='word_1_327' title='bbox 3225 1869 3443 1939; x_wconf 84' lang='grc' dir='ltr'>μανίαν,</span> <span class='ocrx_word' id='word_1_328' title='bbox 3476 1869 3575 1922; x_wconf 75' lang='grc' dir='ltr'>καὶ</span> <span class='ocrx_word' id='word_1_329' title='bbox 3603 1870 3710 1939; x_wconf 81' lang='grc' dir='ltr'>τὴν</span> 
     </span>
    </p>
   </div>
   <div class='ocr_carea' id='block_1_51' title="bbox 2116 1958 3710 2036">
    <p class='ocr_par' dir='ltr' id='par_1_51' title="bbox 2116 1958 3710 2036">
     <span class='ocr_line' id='line_1_51' title="bbox 2116 1958 3710 2036; baseline -0.004 -17"><span class='ocrx_word' id='word_1_330' title='bbox 2116 1967 2344 2036; x_wconf 80' lang='grc' dir='ltr'>ἄσχετον</span> <span class='ocrx_word' id='word_1_331' title='bbox 2369 1966 2512 2018; x_wconf 88' lang='grc' dir='ltr'><strong>κατά</strong></span> <span class='ocrx_word' id='word_1_332' title='bbox 2532 1963 2641 2016; x_wconf 85' lang='grc' dir='ltr'><strong>τῶν</strong></span> <span class='ocrx_word' id='word_1_333' title='bbox 2663 1961 3039 2033; x_wconf 81' lang='grc' dir='ltr'>Ἰσραηλιτῶν,</span> <span class='ocrx_word' id='word_1_334' title='bbox 3064 1962 3158 2014; x_wconf 73' lang='grc' dir='ltr'><strong>καὶ</strong></span> <span class='ocrx_word' id='word_1_335' title='bbox 3181 1960 3388 2031; x_wconf 82' lang='grc' dir='ltr'>πικράν</span> <span class='ocrx_word' id='word_1_336' title='bbox 3408 1958 3710 2029; x_wconf 74' lang='grc' dir='ltr'>ἀναστείλῃ</span> 
     </span>
    </p>
   </div>
   <div class='ocr_carea' id='block_1_52' title="bbox 2117 2047 3713 2127">
    <p class='ocr_par' dir='ltr' id='par_1_52' title="bbox 2117 2047 3713 2127">
     <span class='ocr_line' id='line_1_52' title="bbox 2117 2047 3713 2127; baseline -0.005 -17"><span class='ocrx_word' id='word_1_337' title='bbox 2117 2055 2432 2127; x_wconf 75' lang='grc' dir='ltr'>κακουχίαν.</span> <span class='ocrx_word' id='word_1_338' title='bbox 2467 2055 2602 2108; x_wconf 81' lang='grc' dir='ltr'>Ούδέ</span> <span class='ocrx_word' id='word_1_339' title='bbox 2627 2053 3042 2125; x_wconf 75' lang='grc' dir='ltr'>προηγούμενον</span> <span class='ocrx_word' id='word_1_340' title='bbox 3070 2047 3140 2123; x_wconf 77' lang='grc' dir='ltr'>ἦν</span> <span class='ocrx_word' id='word_1_341' title='bbox 3182 2050 3260 2122; x_wconf 83' lang='grc' dir='ltr'>τῷ</span> <span class='ocrx_word' id='word_1_342' title='bbox 3311 2050 3429 2121; x_wconf 82' lang='grc' dir='ltr'><strong>Θεῷ</strong></span> <span class='ocrx_word' id='word_1_343' title='bbox 3454 2049 3519 2103; x_wconf 81' lang='grc' dir='ltr'><strong>τὸ</strong></span> <span class='ocrx_word' id='word_1_344' title='bbox 3539 2049 3713 2118; x_wconf 75' lang='grc' dir='ltr'>Αἰγύο</span> 
     </span>
    </p>
   </div>
   <div class='ocr_carea' id='block_1_53' title="bbox 2119 2141 3709 2213">
    <p class='ocr_par' dir='ltr' id='par_1_53' title="bbox 2119 2141 3709 2213">
     <span class='ocr_line' id='line_1_53' title="bbox 2119 2141 3709 2213; baseline -0.006 -12"><span class='ocrx_word' id='word_1_345' title='bbox 2119 2165 2274 2200; x_wconf 85' lang='grc' dir='ltr'>πτιον</span> <span class='ocrx_word' id='word_1_346' title='bbox 2312 2145 2693 2200; x_wconf 84' lang='grc' dir='ltr'>καταναλῶσαι</span> <span class='ocrx_word' id='word_1_347' title='bbox 2724 2145 2899 2213; x_wconf 82' lang='grc' dir='ltr'>γένος,</span> <span class='ocrx_word' id='word_1_348' title='bbox 2936 2142 3072 2197; x_wconf 85' lang='grc' dir='ltr'><strong>ἀλλά</strong></span> <span class='ocrx_word' id='word_1_349' title='bbox 3095 2142 3173 2213; x_wconf 83' lang='grc' dir='ltr'><strong>τῷ</strong></span> <span class='ocrx_word' id='word_1_350' title='bbox 3204 2142 3355 2212; x_wconf 78' lang='grc' dir='ltr'>φόϐῳ</span> <span class='ocrx_word' id='word_1_351' title='bbox 3384 2141 3496 2194; x_wconf 83' lang='grc' dir='ltr'><strong>τῶν</strong></span> <span class='ocrx_word' id='word_1_352' title='bbox 3526 2157 3709 2211; x_wconf 76' lang='grc' dir='ltr'>τιμω-</span> 
     </span>
    </p>
   </div>
   <div class='ocr_carea' id='block_1_54' title="bbox 2121 2230 3712 2308">
    <p class='ocr_par' dir='ltr' id='par_1_54' title="bbox 2121 2230 3712 2308">
     <span class='ocr_line' id='line_1_54' title="bbox 2121 2230 3712 2308; baseline -0.006 -17"><span class='ocrx_word' id='word_1_353' title='bbox 2121 2238 2276 2308; x_wconf 83' lang='grc' dir='ltr'>ριῶν,</span> <span class='ocrx_word' id='word_1_354' title='bbox 2310 2237 2405 2291; x_wconf 77' lang='grc' dir='ltr'><strong>καὶ</strong></span> <span class='ocrx_word' id='word_1_355' title='bbox 2440 2235 2715 2297; x_wconf 83' lang='grc' dir='ltr'>κολάσεως</span> <span class='ocrx_word' id='word_1_356' title='bbox 2754 2234 3229 2304; x_wconf 85' lang='grc' dir='ltr'>συμπαθέστερον,</span> <span class='ocrx_word' id='word_1_357' title='bbox 3263 2235 3356 2285; x_wconf 78' lang='grc' dir='ltr'>καὶ</span> <span class='ocrx_word' id='word_1_358' title='bbox 3390 2230 3712 2301; x_wconf 81' lang='grc' dir='ltr'>φιλανθρω-</span> 
     </span>
    </p>
   </div>
   <div class='ocr_carea' id='block_1_55' title="bbox 2119 2323 3708 2400">
    <p class='ocr_par' dir='ltr' id='par_1_55' title="bbox 2119 2323 3708 2400">
     <span class='ocr_line' id='line_1_55' title="bbox 2119 2323 3708 2400; baseline -0.004 -18"><span class='ocrx_word' id='word_1_359' title='bbox 2119 2330 2349 2399; x_wconf 87' lang='grc' dir='ltr'>πότερον</span> <span class='ocrx_word' id='word_1_360' title='bbox 2380 2327 2803 2400; x_wconf 85' lang='grc' dir='ltr'>παρασκευάσαι</span> <span class='ocrx_word' id='word_1_361' title='bbox 2827 2326 3161 2379; x_wconf 81' lang='grc' dir='ltr'>διατίθεσθαι</span> <span class='ocrx_word' id='word_1_362' title='bbox 3190 2324 3328 2395; x_wconf 79' lang='grc' dir='ltr'>πρδς</span> <span class='ocrx_word' id='word_1_363' title='bbox 3347 2324 3440 2378; x_wconf 76' lang='grc' dir='ltr'>τὸν</span> <span class='ocrx_word' id='word_1_364' title='bbox 3459 2323 3708 2392; x_wconf 77' lang='grc' dir='ltr'>Ἰσραὴλ,</span> 
     </span>
    </p>
   </div>
   <div class='ocr_carea' id='block_1_56' title="bbox 2119 2415 3709 2492">
    <p class='ocr_par' dir='ltr' id='par_1_56' title="bbox 2119 2415 3709 2492">
     <span class='ocr_line' id='line_1_56' title="bbox 2119 2415 3709 2492; baseline -0.004 -17"><span class='ocrx_word' id='word_1_365' title='bbox 2119 2422 2213 2475; x_wconf 77' lang='grc' dir='ltr'><strong>καὶ</strong></span> <span class='ocrx_word' id='word_1_366' title='bbox 2237 2422 2335 2491; x_wconf 82' lang='grc' dir='ltr'>τῆς</span> <span class='ocrx_word' id='word_1_367' title='bbox 2354 2420 2735 2492; x_wconf 79' lang='grc' dir='ltr'>αἰχμαλωσίας</span> <span class='ocrx_word' id='word_1_368' title='bbox 2762 2420 2950 2483; x_wconf 79' lang='grc' dir='ltr'>αὑτοῦ,</span> <span class='ocrx_word' id='word_1_369' title='bbox 2984 2419 3080 2473; x_wconf 77' lang='grc' dir='ltr'><strong>καὶ</strong></span> <span class='ocrx_word' id='word_1_370' title='bbox 3117 2417 3496 2489; x_wconf 86' lang='grc' dir='ltr'>ταλαιπωρίας</span> <span class='ocrx_word' id='word_1_371' title='bbox 3523 2415 3709 2471; x_wconf 80' lang='grc' dir='ltr'>ἀπαλ-</span> 
     </span>
    </p>
   </div>
   <div class='ocr_carea' id='block_1_57' title="bbox 2118 2510 3712 2585">
    <p class='ocr_par' dir='ltr' id='par_1_57' title="bbox 2118 2510 3712 2585">
     <span class='ocr_line' id='line_1_57' title="bbox 2118 2510 3712 2585; baseline -0.004 -18"><span class='ocrx_word' id='word_1_372' title='bbox 2118 2514 2290 2585; x_wconf 83' lang='grc' dir='ltr'>λαγὴν</span> <span class='ocrx_word' id='word_1_373' title='bbox 2339 2514 2757 2582; x_wconf 83' lang='grc' dir='ltr'>εὐπειθέστερον</span> <span class='ocrx_word' id='word_1_374' title='bbox 2789 2512 2997 2576; x_wconf 82' lang='grc' dir='ltr'>αὐτοῖς,</span> <span class='ocrx_word' id='word_1_375' title='bbox 3048 2510 3144 2564; x_wconf 77' lang='grc' dir='ltr'><strong>καὶ</strong></span> <span class='ocrx_word' id='word_1_376' title='bbox 3192 2510 3712 2580; x_wconf 79' lang='grc' dir='ltr'>φιλανθρωπότερον</span> 
     </span>
    </p>
   </div>
   <div class='ocr_carea' id='block_1_58' title="bbox 2118 2602 3713 2676">
    <p class='ocr_par' dir='ltr' id='par_1_58' title="bbox 2118 2602 3713 2676">
     <span class='ocr_line' id='line_1_58' title="bbox 2118 2602 3713 2676; baseline -0.004 -15"><span class='ocrx_word' id='word_1_377' title='bbox 2118 2606 2397 2672; x_wconf 80' lang='grc' dir='ltr'>δέξασθαι.</span> <span class='ocrx_word' id='word_1_378' title='bbox 2429 2606 2638 2659; x_wconf 80' lang='grc' dir='ltr'>Οὐκοῦν</span> <span class='ocrx_word' id='word_1_379' title='bbox 2665 2609 2693 2659; x_wconf 81' lang='grc' dir='ltr'>ὁ</span> <span class='ocrx_word' id='word_1_380' title='bbox 2728 2605 2786 2672; x_wconf 80' lang='grc' dir='ltr'><strong>ἐξ</strong></span> <span class='ocrx_word' id='word_1_381' title='bbox 2820 2605 2997 2676; x_wconf 80' lang='grc' dir='ltr'>ἀρχῆς</span> <span class='ocrx_word' id='word_1_382' title='bbox 3031 2605 3134 2674; x_wconf 81' lang='grc' dir='ltr'>τῆς</span> <span class='ocrx_word' id='word_1_383' title='bbox 3156 2603 3518 2668; x_wconf 79' lang='grc' dir='ltr'>ἀναπτύξεως</span> <span class='ocrx_word' id='word_1_384' title='bbox 3544 2602 3713 2670; x_wconf 87' lang='grc' dir='ltr'>λόγος</span> 
     </span>
    </p>
   </div>
   <div class='ocr_carea' id='block_1_59' title="bbox 2118 2694 3713 2768">
    <p class='ocr_par' dir='ltr' id='par_1_59' title="bbox 2118 2694 3713 2768">
     <span class='ocr_line' id='line_1_59' title="bbox 2118 2694 3713 2768; baseline -0.003 -18"><span class='ocrx_word' id='word_1_385' title='bbox 2118 2700 2216 2768; x_wconf 81' lang='grc' dir='ltr'><strong>τὴν</strong></span> <span class='ocrx_word' id='word_1_386' title='bbox 2246 2698 2453 2750; x_wconf 81' lang='grc' dir='ltr'>οἰκείαν</span> <span class='ocrx_word' id='word_1_387' title='bbox 2496 2696 2767 2767; x_wconf 82' lang='grc' dir='ltr'>λαμϐάνει</span> <span class='ocrx_word' id='word_1_388' title='bbox 2801 2695 2979 2764; x_wconf 81' lang='grc' dir='ltr'>τάξιν,</span> <span class='ocrx_word' id='word_1_389' title='bbox 3016 2696 3111 2748; x_wconf 73' lang='grc' dir='ltr'><strong>καὶ</strong></span> <span class='ocrx_word' id='word_1_390' title='bbox 3139 2695 3199 2747; x_wconf 83' lang='grc' dir='ltr'><strong>τὸ</strong></span> <span class='ocrx_word' id='word_1_391' title='bbox 3232 2694 3417 2758; x_wconf 82' lang='grc' dir='ltr'>καλῶς</span> <span class='ocrx_word' id='word_1_392' title='bbox 3470 2694 3713 2763; x_wconf 72' lang='grc' dir='ltr'>ἐστοχά-</span> 
     </span>
    </p>
   </div>
   <div class='ocr_carea' id='block_1_60' title="bbox 2121 2784 3715 2860">
    <p class='ocr_par' dir='ltr' id='par_1_60' title="bbox 2121 2784 3715 2860">
     <span class='ocr_line' id='line_1_60' title="bbox 2121 2784 3715 2860; baseline -0.003 -18"><span class='ocrx_word' id='word_1_393' title='bbox 2121 2788 2246 2843; x_wconf 89' lang='grc' dir='ltr'>σθαι</span> <span class='ocrx_word' id='word_1_394' title='bbox 2288 2790 2387 2859; x_wconf 81' lang='grc' dir='ltr'><strong>τῆς</strong></span> <span class='ocrx_word' id='word_1_395' title='bbox 2434 2788 2540 2842; x_wconf 80' lang='grc' dir='ltr'><strong>τῶν</strong></span> <span class='ocrx_word' id='word_1_396' title='bbox 2566 2789 2748 2860; x_wconf 74' lang='grc' dir='ltr'>ῥητῶν</span> <span class='ocrx_word' id='word_1_397' title='bbox 2796 2788 3033 2851; x_wconf 79' lang='grc' dir='ltr'>διανοίας</span> <span class='ocrx_word' id='word_1_398' title='bbox 3078 2787 3454 2841; x_wconf 70' lang='grc' dir='ltr'>ἀναπόϐλητον</span> <span class='ocrx_word' id='word_1_399' title='bbox 3487 2784 3603 2857; x_wconf 73' lang='grc' dir='ltr'>ἔχει</span> <span class='ocrx_word' id='word_1_400' title='bbox 3648 2786 3715 2838; x_wconf 80' lang='grc' dir='ltr'><strong>τὸ</strong></span> 
     </span>
    </p>
   </div>
   <div class='ocr_carea' id='block_1_61' title="bbox 2121 2882 2547 2952">
    <p class='ocr_par' dir='ltr' id='par_1_61' title="bbox 2121 2882 2547 2952">
     <span class='ocr_line' id='line_1_61' title="bbox 2121 2882 2547 2952; baseline -0.002 -16"><span class='ocrx_word' id='word_1_401' title='bbox 2121 2882 2547 2952; x_wconf 84' lang='grc' dir='ltr'>ἀπερίτρεπτον.</span> 
     </span>
    </p>
   </div>
   <div class='ocr_carea' id='block_1_62' title="bbox 2199 2969 3714 3043">
    <p class='ocr_par' dir='ltr' id='par_1_62' title="bbox 2199 2969 3714 3043">
     <span class='ocr_line' id='line_1_62' title="bbox 2199 2969 3714 3043; baseline -0.003 -15"><span class='ocrx_word' id='word_1_402' title='bbox 2199 2976 2313 3029; x_wconf 86' lang='grc' dir='ltr'>Οὐκ</span> <span class='ocrx_word' id='word_1_403' title='bbox 2342 2973 2406 3027; x_wconf 84' lang='grc' dir='ltr'><strong>ἂν</strong></span> <span class='ocrx_word' id='word_1_404' title='bbox 2436 2974 2492 3027; x_wconf 76' lang='grc' dir='ltr'>δὲ</span> <span class='ocrx_word' id='word_1_405' title='bbox 2520 2972 2697 3041; x_wconf 81' lang='grc' dir='ltr'>λέγειν</span> <span class='ocrx_word' id='word_1_406' title='bbox 2725 2973 2808 3042; x_wconf 75' lang='grc' dir='ltr'>εἴη</span> <span class='ocrx_word' id='word_1_407' title='bbox 2855 2970 3091 3043; x_wconf 87' lang='grc' dir='ltr'>κρίσεως</span> <span class='ocrx_word' id='word_1_408' title='bbox 3122 2969 3292 3042; x_wconf 78' lang='grc' dir='ltr'>ὀρθῆς</span> <span class='ocrx_word' id='word_1_409' title='bbox 3324 2970 3714 3039; x_wconf 82' lang='grc' dir='ltr'>ἐνδεέστερον,</span> 
     </span>
    </p>
   </div>
   <div class='ocr_carea' id='block_1_63' title="bbox 437 3040 2021 3143">
    <p class='ocr_par' dir='ltr' id='par_1_63' title="bbox 437 3040 2017 3143">
     <span class='ocr_line' id='line_1_63' title="bbox 437 3040 2017 3143; baseline -0.001 -16"><span class='ocrx_word' id='word_1_410' title='bbox 437 3070 485 3127; x_wconf 82' lang='lat' dir='ltr'><strong>si</strong></span> <span class='ocrx_word' id='word_1_411' title='bbox 518 3070 650 3125; x_wconf 90' lang='lat' dir='ltr'><strong>illud</strong></span> <span class='ocrx_word' id='word_1_412' title='bbox 682 3087 695 3124; x_wconf 90' lang='lat'><strong>:</strong></span> <span class='ocrx_word' id='word_1_413' title='bbox 737 3089 757 3121; x_wconf 76' lang='grc' dir='ltr'><strong>ι</strong></span> <span class='ocrx_word' id='word_1_414' title='bbox 792 3060 905 3140; x_wconf 75' lang='lat' dir='ltr'><strong>Ego</strong></span> <span class='ocrx_word' id='word_1_415' title='bbox 954 3069 1225 3125; x_wconf 88' lang='lat' dir='ltr'><strong>indurabo</strong></span> <span class='ocrx_word' id='word_1_416' title='bbox 1258 3085 1354 3126; x_wconf 91' lang='lat' dir='ltr'><strong>cor</strong></span> <span class='ocrx_word' id='word_1_417' title='bbox 1394 3070 1696 3129; x_wconf 86' lang='lat' dir='ltr'><strong>Pharaonis</strong></span> <span class='ocrx_word' id='word_1_418' title='bbox 1746 3040 2017 3143; x_wconf 61' lang='lat' dir='ltr'><strong>interpre-</strong></span> 
     </span>
    </p>
   </div>
   <div class='ocr_carea' id='block_1_64' title="bbox 2127 3040 3717 3143">
    <p class='ocr_par' dir='ltr' id='par_1_64' title="bbox 2127 3040 3717 3136">
     <span class='ocr_line' id='line_1_64' title="bbox 2127 3040 3717 3136; baseline -0.003 -15"><span class='ocrx_word' id='word_1_419' title='bbox 2127 3068 2194 3132; x_wconf 78' lang='grc' dir='ltr'>ὡς</span> <span class='ocrx_word' id='word_1_420' title='bbox 2221 3066 2303 3131; x_wconf 80' lang='grc' dir='ltr'><strong>τὸ,</strong></span> <span class='ocrx_word' id='word_1_421' title='bbox 2337 3084 2356 3117; x_wconf 81' lang='grc' dir='ltr'><strong>ι</strong></span> <span class='ocrx_word' id='word_1_422' title='bbox 2400 3065 2541 3132; x_wconf 86' lang='grc' dir='ltr'>Ἐγὼ</span> <span class='ocrx_word' id='word_1_423' title='bbox 2572 3040 2859 3136; x_wconf 78' lang='grc' dir='ltr'>σκληρυνῶ</span> <span class='ocrx_word' id='word_1_424' title='bbox 2886 3040 2984 3134; x_wconf 79' lang='grc' dir='ltr'>τὴν</span> <span class='ocrx_word' id='word_1_425' title='bbox 3019 3040 3253 3134; x_wconf 82' lang='grc' dir='ltr'>καρδίαν</span> <span class='ocrx_word' id='word_1_426' title='bbox 3280 3062 3501 3135; x_wconf 82' lang='grc' dir='ltr'>Φαραὼ,</span> <span class='ocrx_word' id='word_1_427' title='bbox 3536 3083 3556 3115; x_wconf 75' lang='grc' dir='ltr'><strong>ι</strong></span> <span class='ocrx_word' id='word_1_428' title='bbox 3588 3064 3717 3116; x_wconf 81' lang='grc' dir='ltr'>ἀντὶ</span> 
     </span>
    </p>
   </div>
   <div class='ocr_carea' id='block_1_65' title="bbox 440 3163 2019 3235">
    <p class='ocr_par' dir='ltr' id='par_1_65' title="bbox 440 3163 2019 3235">
     <span class='ocr_line' id='line_1_65' title="bbox 440 3163 2019 3235; baseline 0.003 -19"><span class='ocrx_word' id='word_1_429' title='bbox 440 3173 621 3217; x_wconf 90' lang='lat' dir='ltr'><strong>temur</strong></span> <span class='ocrx_word' id='word_1_430' title='bbox 660 3165 762 3216; x_wconf 84' lang='lat' dir='ltr'><strong>hoc</strong></span> <span class='ocrx_word' id='word_1_431' title='bbox 793 3174 953 3233; x_wconf 88' lang='lat' dir='ltr'><strong>pacto</strong></span> <span class='ocrx_word' id='word_1_432' title='bbox 988 3180 1001 3217; x_wconf 93' lang='lat'><strong>:</strong></span> <span class='ocrx_word' id='word_1_433' title='bbox 1032 3178 1125 3216; x_wconf 91' lang='lat' dir='ltr'><strong>cor</strong></span> <span class='ocrx_word' id='word_1_434' title='bbox 1150 3163 1263 3230; x_wconf 88' lang='lat' dir='ltr'><strong>jam</strong></span> <span class='ocrx_word' id='word_1_435' title='bbox 1299 3164 1518 3228; x_wconf 89' lang='lat' dir='ltr'><strong>durum,</strong></span> <span class='ocrx_word' id='word_1_436' title='bbox 1571 3174 1732 3235; x_wconf 90' lang='lat' dir='ltr'><strong>atque</strong></span> <span class='ocrx_word' id='word_1_437' title='bbox 1778 3166 2019 3222; x_wconf 79' lang='lat' dir='ltr'><strong>indomi-</strong></span> 
     </span>
    </p>
   </div>
   <div class='ocr_carea' id='block_1_66' title="bbox 407 3254 2023 3324">
    <p class='ocr_par' dir='ltr' id='par_1_66' title="bbox 407 3254 2023 3324">
     <span class='ocr_line' id='line_1_66' title="bbox 407 3254 2023 3324; baseline 0.004 -17"><span class='ocrx_word' id='word_1_438' title='bbox 407 3264 561 3308; x_wconf 80' lang='lat' dir='ltr'><strong>‘tum</strong></span> <span class='ocrx_word' id='word_1_439' title='bbox 614 3269 716 3322; x_wconf 73' lang='lat' dir='ltr'><strong>ego</strong></span> <span class='ocrx_word' id='word_1_440' title='bbox 762 3254 934 3324; x_wconf 75' lang='lat' dir='ltr'><strong>magis</strong></span> <span class='ocrx_word' id='word_1_441' title='bbox 994 3254 1343 3324; x_wconf 81' lang='lat' dir='ltr'><strong>patefaciant,</strong></span> <span class='ocrx_word' id='word_1_442' title='bbox 1416 3256 1519 3310; x_wconf 87' lang='lat' dir='ltr'><strong>isto</strong></span> <span class='ocrx_word' id='word_1_443' title='bbox 1573 3256 1708 3311; x_wconf 78' lang='lat' dir='ltr'><strong>allici</strong></span> <span class='ocrx_word' id='word_1_444' title='bbox 1761 3259 1917 3323; x_wconf 91' lang='lat' dir='ltr'><strong>vitio,</strong></span> <span class='ocrx_word' id='word_1_445' title='bbox 1966 3268 2023 3313; x_wconf 91' lang='lat' dir='ltr'><strong>et</strong></span> 
     </span>
    </p>
   </div>
   <div class='ocr_carea' id='block_1_67' title="bbox 442 3348 2025 3425">
    <p class='ocr_par' dir='ltr' id='par_1_67' title="bbox 442 3348 2025 3425">
     <span class='ocr_line' id='line_1_67' title="bbox 442 3348 2025 3425; baseline 0.004 -26"><span class='ocrx_word' id='word_1_446' title='bbox 442 3362 618 3416; x_wconf 87' lang='lat' dir='ltr'><strong>neque</strong></span> <span class='ocrx_word' id='word_1_447' title='bbox 649 3353 846 3425; x_wconf 57' lang='lat' dir='ltr'><strong>morte,</strong></span> <span class='ocrx_word' id='word_1_448' title='bbox 883 3362 1057 3418; x_wconf 86' lang='lat' dir='ltr'><strong>neque</strong></span> <span class='ocrx_word' id='word_1_449' title='bbox 1081 3348 1368 3417; x_wconf 74' lang='lat' dir='ltr'><strong>suppliciis</strong></span> <span class='ocrx_word' id='word_1_450' title='bbox 1400 3348 1817 3405; x_wconf 84' lang='lat' dir='ltr'><strong>imminentibus</strong></span> <span class='ocrx_word' id='word_1_451' title='bbox 1852 3351 2025 3406; x_wconf 85' lang='lat' dir='ltr'><strong>emol-</strong></span> 
     </span>
    </p>
   </div>
   <div class='ocr_carea' id='block_1_68' title="bbox 444 3437 2025 3499">
    <p class='ocr_par' dir='ltr' id='par_1_68' title="bbox 444 3437 2025 3499">
     <span class='ocr_line' id='line_1_68' title="bbox 444 3437 2025 3499; baseline 0.004 -7"><span class='ocrx_word' id='word_1_452' title='bbox 444 3437 555 3492; x_wconf 90' lang='lat' dir='ltr'><strong>liri.</strong></span> <span class='ocrx_word' id='word_1_453' title='bbox 591 3457 609 3489; x_wconf 74' lang='grc' dir='ltr'><strong>ι</strong></span> <span class='ocrx_word' id='word_1_454' title='bbox 662 3439 965 3494; x_wconf 87' lang='lat' dir='ltr'><strong>Enimvero</strong></span> <span class='ocrx_word' id='word_1_455' title='bbox 990 3440 1195 3495; x_wconf 87' lang='lat' dir='ltr'><strong>duritia</strong></span> <span class='ocrx_word' id='word_1_456' title='bbox 1240 3442 1421 3496; x_wconf 79' lang='lat' dir='ltr'><strong>cordis</strong></span> <span class='ocrx_word' id='word_1_457' title='bbox 1454 3442 1757 3498; x_wconf 87' lang='lat' dir='ltr'><strong>Pharaonis</strong></span> <span class='ocrx_word' id='word_1_458' title='bbox 1795 3454 2025 3499; x_wconf 64' lang='lat' dir='ltr'><strong>Caetero-</strong></span> 
     </span>
    </p>
   </div>
   <div class='ocr_carea' id='block_1_69' title="bbox 442 3528 2026 3599">
    <p class='ocr_par' dir='ltr' id='par_1_69' title="bbox 442 3528 2026 3599">
     <span class='ocr_line' id='line_1_69' title="bbox 442 3528 2026 3599; baseline 0.001 -16"><span class='ocrx_word' id='word_1_459' title='bbox 442 3543 696 3599; x_wconf 77' lang='lat' dir='ltr'><strong>rumque,</strong></span> <span class='ocrx_word' id='word_1_460' title='bbox 751 3529 843 3598; x_wconf 87' lang='lat' dir='ltr'><strong>qui</strong></span> <span class='ocrx_word' id='word_1_461' title='bbox 894 3528 1014 3597; x_wconf 79' lang='lat' dir='ltr'><strong>ejus</strong></span> <span class='ocrx_word' id='word_1_462' title='bbox 1054 3529 1298 3583; x_wconf 88' lang='lat' dir='ltr'><strong>animum</strong></span> <span class='ocrx_word' id='word_1_463' title='bbox 1335 3530 1571 3583; x_wconf 56' lang='lat' dir='ltr'><strong>aemulati</strong></span> <span class='ocrx_word' id='word_1_464' title='bbox 1631 3530 2026 3585; x_wconf 88' lang='lat' dir='ltr'><strong>humanitatem</strong></span> 
     </span>
    </p>
   </div>
   <div class='ocr_carea' id='block_1_70' title="bbox 442 3618 2029 3685">
    <p class='ocr_par' dir='ltr' id='par_1_70' title="bbox 442 3618 2029 3685">
     <span class='ocr_line' id='line_1_70' title="bbox 442 3618 2029 3685; baseline 0.001 -11"><span class='ocrx_word' id='word_1_465' title='bbox 442 3635 570 3674; x_wconf 89' lang='lat' dir='ltr'><strong>cutn</strong></span> <span class='ocrx_word' id='word_1_466' title='bbox 630 3618 846 3674; x_wconf 79' lang='lat' dir='ltr'><strong>feritate</strong></span> <span class='ocrx_word' id='word_1_467' title='bbox 900 3629 1325 3685; x_wconf 87' lang='lat' dir='ltr'><strong>commutarunt,</strong></span> <span class='ocrx_word' id='word_1_468' title='bbox 1376 3620 1632 3676; x_wconf 90' lang='lat' dir='ltr'><strong>onmibus</strong></span> <span class='ocrx_word' id='word_1_469' title='bbox 1702 3632 1923 3677; x_wconf 87' lang='lat' dir='ltr'><strong>ostensa</strong></span> <span class='ocrx_word' id='word_1_470' title='bbox 1974 3630 2029 3677; x_wconf 89' lang='lat' dir='ltr'><strong>et</strong></span> 
     </span>
    </p>
   </div>
   <div class='ocr_carea' id='block_1_71' title="bbox 441 3708 2029 3779">
    <p class='ocr_par' dir='ltr' id='par_1_71' title="bbox 441 3708 2029 3779">
     <span class='ocr_line' id='line_1_71' title="bbox 441 3708 2029 3779; baseline -0.002 -14"><span class='ocrx_word' id='word_1_471' title='bbox 441 3709 767 3765; x_wconf 83' lang='lat' dir='ltr'><strong>denuntiata</strong></span> <span class='ocrx_word' id='word_1_472' title='bbox 808 3719 930 3775; x_wconf 78' lang='lat' dir='ltr'><strong>est;</strong></span> <span class='ocrx_word' id='word_1_473' title='bbox 979 3710 1111 3763; x_wconf 91' lang='lat' dir='ltr'><strong>dum</strong></span> <span class='ocrx_word' id='word_1_474' title='bbox 1171 3724 1241 3764; x_wconf 92' lang='lat' dir='ltr'><strong>ne</strong></span> <span class='ocrx_word' id='word_1_475' title='bbox 1290 3717 1453 3763; x_wconf 74' lang='lat' dir='ltr'><strong>tanta:</strong></span> <span class='ocrx_word' id='word_1_476' title='bbox 1486 3708 1729 3779; x_wconf 89' lang='lat' dir='ltr'><strong>quidem,</strong></span> <span class='ocrx_word' id='word_1_477' title='bbox 1781 3712 2029 3779; x_wconf 89' lang='lat' dir='ltr'><strong>talesque</strong></span> 
     </span>
    </p>
   </div>
   <div class='ocr_carea' id='block_1_72' title="bbox 442 3800 2027 3866">
    <p class='ocr_par' dir='ltr' id='par_1_72' title="bbox 442 3800 2027 3866">
     <span class='ocr_line' id='line_1_72' title="bbox 442 3800 2027 3866; baseline -0.001 -9"><span class='ocrx_word' id='word_1_478' title='bbox 442 3802 786 3857; x_wconf 86' lang='lat' dir='ltr'><strong>calamitates</strong></span> <span class='ocrx_word' id='word_1_479' title='bbox 847 3802 1108 3857; x_wconf 85' lang='lat' dir='ltr'><strong>duritiam</strong></span> <span class='ocrx_word' id='word_1_480' title='bbox 1164 3817 1397 3866; x_wconf 87' lang='lat' dir='ltr'><strong>eorum,</strong></span> <span class='ocrx_word' id='word_1_481' title='bbox 1467 3810 1520 3855; x_wconf 91' lang='lat' dir='ltr'><strong>et</strong></span> <span class='ocrx_word' id='word_1_482' title='bbox 1584 3800 2027 3857; x_wconf 86' lang='lat' dir='ltr'><strong>oblirmationem</strong></span> 
     </span>
    </p>
   </div>
   <div class='ocr_carea' id='block_1_73' title="bbox 442 3892 2027 3965">
    <p class='ocr_par' dir='ltr' id='par_1_73' title="bbox 442 3892 2027 3965">
     <span class='ocr_line' id='line_1_73' title="bbox 442 3892 2027 3965; baseline 0 -17"><span class='ocrx_word' id='word_1_483' title='bbox 442 3894 715 3959; x_wconf 87' lang='lat' dir='ltr'><strong>emollire,</strong></span> <span class='ocrx_word' id='word_1_484' title='bbox 741 3902 906 3965; x_wconf 85' lang='lat' dir='ltr'><strong>atque</strong></span> <span class='ocrx_word' id='word_1_485' title='bbox 929 3893 1317 3949; x_wconf 66' lang='lat' dir='ltr'><strong>obcaecationis</strong></span> <span class='ocrx_word' id='word_1_486' title='bbox 1342 3898 1448 3948; x_wconf 88' lang='lat' dir='ltr'><strong>vim</strong></span> <span class='ocrx_word' id='word_1_487' title='bbox 1475 3892 1686 3948; x_wconf 90' lang='lat' dir='ltr'><strong>solvere</strong></span> <span class='ocrx_word' id='word_1_488' title='bbox 1710 3900 2027 3963; x_wconf 90' lang='lat' dir='ltr'><strong>potuerunt.</strong></span> 
     </span>
    </p>
   </div>
   <div class='ocr_carea' id='block_1_74' title="bbox 444 3985 2031 4057">
    <p class='ocr_par' dir='ltr' id='par_1_74' title="bbox 444 3985 2031 4057">
     <span class='ocr_line' id='line_1_74' title="bbox 444 3985 2031 4057; baseline -0.002 -15"><span class='ocrx_word' id='word_1_489' title='bbox 444 3988 625 4057; x_wconf 78' lang='lat' dir='ltr'><strong>Atque</strong></span> <span class='ocrx_word' id='word_1_490' title='bbox 671 3987 991 4055; x_wconf 85' lang='lat' dir='ltr'><strong>priusquam</strong></span> <span class='ocrx_word' id='word_1_491' title='bbox 1041 3986 1250 4041; x_wconf 69' lang='lat' dir='ltr'><strong>sazvitie</strong></span> <span class='ocrx_word' id='word_1_492' title='bbox 1324 3996 1379 4041; x_wconf 87' lang='lat' dir='ltr'><strong>et</strong></span> <span class='ocrx_word' id='word_1_493' title='bbox 1417 3985 1819 4040; x_wconf 88' lang='lat' dir='ltr'><strong>inhumanitate</strong></span> <span class='ocrx_word' id='word_1_494' title='bbox 1858 4000 2031 4039; x_wconf 65' lang='lat' dir='ltr'><strong>exem-</strong></span> 
     </span>
    </p>
   </div>
   <div class='ocr_carea' id='block_1_75' title="bbox 445 4077 2030 4149">
    <p class='ocr_par' dir='ltr' id='par_1_75' title="bbox 445 4077 2030 4149">
     <span class='ocr_line' id='line_1_75' title="bbox 445 4077 2030 4149; baseline -0.001 -16"><span class='ocrx_word' id='word_1_495' title='bbox 445 4088 667 4134; x_wconf 85' lang='lat' dir='ltr'><strong>caretur</strong></span> <span class='ocrx_word' id='word_1_496' title='bbox 702 4078 1007 4133; x_wconf 77' lang='lat' dir='ltr'><strong>Pharaonis</strong></span> <span class='ocrx_word' id='word_1_497' title='bbox 1063 4079 1299 4143; x_wconf 83' lang='lat' dir='ltr'><strong>animus,</strong></span> <span class='ocrx_word' id='word_1_498' title='bbox 1355 4077 1572 4149; x_wconf 84' lang='lat' dir='ltr'><strong>patebat</strong></span> <span class='ocrx_word' id='word_1_499' title='bbox 1612 4077 1851 4148; x_wconf 79' lang='lat' dir='ltr'><strong>quidem,</strong></span> <span class='ocrx_word' id='word_1_500' title='bbox 1884 4077 2030 4148; x_wconf 86' lang='lat' dir='ltr'><strong>quod</strong></span> 
     </span>
    </p>
   </div>
   <div class='ocr_carea' id='block_1_76' title="bbox 445 4170 2032 4237">
    <p class='ocr_par' dir='ltr' id='par_1_76' title="bbox 445 4170 2032 4237">
     <span class='ocr_line' id='line_1_76' title="bbox 445 4170 2032 4237; baseline -0.001 -10"><span class='ocrx_word' id='word_1_501' title='bbox 445 4173 516 4227; x_wconf 83' lang='lat' dir='ltr'><strong>ad</strong></span> <span class='ocrx_word' id='word_1_502' title='bbox 567 4171 900 4227; x_wconf 88' lang='lat' dir='ltr'><strong>induendam</strong></span> <span class='ocrx_word' id='word_1_503' title='bbox 954 4172 1300 4228; x_wconf 91' lang='lat' dir='ltr'><strong>clementiam</strong></span> <span class='ocrx_word' id='word_1_504' title='bbox 1346 4188 1451 4225; x_wconf 92' lang='lat' dir='ltr'><strong>non</strong></span> <span class='ocrx_word' id='word_1_505' title='bbox 1502 4171 1888 4237; x_wconf 89' lang='lat' dir='ltr'><strong>induceretur;</strong></span> <span class='ocrx_word' id='word_1_506' title='bbox 1938 4170 2032 4225; x_wconf 90' lang='lat' dir='ltr'><strong>sed</strong></span> 
     </span>
    </p>
   </div>
   <div class='ocr_carea' id='block_1_77' title="bbox 447 4262 2031 4335">
    <p class='ocr_par' dir='ltr' id='par_1_77' title="bbox 447 4262 2031 4335">
     <span class='ocr_line' id='line_1_77' title="bbox 447 4262 2031 4335; baseline 0.001 -17"><span class='ocrx_word' id='word_1_507' title='bbox 447 4273 631 4319; x_wconf 86' lang='lat' dir='ltr'><strong>tamen</strong></span> <span class='ocrx_word' id='word_1_508' title='bbox 706 4280 812 4319; x_wconf 88' lang='lat' dir='ltr'><strong>non</strong></span> <span class='ocrx_word' id='word_1_509' title='bbox 873 4266 1135 4335; x_wconf 87' lang='lat' dir='ltr'><strong>patebat,</strong></span> <span class='ocrx_word' id='word_1_510' title='bbox 1207 4265 1352 4334; x_wconf 88' lang='lat' dir='ltr'><strong>quod</strong></span> <span class='ocrx_word' id='word_1_511' title='bbox 1416 4263 1552 4319; x_wconf 86' lang='lat' dir='ltr'><strong>adeo</strong></span> <span class='ocrx_word' id='word_1_512' title='bbox 1622 4262 1837 4330; x_wconf 87' lang='lat' dir='ltr'><strong>durus,</strong></span> <span class='ocrx_word' id='word_1_513' title='bbox 1896 4265 2031 4319; x_wconf 84' lang='lat' dir='ltr'><strong>adeo</strong></span> 
     </span>
    </p>
   </div>
   <div class='ocr_carea' id='block_1_78' title="bbox 2121 3152 3720 3228">
    <p class='ocr_par' dir='ltr' id='par_1_78' title="bbox 2121 3152 3720 3228">
     <span class='ocr_line' id='line_1_78' title="bbox 2121 3152 3720 3228; baseline -0.006 -14"><span class='ocrx_word' id='word_1_514' title='bbox 2121 3159 2215 3214; x_wconf 88' lang='grc' dir='ltr'><strong>τοῦ</strong></span> <span class='ocrx_word' id='word_1_515' title='bbox 2241 3176 2257 3192; x_wconf 88' lang='grc'><strong>·</strong></span> <span class='ocrx_word' id='word_1_516' title='bbox 2285 3158 2536 3228; x_wconf 82' lang='grc' dir='ltr'>Σκληράν</span> <span class='ocrx_word' id='word_1_517' title='bbox 2556 3152 2615 3210; x_wconf 76' lang='grc' dir='ltr'>οὗ</span> <span class='ocrx_word' id='word_1_518' title='bbox 2627 3174 2746 3221; x_wconf 81' lang='grc' dir='ltr'>σαν,</span> <span class='ocrx_word' id='word_1_519' title='bbox 2776 3156 2873 3209; x_wconf 72' lang='grc' dir='ltr'><strong>καὶ</strong></span> <span class='ocrx_word' id='word_1_520' title='bbox 2896 3156 3234 3226; x_wconf 85' lang='grc' dir='ltr'>ἀτεράμονα,</span> <span class='ocrx_word' id='word_1_521' title='bbox 3269 3154 3471 3225; x_wconf 81' lang='grc' dir='ltr'>μᾶλλον</span> <span class='ocrx_word' id='word_1_522' title='bbox 3502 3154 3720 3207; x_wconf 74' lang='grc' dir='ltr'>ἐπιδεί-</span> 
     </span>
    </p>
   </div>
   <div class='ocr_carea' id='block_1_79' title="bbox 2124 3244 3721 3318">
    <p class='ocr_par' dir='ltr' id='par_1_79' title="bbox 2124 3244 3721 3318">
     <span class='ocr_line' id='line_1_79' title="bbox 2124 3244 3721 3318; baseline -0.003 -16"><span class='ocrx_word' id='word_1_523' title='bbox 2124 3249 2199 3317; x_wconf 79' lang='grc' dir='ltr'><strong>ξω</strong></span> <span class='ocrx_word' id='word_1_524' title='bbox 2221 3248 2382 3302; x_wconf 86' lang='grc' dir='ltr'>τοῦτο</span> <span class='ocrx_word' id='word_1_525' title='bbox 2409 3248 2727 3318; x_wconf 87' lang='grc' dir='ltr'>πάσχουσαν</span> <span class='ocrx_word' id='word_1_526' title='bbox 2754 3286 2770 3310; x_wconf 93' lang='grc'><strong>,</strong></span> <span class='ocrx_word' id='word_1_527' title='bbox 2794 3246 2890 3299; x_wconf 76' lang='grc' dir='ltr'>καὶ</span> <span class='ocrx_word' id='word_1_528' title='bbox 2913 3247 3052 3317; x_wconf 83' lang='grc' dir='ltr'>μήτε</span> <span class='ocrx_word' id='word_1_529' title='bbox 3077 3244 3332 3309; x_wconf 81' lang='grc' dir='ltr'>θανάτου,</span> <span class='ocrx_word' id='word_1_530' title='bbox 3366 3245 3507 3315; x_wconf 81' lang='grc' dir='ltr'>μήτε</span> <span class='ocrx_word' id='word_1_531' title='bbox 3539 3261 3721 3313; x_wconf 82' lang='grc' dir='ltr'>τιμω-</span> 
     </span>
    </p>
   </div>
   <div class='ocr_carea' id='block_1_80' title="bbox 2128 3336 3720 3415">
    <p class='ocr_par' dir='ltr' id='par_1_80' title="bbox 2128 3336 3720 3415">
     <span class='ocr_line' id='line_1_80' title="bbox 2128 3336 3720 3415; baseline -0.003 -21"><span class='ocrx_word' id='word_1_532' title='bbox 2128 3342 2259 3415; x_wconf 86' lang='grc' dir='ltr'>ριῶν</span> <span class='ocrx_word' id='word_1_533' title='bbox 2314 3340 2591 3412; x_wconf 75' lang='grc' dir='ltr'>παρουσίᾳ</span> <span class='ocrx_word' id='word_1_534' title='bbox 2640 3340 3088 3412; x_wconf 81' lang='grc' dir='ltr'>μαλασσομένην.</span> <span class='ocrx_word' id='word_1_535' title='bbox 3143 3338 3257 3394; x_wconf 78' lang='grc' dir='ltr'>Καὶ</span> <span class='ocrx_word' id='word_1_536' title='bbox 3291 3338 3403 3410; x_wconf 90' lang='grc' dir='ltr'><strong>γάρ</strong></span> <span class='ocrx_word' id='word_1_537' title='bbox 3455 3336 3720 3409; x_wconf 72' lang='grc' dir='ltr'>ἐπίδηλος</span> 
     </span>
    </p>
   </div>
   <div class='ocr_carea' id='block_1_81' title="bbox 2128 3427 3721 3507">
    <p class='ocr_par' dir='ltr' id='par_1_81' title="bbox 2128 3427 3721 3507">
     <span class='ocr_line' id='line_1_81' title="bbox 2128 3427 3721 3507; baseline -0.002 -18"><span class='ocrx_word' id='word_1_538' title='bbox 2128 3435 2329 3506; x_wconf 84' lang='grc' dir='ltr'>μᾶλλον</span> <span class='ocrx_word' id='word_1_539' title='bbox 2363 3436 2398 3507; x_wconf 78' lang='grc' dir='ltr'>ἡ</span> <span class='ocrx_word' id='word_1_540' title='bbox 2434 3435 2740 3505; x_wconf 77' lang='grc' dir='ltr'>σκληρότης</span> <span class='ocrx_word' id='word_1_541' title='bbox 2770 3433 2869 3503; x_wconf 82' lang='grc' dir='ltr'>τῆς</span> <span class='ocrx_word' id='word_1_542' title='bbox 2893 3427 3299 3505; x_wconf 80' lang='grc' dir='ltr'>Φαραωνίτιδος</span> <span class='ocrx_word' id='word_1_543' title='bbox 3332 3433 3586 3503; x_wconf 82' lang='grc' dir='ltr'>καρδίας,</span> <span class='ocrx_word' id='word_1_544' title='bbox 3617 3434 3721 3486; x_wconf 79' lang='grc' dir='ltr'>καὶ</span> 
     </span>
    </p>
   </div>
   <div class='ocr_carea' id='block_1_82' title="bbox 2124 3526 3720 3600">
    <p class='ocr_par' dir='ltr' id='par_1_82' title="bbox 2124 3526 3720 3600">
     <span class='ocr_line' id='line_1_82' title="bbox 2124 3526 3720 3600; baseline -0.002 -19"><span class='ocrx_word' id='word_1_545' title='bbox 2124 3528 2257 3592; x_wconf 85' lang='grc' dir='ltr'>τῶν,</span> <span class='ocrx_word' id='word_1_546' title='bbox 2291 3529 2407 3583; x_wconf 79' lang='grc' dir='ltr'>ὅσοι</span> <span class='ocrx_word' id='word_1_547' title='bbox 2453 3527 2590 3600; x_wconf 66' lang='grc' dir='ltr'>πρὶς</span> <span class='ocrx_word' id='word_1_548' title='bbox 2629 3526 2727 3597; x_wconf 80' lang='grc' dir='ltr'>τὴν</span> <span class='ocrx_word' id='word_1_549' title='bbox 2768 3526 2935 3581; x_wconf 81' lang='grc' dir='ltr'>αὑτοῦ</span> <span class='ocrx_word' id='word_1_550' title='bbox 2978 3526 3207 3599; x_wconf 82' lang='grc' dir='ltr'>γνώμην</span> <span class='ocrx_word' id='word_1_551' title='bbox 3246 3526 3619 3597; x_wconf 80' lang='grc' dir='ltr'>ἁμιλλώμενοι</span> <span class='ocrx_word' id='word_1_552' title='bbox 3652 3528 3720 3579; x_wconf 76' lang='grc' dir='ltr'>τὸ</span> 
     </span>
    </p>
   </div>
   <div class='ocr_carea' id='block_1_83' title="bbox 2126 3621 3721 3693">
    <p class='ocr_par' dir='ltr' id='par_1_83' title="bbox 2126 3621 3721 3693">
     <span class='ocr_line' id='line_1_83' title="bbox 2126 3621 3721 3693; baseline -0.001 -18"><span class='ocrx_word' id='word_1_553' title='bbox 2126 3621 2470 3693; x_wconf 85' lang='grc' dir='ltr'>ἀνθρώπινον</span> <span class='ocrx_word' id='word_1_554' title='bbox 2516 3621 2949 3693; x_wconf 83' lang='grc' dir='ltr'>ἀπεθηριοῦντο,</span> <span class='ocrx_word' id='word_1_555' title='bbox 3002 3623 3172 3679; x_wconf 79' lang='grc' dir='ltr'>πᾶσιν</span> <span class='ocrx_word' id='word_1_556' title='bbox 3229 3621 3561 3691; x_wconf 79' lang='grc' dir='ltr'>ἐπεδείχθη,</span> <span class='ocrx_word' id='word_1_557' title='bbox 3609 3622 3721 3674; x_wconf 72' lang='grc' dir='ltr'>οιαὶ</span> 
     </span>
    </p>
   </div>
   <div class='ocr_carea' id='block_1_84' title="bbox 2126 3713 3720 3787">
    <p class='ocr_par' dir='ltr' id='par_1_84' title="bbox 2126 3713 3720 3787">
     <span class='ocr_line' id='line_1_84' title="bbox 2126 3713 3720 3787; baseline -0.001 -19"><span class='ocrx_word' id='word_1_558' title='bbox 2126 3714 2418 3787; x_wconf 79' lang='grc' dir='ltr'>διηγγέλθη</span> <span class='ocrx_word' id='word_1_559' title='bbox 2451 3730 2466 3745; x_wconf 77' lang='grc'><strong>⁸</strong></span> <span class='ocrx_word' id='word_1_560' title='bbox 2518 3714 2614 3767; x_wconf 79' lang='grc' dir='ltr'>ἅτε</span> <span class='ocrx_word' id='word_1_561' title='bbox 2652 3714 2709 3768; x_wconf 84' lang='grc' dir='ltr'><strong>δέ</strong></span> <span class='ocrx_word' id='word_1_562' title='bbox 2752 3716 2891 3786; x_wconf 82' lang='grc' dir='ltr'>μήτε</span> <span class='ocrx_word' id='word_1_563' title='bbox 2934 3714 3043 3767; x_wconf 84' lang='grc' dir='ltr'><strong>τῶν</strong></span> <span class='ocrx_word' id='word_1_564' title='bbox 3085 3713 3357 3767; x_wconf 81' lang='grc' dir='ltr'>τοσούτων</span> <span class='ocrx_word' id='word_1_565' title='bbox 3380 3756 3395 3779; x_wconf 90' lang='grc'><strong>,</strong></span> <span class='ocrx_word' id='word_1_566' title='bbox 3430 3714 3524 3766; x_wconf 71' lang='grc' dir='ltr'><strong>καὶ</strong></span> <span class='ocrx_word' id='word_1_567' title='bbox 3559 3713 3720 3784; x_wconf 70' lang='grc' dir='ltr'>τηλι-</span> 
     </span>
    </p>
   </div>
   <div class='ocr_carea' id='block_1_85' title="bbox 2129 3806 3721 3879">
    <p class='ocr_par' dir='ltr' id='par_1_85' title="bbox 2129 3806 3721 3879">
     <span class='ocr_line' id='line_1_85' title="bbox 2129 3806 3721 3879; baseline -0.002 -16"><span class='ocrx_word' id='word_1_568' title='bbox 2129 3809 2339 3863; x_wconf 88' lang='grc' dir='ltr'>κούτων</span> <span class='ocrx_word' id='word_1_569' title='bbox 2370 3808 2477 3862; x_wconf 82' lang='grc' dir='ltr'><strong>τῶν</strong></span> <span class='ocrx_word' id='word_1_570' title='bbox 2501 3809 2727 3878; x_wconf 83' lang='grc' dir='ltr'>πληγῶν</span> <span class='ocrx_word' id='word_1_571' title='bbox 2757 3809 2817 3862; x_wconf 83' lang='grc' dir='ltr'><strong>τὸ</strong></span> <span class='ocrx_word' id='word_1_572' title='bbox 2842 3808 3079 3879; x_wconf 75' lang='grc' dir='ltr'>σκληρὸν</span> <span class='ocrx_word' id='word_1_573' title='bbox 3115 3806 3296 3861; x_wconf 73' lang='grc' dir='ltr'>αὐτῶν</span> <span class='ocrx_word' id='word_1_574' title='bbox 3316 3848 3331 3873; x_wconf 88' lang='grc'><strong>,</strong></span> <span class='ocrx_word' id='word_1_575' title='bbox 3370 3810 3466 3862; x_wconf 70' lang='grc' dir='ltr'><strong>καὶ</strong></span> <span class='ocrx_word' id='word_1_576' title='bbox 3513 3808 3721 3878; x_wconf 79' lang='grc' dir='ltr'>ἀτέρα-</span> 
     </span>
    </p>
   </div>
   <div class='ocr_carea' id='block_1_86' title="bbox 2134 3899 3721 3973">
    <p class='ocr_par' dir='ltr' id='par_1_86' title="bbox 2134 3899 3721 3973">
     <span class='ocr_line' id='line_1_86' title="bbox 2134 3899 3721 3973; baseline -0.001 -18"><span class='ocrx_word' id='word_1_577' title='bbox 2134 3919 2264 3972; x_wconf 89' lang='grc' dir='ltr'>μνον</span> <span class='ocrx_word' id='word_1_578' title='bbox 2325 3900 2794 3972; x_wconf 82' lang='grc' dir='ltr'>ύπομαλαξάντων</span> <span class='ocrx_word' id='word_1_579' title='bbox 2818 3941 2833 3966; x_wconf 86' lang='grc'><strong>,</strong></span> <span class='ocrx_word' id='word_1_580' title='bbox 2898 3903 3037 3973; x_wconf 81' lang='grc' dir='ltr'>μήτε</span> <span class='ocrx_word' id='word_1_581' title='bbox 3114 3901 3215 3971; x_wconf 80' lang='grc' dir='ltr'>τῆς</span> <span class='ocrx_word' id='word_1_582' title='bbox 3275 3899 3588 3969; x_wconf 83' lang='grc' dir='ltr'>πωρώσεως</span> <span class='ocrx_word' id='word_1_583' title='bbox 3655 3899 3721 3954; x_wconf 71' lang='grc' dir='ltr'>τὸ</span> 
     </span>
    </p>
   </div>
   <div class='ocr_carea' id='block_1_87' title="bbox 2116 3994 3722 4068">
    <p class='ocr_par' dir='ltr' id='par_1_87' title="bbox 2116 3994 3722 4068">
     <span class='ocr_line' id='line_1_87' title="bbox 2116 3994 3722 4068; baseline -0.002 -17"><span class='ocrx_word' id='word_1_584' title='bbox 2116 3999 2368 4068; x_wconf 77' lang='grc' dir='ltr'>ἀκμαῖον</span> <span class='ocrx_word' id='word_1_585' title='bbox 2395 3995 2884 4065; x_wconf 85' lang='grc' dir='ltr'>ὐπεκλυσαμένων.</span> <span class='ocrx_word' id='word_1_586' title='bbox 2928 3995 3038 4050; x_wconf 77' lang='grc' dir='ltr'><strong>Καὶ</strong></span> <span class='ocrx_word' id='word_1_587' title='bbox 3070 3995 3201 4066; x_wconf 78' lang='grc' dir='ltr'>πρὶν</span> <span class='ocrx_word' id='word_1_588' title='bbox 3224 3997 3290 4066; x_wconf 81' lang='grc' dir='ltr'>τῇ</span> <span class='ocrx_word' id='word_1_589' title='bbox 3319 3994 3592 4065; x_wconf 77' lang='grc' dir='ltr'>ὠμότητι,</span> <span class='ocrx_word' id='word_1_590' title='bbox 3623 3998 3722 4047; x_wconf 78' lang='grc' dir='ltr'>καὶ</span> 
     </span>
    </p>
   </div>
   <div class='ocr_carea' id='block_1_88' title="bbox 2135 4086 3723 4161">
    <p class='ocr_par' dir='ltr' id='par_1_88' title="bbox 2135 4086 3723 4161">
     <span class='ocr_line' id='line_1_88' title="bbox 2135 4086 3723 4161; baseline -0.004 -17"><span class='ocrx_word' id='word_1_591' title='bbox 2135 4089 2523 4161; x_wconf 76' lang='grc' dir='ltr'>μισανθρωπία</span> <span class='ocrx_word' id='word_1_592' title='bbox 2559 4089 2913 4159; x_wconf 86' lang='grc' dir='ltr'>ἐπεπώρωτο,</span> <span class='ocrx_word' id='word_1_593' title='bbox 2935 4086 3372 4158; x_wconf 87' lang='grc' dir='ltr'>μεταϐάλλεσθαι</span> <span class='ocrx_word' id='word_1_594' title='bbox 3400 4087 3465 4140; x_wconf 82' lang='grc' dir='ltr'>οὐ</span> <span class='ocrx_word' id='word_1_595' title='bbox 3496 4103 3723 4157; x_wconf 81' lang='grc' dir='ltr'>προσιε-</span> 
     </span>
    </p>
   </div>
   <div class='ocr_carea' id='block_1_89' title="bbox 2136 4177 3722 4255">
    <p class='ocr_par' dir='ltr' id='par_1_89' title="bbox 2136 4177 3722 4255">
     <span class='ocr_line' id='line_1_89' title="bbox 2136 4177 3722 4255; baseline -0.003 -19"><span class='ocrx_word' id='word_1_596' title='bbox 2136 4184 2277 4255; x_wconf 83' lang='grc' dir='ltr'>μένη</span> <span class='ocrx_word' id='word_1_597' title='bbox 2309 4183 2445 4255; x_wconf 85' lang='grc' dir='ltr'>πρὸς</span> <span class='ocrx_word' id='word_1_598' title='bbox 2475 4182 2811 4254; x_wconf 78' lang='grc' dir='ltr'>ἡμερότητα,</span> <span class='ocrx_word' id='word_1_599' title='bbox 2840 4181 2978 4236; x_wconf 83' lang='grc' dir='ltr'><strong>ἀλλά</strong></span> <span class='ocrx_word' id='word_1_600' title='bbox 3015 4177 3109 4234; x_wconf 85' lang='grc' dir='ltr'><strong>οῦν</strong></span> <span class='ocrx_word' id='word_1_601' title='bbox 3139 4182 3237 4252; x_wconf 84' lang='grc' dir='ltr'><strong>οὐχ</strong></span> <span class='ocrx_word' id='word_1_602' title='bbox 3279 4178 3455 4244; x_wconf 73' lang='grc' dir='ltr'>οὕτως</span> <span class='ocrx_word' id='word_1_603' title='bbox 3487 4179 3722 4251; x_wconf 84' lang='grc' dir='ltr'>ἐγνωρί-</span> 
     </span>
    </p>
   </div>
   <div class='ocr_carea' id='block_1_90' title="bbox 2135 4272 3722 4346">
    <p class='ocr_par' dir='ltr' id='par_1_90' title="bbox 2135 4272 3722 4346">
     <span class='ocr_line' id='line_1_90' title="bbox 2135 4272 3722 4346; baseline -0.002 -19"><span class='ocrx_word' id='word_1_604' title='bbox 2135 4273 2260 4338; x_wconf 79' lang='grc' dir='ltr'>ζετο</span> <span class='ocrx_word' id='word_1_605' title='bbox 2289 4272 2523 4346; x_wconf 82' lang='grc' dir='ltr'>σκληρὰ,</span> <span class='ocrx_word' id='word_1_606' title='bbox 2553 4274 2649 4327; x_wconf 75' lang='grc' dir='ltr'><strong>καὶ</strong></span> <span class='ocrx_word' id='word_1_607' title='bbox 2681 4273 2942 4343; x_wconf 74' lang='grc' dir='ltr'>αὐθάδης,</span> <span class='ocrx_word' id='word_1_608' title='bbox 2970 4272 3066 4327; x_wconf 73' lang='grc' dir='ltr'><strong>καὶ</strong></span> <span class='ocrx_word' id='word_1_609' title='bbox 3087 4272 3407 4344; x_wconf 84' lang='grc' dir='ltr'>ἀμείλικτος</span> <span class='ocrx_word' id='word_1_610' title='bbox 3436 4273 3722 4342; x_wconf 78' lang='grc' dir='ltr'>ἡΦαραω-</span> 
     </span>
    </p>
   </div>
   <div class='ocr_carea' id='block_1_91' title="bbox 447 4355 2021 4441">
    <p class='ocr_par' dir='ltr' id='par_1_91' title="bbox 447 4355 2021 4427">
     <span class='ocr_line' id='line_1_91' title="bbox 447 4355 2021 4427; baseline -0.002 -15"><span class='ocrx_word' id='word_1_611' title='bbox 447 4358 744 4427; x_wconf 80' lang='lat' dir='ltr'><strong>snperbus,</strong></span> <span class='ocrx_word' id='word_1_612' title='bbox 790 4365 845 4411; x_wconf 89' lang='lat' dir='ltr'><strong>et</strong></span> <span class='ocrx_word' id='word_1_613' title='bbox 872 4357 1010 4411; x_wconf 88' lang='lat' dir='ltr'><strong>adeo</strong></span> <span class='ocrx_word' id='word_1_614' title='bbox 1063 4355 1376 4411; x_wconf 78' lang='lat' dir='ltr'><strong>inﬂexibilis</strong></span> <span class='ocrx_word' id='word_1_615' title='bbox 1418 4364 1599 4411; x_wconf 83' lang='lat' dir='ltr'><strong>esset:</strong></span> <span class='ocrx_word' id='word_1_616' title='bbox 1634 4372 1810 4425; x_wconf 87' lang='lat' dir='ltr'><strong>neque</strong></span> <span class='ocrx_word' id='word_1_617' title='bbox 1840 4357 1886 4411; x_wconf 94' lang='lat' dir='ltr'><strong>is</strong></span> <span class='ocrx_word' id='word_1_618' title='bbox 1921 4356 2021 4410; x_wconf 76' lang='lat' dir='ltr'><strong>ulla</strong></span> 
     </span>
    </p>
   </div>
   <div class='ocr_carea' id='block_1_92' title="bbox 2127 4355 3724 4441">
    <p class='ocr_par' dir='ltr' id='par_1_92' title="bbox 2136 4364 3724 4439">
     <span class='ocr_line' id='line_1_92' title="bbox 2136 4364 3724 4439; baseline 0.001 -23"><span class='ocrx_word' id='word_1_619' title='bbox 2136 4371 2271 4431; x_wconf 80' lang='grc' dir='ltr'>νῖτις</span> <span class='ocrx_word' id='word_1_620' title='bbox 2300 4367 2447 4439; x_wconf 75' lang='grc' dir='ltr'>ψυχή</span> <span class='ocrx_word' id='word_1_621' title='bbox 2476 4383 2489 4397; x_wconf 84' lang='grc'><em>’</em></span> <span class='ocrx_word' id='word_1_622' title='bbox 2535 4366 2657 4419; x_wconf 79' lang='grc' dir='ltr'>οὐδὲ</span> <span class='ocrx_word' id='word_1_623' title='bbox 2705 4366 2815 4419; x_wconf 84' lang='grc' dir='ltr'><strong>τῶν</strong></span> <span class='ocrx_word' id='word_1_624' title='bbox 2858 4365 3034 4419; x_wconf 84' lang='grc' dir='ltr'>ἄλλων</span> <span class='ocrx_word' id='word_1_625' title='bbox 3072 4366 3246 4421; x_wconf 78' lang='grc' dir='ltr'>οὐδενὶ</span> <span class='ocrx_word' id='word_1_626' title='bbox 3278 4364 3422 4420; x_wconf 74' lang='grc' dir='ltr'>οὕτω</span> <span class='ocrx_word' id='word_1_627' title='bbox 3460 4367 3598 4419; x_wconf 81' lang='grc' dir='ltr'>πᾶσι</span> <span class='ocrx_word' id='word_1_628' title='bbox 3645 4366 3724 4419; x_wconf 74' lang='grc' dir='ltr'>δι-</span> 
     </span>
    </p>
   </div>
   <div class='ocr_carea' id='block_1_93' title="bbox 449 4448 2029 4513">
    <p class='ocr_par' dir='ltr' id='par_1_93' title="bbox 449 4448 2029 4513">
     <span class='ocr_line' id='line_1_93' title="bbox 449 4448 2029 4513; baseline -0.004 -7"><span class='ocrx_word' id='word_1_629' title='bbox 449 4451 758 4506; x_wconf 79' lang='lat' dir='ltr'><strong>l&#39;acinorum</strong></span> <span class='ocrx_word' id='word_1_630' title='bbox 789 4465 1017 4505; x_wconf 85' lang='lat' dir='ltr'><strong>suorum</strong></span> <span class='ocrx_word' id='word_1_631' title='bbox 1051 4450 1132 4504; x_wconf 89' lang='lat' dir='ltr'><strong>sic</strong></span> <span class='ocrx_word' id='word_1_632' title='bbox 1160 4449 1411 4503; x_wconf 76' lang='lat' dir='ltr'><strong>(lmlllbus</strong></span> <span class='ocrx_word' id='word_1_633' title='bbox 1446 4449 1703 4513; x_wconf 91' lang='lat' dir='ltr'><strong>innotuit,</strong></span> <span class='ocrx_word' id='word_1_634' title='bbox 1742 4459 1796 4503; x_wconf 88' lang='lat' dir='ltr'><strong>et</strong></span> <span class='ocrx_word' id='word_1_635' title='bbox 1825 4448 2029 4502; x_wconf 74' lang='lat' dir='ltr'><strong>indele—</strong></span> 
     </span>
    </p>
   </div>
   <div class='ocr_carea' id='block_1_94' title="bbox 451 4541 2030 4611">
    <p class='ocr_par' dir='ltr' id='par_1_94' title="bbox 451 4541 2030 4611">
     <span class='ocr_line' id='line_1_94' title="bbox 451 4541 2030 4611; baseline -0.003 -14"><span class='ocrx_word' id='word_1_636' title='bbox 451 4543 562 4597; x_wconf 83' lang='lat' dir='ltr'><strong>bile</strong></span> <span class='ocrx_word' id='word_1_637' title='bbox 613 4542 716 4598; x_wconf 87' lang='lat' dir='ltr'><strong>sibi</strong></span> <span class='ocrx_word' id='word_1_638' title='bbox 772 4550 1189 4596; x_wconf 87' lang='lat' dir='ltr'><strong>monumentum</strong></span> <span class='ocrx_word' id='word_1_639' title='bbox 1257 4541 1635 4611; x_wconf 84' lang='lat' dir='ltr'><strong>comparavit;</strong></span> <span class='ocrx_word' id='word_1_640' title='bbox 1690 4551 1750 4595; x_wconf 90' lang='lat' dir='ltr'><strong>ut</strong></span> <span class='ocrx_word' id='word_1_641' title='bbox 1808 4542 2030 4611; x_wconf 81' lang='lat' dir='ltr'><strong>quando</strong></span> 
     </span>
    </p>
   </div>
   <div class='ocr_carea' id='block_1_95' title="bbox 454 4633 2029 4705">
    <p class='ocr_par' dir='ltr' id='par_1_95' title="bbox 454 4633 2029 4705">
     <span class='ocr_line' id='line_1_95' title="bbox 454 4633 2029 4705; baseline -0.001 -17"><span class='ocrx_word' id='word_1_642' title='bbox 454 4651 551 4705; x_wconf 83' lang='lat' dir='ltr'><strong>per</strong></span> <span class='ocrx_word' id='word_1_643' title='bbox 607 4633 945 4689; x_wconf 86' lang='lat' dir='ltr'><strong>incredibilia</strong></span> <span class='ocrx_word' id='word_1_644' title='bbox 1015 4633 1259 4703; x_wconf 76' lang='lat' dir='ltr'><strong>prodigia</strong></span> <span class='ocrx_word' id='word_1_645' title='bbox 1318 4633 1661 4701; x_wconf 75' lang='lat' dir='ltr'><strong>llagellatus,</strong></span> <span class='ocrx_word' id='word_1_646' title='bbox 1729 4633 1783 4687; x_wconf 92' lang='lat' dir='ltr'><strong>in</strong></span> <span class='ocrx_word' id='word_1_647' title='bbox 1840 4634 2029 4687; x_wconf 81' lang='lat' dir='ltr'><strong>eadem</strong></span> 
     </span>
    </p>
   </div>
   <div class='ocr_carea' id='block_1_96' title="bbox 458 4723 1887 4792">
    <p class='ocr_par' dir='ltr' id='par_1_96' title="bbox 458 4723 1887 4792">
     <span class='ocr_line' id='line_1_96' title="bbox 458 4723 1887 4792; baseline 0.001 -14"><span class='ocrx_word' id='word_1_648' title='bbox 458 4738 638 4779; x_wconf 86' lang='lat' dir='ltr'><strong>tamen</strong></span> <span class='ocrx_word' id='word_1_649' title='bbox 684 4724 1047 4788; x_wconf 87' lang='lat' dir='ltr'><strong>immanitate,</strong></span> <span class='ocrx_word' id='word_1_650' title='bbox 1086 4737 1140 4777; x_wconf 88' lang='lat' dir='ltr'><strong>et</strong></span> <span class='ocrx_word' id='word_1_651' title='bbox 1179 4723 1327 4776; x_wconf 86' lang='lat' dir='ltr'><strong>rabie</strong></span> <span class='ocrx_word' id='word_1_652' title='bbox 1360 4723 1530 4777; x_wconf 83' lang='lat' dir='ltr'><strong>ferina</strong></span> <span class='ocrx_word' id='word_1_653' title='bbox 1571 4725 1887 4792; x_wconf 84' lang='lat' dir='ltr'><strong>permansit.</strong></span> 
     </span>
    </p>
   </div>
   <div class='ocr_carea' id='block_1_97' title="bbox 526 4817 2125 4889">
    <p class='ocr_par' dir='ltr' id='par_1_97' title="bbox 526 4817 2125 4889">
     <span class='ocr_line' id='line_1_97' title="bbox 526 4817 2125 4889; baseline -0.001 -16"><span class='ocrx_word' id='word_1_654' title='bbox 526 4818 583 4873; x_wconf 87' lang='lat' dir='ltr'><strong>Si</strong></span> <span class='ocrx_word' id='word_1_655' title='bbox 624 4818 753 4889; x_wconf 87' lang='lat' dir='ltr'><strong>quis</strong></span> <span class='ocrx_word' id='word_1_656' title='bbox 808 4824 991 4871; x_wconf 88' lang='lat' dir='ltr'><strong>autem</strong></span> <span class='ocrx_word' id='word_1_657' title='bbox 1040 4818 1259 4887; x_wconf 77' lang='lat' dir='ltr'><strong>planius</strong></span> <span class='ocrx_word' id='word_1_658' title='bbox 1303 4833 1524 4887; x_wconf 81' lang='lat' dir='ltr'><strong>quoque</strong></span> <span class='ocrx_word' id='word_1_659' title='bbox 1580 4817 1707 4871; x_wconf 88' lang='lat' dir='ltr'><strong>velit</strong></span> <span class='ocrx_word' id='word_1_660' title='bbox 1756 4832 1821 4872; x_wconf 87' lang='lat' dir='ltr'><strong>ea</strong></span> <span class='ocrx_word' id='word_1_661' title='bbox 1871 4818 2034 4872; x_wconf 83' lang='lat' dir='ltr'><strong>verba</strong></span> <span class='ocrx_word' id='word_1_662' title='bbox 2122 4840 2125 4841; x_wconf 50' lang='grc' dir='ltr'><strong>ν</strong></span> 
     </span>
    </p>
   </div>
   <div class='ocr_carea' id='block_1_98' title="bbox 2136 4453 3725 4527">
    <p class='ocr_par' dir='ltr' id='par_1_98' title="bbox 2136 4453 3725 4527">
     <span class='ocr_line' id='line_1_98' title="bbox 2136 4453 3725 4527; baseline 0.002 -21"><span class='ocrx_word' id='word_1_663' title='bbox 2136 4453 2416 4525; x_wconf 79' lang='grc' dir='ltr'>εόεϐόητο,</span> <span class='ocrx_word' id='word_1_664' title='bbox 2453 4454 2548 4508; x_wconf 66' lang='grc' dir='ltr'><strong>καλ⁵</strong></span> <span class='ocrx_word' id='word_1_665' title='bbox 2587 4453 2949 4525; x_wconf 86' lang='grc' dir='ltr'>ἀνεστηλοῦτο</span> <span class='ocrx_word' id='word_1_666' title='bbox 2977 4455 3113 4525; x_wconf 82' lang='grc' dir='ltr'>πρὸς</span> <span class='ocrx_word' id='word_1_667' title='bbox 3142 4454 3420 4527; x_wconf 85' lang='grc' dir='ltr'>θρίαμϐον</span> <span class='ocrx_word' id='word_1_668' title='bbox 3450 4455 3725 4520; x_wconf 80' lang='grc' dir='ltr'>άνεξάλει·</span> 
     </span>
    </p>
   </div>
   <div class='ocr_carea' id='block_1_99' title="bbox 2141 4545 3723 4618">
    <p class='ocr_par' dir='ltr' id='par_1_99' title="bbox 2141 4545 3723 4618">
     <span class='ocr_line' id='line_1_99' title="bbox 2141 4545 3723 4618; baseline 0 -19"><span class='ocrx_word' id='word_1_669' title='bbox 2141 4564 2273 4600; x_wconf 88' lang='grc' dir='ltr'>πτον</span> <span class='ocrx_word' id='word_1_670' title='bbox 2307 4562 2321 4577; x_wconf 75' lang='grc' dir='ltr'><strong>ο</strong></span> <span class='ocrx_word' id='word_1_671' title='bbox 2346 4545 2418 4609; x_wconf 85' lang='grc' dir='ltr'>ὡς</span> <span class='ocrx_word' id='word_1_672' title='bbox 2446 4549 2561 4610; x_wconf 78' lang='grc' dir='ltr'>τοῖς</span> <span class='ocrx_word' id='word_1_673' title='bbox 2604 4547 2757 4618; x_wconf 82' lang='grc' dir='ltr'>παρὰ</span> <span class='ocrx_word' id='word_1_674' title='bbox 2782 4546 2940 4616; x_wconf 79' lang='grc' dir='ltr'>δόξης</span> <span class='ocrx_word' id='word_1_675' title='bbox 2963 4546 3146 4618; x_wconf 78' lang='grc' dir='ltr'>ἔργοις</span> <span class='ocrx_word' id='word_1_676' title='bbox 3193 4546 3595 4618; x_wconf 79' lang='grc' dir='ltr'>μαστιζομένη,</span> <span class='ocrx_word' id='word_1_677' title='bbox 3629 4548 3723 4600; x_wconf 74' lang='grc' dir='ltr'>καὶ</span> 
     </span>
    </p>
   </div>
   <div class='ocr_carea' id='block_1_100' title="bbox 2138 4638 3723 4710">
    <p class='ocr_par' dir='ltr' id='par_1_100' title="bbox 2138 4638 3723 4710">
     <span class='ocr_line' id='line_1_100' title="bbox 2138 4638 3723 4710; baseline 0.002 -21"><span class='ocrx_word' id='word_1_678' title='bbox 2138 4639 2231 4693; x_wconf 77' lang='grc' dir='ltr'><strong>ἐπὶ</strong></span> <span class='ocrx_word' id='word_1_679' title='bbox 2259 4638 2360 4709; x_wconf 81' lang='grc' dir='ltr'><strong>τῆς</strong></span> <span class='ocrx_word' id='word_1_680' title='bbox 2384 4640 2553 4709; x_wconf 71' lang='grc' dir='ltr'>αὐτῆς</span> <span class='ocrx_word' id='word_1_681' title='bbox 2580 4639 2927 4709; x_wconf 86' lang='grc' dir='ltr'>ἀγριότητος,</span> <span class='ocrx_word' id='word_1_682' title='bbox 2963 4641 3057 4693; x_wconf 79' lang='grc' dir='ltr'><strong>καὶ</strong></span> <span class='ocrx_word' id='word_1_683' title='bbox 3083 4639 3382 4710; x_wconf 84' lang='grc' dir='ltr'>θηριώδους</span> <span class='ocrx_word' id='word_1_684' title='bbox 3402 4642 3583 4709; x_wconf 74' lang='grc' dir='ltr'>ὁρμῆς</span> <span class='ocrx_word' id='word_1_685' title='bbox 3603 4639 3723 4692; x_wconf 62' lang='grc' dir='ltr'><strong>ὃπ-</strong></span> 
     </span>
    </p>
   </div>
   <div class='ocr_carea' id='block_1_101' title="bbox 2142 4728 2401 4799">
    <p class='ocr_par' dir='ltr' id='par_1_101' title="bbox 2142 4728 2401 4799">
     <span class='ocr_line' id='line_1_101' title="bbox 2142 4728 2401 4799; baseline 0.015 -20"><span class='ocrx_word' id='word_1_686' title='bbox 2142 4728 2401 4799; x_wconf 79' lang='grc' dir='ltr'>μένουσα.</span> 
     </span>
    </p>
   </div>
   <div class='ocr_carea' id='block_1_102' title="bbox 2213 4817 3725 4892">
    <p class='ocr_par' dir='ltr' id='par_1_102' title="bbox 2213 4817 3725 4892">
     <span class='ocr_line' id='line_1_102' title="bbox 2213 4817 3725 4892; baseline 0.003 -22"><span class='ocrx_word' id='word_1_687' title='bbox 2213 4817 2274 4870; x_wconf 80' lang='grc' dir='ltr'><strong>Εἰ</strong></span> <span class='ocrx_word' id='word_1_688' title='bbox 2298 4819 2356 4871; x_wconf 84' lang='grc' dir='ltr'><strong>δέ</strong></span> <span class='ocrx_word' id='word_1_689' title='bbox 2390 4836 2473 4882; x_wconf 89' lang='grc' dir='ltr'><strong>τις</strong></span> <span class='ocrx_word' id='word_1_690' title='bbox 2517 4819 2612 4872; x_wconf 74' lang='grc' dir='ltr'>καὶ</span> <span class='ocrx_word' id='word_1_691' title='bbox 2661 4819 3036 4892; x_wconf 81' lang='grc' dir='ltr'>ἁπλούστερον</span> <span class='ocrx_word' id='word_1_692' title='bbox 3078 4821 3253 4875; x_wconf 83' lang='grc' dir='ltr'>ἐθέλοι</span> <span class='ocrx_word' id='word_1_693' title='bbox 3291 4822 3621 4892; x_wconf 78' lang='grc' dir='ltr'>μεταλαϐεῖν</span> <span class='ocrx_word' id='word_1_694' title='bbox 3666 4824 3725 4876; x_wconf 67' lang='grc' dir='ltr'>τὸ</span> 
     </span>
    </p>
   </div>
   <div class='ocr_carea' id='block_1_103' title="bbox 458 4909 2021 4985">
    <p class='ocr_par' dir='ltr' id='par_1_103' title="bbox 458 4910 2021 4981">
     <span class='ocr_line' id='line_1_103' title="bbox 458 4910 2021 4981; baseline -0.002 -15"><span class='ocrx_word' id='word_1_695' title='bbox 458 4910 831 4981; x_wconf 86' lang='lat' dir='ltr'><strong>interpretari,</strong></span> <span class='ocrx_word' id='word_1_696' title='bbox 904 4918 959 4965; x_wconf 90' lang='lat' dir='ltr'><strong>et</strong></span> <span class='ocrx_word' id='word_1_697' title='bbox 995 4910 1127 4965; x_wconf 89' lang='lat' dir='ltr'><strong>illud</strong></span> <span class='ocrx_word' id='word_1_698' title='bbox 1158 4927 1173 4963; x_wconf 88' lang='lat'><strong>:</strong></span> <span class='ocrx_word' id='word_1_699' title='bbox 1222 4930 1240 4963; x_wconf 80' lang='grc' dir='ltr'><strong>ι</strong></span> <span class='ocrx_word' id='word_1_700' title='bbox 1274 4910 1386 4981; x_wconf 82' lang='lat' dir='ltr'><strong>Ego</strong></span> <span class='ocrx_word' id='word_1_701' title='bbox 1419 4910 1688 4965; x_wconf 88' lang='lat' dir='ltr'><strong>indurabo</strong></span> <span class='ocrx_word' id='word_1_702' title='bbox 1717 4928 1735 4960; x_wconf 74' lang='grc' dir='ltr'><strong>ι</strong></span> <span class='ocrx_word' id='word_1_703' title='bbox 1773 4910 2021 4978; x_wconf 67' lang='lat' dir='ltr'><strong>intelligal</strong></span> 
     </span>
    </p>
   </div>
   <div class='ocr_carea' id='block_1_104' title="bbox 2127 4909 3722 4985">
    <p class='ocr_par' dir='ltr' id='par_1_104' title="bbox 2137 4909 3722 4985">
     <span class='ocr_line' id='line_1_104' title="bbox 2137 4909 3722 4985; baseline 0.003 -22"><span class='ocrx_word' id='word_1_704' title='bbox 2137 4909 2342 4978; x_wconf 81' lang='grc' dir='ltr'>λόγιον,</span> <span class='ocrx_word' id='word_1_705' title='bbox 2360 4913 2452 4965; x_wconf 84' lang='grc' dir='ltr'><strong>καί</strong></span> <span class='ocrx_word' id='word_1_706' title='bbox 2476 4913 2537 4966; x_wconf 88' lang='grc' dir='ltr'>τὸ</span> <span class='ocrx_word' id='word_1_707' title='bbox 2561 4927 2575 4941; x_wconf 77' lang='grc' dir='ltr'><strong>ο</strong></span> <span class='ocrx_word' id='word_1_708' title='bbox 2601 4931 2618 4964; x_wconf 76' lang='lat' dir='ltr'><strong>t</strong></span> <span class='ocrx_word' id='word_1_709' title='bbox 2641 4912 2785 4981; x_wconf 78' lang='grc' dir='ltr'><strong>Ἐγὼ</strong></span> <span class='ocrx_word' id='word_1_710' title='bbox 2815 4913 3126 4985; x_wconf 82' lang='grc' dir='ltr'>σκληρυνῶ,</span> <span class='ocrx_word' id='word_1_711' title='bbox 3152 4934 3170 4966; x_wconf 73' lang='grc' dir='ltr'><strong>ι</strong></span> <span class='ocrx_word' id='word_1_712' title='bbox 3201 4915 3324 4968; x_wconf 76' lang='grc' dir='ltr'>ἀντὶ</span> <span class='ocrx_word' id='word_1_713' title='bbox 3346 4914 3464 4981; x_wconf 84' lang='grc' dir='ltr'>τοῦ,</span> <span class='ocrx_word' id='word_1_714' title='bbox 3482 4934 3500 4965; x_wconf 83' lang='grc' dir='ltr'><strong>ι</strong></span> <span class='ocrx_word' id='word_1_715' title='bbox 3525 4915 3722 4978; x_wconf 80' lang='grc' dir='ltr'>Ἐάσω,</span> 
     </span>
    </p>
   </div>
   <div class='ocr_carea' id='block_1_105' title="bbox 457 5000 2021 5078">
    <p class='ocr_par' dir='ltr' id='par_1_105' title="bbox 457 5000 2021 5073">
     <span class='ocr_line' id='line_1_105' title="bbox 457 5000 2021 5073; baseline -0.001 -18"><span class='ocrx_word' id='word_1_716' title='bbox 457 5018 557 5073; x_wconf 89' lang='lat' dir='ltr'><strong>pro</strong></span> <span class='ocrx_word' id='word_1_717' title='bbox 578 5020 597 5054; x_wconf 83' lang='grc' dir='ltr'><strong>ι</strong></span> <span class='ocrx_word' id='word_1_718' title='bbox 625 5017 725 5072; x_wconf 69' lang='lat' dir='ltr'><strong>ego</strong></span> <span class='ocrx_word' id='word_1_719' title='bbox 757 5003 933 5056; x_wconf 89' lang='lat' dir='ltr'><strong>sinam</strong></span> <span class='ocrx_word' id='word_1_720' title='bbox 981 5011 1035 5057; x_wconf 86' lang='lat' dir='ltr'><strong>et</strong></span> <span class='ocrx_word' id='word_1_721' title='bbox 1079 5001 1386 5072; x_wconf 87' lang='lat' dir='ltr'><strong>permittam</strong></span> <span class='ocrx_word' id='word_1_722' title='bbox 1421 5001 1619 5056; x_wconf 88' lang='lat' dir='ltr'><strong>durum</strong></span> <span class='ocrx_word' id='word_1_723' title='bbox 1651 5000 1808 5068; x_wconf 84' lang='lat' dir='ltr'><strong>ﬁeri.;</strong></span> <span class='ocrx_word' id='word_1_724' title='bbox 1840 5019 1858 5052; x_wconf 76' lang='grc' dir='ltr'><strong>ι</strong></span> <span class='ocrx_word' id='word_1_725' title='bbox 1894 5012 2021 5055; x_wconf 70' lang='lat' dir='ltr'><strong>certi</strong></span> 
     </span>
    </p>
   </div>
   <div class='ocr_carea' id='block_1_106' title="bbox 2127 5000 3724 5078">
    <p class='ocr_par' dir='ltr' id='par_1_106' title="bbox 2139 5006 3724 5078">
     <span class='ocr_line' id='line_1_106' title="bbox 2139 5006 3724 5078; baseline 0.003 -21"><span class='ocrx_word' id='word_1_726' title='bbox 2139 5006 2235 5058; x_wconf 81' lang='grc' dir='ltr'><strong>καὶ</strong></span> <span class='ocrx_word' id='word_1_727' title='bbox 2269 5006 2661 5077; x_wconf 83' lang='grc' dir='ltr'>παραχωρήσω</span> <span class='ocrx_word' id='word_1_728' title='bbox 2712 5007 2958 5078; x_wconf 81' lang='grc' dir='ltr'>σκληρὰν</span> <span class='ocrx_word' id='word_1_729' title='bbox 3009 5008 3285 5077; x_wconf 88' lang='grc' dir='ltr'>γενέσθαι,</span> <span class='ocrx_word' id='word_1_730' title='bbox 3344 5011 3529 5078; x_wconf 71' lang='grc' dir='ltr'>νοήσει</span> <span class='ocrx_word' id='word_1_731' title='bbox 3566 5025 3580 5038; x_wconf 92' lang='grc'><strong>·</strong></span> <span class='ocrx_word' id='word_1_732' title='bbox 3626 5008 3724 5077; x_wconf 81' lang='grc' dir='ltr'>τῆς</span> 
     </span>
    </p>
   </div>
   <div class='ocr_carea' id='block_1_107' title="bbox 458 5092 2035 5165">
    <p class='ocr_par' dir='ltr' id='par_1_107' title="bbox 458 5092 2035 5165">
     <span class='ocr_line' id='line_1_107' title="bbox 458 5092 2035 5165; baseline 0 -18"><span class='ocrx_word' id='word_1_733' title='bbox 458 5092 681 5162; x_wconf 87' lang='lat' dir='ltr'><strong>quidem</strong></span> <span class='ocrx_word' id='word_1_734' title='bbox 717 5109 749 5149; x_wconf 89' lang='lat' dir='ltr'><strong>a</strong></span> <span class='ocrx_word' id='word_1_735' title='bbox 787 5094 1042 5165; x_wconf 80' lang='lat' dir='ltr'><strong>religiosa</strong></span> <span class='ocrx_word' id='word_1_736' title='bbox 1080 5092 1353 5163; x_wconf 77' lang='lat' dir='ltr'><strong>cogitandi</strong></span> <span class='ocrx_word' id='word_1_737' title='bbox 1390 5093 1605 5148; x_wconf 82' lang='lat' dir='ltr'><strong>ratione</strong></span> <span class='ocrx_word' id='word_1_738' title='bbox 1633 5106 1812 5163; x_wconf 82' lang='lat' dir='ltr'><strong>neque</strong></span> <span class='ocrx_word' id='word_1_739' title='bbox 1844 5092 2035 5147; x_wconf 68' lang='lat' dir='ltr'><strong>istha&#39;c</strong></span> 
     </span>
    </p>
   </div>
   <div class='ocr_carea' id='block_1_108' title="bbox 458 5186 2033 5257">
    <p class='ocr_par' dir='ltr' id='par_1_108' title="bbox 458 5186 2033 5257">
     <span class='ocr_line' id='line_1_108' title="bbox 458 5186 2033 5257; baseline -0.001 -16"><span class='ocrx_word' id='word_1_740' title='bbox 458 5187 854 5242; x_wconf 78' lang='lat' dir='ltr'><strong>commentatio</strong></span> <span class='ocrx_word' id='word_1_741' title='bbox 870 5186 1176 5243; x_wconf 89' lang='lat' dir='ltr'><strong>aberrarit:</strong></span> <span class='ocrx_word' id='word_1_742' title='bbox 1204 5201 1310 5241; x_wconf 92' lang='lat' dir='ltr'><strong>non</strong></span> <span class='ocrx_word' id='word_1_743' title='bbox 1341 5186 1656 5257; x_wconf 80' lang='lat' dir='ltr'><strong>aggreditur</strong></span> <span class='ocrx_word' id='word_1_744' title='bbox 1687 5196 1868 5241; x_wconf 85' lang='lat' dir='ltr'><strong>autem</strong></span> <span class='ocrx_word' id='word_1_745' title='bbox 1904 5202 2033 5257; x_wconf 82' lang='lat' dir='ltr'><strong>pro-</strong></span> 
     </span>
    </p>
   </div>
   <div class='ocr_carea' id='block_1_109' title="bbox 2143 5093 3724 5171">
    <p class='ocr_par' dir='ltr' id='par_1_109' title="bbox 2143 5093 3724 5171">
     <span class='ocr_line' id='line_1_109' title="bbox 2143 5093 3724 5171; baseline 0.003 -22"><span class='ocrx_word' id='word_1_746' title='bbox 2143 5096 2245 5168; x_wconf 89' lang='grc' dir='ltr'><strong>μέν</strong></span> <span class='ocrx_word' id='word_1_747' title='bbox 2280 5096 2613 5169; x_wconf 76' lang='grc' dir='ltr'>εύσεθούσης</span> <span class='ocrx_word' id='word_1_748' title='bbox 2650 5098 2810 5169; x_wconf 78' lang='grc' dir='ltr'>δόξης</span> <span class='ocrx_word' id='word_1_749' title='bbox 2837 5098 2944 5152; x_wconf 83' lang='grc' dir='ltr'>οὐδ’</span> <span class='ocrx_word' id='word_1_750' title='bbox 2972 5093 3126 5164; x_wconf 72' lang='grc' dir='ltr'>οὗτος</span> <span class='ocrx_word' id='word_1_751' title='bbox 3157 5102 3186 5155; x_wconf 89' lang='grc' dir='ltr'><strong>ό</strong></span> <span class='ocrx_word' id='word_1_752' title='bbox 3214 5100 3373 5170; x_wconf 87' lang='grc' dir='ltr'>λόγος</span> <span class='ocrx_word' id='word_1_753' title='bbox 3400 5101 3686 5171; x_wconf 76' lang='grc' dir='ltr'>διέστηκεν</span> <span class='ocrx_word' id='word_1_754' title='bbox 3710 5116 3724 5131; x_wconf 82' lang='grc'><em>’</em></span> 
     </span>
    </p>
   </div>
   <div class='ocr_carea' id='block_1_110' title="bbox 2140 5188 3726 5265">
    <p class='ocr_par' dir='ltr' id='par_1_110' title="bbox 2140 5188 3726 5265">
     <span class='ocr_line' id='line_1_110' title="bbox 2140 5188 3726 5265; baseline 0.003 -22"><span class='ocrx_word' id='word_1_755' title='bbox 2140 5188 2241 5258; x_wconf 75' lang='grc' dir='ltr'>τῆς</span> <span class='ocrx_word' id='word_1_756' title='bbox 2275 5188 2579 5261; x_wconf 73' lang='grc' dir='ltr'>μεταϐολῆς</span> <span class='ocrx_word' id='word_1_757' title='bbox 2614 5190 2671 5245; x_wconf 73' lang='grc' dir='ltr'>δὲ</span> <span class='ocrx_word' id='word_1_758' title='bbox 2702 5191 2811 5245; x_wconf 83' lang='grc' dir='ltr'><strong>τῶν</strong></span> <span class='ocrx_word' id='word_1_759' title='bbox 2844 5194 3111 5263; x_wconf 73' lang='grc' dir='ltr'>ῥημάτων</span> <span class='ocrx_word' id='word_1_760' title='bbox 3137 5195 3239 5248; x_wconf 78' lang='grc' dir='ltr'>οὐκ</span> <span class='ocrx_word' id='word_1_761' title='bbox 3276 5194 3584 5259; x_wconf 72' lang='grc' dir='ltr'>ἰδιάζουσαν</span> <span class='ocrx_word' id='word_1_762' title='bbox 3612 5195 3726 5265; x_wconf 75' lang='grc' dir='ltr'>ἔχει</span> 
     </span>
    </p>
   </div>
   <div class='ocr_carea' id='block_1_111' title="bbox 1990 5370 2223 5428">
    <p class='ocr_par' dir='ltr' id='par_1_111' title="bbox 1990 5370 2223 5428">
     <span class='ocr_line' id='line_1_111' title="bbox 1990 5370 2223 5428; baseline 0.004 -2"><span class='ocrx_word' id='word_1_763' title='bbox 1990 5370 2223 5428; x_wconf 66' lang='lat' dir='ltr'><strong>NOTAE.</strong></span> 
     </span>
    </p>
   </div>
   <div class='ocr_carea' id='block_1_112' title="bbox 529 5514 2031 5591">
    <p class='ocr_par' dir='ltr' id='par_1_112' title="bbox 529 5514 2031 5591">
     <span class='ocr_line' id='line_1_112' title="bbox 529 5514 2031 5591; baseline -0.003 -19"><span class='ocrx_word' id='word_1_764' title='bbox 529 5516 643 5591; x_wconf 57' lang='lat' dir='ltr'><strong>(3i)</strong></span> <span class='ocrx_word' id='word_1_765' title='bbox 674 5516 743 5591; x_wconf 82' lang='lat' dir='ltr'><strong>At</strong></span> <span class='ocrx_word' id='word_1_766' title='bbox 772 5518 931 5591; x_wconf 87' lang='lat' dir='ltr'><strong>istam</strong></span> <span class='ocrx_word' id='word_1_767' title='bbox 962 5515 1585 5591; x_wconf 70' lang='lat' dir='ltr'><strong>egojnterpretationem</strong></span> <span class='ocrx_word' id='word_1_768' title='bbox 1619 5514 1843 5591; x_wconf 82' lang='lat' dir='ltr'><strong>minime</strong></span> <span class='ocrx_word' id='word_1_769' title='bbox 1859 5514 2031 5591; x_wconf 79' lang='lat' dir='ltr'><strong>dam-</strong></span> 
     </span>
    </p>
   </div>
   <div class='ocr_carea' id='block_1_113' title="bbox 459 5586 2028 5660">
    <p class='ocr_par' dir='ltr' id='par_1_113' title="bbox 459 5586 2028 5660">
     <span class='ocr_line' id='line_1_113' title="bbox 459 5586 2028 5660; baseline -0.004 -16"><span class='ocrx_word' id='word_1_770' title='bbox 459 5586 662 5660; x_wconf 83' lang='lat' dir='ltr'><strong>narim,</strong></span> <span class='ocrx_word' id='word_1_771' title='bbox 692 5590 890 5660; x_wconf 61' lang='lat' dir='ltr'><strong>Quippe</strong></span> <span class='ocrx_word' id='word_1_772' title='bbox 916 5603 1038 5658; x_wconf 67' lang='lat' dir='ltr'><strong>quae</strong></span> <span class='ocrx_word' id='word_1_773' title='bbox 1068 5586 1311 5660; x_wconf 47' lang='lat' dir='ltr'><strong>fautores</strong></span> <span class='ocrx_word' id='word_1_774' title='bbox 1356 5589 1514 5643; x_wconf 78' lang='lat' dir='ltr'><strong>habet</strong></span> <span class='ocrx_word' id='word_1_775' title='bbox 1545 5586 2028 5660; x_wconf 57' lang='lat' dir='ltr'><strong>praeclarissimas:</strong></span> 
     </span>
    </p>
   </div>
   <div class='ocr_carea' id='block_1_114' title="bbox 451 5655 2031 5735">
    <p class='ocr_par' dir='ltr' id='par_1_114' title="bbox 451 5655 2031 5735">
     <span class='ocr_line' id='line_1_114' title="bbox 451 5655 2031 5735; baseline -0.006 -18"><span class='ocrx_word' id='word_1_776' title='bbox 451 5655 745 5735; x_wconf 74' lang='lat' dir='ltr'><strong>Origenent</strong></span> <span class='ocrx_word' id='word_1_777' title='bbox 770 5655 976 5715; x_wconf 63' lang='lat' dir='ltr'><strong>rauce.</strong></span> <span class='ocrx_word' id='word_1_778' title='bbox 1014 5674 1063 5713; x_wconf 91' lang='lat' dir='ltr'><strong>e.</strong></span> <span class='ocrx_word' id='word_1_779' title='bbox 1088 5659 1158 5714; x_wconf 77' lang='grc'><strong>20</strong></span> <span class='ocrx_word' id='word_1_780' title='bbox 1180 5698 1195 5725; x_wconf 86' lang='grc'><strong>,</strong></span> <span class='ocrx_word' id='word_1_781' title='bbox 1224 5655 1649 5725; x_wconf 76' lang='lat' dir='ltr'><strong>Theodoretum,</strong></span> <span class='ocrx_word' id='word_1_782' title='bbox 1676 5657 1727 5712; x_wconf 81' lang='lat' dir='ltr'><strong>in</strong></span> <span class='ocrx_word' id='word_1_783' title='bbox 1762 5655 1932 5726; x_wconf 77' lang='lat' dir='ltr'><strong>Epist.</strong></span> <span class='ocrx_word' id='word_1_784' title='bbox 1961 5661 2031 5711; x_wconf 80' lang='lat' dir='ltr'><strong>ad</strong></span> 
     </span>
    </p>
   </div>
   <div class='ocr_carea' id='block_1_115' title="bbox 2141 5515 3726 5642">
    <p class='ocr_par' dir='ltr' id='par_1_115' title="bbox 2141 5515 3726 5642">
     <span class='ocr_line' id='line_1_115' title="bbox 2141 5515 3726 5642; baseline 0 -71"><span class='ocrx_word' id='word_1_785' title='bbox 2141 5517 2411 5642; x_wconf 53' lang='lat' dir='ltr'><strong>Ronéhtx.</strong></span> <span class='ocrx_word' id='word_1_786' title='bbox 2450 5517 2548 5587; x_wconf 86' lang='lat' dir='ltr'><strong>l7;</strong></span> <span class='ocrx_word' id='word_1_787' title='bbox 2578 5534 2644 5577; x_wconf 86' lang='lat' dir='ltr'><strong>ac</strong></span> <span class='ocrx_word' id='word_1_788' title='bbox 2676 5517 2963 5586; x_wconf 80' lang='lat' dir='ltr'><strong>Basilium,</strong></span> <span class='ocrx_word' id='word_1_789' title='bbox 2991 5518 3170 5574; x_wconf 76' lang='lat' dir='ltr'><strong>Schol.</strong></span> <span class='ocrx_word' id='word_1_790' title='bbox 3190 5517 3245 5572; x_wconf 75' lang='lat' dir='ltr'><strong>in</strong></span> <span class='ocrx_word' id='word_1_791' title='bbox 3270 5518 3447 5587; x_wconf 74' lang='lat' dir='ltr'><strong>Epist.</strong></span> <span class='ocrx_word' id='word_1_792' title='bbox 3470 5519 3541 5574; x_wconf 75' lang='lat' dir='ltr'><strong>ad</strong></span> <span class='ocrx_word' id='word_1_793' title='bbox 3572 5515 3726 5572; x_wconf 63' lang='lat' dir='ltr'><strong>Rom.</strong></span> 
     </span>
     <span class='ocr_line' id='line_1_116' title="bbox 2141 5605 2339 5642; baseline 0 0"><span class='ocrx_word' id='word_1_794' title='bbox 2141 5605 2215 5642; x_wconf 72' lang='grc' dir='ltr'><strong>ιι.</strong></span> <span class='ocrx_word' id='word_1_795' title='bbox 2326 5627 2339 5642; x_wconf 93' lang='grc'><strong>.</strong></span> 
     </span>
    </p>
   </div>
   <div class='ocr_carea' id='block_1_116' title="bbox 2141 5605 2339 5655">
    <p class='ocr_par' dir='ltr' id='par_1_116' title="bbox 2141 5605 2339 5655">
     <span class='ocr_line' id='line_1_117' title="bbox 2141 5605 2339 5655; baseline 0.005 -13"><span class='ocrx_word' id='word_1_796' title='bbox 2141 5605 2215 5655; x_wconf 80' lang='lat' dir='ltr'><strong>ix,</strong></span> <span class='ocrx_word' id='word_1_797' title='bbox 2249 5605 2339 5643; x_wconf 71' lang='grc' dir='ltr'><strong>κδ.</strong></span> 
     </span>
    </p>
   </div>
  </div>
