  <div class='ocr_page' id='page_1' title='image "/cluster/home/n/w/nwhite01/storage/ocr_20150623/101/hvd.32044018872879/166.png"; bbox 0 0 3888 6186; ppageno 0'>
   <div class='ocr_carea' id='block_1_1' title="bbox 200 232 301 297">
    <p class='ocr_par' dir='ltr' id='par_1_1' title="bbox 200 232 301 297">
     <span class='ocr_line' id='line_1_1' title="bbox 200 232 301 297; baseline 0 0"><span class='ocrx_word' id='word_1_1' title='bbox 200 232 301 297; x_wconf 76' lang='grc'><strong>285</strong></span> 
     </span>
    </p>
   </div>
   <div class='ocr_carea' id='block_1_2' title="bbox 1107 234 2433 306">
    <p class='ocr_par' dir='ltr' id='par_1_2' title="bbox 1107 234 2433 306">
     <span class='ocr_line' id='line_1_2' title="bbox 1107 234 2433 306; baseline 0.004 -13"><span class='ocrx_word' id='word_1_2' title='bbox 1107 235 1207 294; x_wconf 82' lang='lat' dir='ltr'><strong>AD</strong></span> <span class='ocrx_word' id='word_1_3' title='bbox 1236 234 1837 295; x_wconf 81' lang='lat' dir='ltr'><strong>AMPHILOCIIIUM</strong></span> <span class='ocrx_word' id='word_1_4' title='bbox 1868 236 2216 306; x_wconf 70' lang='lat' dir='ltr'><strong>QUIESTIU</strong></span> <span class='ocrx_word' id='word_1_5' title='bbox 2279 240 2433 299; x_wconf 78' lang='lat' dir='ltr'><strong>XLI.</strong></span> 
     </span>
    </p>
   </div>
   <div class='ocr_carea' id='block_1_3' title="bbox 3348 252 3454 321">
    <p class='ocr_par' dir='ltr' id='par_1_3' title="bbox 3348 252 3454 321">
     <span class='ocr_line' id='line_1_3' title="bbox 3348 252 3454 321; baseline 0.038 -4"><span class='ocrx_word' id='word_1_6' title='bbox 3348 252 3454 321; x_wconf 70' lang='lat'><strong>286</strong></span> 
     </span>
    </p>
   </div>
   <div class='ocr_carea' id='block_1_4' title="bbox 194 350 1768 428">
    <p class='ocr_par' dir='ltr' id='par_1_4' title="bbox 194 350 1768 425">
     <span class='ocr_line' id='line_1_4' title="bbox 194 350 1768 425; baseline -0.002 -18"><span class='ocrx_word' id='word_1_7' title='bbox 194 352 288 425; x_wconf 79' lang='grc' dir='ltr'>τὴν</span> <span class='ocrx_word' id='word_1_8' title='bbox 329 350 743 425; x_wconf 79' lang='grc' dir='ltr'>μεταχείρησιν,</span> <span class='ocrx_word' id='word_1_9' title='bbox 782 350 918 406; x_wconf 80' lang='grc' dir='ltr'><strong>ἀλλά</strong></span> <span class='ocrx_word' id='word_1_10' title='bbox 954 351 1031 415; x_wconf 79' lang='grc' dir='ltr'>εἰς</span> <span class='ocrx_word' id='word_1_11' title='bbox 1066 351 1166 423; x_wconf 75' lang='grc' dir='ltr'><strong>τὴν</strong></span> <span class='ocrx_word' id='word_1_12' title='bbox 1214 351 1401 422; x_wconf 77' lang='grc' dir='ltr'>κοινὴν</span> <span class='ocrx_word' id='word_1_13' title='bbox 1432 350 1768 420; x_wconf 72' lang='grc' dir='ltr'><strong>καταφεύγει</strong></span> 
     </span>
    </p>
   </div>
   <div class='ocr_carea' id='block_1_5' title="bbox 1876 350 3454 428">
    <p class='ocr_par' dir='ltr' id='par_1_5' title="bbox 1876 353 3454 428">
     <span class='ocr_line' id='line_1_5' title="bbox 1876 353 3454 428; baseline 0.016 -24"><span class='ocrx_word' id='word_1_14' title='bbox 1876 354 2048 423; x_wconf 81' lang='lat' dir='ltr'><strong>pi-iam</strong></span> <span class='ocrx_word' id='word_1_15' title='bbox 2086 353 2188 409; x_wconf 92' lang='lat' dir='ltr'><strong>loci</strong></span> <span class='ocrx_word' id='word_1_16' title='bbox 2224 353 2387 424; x_wconf 84' lang='lat' dir='ltr'>hujus</span> <span class='ocrx_word' id='word_1_17' title='bbox 2418 357 2944 427; x_wconf 83' lang='lat' dir='ltr'><strong>interpretationem,</strong></span> <span class='ocrx_word' id='word_1_18' title='bbox 2977 364 3069 419; x_wconf 85' lang='lat' dir='ltr'><strong>sed</strong></span> <span class='ocrx_word' id='word_1_19' title='bbox 3107 367 3174 422; x_wconf 84' lang='lat' dir='ltr'><strong>ad</strong></span> <span class='ocrx_word' id='word_1_20' title='bbox 3206 386 3454 428; x_wconf 63' lang='lat' dir='ltr'><strong>(ommu-</strong></span> 
     </span>
    </p>
   </div>
   <div class='ocr_carea' id='block_1_6' title="bbox 194 440 1768 516">
    <p class='ocr_par' dir='ltr' id='par_1_6' title="bbox 194 440 1768 516">
     <span class='ocr_line' id='line_1_6' title="bbox 194 440 1768 516; baseline -0.003 -15"><span class='ocrx_word' id='word_1_21' title='bbox 194 446 364 507; x_wconf 82' lang='grc' dir='ltr'>λύσιν,</span> <span class='ocrx_word' id='word_1_22' title='bbox 397 444 469 499; x_wconf 82' lang='grc' dir='ltr'>δι’</span> <span class='ocrx_word' id='word_1_23' title='bbox 498 440 567 516; x_wconf 81' lang='grc' dir='ltr'>ἧς</span> <span class='ocrx_word' id='word_1_24' title='bbox 604 446 700 498; x_wconf 75' lang='grc' dir='ltr'><strong>καλ</strong></span> <span class='ocrx_word' id='word_1_25' title='bbox 734 444 869 499; x_wconf 79' lang='grc' dir='ltr'>ἄλλα</span> <span class='ocrx_word' id='word_1_26' title='bbox 892 444 1065 498; x_wconf 89' lang='grc' dir='ltr'>πλείω</span> <span class='ocrx_word' id='word_1_27' title='bbox 1103 445 1165 498; x_wconf 81' lang='grc' dir='ltr'><strong>τὸ</strong></span> <span class='ocrx_word' id='word_1_28' title='bbox 1200 448 1295 515; x_wconf 84' lang='grc' dir='ltr'>τῆς</span> <span class='ocrx_word' id='word_1_29' title='bbox 1334 444 1559 514; x_wconf 78' lang='grc' dir='ltr'><strong>μεθόδου</strong></span> <span class='ocrx_word' id='word_1_30' title='bbox 1593 445 1768 496; x_wconf 73' lang='grc' dir='ltr'>κοινὸν</span> 
     </span>
    </p>
   </div>
   <div class='ocr_carea' id='block_1_7' title="bbox 194 535 1769 608">
    <p class='ocr_par' dir='ltr' id='par_1_7' title="bbox 194 535 1769 608">
     <span class='ocr_line' id='line_1_7' title="bbox 194 535 1769 608; baseline -0.001 -18"><span class='ocrx_word' id='word_1_31' title='bbox 194 537 475 591; x_wconf 71' lang='grc' dir='ltr'>ἔπιλύεται</span> <span class='ocrx_word' id='word_1_32' title='bbox 508 552 521 567; x_wconf 85' lang='grc'><strong>·</strong></span> <span class='ocrx_word' id='word_1_33' title='bbox 573 536 649 599; x_wconf 87' lang='grc' dir='ltr'>ὼς</span> <span class='ocrx_word' id='word_1_34' title='bbox 683 537 745 590; x_wconf 80' lang='grc' dir='ltr'><strong>τὸ</strong></span> <span class='ocrx_word' id='word_1_35' title='bbox 769 578 784 599; x_wconf 90' lang='grc'><strong>,</strong></span> <span class='ocrx_word' id='word_1_36' title='bbox 827 557 845 588; x_wconf 82' lang='grc' dir='ltr'><strong>ι</strong></span> <span class='ocrx_word' id='word_1_37' title='bbox 889 536 1219 608; x_wconf 85' lang='grc' dir='ltr'>Παρέδωκεν</span> <span class='ocrx_word' id='word_1_38' title='bbox 1255 538 1453 599; x_wconf 76' lang='grc' dir='ltr'>αὐτοὺς</span> <span class='ocrx_word' id='word_1_39' title='bbox 1490 538 1572 599; x_wconf 85' lang='grc' dir='ltr'><strong>είς</strong></span> <span class='ocrx_word' id='word_1_40' title='bbox 1620 535 1769 605; x_wconf 83' lang='grc' dir='ltr'><strong>πάθη</strong></span> 
     </span>
    </p>
   </div>
   <div class='ocr_carea' id='block_1_8' title="bbox 194 624 1769 697">
    <p class='ocr_par' dir='ltr' id='par_1_8' title="bbox 194 624 1769 697">
     <span class='ocr_line' id='line_1_8' title="bbox 194 624 1769 697; baseline -0.004 -14"><span class='ocrx_word' id='word_1_41' title='bbox 194 626 411 697; x_wconf 76' lang='grc' dir='ltr'><strong>ἀτιμίας</strong></span> <span class='ocrx_word' id='word_1_42' title='bbox 439 643 453 657; x_wconf 88' lang='grc'><strong>·</strong></span> <span class='ocrx_word' id='word_1_43' title='bbox 498 646 516 679; x_wconf 78' lang='grc' dir='ltr'><strong>ι</strong></span> <span class='ocrx_word' id='word_1_44' title='bbox 548 626 666 692; x_wconf 78' lang='grc' dir='ltr'>καὶ,</span> <span class='ocrx_word' id='word_1_45' title='bbox 698 645 717 678; x_wconf 83' lang='grc' dir='ltr'><strong>ι</strong></span> <span class='ocrx_word' id='word_1_46' title='bbox 758 627 1084 697; x_wconf 81' lang='grc' dir='ltr'>Παρὲδωκεν</span> <span class='ocrx_word' id='word_1_47' title='bbox 1113 629 1142 680; x_wconf 99' lang='lat'><strong>6</strong></span> <span class='ocrx_word' id='word_1_48' title='bbox 1173 626 1306 691; x_wconf 77' lang='grc' dir='ltr'>Θεὸς</span> <span class='ocrx_word' id='word_1_49' title='bbox 1335 628 1392 679; x_wconf 87' lang='grc' dir='ltr'>ὲν</span> <span class='ocrx_word' id='word_1_50' title='bbox 1420 628 1539 689; x_wconf 83' lang='grc' dir='ltr'>ταῖς</span> <span class='ocrx_word' id='word_1_51' title='bbox 1577 624 1769 678; x_wconf 76' lang='grc' dir='ltr'>ἐπιθυ-</span> 
     </span>
    </p>
   </div>
   <div class='ocr_carea' id='block_1_9' title="bbox 198 717 1770 790">
    <p class='ocr_par' dir='ltr' id='par_1_9' title="bbox 198 717 1770 790">
     <span class='ocr_line' id='line_1_9' title="bbox 198 717 1770 790; baseline -0.001 -19"><span class='ocrx_word' id='word_1_52' title='bbox 198 719 346 789; x_wconf 87' lang='grc' dir='ltr'>μίαις</span> <span class='ocrx_word' id='word_1_53' title='bbox 381 719 482 788; x_wconf 81' lang='grc' dir='ltr'>τῆς</span> <span class='ocrx_word' id='word_1_54' title='bbox 514 719 745 790; x_wconf 79' lang='grc' dir='ltr'><strong>καρδίας</strong></span> <span class='ocrx_word' id='word_1_55' title='bbox 774 718 957 773; x_wconf 85' lang='grc' dir='ltr'>αὐτῶν</span> <span class='ocrx_word' id='word_1_56' title='bbox 977 736 990 750; x_wconf 90' lang='grc'><strong>·</strong></span> <span class='ocrx_word' id='word_1_57' title='bbox 1041 739 1059 772; x_wconf 77' lang='grc' dir='ltr'><strong>ι</strong></span> <span class='ocrx_word' id='word_1_58' title='bbox 1092 719 1208 784; x_wconf 76' lang='grc' dir='ltr'>καὶ,</span> <span class='ocrx_word' id='word_1_59' title='bbox 1245 739 1264 771; x_wconf 80' lang='grc' dir='ltr'><strong>ι</strong></span> <span class='ocrx_word' id='word_1_60' title='bbox 1301 718 1498 781; x_wconf 83' lang='grc' dir='ltr'>Καθὼς</span> <span class='ocrx_word' id='word_1_61' title='bbox 1523 718 1624 771; x_wconf 82' lang='grc' dir='ltr'>οὐκ</span> <span class='ocrx_word' id='word_1_62' title='bbox 1654 717 1770 771; x_wconf 75' lang='grc' dir='ltr'>ἐδο-</span> 
     </span>
    </p>
   </div>
   <div class='ocr_carea' id='block_1_10' title="bbox 195 811 1768 883">
    <p class='ocr_par' dir='ltr' id='par_1_10' title="bbox 195 811 1768 883">
     <span class='ocr_line' id='line_1_10' title="bbox 195 811 1768 883; baseline -0.001 -18"><span class='ocrx_word' id='word_1_63' title='bbox 195 813 427 883; x_wconf 83' lang='grc' dir='ltr'>κίμασαν</span> <span class='ocrx_word' id='word_1_64' title='bbox 474 812 567 865; x_wconf 72' lang='grc' dir='ltr'>τὸν</span> <span class='ocrx_word' id='word_1_65' title='bbox 604 812 736 865; x_wconf 72' lang='grc' dir='ltr'>Θεὸν</span> <span class='ocrx_word' id='word_1_66' title='bbox 772 812 917 883; x_wconf 76' lang='grc' dir='ltr'>ἔχειν</span> <span class='ocrx_word' id='word_1_67' title='bbox 967 813 1024 866; x_wconf 81' lang='grc' dir='ltr'>ἐν</span> <span class='ocrx_word' id='word_1_68' title='bbox 1074 811 1390 881; x_wconf 79' lang='grc' dir='ltr'><strong>ἐπιγνώσει,</strong></span> <span class='ocrx_word' id='word_1_69' title='bbox 1448 812 1768 881; x_wconf 84' lang='grc' dir='ltr'>παρέδωκεν</span> 
     </span>
    </p>
   </div>
   <div class='ocr_carea' id='block_1_11' title="bbox 193 903 1767 975">
    <p class='ocr_par' dir='ltr' id='par_1_11' title="bbox 193 903 1767 975">
     <span class='ocr_line' id='line_1_11' title="bbox 193 903 1767 975; baseline -0.001 -18"><span class='ocrx_word' id='word_1_70' title='bbox 193 904 383 968; x_wconf 81' lang='grc' dir='ltr'>αὐτοὺς</span> <span class='ocrx_word' id='word_1_71' title='bbox 409 907 436 957; x_wconf 95' lang='lat'><strong>6</strong></span> <span class='ocrx_word' id='word_1_72' title='bbox 465 904 596 967; x_wconf 78' lang='grc' dir='ltr'>Θεὸς</span> <span class='ocrx_word' id='word_1_73' title='bbox 624 907 704 969; x_wconf 79' lang='grc' dir='ltr'><strong>είς</strong></span> <span class='ocrx_word' id='word_1_74' title='bbox 738 905 999 975; x_wconf 81' lang='grc' dir='ltr'>ἀδόκιμον</span> <span class='ocrx_word' id='word_1_75' title='bbox 1027 904 1151 958; x_wconf 82' lang='grc' dir='ltr'>νοῦν</span> <span class='ocrx_word' id='word_1_76' title='bbox 1176 923 1189 937; x_wconf 75' lang='grc' dir='ltr'><strong>ο</strong></span> <span class='ocrx_word' id='word_1_77' title='bbox 1222 923 1240 956; x_wconf 73' lang='grc' dir='ltr'><strong>ι</strong></span> <span class='ocrx_word' id='word_1_78' title='bbox 1270 906 1385 968; x_wconf 67' lang='grc' dir='ltr'>καὶ,</span> <span class='ocrx_word' id='word_1_79' title='bbox 1417 923 1435 956; x_wconf 81' lang='grc' dir='ltr'><strong>ι</strong></span> <span class='ocrx_word' id='word_1_80' title='bbox 1457 903 1767 973; x_wconf 85' lang='grc' dir='ltr'>Ἐτύφλωσε</span> 
     </span>
    </p>
   </div>
   <div class='ocr_carea' id='block_1_12' title="bbox 191 994 1769 1066">
    <p class='ocr_par' dir='ltr' id='par_1_12' title="bbox 191 994 1769 1066">
     <span class='ocr_line' id='line_1_12' title="bbox 191 994 1769 1066; baseline -0.001 -18"><span class='ocrx_word' id='word_1_81' title='bbox 191 994 254 1048; x_wconf 71' lang='grc' dir='ltr'>τὰ</span> <span class='ocrx_word' id='word_1_82' title='bbox 288 996 538 1066; x_wconf 78' lang='grc' dir='ltr'><strong>νοήματα</strong></span> <span class='ocrx_word' id='word_1_83' title='bbox 571 994 678 1049; x_wconf 81' lang='grc' dir='ltr'><strong>τῶν</strong></span> <span class='ocrx_word' id='word_1_84' title='bbox 706 995 953 1049; x_wconf 83' lang='grc' dir='ltr'>ἀπίστων</span> <span class='ocrx_word' id='word_1_85' title='bbox 985 998 1065 1060; x_wconf 89' lang='grc' dir='ltr'><strong>είς</strong></span> <span class='ocrx_word' id='word_1_86' title='bbox 1098 996 1159 1049; x_wconf 79' lang='grc' dir='ltr'><strong>τὸ</strong></span> <span class='ocrx_word' id='word_1_87' title='bbox 1195 994 1270 1066; x_wconf 82' lang='grc' dir='ltr'>μὴ</span> <span class='ocrx_word' id='word_1_88' title='bbox 1310 997 1551 1063; x_wconf 74' lang='grc' dir='ltr'>αὐγάσαι</span> <span class='ocrx_word' id='word_1_89' title='bbox 1582 994 1769 1057; x_wconf 82' lang='grc' dir='ltr'>αὐτοῖς</span> 
     </span>
    </p>
   </div>
   <div class='ocr_carea' id='block_1_13' title="bbox 192 1088 1769 1158">
    <p class='ocr_par' dir='ltr' id='par_1_13' title="bbox 192 1088 1769 1158">
     <span class='ocr_line' id='line_1_13' title="bbox 192 1088 1769 1158; baseline -0.002 -17"><span class='ocrx_word' id='word_1_90' title='bbox 192 1089 277 1141; x_wconf 69' lang='grc' dir='ltr'>τὶν</span> <span class='ocrx_word' id='word_1_91' title='bbox 316 1088 594 1158; x_wconf 84' lang='grc' dir='ltr'>φωτισμὸν</span> <span class='ocrx_word' id='word_1_92' title='bbox 626 1088 720 1141; x_wconf 81' lang='grc' dir='ltr'>τοῦ</span> <span class='ocrx_word' id='word_1_93' title='bbox 752 1088 1109 1157; x_wconf 77' lang='grc' dir='ltr'>Εὐαγγελίου’</span> <span class='ocrx_word' id='word_1_94' title='bbox 1148 1107 1166 1140; x_wconf 73' lang='grc' dir='ltr'><strong>ι</strong></span> <span class='ocrx_word' id='word_1_95' title='bbox 1195 1090 1311 1154; x_wconf 61' lang='grc' dir='ltr'>καὶ,</span> <span class='ocrx_word' id='word_1_96' title='bbox 1348 1106 1366 1139; x_wconf 83' lang='grc' dir='ltr'><strong>ι</strong></span> <span class='ocrx_word' id='word_1_97' title='bbox 1397 1088 1638 1142; x_wconf 84' lang='grc' dir='ltr'>Ἔδωκεν</span> <span class='ocrx_word' id='word_1_98' title='bbox 1670 1088 1769 1139; x_wconf 65' lang='grc' dir='ltr'>αὺη</span> 
     </span>
    </p>
   </div>
   <div class='ocr_carea' id='block_1_14' title="bbox 192 1176 1767 1249">
    <p class='ocr_par' dir='ltr' id='par_1_14' title="bbox 192 1176 1767 1249">
     <span class='ocr_line' id='line_1_14' title="bbox 192 1176 1767 1249; baseline -0.003 -16"><span class='ocrx_word' id='word_1_99' title='bbox 192 1182 297 1243; x_wconf 82' lang='grc' dir='ltr'>τοῖς</span> <span class='ocrx_word' id='word_1_100' title='bbox 337 1181 366 1233; x_wconf 93' lang='lat'><strong>6</strong></span> <span class='ocrx_word' id='word_1_101' title='bbox 394 1179 528 1242; x_wconf 82' lang='grc' dir='ltr'>Θεὸς</span> <span class='ocrx_word' id='word_1_102' title='bbox 564 1179 783 1249; x_wconf 81' lang='grc' dir='ltr'>πνεῦμα</span> <span class='ocrx_word' id='word_1_103' title='bbox 812 1177 1184 1243; x_wconf 74' lang='grc' dir='ltr'>κατανύξεως,</span> <span class='ocrx_word' id='word_1_104' title='bbox 1214 1177 1532 1249; x_wconf 78' lang='grc' dir='ltr'>ὀφθαλμοὺς</span> <span class='ocrx_word' id='word_1_105' title='bbox 1558 1176 1654 1230; x_wconf 81' lang='grc' dir='ltr'>τοῦ</span> <span class='ocrx_word' id='word_1_106' title='bbox 1693 1177 1767 1247; x_wconf 81' lang='grc' dir='ltr'><strong>μὴ</strong></span> 
     </span>
    </p>
   </div>
   <div class='ocr_carea' id='block_1_15' title="bbox 194 1263 1766 1341">
    <p class='ocr_par' dir='ltr' id='par_1_15' title="bbox 194 1263 1766 1341">
     <span class='ocr_line' id='line_1_15' title="bbox 194 1263 1766 1341; baseline -0.002 -20"><span class='ocrx_word' id='word_1_107' title='bbox 194 1270 433 1340; x_wconf 79' lang='grc' dir='ltr'><strong>βλέπειν,</strong></span> <span class='ocrx_word' id='word_1_108' title='bbox 467 1270 559 1322; x_wconf 73' lang='grc' dir='ltr'>καὶ</span> <span class='ocrx_word' id='word_1_109' title='bbox 585 1263 701 1323; x_wconf 80' lang='grc' dir='ltr'>ὦτα</span> <span class='ocrx_word' id='word_1_110' title='bbox 727 1268 819 1323; x_wconf 85' lang='grc' dir='ltr'><strong>τοῦ</strong></span> <span class='ocrx_word' id='word_1_111' title='bbox 850 1270 925 1341; x_wconf 82' lang='grc' dir='ltr'><strong>μὴ</strong></span> <span class='ocrx_word' id='word_1_112' title='bbox 951 1267 1191 1322; x_wconf 79' lang='grc' dir='ltr'>ἀκούειν’</span> <span class='ocrx_word' id='word_1_113' title='bbox 1226 1286 1245 1318; x_wconf 75' lang='grc' dir='ltr'><strong>ι</strong></span> <span class='ocrx_word' id='word_1_114' title='bbox 1274 1268 1390 1331; x_wconf 74' lang='grc' dir='ltr'>καὶ,</span> <span class='ocrx_word' id='word_1_115' title='bbox 1431 1288 1449 1320; x_wconf 83' lang='grc' dir='ltr'><strong>ι</strong></span> <span class='ocrx_word' id='word_1_116' title='bbox 1484 1267 1766 1335; x_wconf 84' lang='grc' dir='ltr'>Πεπώρω-</span> 
     </span>
    </p>
   </div>
   <div class='ocr_carea' id='block_1_16' title="bbox 192 1352 1767 1428">
    <p class='ocr_par' dir='ltr' id='par_1_16' title="bbox 192 1352 1767 1428">
     <span class='ocr_line' id='line_1_16' title="bbox 192 1352 1767 1428; baseline -0.004 -16"><span class='ocrx_word' id='word_1_117' title='bbox 192 1376 280 1413; x_wconf 89' lang='grc' dir='ltr'><strong>κεν</strong></span> <span class='ocrx_word' id='word_1_118' title='bbox 314 1358 495 1411; x_wconf 78' lang='grc' dir='ltr'>αὐτῶν</span> <span class='ocrx_word' id='word_1_119' title='bbox 520 1360 549 1411; x_wconf 87' lang='lat'><strong>6</strong></span> <span class='ocrx_word' id='word_1_120' title='bbox 578 1358 710 1421; x_wconf 85' lang='grc' dir='ltr'>Θεὸς</span> <span class='ocrx_word' id='word_1_121' title='bbox 740 1356 838 1428; x_wconf 75' lang='grc' dir='ltr'><strong>τὴν</strong></span> <span class='ocrx_word' id='word_1_122' title='bbox 868 1356 1096 1423; x_wconf 83' lang='grc' dir='ltr'>καρδίαν</span> <span class='ocrx_word' id='word_1_123' title='bbox 1121 1373 1135 1388; x_wconf 89' lang='grc'><strong>·</strong></span> <span class='ocrx_word' id='word_1_124' title='bbox 1178 1373 1197 1406; x_wconf 75' lang='grc' dir='ltr'><strong>ι</strong></span> <span class='ocrx_word' id='word_1_125' title='bbox 1231 1355 1344 1416; x_wconf 73' lang='grc' dir='ltr'>καὶ,</span> <span class='ocrx_word' id='word_1_126' title='bbox 1385 1372 1405 1405; x_wconf 78' lang='grc' dir='ltr'><strong>ι</strong></span> <span class='ocrx_word' id='word_1_127' title='bbox 1457 1352 1767 1417; x_wconf 81' lang='grc' dir='ltr'>Ἐξὲκλινας</span> 
     </span>
    </p>
   </div>
   <div class='ocr_carea' id='block_1_17' title="bbox 190 1446 1766 1522">
    <p class='ocr_par' dir='ltr' id='par_1_17' title="bbox 190 1446 1766 1522">
     <span class='ocr_line' id='line_1_17' title="bbox 190 1446 1766 1522; baseline -0.005 -18"><span class='ocrx_word' id='word_1_128' title='bbox 190 1451 284 1514; x_wconf 67' lang='grc' dir='ltr'><strong>τὰς</strong></span> <span class='ocrx_word' id='word_1_129' title='bbox 312 1451 534 1522; x_wconf 78' lang='grc' dir='ltr'>τρίϐους</span> <span class='ocrx_word' id='word_1_130' title='bbox 554 1450 713 1521; x_wconf 68' lang='grc' dir='ltr'>ἡμῶν</span> <span class='ocrx_word' id='word_1_131' title='bbox 735 1449 845 1503; x_wconf 86' lang='grc' dir='ltr'><strong>ἀπὸ</strong></span> <span class='ocrx_word' id='word_1_132' title='bbox 862 1449 963 1518; x_wconf 80' lang='grc' dir='ltr'>τῆς</span> <span class='ocrx_word' id='word_1_133' title='bbox 988 1446 1109 1502; x_wconf 81' lang='grc' dir='ltr'>ὁδοῦ</span> <span class='ocrx_word' id='word_1_134' title='bbox 1136 1463 1229 1501; x_wconf 90' lang='grc' dir='ltr'><strong>σου</strong></span> <span class='ocrx_word' id='word_1_135' title='bbox 1248 1446 1384 1519; x_wconf 79' lang='lat'><strong>(&#39;55),</strong></span> <span class='ocrx_word' id='word_1_136' title='bbox 1416 1464 1435 1497; x_wconf 76' lang='grc' dir='ltr'><strong>ι</strong></span> <span class='ocrx_word' id='word_1_137' title='bbox 1470 1447 1566 1500; x_wconf 77' lang='grc' dir='ltr'><strong>καὶ</strong></span> <span class='ocrx_word' id='word_1_138' title='bbox 1596 1447 1766 1517; x_wconf 83' lang='grc' dir='ltr'>μυρία</span> 
     </span>
    </p>
   </div>
   <div class='ocr_carea' id='block_1_18' title="bbox 190 1543 342 1598">
    <p class='ocr_par' dir='ltr' id='par_1_18' title="bbox 190 1543 342 1598">
     <span class='ocr_line' id='line_1_18' title="bbox 190 1543 342 1598; baseline 0 -1"><span class='ocrx_word' id='word_1_139' title='bbox 190 1543 342 1598; x_wconf 77' lang='grc' dir='ltr'>ἄλλα.</span> 
     </span>
    </p>
   </div>
   <div class='ocr_carea' id='block_1_19' title="bbox 254 1630 1766 1705">
    <p class='ocr_par' dir='ltr' id='par_1_19' title="bbox 254 1630 1766 1705">
     <span class='ocr_line' id='line_1_19' title="bbox 254 1630 1766 1705; baseline -0.003 -17"><span class='ocrx_word' id='word_1_140' title='bbox 254 1636 319 1687; x_wconf 81' lang='grc' dir='ltr'><strong>Εἰ</strong></span> <span class='ocrx_word' id='word_1_141' title='bbox 344 1634 453 1705; x_wconf 85' lang='grc' dir='ltr'><strong>γάρ</strong></span> <span class='ocrx_word' id='word_1_142' title='bbox 476 1634 571 1688; x_wconf 79' lang='grc' dir='ltr'>καὶ</span> <span class='ocrx_word' id='word_1_143' title='bbox 599 1632 808 1705; x_wconf 78' lang='grc' dir='ltr'>ἑτέροις</span> <span class='ocrx_word' id='word_1_144' title='bbox 832 1632 1046 1700; x_wconf 76' lang='grc' dir='ltr'>ἐφόδοις</span> <span class='ocrx_word' id='word_1_145' title='bbox 1070 1631 1301 1685; x_wconf 72' lang='grc' dir='ltr'>ἕκαστον</span> <span class='ocrx_word' id='word_1_146' title='bbox 1322 1630 1432 1684; x_wconf 83' lang='grc' dir='ltr'><strong>τῶν</strong></span> <span class='ocrx_word' id='word_1_147' title='bbox 1458 1632 1578 1703; x_wconf 85' lang='grc' dir='ltr'>είρη</span> <span class='ocrx_word' id='word_1_148' title='bbox 1588 1631 1766 1702; x_wconf 85' lang='grc' dir='ltr'>μένων</span> 
     </span>
    </p>
   </div>
   <div class='ocr_carea' id='block_1_20' title="bbox 192 1725 1767 1800">
    <p class='ocr_par' dir='ltr' id='par_1_20' title="bbox 192 1725 1767 1800">
     <span class='ocr_line' id='line_1_20' title="bbox 192 1725 1767 1800; baseline -0.003 -18"><span class='ocrx_word' id='word_1_149' title='bbox 192 1727 349 1800; x_wconf 82' lang='grc' dir='ltr'>ίερῶν</span> <span class='ocrx_word' id='word_1_150' title='bbox 405 1728 614 1797; x_wconf 85' lang='grc' dir='ltr'>Λογίων</span> <span class='ocrx_word' id='word_1_151' title='bbox 645 1732 726 1791; x_wconf 82' lang='grc' dir='ltr'><strong>εις</strong></span> <span class='ocrx_word' id='word_1_152' title='bbox 771 1726 833 1780; x_wconf 79' lang='grc' dir='ltr'>τὸ</span> <span class='ocrx_word' id='word_1_153' title='bbox 874 1725 1213 1795; x_wconf 80' lang='grc' dir='ltr'>σαφέστατόν</span> <span class='ocrx_word' id='word_1_154' title='bbox 1267 1743 1327 1778; x_wconf 90' lang='grc' dir='ltr'><strong>τε</strong></span> <span class='ocrx_word' id='word_1_155' title='bbox 1373 1726 1470 1779; x_wconf 73' lang='grc' dir='ltr'><strong>καὶ</strong></span> <span class='ocrx_word' id='word_1_156' title='bbox 1499 1725 1767 1779; x_wconf 87' lang='grc' dir='ltr'>ἀστασία-</span> 
     </span>
    </p>
   </div>
   <div class='ocr_carea' id='block_1_21' title="bbox 192 1809 1767 1889">
    <p class='ocr_par' dir='ltr' id='par_1_21' title="bbox 192 1809 1767 1889">
     <span class='ocr_line' id='line_1_21' title="bbox 192 1809 1767 1889; baseline -0.003 -17"><span class='ocrx_word' id='word_1_157' title='bbox 192 1836 309 1872; x_wconf 84' lang='grc' dir='ltr'>στον</span> <span class='ocrx_word' id='word_1_158' title='bbox 347 1816 858 1889; x_wconf 79' lang='grc' dir='ltr'>καταρῤυθμίζεται</span> <span class='ocrx_word' id='word_1_159' title='bbox 886 1832 899 1847; x_wconf 82' lang='lat'><strong><em>°</em></strong></span> <span class='ocrx_word' id='word_1_160' title='bbox 933 1816 1047 1869; x_wconf 84' lang='grc' dir='ltr'>ἀλλ’</span> <span class='ocrx_word' id='word_1_161' title='bbox 1081 1815 1174 1869; x_wconf 73' lang='grc' dir='ltr'>οὖν</span> <span class='ocrx_word' id='word_1_162' title='bbox 1203 1817 1340 1888; x_wconf 78' lang='grc' dir='ltr'>αὕτη</span> <span class='ocrx_word' id='word_1_163' title='bbox 1389 1818 1422 1887; x_wconf 82' lang='grc' dir='ltr'>ἡ</span> <span class='ocrx_word' id='word_1_164' title='bbox 1457 1809 1631 1886; x_wconf 75' lang='grc' dir='ltr'>κοινὴ,</span> <span class='ocrx_word' id='word_1_165' title='bbox 1671 1815 1767 1870; x_wconf 77' lang='grc' dir='ltr'>καὶ</span> 
     </span>
    </p>
   </div>
   <div class='ocr_carea' id='block_1_22' title="bbox 188 1907 1766 1980">
    <p class='ocr_par' dir='ltr' id='par_1_22' title="bbox 188 1907 1766 1980">
     <span class='ocr_line' id='line_1_22' title="bbox 188 1907 1766 1980; baseline -0.001 -17"><span class='ocrx_word' id='word_1_166' title='bbox 188 1910 327 1964; x_wconf 89' lang='grc' dir='ltr'><strong>κατά</strong></span> <span class='ocrx_word' id='word_1_167' title='bbox 375 1909 593 1963; x_wconf 82' lang='grc' dir='ltr'>πάντων</span> <span class='ocrx_word' id='word_1_168' title='bbox 639 1908 749 1963; x_wconf 82' lang='grc' dir='ltr'><strong>τῶν</strong></span> <span class='ocrx_word' id='word_1_169' title='bbox 789 1909 988 1980; x_wconf 79' lang='grc' dir='ltr'>ὁμοίων</span> <span class='ocrx_word' id='word_1_170' title='bbox 1034 1907 1305 1979; x_wconf 77' lang='grc' dir='ltr'>μεταϐολὴ</span> <span class='ocrx_word' id='word_1_171' title='bbox 1352 1910 1503 1962; x_wconf 71' lang='grc' dir='ltr'>οὐδὲν</span> <span class='ocrx_word' id='word_1_172' title='bbox 1545 1909 1766 1961; x_wconf 80' lang='grc' dir='ltr'>ἔλαττον</span> 
     </span>
    </p>
   </div>
   <div class='ocr_carea' id='block_1_23' title="bbox 190 2000 1768 2071">
    <p class='ocr_par' dir='ltr' id='par_1_23' title="bbox 190 2000 1768 2071">
     <span class='ocr_line' id='line_1_23' title="bbox 190 2000 1768 2071; baseline 0 -17"><span class='ocrx_word' id='word_1_173' title='bbox 190 2003 280 2055; x_wconf 64' lang='grc' dir='ltr'><strong>καὶΙ</strong></span> <span class='ocrx_word' id='word_1_174' title='bbox 313 2001 409 2054; x_wconf 79' lang='grc' dir='ltr'><strong>τοῦ</strong></span> <span class='ocrx_word' id='word_1_175' title='bbox 438 2001 820 2063; x_wconf 82' lang='grc' dir='ltr'>ὲπιοολοῦντος</span> <span class='ocrx_word' id='word_1_176' title='bbox 869 2002 998 2065; x_wconf 80' lang='grc' dir='ltr'>τοὺς</span> <span class='ocrx_word' id='word_1_177' title='bbox 1045 2000 1343 2071; x_wconf 82' lang='grc' dir='ltr'>λογισμούς</span> <span class='ocrx_word' id='word_1_178' title='bbox 1385 2001 1534 2053; x_wconf 82' lang='grc' dir='ltr'>ἐστιν</span> <span class='ocrx_word' id='word_1_179' title='bbox 1563 2001 1768 2054; x_wconf 81' lang='grc' dir='ltr'>ἀνακά-</span> 
     </span>
    </p>
   </div>
   <div class='ocr_carea' id='block_1_24' title="bbox 190 2093 1766 2166">
    <p class='ocr_par' dir='ltr' id='par_1_24' title="bbox 190 2093 1766 2166">
     <span class='ocr_line' id='line_1_24' title="bbox 190 2093 1766 2166; baseline 0 -20"><span class='ocrx_word' id='word_1_180' title='bbox 190 2093 401 2164; x_wconf 82' lang='grc' dir='ltr'>θαρσις,</span> <span class='ocrx_word' id='word_1_181' title='bbox 426 2095 521 2148; x_wconf 78' lang='grc' dir='ltr'><strong>καὶ</strong></span> <span class='ocrx_word' id='word_1_182' title='bbox 545 2096 607 2146; x_wconf 84' lang='grc' dir='ltr'><strong>ού</strong></span> <span class='ocrx_word' id='word_1_183' title='bbox 646 2093 737 2147; x_wconf 79' lang='grc' dir='ltr'><strong>διὰ</strong></span> <span class='ocrx_word' id='word_1_184' title='bbox 769 2094 1127 2166; x_wconf 83' lang='grc' dir='ltr'>μακροτέρων</span> <span class='ocrx_word' id='word_1_185' title='bbox 1154 2094 1256 2164; x_wconf 80' lang='grc' dir='ltr'><strong>τὴν</strong></span> <span class='ocrx_word' id='word_1_186' title='bbox 1298 2093 1604 2164; x_wconf 74' lang='grc' dir='ltr'>μεταϐολὴν</span> <span class='ocrx_word' id='word_1_187' title='bbox 1642 2094 1766 2146; x_wconf 82' lang='grc' dir='ltr'>ὲπι-</span> 
     </span>
    </p>
   </div>
   <div class='ocr_carea' id='block_1_25' title="bbox 189 2186 1764 2260">
    <p class='ocr_par' dir='ltr' id='par_1_25' title="bbox 189 2186 1764 2260">
     <span class='ocr_line' id='line_1_25' title="bbox 189 2186 1764 2260; baseline -0.001 -19"><span class='ocrx_word' id='word_1_188' title='bbox 189 2188 479 2243; x_wconf 86' lang='grc' dir='ltr'>δείκνυται.</span> <span class='ocrx_word' id='word_1_189' title='bbox 505 2188 579 2241; x_wconf 81' lang='grc' dir='ltr'><strong>Τὸ</strong></span> <span class='ocrx_word' id='word_1_190' title='bbox 606 2188 715 2260; x_wconf 81' lang='grc' dir='ltr'>γὰρ</span> <span class='ocrx_word' id='word_1_191' title='bbox 744 2187 1048 2256; x_wconf 77' lang='grc' dir='ltr'>παρέδωκε</span> <span class='ocrx_word' id='word_1_192' title='bbox 1070 2187 1163 2240; x_wconf 78' lang='grc' dir='ltr'>καὶ</span> <span class='ocrx_word' id='word_1_193' title='bbox 1178 2186 1382 2250; x_wconf 79' lang='grc' dir='ltr'>ἔδωκε,</span> <span class='ocrx_word' id='word_1_194' title='bbox 1411 2188 1505 2239; x_wconf 81' lang='grc' dir='ltr'><strong>καὶ</strong></span> <span class='ocrx_word' id='word_1_195' title='bbox 1534 2186 1764 2239; x_wconf 74' lang='grc' dir='ltr'>ἕκαστον</span> 
     </span>
    </p>
   </div>
   <div class='ocr_carea' id='block_1_26' title="bbox 188 2278 1762 2351">
    <p class='ocr_par' dir='ltr' id='par_1_26' title="bbox 188 2278 1762 2351">
     <span class='ocr_line' id='line_1_26' title="bbox 188 2278 1762 2351; baseline -0.002 -18"><span class='ocrx_word' id='word_1_196' title='bbox 188 2280 292 2333; x_wconf 84' lang='grc' dir='ltr'>τῶν</span> <span class='ocrx_word' id='word_1_197' title='bbox 331 2280 640 2351; x_wconf 77' lang='grc' dir='ltr'><strong>εἰρημένων</strong></span> <span class='ocrx_word' id='word_1_198' title='bbox 673 2281 792 2334; x_wconf 81' lang='grc' dir='ltr'>ἀντὶ</span> <span class='ocrx_word' id='word_1_199' title='bbox 820 2279 916 2333; x_wconf 80' lang='grc' dir='ltr'><strong>τοῦ</strong></span> <span class='ocrx_word' id='word_1_200' title='bbox 955 2278 1411 2347; x_wconf 77' lang='grc' dir='ltr'><strong>συνεχώρησεν,</strong></span> <span class='ocrx_word' id='word_1_201' title='bbox 1450 2278 1762 2343; x_wconf 78' lang='grc' dir='ltr'>ἐνέδωκεν,</span> 
     </span>
    </p>
   </div>
   <div class='ocr_carea' id='block_1_27' title="bbox 188 2368 1766 2443">
    <p class='ocr_par' dir='ltr' id='par_1_27' title="bbox 188 2368 1766 2443">
     <span class='ocr_line' id='line_1_27' title="bbox 188 2368 1766 2443; baseline -0.004 -18"><span class='ocrx_word' id='word_1_202' title='bbox 188 2373 357 2426; x_wconf 81' lang='grc' dir='ltr'>εἴασε</span> <span class='ocrx_word' id='word_1_203' title='bbox 382 2372 795 2443; x_wconf 75' lang='grc' dir='ltr'>λαμϐανόμενον</span> <span class='ocrx_word' id='word_1_204' title='bbox 833 2371 895 2423; x_wconf 84' lang='grc' dir='ltr'><strong>ού</strong></span> <span class='ocrx_word' id='word_1_205' title='bbox 932 2369 1070 2442; x_wconf 78' lang='grc' dir='ltr'>πρὸς</span> <span class='ocrx_word' id='word_1_206' title='bbox 1095 2368 1404 2424; x_wconf 76' lang='grc' dir='ltr'>τούναντίον</span> <span class='ocrx_word' id='word_1_207' title='bbox 1441 2369 1542 2437; x_wconf 78' lang='grc' dir='ltr'>τῆς</span> <span class='ocrx_word' id='word_1_208' title='bbox 1586 2369 1766 2439; x_wconf 81' lang='grc' dir='ltr'>ὁρμῆς</span> 
     </span>
    </p>
   </div>
   <div class='ocr_carea' id='block_1_28' title="bbox 189 2460 1766 2535">
    <p class='ocr_par' dir='ltr' id='par_1_28' title="bbox 189 2460 1766 2535">
     <span class='ocr_line' id='line_1_28' title="bbox 189 2460 1766 2535; baseline -0.003 -18"><span class='ocrx_word' id='word_1_209' title='bbox 189 2463 506 2529; x_wconf 78' lang='grc' dir='ltr'>ὲξεὸιάσατο</span> <span class='ocrx_word' id='word_1_210' title='bbox 535 2463 597 2516; x_wconf 83' lang='grc' dir='ltr'><strong>τὸ</strong></span> <span class='ocrx_word' id='word_1_211' title='bbox 645 2462 1006 2535; x_wconf 83' lang='grc' dir='ltr'>ἀπροαίρετον</span> <span class='ocrx_word' id='word_1_212' title='bbox 1038 2460 1335 2530; x_wconf 78' lang='grc' dir='ltr'>κατάρχειν</span> <span class='ocrx_word' id='word_1_213' title='bbox 1357 2460 1455 2529; x_wconf 79' lang='grc' dir='ltr'>τῆς</span> <span class='ocrx_word' id='word_1_214' title='bbox 1492 2461 1766 2531; x_wconf 80' lang='grc' dir='ltr'>προαιρέ-</span> 
     </span>
    </p>
   </div>
   <div class='ocr_carea' id='block_1_29' title="bbox 191 2550 1764 2624">
    <p class='ocr_par' dir='ltr' id='par_1_29' title="bbox 191 2550 1764 2624">
     <span class='ocr_line' id='line_1_29' title="bbox 191 2550 1764 2624; baseline -0.003 -17"><span class='ocrx_word' id='word_1_215' title='bbox 191 2572 326 2618; x_wconf 88' lang='grc' dir='ltr'>σεως</span> <span class='ocrx_word' id='word_1_216' title='bbox 354 2555 656 2624; x_wconf 72' lang='grc' dir='ltr'>ἠνάγκασε,</span> <span class='ocrx_word' id='word_1_217' title='bbox 680 2554 774 2608; x_wconf 89' lang='grc' dir='ltr'><strong>καί</strong></span> <span class='ocrx_word' id='word_1_218' title='bbox 800 2552 894 2606; x_wconf 74' lang='grc' dir='ltr'><strong>τοῦ</strong></span> <span class='ocrx_word' id='word_1_219' title='bbox 925 2551 1277 2618; x_wconf 81' lang='grc' dir='ltr'>αὐτεξουσίου</span> <span class='ocrx_word' id='word_1_220' title='bbox 1316 2552 1444 2614; x_wconf 80' lang='grc' dir='ltr'>τοὺς</span> <span class='ocrx_word' id='word_1_221' title='bbox 1468 2550 1764 2620; x_wconf 74' lang='grc' dir='ltr'>λογισμοὺς</span> 
     </span>
    </p>
   </div>
   <div class='ocr_carea' id='block_1_30' title="bbox 188 2644 1764 2719">
    <p class='ocr_par' dir='ltr' id='par_1_30' title="bbox 188 2644 1764 2719">
     <span class='ocr_line' id='line_1_30' title="bbox 188 2644 1764 2719; baseline -0.003 -18"><span class='ocrx_word' id='word_1_222' title='bbox 188 2649 565 2719; x_wconf 78' lang='grc' dir='ltr'>ἀπεστέρησεν</span> <span class='ocrx_word' id='word_1_223' title='bbox 605 2646 740 2717; x_wconf 77' lang='lat'><strong>(36),</strong></span> <span class='ocrx_word' id='word_1_224' title='bbox 789 2648 847 2698; x_wconf 83' lang='grc' dir='ltr'>ὲν</span> <span class='ocrx_word' id='word_1_225' title='bbox 889 2646 1027 2706; x_wconf 84' lang='grc' dir='ltr'>ίσοις</span> <span class='ocrx_word' id='word_1_226' title='bbox 1072 2647 1216 2715; x_wconf 79' lang='grc' dir='ltr'>ὅροις</span> <span class='ocrx_word' id='word_1_227' title='bbox 1263 2644 1529 2697; x_wconf 84' lang='grc' dir='ltr'>ὲκκλείων</span> <span class='ocrx_word' id='word_1_228' title='bbox 1577 2645 1639 2697; x_wconf 86' lang='grc' dir='ltr'><strong>τὸ</strong></span> <span class='ocrx_word' id='word_1_229' title='bbox 1679 2645 1764 2712; x_wconf 80' lang='grc' dir='ltr'>ἐφ’</span> 
     </span>
    </p>
   </div>
   <div class='ocr_carea' id='block_1_31' title="bbox 190 2735 1765 2810">
    <p class='ocr_par' dir='ltr' id='par_1_31' title="bbox 190 2735 1765 2810">
     <span class='ocr_line' id='line_1_31' title="bbox 190 2735 1765 2810; baseline -0.003 -19"><span class='ocrx_word' id='word_1_230' title='bbox 190 2740 341 2809; x_wconf 74' lang='grc' dir='ltr'>ἡμῖν,</span> <span class='ocrx_word' id='word_1_231' title='bbox 384 2740 478 2793; x_wconf 72' lang='grc' dir='ltr'><strong>καὶ</strong></span> <span class='ocrx_word' id='word_1_232' title='bbox 510 2739 571 2792; x_wconf 83' lang='grc' dir='ltr'><strong>τὸ</strong></span> <span class='ocrx_word' id='word_1_233' title='bbox 606 2738 681 2810; x_wconf 83' lang='grc' dir='ltr'>μὴ</span> <span class='ocrx_word' id='word_1_234' title='bbox 710 2738 795 2807; x_wconf 76' lang='grc' dir='ltr'>ἐφ’</span> <span class='ocrx_word' id='word_1_235' title='bbox 817 2739 969 2809; x_wconf 77' lang='grc' dir='ltr'>ἡμῖν,</span> <span class='ocrx_word' id='word_1_236' title='bbox 1000 2737 1316 2807; x_wconf 77' lang='grc' dir='ltr'>διωρίσατο,</span> <span class='ocrx_word' id='word_1_237' title='bbox 1339 2736 1448 2789; x_wconf 80' lang='grc' dir='ltr'>οὐδ’</span> <span class='ocrx_word' id='word_1_238' title='bbox 1473 2735 1765 2798; x_wconf 81' lang='grc' dir='ltr'>ἀκουσίους</span> 
     </span>
    </p>
   </div>
   <div class='ocr_carea' id='block_1_32' title="bbox 190 2828 1767 2903">
    <p class='ocr_par' dir='ltr' id='par_1_32' title="bbox 190 2828 1767 2903">
     <span class='ocr_line' id='line_1_32' title="bbox 190 2828 1767 2903; baseline -0.001 -22"><span class='ocrx_word' id='word_1_239' title='bbox 190 2832 324 2903; x_wconf 70' lang='grc' dir='ltr'>πρὸς</span> <span class='ocrx_word' id='word_1_240' title='bbox 374 2832 435 2884; x_wconf 81' lang='grc' dir='ltr'>τὸ</span> <span class='ocrx_word' id='word_1_241' title='bbox 460 2831 626 2885; x_wconf 81' lang='grc' dir='ltr'>καλὸν</span> <span class='ocrx_word' id='word_1_242' title='bbox 668 2829 1083 2900; x_wconf 83' lang='grc' dir='ltr'>μεθειλκύσατο,</span> <span class='ocrx_word' id='word_1_243' title='bbox 1132 2828 1251 2881; x_wconf 76' lang='grc' dir='ltr'>οὐδὲ</span> <span class='ocrx_word' id='word_1_244' title='bbox 1301 2830 1376 2899; x_wconf 87' lang='grc' dir='ltr'>μὴ</span> <span class='ocrx_word' id='word_1_245' title='bbox 1410 2828 1767 2898; x_wconf 78' lang='grc' dir='ltr'>βουλομένους</span> 
     </span>
    </p>
   </div>
   <div class='ocr_carea' id='block_1_33' title="bbox 187 2921 1763 2995">
    <p class='ocr_par' dir='ltr' id='par_1_33' title="bbox 187 2921 1763 2995">
     <span class='ocr_line' id='line_1_33' title="bbox 187 2921 1763 2995; baseline -0.003 -19"><span class='ocrx_word' id='word_1_246' title='bbox 187 2923 287 2993; x_wconf 83' lang='grc' dir='ltr'>τῆς</span> <span class='ocrx_word' id='word_1_247' title='bbox 318 2923 637 2995; x_wconf 80' lang='grc' dir='ltr'>προθέσεως</span> <span class='ocrx_word' id='word_1_248' title='bbox 662 2923 990 2993; x_wconf 79' lang='grc' dir='ltr'>ἀνεχαίτισε.</span> <span class='ocrx_word' id='word_1_249' title='bbox 1027 2923 1100 2975; x_wconf 78' lang='grc' dir='ltr'><strong>Τὸ</strong></span> <span class='ocrx_word' id='word_1_250' title='bbox 1127 2921 1271 2974; x_wconf 80' lang='grc' dir='ltr'>οὓτω</span> <span class='ocrx_word' id='word_1_251' title='bbox 1303 2921 1654 2990; x_wconf 74' lang='grc' dir='ltr'>μεταϐάλλειν</span> <span class='ocrx_word' id='word_1_252' title='bbox 1684 2921 1763 2982; x_wconf 85' lang='grc' dir='ltr'><strong>είς</strong></span> 
     </span>
    </p>
   </div>
   <div class='ocr_carea' id='block_1_34' title="bbox 1873 445 3454 527">
    <p class='ocr_par' dir='ltr' id='par_1_34' title="bbox 1873 445 3454 527">
     <span class='ocr_line' id='line_1_34' title="bbox 1873 445 3454 527; baseline 0.013 -28"><span class='ocrx_word' id='word_1_253' title='bbox 1873 461 1995 499; x_wconf 86' lang='lat' dir='ltr'><strong>netu</strong></span> <span class='ocrx_word' id='word_1_254' title='bbox 2033 445 2284 515; x_wconf 78' lang='lat' dir='ltr'><strong>confugit</strong></span> <span class='ocrx_word' id='word_1_255' title='bbox 2312 448 2666 515; x_wconf 74' lang='lat' dir='ltr'><strong>solutionem,</strong></span> <span class='ocrx_word' id='word_1_256' title='bbox 2708 468 2804 520; x_wconf 89' lang='lat' dir='ltr'><strong>per</strong></span> <span class='ocrx_word' id='word_1_257' title='bbox 2829 470 2991 524; x_wconf 84' lang='lat' dir='ltr'><strong>quam</strong></span> <span class='ocrx_word' id='word_1_258' title='bbox 3032 467 3086 511; x_wconf 91' lang='lat' dir='ltr'><strong>et</strong></span> <span class='ocrx_word' id='word_1_259' title='bbox 3120 461 3302 527; x_wconf 86' lang='lat' dir='ltr'><strong>plures</strong></span> <span class='ocrx_word' id='word_1_260' title='bbox 3332 467 3454 521; x_wconf 70' lang='lat' dir='ltr'><strong>alia:</strong></span> 
     </span>
    </p>
   </div>
   <div class='ocr_carea' id='block_1_35' title="bbox 1870 536 3453 623">
    <p class='ocr_par' dir='ltr' id='par_1_35' title="bbox 1870 536 3453 623">
     <span class='ocr_line' id='line_1_35' title="bbox 1870 536 3453 623; baseline 0.015 -34"><span class='ocrx_word' id='word_1_261' title='bbox 1870 536 2215 593; x_wconf 85' lang='lat' dir='ltr'><strong>difficultates</strong></span> <span class='ocrx_word' id='word_1_262' title='bbox 2260 542 2442 610; x_wconf 82' lang='lat' dir='ltr'><strong>regula</strong></span> <span class='ocrx_word' id='word_1_263' title='bbox 2492 544 2769 597; x_wconf 84' lang='lat' dir='ltr'><strong>communi</strong></span> <span class='ocrx_word' id='word_1_264' title='bbox 2823 549 3181 603; x_wconf 90' lang='lat' dir='ltr'><strong>euucleantur</strong></span> <span class='ocrx_word' id='word_1_265' title='bbox 3212 569 3227 606; x_wconf 90' lang='lat'><strong>:</strong></span> <span class='ocrx_word' id='word_1_266' title='bbox 3258 569 3453 623; x_wconf 83' lang='lat' dir='ltr'><strong>quent-</strong></span> 
     </span>
    </p>
   </div>
   <div class='ocr_carea' id='block_1_36' title="bbox 1870 629 3523 717">
    <p class='ocr_par' dir='ltr' id='par_1_36' title="bbox 1870 629 3523 717">
     <span class='ocr_line' id='line_1_36' title="bbox 1870 629 3523 717; baseline 0.01 -33"><span class='ocrx_word' id='word_1_267' title='bbox 1870 629 2165 685; x_wconf 87' lang='lat' dir='ltr'><strong>admodum</strong></span> <span class='ocrx_word' id='word_1_268' title='bbox 2201 649 2213 684; x_wconf 87' lang='lat'><strong>:</strong></span> <span class='ocrx_word' id='word_1_269' title='bbox 2242 632 2372 687; x_wconf 88' lang='lat' dir='ltr'><strong>illud</strong></span> <span class='ocrx_word' id='word_1_270' title='bbox 2404 652 2424 683; x_wconf 78' lang='grc' dir='ltr'><strong>ι</strong></span> <span class='ocrx_word' id='word_1_271' title='bbox 2459 632 2708 689; x_wconf 87' lang='lat' dir='ltr'><strong>Tradidit</strong></span> <span class='ocrx_word' id='word_1_272' title='bbox 2743 636 2863 692; x_wconf 90' lang='lat' dir='ltr'><strong>illos</strong></span> <span class='ocrx_word' id='word_1_273' title='bbox 2898 640 2950 692; x_wconf 89' lang='lat' dir='ltr'><strong>in</strong></span> <span class='ocrx_word' id='word_1_274' title='bbox 2985 643 3269 709; x_wconf 71' lang='lat' dir='ltr'><strong>passiOnes</strong></span> <span class='ocrx_word' id='word_1_275' title='bbox 3294 662 3452 717; x_wconf 77' lang='lat' dir='ltr'><strong>igno-</strong></span> <span class='ocrx_word' id='word_1_276' title='bbox 3522 706 3523 709; x_wconf 28' lang='grc' dir='ltr'><strong>η</strong></span> 
     </span>
    </p>
   </div>
   <div class='ocr_carea' id='block_1_37' title="bbox 1870 720 3450 793">
    <p class='ocr_par' dir='ltr' id='par_1_37' title="bbox 1870 720 3450 793">
     <span class='ocr_line' id='line_1_37' title="bbox 1870 720 3450 793; baseline 0.013 -20"><span class='ocrx_word' id='word_1_277' title='bbox 1870 722 2053 774; x_wconf 74' lang='lat' dir='ltr'><strong>minia:</strong></span> <span class='ocrx_word' id='word_1_278' title='bbox 2076 723 2156 787; x_wconf 72' lang='lat'><strong>’9;</strong></span> <span class='ocrx_word' id='word_1_279' title='bbox 2194 740 2213 773; x_wconf 77' lang='grc' dir='ltr'><strong>ι</strong></span> <span class='ocrx_word' id='word_1_280' title='bbox 2248 734 2300 775; x_wconf 92' lang='lat' dir='ltr'><strong>ct</strong></span> <span class='ocrx_word' id='word_1_281' title='bbox 2338 741 2357 773; x_wconf 84' lang='grc' dir='ltr'><strong>ι</strong></span> <span class='ocrx_word' id='word_1_282' title='bbox 2390 720 2636 780; x_wconf 83' lang='lat' dir='ltr'><strong>Tradidit</strong></span> <span class='ocrx_word' id='word_1_283' title='bbox 2683 729 2821 782; x_wconf 83' lang='lat' dir='ltr'><strong>Deus</strong></span> <span class='ocrx_word' id='word_1_284' title='bbox 2858 730 2909 783; x_wconf 91' lang='lat' dir='ltr'><strong>in</strong></span> <span class='ocrx_word' id='word_1_285' title='bbox 2943 732 3216 786; x_wconf 84' lang='lat' dir='ltr'><strong>desideria</strong></span> <span class='ocrx_word' id='word_1_286' title='bbox 3264 738 3450 793; x_wconf 89' lang='lat' dir='ltr'><strong>cordis</strong></span> 
     </span>
    </p>
   </div>
   <div class='ocr_carea' id='block_1_38' title="bbox 1868 815 3451 893">
    <p class='ocr_par' dir='ltr' id='par_1_38' title="bbox 1868 815 3451 893">
     <span class='ocr_line' id='line_1_38' title="bbox 1868 815 3451 893; baseline 0.009 -27"><span class='ocrx_word' id='word_1_287' title='bbox 1868 828 2056 867; x_wconf 89' lang='lat' dir='ltr'><strong>eorum</strong></span> <span class='ocrx_word' id='word_1_288' title='bbox 2081 815 2160 880; x_wconf 85' lang='grc'><strong>³⁰;</strong></span> <span class='ocrx_word' id='word_1_289' title='bbox 2199 833 2217 865; x_wconf 73' lang='grc' dir='ltr'><strong>ι</strong></span> <span class='ocrx_word' id='word_1_290' title='bbox 2273 825 2531 884; x_wconf 64' lang='lat' dir='ltr'><strong>praeterea</strong></span> <span class='ocrx_word' id='word_1_291' title='bbox 2587 835 2599 870; x_wconf 92' lang='lat'><strong>:</strong></span> <span class='ocrx_word' id='word_1_292' title='bbox 2651 836 2670 869; x_wconf 85' lang='grc' dir='ltr'><strong>ι</strong></span> <span class='ocrx_word' id='word_1_293' title='bbox 2706 819 2861 874; x_wconf 84' lang='lat' dir='ltr'><strong>Sicut</strong></span> <span class='ocrx_word' id='word_1_294' title='bbox 2912 837 3015 876; x_wconf 90' lang='lat' dir='ltr'><strong>uou</strong></span> <span class='ocrx_word' id='word_1_295' title='bbox 3083 826 3451 893; x_wconf 79' lang='lat' dir='ltr'><strong>probaverunt</strong></span> 
     </span>
    </p>
   </div>
   <div class='ocr_carea' id='block_1_39' title="bbox 1872 903 3447 976">
    <p class='ocr_par' dir='ltr' id='par_1_39' title="bbox 1872 903 3447 976">
     <span class='ocr_line' id='line_1_39' title="bbox 1872 903 3447 976; baseline 0.013 -19"><span class='ocrx_word' id='word_1_296' title='bbox 1872 903 2038 960; x_wconf 88' lang='lat' dir='ltr'><strong>Deum</strong></span> <span class='ocrx_word' id='word_1_297' title='bbox 2106 907 2307 962; x_wconf 90' lang='lat' dir='ltr'><strong>habere</strong></span> <span class='ocrx_word' id='word_1_298' title='bbox 2369 909 2421 963; x_wconf 91' lang='lat' dir='ltr'><strong>in</strong></span> <span class='ocrx_word' id='word_1_299' title='bbox 2475 911 2699 974; x_wconf 88' lang='lat' dir='ltr'><strong>notitia,</strong></span> <span class='ocrx_word' id='word_1_300' title='bbox 2756 915 2975 968; x_wconf 88' lang='lat' dir='ltr'><strong>tradidit</strong></span> <span class='ocrx_word' id='word_1_301' title='bbox 3028 917 3148 972; x_wconf 83' lang='lat' dir='ltr'><strong>ills</strong></span> <span class='ocrx_word' id='word_1_302' title='bbox 3202 920 3342 976; x_wconf 86' lang='lat' dir='ltr'><strong>Deus</strong></span> <span class='ocrx_word' id='word_1_303' title='bbox 3393 922 3447 976; x_wconf 91' lang='lat' dir='ltr'><strong>in</strong></span> 
     </span>
    </p>
   </div>
   <div class='ocr_carea' id='block_1_40' title="bbox 1869 1002 3451 1070">
    <p class='ocr_par' dir='ltr' id='par_1_40' title="bbox 1869 1002 3451 1070">
     <span class='ocr_line' id='line_1_40' title="bbox 1869 1002 3451 1070; baseline 0.011 -17"><span class='ocrx_word' id='word_1_304' title='bbox 1869 1002 2161 1067; x_wconf 87' lang='lat' dir='ltr'><strong>reprobum</strong></span> <span class='ocrx_word' id='word_1_305' title='bbox 2210 1017 2430 1056; x_wconf 87' lang='lat' dir='ltr'><strong>sensum</strong></span> <span class='ocrx_word' id='word_1_306' title='bbox 2456 1003 2534 1068; x_wconf 84' lang='grc'><strong>³¹;</strong></span> <span class='ocrx_word' id='word_1_307' title='bbox 2568 1022 2587 1055; x_wconf 76' lang='grc' dir='ltr'><strong>ι</strong></span> <span class='ocrx_word' id='word_1_308' title='bbox 2644 1005 2775 1069; x_wconf 91' lang='lat' dir='ltr'><strong>imo,</strong></span> <span class='ocrx_word' id='word_1_309' title='bbox 2835 1026 2853 1059; x_wconf 84' lang='grc' dir='ltr'><strong>ι</strong></span> <span class='ocrx_word' id='word_1_310' title='bbox 2886 1006 3193 1065; x_wconf 72' lang='lat' dir='ltr'><strong>Excmcavit</strong></span> <span class='ocrx_word' id='word_1_311' title='bbox 3240 1023 3451 1070; x_wconf 81' lang='lat' dir='ltr'><strong>tuentes</strong></span> 
     </span>
    </p>
   </div>
   <div class='ocr_carea' id='block_1_41' title="bbox 1870 1093 3451 1165">
    <p class='ocr_par' dir='ltr' id='par_1_41' title="bbox 1870 1093 3451 1165">
     <span class='ocr_line' id='line_1_41' title="bbox 1870 1093 3451 1165; baseline 0.009 -19"><span class='ocrx_word' id='word_1_312' title='bbox 1870 1093 2193 1157; x_wconf 83' lang='lat' dir='ltr'><strong>inﬁdelium,</strong></span> <span class='ocrx_word' id='word_1_313' title='bbox 2237 1103 2298 1149; x_wconf 90' lang='lat' dir='ltr'><strong>ut</strong></span> <span class='ocrx_word' id='word_1_314' title='bbox 2344 1110 2453 1148; x_wconf 90' lang='lat' dir='ltr'><strong>non</strong></span> <span class='ocrx_word' id='word_1_315' title='bbox 2494 1094 2699 1165; x_wconf 80' lang='lat' dir='ltr'><strong>fulgeat</strong></span> <span class='ocrx_word' id='word_1_316' title='bbox 2747 1097 2852 1152; x_wconf 88' lang='lat' dir='ltr'><strong>illis</strong></span> <span class='ocrx_word' id='word_1_317' title='bbox 2901 1100 3228 1156; x_wconf 82' lang='lat' dir='ltr'><strong>illumiuatio</strong></span> <span class='ocrx_word' id='word_1_318' title='bbox 3262 1104 3451 1160; x_wconf 78' lang='lat' dir='ltr'><strong>,Evan-</strong></span> 
     </span>
    </p>
   </div>
   <div class='ocr_carea' id='block_1_42' title="bbox 1868 1187 3451 1263">
    <p class='ocr_par' dir='ltr' id='par_1_42' title="bbox 1868 1187 3451 1263">
     <span class='ocr_line' id='line_1_42' title="bbox 1868 1187 3451 1263; baseline 0.007 -23"><span class='ocrx_word' id='word_1_319' title='bbox 1868 1187 2092 1254; x_wconf 73' lang='lat' dir='ltr'><strong>gelii“;</strong></span> <span class='ocrx_word' id='word_1_320' title='bbox 2127 1206 2145 1239; x_wconf 77' lang='grc' dir='ltr'><strong>ι</strong></span> <span class='ocrx_word' id='word_1_321' title='bbox 2186 1196 2300 1242; x_wconf 90' lang='lat' dir='ltr'><strong>tum</strong></span> <span class='ocrx_word' id='word_1_322' title='bbox 2337 1206 2350 1242; x_wconf 86' lang='lat'><strong>:</strong></span> <span class='ocrx_word' id='word_1_323' title='bbox 2387 1207 2405 1239; x_wconf 81' lang='grc' dir='ltr'><strong>ι</strong></span> <span class='ocrx_word' id='word_1_324' title='bbox 2438 1187 2596 1242; x_wconf 84' lang='lat' dir='ltr'><strong>Dedit</strong></span> <span class='ocrx_word' id='word_1_325' title='bbox 2640 1190 2745 1244; x_wconf 89' lang='lat' dir='ltr'><strong>illis</strong></span> <span class='ocrx_word' id='word_1_326' title='bbox 2771 1190 2961 1261; x_wconf 88' lang='lat' dir='ltr'><strong>(Deus)</strong></span> <span class='ocrx_word' id='word_1_327' title='bbox 3006 1195 3259 1263; x_wconf 86' lang='lat' dir='ltr'><strong>spiritum</strong></span> <span class='ocrx_word' id='word_1_328' title='bbox 3296 1212 3451 1250; x_wconf 88' lang='lat' dir='ltr'><strong>com-</strong></span> 
     </span>
    </p>
   </div>
   <div class='ocr_carea' id='block_1_43' title="bbox 1870 1280 3449 1352">
    <p class='ocr_par' dir='ltr' id='par_1_43' title="bbox 1870 1280 3449 1352">
     <span class='ocr_line' id='line_1_43' title="bbox 1870 1280 3449 1352; baseline 0.008 -23"><span class='ocrx_word' id='word_1_329' title='bbox 1870 1280 2200 1347; x_wconf 78' lang='lat' dir='ltr'><strong>punctiouis,</strong></span> <span class='ocrx_word' id='word_1_330' title='bbox 2248 1281 2457 1348; x_wconf 89' lang='lat' dir='ltr'><strong>oculos,</strong></span> <span class='ocrx_word' id='word_1_331' title='bbox 2500 1291 2558 1334; x_wconf 92' lang='lat' dir='ltr'><strong>ut</strong></span> <span class='ocrx_word' id='word_1_332' title='bbox 2611 1296 2720 1336; x_wconf 91' lang='lat' dir='ltr'><strong>non</strong></span> <span class='ocrx_word' id='word_1_333' title='bbox 2767 1284 3007 1348; x_wconf 82' lang='lat' dir='ltr'><strong>videant,</strong></span> <span class='ocrx_word' id='word_1_334' title='bbox 3059 1295 3114 1339; x_wconf 90' lang='lat' dir='ltr'><strong>et</strong></span> <span class='ocrx_word' id='word_1_335' title='bbox 3162 1302 3343 1352; x_wconf 85' lang='lat' dir='ltr'><strong>aures,</strong></span> <span class='ocrx_word' id='word_1_336' title='bbox 3390 1297 3449 1342; x_wconf 91' lang='lat' dir='ltr'><strong>ut</strong></span> 
     </span>
    </p>
   </div>
   <div class='ocr_carea' id='block_1_44' title="bbox 1870 1370 3449 1442">
    <p class='ocr_par' dir='ltr' id='par_1_44' title="bbox 1870 1370 3449 1442">
     <span class='ocr_line' id='line_1_44' title="bbox 1870 1370 3449 1442; baseline 0.008 -20"><span class='ocrx_word' id='word_1_337' title='bbox 1870 1384 1976 1423; x_wconf 90' lang='lat' dir='ltr'><strong>non</strong></span> <span class='ocrx_word' id='word_1_338' title='bbox 2008 1370 2232 1425; x_wconf 88' lang='lat' dir='ltr'><strong>audiant</strong></span> <span class='ocrx_word' id='word_1_339' title='bbox 2256 1372 2333 1439; x_wconf 64' lang='lat'><strong>‘3;</strong></span> <span class='ocrx_word' id='word_1_340' title='bbox 2376 1391 2395 1423; x_wconf 72' lang='grc' dir='ltr'><strong>ι</strong></span> <span class='ocrx_word' id='word_1_341' title='bbox 2468 1372 2748 1442; x_wconf 87' lang='lat' dir='ltr'><strong>denique:</strong></span> <span class='ocrx_word' id='word_1_342' title='bbox 2792 1391 2810 1423; x_wconf 80' lang='grc' dir='ltr'><strong>ι</strong></span> <span class='ocrx_word' id='word_1_343' title='bbox 2854 1373 3134 1430; x_wconf 80' lang='grc' dir='ltr'>1ιιι1ιιι·ιινιι</span> <span class='ocrx_word' id='word_1_344' title='bbox 3190 1393 3287 1431; x_wconf 88' lang='lat' dir='ltr'><strong>cor</strong></span> <span class='ocrx_word' id='word_1_345' title='bbox 3352 1394 3449 1434; x_wconf 88' lang='lat' dir='ltr'><strong>eo-</strong></span> 
     </span>
    </p>
   </div>
   <div class='ocr_carea' id='block_1_45' title="bbox 1868 1458 3448 1529">
    <p class='ocr_par' dir='ltr' id='par_1_45' title="bbox 1868 1458 3448 1529">
     <span class='ocr_line' id='line_1_45' title="bbox 1868 1458 3448 1529; baseline 0.011 -20"><span class='ocrx_word' id='word_1_346' title='bbox 1868 1472 1986 1510; x_wconf 87' lang='lat' dir='ltr'><strong>rum</strong></span> <span class='ocrx_word' id='word_1_347' title='bbox 2009 1458 2090 1523; x_wconf 76' lang='lat'><strong>“;</strong></span> <span class='ocrx_word' id='word_1_348' title='bbox 2121 1478 2139 1509; x_wconf 74' lang='grc' dir='ltr'><strong>ι</strong></span> <span class='ocrx_word' id='word_1_349' title='bbox 2180 1470 2459 1529; x_wconf 80' lang='lat' dir='ltr'><strong>postremo</strong></span> <span class='ocrx_word' id='word_1_350' title='bbox 2491 1479 2504 1514; x_wconf 92' lang='lat'><strong>:</strong></span> <span class='ocrx_word' id='word_1_351' title='bbox 2535 1481 2551 1512; x_wconf 85' lang='grc' dir='ltr'><strong>ι</strong></span> <span class='ocrx_word' id='word_1_352' title='bbox 2585 1461 2877 1519; x_wconf 87' lang='lat' dir='ltr'><strong>Decliuasti</strong></span> <span class='ocrx_word' id='word_1_353' title='bbox 2910 1465 3134 1521; x_wconf 81' lang='lat' dir='ltr'><strong>semitas</strong></span> <span class='ocrx_word' id='word_1_354' title='bbox 3161 1478 3383 1526; x_wconf 83' lang='lat' dir='ltr'><strong>nostras</strong></span> <span class='ocrx_word' id='word_1_355' title='bbox 3414 1486 3448 1527; x_wconf 90' lang='lat' dir='ltr'><strong>a</strong></span> 
     </span>
    </p>
   </div>
   <div class='ocr_carea' id='block_1_46' title="bbox 1868 1547 2885 1620">
    <p class='ocr_par' dir='ltr' id='par_1_46' title="bbox 1868 1547 2885 1620">
     <span class='ocr_line' id='line_1_46' title="bbox 1868 1547 2885 1620; baseline 0.006 -21"><span class='ocrx_word' id='word_1_356' title='bbox 1868 1547 1956 1601; x_wconf 83' lang='lat' dir='ltr'><strong>via</strong></span> <span class='ocrx_word' id='word_1_357' title='bbox 1992 1558 2083 1602; x_wconf 92' lang='lat' dir='ltr'><strong>tua</strong></span> <span class='ocrx_word' id='word_1_358' title='bbox 2110 1549 2175 1614; x_wconf 82' lang='grc'>³⁸,</span> <span class='ocrx_word' id='word_1_359' title='bbox 2210 1568 2228 1600; x_wconf 77' lang='grc' dir='ltr'><strong>ι</strong></span> <span class='ocrx_word' id='word_1_360' title='bbox 2261 1560 2427 1620; x_wconf 88' lang='lat' dir='ltr'><strong>atque</strong></span> <span class='ocrx_word' id='word_1_361' title='bbox 2466 1552 2570 1605; x_wconf 87' lang='lat' dir='ltr'><strong>alia</strong></span> <span class='ocrx_word' id='word_1_362' title='bbox 2603 1562 2885 1607; x_wconf 74' lang='lat' dir='ltr'><strong>sexcenta.</strong></span> 
     </span>
    </p>
   </div>
   <div class='ocr_carea' id='block_1_47' title="bbox 1939 1638 3448 1723">
    <p class='ocr_par' dir='ltr' id='par_1_47' title="bbox 1939 1638 3448 1723">
     <span class='ocr_line' id='line_1_47' title="bbox 1939 1638 3448 1723; baseline 0.011 -31"><span class='ocrx_word' id='word_1_363' title='bbox 1939 1638 2057 1694; x_wconf 87' lang='lat' dir='ltr'><strong>Etsi</strong></span> <span class='ocrx_word' id='word_1_364' title='bbox 2102 1641 2245 1694; x_wconf 88' lang='lat' dir='ltr'><strong>enim</strong></span> <span class='ocrx_word' id='word_1_365' title='bbox 2297 1642 2419 1696; x_wconf 84' lang='lat' dir='ltr'><strong>aliis</strong></span> <span class='ocrx_word' id='word_1_366' title='bbox 2451 1644 2759 1713; x_wconf 85' lang='lat' dir='ltr'><strong>explicandi</strong></span> <span class='ocrx_word' id='word_1_367' title='bbox 2792 1646 2969 1702; x_wconf 88' lang='lat' dir='ltr'><strong>modis</strong></span> <span class='ocrx_word' id='word_1_368' title='bbox 3013 1650 3448 1723; x_wconf 82' lang='lat' dir='ltr'><strong>unumquodque</strong></span> 
     </span>
    </p>
   </div>
   <div class='ocr_carea' id='block_1_48' title="bbox 1870 1735 3445 1807">
    <p class='ocr_par' dir='ltr' id='par_1_48' title="bbox 1870 1735 3445 1807">
     <span class='ocr_line' id='line_1_48' title="bbox 1870 1735 3445 1807; baseline 0.008 -22"><span class='ocrx_word' id='word_1_369' title='bbox 1870 1747 2157 1786; x_wconf 89' lang='lat' dir='ltr'><strong>sacrorum</strong></span> <span class='ocrx_word' id='word_1_370' title='bbox 2192 1735 2567 1798; x_wconf 89' lang='lat' dir='ltr'><strong>oraculorum,</strong></span> <span class='ocrx_word' id='word_1_371' title='bbox 2601 1752 2723 1804; x_wconf 68' lang='lat' dir='ltr'><strong>qua:</strong></span> <span class='ocrx_word' id='word_1_372' title='bbox 2759 1753 2935 1807; x_wconf 88' lang='lat' dir='ltr'><strong>nuper</strong></span> <span class='ocrx_word' id='word_1_373' title='bbox 2966 1755 3264 1797; x_wconf 85' lang='lat' dir='ltr'><strong>memorata</strong></span> <span class='ocrx_word' id='word_1_374' title='bbox 3293 1752 3445 1807; x_wconf 76' lang='lat' dir='ltr'><strong>SIIIII,</strong></span> 
     </span>
    </p>
   </div>
   <div class='ocr_carea' id='block_1_49' title="bbox 1869 1824 3442 1902">
    <p class='ocr_par' dir='ltr' id='par_1_49' title="bbox 1869 1824 3442 1902">
     <span class='ocr_line' id='line_1_49' title="bbox 1869 1824 3442 1902; baseline 0.005 -24"><span class='ocrx_word' id='word_1_375' title='bbox 1869 1824 2366 1880; x_wconf 88' lang='lat' dir='ltr'><strong>luculentissimum</strong></span> <span class='ocrx_word' id='word_1_376' title='bbox 2426 1836 2479 1880; x_wconf 87' lang='lat' dir='ltr'><strong>et</strong></span> <span class='ocrx_word' id='word_1_377' title='bbox 2515 1830 2903 1884; x_wconf 78' lang='lat' dir='ltr'><strong>inconcussum</strong></span> <span class='ocrx_word' id='word_1_378' title='bbox 2946 1833 3152 1886; x_wconf 85' lang='lat' dir='ltr'><strong>obtinet</strong></span> <span class='ocrx_word' id='word_1_379' title='bbox 3184 1849 3442 1902; x_wconf 80' lang='lat' dir='ltr'><strong>sensum;</strong></span> 
     </span>
    </p>
   </div>
   <div class='ocr_carea' id='block_1_50' title="bbox 1867 1918 3445 1993">
    <p class='ocr_par' dir='ltr' id='par_1_50' title="bbox 1867 1918 3445 1993">
     <span class='ocr_line' id='line_1_50' title="bbox 1867 1918 3445 1993; baseline 0.008 -24"><span class='ocrx_word' id='word_1_380' title='bbox 1867 1925 2049 1973; x_wconf 91' lang='lat' dir='ltr'><strong>tamen</strong></span> <span class='ocrx_word' id='word_1_381' title='bbox 2078 1918 2385 1973; x_wconf 85' lang='lat' dir='ltr'><strong>communis</strong></span> <span class='ocrx_word' id='word_1_382' title='bbox 2422 1919 2628 1986; x_wconf 66' lang='lat' dir='ltr'><strong>isthmc,</strong></span> <span class='ocrx_word' id='word_1_383' title='bbox 2671 1930 2724 1974; x_wconf 88' lang='lat' dir='ltr'><strong>et</strong></span> <span class='ocrx_word' id='word_1_384' title='bbox 2774 1924 2841 1975; x_wconf 91' lang='lat' dir='ltr'><strong>ad</strong></span> <span class='ocrx_word' id='word_1_385' title='bbox 2888 1936 3079 1978; x_wconf 87' lang='lat' dir='ltr'><strong>omnes</strong></span> <span class='ocrx_word' id='word_1_386' title='bbox 3126 1923 3445 1993; x_wconf 73' lang='lat' dir='ltr'><strong>huiusmodi</strong></span> 
     </span>
    </p>
   </div>
   <div class='ocr_carea' id='block_1_51' title="bbox 1866 2006 3447 2077">
    <p class='ocr_par' dir='ltr' id='par_1_51' title="bbox 1866 2006 3447 2077">
     <span class='ocr_line' id='line_1_51' title="bbox 1866 2006 3447 2077; baseline 0.006 -16"><span class='ocrx_word' id='word_1_387' title='bbox 1866 2006 2173 2062; x_wconf 90' lang='lat' dir='ltr'><strong>locutiones</strong></span> <span class='ocrx_word' id='word_1_388' title='bbox 2206 2008 2489 2077; x_wconf 83' lang='lat' dir='ltr'><strong>pertinens</strong></span> <span class='ocrx_word' id='word_1_389' title='bbox 2533 2008 2801 2077; x_wconf 77' lang='lat' dir='ltr'><strong>expositio</strong></span> <span class='ocrx_word' id='word_1_390' title='bbox 2836 2012 3197 2069; x_wconf 88' lang='lat' dir='ltr'><strong>nihilominus</strong></span> <span class='ocrx_word' id='word_1_391' title='bbox 3246 2016 3447 2071; x_wconf 85' lang='lat' dir='ltr'><strong>sullicit</strong></span> 
     </span>
    </p>
   </div>
   <div class='ocr_carea' id='block_1_52' title="bbox 1867 2096 3447 2160">
    <p class='ocr_par' dir='ltr' id='par_1_52' title="bbox 1867 2096 3447 2160">
     <span class='ocr_line' id='line_1_52' title="bbox 1867 2096 3447 2160; baseline 0.006 -10"><span class='ocrx_word' id='word_1_392' title='bbox 1867 2098 1933 2152; x_wconf 85' lang='lat' dir='ltr'><strong>ad</strong></span> <span class='ocrx_word' id='word_1_393' title='bbox 1960 2096 2284 2152; x_wconf 80' lang='lat' dir='ltr'><strong>refellendas</strong></span> <span class='ocrx_word' id='word_1_394' title='bbox 2313 2098 2552 2153; x_wconf 85' lang='lat' dir='ltr'><strong>hominis</strong></span> <span class='ocrx_word' id='word_1_395' title='bbox 2584 2100 2866 2154; x_wconf 83' lang='lat' dir='ltr'><strong>veritatem</strong></span> <span class='ocrx_word' id='word_1_396' title='bbox 2892 2103 3245 2160; x_wconf 87' lang='lat' dir='ltr'><strong>ohscurautis</strong></span> <span class='ocrx_word' id='word_1_397' title='bbox 3277 2106 3447 2160; x_wconf 85' lang='lat' dir='ltr'><strong>cavil-</strong></span> 
     </span>
    </p>
   </div>
   <div class='ocr_carea' id='block_1_53' title="bbox 1868 2189 3448 2263">
    <p class='ocr_par' dir='ltr' id='par_1_53' title="bbox 1868 2189 3448 2263">
     <span class='ocr_line' id='line_1_53' title="bbox 1868 2189 3448 2263; baseline 0.005 -20"><span class='ocrx_word' id='word_1_398' title='bbox 1868 2189 2122 2253; x_wconf 84' lang='lat' dir='ltr'><strong>lationes,</strong></span> <span class='ocrx_word' id='word_1_399' title='bbox 2155 2204 2254 2243; x_wconf 91' lang='lat' dir='ltr'><strong>nec</strong></span> <span class='ocrx_word' id='word_1_400' title='bbox 2289 2205 2385 2258; x_wconf 89' lang='lat' dir='ltr'><strong>per</strong></span> <span class='ocrx_word' id='word_1_401' title='bbox 2413 2190 2690 2261; x_wconf 81' lang='lat' dir='ltr'><strong>longiores</strong></span> <span class='ocrx_word' id='word_1_402' title='bbox 2720 2194 2977 2263; x_wconf 80' lang='lat' dir='ltr'><strong>ambages</strong></span> <span class='ocrx_word' id='word_1_403' title='bbox 3014 2196 3235 2252; x_wconf 68' lang='lat' dir='ltr'><strong>exhibet</strong></span> <span class='ocrx_word' id='word_1_404' title='bbox 3276 2199 3448 2251; x_wconf 88' lang='lat' dir='ltr'><strong>inter-</strong></span> 
     </span>
    </p>
   </div>
   <div class='ocr_carea' id='block_1_54' title="bbox 1868 2278 3447 2353">
    <p class='ocr_par' dir='ltr' id='par_1_54' title="bbox 1868 2278 3447 2353">
     <span class='ocr_line' id='line_1_54' title="bbox 1868 2278 3447 2353; baseline 0.009 -24"><span class='ocrx_word' id='word_1_405' title='bbox 1868 2280 2249 2347; x_wconf 81' lang='lat' dir='ltr'><strong>pretationem.</strong></span> <span class='ocrx_word' id='word_1_406' title='bbox 2312 2278 2451 2333; x_wconf 83' lang='lat' dir='ltr'><strong>Illud</strong></span> <span class='ocrx_word' id='word_1_407' title='bbox 2507 2283 2653 2335; x_wconf 88' lang='lat' dir='ltr'><strong>enim</strong></span> <span class='ocrx_word' id='word_1_408' title='bbox 2706 2284 2972 2349; x_wconf 77' lang='lat' dir='ltr'><strong>tradidit,</strong></span> <span class='ocrx_word' id='word_1_409' title='bbox 3035 2295 3089 2340; x_wconf 90' lang='lat' dir='ltr'><strong>et</strong></span> <span class='ocrx_word' id='word_1_410' title='bbox 3144 2287 3331 2353; x_wconf 80' lang='lat' dir='ltr'><strong>dedit,</strong></span> <span class='ocrx_word' id='word_1_411' title='bbox 3391 2298 3447 2344; x_wconf 86' lang='lat' dir='ltr'><strong>ct</strong></span> 
     </span>
    </p>
   </div>
   <div class='ocr_carea' id='block_1_55' title="bbox 1867 2370 3443 2445">
    <p class='ocr_par' dir='ltr' id='par_1_55' title="bbox 1867 2370 3443 2445">
     <span class='ocr_line' id='line_1_55' title="bbox 1867 2370 3443 2445; baseline 0.006 -23"><span class='ocrx_word' id='word_1_412' title='bbox 1867 2370 2100 2439; x_wconf 86' lang='lat' dir='ltr'><strong>quodvis</strong></span> <span class='ocrx_word' id='word_1_413' title='bbox 2142 2384 2210 2424; x_wconf 82' lang='lat' dir='ltr'><strong>ex</strong></span> <span class='ocrx_word' id='word_1_414' title='bbox 2248 2371 2429 2424; x_wconf 89' lang='lat' dir='ltr'><strong>verbis</strong></span> <span class='ocrx_word' id='word_1_415' title='bbox 2464 2372 2735 2436; x_wconf 84' lang='lat' dir='ltr'><strong>adductis,</strong></span> <span class='ocrx_word' id='word_1_416' title='bbox 2786 2375 2833 2428; x_wconf 88' lang='lat' dir='ltr'><strong>si</strong></span> <span class='ocrx_word' id='word_1_417' title='bbox 2882 2382 2982 2444; x_wconf 80' lang='lat' dir='ltr'><strong>pro</strong></span> <span class='ocrx_word' id='word_1_418' title='bbox 3028 2380 3292 2445; x_wconf 78' lang='lat' dir='ltr'><strong>permisit,</strong></span> <span class='ocrx_word' id='word_1_419' title='bbox 3340 2395 3443 2432; x_wconf 81' lang='lat' dir='ltr'><strong>uor</strong></span> 
     </span>
    </p>
   </div>
   <div class='ocr_carea' id='block_1_56' title="bbox 1868 2460 3445 2537">
    <p class='ocr_par' dir='ltr' id='par_1_56' title="bbox 1868 2460 3445 2537">
     <span class='ocr_line' id='line_1_56' title="bbox 1868 2460 3445 2537; baseline 0.007 -26"><span class='ocrx_word' id='word_1_420' title='bbox 1868 2460 2161 2527; x_wconf 82' lang='lat' dir='ltr'><strong>impedivit,</strong></span> <span class='ocrx_word' id='word_1_421' title='bbox 2224 2462 2344 2513; x_wconf 82' lang='lat' dir='ltr'><strong>sivit</strong></span> <span class='ocrx_word' id='word_1_422' title='bbox 2406 2462 2705 2530; x_wconf 80' lang='lat' dir='ltr'><strong>accipitur;</strong></span> <span class='ocrx_word' id='word_1_423' title='bbox 2768 2478 2879 2517; x_wconf 89' lang='lat' dir='ltr'><strong>non</strong></span> <span class='ocrx_word' id='word_1_424' title='bbox 2945 2466 3234 2535; x_wconf 78' lang='lat' dir='ltr'><strong>significat,</strong></span> <span class='ocrx_word' id='word_1_425' title='bbox 3299 2467 3445 2537; x_wconf 53' lang='lat' dir='ltr'><strong>quad</strong></span> 
     </span>
    </p>
   </div>
   <div class='ocr_carea' id='block_1_57' title="bbox 1867 2550 3444 2619">
    <p class='ocr_par' dir='ltr' id='par_1_57' title="bbox 1867 2550 3444 2619">
     <span class='ocr_line' id='line_1_57' title="bbox 1867 2550 3444 2619; baseline 0.005 -15"><span class='ocrx_word' id='word_1_426' title='bbox 1867 2550 2012 2605; x_wconf 85' lang='lat' dir='ltr'><strong>Deus</strong></span> <span class='ocrx_word' id='word_1_427' title='bbox 2032 2551 2137 2604; x_wconf 70' lang='lat' dir='ltr'><strong>vim</strong></span> <span class='ocrx_word' id='word_1_428' title='bbox 2169 2553 2413 2605; x_wconf 88' lang='lat' dir='ltr'><strong>intulerit</strong></span> <span class='ocrx_word' id='word_1_429' title='bbox 2432 2554 2719 2619; x_wconf 87' lang='lat' dir='ltr'><strong>voluntati,</strong></span> <span class='ocrx_word' id='word_1_430' title='bbox 2747 2564 2804 2608; x_wconf 91' lang='lat' dir='ltr'><strong>ut</strong></span> <span class='ocrx_word' id='word_1_431' title='bbox 2822 2565 3011 2609; x_wconf 77' lang='lat' dir='ltr'><strong>contra</strong></span> <span class='ocrx_word' id='word_1_432' title='bbox 3039 2557 3444 2613; x_wconf 82' lang='lat' dir='ltr'><strong>inclinationem</strong></span> 
     </span>
    </p>
   </div>
   <div class='ocr_carea' id='block_1_58' title="bbox 1867 2644 3447 2714">
    <p class='ocr_par' dir='ltr' id='par_1_58' title="bbox 1867 2644 3447 2714">
     <span class='ocr_line' id='line_1_58' title="bbox 1867 2644 3447 2714; baseline 0.006 -17"><span class='ocrx_word' id='word_1_433' title='bbox 1867 2644 2059 2713; x_wconf 77' lang='lat' dir='ltr'><strong>egerit,</strong></span> <span class='ocrx_word' id='word_1_434' title='bbox 2103 2653 2198 2698; x_wconf 89' lang='lat' dir='ltr'><strong>aut</strong></span> <span class='ocrx_word' id='word_1_435' title='bbox 2255 2646 2495 2714; x_wconf 72' lang='lat' dir='ltr'><strong>coegerit</strong></span> <span class='ocrx_word' id='word_1_436' title='bbox 2544 2648 2880 2703; x_wconf 87' lang='lat' dir='ltr'><strong>voluntarias</strong></span> <span class='ocrx_word' id='word_1_437' title='bbox 2927 2648 3245 2712; x_wconf 88' lang='lat' dir='ltr'><strong>electiones,</strong></span> <span class='ocrx_word' id='word_1_438' title='bbox 3287 2651 3447 2707; x_wconf 75' lang='lat' dir='ltr'><strong>invo-</strong></span> 
     </span>
    </p>
   </div>
   <div class='ocr_carea' id='block_1_59' title="bbox 1868 2737 3448 2806">
    <p class='ocr_par' dir='ltr' id='par_1_59' title="bbox 1868 2737 3448 2806">
     <span class='ocr_line' id='line_1_59' title="bbox 1868 2737 3448 2806; baseline 0.006 -17"><span class='ocrx_word' id='word_1_439' title='bbox 1868 2737 2106 2789; x_wconf 89' lang='lat' dir='ltr'><strong>luntario</strong></span> <span class='ocrx_word' id='word_1_440' title='bbox 2173 2738 2344 2789; x_wconf 83' lang='lat' dir='ltr'><strong>motui</strong></span> <span class='ocrx_word' id='word_1_441' title='bbox 2416 2738 2840 2806; x_wconf 84' lang='lat' dir='ltr'><strong>obtemperare,</strong></span> <span class='ocrx_word' id='word_1_442' title='bbox 2910 2745 2964 2792; x_wconf 83' lang='lat' dir='ltr'><strong>et</strong></span> <span class='ocrx_word' id='word_1_443' title='bbox 3023 2740 3448 2799; x_wconf 81' lang='lat' dir='ltr'><strong>deliberationes</strong></span> 
     </span>
    </p>
   </div>
   <div class='ocr_carea' id='block_1_60' title="bbox 1870 2828 3449 2903">
    <p class='ocr_par' dir='ltr' id='par_1_60' title="bbox 1870 2828 3449 2903">
     <span class='ocr_line' id='line_1_60' title="bbox 1870 2828 3449 2903; baseline 0.004 -21"><span class='ocrx_word' id='word_1_444' title='bbox 1870 2828 2039 2882; x_wconf 86' lang='lat' dir='ltr'><strong>libero</strong></span> <span class='ocrx_word' id='word_1_445' title='bbox 2066 2828 2275 2881; x_wconf 76' lang='lat' dir='ltr'><strong>orbat-it</strong></span> <span class='ocrx_word' id='word_1_446' title='bbox 2317 2829 2588 2895; x_wconf 88' lang='lat' dir='ltr'><strong>arbitrio;</strong></span> <span class='ocrx_word' id='word_1_447' title='bbox 2633 2831 2727 2884; x_wconf 84' lang='lat' dir='ltr'><strong>sed</strong></span> <span class='ocrx_word' id='word_1_448' title='bbox 2766 2831 3065 2901; x_wconf 76' lang='lat' dir='ltr'><strong>signiﬁcat,</strong></span> <span class='ocrx_word' id='word_1_449' title='bbox 3098 2834 3240 2902; x_wconf 80' lang='lat' dir='ltr'><strong>quod</strong></span> <span class='ocrx_word' id='word_1_450' title='bbox 3276 2834 3449 2903; x_wconf 65' lang='lat' dir='ltr'><strong>aequis</strong></span> 
     </span>
    </p>
   </div>
   <div class='ocr_carea' id='block_1_61' title="bbox 1871 2918 3448 2994">
    <p class='ocr_par' dir='ltr' id='par_1_61' title="bbox 1871 2918 3448 2994">
     <span class='ocr_line' id='line_1_61' title="bbox 1871 2918 3448 2994; baseline 0.004 -22"><span class='ocrx_word' id='word_1_451' title='bbox 1871 2919 2121 2973; x_wconf 88' lang='lat' dir='ltr'><strong>terminis</strong></span> <span class='ocrx_word' id='word_1_452' title='bbox 2167 2918 2480 2983; x_wconf 69' lang='lat' dir='ltr'><strong>secludens,</strong></span> <span class='ocrx_word' id='word_1_453' title='bbox 2529 2936 2652 2989; x_wconf 66' lang='lat' dir='ltr'><strong>qua:</strong></span> <span class='ocrx_word' id='word_1_454' title='bbox 2703 2922 3013 2991; x_wconf 83' lang='lat' dir='ltr'><strong>subiacent,</strong></span> <span class='ocrx_word' id='word_1_455' title='bbox 3061 2931 3116 2977; x_wconf 82' lang='lat' dir='ltr'><strong>et</strong></span> <span class='ocrx_word' id='word_1_456' title='bbox 3162 2940 3284 2994; x_wconf 61' lang='lat' dir='ltr'><strong>quae</strong></span> <span class='ocrx_word' id='word_1_457' title='bbox 3337 2940 3448 2979; x_wconf 87' lang='lat' dir='ltr'><strong>non</strong></span> 
     </span>
    </p>
   </div>
   <div class='ocr_carea' id='block_1_62' title="bbox 186 3011 1768 3101">
    <p class='ocr_par' dir='ltr' id='par_1_62' title="bbox 186 3013 1763 3086">
     <span class='ocr_line' id='line_1_62' title="bbox 186 3013 1763 3086; baseline -0.002 -19"><span class='ocrx_word' id='word_1_458' title='bbox 186 3017 283 3079; x_wconf 77' lang='grc' dir='ltr'>τὰς</span> <span class='ocrx_word' id='word_1_459' title='bbox 314 3015 687 3086; x_wconf 83' lang='grc' dir='ltr'>ὁμοδυνάμους</span> <span class='ocrx_word' id='word_1_460' title='bbox 721 3055 736 3081; x_wconf 91' lang='grc'><strong>,</strong></span> <span class='ocrx_word' id='word_1_461' title='bbox 780 3018 873 3068; x_wconf 70' lang='grc' dir='ltr'>καὶ</span> <span class='ocrx_word' id='word_1_462' title='bbox 902 3014 1240 3085; x_wconf 80' lang='grc' dir='ltr'>ἀμφιϐόλους</span> <span class='ocrx_word' id='word_1_463' title='bbox 1270 3014 1475 3082; x_wconf 82' lang='grc' dir='ltr'>φωνὰς,</span> <span class='ocrx_word' id='word_1_464' title='bbox 1517 3013 1617 3075; x_wconf 84' lang='grc' dir='ltr'>τὰς</span> <span class='ocrx_word' id='word_1_465' title='bbox 1642 3013 1763 3065; x_wconf 80' lang='grc' dir='ltr'>ὅσαι</span> 
     </span>
    </p>
   </div>
   <div class='ocr_carea' id='block_1_63' title="bbox 1876 3011 3451 3101">
    <p class='ocr_par' dir='ltr' id='par_1_63' title="bbox 1876 3011 3451 3087">
     <span class='ocr_line' id='line_1_63' title="bbox 1876 3011 3451 3087; baseline 0.004 -22"><span class='ocrx_word' id='word_1_466' title='bbox 1876 3011 2151 3079; x_wconf 74' lang='lat' dir='ltr'><strong>subiacent</strong></span> <span class='ocrx_word' id='word_1_467' title='bbox 2204 3021 2406 3065; x_wconf 67' lang='lat' dir='ltr'><strong>nostra:</strong></span> <span class='ocrx_word' id='word_1_468' title='bbox 2452 3014 2735 3081; x_wconf 88' lang='lat' dir='ltr'><strong>potestati,</strong></span> <span class='ocrx_word' id='word_1_469' title='bbox 2791 3030 2854 3068; x_wconf 84' lang='lat' dir='ltr'><strong>ea</strong></span> <span class='ocrx_word' id='word_1_470' title='bbox 2905 3017 3209 3084; x_wconf 75' lang='lat' dir='ltr'><strong>separarit,</strong></span> <span class='ocrx_word' id='word_1_471' title='bbox 3272 3032 3451 3087; x_wconf 86' lang='lat' dir='ltr'><strong>neque</strong></span> 
     </span>
    </p>
   </div>
   <div class='ocr_carea' id='block_1_64' title="bbox 186 3104 1762 3178">
    <p class='ocr_par' dir='ltr' id='par_1_64' title="bbox 186 3104 1762 3178">
     <span class='ocr_line' id='line_1_64' title="bbox 186 3104 1762 3178; baseline -0.001 -18"><span class='ocrx_word' id='word_1_472' title='bbox 186 3110 298 3171; x_wconf 84' lang='grc' dir='ltr'>τοῖς</span> <span class='ocrx_word' id='word_1_473' title='bbox 333 3108 548 3172; x_wconf 83' lang='grc' dir='ltr'>πολλοῖς</span> <span class='ocrx_word' id='word_1_474' title='bbox 580 3109 797 3162; x_wconf 83' lang='grc' dir='ltr'>ἐδόκουν</span> <span class='ocrx_word' id='word_1_475' title='bbox 826 3108 1060 3178; x_wconf 86' lang='grc' dir='ltr'>ἀπορίαν</span> <span class='ocrx_word' id='word_1_476' title='bbox 1085 3108 1352 3178; x_wconf 83' lang='grc' dir='ltr'>παρέχειν</span> <span class='ocrx_word' id='word_1_477' title='bbox 1382 3104 1461 3177; x_wconf 81' lang='grc' dir='ltr'>τῷ</span> <span class='ocrx_word' id='word_1_478' title='bbox 1487 3106 1587 3175; x_wconf 86' lang='grc' dir='ltr'>τῆς</span> <span class='ocrx_word' id='word_1_479' title='bbox 1620 3106 1762 3176; x_wconf 74' lang='grc' dir='ltr'>ὁμωο</span> 
     </span>
    </p>
   </div>
   <div class='ocr_carea' id='block_1_65' title="bbox 187 3197 1767 3272">
    <p class='ocr_par' dir='ltr' id='par_1_65' title="bbox 187 3197 1767 3272">
     <span class='ocr_line' id='line_1_65' title="bbox 187 3197 1767 3272; baseline -0.003 -19"><span class='ocrx_word' id='word_1_480' title='bbox 187 3201 388 3270; x_wconf 85' lang='grc' dir='ltr'>νυμίας</span> <span class='ocrx_word' id='word_1_481' title='bbox 427 3201 740 3272; x_wconf 87' lang='grc' dir='ltr'>ἀμερίστως</span> <span class='ocrx_word' id='word_1_482' title='bbox 768 3201 1140 3270; x_wconf 83' lang='grc' dir='ltr'>συνεχόμεναι,</span> <span class='ocrx_word' id='word_1_483' title='bbox 1160 3201 1257 3270; x_wconf 85' lang='grc' dir='ltr'><strong>τῆς</strong></span> <span class='ocrx_word' id='word_1_484' title='bbox 1281 3214 1340 3250; x_wconf 84' lang='grc' dir='ltr'><strong>τε</strong></span> <span class='ocrx_word' id='word_1_485' title='bbox 1372 3198 1647 3266; x_wconf 82' lang='grc' dir='ltr'>ἀσφαλοῦς</span> <span class='ocrx_word' id='word_1_486' title='bbox 1680 3197 1767 3268; x_wconf 74' lang='grc' dir='ltr'><strong>εἴη</strong></span> 
     </span>
    </p>
   </div>
   <div class='ocr_carea' id='block_1_66' title="bbox 187 3288 1763 3363">
    <p class='ocr_par' dir='ltr' id='par_1_66' title="bbox 187 3288 1763 3363">
     <span class='ocr_line' id='line_1_66' title="bbox 187 3288 1763 3363; baseline -0.003 -18"><span class='ocrx_word' id='word_1_487' title='bbox 187 3291 253 3346; x_wconf 78' lang='grc' dir='ltr'>ἂν</span> <span class='ocrx_word' id='word_1_488' title='bbox 285 3292 628 3363; x_wconf 75' lang='grc' dir='ltr'>ὑπολήψεως,</span> <span class='ocrx_word' id='word_1_489' title='bbox 664 3292 757 3345; x_wconf 79' lang='grc' dir='ltr'><strong>καὶ</strong></span> <span class='ocrx_word' id='word_1_490' title='bbox 785 3294 851 3363; x_wconf 81' lang='grc' dir='ltr'>τῇ</span> <span class='ocrx_word' id='word_1_491' title='bbox 897 3292 997 3362; x_wconf 81' lang='grc' dir='ltr'>μιᾷ</span> <span class='ocrx_word' id='word_1_492' title='bbox 1024 3289 1228 3361; x_wconf 84' lang='grc' dir='ltr'>Θεωρίᾳ</span> <span class='ocrx_word' id='word_1_493' title='bbox 1260 3288 1434 3342; x_wconf 88' lang='grc' dir='ltr'>πλείω</span> <span class='ocrx_word' id='word_1_494' title='bbox 1476 3288 1763 3358; x_wconf 75' lang='grc' dir='ltr'>διαλυομέ-</span> 
     </span>
    </p>
   </div>
   <div class='ocr_carea' id='block_1_67' title="bbox 185 3383 790 3455">
    <p class='ocr_par' dir='ltr' id='par_1_67' title="bbox 185 3383 790 3455">
     <span class='ocr_line' id='line_1_67' title="bbox 185 3383 790 3455; baseline 0 -2"><span class='ocrx_word' id='word_1_495' title='bbox 185 3401 284 3453; x_wconf 72' lang='grc' dir='ltr'>νης</span> <span class='ocrx_word' id='word_1_496' title='bbox 317 3383 617 3455; x_wconf 76' lang='grc' dir='ltr'><strong>ζητήματα</strong></span> <span class='ocrx_word' id='word_1_497' title='bbox 651 3384 790 3453; x_wconf 72' lang='lat'><strong>(37)-</strong></span> 
     </span>
    </p>
   </div>
   <div class='ocr_carea' id='block_1_68' title="bbox 1869 3103 3557 3176">
    <p class='ocr_par' dir='ltr' id='par_1_68' title="bbox 1869 3103 3557 3176">
     <span class='ocr_line' id='line_1_68' title="bbox 1869 3103 3557 3176; baseline 0.006 -19"><span class='ocrx_word' id='word_1_498' title='bbox 1869 3103 2070 3158; x_wconf 89' lang='lat' dir='ltr'><strong>invitos</strong></span> <span class='ocrx_word' id='word_1_499' title='bbox 2121 3103 2188 3156; x_wconf 92' lang='lat' dir='ltr'><strong>ad</strong></span> <span class='ocrx_word' id='word_1_500' title='bbox 2239 3103 2441 3157; x_wconf 91' lang='lat' dir='ltr'><strong>bouum</strong></span> <span class='ocrx_word' id='word_1_501' title='bbox 2490 3106 2839 3174; x_wconf 79' lang='lat' dir='ltr'><strong>pertraxerit,</strong></span> <span class='ocrx_word' id='word_1_502' title='bbox 2893 3123 3071 3176; x_wconf 77' lang='lat' dir='ltr'><strong>neque</strong></span> <span class='ocrx_word' id='word_1_503' title='bbox 3118 3109 3362 3164; x_wconf 90' lang='lat' dir='ltr'><strong>volentes</strong></span> <span class='ocrx_word' id='word_1_504' title='bbox 3417 3124 3447 3162; x_wconf 88' lang='lat' dir='ltr'><strong>a</strong></span> <span class='ocrx_word' id='word_1_505' title='bbox 3540 3156 3557 3167; x_wconf 51' lang='grc' dir='ltr'><em>μ</em></span> 
     </span>
    </p>
   </div>
   <div class='ocr_carea' id='block_1_69' title="bbox 1870 3195 3450 3271">
    <p class='ocr_par' dir='ltr' id='par_1_69' title="bbox 1870 3195 3450 3271">
     <span class='ocr_line' id='line_1_69' title="bbox 1870 3195 3450 3271; baseline 0.005 -24"><span class='ocrx_word' id='word_1_506' title='bbox 1870 3195 2149 3265; x_wconf 90' lang='lat' dir='ltr'><strong>proposito</strong></span> <span class='ocrx_word' id='word_1_507' title='bbox 2208 3195 2567 3249; x_wconf 76' lang='lat' dir='ltr'><strong>revocaverit.</strong></span> <span class='ocrx_word' id='word_1_508' title='bbox 2628 3195 2731 3262; x_wconf 86' lang='lat' dir='ltr'><strong>Qui</strong></span> <span class='ocrx_word' id='word_1_509' title='bbox 2804 3197 2909 3252; x_wconf 90' lang='lat' dir='ltr'><strong>hoc</strong></span> <span class='ocrx_word' id='word_1_510' title='bbox 2955 3209 3113 3268; x_wconf 90' lang='lat' dir='ltr'><strong>pacto</strong></span> <span class='ocrx_word' id='word_1_511' title='bbox 3180 3200 3234 3254; x_wconf 92' lang='lat' dir='ltr'><strong>in</strong></span> <span class='ocrx_word' id='word_1_512' title='bbox 3297 3215 3450 3271; x_wconf 67' lang='lat' dir='ltr'><strong>atque</strong></span> 
     </span>
    </p>
   </div>
   <div class='ocr_carea' id='block_1_70' title="bbox 1874 3288 3453 3363">
    <p class='ocr_par' dir='ltr' id='par_1_70' title="bbox 1874 3288 3453 3363">
     <span class='ocr_line' id='line_1_70' title="bbox 1874 3288 3453 3363; baseline 0.005 -23"><span class='ocrx_word' id='word_1_513' title='bbox 1874 3288 2162 3356; x_wconf 85' lang='lat' dir='ltr'><strong>pollentes,</strong></span> <span class='ocrx_word' id='word_1_514' title='bbox 2196 3297 2251 3343; x_wconf 89' lang='lat' dir='ltr'><strong>et</strong></span> <span class='ocrx_word' id='word_1_515' title='bbox 2288 3289 2574 3357; x_wconf 78' lang='lat' dir='ltr'><strong>ambiguas</strong></span> <span class='ocrx_word' id='word_1_516' title='bbox 2601 3303 2766 3345; x_wconf 90' lang='lat' dir='ltr'><strong>voces</strong></span> <span class='ocrx_word' id='word_1_517' title='bbox 2797 3299 3127 3345; x_wconf 86' lang='lat' dir='ltr'><strong>transmutat</strong></span> <span class='ocrx_word' id='word_1_518' title='bbox 3158 3292 3299 3357; x_wconf 89' lang='lat' dir='ltr'><strong>illas,</strong></span> <span class='ocrx_word' id='word_1_519' title='bbox 3326 3305 3453 3363; x_wconf 66' lang='lat' dir='ltr'><strong>qum</strong></span> 
     </span>
    </p>
   </div>
   <div class='ocr_carea' id='block_1_71' title="bbox 1872 3377 3449 3454">
    <p class='ocr_par' dir='ltr' id='par_1_71' title="bbox 1872 3377 3449 3454">
     <span class='ocr_line' id='line_1_71' title="bbox 1872 3377 3449 3454; baseline 0.004 -21"><span class='ocrx_word' id='word_1_520' title='bbox 1872 3380 2059 3435; x_wconf 89' lang='lat' dir='ltr'><strong>multis</strong></span> <span class='ocrx_word' id='word_1_521' title='bbox 2104 3379 2381 3450; x_wconf 76' lang='lat' dir='ltr'><strong>negotium</strong></span> <span class='ocrx_word' id='word_1_522' title='bbox 2422 3377 2696 3434; x_wconf 79' lang='lat' dir='ltr'><strong>facessere</strong></span> <span class='ocrx_word' id='word_1_523' title='bbox 2732 3380 3059 3436; x_wconf 85' lang='lat' dir='ltr'><strong>videbantur</strong></span> <span class='ocrx_word' id='word_1_524' title='bbox 3088 3384 3157 3438; x_wconf 88' lang='lat' dir='ltr'><strong>ob</strong></span> <span class='ocrx_word' id='word_1_525' title='bbox 3207 3385 3449 3454; x_wconf 72' lang='lat' dir='ltr'><strong>aequivo-</strong></span> 
     </span>
    </p>
   </div>
   <div class='ocr_carea' id='block_1_72' title="bbox 185 3469 3449 3547">
    <p class='ocr_par' dir='ltr' id='par_1_72' title="bbox 185 3469 3449 3547">
     <span class='ocr_line' id='line_1_72' title="bbox 185 3469 3449 3547; baseline 0.002 -18"><span class='ocrx_word' id='word_1_526' title='bbox 185 3476 456 3529; x_wconf 73' lang='lat' dir='ltr'><strong>cntionem</strong></span> <span class='ocrx_word' id='word_1_527' title='bbox 505 3473 610 3529; x_wconf 83' lang='lat' dir='ltr'><strong>sibi</strong></span> <span class='ocrx_word' id='word_1_528' title='bbox 652 3472 1091 3544; x_wconf 85' lang='lat' dir='ltr'><strong>inseparabiliter</strong></span> <span class='ocrx_word' id='word_1_529' title='bbox 1154 3470 1541 3541; x_wconf 87' lang='lat' dir='ltr'><strong>coniunctam;</strong></span> <span class='ocrx_word' id='word_1_530' title='bbox 1605 3469 1654 3524; x_wconf 87' lang='lat' dir='ltr'><strong>is</strong></span> <span class='ocrx_word' id='word_1_531' title='bbox 1692 3471 2018 3525; x_wconf 89' lang='lat' dir='ltr'><strong>sententiam</strong></span> <span class='ocrx_word' id='word_1_532' title='bbox 2074 3486 2185 3526; x_wconf 90' lang='lat' dir='ltr'><strong>non</strong></span> <span class='ocrx_word' id='word_1_533' title='bbox 2275 3470 2439 3525; x_wconf 92' lang='lat' dir='ltr'><strong>modo</strong></span> <span class='ocrx_word' id='word_1_534' title='bbox 2489 3480 2682 3537; x_wconf 89' lang='lat' dir='ltr'><strong>tutam,</strong></span> <span class='ocrx_word' id='word_1_535' title='bbox 2733 3473 2829 3527; x_wconf 88' lang='lat' dir='ltr'><strong>sed</strong></span> <span class='ocrx_word' id='word_1_536' title='bbox 2895 3482 2949 3529; x_wconf 90' lang='lat' dir='ltr'><strong>et</strong></span> <span class='ocrx_word' id='word_1_537' title='bbox 3011 3476 3173 3530; x_wconf 90' lang='lat' dir='ltr'><strong>unica</strong></span> <span class='ocrx_word' id='word_1_538' title='bbox 3261 3477 3449 3547; x_wconf 81' lang='lat' dir='ltr'><strong>regula</strong></span> 
     </span>
    </p>
   </div>
   <div class='ocr_carea' id='block_1_73' title="bbox 186 3565 1601 3637">
    <p class='ocr_par' dir='ltr' id='par_1_73' title="bbox 186 3565 1601 3637">
     <span class='ocr_line' id='line_1_73' title="bbox 186 3565 1601 3637; baseline -0.002 -16"><span class='ocrx_word' id='word_1_539' title='bbox 186 3569 491 3623; x_wconf 84' lang='lat' dir='ltr'><strong>solventem</strong></span> <span class='ocrx_word' id='word_1_540' title='bbox 522 3568 709 3637; x_wconf 86' lang='lat' dir='ltr'><strong>plures</strong></span> <span class='ocrx_word' id='word_1_541' title='bbox 740 3565 1149 3621; x_wconf 87' lang='lat' dir='ltr'><strong>controversias</strong></span> <span class='ocrx_word' id='word_1_542' title='bbox 1178 3574 1366 3619; x_wconf 90' lang='lat' dir='ltr'><strong>tenere</strong></span> <span class='ocrx_word' id='word_1_543' title='bbox 1404 3573 1601 3634; x_wconf 87' lang='lat' dir='ltr'><strong>potest.</strong></span> 
     </span>
    </p>
   </div>
   <div class='ocr_carea' id='block_1_74' title="bbox 253 3656 1766 3727">
    <p class='ocr_par' dir='ltr' id='par_1_74' title="bbox 253 3656 1766 3727">
     <span class='ocr_line' id='line_1_74' title="bbox 253 3656 1766 3727; baseline -0.005 -10"><span class='ocrx_word' id='word_1_544' title='bbox 253 3663 385 3726; x_wconf 81' lang='grc' dir='ltr'><strong>Πῶς</strong></span> <span class='ocrx_word' id='word_1_545' title='bbox 408 3657 502 3715; x_wconf 79' lang='grc' dir='ltr'><strong>οὖν</strong></span> <span class='ocrx_word' id='word_1_546' title='bbox 529 3661 653 3714; x_wconf 76' lang='grc' dir='ltr'>ἀντὶ</span> <span class='ocrx_word' id='word_1_547' title='bbox 694 3658 787 3713; x_wconf 83' lang='grc' dir='ltr'>τοῦ</span> <span class='ocrx_word' id='word_1_548' title='bbox 820 3658 1147 3727; x_wconf 77' lang='grc' dir='ltr'>παρέδωκε,</span> <span class='ocrx_word' id='word_1_549' title='bbox 1176 3658 1271 3711; x_wconf 75' lang='grc' dir='ltr'><strong>καὶ</strong></span> <span class='ocrx_word' id='word_1_550' title='bbox 1296 3656 1636 3726; x_wconf 84' lang='grc' dir='ltr'>πεπώρωκε,</span> <span class='ocrx_word' id='word_1_551' title='bbox 1672 3657 1766 3711; x_wconf 74' lang='grc' dir='ltr'>καὶ</span> 
     </span>
    </p>
   </div>
   <div class='ocr_carea' id='block_1_75' title="bbox 183 3748 1765 3819">
    <p class='ocr_par' dir='ltr' id='par_1_75' title="bbox 183 3748 1765 3819">
     <span class='ocr_line' id='line_1_75' title="bbox 183 3748 1765 3819; baseline -0.004 -11"><span class='ocrx_word' id='word_1_552' title='bbox 183 3754 293 3808; x_wconf 83' lang='grc' dir='ltr'>τῶν</span> <span class='ocrx_word' id='word_1_553' title='bbox 323 3752 584 3806; x_wconf 80' lang='grc' dir='ltr'>τοιούτων</span> <span class='ocrx_word' id='word_1_554' title='bbox 615 3750 677 3804; x_wconf 79' lang='grc' dir='ltr'>τὸ</span> <span class='ocrx_word' id='word_1_555' title='bbox 703 3750 1162 3819; x_wconf 77' lang='grc' dir='ltr'>συνεχώρησεν,</span> <span class='ocrx_word' id='word_1_556' title='bbox 1194 3751 1304 3803; x_wconf 81' lang='grc' dir='ltr'>οὐκ</span> <span class='ocrx_word' id='word_1_557' title='bbox 1330 3748 1666 3813; x_wconf 74' lang='grc' dir='ltr'>ἐκώλυσεν,</span> <span class='ocrx_word' id='word_1_558' title='bbox 1692 3749 1765 3802; x_wconf 85' lang='grc' dir='ltr'>οὐ</span> 
     </span>
    </p>
   </div>
   <div class='ocr_carea' id='block_1_76' title="bbox 186 3840 1766 3913">
    <p class='ocr_par' dir='ltr' id='par_1_76' title="bbox 186 3840 1766 3913">
     <span class='ocr_line' id='line_1_76' title="bbox 186 3840 1766 3913; baseline -0.006 -13"><span class='ocrx_word' id='word_1_559' title='bbox 186 3846 525 3913; x_wconf 82' lang='grc' dir='ltr'>κατέσχεν,</span> <span class='ocrx_word' id='word_1_560' title='bbox 556 3845 627 3898; x_wconf 84' lang='grc' dir='ltr'>οὐ</span> <span class='ocrx_word' id='word_1_561' title='bbox 658 3842 809 3911; x_wconf 83' lang='grc' dir='ltr'>πρὸς</span> <span class='ocrx_word' id='word_1_562' title='bbox 841 3844 992 3908; x_wconf 77' lang='grc' dir='ltr'>,βίαν</span> <span class='ocrx_word' id='word_1_563' title='bbox 1018 3841 1393 3913; x_wconf 83' lang='grc' dir='ltr'>μετέστησεν</span> <span class='ocrx_word' id='word_1_564' title='bbox 1425 3840 1766 3911; x_wconf 81' lang='grc' dir='ltr'>ἐκληφθήσε-</span> 
     </span>
    </p>
   </div>
   <div class='ocr_carea' id='block_1_77' title="bbox 182 3921 1765 4002">
    <p class='ocr_par' dir='ltr' id='par_1_77' title="bbox 182 3921 1765 4002">
     <span class='ocr_line' id='line_1_77' title="bbox 182 3921 1765 4002; baseline -0.008 -9"><span class='ocrx_word' id='word_1_565' title='bbox 182 3957 297 4002; x_wconf 82' lang='grc' dir='ltr'>ται,</span> <span class='ocrx_word' id='word_1_566' title='bbox 355 3938 455 3992; x_wconf 71' lang='grc' dir='ltr'>καὶ</span> <span class='ocrx_word' id='word_1_567' title='bbox 504 3936 574 3991; x_wconf 79' lang='grc' dir='ltr'>τὰ</span> <span class='ocrx_word' id='word_1_568' title='bbox 610 3935 866 3990; x_wconf 74' lang='grc' dir='ltr'>τοιαῦταο</span> <span class='ocrx_word' id='word_1_569' title='bbox 915 3935 998 3989; x_wconf 84' lang='grc' dir='ltr'><strong>ὅτι</strong></span> <span class='ocrx_word' id='word_1_570' title='bbox 1040 3936 1134 3987; x_wconf 70' lang='grc' dir='ltr'><strong>ἐπὶ</strong></span> <span class='ocrx_word' id='word_1_571' title='bbox 1182 3933 1292 3988; x_wconf 84' lang='grc' dir='ltr'>τῶν</span> <span class='ocrx_word' id='word_1_572' title='bbox 1336 3932 1693 4002; x_wconf 83' lang='grc' dir='ltr'>ἀνθρωπίνων</span> <span class='ocrx_word' id='word_1_573' title='bbox 1722 3921 1765 3998; x_wconf 81' lang='grc' dir='ltr'>ᾧ</span> 
     </span>
    </p>
   </div>
   <div class='ocr_carea' id='block_1_78' title="bbox 183 4021 1771 4103">
    <p class='ocr_par' dir='ltr' id='par_1_78' title="bbox 183 4021 1771 4103">
     <span class='ocr_line' id='line_1_78' title="bbox 183 4021 1771 4103; baseline -0.007 -19"><span class='ocrx_word' id='word_1_574' title='bbox 183 4030 454 4103; x_wconf 78' lang='grc' dir='ltr'>πρόσεστι</span> <span class='ocrx_word' id='word_1_575' title='bbox 508 4026 877 4099; x_wconf 89' lang='grc' dir='ltr'>παρανομίαν,</span> <span class='ocrx_word' id='word_1_576' title='bbox 929 4028 962 4095; x_wconf 76' lang='grc' dir='ltr'>ἦ</span> <span class='ocrx_word' id='word_1_577' title='bbox 1006 4041 1129 4078; x_wconf 89' lang='grc' dir='ltr'>τινα</span> <span class='ocrx_word' id='word_1_578' title='bbox 1167 4024 1337 4093; x_wconf 81' lang='grc' dir='ltr'>ἄλλην</span> <span class='ocrx_word' id='word_1_579' title='bbox 1386 4021 1771 4093; x_wconf 82' lang='grc' dir='ltr'>πλημμέλειαν</span> 
     </span>
    </p>
   </div>
   <div class='ocr_carea' id='block_1_79' title="bbox 185 4112 1765 4188">
    <p class='ocr_par' dir='ltr' id='par_1_79' title="bbox 185 4112 1765 4188">
     <span class='ocr_line' id='line_1_79' title="bbox 185 4112 1765 4188; baseline -0.006 -13"><span class='ocrx_word' id='word_1_580' title='bbox 185 4124 505 4185; x_wconf 74' lang='grc' dir='ltr'>ἐκκόπτειν,</span> <span class='ocrx_word' id='word_1_581' title='bbox 533 4122 561 4174; x_wconf 89' lang='lat'><strong>6</strong></span> <span class='ocrx_word' id='word_1_582' title='bbox 588 4120 645 4172; x_wconf 79' lang='grc' dir='ltr'>δὲ</span> <span class='ocrx_word' id='word_1_583' title='bbox 675 4120 767 4172; x_wconf 84' lang='grc' dir='ltr'><strong>τὸν</strong></span> <span class='ocrx_word' id='word_1_584' title='bbox 808 4117 1036 4188; x_wconf 79' lang='grc' dir='ltr'>πλησίον</span> <span class='ocrx_word' id='word_1_585' title='bbox 1062 4117 1400 4188; x_wconf 73' lang='grc' dir='ltr'>ἁμαρτάνειν</span> <span class='ocrx_word' id='word_1_586' title='bbox 1429 4115 1528 4167; x_wconf 81' lang='grc' dir='ltr'><strong>οὐκ</strong></span> <span class='ocrx_word' id='word_1_587' title='bbox 1558 4112 1765 4166; x_wconf 80' lang='grc' dir='ltr'>ἐκώλυ-</span> 
     </span>
    </p>
   </div>
   <div class='ocr_carea' id='block_1_80' title="bbox 186 4203 1767 4281">
    <p class='ocr_par' dir='ltr' id='par_1_80' title="bbox 186 4203 1767 4281">
     <span class='ocr_line' id='line_1_80' title="bbox 186 4203 1767 4281; baseline -0.007 -15"><span class='ocrx_word' id='word_1_588' title='bbox 186 4230 279 4266; x_wconf 84' lang='grc' dir='ltr'><strong>σεν</strong></span> <span class='ocrx_word' id='word_1_589' title='bbox 307 4229 322 4243; x_wconf 89' lang='grc'><strong>·</strong></span> <span class='ocrx_word' id='word_1_590' title='bbox 360 4207 518 4275; x_wconf 71' lang='grc' dir='ltr'>οὗτος</span> <span class='ocrx_word' id='word_1_591' title='bbox 553 4210 651 4281; x_wconf 80' lang='grc' dir='ltr'>τὴν</span> <span class='ocrx_word' id='word_1_592' title='bbox 682 4209 863 4263; x_wconf 79' lang='grc' dir='ltr'>αἰτίαν</span> <span class='ocrx_word' id='word_1_593' title='bbox 894 4210 995 4261; x_wconf 83' lang='grc' dir='ltr'><strong>οὐκ</strong></span> <span class='ocrx_word' id='word_1_594' title='bbox 1024 4207 1283 4277; x_wconf 80' lang='grc' dir='ltr'>ἐκφεύγει</span> <span class='ocrx_word' id='word_1_595' title='bbox 1311 4206 1386 4277; x_wconf 84' lang='grc' dir='ltr'>μὴ</span> <span class='ocrx_word' id='word_1_596' title='bbox 1430 4203 1767 4275; x_wconf 83' lang='grc' dir='ltr'>συνεργάσα-</span> 
     </span>
    </p>
   </div>
   <div class='ocr_carea' id='block_1_81' title="bbox 184 4297 1767 4375">
    <p class='ocr_par' dir='ltr' id='par_1_81' title="bbox 184 4297 1767 4375">
     <span class='ocr_line' id='line_1_81' title="bbox 184 4297 1767 4375; baseline -0.004 -17"><span class='ocrx_word' id='word_1_597' title='bbox 184 4306 311 4358; x_wconf 81' lang='grc' dir='ltr'>σθαι</span> <span class='ocrx_word' id='word_1_598' title='bbox 366 4309 451 4374; x_wconf 79' lang='grc' dir='ltr'>τῷ</span> <span class='ocrx_word' id='word_1_599' title='bbox 494 4303 840 4375; x_wconf 82' lang='grc' dir='ltr'>ἡμαρτηκότι</span> <span class='ocrx_word' id='word_1_600' title='bbox 874 4301 935 4354; x_wconf 86' lang='grc' dir='ltr'><strong>τὸ</strong></span> <span class='ocrx_word' id='word_1_601' title='bbox 986 4301 1268 4370; x_wconf 84' lang='grc' dir='ltr'>ἁτόπημα,</span> <span class='ocrx_word' id='word_1_602' title='bbox 1303 4299 1399 4352; x_wconf 76' lang='grc' dir='ltr'><strong>καὶ</strong></span> <span class='ocrx_word' id='word_1_603' title='bbox 1435 4297 1767 4370; x_wconf 84' lang='grc' dir='ltr'>παραδοῦναι</span> 
     </span>
    </p>
   </div>
   <div class='ocr_carea' id='block_1_82' title="bbox 182 4393 1774 4466">
    <p class='ocr_par' dir='ltr' id='par_1_82' title="bbox 182 4393 1774 4466">
     <span class='ocr_line' id='line_1_82' title="bbox 182 4393 1774 4466; baseline -0.002 -17"><span class='ocrx_word' id='word_1_604' title='bbox 182 4396 402 4466; x_wconf 78' lang='grc' dir='ltr'>λέγοιτ’</span> <span class='ocrx_word' id='word_1_605' title='bbox 437 4395 503 4449; x_wconf 80' lang='grc' dir='ltr'><strong>ἂν</strong></span> <span class='ocrx_word' id='word_1_606' title='bbox 534 4395 626 4448; x_wconf 76' lang='grc' dir='ltr'><strong>τὸν</strong></span> <span class='ocrx_word' id='word_1_607' title='bbox 680 4395 1071 4466; x_wconf 83' lang='grc' dir='ltr'>παραπεσόντα</span> <span class='ocrx_word' id='word_1_608' title='bbox 1109 4397 1220 4457; x_wconf 69' lang='grc' dir='ltr'>τοῖς</span> <span class='ocrx_word' id='word_1_609' title='bbox 1258 4393 1493 4460; x_wconf 57' lang='lat' dir='ltr'><strong>adﬂeat;</strong></span> <span class='ocrx_word' id='word_1_610' title='bbox 1542 4394 1632 4446; x_wconf 75' lang='grc' dir='ltr'><strong>Σοὶ</strong></span> <span class='ocrx_word' id='word_1_611' title='bbox 1665 4393 1774 4463; x_wconf 80' lang='grc' dir='ltr'><strong>γὰρ</strong></span> 
     </span>
    </p>
   </div>
   <div class='ocr_carea' id='block_1_83' title="bbox 182 4484 1777 4559">
    <p class='ocr_par' dir='ltr' id='par_1_83' title="bbox 182 4484 1777 4559">
     <span class='ocr_line' id='line_1_83' title="bbox 182 4484 1777 4559; baseline -0.003 -16"><span class='ocrx_word' id='word_1_612' title='bbox 182 4491 305 4556; x_wconf 73' lang='grc' dir='ltr'>ἐξὸν</span> <span class='ocrx_word' id='word_1_613' title='bbox 365 4486 767 4559; x_wconf 78' lang='grc' dir='ltr'>ἀσφαλίζεσθαι</span> <span class='ocrx_word' id='word_1_614' title='bbox 824 4488 914 4540; x_wconf 85' lang='grc' dir='ltr'><strong>τὸν</strong></span> <span class='ocrx_word' id='word_1_615' title='bbox 966 4486 1135 4548; x_wconf 75' lang='grc' dir='ltr'>πέλας</span> <span class='ocrx_word' id='word_1_616' title='bbox 1163 4502 1175 4512; x_wconf 89' lang='grc'><strong>·</strong></span> <span class='ocrx_word' id='word_1_617' title='bbox 1229 4486 1293 4538; x_wconf 77' lang='grc' dir='ltr'><strong>σὺ</strong></span> <span class='ocrx_word' id='word_1_618' title='bbox 1338 4486 1395 4538; x_wconf 85' lang='grc' dir='ltr'>δὲ</span> <span class='ocrx_word' id='word_1_619' title='bbox 1441 4484 1632 4538; x_wconf 80' lang='grc' dir='ltr'>τοῦτον</span> <span class='ocrx_word' id='word_1_620' title='bbox 1675 4485 1777 4538; x_wconf 82' lang='grc' dir='ltr'><strong>οὐκ</strong></span> 
     </span>
    </p>
   </div>
   <div class='ocr_carea' id='block_1_84' title="bbox 182 4577 1776 4653">
    <p class='ocr_par' dir='ltr' id='par_1_84' title="bbox 182 4577 1776 4653">
     <span class='ocr_line' id='line_1_84' title="bbox 182 4577 1776 4653; baseline -0.004 -17"><span class='ocrx_word' id='word_1_621' title='bbox 182 4582 400 4653; x_wconf 81' lang='grc' dir='ltr'>ἀνέχων</span> <span class='ocrx_word' id='word_1_622' title='bbox 458 4580 597 4651; x_wconf 78' lang='grc' dir='ltr'>πρὸς</span> <span class='ocrx_word' id='word_1_623' title='bbox 646 4579 715 4633; x_wconf 83' lang='grc' dir='ltr'>τὰ</span> <span class='ocrx_word' id='word_1_624' title='bbox 768 4578 916 4649; x_wconf 83' lang='grc' dir='ltr'>πάθη</span> <span class='ocrx_word' id='word_1_625' title='bbox 975 4578 1300 4640; x_wconf 78' lang='grc' dir='ltr'>συνώθισας,</span> <span class='ocrx_word' id='word_1_626' title='bbox 1346 4577 1615 4644; x_wconf 77' lang='grc' dir='ltr'>Ἐξέτεινε</span> <span class='ocrx_word' id='word_1_627' title='bbox 1675 4578 1776 4647; x_wconf 81' lang='grc' dir='ltr'><strong>τὴν</strong></span> 
     </span>
    </p>
   </div>
   <div class='ocr_carea' id='block_1_85' title="bbox 182 4667 1776 4743">
    <p class='ocr_par' dir='ltr' id='par_1_85' title="bbox 182 4667 1776 4743">
     <span class='ocr_line' id='line_1_85' title="bbox 182 4667 1776 4743; baseline -0.003 -18"><span class='ocrx_word' id='word_1_628' title='bbox 182 4676 349 4743; x_wconf 83' lang='grc' dir='ltr'>χεῖρα</span> <span class='ocrx_word' id='word_1_629' title='bbox 382 4671 571 4725; x_wconf 77' lang='grc' dir='ltr'>λαϐεῖν</span> <span class='ocrx_word' id='word_1_630' title='bbox 597 4672 664 4725; x_wconf 82' lang='grc' dir='ltr'>τὰ</span> <span class='ocrx_word' id='word_1_631' title='bbox 694 4669 951 4740; x_wconf 81' lang='grc' dir='ltr'>ἀλλότρια</span> <span class='ocrx_word' id='word_1_632' title='bbox 987 4684 1000 4698; x_wconf 82' lang='lat'><strong><em>°</em></strong></span> <span class='ocrx_word' id='word_1_633' title='bbox 1027 4669 1189 4731; x_wconf 74' lang='grc' dir='ltr'>αὐτὸς</span> <span class='ocrx_word' id='word_1_634' title='bbox 1214 4667 1425 4734; x_wconf 88' lang='grc' dir='ltr'>παρὼν,</span> <span class='ocrx_word' id='word_1_635' title='bbox 1451 4668 1545 4720; x_wconf 73' lang='grc' dir='ltr'>καὶ</span> <span class='ocrx_word' id='word_1_636' title='bbox 1576 4667 1776 4738; x_wconf 87' lang='grc' dir='ltr'>ίσχύων</span> 
     </span>
    </p>
   </div>
   <div class='ocr_carea' id='block_1_86' title="bbox 185 4757 1778 4833">
    <p class='ocr_par' dir='ltr' id='par_1_86' title="bbox 185 4757 1778 4833">
     <span class='ocr_line' id='line_1_86' title="bbox 185 4757 1778 4833; baseline -0.004 -17"><span class='ocrx_word' id='word_1_637' title='bbox 185 4763 548 4833; x_wconf 82' lang='grc' dir='ltr'>μεθέλκυσον.</span> <span class='ocrx_word' id='word_1_638' title='bbox 585 4762 667 4815; x_wconf 83' lang='grc' dir='ltr'><strong>Τὰ</strong></span> <span class='ocrx_word' id='word_1_639' title='bbox 702 4762 924 4831; x_wconf 76' lang='grc' dir='ltr'>ὄμματα</span> <span class='ocrx_word' id='word_1_640' title='bbox 963 4762 1075 4824; x_wconf 85' lang='grc' dir='ltr'>τοῖς</span> <span class='ocrx_word' id='word_1_641' title='bbox 1108 4760 1208 4830; x_wconf 83' lang='grc' dir='ltr'>τῆς</span> <span class='ocrx_word' id='word_1_642' title='bbox 1243 4757 1538 4822; x_wconf 87' lang='grc' dir='ltr'>ἀκολασίας</span> <span class='ocrx_word' id='word_1_643' title='bbox 1568 4774 1778 4829; x_wconf 87' lang='grc' dir='ltr'>προπυ-</span> 
     </span>
    </p>
   </div>
   <div class='ocr_carea' id='block_1_87' title="bbox 794 4901 1545 4957">
    <p class='ocr_par' dir='ltr' id='par_1_87' title="bbox 794 4901 1545 4957">
     <span class='ocr_line' id='line_1_87' title="bbox 794 4901 1545 4957; baseline -0.005 0"><span class='ocrx_word' id='word_1_644' title='bbox 794 4904 839 4934; x_wconf 82' lang='grc'>³⁰</span> <span class='ocrx_word' id='word_1_645' title='bbox 862 4903 993 4957; x_wconf 88' lang='lat' dir='ltr'><strong>ibid.</strong></span> <span class='ocrx_word' id='word_1_646' title='bbox 1028 4901 1118 4956; x_wconf 70' lang='grc' dir='ltr'>ἓοίι.</span> <span class='ocrx_word' id='word_1_647' title='bbox 1222 4901 1265 4932; x_wconf 82' lang='grc'><strong>³¹</strong></span> <span class='ocrx_word' id='word_1_648' title='bbox 1289 4901 1418 4955; x_wconf 89' lang='lat' dir='ltr'><strong>ibid.</strong></span> <span class='ocrx_word' id='word_1_649' title='bbox 1454 4902 1545 4955; x_wconf 70' lang='lat'><strong>28.</strong></span> 
     </span>
    </p>
   </div>
   <div class='ocr_carea' id='block_1_88' title="bbox 820 4970 1645 5038">
    <p class='ocr_par' dir='ltr' id='par_1_88' title="bbox 820 4970 1645 5038">
     <span class='ocr_line' id='line_1_88' title="bbox 820 4970 1645 5038; baseline -0.001 -10"><span class='ocrx_word' id='word_1_650' title='bbox 820 4990 920 5037; x_wconf 72' lang='grc' dir='ltr'>χιι,</span> <span class='ocrx_word' id='word_1_651' title='bbox 963 4972 1051 5026; x_wconf 75' lang='grc'><strong>40.</strong></span> <span class='ocrx_word' id='word_1_652' title='bbox 1132 4972 1176 5004; x_wconf 81' lang='grc'>³⁸</span> <span class='ocrx_word' id='word_1_653' title='bbox 1200 4970 1344 5026; x_wconf 84' lang='lat' dir='ltr'><strong>Psal.</strong></span> <span class='ocrx_word' id='word_1_654' title='bbox 1375 4987 1528 5038; x_wconf 77' lang='lat' dir='ltr'><strong>mn,</strong></span> <span class='ocrx_word' id='word_1_655' title='bbox 1560 4971 1645 5027; x_wconf 79' lang='grc'><strong>19.</strong></span> 
     </span>
    </p>
   </div>
   <div class='ocr_carea' id='block_1_89' title="bbox 254 4903 695 4959">
    <p class='ocr_par' dir='ltr' id='par_1_89' title="bbox 254 4903 695 4959">
     <span class='ocr_line' id='line_1_89' title="bbox 254 4903 695 4959; baseline -0.002 -2"><span class='ocrx_word' id='word_1_656' title='bbox 254 4908 301 4938; x_wconf 72' lang='grc' dir='ltr'><strong>’θ</strong></span> <span class='ocrx_word' id='word_1_657' title='bbox 329 4906 495 4959; x_wconf 73' lang='lat' dir='ltr'><strong>Rom.</strong></span> <span class='ocrx_word' id='word_1_658' title='bbox 530 4920 566 4959; x_wconf 92' lang='grc' dir='ltr'>ι.</span> <span class='ocrx_word' id='word_1_659' title='bbox 603 4903 695 4958; x_wconf 73' lang='lat'><strong>26.</strong></span> 
     </span>
    </p>
   </div>
   <div class='ocr_carea' id='block_1_90' title="bbox 184 4972 732 5045">
    <p class='ocr_par' dir='ltr' id='par_1_90' title="bbox 184 4972 732 5045">
     <span class='ocr_line' id='line_1_90' title="bbox 184 4972 732 5045; baseline -0.007 -14"><span class='ocrx_word' id='word_1_660' title='bbox 184 4991 309 5045; x_wconf 77' lang='lat' dir='ltr'><strong>xm,</strong></span> <span class='ocrx_word' id='word_1_661' title='bbox 342 4976 437 5032; x_wconf 69' lang='grc'><strong>14.</strong></span> <span class='ocrx_word' id='word_1_662' title='bbox 512 4975 557 5006; x_wconf 69' lang='grc'><strong>³⁸</strong></span> <span class='ocrx_word' id='word_1_663' title='bbox 573 4972 732 5028; x_wconf 79' lang='lat' dir='ltr'><strong>Joau.</strong></span> 
     </span>
    </p>
   </div>
   <div class='ocr_carea' id='block_1_91' title="bbox 1654 4900 2124 4969">
    <p class='ocr_par' dir='ltr' id='par_1_91' title="bbox 1654 4900 2124 4969">
     <span class='ocr_line' id='line_1_91' title="bbox 1654 4900 2124 4969; baseline -0.002 -12"><span class='ocrx_word' id='word_1_664' title='bbox 1654 4903 1699 4935; x_wconf 83' lang='grc'><strong>³⁸</strong></span> <span class='ocrx_word' id='word_1_665' title='bbox 1723 4903 1769 4959; x_wconf 86' lang='grc' dir='ltr'>ΙΙ</span> <span class='ocrx_word' id='word_1_666' title='bbox 1793 4900 1921 4957; x_wconf 85' lang='lat' dir='ltr'><strong>Cor.</strong></span> <span class='ocrx_word' id='word_1_667' title='bbox 1955 4918 2029 4969; x_wconf 83' lang='lat' dir='ltr'><strong>Iv,</strong></span> <span class='ocrx_word' id='word_1_668' title='bbox 2070 4902 2124 4957; x_wconf 78' lang='grc'><strong>4.</strong></span> 
     </span>
    </p>
   </div>
   <div class='ocr_carea' id='block_1_92' title="bbox 1943 3653 3451 3724">
    <p class='ocr_par' dir='ltr' id='par_1_92' title="bbox 1943 3653 3451 3724">
     <span class='ocr_line' id='line_1_92' title="bbox 1943 3653 3451 3724; baseline 0.002 -16"><span class='ocrx_word' id='word_1_669' title='bbox 1943 3653 2232 3720; x_wconf 87' lang='lat' dir='ltr'><strong>Quomodo</strong></span> <span class='ocrx_word' id='word_1_670' title='bbox 2279 3654 2462 3721; x_wconf 77' lang='lat' dir='ltr'><strong>itaque</strong></span> <span class='ocrx_word' id='word_1_671' title='bbox 2502 3669 2600 3724; x_wconf 89' lang='lat' dir='ltr'><strong>pro</strong></span> <span class='ocrx_word' id='word_1_672' title='bbox 2625 3653 2811 3709; x_wconf 82' lang='lat' dir='ltr'><strong>verbis</strong></span> <span class='ocrx_word' id='word_1_673' title='bbox 2849 3653 2955 3709; x_wconf 85' lang='lat' dir='ltr'><strong>illis</strong></span> <span class='ocrx_word' id='word_1_674' title='bbox 2994 3656 3240 3723; x_wconf 83' lang='lat' dir='ltr'><strong>tradidit,</strong></span> <span class='ocrx_word' id='word_1_675' title='bbox 3283 3672 3451 3712; x_wconf 68' lang='lat' dir='ltr'><strong>excie-</strong></span> 
     </span>
    </p>
   </div>
   <div class='ocr_carea' id='block_1_93' title="bbox 1872 3746 3448 3820">
    <p class='ocr_par' dir='ltr' id='par_1_93' title="bbox 1872 3746 3448 3820">
     <span class='ocr_line' id='line_1_93' title="bbox 1872 3746 3448 3820; baseline 0.003 -19"><span class='ocrx_word' id='word_1_676' title='bbox 1872 3750 2027 3814; x_wconf 84' lang='lat' dir='ltr'><strong>cavit,</strong></span> <span class='ocrx_word' id='word_1_677' title='bbox 2081 3758 2245 3816; x_wconf 86' lang='lat' dir='ltr'><strong>atque</strong></span> <span class='ocrx_word' id='word_1_678' title='bbox 2303 3746 2425 3802; x_wconf 87' lang='lat' dir='ltr'><strong>aliis</strong></span> <span class='ocrx_word' id='word_1_679' title='bbox 2476 3746 2817 3816; x_wconf 85' lang='lat' dir='ltr'><strong>huiusmodi,</strong></span> <span class='ocrx_word' id='word_1_680' title='bbox 2866 3750 3234 3820; x_wconf 79' lang='lat' dir='ltr'><strong>intelligentur</strong></span> <span class='ocrx_word' id='word_1_681' title='bbox 3284 3752 3448 3805; x_wconf 83' lang='lat' dir='ltr'><strong>verba</strong></span> 
     </span>
    </p>
   </div>
   <div class='ocr_carea' id='block_1_94' title="bbox 1873 3838 3453 3910">
    <p class='ocr_par' dir='ltr' id='par_1_94' title="bbox 1873 3838 3453 3910">
     <span class='ocr_line' id='line_1_94' title="bbox 1873 3838 3453 3910; baseline 0.001 -17"><span class='ocrx_word' id='word_1_682' title='bbox 1873 3841 1989 3894; x_wconf 66' lang='lat' dir='ltr'><strong>haec</strong></span> <span class='ocrx_word' id='word_1_683' title='bbox 2018 3840 2281 3908; x_wconf 83' lang='lat' dir='ltr'><strong>permisit,</strong></span> <span class='ocrx_word' id='word_1_684' title='bbox 2312 3855 2415 3893; x_wconf 83' lang='lat' dir='ltr'><strong>non</strong></span> <span class='ocrx_word' id='word_1_685' title='bbox 2454 3838 2745 3907; x_wconf 81' lang='lat' dir='ltr'><strong>impedivit,</strong></span> <span class='ocrx_word' id='word_1_686' title='bbox 2787 3856 2891 3894; x_wconf 84' lang='lat' dir='ltr'><strong>non</strong></span> <span class='ocrx_word' id='word_1_687' title='bbox 2912 3839 3176 3905; x_wconf 83' lang='lat' dir='ltr'><strong>&#39;detimtit,</strong></span> <span class='ocrx_word' id='word_1_688' title='bbox 3220 3857 3325 3895; x_wconf 84' lang='lat' dir='ltr'><strong>nou</strong></span> <span class='ocrx_word' id='word_1_689' title='bbox 3354 3856 3453 3910; x_wconf 86' lang='lat' dir='ltr'><strong>per</strong></span> 
     </span>
    </p>
   </div>
   <div class='ocr_carea' id='block_1_95' title="bbox 1871 3931 3448 4002">
    <p class='ocr_par' dir='ltr' id='par_1_95' title="bbox 1871 3931 3448 4002">
     <span class='ocr_line' id='line_1_95' title="bbox 1871 3931 3448 4002; baseline -0.001 -16"><span class='ocrx_word' id='word_1_690' title='bbox 1871 3933 1975 3987; x_wconf 82' lang='lat' dir='ltr'><strong>vim</strong></span> <span class='ocrx_word' id='word_1_691' title='bbox 2006 3933 2311 3996; x_wconf 73' lang='lat' dir='ltr'><strong>transtulit,</strong></span> <span class='ocrx_word' id='word_1_692' title='bbox 2341 3941 2395 3987; x_wconf 91' lang='lat' dir='ltr'><strong>et</strong></span> <span class='ocrx_word' id='word_1_693' title='bbox 2424 3942 2616 3986; x_wconf 68' lang='lat' dir='ltr'><strong>caetera</strong></span> <span class='ocrx_word' id='word_1_694' title='bbox 2656 3931 2709 3986; x_wconf 90' lang='lat' dir='ltr'><strong>id</strong></span> <span class='ocrx_word' id='word_1_695' title='bbox 2741 3948 2912 4002; x_wconf 80' lang='lat' dir='ltr'><strong>genus</strong></span> <span class='ocrx_word' id='word_1_696' title='bbox 2943 3949 2957 3985; x_wconf 93' lang='lat'>:</span> <span class='ocrx_word' id='word_1_697' title='bbox 2986 3948 3110 3987; x_wconf 91' lang='lat' dir='ltr'><strong>cum</strong></span> <span class='ocrx_word' id='word_1_698' title='bbox 3154 3933 3208 3987; x_wconf 94' lang='lat' dir='ltr'><strong>in</strong></span> <span class='ocrx_word' id='word_1_699' title='bbox 3251 3936 3448 3987; x_wconf 83' lang='lat' dir='ltr'><strong>huma-</strong></span> 
     </span>
    </p>
   </div>
   <div class='ocr_carea' id='block_1_96' title="bbox 1873 4023 3451 4096">
    <p class='ocr_par' dir='ltr' id='par_1_96' title="bbox 1873 4023 3451 4096">
     <span class='ocr_line' id='line_1_96' title="bbox 1873 4023 3451 4096; baseline 0.004 -20"><span class='ocrx_word' id='word_1_700' title='bbox 1873 4026 1960 4078; x_wconf 88' lang='lat' dir='ltr'><strong>nis</strong></span> <span class='ocrx_word' id='word_1_701' title='bbox 1988 4023 2150 4078; x_wconf 83' lang='lat' dir='ltr'><strong>rebus</strong></span> <span class='ocrx_word' id='word_1_702' title='bbox 2181 4024 2227 4077; x_wconf 90' lang='lat' dir='ltr'><strong>si</strong></span> <span class='ocrx_word' id='word_1_703' title='bbox 2255 4024 2379 4092; x_wconf 72' lang='lat' dir='ltr'><strong>nuis</strong></span> <span class='ocrx_word' id='word_1_704' title='bbox 2402 4024 2630 4094; x_wconf 81' lang='lat' dir='ltr'><strong>ﬂagitio,</strong></span> <span class='ocrx_word' id='word_1_705' title='bbox 2663 4025 2745 4077; x_wconf 88' lang='lat' dir='ltr'><strong>vel</strong></span> <span class='ocrx_word' id='word_1_706' title='bbox 2775 4025 3013 4095; x_wconf 88' lang='lat' dir='ltr'><strong>cuipiam</strong></span> <span class='ocrx_word' id='word_1_707' title='bbox 3044 4025 3216 4095; x_wconf 70' lang='lat' dir='ltr'><strong>culpa:</strong></span> <span class='ocrx_word' id='word_1_708' title='bbox 3238 4034 3451 4096; x_wconf 85' lang='lat' dir='ltr'><strong>poterat</strong></span> 
     </span>
    </p>
   </div>
   <div class='ocr_carea' id='block_1_97' title="bbox 1879 4117 3450 4187">
    <p class='ocr_par' dir='ltr' id='par_1_97' title="bbox 1879 4117 3450 4187">
     <span class='ocr_line' id='line_1_97' title="bbox 1879 4117 3450 4187; baseline 0.003 -17"><span class='ocrx_word' id='word_1_709' title='bbox 1879 4132 2212 4183; x_wconf 88' lang='lat' dir='ltr'><strong>occurrere,</strong></span> <span class='ocrx_word' id='word_1_710' title='bbox 2287 4126 2342 4170; x_wconf 90' lang='lat' dir='ltr'><strong>et</strong></span> <span class='ocrx_word' id='word_1_711' title='bbox 2408 4127 2593 4171; x_wconf 87' lang='lat' dir='ltr'><strong>tamen</strong></span> <span class='ocrx_word' id='word_1_712' title='bbox 2681 4117 2915 4186; x_wconf 78' lang='lat' dir='ltr'><strong>proximi</strong></span> <span class='ocrx_word' id='word_1_713' title='bbox 2984 4125 3263 4187; x_wconf 86' lang='lat' dir='ltr'><strong>peccatum</strong></span> <span class='ocrx_word' id='word_1_714' title='bbox 3340 4134 3450 4174; x_wconf 89' lang='lat' dir='ltr'><strong>non</strong></span> 
     </span>
    </p>
   </div>
   <div class='ocr_carea' id='block_1_98' title="bbox 1874 4208 3451 4281">
    <p class='ocr_par' dir='ltr' id='par_1_98' title="bbox 1874 4208 3451 4281">
     <span class='ocr_line' id='line_1_98' title="bbox 1874 4208 3451 4281; baseline 0.002 -19"><span class='ocrx_word' id='word_1_715' title='bbox 1874 4209 2223 4280; x_wconf 70' lang='lat' dir='ltr'><strong>pnepedivit;</strong></span> <span class='ocrx_word' id='word_1_716' title='bbox 2258 4209 2625 4265; x_wconf 49' lang='lat' dir='ltr'><strong>isrcensuram</strong></span> <span class='ocrx_word' id='word_1_717' title='bbox 2659 4224 2764 4263; x_wconf 92' lang='lat' dir='ltr'><strong>non</strong></span> <span class='ocrx_word' id='word_1_718' title='bbox 2798 4208 3006 4278; x_wconf 74' lang='lat' dir='ltr'><strong>effugit,</strong></span> <span class='ocrx_word' id='word_1_719' title='bbox 3053 4210 3197 4278; x_wconf 87' lang='lat' dir='ltr'><strong>quod</strong></span> <span class='ocrx_word' id='word_1_720' title='bbox 3233 4210 3451 4281; x_wconf 83' lang='lat' dir='ltr'><strong>culpam</strong></span> 
     </span>
    </p>
   </div>
   <div class='ocr_carea' id='block_1_99' title="bbox 1802 4281 3452 4372">
    <p class='ocr_par' dir='ltr' id='par_1_99' title="bbox 1802 4281 3452 4372">
     <span class='ocr_line' id='line_1_99' title="bbox 1802 4281 3452 4372; baseline 0.002 -18"><span class='ocrx_word' id='word_1_721' title='bbox 1802 4281 1844 4335; x_wconf 76' lang='lat' dir='ltr'><strong>D</strong></span> <span class='ocrx_word' id='word_1_722' title='bbox 1876 4317 1999 4355; x_wconf 86' lang='lat' dir='ltr'><strong>cum</strong></span> <span class='ocrx_word' id='word_1_723' title='bbox 2032 4302 2151 4372; x_wconf 87' lang='lat' dir='ltr'><strong>ejus</strong></span> <span class='ocrx_word' id='word_1_724' title='bbox 2182 4312 2456 4371; x_wconf 86' lang='lat' dir='ltr'><strong>patratorc</strong></span> <span class='ocrx_word' id='word_1_725' title='bbox 2484 4301 2926 4367; x_wconf 86' lang='lat' dir='ltr'><strong>communicarit,</strong></span> <span class='ocrx_word' id='word_1_726' title='bbox 2952 4311 3005 4355; x_wconf 89' lang='lat' dir='ltr'><strong>et</strong></span> <span class='ocrx_word' id='word_1_727' title='bbox 3027 4302 3150 4371; x_wconf 89' lang='lat' dir='ltr'><strong>iure</strong></span> <span class='ocrx_word' id='word_1_728' title='bbox 3176 4302 3452 4358; x_wconf 89' lang='lat' dir='ltr'><strong>diceretur</strong></span> 
     </span>
    </p>
   </div>
   <div class='ocr_carea' id='block_1_100' title="bbox 1874 4395 3452 4465">
    <p class='ocr_par' dir='ltr' id='par_1_100' title="bbox 1874 4395 3452 4465">
     <span class='ocr_line' id='line_1_100' title="bbox 1874 4395 3452 4465; baseline -0.001 -17"><span class='ocrx_word' id='word_1_729' title='bbox 1874 4396 2153 4449; x_wconf 90' lang='lat' dir='ltr'><strong>hominem</strong></span> <span class='ocrx_word' id='word_1_730' title='bbox 2208 4396 2523 4465; x_wconf 86' lang='lat' dir='ltr'><strong>prolapsum</strong></span> <span class='ocrx_word' id='word_1_731' title='bbox 2571 4396 2731 4449; x_wconf 87' lang='lat' dir='ltr'><strong>malis</strong></span> <span class='ocrx_word' id='word_1_732' title='bbox 2787 4396 3112 4450; x_wconf 88' lang='lat' dir='ltr'><strong>tradidisse?</strong></span> <span class='ocrx_word' id='word_1_733' title='bbox 3167 4395 3249 4448; x_wconf 87' lang='lat' dir='ltr'><strong>Tu</strong></span> <span class='ocrx_word' id='word_1_734' title='bbox 3304 4396 3452 4449; x_wconf 87' lang='lat' dir='ltr'><strong>enim</strong></span> 
     </span>
    </p>
   </div>
   <div class='ocr_carea' id='block_1_101' title="bbox 1872 4485 3453 4554">
    <p class='ocr_par' dir='ltr' id='par_1_101' title="bbox 1872 4485 3453 4554">
     <span class='ocr_line' id='line_1_101' title="bbox 1872 4485 3453 4554; baseline -0.001 -17"><span class='ocrx_word' id='word_1_735' title='bbox 1872 4493 2091 4552; x_wconf 84' lang='lat' dir='ltr'><strong>poteras</strong></span> <span class='ocrx_word' id='word_1_736' title='bbox 2129 4486 2439 4554; x_wconf 87' lang='lat' dir='ltr'><strong>proximum</strong></span> <span class='ocrx_word' id='word_1_737' title='bbox 2470 4485 2637 4539; x_wconf 88' lang='lat' dir='ltr'><strong>tutari</strong></span> <span class='ocrx_word' id='word_1_738' title='bbox 2668 4502 2682 4537; x_wconf 87' lang='lat'><strong>:</strong></span> <span class='ocrx_word' id='word_1_739' title='bbox 2714 4494 2769 4538; x_wconf 92' lang='lat' dir='ltr'><strong>tu</strong></span> <span class='ocrx_word' id='word_1_740' title='bbox 2808 4501 2933 4540; x_wconf 91' lang='lat' dir='ltr'><strong>eum</strong></span> <span class='ocrx_word' id='word_1_741' title='bbox 2965 4501 3071 4539; x_wconf 90' lang='lat' dir='ltr'><strong>non</strong></span> <span class='ocrx_word' id='word_1_742' title='bbox 3106 4500 3369 4540; x_wconf 88' lang='lat' dir='ltr'><strong>coercens</strong></span> <span class='ocrx_word' id='word_1_743' title='bbox 3399 4486 3453 4537; x_wconf 90' lang='lat' dir='ltr'><strong>in</strong></span> 
     </span>
    </p>
   </div>
   <div class='ocr_carea' id='block_1_102' title="bbox 1872 4578 3454 4648">
    <p class='ocr_par' dir='ltr' id='par_1_102' title="bbox 1872 4578 3454 4648">
     <span class='ocr_line' id='line_1_102' title="bbox 1872 4578 3454 4648; baseline -0.001 -17"><span class='ocrx_word' id='word_1_744' title='bbox 1872 4590 2001 4631; x_wconf 88' lang='lat' dir='ltr'><strong>suas</strong></span> <span class='ocrx_word' id='word_1_745' title='bbox 2034 4578 2364 4647; x_wconf 86' lang='lat' dir='ltr'><strong>cupiditates</strong></span> <span class='ocrx_word' id='word_1_746' title='bbox 2407 4579 2743 4648; x_wconf 89' lang='lat' dir='ltr'><strong>compulisti.</strong></span> <span class='ocrx_word' id='word_1_747' title='bbox 2786 4578 3043 4633; x_wconf 75' lang='lat' dir='ltr'><strong>Extendit</strong></span> <span class='ocrx_word' id='word_1_748' title='bbox 3092 4578 3181 4632; x_wconf 88' lang='lat' dir='ltr'><strong>ille</strong></span> <span class='ocrx_word' id='word_1_749' title='bbox 3230 4594 3454 4631; x_wconf 86' lang='lat' dir='ltr'><strong>manum</strong></span> 
     </span>
    </p>
   </div>
   <div class='ocr_carea' id='block_1_103' title="bbox 1872 4667 3459 4739">
    <p class='ocr_par' dir='ltr' id='par_1_103' title="bbox 1872 4667 3459 4739">
     <span class='ocr_line' id='line_1_103' title="bbox 1872 4667 3459 4739; baseline -0.001 -17"><span class='ocrx_word' id='word_1_750' title='bbox 1872 4667 1938 4722; x_wconf 89' lang='lat' dir='ltr'><strong>ad</strong></span> <span class='ocrx_word' id='word_1_751' title='bbox 1986 4667 2165 4723; x_wconf 89' lang='lat' dir='ltr'><strong>aliena</strong></span> <span class='ocrx_word' id='word_1_752' title='bbox 2200 4670 2558 4739; x_wconf 88' lang='lat' dir='ltr'><strong>usurpanda;</strong></span> <span class='ocrx_word' id='word_1_753' title='bbox 2608 4678 2688 4735; x_wconf 92' lang='lat' dir='ltr'><strong>tu,</strong></span> <span class='ocrx_word' id='word_1_754' title='bbox 2726 4670 2770 4725; x_wconf 88' lang='lat' dir='ltr'><strong>si</strong></span> <span class='ocrx_word' id='word_1_755' title='bbox 2818 4669 2987 4733; x_wconf 83' lang='lat' dir='ltr'><strong>adsis,</strong></span> <span class='ocrx_word' id='word_1_756' title='bbox 3019 4677 3074 4723; x_wconf 93' lang='lat' dir='ltr'><strong>et</strong></span> <span class='ocrx_word' id='word_1_757' title='bbox 3124 4668 3328 4734; x_wconf 75' lang='lat' dir='ltr'><strong>valeas,</strong></span> <span class='ocrx_word' id='word_1_758' title='bbox 3374 4673 3459 4721; x_wconf 85' lang='lat' dir='ltr'><strong>lac</strong></span> 
     </span>
    </p>
   </div>
   <div class='ocr_carea' id='block_1_104' title="bbox 1886 4757 3457 4829">
    <p class='ocr_par' dir='ltr' id='par_1_104' title="bbox 1886 4757 3457 4829">
     <span class='ocr_line' id='line_1_104' title="bbox 1886 4757 3457 4829; baseline -0.001 -16"><span class='ocrx_word' id='word_1_759' title='bbox 1886 4760 2216 4815; x_wconf 89' lang='lat' dir='ltr'><strong>retrahatur.</strong></span> <span class='ocrx_word' id='word_1_760' title='bbox 2271 4760 2471 4817; x_wconf 88' lang='lat' dir='ltr'><strong>Oculos</strong></span> <span class='ocrx_word' id='word_1_761' title='bbox 2522 4763 2577 4815; x_wconf 89' lang='lat' dir='ltr'><strong>in</strong></span> <span class='ocrx_word' id='word_1_762' title='bbox 2624 4760 2857 4816; x_wconf 59' lang='lat' dir='ltr'><strong>luxuriae</strong></span> <span class='ocrx_word' id='word_1_763' title='bbox 2900 4760 3185 4815; x_wconf 87' lang='lat' dir='ltr'><strong>illecebras</strong></span> <span class='ocrx_word' id='word_1_764' title='bbox 3232 4757 3457 4829; x_wconf 84' lang='lat' dir='ltr'><strong>injecit;</strong></span> 
     </span>
    </p>
   </div>
   <div class='ocr_carea' id='block_1_105' title="bbox 2259 4878 3458 4967">
    <p class='ocr_par' dir='ltr' id='par_1_105' title="bbox 2259 4878 3458 4967">
     <span class='ocr_line' id='line_1_105' title="bbox 2259 4878 3458 4967; baseline 0.001 -11"><span class='ocrx_word' id='word_1_765' title='bbox 2259 4900 2305 4933; x_wconf 81' lang='grc'>³³</span> <span class='ocrx_word' id='word_1_766' title='bbox 2326 4901 2487 4957; x_wconf 84' lang='lat' dir='ltr'><strong>Rom.</strong></span> <span class='ocrx_word' id='word_1_767' title='bbox 2520 4917 2598 4967; x_wconf 79' lang='lat' dir='ltr'><strong>xi,</strong></span> <span class='ocrx_word' id='word_1_768' title='bbox 2629 4901 2682 4956; x_wconf 92' lang='lat'><strong>8.</strong></span> <span class='ocrx_word' id='word_1_769' title='bbox 2708 4878 2714 4884; x_wconf 39' lang='grc'><em>’</em></span> <span class='ocrx_word' id='word_1_770' title='bbox 2744 4900 2853 4957; x_wconf 92' lang='lat' dir='ltr'><strong>Isa.</strong></span> <span class='ocrx_word' id='word_1_771' title='bbox 2888 4916 2966 4963; x_wconf 80' lang='lat' dir='ltr'><strong>rt,</strong></span> <span class='ocrx_word' id='word_1_772' title='bbox 3027 4898 3096 4964; x_wconf 88' lang='lat'><strong>9;</strong></span> <span class='ocrx_word' id='word_1_773' title='bbox 3146 4908 3201 4954; x_wconf 88' lang='lat' dir='ltr'><strong>et</strong></span> <span class='ocrx_word' id='word_1_774' title='bbox 3263 4898 3458 4957; x_wconf 83' lang='lat' dir='ltr'><strong>Matth.</strong></span> 
     </span>
    </p>
   </div>
   <div class='ocr_carea' id='block_1_106' title="bbox 1708 5092 1945 5148">
    <p class='ocr_par' dir='ltr' id='par_1_106' title="bbox 1708 5092 1945 5148">
     <span class='ocr_line' id='line_1_106' title="bbox 1708 5092 1945 5148; baseline 0 0"><span class='ocrx_word' id='word_1_775' title='bbox 1708 5092 1945 5148; x_wconf 70' lang='grc' dir='ltr'><strong>ΝΟΤᾹΞ.</strong></span> 
     </span>
    </p>
   </div>
   <div class='ocr_carea' id='block_1_107' title="bbox 258 5184 1778 5257">
    <p class='ocr_par' dir='ltr' id='par_1_107' title="bbox 258 5184 1778 5257">
     <span class='ocr_line' id='line_1_107' title="bbox 258 5184 1778 5257; baseline -0.001 -17"><span class='ocrx_word' id='word_1_776' title='bbox 258 5185 378 5257; x_wconf 77' lang='lat'><strong>(35)</strong></span> <span class='ocrx_word' id='word_1_777' title='bbox 412 5184 612 5257; x_wconf 77' lang='lat' dir='ltr'><strong>Pagina</strong></span> <span class='ocrx_word' id='word_1_778' title='bbox 671 5185 1015 5257; x_wconf 86' lang='grc' dir='ltr'>αύτογράφου</span> <span class='ocrx_word' id='word_1_779' title='bbox 1042 5184 1275 5252; x_wconf 83' lang='lat' dir='ltr'><strong>inferne,</strong></span> <span class='ocrx_word' id='word_1_780' title='bbox 1306 5188 1387 5243; x_wconf 88' lang='lat' dir='ltr'><strong>vel</strong></span> <span class='ocrx_word' id='word_1_781' title='bbox 1436 5202 1690 5257; x_wconf 86' lang='lat' dir='ltr'><strong>superne,</strong></span> <span class='ocrx_word' id='word_1_782' title='bbox 1717 5195 1778 5240; x_wconf 90' lang='lat' dir='ltr'><strong>ut</strong></span> 
     </span>
    </p>
   </div>
   <div class='ocr_carea' id='block_1_108' title="bbox 186 5257 1778 5329">
    <p class='ocr_par' dir='ltr' id='par_1_108' title="bbox 186 5257 1778 5329">
     <span class='ocr_line' id='line_1_108' title="bbox 186 5257 1778 5329; baseline 0.001 -19"><span class='ocrx_word' id='word_1_783' title='bbox 186 5258 457 5329; x_wconf 75' lang='lat' dir='ltr'><strong>arbitror,</strong></span> <span class='ocrx_word' id='word_1_784' title='bbox 527 5257 772 5329; x_wconf 76' lang='lat' dir='ltr'><strong>abscissa</strong></span> <span class='ocrx_word' id='word_1_785' title='bbox 842 5258 1429 5329; x_wconf 10' lang='lat' dir='ltr'><strong>duplicemiutrinque</strong></span> <span class='ocrx_word' id='word_1_786' title='bbox 1468 5258 1778 5327; x_wconf 88' lang='lat' dir='ltr'><strong>patiebatur</strong></span> 
     </span>
    </p>
   </div>
   <div class='ocr_carea' id='block_1_109' title="bbox 187 5326 1778 5396">
    <p class='ocr_par' dir='ltr' id='par_1_109' title="bbox 187 5326 1778 5396">
     <span class='ocr_line' id='line_1_109' title="bbox 187 5326 1778 5396; baseline 0.001 -16"><span class='ocrx_word' id='word_1_787' title='bbox 187 5328 471 5381; x_wconf 85' lang='lat' dir='ltr'><strong>lacunam.</strong></span> <span class='ocrx_word' id='word_1_788' title='bbox 534 5326 714 5392; x_wconf 78' lang='lat' dir='ltr'><strong>Qtture</strong></span> <span class='ocrx_word' id='word_1_789' title='bbox 769 5328 1073 5396; x_wconf 83' lang='lat' dir='ltr'><strong>exscriptor</strong></span> <span class='ocrx_word' id='word_1_790' title='bbox 1134 5328 1215 5381; x_wconf 90' lang='lat' dir='ltr'><strong>bis</strong></span> <span class='ocrx_word' id='word_1_791' title='bbox 1277 5326 1561 5383; x_wconf 34' lang='lat' dir='ltr'><strong>iu&#39;uos’tro</strong></span> <span class='ocrx_word' id='word_1_792' title='bbox 1591 5331 1778 5382; x_wconf 84' lang='lat' dir='ltr'><strong>codice</strong></span> 
     </span>
    </p>
   </div>
   <div class='ocr_carea' id='block_1_110' title="bbox 186 5396 1776 5468">
    <p class='ocr_par' dir='ltr' id='par_1_110' title="bbox 186 5396 1776 5468">
     <span class='ocr_line' id='line_1_110' title="bbox 186 5396 1776 5468; baseline 0 -15"><span class='ocrx_word' id='word_1_793' title='bbox 186 5396 489 5467; x_wconf 80' lang='lat' dir='ltr'><strong>spatiolum</strong></span> <span class='ocrx_word' id='word_1_794' title='bbox 566 5397 872 5465; x_wconf 84' lang='lat' dir='ltr'><strong>interiecit.</strong></span> <span class='ocrx_word' id='word_1_795' title='bbox 950 5396 1265 5468; x_wconf 86' lang='lat' dir='ltr'><strong>addiditque</strong></span> <span class='ocrx_word' id='word_1_796' title='bbox 1308 5398 1370 5451; x_wconf 82' lang='grc' dir='ltr'>τὸ</span> <span class='ocrx_word' id='word_1_797' title='bbox 1412 5397 1610 5451; x_wconf 88' lang='grc' dir='ltr'>λείπει.</span> <span class='ocrx_word' id='word_1_798' title='bbox 1666 5397 1776 5453; x_wconf 88' lang='lat' dir='ltr'><strong>Nos</strong></span> 
     </span>
    </p>
   </div>
   <div class='ocr_carea' id='block_1_111' title="bbox 186 5467 1775 5539">
    <p class='ocr_par' dir='ltr' id='par_1_111' title="bbox 186 5467 1775 5539">
     <span class='ocr_line' id='line_1_111' title="bbox 186 5467 1775 5539; baseline 0.001 -17"><span class='ocrx_word' id='word_1_799' title='bbox 186 5477 376 5539; x_wconf 81' lang='lat' dir='ltr'><strong>autem</strong></span> <span class='ocrx_word' id='word_1_800' title='bbox 416 5481 484 5521; x_wconf 87' lang='lat' dir='ltr'><strong>ne</strong></span> <span class='ocrx_word' id='word_1_801' title='bbox 518 5467 1209 5539; x_wconf 12' lang='lat' dir='ltr'><strong>mutilamiexhiberemus</strong></span> <span class='ocrx_word' id='word_1_802' title='bbox 1266 5470 1408 5524; x_wconf 90' lang='lat' dir='ltr'><strong>hanc</strong></span> <span class='ocrx_word' id='word_1_803' title='bbox 1454 5467 1775 5539; x_wconf 62' lang='lat' dir='ltr'><strong>quastionis</strong></span> 
     </span>
    </p>
   </div>
   <div class='ocr_carea' id='block_1_112' title="bbox 187 5535 1772 5608">
    <p class='ocr_par' dir='ltr' id='par_1_112' title="bbox 187 5535 1772 5608">
     <span class='ocr_line' id='line_1_112' title="bbox 187 5535 1772 5608; baseline 0.001 -16"><span class='ocrx_word' id='word_1_804' title='bbox 187 5538 551 5608; x_wconf 84' lang='lat' dir='ltr'><strong>solutionem,</strong></span> <span class='ocrx_word' id='word_1_805' title='bbox 583 5553 648 5592; x_wconf 80' lang='lat' dir='ltr'><strong>ex</strong></span> <span class='ocrx_word' id='word_1_806' title='bbox 684 5535 950 5593; x_wconf 82' lang='lat' dir='ltr'><strong>Vaticano</strong></span> <span class='ocrx_word' id='word_1_807' title='bbox 996 5538 1183 5592; x_wconf 71' lang='lat' dir='ltr'><strong>codice</strong></span> <span class='ocrx_word' id='word_1_808' title='bbox 1234 5554 1352 5593; x_wconf 77' lang='lat' dir='ltr'><strong>eam</strong></span> <span class='ocrx_word' id='word_1_809' title='bbox 1391 5535 1772 5608; x_wconf 85' lang='lat' dir='ltr'><strong>complendam</strong></span> 
     </span>
    </p>
   </div>
   <div class='ocr_carea' id='block_1_113' title="bbox 188 5606 1775 5678">
    <p class='ocr_par' dir='ltr' id='par_1_113' title="bbox 188 5606 1775 5678">
     <span class='ocr_line' id='line_1_113' title="bbox 188 5606 1775 5678; baseline 0.001 -17"><span class='ocrx_word' id='word_1_810' title='bbox 188 5606 535 5678; x_wconf 81' lang='lat' dir='ltr'><strong>curavimus.</strong></span> <span class='ocrx_word' id='word_1_811' title='bbox 577 5609 730 5675; x_wconf 82' lang='lat' dir='ltr'><strong>Quod</strong></span> <span class='ocrx_word' id='word_1_812' title='bbox 764 5610 929 5675; x_wconf 71' lang='lat' dir='ltr'><strong>igitur</strong></span> <span class='ocrx_word' id='word_1_813' title='bbox 955 5623 1021 5663; x_wconf 81' lang='lat' dir='ltr'><strong>ex</strong></span> <span class='ocrx_word' id='word_1_814' title='bbox 1052 5609 1234 5663; x_wconf 86' lang='lat' dir='ltr'><strong>verbis</strong></span> <span class='ocrx_word' id='word_1_815' title='bbox 1261 5610 1368 5663; x_wconf 73' lang='grc' dir='ltr'><strong>ἀπὸ</strong></span> <span class='ocrx_word' id='word_1_816' title='bbox 1400 5609 1501 5678; x_wconf 80' lang='grc' dir='ltr'><strong>τῆς</strong></span> <span class='ocrx_word' id='word_1_817' title='bbox 1522 5606 1647 5662; x_wconf 80' lang='grc' dir='ltr'>όδοῦ</span> <span class='ocrx_word' id='word_1_818' title='bbox 1681 5626 1775 5663; x_wconf 87' lang='grc' dir='ltr'><strong>σου</strong></span> 
     </span>
    </p>
   </div>
   <div class='ocr_carea' id='block_1_114' title="bbox 190 5676 1779 5751">
    <p class='ocr_par' dir='ltr' id='par_1_114' title="bbox 190 5676 1779 5751">
     <span class='ocr_line' id='line_1_114' title="bbox 190 5676 1779 5751; baseline 0.005 -22"><span class='ocrx_word' id='word_1_819' title='bbox 190 5692 366 5747; x_wconf 84' lang='lat' dir='ltr'><strong>usque</strong></span> <span class='ocrx_word' id='word_1_820' title='bbox 411 5676 481 5731; x_wconf 86' lang='lat' dir='ltr'><strong>ad</strong></span> <span class='ocrx_word' id='word_1_821' title='bbox 508 5678 567 5731; x_wconf 84' lang='grc' dir='ltr'><strong>τὸ</strong></span> <span class='ocrx_word' id='word_1_822' title='bbox 591 5678 952 5750; x_wconf 85' lang='grc' dir='ltr'>ἀπροαίρετον</span> <span class='ocrx_word' id='word_1_823' title='bbox 982 5680 1299 5749; x_wconf 87' lang='grc' dir='ltr'>κατάρχειν,</span> <span class='ocrx_word' id='word_1_824' title='bbox 1331 5690 1384 5736; x_wconf 89' lang='lat' dir='ltr'><strong>et</strong></span> <span class='ocrx_word' id='word_1_825' title='bbox 1412 5676 1554 5751; x_wconf 84' lang='lat' dir='ltr'><strong>quod</strong></span> <span class='ocrx_word' id='word_1_826' title='bbox 1587 5695 1779 5737; x_wconf 84' lang='lat' dir='ltr'><strong>rursus</strong></span> 
     </span>
    </p>
   </div>
   <div class='ocr_carea' id='block_1_115' title="bbox 1884 5178 3464 5251">
    <p class='ocr_par' dir='ltr' id='par_1_115' title="bbox 1884 5178 3464 5251">
     <span class='ocr_line' id='line_1_115' title="bbox 1884 5178 3464 5251; baseline -0.003 -11"><span class='ocrx_word' id='word_1_827' title='bbox 1884 5186 1951 5240; x_wconf 87' lang='lat' dir='ltr'><strong>ab</strong></span> <span class='ocrx_word' id='word_1_828' title='bbox 1991 5183 2162 5246; x_wconf 73' lang='grc' dir='ltr'>οὕτως</span> <span class='ocrx_word' id='word_1_829' title='bbox 2220 5183 2248 5236; x_wconf 89' lang='lat'><strong>6</strong></span> <span class='ocrx_word' id='word_1_830' title='bbox 2298 5180 2595 5251; x_wconf 82' lang='grc' dir='ltr'>δυνάμενος</span> <span class='ocrx_word' id='word_1_831' title='bbox 2644 5195 2823 5250; x_wconf 85' lang='lat' dir='ltr'><strong>usque</strong></span> <span class='ocrx_word' id='word_1_832' title='bbox 2877 5179 2942 5251; x_wconf 82' lang='lat' dir='ltr'><strong>ad</strong></span> <span class='ocrx_word' id='word_1_833' title='bbox 2978 5178 3070 5235; x_wconf 76' lang='grc' dir='ltr'><strong>καὶ</strong></span> <span class='ocrx_word' id='word_1_834' title='bbox 3102 5178 3200 5251; x_wconf 68' lang='grc' dir='ltr'><strong>τὴν</strong></span> <span class='ocrx_word' id='word_1_835' title='bbox 3229 5178 3464 5251; x_wconf 85' lang='grc' dir='ltr'>δύναμιν</span> 
     </span>
    </p>
   </div>
   <div class='ocr_carea' id='block_1_116' title="bbox 1885 5249 3466 5322">
    <p class='ocr_par' dir='ltr' id='par_1_116' title="bbox 1885 5249 3466 5322">
     <span class='ocr_line' id='line_1_116' title="bbox 1885 5249 3466 5322; baseline -0.003 -14"><span class='ocrx_word' id='word_1_836' title='bbox 1885 5256 1974 5309; x_wconf 88' lang='lat' dir='ltr'><strong>hic.</strong></span> <span class='ocrx_word' id='word_1_837' title='bbox 2008 5254 2358 5308; x_wconf 87' lang='lat' dir='ltr'><strong>intersertum</strong></span> <span class='ocrx_word' id='word_1_838' title='bbox 2425 5249 2595 5312; x_wconf 81' lang='lat' dir='ltr'><strong>vides,</strong></span> <span class='ocrx_word' id='word_1_839' title='bbox 2653 5249 2825 5305; x_wconf 89' lang='lat' dir='ltr'><strong>totum</strong></span> <span class='ocrx_word' id='word_1_840' title='bbox 2880 5250 2930 5304; x_wconf 90' lang='lat' dir='ltr'><strong>id</strong></span> <span class='ocrx_word' id='word_1_841' title='bbox 2961 5251 3041 5322; x_wconf 80' lang='lat' dir='ltr'><strong>Cl.</strong></span> <span class='ocrx_word' id='word_1_842' title='bbox 3099 5249 3466 5322; x_wconf 77' lang='lat' dir='ltr'><strong>Hieronymus</strong></span> 
     </span>
    </p>
   </div>
   <div class='ocr_carea' id='block_1_117' title="bbox 1882 5321 3462 5391">
    <p class='ocr_par' dir='ltr' id='par_1_117' title="bbox 1882 5321 3462 5391">
     <span class='ocr_line' id='line_1_117' title="bbox 1882 5321 3462 5391; baseline -0.002 -13"><span class='ocrx_word' id='word_1_843' title='bbox 1882 5324 2130 5378; x_wconf 87' lang='lat' dir='ltr'><strong>Amatius</strong></span> <span class='ocrx_word' id='word_1_844' title='bbox 2163 5322 2438 5377; x_wconf 77' lang='lat' dir='ltr'><strong>Vaticana:</strong></span> <span class='ocrx_word' id='word_1_845' title='bbox 2492 5321 2833 5377; x_wconf 65' lang='lat' dir='ltr'><strong>bibliothecae</strong></span> <span class='ocrx_word' id='word_1_846' title='bbox 2892 5321 3125 5391; x_wconf 87' lang='lat' dir='ltr'><strong>scriptor</strong></span> <span class='ocrx_word' id='word_1_847' title='bbox 3175 5321 3462 5377; x_wconf 81' lang='lat' dir='ltr'><strong>nobiscum</strong></span> 
     </span>
    </p>
   </div>
   <div class='ocr_carea' id='block_1_118' title="bbox 1883 5392 2764 5479">
    <p class='ocr_par' dir='ltr' id='par_1_118' title="bbox 1883 5392 2764 5479">
     <span class='ocr_line' id='line_1_118' title="bbox 1883 5392 2764 5479; baseline -0.006 -30"><span class='ocrx_word' id='word_1_848' title='bbox 1883 5393 2275 5479; x_wconf 50' lang='lat' dir='ltr'><strong>benignissime</strong></span> <span class='ocrx_word' id='word_1_849' title='bbox 2307 5392 2764 5479; x_wconf 35' lang='lat' dir='ltr'><strong>communicavit...</strong></span> 
     </span>
    </p>
   </div>
   <div class='ocr_carea' id='block_1_119' title="bbox 1958 5459 3465 5535">
    <p class='ocr_par' dir='ltr' id='par_1_119' title="bbox 1958 5459 3465 5535">
     <span class='ocr_line' id='line_1_119' title="bbox 1958 5459 3465 5535; baseline -0.001 -17"><span class='ocrx_word' id='word_1_850' title='bbox 1958 5459 2070 5535; x_wconf 75' lang='grc'><strong>(58)</strong></span> <span class='ocrx_word' id='word_1_851' title='bbox 2106 5463 2459 5535; x_wconf 14' lang='grc' dir='ltr'>Ριιιιὶρυιιιιιιί</span> <span class='ocrx_word' id='word_1_852' title='bbox 2497 5462 2892 5535; x_wconf 73' lang='lat' dir='ltr'><strong>adVersativam</strong></span> <span class='ocrx_word' id='word_1_853' title='bbox 2940 5459 3103 5535; x_wconf 47' lang='lat' dir='ltr'><strong>diu</strong></span> <span class='ocrx_word' id='word_1_854' title='bbox 3130 5461 3197 5535; x_wconf 83' lang='lat' dir='ltr'><strong>ad</strong></span> <span class='ocrx_word' id='word_1_855' title='bbox 3264 5475 3465 5535; x_wconf 78' lang='lat' dir='ltr'><strong>sensus</strong></span> 
     </span>
    </p>
   </div>
   <div class='ocr_carea' id='block_1_120' title="bbox 1882 5530 3465 5605">
    <p class='ocr_par' dir='ltr' id='par_1_120' title="bbox 1882 5530 3465 5605">
     <span class='ocr_line' id='line_1_120' title="bbox 1882 5530 3465 5605; baseline -0.003 -15"><span class='ocrx_word' id='word_1_856' title='bbox 1882 5530 2326 5605; x_wconf 80' lang='lat' dir='ltr'><strong>perspicuitatem</strong></span> <span class='ocrx_word' id='word_1_857' title='bbox 2360 5533 2498 5588; x_wconf 88' lang='lat' dir='ltr'><strong>adde</strong></span> <span class='ocrx_word' id='word_1_858' title='bbox 2533 5534 2733 5598; x_wconf 87' lang='lat' dir='ltr'><strong>lector;</strong></span> <span class='ocrx_word' id='word_1_859' title='bbox 2771 5545 2893 5596; x_wconf 89' lang='lat' dir='ltr'><strong>nos,</strong></span> <span class='ocrx_word' id='word_1_860' title='bbox 2932 5533 3008 5585; x_wconf 88' lang='lat' dir='ltr'><strong>uti</strong></span> <span class='ocrx_word' id='word_1_861' title='bbox 3058 5530 3228 5593; x_wconf 86' lang='lat' dir='ltr'><strong>vides,</strong></span> <span class='ocrx_word' id='word_1_862' title='bbox 3265 5532 3318 5585; x_wconf 91' lang='lat' dir='ltr'><strong>in</strong></span> <span class='ocrx_word' id='word_1_863' title='bbox 3342 5546 3465 5586; x_wconf 59' lang='lat' dir='ltr'><strong>ver-</strong></span> 
     </span>
    </p>
   </div>
   <div class='ocr_carea' id='block_1_121' title="bbox 1884 5605 2385 5675">
    <p class='ocr_par' dir='ltr' id='par_1_121' title="bbox 1884 5605 2385 5675">
     <span class='ocr_line' id='line_1_121' title="bbox 1884 5605 2385 5675; baseline -0.008 -14"><span class='ocrx_word' id='word_1_864' title='bbox 1884 5606 2040 5661; x_wconf 88' lang='lat' dir='ltr'><strong>sione</strong></span> <span class='ocrx_word' id='word_1_865' title='bbox 2066 5605 2385 5675; x_wconf 90' lang='lat' dir='ltr'><strong>adiecimus.</strong></span> 
     </span>
    </p>
   </div>
   <div class='ocr_carea' id='block_1_122' title="bbox 1961 5674 2998 5747">
    <p class='ocr_par' dir='ltr' id='par_1_122' title="bbox 1961 5674 2998 5747">
     <span class='ocr_line' id='line_1_122' title="bbox 1961 5674 2998 5747; baseline -0.004 -18"><span class='ocrx_word' id='word_1_866' title='bbox 1961 5676 2073 5747; x_wconf 76' lang='lat'><strong>(57)</strong></span> <span class='ocrx_word' id='word_1_867' title='bbox 2101 5674 2193 5732; x_wconf 82' lang='lat' dir='ltr'><strong>Sic</strong></span> <span class='ocrx_word' id='word_1_868' title='bbox 2221 5677 2503 5746; x_wconf 80' lang='lat' dir='ltr'><strong>legendum</strong></span> <span class='ocrx_word' id='word_1_869' title='bbox 2536 5688 2633 5746; x_wconf 90' lang='lat' dir='ltr'><strong>pro</strong></span> <span class='ocrx_word' id='word_1_870' title='bbox 2661 5674 2998 5743; x_wconf 77' lang='grc' dir='ltr'>ζητήματος.</span> 
     </span>
    </p>
   </div>
  </div>
