3888 6186
437 241 543 309 287

1596 236 1859 298 PIIOTII
1884 236 2393 300 PATRIARCH/‘E
2437 239 2548 300 ΕΡ.

3604 240 3713 306 Ξ88

436 351 603 410 modo
631 350 791 408 detur
822 348 921 406 tibi
965 346 1351 419 compesceudi
1379 343 1563 417 copia,
1610 347 1791 417 ipsum
1828 360 1995 400 avoca

2122 346 2293 412 λαίοις
2329 346 2613 403 ἐπιϐάλλει
2644 363 2658 378 ·
2709 345 2829 415 ἐξόν
2864 363 2946 400 σοι
2994 344 3214 411 παύειν.
3244 347 3584 406 ἁνάστειλον.
3615 353 3710 408 Ἀν

436 444 594 512 Quod
640 444 686 501 si
730 458 855 498 eum
904 442 958 496 in
1000 442 1134 497 vitia
1164 440 1520 512 praecipitem,
1569 454 1747 508 neque
1795 453 2015 501 avoces,

437 552 616 609 neque
662 535 934 597 retrahas,
982 550 1161 603 neque
1207 546 1499 595 coerceas,
1550 544 1657 584 non
1702 529 1887 584 minus
1933 537 2018 585 est

437 645 577 699 Oplls
608 637 783 691 tuum,
831 640 996 696 quam
1034 625 1203 687 illius,
1237 624 1331 694 qtti
1378 624 1430 678 in
1467 630 1689 692 peccata
1727 622 2017 691 prolapsus

432 729 537 774 est.
588 718 663 772 Ita
696 720 786 789 qui
824 726 1006 787 potest
1038 715 1269 769 crimina
1318 715 1599 781 impedire,
1648 727 1755 767 non
1794 712 2018 782 impedit

434 820 656 877 autem,
709 811 756 865 is
806 809 1101 866 criminum
1160 806 1426 879 patratori
1480 804 1762 875 coeperari
1821 805 2016 859 merito

430 902 723 958 diceretur.

498 1010 610 1065 Illis
644 1018 825 1065 autem
855 1008 1111 1079 loquendi
1153 1008 1354 1073 modis,
1398 1021 1540 1077 quos
1571 1004 1832 1061 adhibere
1870 1005 2016 1061 sole-

2120 438 2177 490 δέ
2213 438 2289 507 μὴ
2323 437 2670 510 ἀναστείλῃς,
2706 436 2842 509 μηδὲ
2902 436 3197 509 μεθέλκῃς,
3219 438 3355 509 μηδὲ
3379 438 3588 513 ἐπέχης
3611 459 3709 510 aps-

2123 530 2370 602 ρόμενον,
2402 530 2555 584 οὐδὲν
2580 530 2803 583 ἔλαττον
2828 528 2888 582 τὸ
2927 528 3088 600 ἔργον
3123 530 3245 593 σὺν,
3272 530 3304 601 ἢ
3330 531 3425 584 τοῦ
3465 533 3709 606 ὲμῦιὸη-

2117 622 2276 684 κότος
2302 625 2416 687 τοῖς
2443 622 2873 694 παραπτώμασι.
2902 622 3089 686 Οὕτως
3116 624 3145 677 ὁ
3173 623 3469 694 δυνάμενος
3489 626 3711 697 ἐπέχειν

2116 713 2186 767 τὰ
2209 713 2407 780 ἄτοπα,
2461 714 2537 785 μὴ
2567 713 2781 784 ἐπέχων
2820 714 2899 776 δὲ,
2932 713 3132 781 λέγοιτ’
3169 714 3239 769 ἂν
3277 715 3442 779 αὐτὸς
3481 716 3561 789 τῷ
3596 720 3707 772 τῶν

2115 804 2337 858 ἀτόπων
2368 806 2577 877 ἐργάτῃ
2613 803 3183 877 συγκατεργάςεσθαι.

2197 1005 2330 1059 Ἀπὸ
2357 1005 2415 1060 δὲ
2446 1006 2557 1059 τῶν
2608 1006 2741 1077 παρ’
2793 1006 2928 1076 ἡμῖν
2964 1004 3212 1075 συνήθως
3252 1004 3582 1075 λεγομένων,
3611 1006 3709 1058 καὶ

431 1118 558 1157 mus
613 1103 680 1157 de
729 1102 887 1158 nobis
942 1101 1109 1156 verba
1161 1100 1445 1166 facientes,
1511 1101 1579 1156 de
1632 1100 1744 1156 Deo
1791 1117 1997 1171 quoqut

2113 1098 2243 1170 περὶ
2287 1096 2423 1152 Θεοῦ
2460 1102 2527 1169 τῇ
2562 1098 2705 1165 λέξει
2736 1098 3137 1168 παραπλησίως
3164 1097 3484 1168 κεχρῆσθαι,
3507 1098 3609 1151 οὐκ
3640 1097 3708 1151 ἂν

426 1194 716 1264 loquentes
761 1194 1016 1250 similiter
1055 1193 1156 1259 uti,
1207 1209 1552 1263 nequaquam
1605 1193 1806 1265 poterit
1856 1194 1997 1263 inop-

2113 1189 2198 1260 εἴη
2247 1187 2529 1259 δυσχερὲς,
2581 1188 2691 1242 οὐδ’
2735 1187 3120 1243 ἀνακόλουθον.
3183 1187 3346 1241 Ἀλλὰ
3389 1190 3484 1242 καὶ
3529 1188 3706 1257 πολλὴ

425 1296 724 1356 portunum
774 1302 928 1351 esse,
992 1296 1086 1341 aut
1146 1286 1332 1341 minus
1383 1297 1835 1343 consentaneum.
1896 1286 1997 1344 linc

2115 1279 2215 1349 μὶν
2245 1282 2277 1350 ή
2316 1279 2505 1342 Ἑλλὰς
2535 1279 2680 1332 οὓτω
2698 1282 2822 1343 ταῖς
2844 1282 3056 1348 φωναῖς
3078 1279 3455 1350 ἀποκέχρηται
3477 1294 3494 1311 ο
3525 1278 3704 1348 πολλὴ

427 1392 572 1443 saepe
606 1377 825 1445 quidem
870 1376 1065 1441 Graeci,
1117 1391 1261 1445 saepe
1295 1387 1476 1430 autem
1525 1377 1683 1431 Solita
1727 1392 1993 1432 sacrarun

2112 1368 2165 1421 δὲ
2205 1368 2312 1423 τῶν
2345 1369 2507 1440 ἱερῶν
2534 1369 2691 1443 ήμῶν
2712 1370 2926 1438 Λογίων
2955 1370 2989 1441 ἡ
3022 1369 3281 1441 συνήθεια
3312 1386 3327 1401 ο
3354 1369 3449 1423 καὶ
3489 1369 3549 1422 τὲ
3585 1369 3705 1441 (38)

425 1462 757 1518 Litterarum
788 1463 1029 1517 elocutio
1054 1463 1132 1517 sic
1172 1478 1332 1517 voces
1364 1473 1665 1534 usurpant;
1710 1475 1761 1519 et
1789 1466 1997 1535 quidem

2114 1461 2329 1532 μυρίοις
2374 1463 2520 1526 ὅσοις
2568 1463 2627 1516 ἐν
2656 1462 2734 1534 τῷ
2772 1463 3090 1534 ἀσυγκρίτῳ
3120 1464 3217 1516 καὶ
3262 1464 3533 1534 ὑπερφυεῖ
3560 1462 3705 1532 πρὸς

426 1555 481 1609 itt
529 1555 803 1610 sexcentis
850 1556 1005 1619 locis,
1052 1555 1143 1609 ubi
1196 1564 1344 1609 tanta
1393 1566 1477 1610 est
1524 1555 1822 1612 diversitas
1867 1558 2009 1612 divi-

425 1663 619 1701 narum
676 1663 858 1701 rerum
918 1646 985 1701 ab
1045 1646 1345 1712 humanis,
1406 1655 1467 1700 ut
1515 1663 1618 1701 nec
1665 1651 2005 1717 comparatio

424 1737 659 1799 institui,
690 1752 789 1791 nec
820 1738 959 1790 intra
992 1745 1203 1790 natura:
1246 1737 1512 1791 terminos
1541 1737 1792 1792 concludi
1820 1747 2005 1808 posset

425 1829 660 1901 (scilicet
697 1828 875 1899 quoad
908 1830 1150 1883 divinam
1195 1829 1553 1893 voluntatem,
1588 1839 1643 1884 et
1681 1830 2001 1899 potentiam,

424 1929 479 1976 ι·ι
508 1922 938 1991 bcneplacitutn,
970 1931 1031 1976 et
1073 1930 1267 1976 caetera
1298 1921 1637 1993 huiusmodi)
1657 1962 1673 1988 ,
1703 1938 1812 1977 non
1841 1925 2004 1977 modo

426 2015 838 2084 prOpositorutn
873 2014 1166 2067 verborum
1204 2013 1489 2084 metalepsi
1529 2028 1870 2084 nequaquam
1909 2015 2005 2068 ad-

425 2115 753 2171 versantur;
804 2120 991 2158 rerum
1027 2105 1191 2158 etiam
1236 2103 1408 2172 ipsam
1457 2113 1768 2173 susceptam
1817 2106 2002 2174 potius

424 2194 779 2250 conﬁrmant.
818 2196 876 2252 In
912 2197 1112 2266 quibus
1160 2196 1307 2249 enim
1338 2196 1615 2258 voluntas,
1652 2204 1706 2252 et
1737 2201 1998 2267 potentia,

425 2296 480 2342 et
546 2289 949 2359 beneplacitum
1008 2291 1287 2359 propriam
1346 2289 1720 2360 operationem
1775 2293 2000 2348 omnino

2108 1554 2177 1606 τὰ
2198 1553 2522 1625 ἀνθρώπινα
2563 1556 2664 1626 τῆς
2695 1555 2961 1626 διαφορᾶς
2999 1557 3120 1627 (τήν
3152 1573 3212 1609 τε
3241 1555 3393 1609 θείαν
3422 1554 3703 1625 βούλησιν,

2110 1645 2206 1698 καὶ
2228 1646 2326 1718 τὴν
2356 1646 2589 1718 δύναμιν
2615 1689 2628 1713 ,
2661 1648 2755 1701 καὶ
2778 1646 2879 1720 τὴν
2910 1648 3162 1702 εὐδοκίαν
3185 1688 3200 1712 ,
3232 1648 3327 1701 καὶ
3351 1646 3421 1699 τὰ
3449 1647 3643 1718 ὅμοια)
3685 1661 3701 1675 ’

2110 1738 2171 1791 οὐ
2200 1738 2361 1808 μόνον
2409 1741 2561 1793 οὐδὲν
2602 1741 2739 1809 πρὸς
2775 1741 2873 1812 τὴν
2908 1740 3214 1813 μετάληψιν
3235 1740 3344 1793 τῶν
3386 1739 3705 1809 είρημένων

2114 1832 2378 1905 ῥημάτων
2406 1834 2856 1903 ἀντιφθέγγεται,
2880 1834 3016 1888 ἀλλὰ
3046 1834 3144 1887 καὶ
3175 1833 3376 1903 μᾶλλον
3416 1848 3703 1900 συγκατα-

2113 1926 2367 1989 σκευάζει
2390 1927 2490 1998 τὴν
2540 1928 2904 1998 ἐπιχείρησιν.
2965 1928 3056 1980 Ἔν
3086 1922 3167 1991 οἷς
3204 1926 3313 1997 γὰρ
3339 1926 3372 1997 ἡ
3401 1921 3665 1996 βούλησις
3686 1966 3701 1985 ο

2110 2017 2260 2088 καὶὴ
2297 2017 2545 2088 δύναμις,
2577 2021 2670 2073 καὶ
2699 2021 2732 2091 ἡ
2766 2020 2985 2073 εὐδοκία
3024 2020 3469 2091 ἀπαραπόδιστον
3504 2033 3706 2069 παντε-

2110 2108 2219 2171 λῶς
2245 2110 2343 2181 τὴν
2369 2113 2574 2165 οίκείαν
2604 2112 2890 2184 ἐνέργειαν
2920 2113 3313 2183 προϐάλλεται,
3345 2111 3516 2180 ἐγγὺς
3554 2112 3701 2180 ἱερου

2108 2201 2299 2269 λογίας
2328 2198 2468 2257 εῖναι
2496 2204 2593 2277 τὴν
2614 2207 2911 2277 εἰρημένην
2930 2207 3039 2260 τῶν
3058 2204 3340 2275 ὀνομάτων
3362 2199 3705 2273 τεκμηριοῦ-

2106 2311 2199 2347 ται
2242 2297 2555 2365 μετάθεσιν.

421 2380 653 2436 liberam
717 2382 904 2449 elicit,
973 2383 1272 2439 secundum
1325 2382 1683 2455 theologicam
1747 2383 2003 2455 loquendi
2047 2391 2314 2448 rationem
2356 2395 2614 2465 praedicta
2673 2398 2957 2454 nominum
3019 2397 3352 2469 permutatio
3384 2409 3506 2452 esse
3545 2406 3704 2449 com-

464 2473 711 2528 robatur.

464 2488 711 2528 rooatur.

422 2488 458 2544 Ρ
491 2565 560 2619 At
609 2564 756 2619 enim
806 2571 861 2619 et
919 2564 1024 2619 ista
1083 2564 1151 2619 ad
1202 2564 1567 2620 exhibendam
1619 2566 2005 2625 elementarem

419 2655 740 2726 qumstionis
761 2656 1158 2713 discussionem
1193 2658 1291 2712 tibi
1327 2659 1601 2713 sulliciunt
1629 2660 1765 2731 (59).

417 2784 751 2855 QUESTIO
779 2787 920 2843 XLII
967 2787 1154 2860 [CoisL
1196 2787 1522 2851 Taur.XLl,
1566 2787 1747 2843 Scotto
1794 2789 2005 2863 XLIII].

420 2879 702 2953 Quomodo
734 2880 1135 2953 intelligendum
1168 2888 1245 2953 est
1274 2880 1428 2953 illud,
1457 2882 1596 2953 quod
1616 2880 1799 2953 Isaias
1829 2882 2008 2953 divino

487 2948 695 3020 Spiritu
732 2948 939 3022 afflatus
986 2952 1390 3022 pronuntiavit:
1425 2971 1443 3002 ι
1470 2948 1555 3003 Tu
1604 2952 1777 3006 iratus
1830 2950 1910 3018 es,
1952 2962 2003 3008 et

492 3023 636 3093 (nos)
665 3020 994 3091 peccavimus
1016 3020 1098 3073 “?
1131 3040 1149 3073 ι

2192 2572 2354 2628 Ἀλλὰ
2380 2562 2503 2646 γάρ⁵
2521 2574 2683 2629 ἱκανά
2715 2593 2797 2629 σοι
2819 2575 3107 2631 καὶταῦτα
3134 2574 3232 2648 τὴν
3262 2576 3581 2648 στοιχειώδη
3601 2575 3701 2630 τοῦ

2108 2666 2426 2739 ζητήματος
2454 2669 2809 2739 παραστῆσαι
2827 2668 3143 2739 διάγνωσιν.

2645 2785 2977 2840 ΕΡΩΤΗΜΑ
3003 2787 3139 2839 MB’.

2107 2875 2239 2943 Πῶς
2293 2874 2548 2947 νοητέον
2594 2875 2707 2947 τὸ,Δ
2734 2893 2752 2926 t
2806 2877 2889 2928 Σὺ
2944 2877 3283 2947 ὠργίσθης,
3319 2894 3337 2929 ι
3376 2874 3704 2946 εἰρημένον

2176 2947 2257 3011 τῷ
2322 2946 2635 3012 θεολήπτῳ
2694 2944 2945 3013 Ἡσαΐᾳ,
2987 2944 3166 3002 ικαὶ
3220 2946 3395 3018 ἡμεῖς
3432 2944 3701 3016 mitigato-

2172 3033 2326 3087 per;
2356 3037 2373 3069 ι

1098 3133 1242 3185 Edita
1267 3133 1327 3183 ab
1349 3133 1468 3185 Ant.
1500 3134 1691 3198 Scotto,
1715 3138 1751 3186 l.
1777 3150 1843 3196 c.,
1878 3150 1925 3199 p.
1950 3136 2063 3185 155.
2088 3126 2475 3187 Commentarius
2504 3126 2553 3179 in
2584 3126 2791 3188 Isaiam,
2813 3142 2945 3189 uuv,
2971 3129 3019 3178 5.

487 3257 730 3314 Verbum
762 3254 895 3311 illud
918 3256 1247 3326 peccavimus
1283 3257 1661 3326 accipiendum
1701 3268 1843 3324 erat,
1880 3275 1991 3314 non

417 3361 481 3408 ut
509 3352 726 3415 innuat,
765 3367 783 3401 t
817 3349 1066 3405 facinora
1112 3349 1407 3405 virtutibus
1450 3352 1727 3405 contraria
1755 3351 1997 3423 aggressi

417 3459 643 3511 sumus;
677 3460 697 3496 ι
736 3442 830 3497 sed
866 3440 1212 3511 simpliciter,
1259 3460 1278 3493 ι
1313 3456 1399 3504 ea,
1434 3457 1555 3510 quae
1598 3442 1756 3498 nobis
1800 3457 1999 3513 propo-

418 3549 734 3600 sueramus,
769 3543 823 3590 et
854 3533 1237 3597 studebamus,
1264 3546 1371 3586 non
1399 3532 1697 3602 attigimus.
1732 3552 1750 3587 ι
1784 3532 1995 3587 Etenim

419 3624 512 3681 ille
545 3626 716 3682 etiam
747 3640 962 3695 peccare
988 3623 1094 3677 dici
1120 3631 1321 3694 potest,
1353 3622 1448 3693 qui
1476 3623 1621 3677 aliud
1644 3622 1864 3693 quidem
1892 3622 1997 3678 sibi

419 3719 709 3775 constituit
755 3715 1179 3780 conﬁciendum,
1230 3714 1510 3783 animique
1554 3714 1641 3769 sui
1689 3723 1897 3769 motum
1930 3714 1998 3769 ad

419 3811 768 3881 propositum
815 3808 1083 3874 intendit;
1132 3807 1187 3861 in
1232 3805 1510 3862 contraria
1550 3816 1732 3861 autem
1780 3805 1995 3872 incidit,

416 3916 485 3957 ac
522 3901 799 3972 insperata
830 3910 975 3955 tenet
1006 3914 1108 3970 pro
1138 3898 1459 3968 praestitutis
1484 3896 1619 3968 (40).

489 3992 782 4048 Enimvero
832 3991 995 4061 hujus
1025 3990 1240 4060 generis
1287 3991 1370 4061 (ut
1398 4000 1624 4046 caeteras
1661 3990 1987 4062 interpreta-

421 4084 601 4139 tiones
647 4098 776 4138 mox
810 4082 1159 4138 adducendas
1210 4080 1265 4135 in
1304 4082 1560 4152 praesenti
1603 4082 1874 4153 omittam)
1914 4091 2001 4137 est

2086 3246 2089 3249 Α
2184 3256 2343 3327 Ἐνῆν
2384 3255 2485 3326 μὲν
2532 3256 2595 3309 τὸ
2643 3254 2986 3326 ἡμάρτομεν
3034 3255 3304 3324 ἐκλαϐεῖν,
3355 3257 3453 3329 οὐχ
3480 3259 3566 3313 ὅτι
3596 3258 3705 3325 τᾶς

2102 3348 2351 3419 πράξεις,
2390 3347 2447 3400 αἳ
2483 3348 2582 3411 τὰς
2623 3348 2824 3418 ἀρετὰς
2854 3348 3230 3419 λυμαίνονται,
3282 3350 3656 3421 προειλόμεθα
3680 3369 3698 3383 ·

2100 3441 2217 3495 ἀλλ’
2242 3442 2325 3494 ὅτι
2375 3440 2583 3504 ἁπλῶς,
2617 3433 2692 3495 ὧν
2750 3443 2783 3511 ή
2823 3441 3035 3512 αἵρεσις
3064 3444 3219 3513 ἡμῖν,
3262 3442 3360 3495 καὶ
3396 3444 3429 3514 ἡ
3463 3443 3700 3515 σπουδὴ,

2100 3534 2306 3587 τούτων
2340 3529 2705 3605 ἀπετύχομεν.
2734 3536 2844 3589 Καὶ
2870 3535 2979 3605 γὰρ
2999 3535 3402 3607 ζδιαμαρτάνειν
3441 3538 3701 3600 κάκεῖνος

2098 3626 2299 3695 λέγοιτ’
2328 3628 2416 3693 ἂν,
2463 3628 2523 3692 ὃς
2550 3628 2678 3683 ἄλλο
2711 3629 2808 3699 μὲν
2847 3629 3108 3695 ἐξανύσαι
3142 3629 3435 3702 προῦθετο,
3464 3630 3563 3683 καὶ
3592 3630 3699 3701 τὴν

2099 3717 2276 3788 ὁρμὴν
2300 3717 2437 3789 πρὸς
2482 3717 2544 3771 τὸ
2576 3718 2917 3788 καταθύμιον
2967 3719 3158 3781 ἔτεινε,
3192 3722 3304 3783 τοῖς
3336 3720 3605 3783 ἐναντίοις
3637 3720 3699 3772 δὲ

2103 3810 2524 3881 περιπέπτωκε,
2549 3810 2645 3865 καὶ
2676 3811 2797 3865 ἀντὶ
2816 3811 2924 3866 τῶν
2952 3811 3361 3884 προκριθέντων
3388 3813 3502 3875 τοῖς
3538 3809 3700 3865 ἀνελ-

2100 3903 2315 3967 πίστοις
2347 3902 2653 3973 συνέχεται.

2102 4048 2109 4051 ν
2171 3995 2429 4050 Τοιοῦτον
2458 3996 2566 4067 γάρ
2605 3998 2753 4050 ἐστιν
2802 3995 2912 4067 (ἵνα
2939 3996 3037 4068 τὴν
3069 3995 3238 4068 ἄλλην
3276 3995 3415 4059 τέως
3440 3995 3694 4061 ἐξέτασιν

2099 4088 2209 4143 τῶν
2243 4088 2631 4159 ῥηθησομένων
2654 4088 2821 4158 ἐάσω)
2849 4087 2943 4142 καὶ
2986 4088 3067 4154 τὺ,
3094 4107 3114 4141 ι
3150 4090 3266 4143 υύκ
3289 4091 3347 4142 ἐν
3373 4088 3452 4160 τῷ
3476 4087 3693 4162 ἀνθρὼ-

423 4176 555 4231 illud
584 4195 599 4232 :
632 4195 650 4228 ι
681 4174 801 4231 Νοιι
832 4176 886 4232 ἰιι
919 4175 1141 4231 homine.
1178 4176 1263 4229 via
1299 4177 1419 4247 ejus
1442 4176 1590 4248 (Il);
1619 4196 1639 4231 ι
1687 4186 1743 4234 et
1772 4196 1787 4233 :
1826 4198 1843 4231 ι
1879 4180 1996 4235 Nisi

2112 4200 2190 4252 πῳ
2209 4184 2244 4252 ἠ
2266 4182 2383 4245 ὁδὸς
2409 4181 2575 4236 αὑτοῦ
2599 4199 2615 4214 ο
2650 4201 2668 4234 ι
2698 4182 2813 4251 καὶ,
2849 4202 2865 4231 ι
2889 4182 3016 4235 Ἐὰν
3046 4180 3121 4253 μὴ
3156 4182 3363 4251 Κύριος
3393 4183 3689 4252 οἰκοδομήο

425 4266 690 4322 Dominus
717 4265 1068 4322 aediﬁcaverit
1097 4243 1343 4334 domum,
1379 4267 1432 4321 in
1452 4243 1665 4325 vanum
1711 4270 1997 4327 laborave-

2112 4243 2176 4346 πη
2219 4243 2389 4339 οἷκον,
2419 4274 2500 4337 εἰς
2535 4272 2713 4345 μάτην
2751 4243 3060 4328 ἐκοπίασαν
3091 4243 3142 4328 ἐι
3165 4243 3620 4344 οἰκοδομοῦντεςό
3643 4243 3682 4325 ἰ

490 4426 539 4458 ³⁸
560 4424 669 4481 Isa.
702 4438 852 4487 utv,
886 4422 941 4478 5.

1928 4538 2163 4597 ΝΟΤᾸΞ.

485 4650 606 4718 ('58)
637 4649 764 4720 Τοῖς
789 4648 980 4718 procul
1006 4647 1176 4704 dubio
1207 4650 1580 4720 reﬁngcndum
1611 4662 1715 4708 est.

486 4722 600 4793 (59)
629 4719 909 4784 Calvinus,
940 4730 994 4773 nt
1021 4730 1208 4774 notum
1249 4719 1368 4784 est,
1395 4722 1497 4793 hoc
1520 4722 1688 4793 Exodi
1714 4724 1855 4789 loco,
1876 4734 1997 4778 tan-

413 4790 589 4863 quam
637 4796 1083 4863 argumentorum
1118 4806 1344 4845 suorum
1380 4790 1609 4863 Achille,
1640 4795 1874 4863 probare
1903 4811 1999 4849 co-

417 4859 597 4924 tiatur,
637 4863 779 4930 quod
818 4859 961 4932 Deus
986 4860 1210 4926 directe,
1255 4876 1318 4915 ac
1353 4862 1593 4930 proprie,
1642 4859 1993 4932 impellendo,

413 4929 729 5004 etcogendo
756 4944 864 5004 cur
887 4929 1194 5004 Pharaonis
1232 4929 1531 5004 obdurarit.
1578 4929 1742 5004 Atqui
1799 4929 1994 5003 hujus;

415 5001 565 5057 modi
596 5000 991 5071 blasphemiam
1029 5003 1111 5054 vel
1153 5002 1267 5071 ipse
1313 5000 1543 5055 Photius
1591 5000 1894 5069 exhorruit,
1928 5021 1993 5061 ac

415 5071 592 5142 nigro.
626 5078 685 5123 ut
712 5071 888 5146 ai_u_nt,
938 5069 1083 5123 theta
1116 5069 1340 5146 trajecit.
1393 5072 1724 5146 ltnojczete‘ra
1775 5091 1993 5146 quoque

413 5137 695 5197 sacrarum
755 5137 1081 5211 Litterarum
1140 5137 1384 5204 oracula,
1412 5142 1612 5211 quibus
1637 5137 1990 5201 Calvinus-ad

416 5226 571 5265 suam
602 5210 1025 5281 praestruendam
1086 5212 1386 5267 doctrinam
1432 5210 1717 5277 abutitur.
1784 5217 1833 5269 in
1887 5221 1986 5272 hac

414 5279 648 5337 diatriba
676 5279 1240 5354 Pho_t_ius,_quomodo
1275 5282 1615 5354 intelligenda
1669 5286 1798 5349 sint,
1853 5288 1987 5342 satis

409 5365 687 5423 superque
716 5348 1000 5423 indicavit.
1032 5348 1089 5405 Si
1128 5353 1321 5423 plura_
1337 5348 1558 5421 quaeris,
1606 5358 1835 5411 consule
1868 5358 1986 5411 Mo-

409 5419 612 5486 linhm,‘
636 5422 898 5490 Vasquez,
928 5419 1253 5485 Valentiam,
1290 5419 1516 5486 Sdarez,
1543 5419 1605 5479 et
1628 5428 1783 5481 alios.

483 5494 591 5565 (40)
618 5491 843 5556 Locum,
873 5494 938 5546 de
956 5508 1065 5561 quo
1085 5494 1326 5567 disputat
1356 5491 1702 5567 I’ltntius,sic
1722 5496 1849 5567 legit
1868 5496 1975 5554 Ile-

408 5561 590 5621 btaeus
614 5581 630 5620 :
1044 5561 1184 5621 fimi
1208 5563 1395 5617 hattah
1413 5561 1502 5616 kat
1534 5567 1746 5635 zaphta,
1775 5561 1972 5624 Barine.

409 5637 582 5702 cheta,
602 5636 746 5757 quod
781 5631 920 5685 LXII
944 5634 1192 5688 seniores
1214 5631 1614 5703 peropportune
1643 5647 1919 5694 verterunt
1953 5662 1967 5695 :

409 5704 616 5757 Σὺιὼογ
644 5702 1085 5757 σθης.καὶήυ.εῐς
1110 5704 1450 5757 ἡμάρτομεν.
1469 5708 1624 5757 etcui
1643 5707 1710 5757 ad
1730 5724 1961 5757 [Inmlmn

409 5702 797 5776 Σὺεὼργίσθης,
812 5703 908 5755 καὶ
923 5704 1085 5774 ἡμεῖς
1110 5702 1450 5776 ἡμάρτομεν,
1469 5715 1523 5762 et
1538 5708 1624 5763 cui
1643 5707 1710 5763 ad
1730 5724 1964 5782 unguem

2108 4658 2401 4734 respondet
2429 4658 2656 4734 Vulgata
2687 4660 2753 4734 ι).
2782 4659 3097 4734 Hieronymi
3126 4664 3307 4721 versio
3336 4684 3351 4720 :
3396 4666 3685 4729 Trium:

2104 4743 2180 4808 es,
2213 4738 2258 4808 et
2306 4729 2449 4808 (nos)
2489 4729 2837 4808 peccavimus.
2873 4729 3156 4808 _Re'__enim
3207 4753 3332 4791 vera
3372 4742 3545 4808 prima
3581 4742 3687 4796 lle-

2268 4800 2414 4856 verbi
2431 4796 2571 4879 ist-3n
2603 4802 2794 4879 citata]:
2841 4802 3168 4879 signiﬁcatio
3219 4816 3323 4868 est.
3358 4796 3415 4862 ut
3442 4821 3595 4879 patet
3617 4830 3686 4869 ex

2103 4868 2256 4948 greci,
2278 4886 2456 4948 quam
2494 4869 2679 4948 "ip/iii
2702 4868 2985 4948 appellant
3014 4879 3377 4944 grammatici,
3412 4868 3682 4939 a'berrare.

2106 4935 2236 5013 Yide
2268 4935 2516 5013 Judicnm
2539 4935 2630 5002 x'x,
2659 4935 2760 4998 16,-
2784 4935 2957 4999 Graeci
2989 4935 3191 5013 pariter
3212 4935 3404 5003 eodem
3433 4967 3599 5008 sensu
3624 4935 3686 5009 τδ

2096 5008 2435 5087 ᾴιμαρτάνειν
2496 5015 2699 5087 passim
2740 5008 3132 5087 usurpant,ut
3179 5019 3403 5074 verbum
3443 5037 3679 5087 peccare.

2095 5077 2364 5161 Nimirum
2422 5077 2649 5164 quia-is,
2691 5085 2784 5152 qui
2818 5077 3107 5164 delinquit,
3162 5088 3374 5164 δικαίου
3425 5077 3682 5164 ἁμαρτά.

2094 5165 2172 5225 νει
2240 5168 2272 5203 a
2320 5152 2767 5225 justoaberrat;
2835 5152 3040 5211 idcirco
3090 5159 3349 5214 translate
3401 5152 3514 5215 tuin
3547 5152 3684 5225 ieci-1

2092 5221 2304 5298 citatam
2344 5230 2458 5298 tum
2483 5223 2804 5298 ﬁgap‘tdvtu,
2838 5234 2951 5298 tum
2983 5228 3216 5298 denique
3240 5245 3394 5297 pecco
3420 5221 3685 5291 transilato

2089 5289 2335 5373 delinquo
2362 5289 2689 5362 signiﬁcant.
2720 5294 2819 5373 l’er
2845 5296 3084 5373 primum
3117 5289 3379 5373 igitur,“
3398 5289 3682 5373 proprium

2090 5361 2237 5414 verbi
2268 5361 2488 5417 sensum
2521 5361 2858 5432 propositam
2881 5363 3111 5423 Pltotius
3133 5361 3514 5427 dilllcultatem'
3542 5390 3687 5429 euu-v

2090 5431 2265 5483 cleare
2295 5441 2549 5483 conatur.

2087 5441 2265 5485 cteare
2295 5441 2549 5488 conatur.

2155 5500 2266 5584 (Η)
2298 5504 2500 5584 Jereur.
2526 5518 2591 5584 ξι,
2617 5503 2712 5560 23.
2744 5503 3099 5584 Quodhujus
3118 5508 3366 5584 diatriba:
3401 5513 3678 5584 reliquum

2079 5579 2183 5637 est,
2222 5589 2337 5644 non
2366 5575 2544 5629 codici
2573 5584 2787 5644 nostro,
2828 5580 2924 5634 sed
2952 5575 3161 5638 laudati
3193 5575 3679 5643 Amatiibuniani-

2077 5644 2174 5698 tati
2203 5642 2483 5701 debemus.
