3888 6186
204 246 328 312 2-39

1215 248 1313 307 AD
1338 244 1933 308 AMPHILOCHIUM
1974 246 2316 318 QUAES'I‘IO
2354 248 2542 309 XLII.

3386 252 3492 318 290

209 360 353 414 καί·
399 376 419 409 ι
470 357 598 411 Ἐάν
644 358 720 428 μὴ
768 357 973 427 Κύριος
1025 356 1240 427 φυλάξῃ
1282 358 1460 423 πόλιν,
1514 360 1594 422 είς
1639 359 1818 429 μάτην

1925 367 2071 423 runt,
2103 359 2196 427 qui
2220 358 2491 413 aediﬁcant
2513 358 2593 422 ";
2628 376 2645 409 ι
2680 367 2940 428 prteterea
2973 377 2988 413 :
3033 376 3051 411 ι
3082 357 3201 415 Nisi
3228 359 3493 417 Dominus

206 450 578 521 ἡγρύπνησεν
634 452 663 503 ὁ
699 448 992 517 φυλάσσων
1026 466 1102 521 ’,ι
1138 450 1231 502 καὶ
1285 450 1384 502 τό*
1445 468 1465 501 ι
1508 451 1621 505 Οὐκ
1652 453 1708 504 ἐν
1736 452 1804 522 τῇ

209 542 513 612 δυναστείᾳ
550 541 644 594 τοῦ
691 542 860 595 ἵππου
910 540 1150 610 θελήσει,
1185 542 1303 595 οὐδίἑ⁹
1331 543 1388 594 ὲν
1408 545 1528 605 ταῖς
1566 543 1807 613 κνήμαις

209 634 318 688 τοῦ
347 634 542 705 ἀνδρὸς
590 634 844 687 εὐδοκεῖ·
890 652 909 686 ι
946 633 1081 687 καί·
1118 652 1135 684 ι
1187 634 1255 689 Ol
1297 635 1494 705 βουλὴν
1523 636 1806 699 ποιοῦντες

214 723 656 792 ὲμόαθυνόμενοι
705 724 818 785 τοῖς
857 722 1226 792 διαλογισμοῖς
1264 724 1463 787 αὐτῶν,
1500 725 1593 776 καὶ
1630 724 1692 777 οὐ
1718 722 1809 776 διὰ

216 816 434 885 Κυρίου
461 830 475 843 ·
514 834 531 866 ι
562 815 787 885 καὶγὰρ
817 814 913 867 καὶ
948 808 1115 876 οὗτοι,
1152 815 1272 867 ἀντὶ
1307 814 1398 867 τοῦ
1432 815 1506 885 μὴ
1530 815 1806 868 διαπεσεῖν

214 904 321 958 τοῦ
355 904 794 973 σπουδάσματος,
828 904 889 956 οὐ
917 903 1076 973 μόνον
1102 905 1425 975 διήμαρτον,
1462 906 1600 959 ἀλλὰ
1626 908 1720 960 κα).
1748 907 1809 959 τὸ

210 997 364 1051 οὐαί
392 996 908 1068 προεπεσπᾶσαντο.
945 997 1336 1068 Παραπλήσιον
1365 999 1423 1052 δὲ
1452 998 1549 1052 καὶ
1574 998 1635 1052 τὸ
1668 1001 1809 1070 είρη-

220 1088 394 1157 μένον
431 1087 565 1157 πρὸς
590 1087 717 1149 τούς
744 1084 1070 1149 πεποιθότας
1093 1087 1179 1137 ἐπ’
1202 1087 1476 1155 Αἴγυπτον
1494 1105 1508 1117 ·
1541 1106 1560 1140 ι
1586 1090 1806 1159 Ἐποιή-

220 1196 361 1233 σατε
399 1179 594 1249 βουλὴν
628 1180 687 1232 οὐ
728 1178 797 1232 δι’
840 1178 977 1249 ἐμοῦ
1003 1194 1017 1208 ·
1060 1179 1155 1231 καὶ
1183 1179 1457 1251 συνθήκας
1501 1182 1562 1234 οὐ
1591 1180 1681 1234 διὰ
1711 1181 1807 1235 τοῦ

218 1272 543 1342 πνεύματός
575 1289 674 1341 μου
708 1272 1029 1343 προσθεῖναι
1079 1272 1355 1343 ἁμαρτίαν
1386 1273 1469 1343 ἐφ’
1501 1274 1806 1345 ἁμαρτίας,

218 1365 278 1417 οῖ
312 1364 667 1436 πορευόμενοι
715 1363 1025 1433 καταϐῆναι
1072 1366 1151 1427 είς
1196 1364 1468 1433 Αἴγυπτον
1494 1382 1507 1396 ο
1549 1385 1568 1418 ι
1605 1362 1687 1429 οἷς
1717 1367 1812 1420 καὶ

220 1458 261 1525 ἡ
290 1456 604 1527 καταφυγὴ,
633 1456 730 1509 καὶ
758 1457 859 1527 τῆς
881 1456 1132 1528 βοηθείας
1155 1458 1190 1527 ἠ
1215 1457 1371 1521 ἐλπὶς
1400 1459 1479 1520 είς
1505 1456 1769 1528 αἰσχύνην
1790 1496 1808 1522 ,

220 1550 327 1601 καὶ
374 1548 574 1612 ὄνειδος
622 1548 1042 1620 περιτρέπεται.
1102 1548 1214 1602 Καὶ
1274 1549 1384 1619 γάρ
1442 1549 1645 1619 ἑκάστη
1701 1548 1810 1601 τῶν

223 1642 278 1693 εί
286 1657 352 1709 ρη
363 1640 558 1709 μένων,
581 1640 676 1694 καὶ
703 1640 914 1693 πολλῶν
926 1640 1099 1695 ἄλλων
1118 1640 1514 1711 παραπλησίων
1536 1639 1806 1706 πράξεων,

1913 450 2236 505 custodierit
2286 451 2589 512 civitatem,
2652 448 2855 504 frustra
2902 449 3093 520 vigilat
3151 451 3248 521 qui
3300 462 3489 509 custo—

1914 543 1991 598 dit
2015 543 2092 608 “i;
2127 561 2147 596 ι
2191 552 2245 599 et
2282 560 2476 599 rursus
2509 562 2522 597 :
2556 561 2576 596 ι
2608 543 2724 597 Non
2779 545 2833 598 in
2869 543 3191 600 fortitudine
3225 547 3354 615 equi
3401 560 3497 600 vo—

1913 637 2179 690 luntatem
2227 637 2467 701 habebit,
2517 653 2616 691 nec
2658 638 2714 691 in
2762 637 2910 693 tibiis
2950 636 3053 691 viri
3094 637 3491 708 heneplacitum

1913 730 2043 783 erit.
2080 729 2129 783 ei
2154 730 2235 794 ‘9;
2268 748 2287 782 ι
2350 745 2543 783 rursus
2584 749 2597 784 :
2651 749 2671 779 ‹
2702 729 2806 795 Qui
2871 730 3164 784 consilium
3230 730 3437 785 faciunt
3468 749 3488 781 ι

1916 821 2167 891 profundi
2241 823 2297 876 in
2359 820 2780 891 cogitationibus
2842 821 2998 885 suis,
3064 839 3082 872 ι
3126 829 3181 875 et
3233 830 3340 874 n‘on
3396 837 3493 890 per

1918 906 2208 984 Dominum
2242 932 2256 967 :
2294 932 2312 966 ι
2346 922 2400 968 et
2438 914 2696 968 nimirum
2722 913 2775 966 hi
2803 927 2903 983 pro
2940 927 3005 967 eo
3034 927 3100 966 ae
3144 927 3172 965 a
3212 913 3492 982 proposito

1915 1021 2025 1060 non
2068 1006 2412 1069 exciderent,
2440 1020 2553 1058 non
2601 1006 2778 1059 solum
2824 1003 2952 1059 inde
3000 1004 3347 1070 aberrarunt,
3396 1002 3490 1059 sed

1914 1096 2079 1150 etiam
2112 1095 2243 1149 illud
2278 1108 2354 1149 var
2404 1094 2508 1148 sibi
2541 1100 2983 1162 promer-uerunt.
3034 1090 3365 1161 Huiusmodi
3407 1099 3495 1146 est

1913 1197 1968 1242 et
2020 1187 2176 1250 illud,
2222 1186 2370 1256 quod
2410 1186 2617 1240 dictum
2669 1196 2754 1238 est
2801 1181 3044 1239 Hebreis
3094 1185 3150 1237 in
3196 1183 3492 1254 Egyptum

1915 1278 2182 1332 conlisis:
2218 1294 2236 1327 ι
2268 1275 2497 1332 Fecistis
2538 1276 2866 1351 consilium,
2896 1284 2953 1330 et
2999 1288 3110 1330 non
3164 1291 3232 1332 ex
3275 1290 3390 1341 me,
3440 1285 3497 1329 ct

1918 1371 2123 1424 foedera
2160 1383 2270 1423 non
2307 1384 2406 1439 per
2438 1368 2695 1438 spiritum
2732 1382 2938 1430 meum,
2979 1376 3039 1422 ut
3069 1367 3343 1423 adderetis
3370 1382 3496 1436 pec-

1917 1470 2100 1515 catum
2137 1476 2299 1530 super
2340 1469 2642 1529 peccatum,
2680 1460 2773 1528 qui
2800 1460 3116 1524 ambulatis,
3162 1466 3222 1512 ut
3262 1459 3494 1513 descen-

1917 1553 2063 1621 datis
2096 1552 2149 1605 in
2192 1532 2486 1620 [Egyptum
2519 1568 2532 1604 :
2569 1569 2590 1602 ι
2640 1531 2844 1619 quibus
2893 1549 3180 1618 ellugium,
3224 1558 3279 1603 et
3308 1546 3495 1602 auxilii

1918 1660 2041 1713 spes
2071 1662 2089 1694 ι
2122 1643 2175 1696 in
2216 1641 2618 1705 confusionem,
2673 1650 2727 1696 et
2766 1642 3120 1711 ignominiam
3155 1660 3173 1692 ι
3220 1639 3495 1695 converti-

222 1730 331 1801 τῆς
361 1729 472 1783 ἄνω
500 1730 861 1801 κεχωρημένη
895 1730 1088 1799 ῥοπῆς,
1122 1730 1223 1784 οὐκ
1248 1730 1312 1784 ἂν
1334 1729 1428 1784 τοῦ
1462 1730 1813 1801 προτεθέντος

1925 1745 2007 1790 tur
2036 1734 2270 1807 (42-28).
2305 1732 2527 1805 Singula
2545 1734 2686 1787 enim
2714 1735 2826 1801 jam
2862 1734 3004 1787 dicta
3032 1746 3220 1803 opera,
3236 1742 3286 1788 et
3306 1730 3409 1786 alia
3441 1729 3495 1785 id

226 1824 419 1886 τέλους
450 1822 691 1892 ἐφίκοιτο
714 1840 727 1852 θ
758 1822 867 1876 οὐδ’
902 1825 934 1893 ἡ
960 1824 1156 1894 μελέτη
1187 1822 1323 1893 πρὸς
1358 1822 1517 1892 ἔργον
1546 1825 1812 1894 χωρήσει,

231 1914 312 1982 μὴ
365 1914 463 1983 τῆς
511 1912 717 1966 ἄνωθεν
773 1909 1364 1984 προκαταδαλ).ομένης
1416 1914 1706 1984 εὐμενείας
1754 1914 1815 1967 τὸ

230 2005 491 2059 πλούσιον
525 2005 691 2069 ἔλεος.
726 2007 787 2058 Et
824 2004 880 2058 δὲ
912 2007 1004 2059 καὶ
1042 2006 1348 2077 ὀργίζοιτο,
1385 2001 1465 2067 οἷς
1490 2006 1554 2058 ἄν
1582 2022 1666 2067 τις
1704 2006 1817 2068 τοῖς

229 2098 459 2162 οἰκείοις
534 2098 858 2163 διαϐουλίοις
909 2084 1222 2168 ὲρείδηταιο
1275 2098 1393 2161 πῶς
1448 2098 1545 2151 οὐκ
1602 2099 1814 2167 ἀνάγκη

232 2191 454 2253 πάντως
492 2190 819 2261 διαμαρτεῖν
874 2188 970 2243 τοῦ
1010 2188 1217 2254 τέλους,
1252 2188 1347 2241 καὶ
1384 2187 1611 2259 μηδενὸς
1635 2190 1816 2257 τυχεῖν

235 2283 487 2335 ἑκάστων
545 2283 651 2335 τῶν
680 2284 759 2347 είς
789 2282 946 2336 τοῦτο
975 2280 1486 2354 παρενηνεγμένων,
1515 2271 1590 2333 ὧν
1614 2280 1647 2350 ή
1680 2278 1820 2347 γνὼ-

235 2392 317 2446 μη
346 2374 643 2444 ἠγωνίζετο
668 2392 684 2441 ς

235 2473 341 2525 iste
390 2485 419 2524 a
470 2470 578 2526 ﬁne
629 2471 881 2535 aberret,
939 2479 992 2526 et
1050 2468 1253 2525 nullam
1301 2482 1483 2523 rerum
1536 2467 1607 2522 ad
1649 2466 1812 2520 ﬁnem

238 2563 448 2621 tingat?

324 2654 466 2706 Ἀλλ’
515 2652 655 2724 αὐτη
719 2655 816 2725 μὲν
864 2654 963 2725 τῆς
1013 2652 1248 2725 θεωρίας
1298 2656 1337 2723 κη
1392 2652 1623 2725 ἐπιϐολὴ
1679 2652 1817 2723 πρὸς

232 2746 344 2815 μὲν
377 2745 445 2798 τὰ
476 2746 859 2817 παραταθέντα
886 2746 1047 2817 ῥητὰ,
1085 2746 1177 2800 καὶ
1201 2745 1253 2799 εῐ
1275 2764 1327 2800 τι
1357 2746 1569 2809 τούτοις
1595 2745 1819 2815 ἐνάμιλ-

237 2838 353 2904 λον,
371 2838 427 2891 τὸ
455 2839 823 2911 ἡρμοσμένον,
846 2843 938 2893 καὶ
963 2840 1300 2911 κατάλληλον
1322 2839 1692 2893 ἐπιδείκνυται
1725 2835 1817 2889 τοῦ

240 2933 514 3001 νοήματος
541 2945 554 2959 ⁸
588 2932 649 2984 οὐ
690 2932 797 3003 μήν
824 2948 886 2999 τε
909 2931 1009 3001 τὴν
1034 2930 1203 3002 αὐτὴν
1244 2930 1538 2984 ἀποδίδωσι
1599 2927 1813 2998 χρείαν,

239 3026 340 3076 καὶ
364 3024 461 3093 τὴν
516 3021 753 3093 ὲξχρχῆς
810 3023 1067 3076 ὑπόθεσιν
1104 3020 1525 3093 εὐμαράσασθαι
1567 3018 1681 3089 (29)
1709 3032 1722 3045 '
1752 3016 1820 3069 τά

240 3132 303 3167 τε
333 3116 440 3185 γὰρ
464 3114 555 3167 τοῦ
577 3115 737 3181 λόγου
768 3113 1180 3184 προηγούμενα,
1217 3115 1309 3166 καὶ
1335 3114 1369 3183 ὴ
1397 3111 1529 3181 ἄλλη
1575 3110 1684 3162 τῶν
1724 3111 1819 3179 ῥη-

1920 1838 2093 1893 genus
2142 1823 2321 1891 plura,
2370 1834 2494 1874 cum
2536 1834 2772 1888 superna
2808 1819 3125 1874 directione
3173 1828 3360 1874 essunt
3404 1820 3497 1872 de-

1920 1914 2131 1976 stituta,
2175 1913 2241 1967 ad
2276 1912 2617 1981 propositum
2653 1911 2757 1965 sibi
2796 1911 2958 1965 tinem
2993 1913 3181 1980 utique
3209 1912 3497 1980 pervenire

1920 2018 2030 2057 non
2085 2009 2366 2071 poterant;
2428 2016 2607 2069 neque
2651 2000 2717 2053 ad
2769 2016 2906 2069 opus
2946 2001 3291 2071 designatum
3343 2001 3498 2055 indu-

1922 2097 2055 2151 stria
2092 2096 2390 2165 perveniet,
2432 2095 2536 2149 nisi
2580 2095 2763 2149 divina
2810 2096 3098 2150 clementia
3143 2110 3281 2166 Opus
3319 2095 3497 2165 ipsum

1925 2187 2247 2240 redumlanti
2268 2187 2581 2256 auspicetur
2608 2186 3005 2242 misericordia.
3050 2186 3104 2240 Si
3135 2195 3317 2241 autem
3353 2185 3498 2240 Deus

1924 2278 2088 2331 etiam
2123 2278 2400 2341 irascitur,
2426 2293 2490 2334 eo
2522 2279 2666 2348 quod
2694 2278 2926 2347 propriis
2949 2279 3196 2333 consiliis
3220 2278 3497 2348 quispiam

1929 2370 2224 2435 innitatur,
2266 2370 2546 2440 quomodo
2596 2369 2911 2425 necessario
2957 2384 3064 2424 non
3122 2370 3391 2441 sequitur,
3440 2375 3502 2423 ut

1853 2472 2317 2534 comparatorum,
2356 2467 2421 2521 ad
2492 2481 2633 2535 quas
2705 2464 2925 2518 animus
2962 2465 3341 2529 contendebat,
3373 2479 3503 2518 eoo.

1989 2652 2055 2703 At
2091 2653 2205 2704 lucc
2237 2648 2471 2702 indicata
2516 2648 2618 2701 loci
2660 2646 2924 2717 propositi
2958 2647 3234 2716 expositio
3269 2662 3494 2703 sensum

1915 2738 2036 2809 ejus
2086 2737 2325 2792 ostendit
2370 2752 2493 2791 cum
2551 2736 2799 2791 adductis
2852 2751 3134 2789 sacrarum
3167 2735 3498 2791 Litterarum

1918 2830 2174 2892 oraculis,
2204 2840 2258 2883 et
2289 2845 2413 2885 cum
2443 2829 2660 2883 czeteris
2693 2829 3008 2898 hujusmodi
3036 2844 3160 2883 esse
3187 2844 3499 2898 congruen—

1918 2929 2051 2983 tem,
2084 2927 2138 2971 ct
2166 2926 2636 2983 consentaneum;
2668 2933 2855 2971 verum
2889 2918 3022 2987 quid
3061 2916 3163 2971 sibi
3212 2918 3362 2979 velit,
3391 2931 3499 2972 non

1926 3010 2131 3075 definit,
2162 3026 2336 3079 neque
2384 3007 2756 3065 dillieultatem
2786 3025 2818 3065 ιι
2845 3010 3117 3080 principio
3165 3009 3500 3079 propositam

1926 3103 2086 3172 plane
2118 3103 2326 3156 diluit:
2371 3102 2642 3171 siquidem
2694 3110 2809 3157 tum
2857 3118 2920 3157 ea
2974 3101 3163 3174 verba,
3205 3118 3327 3172 quae
3373 3113 3501 3157 sunt

246 3206 434 3274 μάτων
462 3206 720 3265 διασκευὴ
771 3204 907 3275 πρὸς
957 3205 1149 3274 ἑτέραν
1203 3203 1403 3273 μᾶλλον
1452 3201 1817 3273 προτρέπεται

1925 3194 2166 3248 diatribae
2188 3194 2348 3261 hujus
2366 3201 2767 3262 argumentum,
2797 3203 2911 3246 tum
2934 3194 3218 3263 appositus
3248 3194 3496 3248 locorum

241 3256 482 3349 διάνοιαν
500 3256 933 3351 Ϋάπευθύνεσιθαι.
969 3256 1158 3349 Τίιοῦν
1293 3256 1547 3364 λέγεινὴ)
1581 3256 1662 3345 τόο
1700 3309 1717 3341 ι
1744 3290 1816 3343 Σὺ

1926 3298 2094 3338 sacra:
2124 3256 2750 3353 Scriptum‘apparatns
2780 3284 2846 3338 ad
2870 3256 3033 3338 alia-tn
3068 3286 3247 3354 potius
3276 3294 3500 3340 senten—

246 3390 549 3459 ὼργίσθης,
581 3391 673 3442 καὶ
715 3391 876 3457 ἡμεῖς
907 3388 1284 3457 ὴμάρτομεν,ι
1319 3387 1439 3457 οὐχὶ
1455 3387 1611 3439 τοῦτο
1632 3383 1815 3454 φησίνο

251 3501 270 3532 ι
297 3481 385 3545 Ὠς
398 3485 495 3553 τῆς
514 3486 612 3551 σῆς
639 3482 808 3551 ὀργῆς
828 3479 1194 3551 προελθούσης
1212 3477 1676 3550 ἠὰμαρτίαήμῶν
1692 3479 1820 3529 ὲκυ-

248 3574 433 3644 ρέευσε
461 3590 477 3635 ;
506 3593 523 3624 ι
561 3574 731 3626 Τοῦτο
752 3572 860 3641 γὰρ
876 3572 994 3625 οὐδὲ
1015 3576 1116 3641 τὴν
1138 3573 1292 3625 θείαν
1312 3572 1399 3641 εἴη
1420 3568 1819 3639 δικαιοκρισίαν

246 3664 624 3728 διασώζοντος,
661 3663 769 3717 οὐδ’
802 3665 972 3716 αἴτιον
1006 3663 1217 3728 εἰσάγει
1243 3663 1334 3715 τὸν
1372 3662 1679 3731 ἄνθρωπον,
1712 3658 1819 3712 οὐδ’

249 3757 310 3806 ὲν
343 3747 422 3816 οἷς
444 3754 553 3805 ἀπὸ
605 3752 830 3823 γνώμης
860 3755 1249 3823 πονηρεύεται·
1288 3748 1426 3803 ἀλλὰ
1481 3749 1573 3800 τὴν
1640 3746 1819 3816 πάσης

249 3844 452 3907 κακίας
488 3846 751 3907 ἀναίτιον,
781 3844 971 3897 τοῦτον
1001 3842 1365 3905 καταϐιϐάζει
1398 3844 1465 3913 τῇ
1498 3840 1820 3913 βλασφημίᾳ

251 3937 390 4005 πρὸς
410 3936 469 3987 τὸ
500 3936 776 3988 ὑπαίτιονο
812 3935 905 3986 καὶ
929 3934 992 4002 δὴ
1034 3937 1129 3988 καὶ
1156 3936 1219 3986 τὸ
1262 3932 1611 3997 αὐτεξούσιον
1666 3929 1820 3999 παρᾶ

250 4028 351 4099 τὴν
386 4026 617 4097 ἐξαρχῆς
669 4026 887 4090 πλάσιν,
918 4029 1014 4081 καὶ
1038 4026 1247 4098 δωρεὰν
1280 4028 1359 4087 εἰς
1385 4025 1446 4078 τὸ
1469 4023 1675 4089 δοῦλον,
1730 4022 1825 4076 καὶ

220 4114 225 4117 ’
253 4120 573 4186 ὑπεξούσιον
595 4121 1060 4191 μεταπλάττοντα.
1093 4121 1154 4173 Εἰ
1188 4120 1315 4189 γὰρ,
1338 4118 1470 4171 διότι
1509 4136 1528 4169 ι
1550 4106 1819 4187 ὠργίσθη,

254 4215 592 4284 ἡμάρτομεν,
619 4233 636 4263 ι
676 4215 709 4283 ἡ
737 4215 872 4285 ὀργὴ
904 4213 1003 4283 τὴν
1036 4210 1307 4283 ἁμαρτίαν
1332 4210 1515 4264 ἔτεκεν
1534 4225 1549 4239 ⁸
1579 4208 1749 4279 ὀργῆς
1777 4206 1823 4260 δ’

253 4308 470 4375 ἀμάχου
500 4306 841 4377 συνωθούσης
885 4308 966 4369 εἰς
1023 4307 1398 4377 παράπτωμα,
1446 4302 1530 4366 τίς
1574 4300 1825 4367 ἀντιστή-

258 4415 410 4452 σεται
431 4414 447 4464 ;

329 4661 529 4731 Διόπερ
558 4663 639 4725 είς
664 4662 828 4716 τοῦτο
864 4663 964 4733 μὲν
990 4662 1359 4731 διαλογισμῶν
1392 4664 1717 4730 ἀπενεγκεῖν
1734 4660 1832 4723 τὰς

258 4754 413 4825 ἱερὰς
447 4754 651 4823 φωνὰς,
699 4754 927 4825 οὐδεμία
958 4754 1334 4824 παρείσδυσις,
1361 4755 1595 4823 μάλιστα
1628 4751 1836 4805 πολλῶν

254 4845 435 4900 ἄλλων
468 4846 811 4915 διδαγμάτων
840 4848 934 4899 καὶ
970 4846 1244 4916 πανταχοῦ
1277 4846 1377 4915 τῆς
1413 4845 1563 4915 ἱερᾶς
1591 4844 1833 4913 Γραφῆς,

256 4938 353 4990 καὶ
381 4936 444 5004 δὴ
475 4938 567 4989 καὶ
597 4940 650 4988 ὲν
682 4936 833 5007 αὐτῷ
864 4936 943 5007 τῷ
981 4938 1237 5007 προφήτῃ
1268 4936 1528 4989 τάναντία
1564 4934 1661 4986 καὶ
1686 4949 1833 5002 μαρ-

255 5029 593 5099 τυρομένων,
645 5031 736 5081 καὶ
792 5030 1187 5099 κρατυνόντων.
1259 5027 1396 5098 «Μὴ
1443 5029 1585 5096 γὰρ,
1644 5026 1830 5095 φησὶν,

257 5122 492 5192 ἐϐάρυνε
538 5122 740 5193 Κύριος
771 5122 831 5173 τὸ
878 5116 971 5183 οὖς
1023 5118 1187 5172 αὐτοῦ
1227 5117 1322 5170 τοῦ
1380 5118 1455 5187 μὴ
1486 5118 1825 5170 εἰσακοῦσαι·

332 5274 375 5304 *⁷
410 5271 553 5328 Psal.
584 5289 765 5339 cxxvr,
805 5276 857 5328 l.
935 5275 981 5305 ³⁸
1006 5274 1136 5328 ibid.
1171 5276 1225 5329 ‘2.
1302 5276 1347 5309 ³⁹
1372 5274 1517 5360 Psal.
1548 5290 1728 5339 CXLVI,
1752 5277 1849 5335 .10.

1919 3377 2047 3431 tiam
2079 3378 2239 3447 dirigi
2289 3378 2623 3433 desiderant.
2678 3377 2820 3443 Quid
2870 3392 3000 3445 ergo
3045 3378 3357 3441 dicendum,
3395 3378 3498 3432 nisi

1918 3458 2063 3537 quod
2094 3468 2221 3521 illo:
2248 3486 2266 3518 ι
2297 3467 2375 3521 Tu
2410 3468 2577 3521 iratus
2602 3482 2682 3529 es,
2700 3478 2755 3521 et
2778 3482 2878 3522 nos
2896 3468 3221 3533 erravimus,
3257 3487 3277 3520 ι
3306 3483 3501 3538 nequa-

1919 3575 2083 3627 quam
2113 3560 2216 3614 hoc
2246 3560 2509 3614 innitatur
2541 3578 2554 3614 :
2588 3578 2605 3611 ι
2645 3560 2726 3613 οι»
2756 3560 2895 3614 iram
2928 3570 3076 3615 tuam
3105 3563 3497 3631 praecedentem

1920 3663 2200 3723 peccatum
2252 3652 2305 3706 in
2354 3652 2510 3708 nobis
2544 3653 2883 3714 dominatum
2933 3654 3056 3708 est?
3106 3672 3125 3705 ι
3163 3654 3215 3708 Id
3252 3654 3396 3707 enim
3442 3664 3501 3707 et

1919 3746 2159 3800 divinam
2197 3744 2732 3815 ltcderetjustitiam,
2772 3756 2827 3801 et
2874 3747 3173 3807 hominem.
3207 3761 3275 3799 ne
3303 3760 3497 3800 eorum

1921 3838 2139 3908 quidem
2191 3839 2244 3892 in
2282 3839 2482 3908 quibus
2512 3855 2574 3893 cx
2604 3839 2769 3893 animi
2803 3840 3073 3894 sententia
3116 3848 3337 3909 peccat,
3368 3854 3500 3893 eau-

1921 3947 2042 3987 sam
2102 3931 2387 3995 redderet;
2447 3932 2542 3987 sed
2596 3932 2651 3987 in
2698 3933 2907 3997 Deum,
2972 3933 3066 4002 qui
3123 3933 3503 4000 cujuscunque

1921 4024 2092 4093 culpa:
2140 4040 2305 4079 causa
2348 4039 2470 4079 esse
2523 4042 2629 4081 non
2656 4035 2850 4096 potest,
2883 4026 3096 4092 culpam
3129 4039 3225 4094 per
3252 4023 3503 4092 blasphe-

1924 4116 2088 4169 miam
2114 4114 2441 4171 transferret
2464 4134 2478 4171 :
2510 4120 2640 4187 quin
2673 4118 2836 4172 etiam
2866 4118 3031 4171 Deum
3059 4115 3341 4170 induceret
3360 4113 3504 4169 redi-

1923 4216 2137 4277 gentem
2168 4208 2407 4265 hominis
2441 4210 2744 4265 libertatem
2772 4218 2967 4265 contra
3001 4208 3332 4278 primitivam
3358 4221 3506 4262 erea-

1924 4299 2151 4361 tionem,
2184 4301 2523 4372 gratiamque
2554 4302 2608 4356 in
2642 4303 2983 4363 servitutem,
3010 4309 3063 4354 et
3087 4298 3500 4367 subiectionem.

1927 4389 1983 4443 Si
2016 4390 2182 4455 cnim,
2219 4394 2347 4461 quia
2375 4392 2518 4446 Deus
2551 4412 2569 4444 ι
2599 4394 2771 4448 iratus
2795 4403 2895 4455 est,
2931 4408 3029 4447 nos
3058 4391 3443 4462 peccavimus;
3478 4407 3497 4441 ι

1926 4483 2009 4535 ira
2040 4491 2321 4549 peceatum
2351 4484 2563 4551 peperit
2596 4502 2607 4534 :
2638 4484 2765 4535 dum
2799 4491 2979 4536 autem
3024 4483 3101 4535 ira
3143 4478 3504 4534 ineluctabilis

1862 4605 1907 4660 υ
1937 4574 2001 4627 ad
2031 4584 2311 4643 peccatum
2343 4575 2633 4645 compellit,
2660 4576 2917 4643 quisnam
2943 4573 3198 4628 resistet?

2005 4664 2369 4731 Quamobrem
2405 4667 2550 4720 nulla
2581 4667 2664 4719 via
2710 4670 2960 4735 est,’qua
2990 4679 3149 4719 sacra
3182 4663 3403 4719 oracula
3439 4663 3506 4717 ad

1934 4755 2248 4825 huiusmodi
2298 4756 2489 4811 deliria
2548 4758 2761 4825 possint
2803 4756 3154 4825 detorqueri;
3204 4754 3504 4824 praecl-tim

1930 4862 2055 4901 cum
2092 4847 2196 4901 alia
2230 4855 2395 4916 atque
2423 4847 2526 4903 alia
2551 4849 2661 4901 sint
2689 4848 3016 4902 documenta
3063 4854 3174 4901 tum
3213 4846 3421 4917 ubique
3451 4847 3504 4899 in

1930 4938 2104 4993 sacris
2126 4935 2366 5001 Litteris,
2394 4947 2506 4991 tum
2533 4938 2697 4990 etiam
2722 4935 2867 5007 apud
2892 4936 3143 4991 eumdem
3161 4936 3504 5005 prophetam.

1930 5046 2055 5101 qua:
2095 5029 2434 5083 contrarium
2488 5038 2543 5084 et
2583 5038 2850 5085 testantur
2901 5040 2954 5084 et
3006 5030 3281 5083 evincunt.
3330 5026 3509 5095 lnquit

1929 5122 2075 5175 enim
2114 5137 2129 5173 :
2160 5119 2279 5174 Non
2308 5130 2599 5191 aggravata
2635 5133 2720 5177 est
2753 5122 2904 5177 auris
2932 5122 3077 5193 ejus,
3111 5130 3171 5177 ut
3195 5132 3306 5176 non
3333 5133 3500 5175 exau-

1760 5430 1990 5487 NOTAE.

331 5539 543 5609 (42-28)
578 5540 682 5595 lsa.
720 5558 845 5606 xxx,
879 5543 931 5603 Ι,
979 5544 1033 5606 2,
1065 5546 1116 5598 5.
1152 5545 1254 5599 Sed
1291 5547 1377 5601 hic
1431 5546 1655 5601 Photius
1690 5546 1840 5603 Isaia:

256 5622 441 5686 potius
472 5613 807 5686 sententiam
841 5630 1003 5680 quam
1038 5616 1196 5686 verba
1233 5618 1284 5686 in
1322 5616 1497 5669 medio
1533 5620 1701 5686 ponit.

328 5680 443 5749 (39)
486 5680 560 5733 Ex
593 5679 887 5735 Barherino
930 5684 1339 5753 corrrigendtun
1388 5679 1610 5742 omnino
1662 5688 1828 5757 εὐμαο

621 5776 895 5836 ΡΑτιιοι..
936 5776 1054 5836 Gn.
1140 5779 1234 5839 CI.

1951 5549 2225 5629 ρίσασθαι,
2265 5552 2463 5629 Supple
2499 5555 2740 5621 δύναται,
2782 5571 2875 5613 aut
2902 5560 3103 5629 aliquid
3138 5559 3357 5624 simile;
3403 5560 3505 5615 nisi

1946 5622 2103 5699 "ralis
2136 5622 2456 5699 inﬁnitivum
2478 5666 2491 5689 ,
2522 5637 2768 5685 ctnilorla
2816 5622 3206 5699 aliquantulum
3238 5622 3507 5696 συντάξει,

1946 5690 2011 5744 ad
2036 5692 2329 5746 ἀποδίδωσι
2372 5695 2593 5750 referre.

3192 5794 3268 5853 10
