3888 6186
392 240 482 303 291
1539 228 1815 291 PHO’I‘II
1850 229 2352 290 PATRIARCHE
2386 231 2495 291 GP.

385 362 495 411 dial

380 461 439 503 et
469 446 639 498 Deum
671 453 951 511 vestrum;
991 454 1044 501 et
1092 452 1314 515 peccata
1342 449 1525 495 vestra
1558 437 1971 492 absconderunt

379 534 574 595 faciem
603 536 724 605 ejus
753 552 783 591 a
812 537 985 601 vobis,
1017 550 1084 589 ne
1113 533 1396 589 exaudiret
1425 530 1621 601 (50).»)
1647 528 1832 594 Quare
1858 544 1969 584 non

380 629 509 699 quia
546 630 687 683 Deus
739 644 797 683 se
828 628 1056 688 avertit,
1086 641 1187 679 nos
1217 638 1546 691 peccamus;
1576 634 1676 673 nec
1718 618 1849 687 quia
1883 618 1973 673 ille

383 720 643 789 prmterit,
670 729 725 773 et
755 734 862 775 non
892 718 1139 782 exaudit,
1164 723 1385 786 peccata
1416 714 1468 768 itt
1496 713 1657 766 nobis
1689 710 1974 764 dominan-

386 817 472 866 tur
502 828 516 864 :
550 811 645 865 sed
676 812 806 880 quia
842 824 1152 879 peccamus,
1187 816 1241 863 et
1270 804 1664 874 delinquimus.
1721 800 1865 856 Deus
1920 809 1974 855 et

386 902 583 978 avertit
608 918 687 969 se,
720 911 774 955 et
801 903 1081 963 irascitur,
1111 911 1167 955 et
1200 915 1300 953 nos
1342 897 1695 965 derelinquit.
1748 894 1975 977 Et.t'ui'-

387 1010 484 1051 sus
519 1013 534 1049 :
571 994 1023 1063 Exspectavimus
1048 992 1342 1062 judicium,
1370 999 1549 1043 etnon
1577 997 1693 1051 est;
1719 986 1972 1051 salutem,

389 1094 443 1140 et
483 1084 736 1154 elongata
786 1092 869 1139 est
906 1098 937 1136 a
968 1082 1150 1137 nobis.
1203 1100 1221 1131 ι
1268 1079 1409 1145 Quid
1446 1078 1564 1133 ita?
1605 1077 1977 1147 Multiplicatae

389 1184 521 1232 sunt
554 1177 699 1231 enim
737 1175 1052 1245 iniquitates
1080 1181 1285 1228 nostra:
1325 1186 1510 1226 coram
1548 1178 1623 1234 te,
1664 1180 1719 1223 et
1750 1176 1977 1239 peccata

390 1278 582 1324 nostra
612 1269 1014 1338 responderunt
1036 1262 1227 1331 nobis;
1256 1264 1383 1336 quia
1416 1263 1623 1318 scelera
1655 1272 1844 1315 nostra
1874 1274 1975 1314 no-

391 1362 629 1427 biscum,
687 1370 741 1415 ct
776 1341 1091 1429 iniquitates
1141 1368 1362 1423 nostras
1416 1355 1773 1426 cognovimus
1804 1375 1817 1409 :
1853 1369 1978 1422 pec.

391 1468 539 1518 care,
570 1462 623 1507 et
657 1452 876 1507 mentiri
900 1461 1088 1504 contra
1112 1449 1445 1515 Dominum;
1478 1458 1532 1502 et
1552 1446 1730 1501 aversi
1763 1460 1974 1510 sumus,

392 1558 462 1597 ne
492 1542 698 1597 iremus
732 1551 850 1611 post
883 1550 1097 1608 tergum
1135 1539 1229 1594 Dei
1261 1537 1435 1594 nostri
1464 1538 1531 1590 “.
1568 1557 1587 1589 ι

3557 227 3663 289 2"!

551 372 564 407 ι
609 352 703 409 sed
741 352 1058 424 iniquitates
1102 358 1303 406 vestrae
1337 348 1642 404 diviserunt
1674 345 1823 399 inter
1861 358 1979 409 vos,

2095 344 2224 399 ἀλλά
2251 344 2320 398 τὰ
2356 346 2734 416 ἁμαρτήματα
2787 342 2942 414 ὑμῶν
2994 340 3273 395 διῖστῶσιν
3338 356 3441 394 ανα
3504 346 3667 410 μέσον

2080 435 2257 507 ὑμῶν,
2290 438 2386 490 καὶ
2425 437 2531 490 ἀνὰ
2566 436 2732 506 μέσον
2765 434 2858 489 τοῦ
2891 435 3027 488 Θεοῦ
3058 451 3071 464 ·
3106 436 3201 487 καὶ
3238 433 3326 486 διὰ
3352 433 3454 495 τὰς
3488 434 3669 500 ἁμαρ-

2077 528 2199 590 τίας
2244 529 2398 598 ὑμῶν
2461 527 2773 598 ἀπέστρεψε
2804 527 2865 580 τὸ
2900 528 3194 598 πρόσωπον
3228 523 3396 577 αὑτοῦ
3464 522 3561 576 τοῦ
3595 524 3667 595 μή

2079 621 2319 690 ἐλεῆσαι.
2354 640 2372 674 ι
2420 622 2581 673 Ὥστε
2627 621 2729 673 οὐκ
2760 623 2823 674 ἐκ
2851 620 2953 687 τῆς
3017 620 3165 682 θείας
3198 618 3579 689 ἀποστροφῆς
3609 617 3669 669 τὸ

2078 711 2416 782 ἁμαρτάνειν
2475 714 2660 782 ἡμᾶς·
2712 712 2835 765 οὐδὲ
2864 714 2928 765 ὲκ
2954 712 3049 764 τοῦ
3111 712 3394 781 παρορᾷν,
3445 710 3541 761 καὶ
3596 709 3668 776 μὴ

2086 804 2333 871 ἀκούειν,
2388 805 2497 857 τῶν
2549 804 3242 875 ἁμαρτημάτωνήίσχύς·
3297 802 3413 855 ἀλλ’
3474 802 3535 866 ἐξ
3594 795 3670 854 ὧν

2079 897 2488 967 ἁμαρτάνομεν,
2525 897 2620 949 καὶ
2653 897 3105 967 πλημμελοῦμεν,
3136 896 3283 965 καὶὴ
3316 894 3666 963 ἀποστροφή,

2080 991 2219 1059 καὶὴ
2248 990 2407 1061 ὀργὴ,
2430 991 2523 1043 καὶ
2551 992 2582 1061 ή
2616 989 3003 1059 ὲγκατάλειψις
3027 988 3123 1041 τοῦ
3148 988 3307 1042 Θεοῦ.
3342 989 3457 1042 Καὶ
3480 989 3664 1042 πάλιν·

2086 1101 2105 1134 ι
2141 1082 2529 1152 ’Λνεμείναμεν
2578 1082 2782 1153 κρίσιν,
2821 1084 2915 1135 καὶ
2947 1082 3048 1134 οὐκ
3080 1082 3196 1134 ἐστι
3238 1083 3506 1150 σωτηρία,
3554 1098 3665 1150 μα-

2080 1174 2219 1246 κρὰν
2283 1176 2594 1246 ἀφέστηκεν
2642 1176 2735 1244 ἀφ’
2767 1176 2944 1247 ήμῶν.
2974 1195 2992 1227 t
3040 1176 3139 1229 Διά
3172 1174 3260 1237 τί;
3306 1196 3323 1226 ‹
3352 1175 3529 1243 Πολλὴ
3562 1176 3671 1246 γὰρ

2080 1270 2239 1340 ήμῶν
2263 1270 2297 1340 ἡ
2325 1270 2527 1341 ἀνομία
2557 1269 2802 1323 ἐναντίον
2834 1286 2952 1332 σου,
2984 1270 3079 1322 καὶ
3111 1271 3169 1322 at!
3196 1270 3470 1339 ἁμαρτίαι
3516 1270 3675 1336 ἡμῶν

2080 1363 2417 1433 ἀντέστησαν
2468 1365 2632 1431 ἡμῖν·
2661 1363 2715 1415 αἱ
2750 1361 2859 1431 γὰρ
2923 1361 3169 1431 ἀνομίαι.
3202 1362 3361 1431 ἡμῶν
3387 1363 3444 1412 ὲν
3511 1362 3668 1429 ἡμῖν,

2082 1454 2178 1508 καὶ
2229 1456 2300 1508 τὰ
2351 1455 2666 1525 ἀδικήματα
2728 1454 2883 1526 ήμῶν
2945 1454 3230 1524 ἔγνωμεν·
3285 1453 3673 1524 ὴσεὸήσαμεν,

2083 1547 2178 1600 καὶ
2231 1546 2583 1617 ἐψευσάμεθα
2611 1563 2623 1579 ·
2660 1548 2758 1600 καὶ
2809 1547 3130 1617 ἀπέστημεν
3176 1548 3284 1600 ἀπὸ
3327 1546 3553 1599 ὄπισθεν
3579 1544 3675 1597 τοῦ

2083 1636 2221 1689 Θεοῦ
2250 1638 2428 1707 ἡμῶν.
2454 1658 2472 1690 ι
3140 1651 3147 1657 ‘

466 1720 641 1791 Atque
685 1720 1003 1791 bujusmodi
1063 1719 1324 1789 loquendi
1366 1718 1549 1774 modis
1606 1726 1815 1773 scatent
1861 1726 1976 1771 tum

2153 1730 2262 1783 Καὶ
2309 1730 2491 1800 πλήρη
2519 1730 2626 1782 τῶν
2679 1729 2940 1784 τοιούτων
2991 1730 3245 1800 χρήσεων
3267 1731 3336 1783 τά
3360 1747 3421 1783 τε
3446 1730 3669 1784 ἷῐαλαιά

394 1812 606 1869 Veteris
656 1813 995 1869 Testamenti
1047 1812 1331 1877 doctrinm,
1385 1820 1502 1864 tum
1555 1826 1653 1877 eat,
1695 1811 1751 1864 in
1782 1809 1981 1879 quibus

396 1902 568 1971 gratia
611 1902 927 1956 innovatur.
960 1900 1063 1955 Ubi
1092 1916 1223 1970 ergo
1253 1908 1399 1955 esset
1430 1900 1721 1969 sapientia,
1748 1909 1802 1953 et
1824 1898 1980 1953 intel-

396 1993 653 2064 ligentiu,
706 1993 752 2048 si
798 1993 916 2062 ipsa
946 1992 1110 2047 modo
1139 1992 1357 2061 quidem
1391 1992 1633 2055 doceret,
1666 1991 1812 2060 quod
1861 2005 1985 2059 pec-

397 2086 505 2141 cati
536 2084 734 2146 nostri,
763 2097 818 2138 et
844 2085 1166 2140 aversiones
1188 2084 1388 2138 divinae
1420 2099 1588 2139 causa
1632 2084 1703 2138 sit
1740 2082 1835 2137 Dei
1866 2083 1981 2148 ira;

398 2177 563 2232 modo
588 2188 796 2244 autem,
832 2177 975 2246 quod
1016 2184 1298 2247 peccatum
1343 2178 1519 2245 pariat
1549 2176 1895 2231 aversionem
1931 2181 1986 2229 et

400 2268 539 2320 iram
564 2266 588 2318 ?

470 2356 542 2411 At
575 2356 768 2411 isthaec
788 2355 1201 2420 commentatio,
1225 2363 1279 2409 et
1292 2354 1798 2411 considerationum
1826 2355 1987 2409 indu-

401 2448 535 2503 stria
568 2447 1125 2519 luculenterquidem
1156 2449 1411 2517 exposuit
1457 2447 1743 2503 oraculum
1785 2463 1988 2517 propu-

402 2542 569 2596 situm
598 2555 706 2594 non
735 2541 1047 2604 ostendere,
1082 2541 1228 2611 quod
1260 2540 1338 2595 ira
1366 2548 1651 2611 peccatum
1685 2540 1984 2610 producat;

402 2634 536 2704 quid
581 2643 763 2689 autem
802 2634 980 2703 ipsum
1015 2635 1302 2689 oraculum
1352 2634 1564 2697 innuat,
1599 2633 1839 2687 nondum
1869 2648 1990 2701 per-

411 2728 594 2797 spicue
625 2727 945 2782 declaravit.
978 2727 1166 2782 Altero
1200 2729 1383 2797 itaque
1426 2724 1785 2795 expositionis
1827 2725 1989 2778 modo

408 2827 651 2880 utamur,
691 2826 927 2886 oportet,
964 2833 1026 2872 ac
1061 2816 1297 2873 fortasse
1324 2832 1388 2871 ea
1420 2817 1586 2871 verba
1617 2815 1719 2869 hoc
1750 2816 1856 2871 sibi
1892 2831 1983 2869 vo-

408 2913 528 2965 lunt
564 2928 578 2965 :
621 2930 638 2962 ι
676 2910 793 2965 lras
846 2910 1070 2980 quidem
1115 2910 1335 2965 aliunde
1360 2910 1413 2964 in
1460 2925 1562 2965 nos
1607 2910 1871 2965 excitatas
1901 2919 1988 2963 tua

409 3004 741 3074 propulsavit
770 3004 1058 3058 clementia
1099 3018 1164 3058 ac
1202 3002 1581 3057 misericordia
1615 3018 1829 3072 :quare
1858 3000 1987 3055 dum

405 3094 567 3149 nobis
619 3110 777 3148 error
819 3094 1185 3163 impendebat,
1220 3093 1461 3163 dumque
1497 3092 1846 3162 insurgentes
1894 3093 1993 3145 ho-
2022 3084 2064 3143 C

408 3199 518 3243 stes
546 3188 828 3241 irruebant
858 3187 910 3239 in
946 3200 1069 3247 nos,
1104 3194 1163 3239 ut
1188 3185 1269 3240 eis
1304 3196 1493 3240 nostra
1524 3185 1661 3238 ultio
1684 3186 1993 3238 committe-

408 3289 587 3343 retur;
644 3278 983 3348 prtm'euiens
1020 3287 1111 3331 tua
1152 3276 1346 3346 gratia,
1385 3284 1548 3345 atque
1592 3276 1899 3344 benignitas
1942 3284 1995 3330 et

410 3374 630 3444 disjecit
665 3374 880 3427 illorum
920 3372 1236 3436 consilium,
1270 3380 1323 3425 ct
1356 3386 1457 3424 nos
1504 3379 1613 3424 tam
1647 3371 1716 3423 ab
1749 3371 1991 3439 ipsorum

416 3466 640 3533 impetu,
668 3478 831 3531 quam
854 3478 883 3516 a
913 3472 1105 3516 nostro
1136 3476 1326 3516 errore
1348 3461 1572 3531 eripuit.
1599 3459 1756 3514 Nunc
1785 3469 1991 3521 autem,

418 3562 705 3624 postquam
740 3553 875 3607 nihil
906 3552 1215 3622 hujusmodi
1245 3567 1275 3605 a
1312 3563 1403 3605 tua
1442 3552 1781 3620 providentia
1818 3552 1995 3620 dispo-

418 3647 586 3701 situm
617 3646 976 3713 conspicitur,
1018 3645 1114 3699 sed
1142 3660 1244 3713 pro
1288 3654 1377 3699 tua
1414 3636 1751 3714 benignitate
1800 3653 1854 3698 et
1887 3645 1996 3699 cle-

414 3740 618 3794 mentia
650 3740 884 3810 insurgit
918 3739 1035 3803 ira;
1070 3737 1188 3792 sine
1230 3736 1640 3807 impedimento,
1679 3745 1867 3806 utpote
1901 3753 1995 3791 ne-

415 3831 559 3885 mine
594 3832 942 3900 prohibente,
996 3829 1269 3898 sequitur,
1313 3837 1374 3881 ut
1429 3842 1530 3882 nos
1564 3842 1834 3883 erremus.
1879 3828 1997 3881 lllic

413 3922 559 3976 enim
592 3924 761 3976 multa
787 3934 945 3975 erant
972 3922 1167 3976 salutis
1197 3928 1401 3974 nostra:
1432 3918 1701 3989 perfugia,
1742 3919 1872 3988 quia
1904 3930 1997 3973 tua

416 4015 695 4069 miseratio
736 4024 790 4068 et
829 4014 1169 4083 providentia
1215 4021 1458 4066 nostram
1500 4011 1723 4079 regebat
1751 4010 1998 4064 imbecil-

416 4106 619 4160 litatem
655 4122 668 4159 :
705 4105 792 4159 hic
842 4119 1047 4170 autem,
1107 4103 1235 4173 quia
1286 4104 1367 4156 ira
1412 4117 1509 4171 per
1565 4111 1816 4157 nostrum
1866 4116 1997 4171 erga

416 4198 545 4257 vitia
580 4198 829 4253 ardorem
864 4199 1087 4253 incensa
1118 4207 1223 4263 est,
1256 4206 1311 4250 et
1343 4211 1505 4250 nemo
1547 4195 1808 4263 impetum
1842 4208 1999 4249 coer-

414 4294 524 4350 cet,
572 4287 672 4356 ipsi
726 4289 929 4342 nostris
959 4287 1207 4343 consiliis
1239 4287 1295 4341 in
1336 4286 1511 4355 ipsam
1545 4286 1753 4358 peccati
1783 4285 1995 4341 foveam

418 4379 657 4449 prolapsi
685 4394 898 4436 sumus.
944 4398 963 4431 ι

484 4560 757 4616 Caeterum
808 4569 1097 4631 postquam
1138 4559 1251 4627 ille,
1306 4560 1398 4630 qui
1435 4566 1653 4625 cuncta,
1687 4567 1741 4613 et
1783 4557 2003 4627 quidem

418 4653 616 4708 melius
647 4664 775 4708 ante
821 4656 1180 4717 creationem,
1217 4666 1383 4721 quam
1420 4653 1465 4705 si
1513 4660 1696 4705 creata
1749 4650 2003 4713 fuissent,

418 4747 689 4816 praevidit,
740 4746 994 4800 animiet
1047 4745 1265 4799 consilii
1320 4745 1493 4798 nostri
1548 4745 1869 4814 pravitatem
1921 4749 2003 4799 in-

417 4847 674 4907 corrupta
707 4838 1033 4909 expenderit
1057 4838 1298 4907 justitia,
1349 4836 1602 4906 iramque
1644 4853 1767 4892 cum
1794 4837 2002 4907 judicio

418 4929 788 4999 coniunxerit,
841 4939 896 4984 et
944 4930 1156 5000 peccati
1194 4944 1414 4999 poenam
1454 4930 1833 4997 constituerit;
1870 4930 2000 4984 dum

418 5019 602 5074 divina
640 5023 928 5078 clementia
968 5038 1032 5077 ac
1061 5021 1370 5092 benignitas
1398 5022 1471 5075 ita
1506 5022 1558 5075 in
1592 5038 1690 5075 nos
1719 5037 1778 5077 se
1817 5022 1998 5088 habet,

418 5109 544 5179 quis
599 5112 881 5167 decretum
932 5128 1210 5179 revocare,
1262 5113 1386 5181 quis
1437 5111 1726 5167 adversam
1782 5121 2002 5167 senten-

420 5205 550 5258 tiam
580 5214 824 5277 tempore
853 5207 1021 5263 lenire
1058 5205 1299 5277 poterit?
1323 5204 1467 5275 quod
1497 5205 1716 5274 quidem
1744 5204 1820 5258 ibi
1868 5219 2001 5259 con-

484 5339 530 5369 ‘°
568 5341 674 5397 lsa.
706 5358 816 5408 ιιι,
855 5345 939 5409 ll,
978 5346 1062 5409 l2,
1091 5346 1176 5400 l3.

2082 1822 2417 1892 Μαθήματα,
2470 1823 2562 1875 καὶ
2583 1824 2641 1875 ὲν
2669 1817 2751 1887 οἷς
2785 1824 2825 1901 ἡ,
2854 1824 3013 1893 χάρις
3062 1822 3497 1887 ἀνακαινίζεται.
3561 1822 3677 1875 Ποῦ

2083 1910 2263 1963 τοίνυν
2296 1911 2508 1979 σοφίας,
2572 1911 2666 1965 καὶ
2732 1911 3025 1975 συνέσεως,
3087 1915 3188 1977 τῆς
3229 1912 3397 1980 αὐτῆς
3427 1912 3525 1965 νῦν
3569 1912 3673 1981 μὲν

2084 2000 2462 2073 διδασκούσης,
2506 2004 2582 2065 ὼς
2611 2002 2696 2073 εἴη
2722 2001 2823 2080 τῆς
2857 2001 3157 2073 ἁμαρτίας,
3196 2004 3290 2055 καὶ
3324 2004 3679 2071 ἀποστροφῆς
3706 2076 3717 2083 _

2087 2095 2257 2147 αἴτιον
2279 2096 2312 2164 ἡ
2336 2095 2475 2164 ὀργή
2502 2110 2514 2122 ·
2558 2094 2653 2148 νῦν
2678 2095 2736 2148 δὲ
2768 2094 2867 2165 τὴν
2900 2095 3277 2168 ἀποστροφὴν,
3309 2096 3407 2149 καὶ
3439 2097 3539 2167 τὴν
3573 2096 3676 2167 ὀρ-

2086 2185 2190 2256 γὴν
2215 2185 2317 2258 τὴν
2350 2188 2627 2259 ἁμαρτίαν
2651 2187 2953 2243 ἀποτελεῖν.

2172 2366 2313 2420 Ἀλλ’
2363 2367 2505 2439 αὕτη
2570 2369 2668 2440 μὲν
2701 2370 2734 2440 ἡ
2762 2370 3127 2438 συνεξέτασις,
3181 2371 3278 2425 καὶ
3346 2371 3545 2442 μελέτη
3570 2371 3686 2424 τῶν

2088 2459 2391 2531 λογισμῶν,
2417 2463 2500 2515 ὅτι
2528 2463 2627 2532 μὲν
2661 2464 2722 2516 οὐ
2753 2464 2904 2533 δηλοῖ
2926 2464 2985 2517 τὸ
3014 2464 3210 2532 Λόγιον
3240 2465 3682 2535 κατάρχειν,τῆς

2090 2551 2367 2622 ἁμαρτίας
2399 2554 2498 2622 τὴν
2523 2555 2716 2624 ὀργὴν,
2764 2557 3079 2625 παρέστησε
3114 2556 3425 2626 τηλαυγῶς·
3455 2559 3508 2609 τί
3549 2575 3684 2610 ποτε

2089 2644 2145 2696 δέ
2168 2646 2285 2697 ἐστι
2310 2645 2371 2697 τὸ
2398 2646 2727 2718 δηλούμενον
2756 2650 2846 2701 ὑπ’
2878 2649 3069 2716 αὑτοῦ,
3120 2650 3305 2703 οὐκέτι
3350 2650 3551 2719 ὁμοίως
3580 2650 3688 2703 ὑπ-

2091 2735 2291 2801 έδειξεν
2338 2739 2615 2808 ἐμφανῶς.
2666 2740 2879 2815 Οὐκοῦν
2930 2742 3031 2810 τῆς
3095 2742 3289 2813 ἑτέρας
3334 2742 3687 2811 ἐπισκέψεως

2060 2906 2061 2909 η
2092 2827 2292 2895 τρόπον
2324 2831 2356 2898 ἡ
2392 2830 2550 2899 χρεία
2598 2831 2929 2902 παρακαλεῖ,
2991 2834 3087 2886 καὶ
3146 2834 3275 2897 ἴσως
3309 2835 3375 2886 ἂν
3406 2834 3583 2887 ἐθέλοι
3612 2834 3689 2887 τὰ

2092 2914 2247 2984 λόγια
2297 2917 2521 2985 δηλοῦν·
2554 2939 2573 2972 ι
2596 2920 2685 2984 Ὠς
2716 2921 2815 2985 τὰς
2863 2924 2963 2991 μὲν
3020 2922 3315 2993 ἀλλαχόθεν
3354 2926 3687 2995 κινουμένας

2094 3008 2263 3079 ὀργὰς
2293 3012 2326 3081 ἡ
2360 3011 2427 3083 σὴ
2485 3012 2748 3078 πολλάκις
2801 3015 3035 3085 ἀνέκυψε
3096 3017 3522 3089 φιλανθρωπία,
3589 3019 3690 3071 καὶ

2099 3103 2450 3172 συμπάθεια·
2510 3106 2589 3159 διὸ
2624 3107 2721 3161 καὶ
2764 3108 3035 3179 ἁμαρτεῖν
3092 3110 3250 3180 ἡμῶν
3302 3111 3687 3182 προθεμένων,

2098 3196 2189 3248 καὶ
2216 3196 2315 3266 τὴν
2360 3197 2573 3267 ἄμυναν
2628 3200 2949 3270 ἐπιτρέπειν
3010 3203 3245 3269 ἑαυτοῖς,
3300 3205 3358 3256 ὲν
3420 3205 3498 3274 τῷ
3554 3207 3687 3267 τοὺς

2096 3288 2559 3359 ἐπανισταμένους
2574 3290 2694 3345 καθ’
2714 3293 2872 3363 ἡμῶν
2885 3294 3168 3365 φέρεσθαι,
3183 3297 3215 3365 ἡ
3234 3296 3299 3365 σὴ
3318 3297 3690 3366 προφθάσασα

2096 3380 2278 3450 χάρις,
2332 3382 2425 3433 κοιλ⁸
2475 3382 2734 3452 εὐμένεια
2764 3386 2859 3437 καὶ
2893 3386 2994 3455 τὴν
3057 3385 3283 3438 ἐκείνων
3330 3387 3577 3439 ἐπίνοιαν
3608 3388 3691 3441 δι-

2097 3473 2380 3537 εσκέδασε,
2429 3475 2524 3528 καὶ
2545 3477 2695 3545 ἡμᾶς
2725 3477 2996 3548 ἑκατέρας
3024 3479 3224 3548 ὁρμῆς,
3277 3481 3373 3533 καὶ
3408 3480 3691 3551 ἁμαρτίας

2095 3561 2394 3634 ἐξήρπασε.
2415 3563 2529 3617 Νῦν
2551 3564 2607 3618 δὲ
2634 3566 2824 3637 ἐπειδὴ
2866 3568 3033 3638 μηδὲν
3053 3570 3248 3640 ὁρᾶται
3264 3570 3508 3624 τοιοῦτον
3533 3573 3690 3641 παρά

2095 3654 2195 3724 τῆς
2226 3657 2325 3725 σῆς
2360 3657 2619 3726 προνοίας
2649 3659 3125 3729 οίκονομούμενον·
3152 3661 3269 3714 ἀλλ’
3299 3663 3408 3714 ἀπὸ
3430 3662 3532 3731 τῆς
3586 3663 3689 3733 σῆς

2096 3746 2451 3818 ἀγαθότητος,
2480 3750 2572 3801 καὶ
2598 3750 3060 3821 φιλανθρωπίαςή
3093 3754 3229 3824 όργή
3258 3769 3271 3782 ·
3297 3753 3393 3806 καὶ⁹
3416 3754 3476 3806 τὸ
3500 3756 3687 3825 ἁμαρ-

2096 3841 2210 3892 τεῖν
2252 3842 2421 3909 ἡμᾶς,
2468 3842 2542 3905 ὡς
2594 3843 2822 3914 μηδενὸς
2881 3844 3326 3911 ἀναστέλλοντος,
3388 3846 3690 3911 ἀκωλύτως

2097 3928 2307 3985 ἕπεται.
2374 3932 2521 3983 Ἐκεῖ
2561 3933 2659 4003 μὲν
2686 3934 2794 4003 γὰρ
2830 3934 3024 3987 πολλαὶ
3063 3935 3164 4004 τῆς
3206 3937 3486 4005 ἡμετέρας
3510 3953 3690 4006 σωτηο

2100 4020 2220 4092 ρίας
2250 4024 2309 4099 αίν
2337 4024 2606 4094 ἀφορμαὶ,
2643 4025 2741 4094 τῆς
2764 4026 2864 4094 σῆς
2896 4026 3256 4095 συμπαθείας,
3296 4028 3387 4080 καὶ
3427 4028 3688 4095 προνοίας

2099 4114 2430 4185 συνεχούσης
2451 4117 2483 4186 ή
2493 4117 2608 4185 μῶν
2639 4117 2699 4169 τὸ
2724 4117 2999 4171 εύόλισθον
3022 4134 3035 4146 ·
3056 4118 3293 4172 ἐνταῦθα
3307 4118 3363 4173 δὲ
3379 4122 3479 4189 τῆς
3513 4119 3689 4188 ὀργῆς

2098 4206 2163 4257 ἐκ
2187 4204 2287 4274 τῆς
2317 4207 2475 4275 ἡμῶν
2508 4208 2645 4279 πρὸς
2667 4208 2737 4262 τὰ
2760 4208 2906 4280 πάθη
2939 4209 3242 4281 πυρώσεως
3274 4210 3692 4281 ἁναρῥιπισθείυ

2102 4312 2221 4365 σης,
2288 4299 2382 4350 καὶ⁹
2434 4298 2660 4367 μηδενὸς
2693 4300 2790 4370 τὴν
2819 4301 2992 4371 φορὰν
3027 4303 3337 4372 ἐπέχοντος,
3394 4303 3578 4364 αὐτοῖς
3602 4304 3690 4353 λο-

2029 4429 2077 4485 D
2102 4390 2321 4456 γισμοῖς
2353 4390 2432 4451 εἰς
2468 4389 2629 4443 αὑτὸν
2651 4389 2741 4444 τὸν
2770 4392 2869 4462 τῆς
2898 4392 3175 4463 ἁμαρτίας
3203 4393 3425 4463 βόθυνον
3454 4393 3693 4462 ὠλισθήο

2106 4494 2301 4547 σαμεν.
2326 4498 2344 4530 ι

2178 4570 2389 4635 ’Ἄλλως
2438 4566 2500 4626 τε
2554 4574 2612 4627 δὲ
2664 4574 2887 4628 ἐπειδὰν
2932 4576 2962 4628 ὁ
3003 4576 3186 4630 πάντα
3242 4576 3532 4646 προειδὼς,
3595 4578 3689 4630 καὶ

2103 4666 2371 4733 κρεῖττον,
2406 4666 2438 4735 ἢ
2464 4666 2540 4728 ὠς
2566 4667 2849 4735 γεγονότα,
2885 4669 2990 4739 πρὸ
3024 4669 3314 4738 γενέσεως,
3339 4672 3398 4723 τὸ
3426 4669 3529 4739 τῆς
3556 4670 3694 4739 γνώ-

2106 4770 2214 4823 μης
2244 4756 2471 4823 φαῦλον,
2500 4760 2596 4825 κα).
2622 4760 2720 4829 τῆς
2761 4760 2995 4832 μελέτης
3025 4764 3089 4832 τῇ
3112 4761 3394 4832 ἀδεκάστῳ
3417 4760 3690 4829 ζυγοστα-

2102 4846 2243 4917 τήσῃ
2263 4846 2409 4918 δίκῃ,
2440 4850 2534 4901 καὶ
2559 4850 2658 4920 τὴν
2680 4850 2850 4922 ὀργὴν
2886 4852 3098 4923 συνάψῃ
3130 4855 3195 4924 τῇ
3231 4853 3434 4924 κρίσει,
3466 4855 3560 4905 καὶ
3589 4851 3691 4922 τὴν

2101 4935 2338 5006 ἀμοιϐὴν
2385 4940 2541 5011 ὁρίσῃ
2573 4940 2666 4993 τοῦ
2704 4943 3134 5014 ἁμαρτήματος·
3167 4944 3312 4997 οὕτω
3369 4945 3467 5014 τῆς
3501 4945 3694 5012 φιλαν-

2103 5025 2370 5095 θρωπίας,
2427 5036 2522 5084 καὶ
2582 5033 2921 5109 ἀγαθότητος
2967 5038 3099 5107 περὶ
3134 5039 3280 5108 ἡμᾶς
3314 5037 3691 5105 διακειμένης.

2099 5117 2183 5180 τίς
2215 5122 2313 5189 μὲν
2361 5124 2675 5179 ἀναστεῖλαι
2705 5126 2803 5199 τὴν
2832 5128 3034 5199 ψῆφον,
3071 5130 3155 5193 τίς
3178 5129 3236 5182 δὲ
3268 5129 3367 5202 τὴν
3414 5130 3693 5197 ἀπόφασιν

2102 5211 2282 5283 χρόνῳ
2308 5215 2549 5287 πραῧναι
2576 5218 2887 5274 δυνήσεται·
2923 5222 3061 5289 ὅπερ
3087 5223 3279 5276 εἴωθεν
3303 5224 3575 5295 ἁπαντᾷν,
3601 5222 3690 5291 ἐφ’

1937 5487 2169 5544 NOT/E.

485 5598 595 5667 (50)
648 5597 751 5684 lsa.
799 5614 909 5662 ιιι,
955 5599 977 5651 ί
1016 5610 1067 5653 ct
1098 5601 1150 5655 2.
1201 5602 1256 5655 ln
1295 5602 1397 5657 hoc
1440 5610 1618 5657 autem
1667 5614 1718 5657 et
1757 5604 2003 5669 sequenti
2048 5603 2202 5659 Isaia:
2243 5607 2362 5661 loco
2396 5607 2621 5663 Pbotius
2685 5609 3089 5681 LXXviraletn,
3120 5627 3221 5682 ego
3262 5611 3687 5684 angatamver-

415 5668 623 5724 sionem
666 5671 730 5724 de
762 5685 916 5727 more
942 5686 1157 5740 sequar.
