3888 6186
218 247 334 312 293

1203 253 1302 312 AD
1338 250 1927 312 AMPHILOCHIUM
1965 251 2309 324 QU/ESTIO
2367 252 2552 313 XLII.

3363 254 3470 318 29$

218 351 300 408 ὧν
340 357 375 426 ἡ
403 355 540 427 ὀργὴ
569 355 942 427 προλαμϐάνει
995 357 1087 409 τὸν
1148 359 1336 428 χρόνον
1393 359 1493 428 τῆς
1524 358 1794 431 κρίσεως;

1910 358 2109 429 tingere
2155 360 2330 422 solet,
2387 359 2479 412 ubi
2515 357 2708 429 judicii
2769 365 2982 428 tempus
3035 359 3113 414 ira
3161 366 3470 422 antevertit.

220 447 438 502 Οὐκοῦν
463 447 564 519 τὴν
595 448 692 518 μὲν
726 449 942 518 κίνησιν
961 451 1058 519 τῆς
1077 449 1245 520 ὀργῆς
1282 452 1378 504 καὶ
1416 449 1557 504 κατὰ
1580 450 1815 525 σχολὴν,

221 541 318 592 καὶ
336 539 569 610 μελέτην
590 540 699 593 τῶν
733 541 983 610 πονηρῶν
1010 541 1165 611 ἡμῶν
1193 542 1542 612 ἐνθυμήσεων
1570 542 1799 612 παροξύ-

219 647 306 682 νει
360 629 589 698 πρόοδος
617 645 632 660 ⁸
666 631 699 700 ἡ
738 629 794 682 δὲ
822 631 1030 683 ἐκεῖθεν
1082 631 1415 702 τολμηθείσα
1468 631 1666 702 πρᾶξις
1699 633 1798 696 τὰς

220 723 288 774 ὲκ
328 722 427 790 τῆς
473 721 643 790 ὀργῆς
696 723 1074 792 τιμωρητικάς
1101 723 1316 793 ψήφους
1365 725 1794 794 προύκαλέσατο.

219 812 338 864 Καὶ
391 810 570 879 δῆλον,
601 811 674 874 ὼς
702 813 763 864 τὸ
785 813 1137 883 ἀδυσώπητον
1176 815 1273 883 τῆς
1314 817 1506 885 ὀργῆς,
1539 816 1634 869 καὶ
1663 818 1800 886 ἀμε-

217 903 548 970 τάτρεπτον,
578 902 673 954 καὶ
697 903 971 955 ἀκώλυτον
999 905 1038 956 ὀ
1059 903 1407 972 Ἱεροφάντης
1442 906 1796 974 παραστῆσαι

221 992 568 1062 βουλόμενος.
610 993 685 1056 ὡς
717 994 1032 1064 σύνδρομον,
1080 995 1178 1048 καὶ
1213 995 1522 1064 προφθάνον
1548 996 1626 1067 τῷ
1655 998 1800 1068 λόγῳ

217 1085 490 1138 διέλαϐεν.
536 1084 599 1137 Ἦ
627 1085 735 1156 γὰρ
791 1085 899 1138 τῶν
957 1085 1280 1154 φθασάντων
1343 1087 1642 1154 κολάσεων,
1703 1088 1800 1142 καὶ

219 1177 526 1247 τιμωριῶν,
552 1178 638 1245 ἐφ’
663 1173 744 1240 οἷς
776 1177 1120 1249 ἡμάρτομεν,
1171 1179 1374 1249 κρίσις,
1408 1180 1504 1232 καὶ
1556 1179 1694 1249 ὀργὴ
1723 1178 1800 1250 τῷ

219 1269 512 1339 ἀκωλύτῳ,
546 1271 638 1324 καὶ
666 1271 943 1341 ἀτρέπτῳ,
976 1271 1071 1322 καὶ⁵
1093 1270 1439 1342 ἀδυσωπήτῳ
1463 1272 1797 1342 συναπαρτί-

223 1361 381 1425 ζεται
417 1362 514 1415 καὶ
543 1362 881 1433 περαίνεται.

293 1538 361 1594 Εἰ
385 1539 565 1610 βούλει
589 1539 667 1607 δὲ,
727 1540 824 1596 καὶ
875 1541 1010 1595 διότι
1041 1541 1101 1596 τὸ
1127 1543 1225 1613 τῆς
1269 1543 1439 1614 ὀργῆς
1496 1542 1714 1604 πάντως
1743 1545 1801 1596 ἐν

219 1633 406 1702 κρίσει
431 1631 525 1684 νῦν
557 1632 656 1702 μὲν
689 1632 952 1703 ὁρίζεται,
991 1634 1085 1686 νῦν
1110 1633 1167 1687 δὲ
1189 1635 1298 1687 τῶν
1344 1633 1539 1704 ψήφων
1595 1632 1803 1704 ἐξενεχ-

219 1691 428 1775 θέντων
469 1691 734 1792 είςιέργού
764 1691 1086 1790 προάγεται,
1117 1721 1177 1774 τὺ
1207 1721 1306 1792 μὲν
1352 1691 1698 1792 κινουμένης,
1829 1701 1872 1756 Β

219 1815 280 1868 δὲ
314 1815 712 1887 πεπραγμένης
730 1815 830 1884 τῆς
852 1814 1150 1884 ἁμαρτίας,
1172 1815 1338 1885 φησίν
1372 1829 1386 1843 ο
1421 1832 1440 1866 ι
1483 1812 1794 1884 Ὠργίσθης,

218 1908 318 1959 καὶ
345 1907 507 1976 ἡμεῖς
560 1905 901 1974 ἡμάρτομεν.
936 1925 954 1957 ι
1012 1905 1505 1976 Ἐπιμεριςομένης
1545 1905 1654 1976 γὰρ
1695 1904 1795 1973 τῆς

218 1997 427 2066 ὀργῆς,
466 1999 561 2050 καὶ¹
593 1997 729 2067 πρὸς
753 1997 813 2049 τὸ
834 1997 1014 2050 διττὸν
1065 1995 1530 2065 -διατυπουμένης,
1580 1993 1801 2063 καὶτῆς

222 2090 326 2158 μὲν
347 2091 405 2140 ὲν
425 2088 503 2158 τῷ
533 2088 798 2142 κινεῖσθαι
818 2091 916 2158 τὴν
941 2089 1239 2159 ἁμαρτίαν,
1266 2089 1365 2158 τῆς
1392 2087 1449 2139 δὲ
1478 2089 1536 2140 ὲν
1567 2087 1647 2156 τῷ
1675 2086 1798 2139 τολ-

223 2179 431 2250 μᾶσθαι
487 2179 941 2252 θεωρουμένης,ἡ
978 2181 1075 2251 μὲν
1125 2179 1369 2250 προτέρα
1429 2177 1683 2248 φανερὸν,
1715 2177 1798 2230 ὅτι

217 2271 321 2343 τὴν
350 2270 618 2342 ἔκθεσμον
675 2271 976 2341 προφθάνει
1015 2270 1213 2341 πρᾶξιν
1235 2285 1248 2300 ο
1278 2271 1311 2340 ἡ
1337 2270 1568 2340 δευτέρα
1589 2267 1647 2322 δὲ
1681 2285 1800 2321 συν-

220 2365 529 2426 ακολουθεῖ,
553 2366 645 2418 καὶ
672 2363 1195 2432 συγκαταϐάλλεται.
1233 2364 1397 2416 Ὥστε
1427 2363 1527 2435 τὴν
1557 2379 1796 2432 κακουρ-

219 2457 351 2523 γίαν
399 2454 498 2524 μὲν
526 2456 559 2524 ἡ
589 2456 730 2507 κατὰ
777 2455 876 2524 τὴν
923 2454 1151 2524 μελέτην
1181 2454 1320 2524 ὀργὴ
1370 2451 1746 2522 προλαμϐάνει
1781 2467 1796 2481 ⁸

218 2553 291 2619 ἢν
318 2549 364 2603 δ’
405 2550 610 2619 ἀνῆψεν
640 2551 672 2620 ἡ
700 2549 897 2620 τόλμα,
953 2551 1414 2620 συμπαρομαρτεῖ
1455 2548 1649 2620 ταύτῃ,
1705 2549 1801 2602 καὶ

223 2642 640 2711 συνεπιφύεται.
705 2643 797 2695 Διὸ
846 2645 940 2696 καὶ
966 2644 1108 2696 κατά
1137 2643 1236 2714 μὲν
1255 2643 1354 2712 τὴν
1384 2642 1659 2714 προτέραν
1682 2641 1799 2696 διά-

216 2751 375 2788 νοιαν
399 2732 574 2797 ἔξεστι
595 2733 776 2802 λέγειν
801 2734 1135 2796 ἀδιστάκτως
1150 2750 1232 2794 τε,
1255 2733 1350 2784 καὶ
1369 2731 1800 2802 εὐσεϐοφρόνως,

217 2825 300 2890 ὡς
335 2846 353 2877 ι
392 2827 702 2896 Ὠργίσθης,
770 2828 863 2880 καὶ
921 2827 1083 2896 ἡμεῖς
1137 2823 1553 2895 ἡμάρτομενοι
1608 2823 1642 2891 ἡ
1694 2821 1802 2891 γὰρ

217 2919 369 2971 κατά
400 2918 632 2988 μελέτην
658 2917 796 2988 ὀργὴ
839 2917 1182 2988 προῦπάρχει
1238 2914 1328 2968 τοῦ
1383 2913 1796 2986 ἁμαρτήματος·

1901 450 2289 519 ltaquedivina:
2316 453 2408 505 irae
2450 459 2658 505 motum
2682 451 2926 506 incendit
2954 452 3328 521 improbarum
3366 471 3472 510 no-

1900 550 2135 596 strarum
2168 542 2530 613 cupiditatum
2576 545 2889 614 progressio
2929 543 3073 599 facta
3117 553 3170 599 et
3194 560 3289 616 per
3323 547 3475 602 dele-

1898 636 2187 689 ctationem
2235 649 2510 689 morosam
2562 645 2617 689 et
2657 651 2753 705 per
2795 635 3238 692 deliberationem
3281 656 3295 692 :
3335 653 3474 708 Opus

1899 739 2077 781 autem
2126 729 2251 782 inde
2276 736 2644 797 perpetratum
2671 728 2944 782 decretum
2987 729 3289 797 punitionis
3315 731 3384 784 ab
3410 746 3472 784 ea

1899 815 1976 869 ira
2009 817 2061 870 in
2086 832 2186 872 nos
2226 817 2541 873 concitavit.
2578 820 2656 872 Ac
2685 827 2828 888 patet
2857 819 3025 888 quod,
3069 829 3130 874 ut.
3171 819 3308 873 iram
3337 820 3476 873 divi—

1899 922 2024 960 nam
2077 923 2188 962 non
2239 924 2401 978 posse
2446 911 2685 974 exorari,
2717 910 2882 976 ﬂecti,
2916 926 2979 965 ac
3013 912 3264 981 impediri
3302 913 3475 982 signi-

1902 999 2088 1052 ticarct
2118 1000 2402 1068 prOpheta,
2431 1000 2486 1053 in
2520 1001 2770 1058 adductis
2786 1002 2968 1058 verbis
2983 1017 3101 1057 eam
3133 1004 3288 1072 quasi
3322 1005 3475 1072 operi

1901 1099 2342 1154 concurrentem,
2394 1099 2450 1145 et
2496 1093 2913 1159 praevenientem
2969 1096 3260 1163 acceperit.
3306 1094 3478 1150 Casti-

1902 1182 2180 1251 gationum
2221 1181 2368 1236 enim
2413 1181 2814 1252 nltionumque,
2847 1199 2967 1253 qua:
2993 1186 3065 1239 ob
3112 1196 3293 1241 nostra
3353 1201 3477 1256 pec—

1901 1281 2020 1325 cata
2053 1279 2456 1341 processerunt,
2483 1271 2749 1341 judicium
2789 1285 2842 1327 et
2883 1275 2960 1328 ira
2988 1275 3037 1327 vi
3069 1276 3328 1345 quadam,
3352 1291 3476 1346 quae

1865 1430 1882 1446 .
1903 1359 2174 1427 impediri,
2219 1357 2360 1416 ﬂecti
2403 1366 2459 1412 et.
2491 1363 2704 1416 exorari
2733 1363 2940 1432 nequit,
2975 1365 3284 1434 explentur,
3313 1375 3476 1432 atque

1902 1450 1967 1503 ad
1996 1453 2200 1507 exitum
2227 1461 2618 1524 perducuntur.

1977 1544 2031 1596 Si
2057 1546 2140 1600 vis
2165 1559 2369 1613 autem,
2398 1550 2525 1619 quia
2559 1550 2637 1604 ira
2676 1551 2837 1605 modo
2867 1551 3085 1621 quidem
3118 1553 3236 1608 solo
3262 1553 3473 1622 judicio

1903 1635 2127 1688 omnino
2151 1639 2498 1705 terminatur,
2555 1640 2719 1694 modo
2766 1651 2948 1695 autem
2980 1643 3124 1696 edito
3153 1644 3371 1699 decreto
3407 1647 3474 1697 ad

1900 1727 2306 1782 exsecutionem
2345 1729 2726 1798 progreditur;
2768 1741 2932 1801 atque
2968 1732 3098 1786 illud
3127 1734 3344 1802 quidem
3391 1743 3478 1788 est

1899 1828 2000 1883 pro
2029 1815 2244 1871 interno
2270 1819 2480 1886 peccati
2509 1830 2684 1884 motu,
2711 1820 2814 1875 hoc
2833 1838 2963 1876 vero
2979 1837 3085 1892 pro
3107 1833 3328 1878 externa
3353 1826 3475 1895 ejus

1901 1908 2338 1974 perpetratione;
2393 1905 2598 1965 idcirco
2652 1912 2916 1980 propheta
2952 1930 2965 1966 :
3000 1931 3019 1963 ι
3057 1911 3232 1968 Iratus
3269 1929 3351 1978 es,
3400 1915 3477 1967 in-

1902 1996 2039 2063 quit,
2081 2006 2134 2049 et
2163 2011 2259 2050 nos
2301 1999 2666 2065 peccavimus.
2703 2017 2721 2050 ›
2755 2000 2892 2054 Cum
2923 2001 3070 2054 enim
3095 2001 3182 2054 ira
3216 2001 3306 2056 hic
3335 2001 3478 2056 divi-

1901 2085 2656 2160 datur,distinguaturque'in
2688 2091 2825 2146 duas
2858 2101 3079 2161 partes;
3113 2101 3277 2162 atque
3298 2095 3475 2178 algam

1902 2179 2120 2248 quidem
2153 2179 2428 2236 internum
2486 2183 2693 2251 peccati
2739 2193 2968 2248 motum,
3016 2184 3186 2239 altera
3220 2200 3348 2239 vero
3386 2201 3478 2239 ex-

1903 2279 2112 2325 ternam
2150 2272 2268 2340 ejus
2309 2275 2764 2343 perpetrationem
2802 2276 3096 2345 respiciat;
3141 2286 3290 2347 patet
3322 2278 3475 2348 quod
3577 2335 3579 2337 ,

1901 2363 2052 2433 prior
2086 2364 2174 2418 illa
2206 2366 2512 2435 improbum
2550 2369 3042 2437 prteveniatopns;
3079 2370 3268 2424 isthiec
3291 2381 3474 2426 autem

1901 2455 2174 2524 posterior
2205 2459 2596 2528 consequatur,
2630 2461 2906 2530 simulque
2938 2461 3248 2516 descendat.
3289 2464 3478 2528 Quare

1901 2541 2163 2596 delictum
2196 2543 2413 2611 quidem
2450 2563 2513 2599 ea
2541 2546 2618 2600 ira
2650 2549 2945 2616 praevertit,
2975 2564 3096 2618 qua:
3118 2550 3188 2603 ob
3214 2551 3479 2605 delibera—

1903 2635 2106 2689 tionem
2165 2645 2280 2702 cst;
2331 2652 2394 2691 ea
2453 2629 2607 2700 vero,
2657 2655 2775 2708 quae
2820 2641 2889 2694 ob
2933 2657 3071 2710 opus
3104 2651 3477 2711 perpetratum

1904 2724 2245 2789 incenditur,
2277 2727 2408 2779 illud
2445 2728 2736 2782 comitatur
2783 2741 2946 2799 atque
2980 2731 3239 2785 adhaeret.
3273 2731 3479 2797 Quam-

1903 2815 2089 2869 obrem
2122 2817 2168 2870 si
2211 2818 2359 2885 prior
2398 2819 2477 2874 ira
2510 2821 2856 2888 respiciatur,
2891 2822 3010 2876 sine
3033 2821 3228 2888 dubio,
3269 2838 3336 2878 ac
3371 2822 3477 2876 im-

1903 2907 2123 2976 pietatis
2175 2921 2304 2963 uela
2355 2909 2540 2965 dicere
2586 2911 2670 2966 fas
2716 2920 2850 2966 est:
2905 2930 2924 2964 ι
2968 2913 3151 2968 Iratus
3178 2929 3259 2978 es,
3294 2926 3346 2969 et
3373 2928 3481 2969 nos

221 3011 318 3063 ἐπὶ
347 3010 405 3062 δὲ
437 3011 535 3079 τῆς
574 3010 854 3081 δευτέρας,
887 3008 1008 3062 οὔτε
1040 3007 1305 3078 θεοφιλὲς,
1337 3005 1462 3060 οὕτε
1486 3005 1799 3060 ἀκόλουθον·

1910 3003 2292 3070 peccavimus;
2338 3020 2360 3053 ι
2397 3003 2665 3070 siquidem
2696 3006 2774 3058 ira
2802 3006 2870 3059 ob
2897 3005 3346 3076 deliberationem
3385 3021 3482 3060 ex-

221 3104 288 3155 οὑ
313 3106 420 3174 γὰρ
449 3105 513 3157 ὲκ
539 3103 638 3173 τῆς
666 3104 836 3172 ὀργῆς
863 3102 1274 3173 ἁμαρτάνομεν,
1299 3099 1434 3156 ἀλλά
1459 3098 1593 3152 διότι
1623 3099 1804 3169 ἁμαρο

223 3196 486 3266 τάνομεν,
506 3197 602 3266 τὴν
634 3195 805 3267 ὀργὴν
830 3193 1216 3265 ὲπισπώμεθα.

299 3459 688 3534 Παραπλήσιον
716 3462 760 3515 δ’
801 3461 866 3515 ἂν
922 3460 1006 3532 εἴη
1067 3459 1181 3528 καὶ,
1207 3459 1366 3523 εἴτις
1410 3460 1657 3514 ἐντεῦθεν
1707 3462 1806 3531 τὴν

221 3556 408 3625 ὁρμὴν
461 3553 539 3623 τῷ
585 3554 730 3624 λόγῳ
784 3553 1131 3624 βαλλόμενος,
1196 3553 1286 3606 διὰ
1342 3552 1652 3624 λειοτέρου,
1711 3554 1807 3606 καὶ

226 3647 608 3716 οἰκτιζομένου
659 3649 928 3717 νοήματος
979 3647 1238 3711 ἐπιδείξει
1293 3647 1618 3716 φερόμενον·
1655 3646 1806 3698 «Οὐκ

223 3739 464 3808 ἐπέσχες
495 3739 594 3807 τὴν
637 3738 812 3809 ὁρμὴν
863 3738 1177 3808 κινηθείσης
1233 3738 1390 3808 ἡμῶν
1428 3738 1528 3807 τῆς
1581 3737 1807 3807 γνώμης

228 3830 328 3882 ἐπὶ
374 3830 472 3892 τάς
539 3830 766 3900 πράξεις
815 3829 914 3892 τὰς
963 3831 1242 3899 πονηράςο
1276 3828 1410 3880 ἀλλά
1473 3826 1724 3897 προορῶν
1746 3827 1808 3878 τὸ

227 3922 622 3992 ἐκϐησόμενον,
641 3921 719 3982 ὼς
743 3920 1042 3990 ἐκϐεϐηκὸς
1080 3921 1192 3991 (καὶ
1222 3919 1328 3988 γὰρ
1364 3919 1456 3970 καὶ
1473 3919 1532 3970 τὸ
1564 3916 1805 3986 ἀκατέρ-

229 4029 438 4080 γαστον
475 4012 633 4083 ἡμῶν
659 4012 719 4064 τὺ
748 4011 838 4064 σὺν
873 4013 1282 4064 πανεπίσκοπον
1320 4010 1473 4081 ὄμμα
1498 4010 1713 4079 ἐφορᾷ),
1739 4010 1804 4078 τῇ

233 4098 435 4174 μελέτῃ
456 4104 563 4156 τῶν
623 4103 842 4172 φαύλων
871 4103 964 4155 καὶ
1013 4101 1110 4172 τὴν
1157 4103 1325 4173 ὀργὴν
1386 4101 1572 4153 λαϐεῖν
1633 4099 1808 4172 ἀρχὴν

230 4193 510 4263 παρέσχες
555 4193 844 4262 κινήσεως.
901 4191 1118 4261 Ταύτης
1168 4191 1226 4244 δὲ
1281 4191 1402 4243 καθ’
1441 4190 1597 4260 ἡμῶν
1629 4192 1686 4242 ἐν
1729 4189 1808 4259 τῷ

233 4285 500 4354 μετεώρῳ
561 4284 930 4353 φερομένηςὴ
961 4282 1207 4352 ἁμαρτία
1261 4280 1598 4350 θρασύτερον
1649 4281 1806 4352 ἡμῶν

1907 3092 2075 3145 citata
2129 3093 2384 3161 praecedit
2421 3095 2878 3164 perpetrationem
2916 3095 3125 3166 peccati
3169 3109 3183 3148 :
3221 3097 3265 3150 si
3311 3097 3482 3151 altera

1908 3190 2088 3234 autem
2129 3191 2423 3250 spectetur,
2456 3183 2561 3238 hoc
2589 3184 2769 3238 dicere
2811 3199 2990 3254 neque
3022 3184 3333 3254 religiosum
3373 3195 3479 3249 est,

1907 3288 2085 3342 neque
2112 3283 2563 3330 consentaneum.
2591 3275 2706 3328 Non
2731 3275 2879 3330 enim
2907 3275 2978 3329 ob
2997 3275 3135 3329 iram
3160 3291 3481 3345 peccamus,

1907 3364 2000 3418 sed
2035 3365 2160 3432 quia
2193 3380 2506 3435 peccamus,
2537 3365 2754 3419 iramjn
2784 3380 2886 3419 nos
2918 3365 3277 3420 concitamus.

1977 3456 2164 3527 Neque
2214 3474 2342 3512 vero
2373 3458 2531 3526 longe
2584 3457 3023 3521 abscederent-us,
3056 3457 3098 3511 si
3151 3458 3298 3526 quis,
3354 3459 3486 3513 hinc

1908 3550 2240 3620 principium
2295 3549 2731 3618 interpretationi
2798 3549 3076 3616 praebens,
3151 3549 3355 3603 mitiori
3429 3561 3484 3604 et

1909 3640 2445 3694 commiserationem
2493 3639 2764 3692 excitante
2808 3653 2974 3691 sensu
3021 3638 3198 3693 locum
3231 3641 3482 3710 proposi-

1909 3741 2019 3786 tum
2047 3731 2346 3784 ostenderit
2384 3727 2679 3797 procedere
2707 3741 2720 3778 :
2761 3745 2778 3776 ι
2817 3725 3020 3794 Nempe
3049 3742 3155 3780 non
3185 3729 3483 3782 cobibuisti

1909 3826 2168 3894 impetum
2203 3822 2372 3876 animi
2397 3820 2568 3876 nostri
2609 3820 2676 3873 ad
2710 3835 2872 3889 prava
2902 3836 3066 3890 opera
3098 3822 3306 3876 incitati
3335 3840 3348 3875 :
3385 3828 3483 3876 sed

1908 3915 2212 3986 praevidens
2237 3915 2442 3974 lutura,
2468 3913 2548 3966 nti
2580 3914 2850 3981 praeterita
2883 3912 3102 3979 (etenim
3153 3913 3205 3967 id
3240 3929 3478 3984 quoque,

1911 4009 2056 4076 quod
2087 4009 2320 4061 necdum
2356 4007 2590 4076 egimus,
2620 4004 2814 4058 oculus
2849 4013 2974 4059 tuus
3009 4005 3257 4060 omnium
3299 4005 3482 4075 inspe-
3519 4075 3526 4094 ι

1909 4109 2026 4154 ctor
2048 4099 2347 4169 observat),
2369 4099 2437 4152 ob
2475 4099 2645 4167 ipsam
2665 4099 2931 4152 malorum
2963 4111 3190 4166 operum
3212 4099 3479 4152 delibera-

1911 4194 2109 4245 tionem
2141 4190 2385 4254 effecisti,
2438 4197 2498 4242 nt
2525 4197 2578 4242 et
2624 4188 2703 4240 ira
2735 4196 2970 4241 sumeret
2997 4188 3341 4244 excitationis
3369 4203 3483 4243 sua:

1911 4284 2260 4353 principium.
2291 4281 2403 4336 Hac
2434 4291 2611 4336 autem
2655 4281 2917 4334 adversus
2943 4280 3062 4349 {nos
3094 4282 3200 4334 alte
3249 4283 3481 4335 etterve-

231 4376 496 4446 ὲπιπηδᾷ,
538 4375 632 4427 καὶ
665 4375 854 4445 ῥᾳδίαν
888 4375 1128 4445 εὑρίσκει
1179 4373 1277 4442 τὴν
1309 4372 1557 4441 πάροδον.
1592 4372 1670 4441 Τῇ
1692 4372 1800 4442 γὰρ

1910 4383 2108 4437 scente,
2144 4381 2423 4440 peccatum
2463 4370 2659 4425 acriori
2709 4371 2937 4422 audacia
2968 4370 3020 4422 in
3073 4385 3172 4423 nos
3209 4370 3397 4432 insilit,
3428 4379 3485 4424 et

234 4467 604 4538 μισοπονηρίᾳ
671 4467 772 4535 τῆς
826 4466 922 4532 σῆς
984 4465 1117 4534 περὶ
1185 4464 1331 4533 ἡμᾶς
1397 4463 1804 4532 φιλανθρωπίας

1911 4462 2126 4516 facilem
2145 4463 2354 4516 invenit
2375 4463 2605 4516 aditum.
2635 4461 2769 4514 Cum
2801 4460 2946 4513 enim
2977 4467 3068 4512 tua
3089 4475 3214 4528 erga
3241 4475 3339 4514 nos
3365 4461 3480 4514 cle-

231 4558 650 4627 ὑπενδιδούσης,
705 4557 798 4610 καὶ
823 4557 905 4628 τῷ
927 4556 1120 4626 δικαίῳ
1143 4555 1241 4624 τῆς
1267 4553 1611 4624 συμπαθείας
1671 4555 1804 4607 ὑπο-

1913 4557 2113 4610 mentia
2147 4555 2288 4608 cedit
2330 4555 2455 4608 odio
2499 4551 2728 4622 peccati,
2763 4566 2827 4604 ac
2859 4551 3230 4604 misericordia
3275 4551 3365 4604 dat
3392 4552 3484 4620 ju-

231 4650 520 4721 χωρούσης
585 4648 854 4700 εὐάλωτον
877 4647 953 4717 τῷ
976 4646 1154 4716 ἐχθρῷ
1184 4646 1244 4698 τὺ
1297 4645 1521 4716 θήραμα
1575 4645 1804 4712 γίνεται.

1913 4645 2077 4698 stitia;
2112 4644 2331 4710 locum;
2377 4643 2520 4696 facili
2555 4642 2770 4710 negotio
2818 4653 2920 4702 nos
2948 4647 3176 4692 venatur
3208 4640 3477 4696 inimicus.

243 4741 578 4812 Ἐπεὶεῐπερ
594 4737 661 4812 ἦν
681 4743 814 4810 ἡμῖν
845 4740 1009 4792 πόθεν
1037 4739 1138 4810 τὴν
1171 4738 1268 4810 σὴν
1291 4739 1460 4810 ὀργὴν
1482 4738 1804 4806 κινουμένην

1910 4736 2179 4802 Queniam
2214 4736 2256 4788 si
2285 4735 2441 4788 nobis
2469 4733 2818 4802 contingebat
2840 4733 2973 4786 iram
2999 4740 3141 4785 tuam
3159 4735 3483 4788 concitatam

232 4837 318 4897 είς
355 4833 639 4904 εὐμένειαν
664 4831 932 4896 διαλῦσαι,
960 4832 1054 4884 καὶ
1077 4833 1111 4901 ἡ
1139 4830 1384 4900 ἁμαρτία
1406 4829 1472 4882 ἂν
1503 4830 1582 4891 είς
1610 4829 1812 4881 δειλίαν

231 4928 301 4983 τὸ
333 4926 533 4997 θράσος
563 4924 906 4982 συνέστελλε,
934 4923 1028 4976 καὶ
1060 4923 1122 4974 τὸ
1149 4922 1417 4991 ἡμέτερον
1448 4919 1813 4991 βοηθούμενόν

231 5037 324 5084 τε,
348 5019 444 5071 καὶ
461 5014 969 5088 ἀναρρωννύμενον,
991 5013 1192 5082 μᾶλλον
1226 5012 1292 5066 ἂν
1321 5012 1489 5080 αὐτῆς
1521 5012 1620 5081 τὴν
1651 5027 1816 5081 προσ-

239 5112 409 5182 ϐολὴν
456 5107 812 5174 ἀπεσείσατο,
847 5107 882 5179 ἢ
934 5109 1048 5169 τοῖς
1073 5105 1276 5177 ταύτης
1307 5105 1597 5176 θηράτροις
1631 5103 1818 5158 ἐνέπε-

239 5218 356 5254 σεν.
387 5216 407 5250 ι

319 5293 480 5354 Ἰσως
500 5290 543 5344 δ’
580 5289 645 5344 ἂν
673 5288 868 5359 ὲγγύτε
879 5303 971 5359 ρον
1005 5287 1090 5359 εἴη
1114 5284 1508 5357 θεωρούμενον,
1537 5284 1584 5336 εί
1609 5283 1701 5335 καὶ
1745 5282 1819 5353 μὴ

238 5385 366 5448 ταῖς
399 5382 758 5454 ὑψηλοτέραις
792 5378 1058 5443 ἐπινοίαις
1114 5377 1503 5449 συνεπαίρεται
1533 5374 1614 5440 τὸ,
1654 5391 1671 5424 ι
1697 5374 1819 5443 Ὠρ-

241 5475 458 5545 γίσθης,
517 5474 613 5535 καὶ
650 5475 816 5544 ἡμεῖς
849 5473 1194 5543 ἡμάρτομεν,
1220 5487 1239 5520 ι
1265 5469 1343 5532 είς
1391 5467 1470 5532 τὸ,
1510 5463 1820 5537 Ὠργίσθης.

241 5564 383 5617 διότι
439 5565 603 5634 ἡμεῖς
672 5562 1017 5634 ἡμάρτομεν,
1073 5557 1644 5630 μεταλαμϐανόμενον⁸
1703 5555 1819 5620 καὶ,

247 5653 396 5708 Διότι
435 5653 780 5724 ἡμάρτομεν,
838 5651 937 5722 τὴν
989 5650 1113 5704 καθ’
1147 5649 1306 5720 ἡμῶν
1341 5648 1440 5700 οὐκ
1474 5647 1702 5716 ἐπέσχες
1727 5645 1822 5715 ὀρ-

252 5745 383 5816 γῆν·

1916 4829 1981 4883 ad
2006 4829 2348 4884 clementiam
2380 4827 2632 4892 ﬂectere;
2668 4825 2856 4893 utique
2882 4841 2987 4878 non
3013 4827 3174 4880 modo
3205 4837 3484 4896 peccatum

1917 4917 2204 4971 audaciam
2234 4931 2388 4969 suam
2417 4915 2483 4967 ad
2534 4913 2784 4967 timorem
2824 4921 3154 4977 revocasset,
3195 4915 3286 4968 sed
3319 4915 3484 4970 etiam

1917 5006 2134 5059 animus
2165 5013 2351 5058 noster
2377 5002 2546 5073 gratia
2587 5001 2829 5068 adjutus,
2860 5016 2924 5054 ac
2961 5001 3274 5064 roboratus,
3305 5003 3490 5071 potius

1919 5096 2091 5164 ipsius
2120 5095 2324 5164 peccati
2367 5092 2722 5157 irruptionem
2771 5089 2963 5144 fuisset
3005 5090 3282 5157 amolitus,
3321 5107 3487 5162 quam

1921 5187 1974 5240 in
2007 5186 2126 5255 ejus
2158 5186 2291 5238 retia
2328 5183 2629 5238 incidisset.
2661 5200 2681 5233 ι

1991 5271 2246 5328 Fortasse
2261 5286 2390 5326 vero
2415 5269 2482 5324 ad
2508 5271 2790 5324 veritatem
2825 5270 3051 5341 propius
3080 5273 3491 5337 accederemus,

1924 5367 2135 5421 tametsi
2165 5363 2576 5419 sublimioribus
2619 5363 2818 5418 mentis
2853 5366 3208 5433 conceptibus
3255 5381 3362 5420 non
3406 5378 3491 5421 at-

1927 5459 2274 5522 tolleremur;
2329 5457 2373 5512 si
2419 5456 2550 5511 illud
2593 5475 2605 5512 :
2642 5475 2661 5508 ι
2699 5457 2876 5511 Iratus
2914 5472 2993 5522 es,
3026 5467 3079 5511 et
3113 5473 3217 5512 nos
3248 5460 3496 5527 peccavi-

1925 5567 2082 5613 mus,
2121 5569 2138 5601 ι
2179 5558 2520 5605 mutaremus
2576 5551 2630 5604 in
2689 5551 2814 5614 hoc,
2862 5546 3039 5603 Iratus
3086 5563 3166 5615 es,
3212 5549 3338 5618 quia
3399 5561 3497 5605 nos

1928 5643 2302 5713 peccavimus;
2327 5651 2379 5695 et
2407 5643 2532 5712 quia
2578 5641 2950 5712 peccavimus,
2984 5639 3119 5693 iram
3151 5648 3336 5694 contra
3397 5655 3497 5695 nos

1932 5732 2074 5788 haud
2107 5730 2418 5786 cohibuisti.
