3808 6292
447 277 557 337 295

1605 264 1864 324 ΡΙΙΟΤΙΙ
1894 264 2408 347 ΡΛΤΠῙΑΠΕΙΙᾹΞ
2437 262 2525 321 CI’

3600 255 3693 318 296

512 376 845 432 Particulam
875 376 1020 430 enim
1053 374 1452 443 conjunctivam
1477 372 1788 435 verborum,
1813 380 1865 423 et
1893 387 2018 425 scn-

2203 372 2304 424 Τὸν
2333 371 2441 439 γάρ
2464 369 2743 421 συνδέοντα
2767 368 2834 420 τὰ
2857 368 2915 420 ὲν
2949 366 3213 430 διανοίαις
3250 366 3473 437 ῥήματά
3499 384 3584 431 τε,
3613 371 3697 421 καί

443 466 759 527 tentiarum,
789 477 912 530 qua:
938 470 1072 514 sunt
1118 463 1171 513 iu
1205 460 1453 529 pluribus
1482 459 1750 512 orationis
1788 472 2017 525 concep-

442 557 613 620 tibus,
647 555 763 609 sive
797 552 1119 622 particulam
1152 563 1222 613 et,
1265 560 1379 605 tum
1413 564 1584 605 sacra:
1631 549 1870 611 Litterae,
1903 556 2019 601 tum

441 647 608 701 Attici
638 645 910 701 sermonis
935 644 1201 713 elegantia
1237 658 1377 710 smpe
1408 641 1612 696 causali
1637 657 1798 695 sensu
1837 649 2024 694 amant

444 742 693 808 accipere
748 753 761 790 :
816 752 880 791 ac
926 736 1174 804 exempla
1232 736 1486 789 omnibus
1540 742 1815 801 comperta
1873 740 2019 787 sunt.

447 830 833 883 Verumtamen
866 828 932 881 ad
968 826 1297 880 recensenda
1341 826 1641 879 Atticorqu
1694 825 2021 892 scriptorum

443 922 765 975 documenta
794 919 961 971 otium
996 917 1127 970 mihi
1165 916 1351 981 deest,
1383 916 1616 969 duorum
1651 925 1831 969 autem
1864 912 2015 967 Scri-

446 1023 617 1082 ptum:
646 1011 888 1064 locorum
919 1009 1258 1073 recordatus,
1291 1017 1632 1071 czeterorum,
1668 1007 1713 1061 si
1756 1004 1893 1060 forte
1924 1005 2022 1060 tibi

445 1102 595 1157 cordi
656 1109 770 1166 est,
821 1099 1203 1154 collectionem
1251 1099 1550 1152 curandam
1608 1098 1879 1166 relinquo.
1933 1095 2024 1151 Ait

452 1196 643 1262 itaque
672 1207 829 1245 sacer
851 1190 1082 1255 Psaltes,
1116 1199 1168 1243 et
1202 1198 1356 1258 pater
1389 1189 1479 1243 Dei
1510 1188 1775 1242 incarnati
1813 1186 1980 1241 David
2007 1203 2020 1240 :

452 1303 470 1335 ι
516 1283 593 1335 Da
623 1281 784 1336 nobis
814 1280 1077 1335 ciuilium
1107 1279 1173 1333 de
1205 1280 1577 1344 tribulatione,
1612 1288 1667 1333 et
1695 1292 1830 1331 vana
1873 1276 2023 1331 salus

448 1371 683 1427 hominis
720 1372 854 1441 (3t).
893 1389 911 1422 ι
953 1369 1050 1423 llic
1100 1370 1243 1423 enim
1298 1370 1429 1423 illud
1473 1378 1545 1433 et,
1606 1383 1706 1438 pro
1750 1366 2024 1423 sexcentis

444 1464 567 1517 aliis
586 1462 872 1532 exemplis,
920 1463 1053 1516 satis
1082 1462 1299 1526 evincit,
1334 1462 1478 1531 quod
1522 1462 1593 1515 sit
1623 1461 1828 1515 causali
1860 1474 2023 1515 sensu
2046 1443 2062 1459 ’

449 1553 822 1618 reddendum,
854 1552 1022 1606 veluti
1058 1571 1072 1608 :
1111 1571 1128 1603 ι
1168 1551 1244 1606 Da
1279 1553 1438 1607 nobis
1476 1552 1740 1607 auxilium
1764 1550 1830 1605 de
1855 1551 2025 1605 tribu-

447 1639 671 1705 latione,
704 1639 833 1708 quia
863 1654 1001 1692 vana
1029 1639 1179 1693 salus
1209 1638 1471 1695 hominis.
1505 1657 1526 1691 ι
1562 1640 1737 1708 Atque
1755 1653 1885 1692 vero
1907 1637 2024 1707 ipse

2125 462 2394 530 νοήματα,
2430 460 2547 528 ἤτοι
2577 458 2666 510 τὸν
2701 459 2820 523 καὶ,
2852 458 2921 510 τά
2942 475 3001 510 τε
3035 458 3154 529 ιερὰ
3190 457 3349 527 ἡμῶν
3384 458 3582 525 Λὸγια,
3614 464 3695 510 καὶ

2122 553 2156 621 ἡ
2200 550 2577 614 ’Λττικίζουσα
2606 548 2808 615 σπουδὴ
2830 549 3204 617 αίτιολογικώς
3234 548 3499 611 πολλάκις
3528 567 3693 619 παρα-

2123 639 2430 707 λαμϐάνειν
2487 637 2736 707 βούλεται
2786 652 2799 667 ⁸
2854 640 2948 691 καὶ
2976 638 3043 689 τά
3093 638 3521 706 παραδείγματα
3575 640 3696 690 πᾶσι

2123 729 2397 800 γνώριμα.
2439 728 2585 799 [Ιλήν
2614 745 2676 796 γε
2718 728 2813 790 τὰς
2869 727 2969 796 μὲν
3009 726 3328 797 Ἑλληνικάς
3381 727 3613 797 χρήσεις
3640 726 3694 778 οὔ

2127 836 2216 889 μοι
2242 818 2404 889 σχολὴ
2453 819 2779 885 καταλέγειν
2797 834 2812 849 °
2840 818 2984 870 δυοῖν
3016 817 3072 869 δὲ
3102 818 3209 869 τῶν
3237 819 3529 887 ἡμετέρων
3583 820 3695 868 sm-

2127 909 2409 979 μνησθεὶς,
2440 910 2549 964 τῶν
2604 910 2803 974 ἄλλων,
2838 908 2904 962 ἂν
2950 908 3058 976 ἄρα
3090 925 3171 961 σοι
3221 909 3583 979 καταθύμιον,
3612 908 3698 979 τὴν

2127 1001 2390 1071 συλλογὴν
2448 1000 2855 1070 φιλοτιμεῖσθαι
2900 1000 3121 1068 ἀφίημι.
3154 1000 3319 1066 Λέγει
3366 1000 3701 1069 τοιγαροῦνὸ

2137 1091 2501 1164 Ἱεροψάλτης,
2559 1094 2653 1146 καὶ
2679 1092 2976 1163 Θεοπάτωρ
2998 1091 3187 1144 Δαϐίδ·
3227 1110 3244 1141 ι
3270 1090 3370 1154 Δὸς
3414 1093 3552 1162 ἡμῖν
3582 1091 3699 1161 βοή-

2125 1185 2272 1240 θειαν
2295 1187 2357 1239 ὲκ
2387 1185 2637 1255 Θλίψεως,
2664 1185 2761 1257 καὶ
2813 1184 3020 1254 ματαία
3060 1184 3303 1253 σωτηρία
3337 1184 3651 1254 ἀνθρώπου.
3677 1204 3694 1234 ι

2136 1277 2401 1330 Ἐνταῦθα
2446 1278 2555 1346 γὰρ
2614 1277 2675 1330 τὸ
2718 1275 2837 1338 καὶ,
2891 1276 3011 1327 ἀντὶ
3058 1275 3265 1345 μυρίων
3300 1273 3478 1327 ἄλλων
3528 1292 3697 1345 παρα-

2123 1368 2475 1438 δειγμάτων,
2529 1370 2691 1437 ἀρκεῖ
2754 1368 3143 1437 παραστῆσαι,
3203 1366 3276 1428 ὼς
3329 1366 3698 1433 αἰτιολογικὼς

2126 1460 2454 1514 ἀποδίδοταιο
2494 1457 2623 1523 οἷον,
2661 1478 2679 1510 ‹
2706 1459 2802 1521 Δὸς
2854 1461 2985 1528 ἡμῖν
3028 1458 3281 1527 βοήθειαν
3342 1459 3408 1510 ὲκ
3452 1456 3697 1526 (laid/sm;

2130 1552 2337 1621 ματαία
2381 1550 2490 1621 γὰρ
2533 1551 2778 1621 σωτηρία
2831 1549 3142 1620 ἀνθρώπου.
3180 1571 3199 1604 ι
3236 1549 3345 1604 Καὶ
3402 1550 3568 1612 αὐτὸς
3599 1550 3651 1601 δὲ
3675 1551 3699 1599 ὁ

2141 1644 2363 1706 Ἡσαΐας
2395 1643 2744 1713 (οἰκειότερον
2764 1642 2808 1694 δ’
2832 1642 2897 1696 ἂν
2933 1644 3015 1711 εἴη
3048 1643 3136 1697 διὰ
3163 1646 3260 1713 τῆς
3290 1643 3462 1713 αὐτῆς
3498 1644 3697 1712 φωνῆς,

445 1730 616 1786 lsaias
663 1731 1052 1801 (opportunius
1099 1742 1279 1784 autem
1313 1745 1434 1785 esse
1468 1731 1654 1802 utique
1684 1731 1883 1800 poterit
1931 1744 2020 1799 per

2132 1736 2223 1787 καὶ
2258 1733 2351 1786 τοῦ
2383 1732 2549 1786 αὑτοῦ
2571 1734 2801 1801 ἐδάφους
2835 1734 2915 1797 είς
2949 1734 3007 1785 τὸ
3030 1733 3394 1801 αἰτιολογικὸν
3417 1730 3561 1795 εἶδος
3592 1737 3694 1787 ἑπι-

444 1821 690 1874 camdem
712 1835 923 1883 vocem,
942 1822 1305 1886 eumdemque
1326 1820 1524 1874 librum
1554 1821 1867 1885 ostendere,
1882 1819 2029 1888 quod

449 1913 657 1967 causali
714 1912 877 1966 modo
936 1912 1252 1980 conjuncuio
1313 1922 1362 1964 et
1426 1912 1773 1980 accipiatur),
1832 1930 1850 1962 «
1905 1909 2026 1977 Vae,

450 2004 643 2073 inquit,
672 2002 762 2071 qui
791 2006 843 2055 in
874 2003 1088 2056 occulto
1117 2003 1406 2056 consilium
1439 2001 1668 2068 faciunt,
1698 2012 1752 2056 et
1774 2012 1933 2057 erunt
1973 2010 2027 2055 tn

456 2094 697 2148 tenebris
729 2108 890 2161 Opera
912 2108 1098 2147 eorum
1134 2093 1244 2163 (δὲ)
1272 2111 1287 2159 ;
1316 2112 1333 2143 ι
1374 2095 1476 2147 hoc
1498 2094 1640 2147 enim
1670 2111 1687 2143 ι
1718 2102 1771 2147 et
1793 2100 1973 2156 erunt,
2002 2111 2020 2144 ι

451 2170 613 2240 nemo
646 2187 833 2254 utique
861 2186 1146 2247 dubitarit,
1191 2189 1321 2255 quin
1361 2186 1564 2240 causali
1601 2202 1764 2241 sensu
1801 2202 2029 2256 usurpa-

452 2289 563 2333 tum
592 2279 697 2343 sit;
734 2288 1021 2346 propterea
1054 2279 1104 2331 in
1132 2292 1224 2331 eos
1254 2278 1381 2331 illud
1417 2293 1489 2331 ea:
1520 2278 1796 2346 inﬂigitur.

514 2370 605 2425 Sic
635 2371 799 2440 igitur
825 2378 878 2423 et
905 2369 1007 2424 hoc
1035 2368 1267 2423 :ilratus
1294 2385 1374 2434 es,
1403 2377 1457 2422 et
1484 2383 1585 2423 nos
1618 2368 1979 2438 peccavimus,
2004 2385 2024 2419 ι

450 2464 595 2518 nullo
627 2463 814 2517 labore
844 2477 908 2516 ac
942 2463 1139 2515 mentis
1167 2461 1482 2515 incitatione
1506 2462 1835 2530 intelligetur
1862 2478 1878 2528 ;
1905 2476 2025 2515 cum

450 2568 728 2607 sacrarunt
777 2551 1102 2604 Litterarum
1149 2549 1489 2603 causuctudo
1524 2550 1681 2603 nobis
1728 2550 1870 2601 viam
1903 2563 2030 2617 ape-

450 2644 575 2705 riat,
611 2658 719 2711 qua
752 2640 818 2695 ad
844 2652 1053 2695 rectum
1081 2638 1607 2717 seusum'prompte,
1644 2655 1707 2694 ac
1746 2639 2029 2694 inoﬂ‘ensis

449 2736 674 2790 auribus
699 2736 1102 2805 perveniamus,
1135 2743 1188 2788 et
1218 2734 1338 2789 loco
1373 2736 1663 2804 proposita:
1693 2734 2029 2789 difﬁcultatis

451 2825 847 2895 professionem
878 2825 1233 2889 catholicam,
1268 2826 1489 2892 Deoque
1525 2834 1801 2894 acceptam
1839 2839 2026 2879 serve-

453 2933 573 2972 mus
609 2916 961 2973 incolumem.
1021 2916 1235 2971 Etenim
1269 2918 1577 2971 communis
1616 2917 1879 2971 sententia
1924 2925 2027 2982 est,

451 3008 745 3075 etquidem
778 3008 881 3076 piis
926 3009 1224 3077 praesertim
1281 3010 1431 3073 viris,
1485 3009 1630 3077 quod
1673 3007 2027 3076 peccantibus

452 3099 610 3155 nobis
645 3097 783 3152 Deus
818 3097 1108 3152 irascatur.
1143 3101 1321 3167 Atque
1361 3099 1899 3152 animadvertendum
1944 3106 2029 3152 est

451 3187 597 3257 quod
653 3186 965 3254 huiusmodi
1024 3188 1444 3251 commentatio,
1516 3197 1719 3255 quanto
1779 3186 2029 3240 adductis

452 3282 573 3335 aliis
607 3278 941 3334 moderatius
970 3280 1234 3346 procedit,
1268 3286 1418 3331 tanto
1450 3278 1633 3332 minus
1669 3278 1850 3331 verbis
1891 3278 2031 3329 indi-

453 3381 576 3443 geat
605 3371 811 3427 circulo
853 3370 1051 3423 vitioso
1093 3370 1491 3431 laborantibus,
1540 3369 2030 3437 torquentibusque

453 3473 685 3518 mentem
708 3477 804 3532 per
833 3460 1185 3523 subtilitates,
1218 3474 1395 3529 neque
1420 3460 1535 3528 ipsa
1564 3461 1834 3527 quispiam
1860 3460 2030 3527 possit

455 3558 628 3611 abuti.

520 3646 591 3699 At
615 3660 682 3699 ne
713 3646 892 3715 pigeat
925 3642 1154 3697 ulterius
1180 3657 1289 3697 rem
1320 3640 1650 3710 perpendere
1682 3657 1696 3693 :
1728 3639 1848 3692 forts
1882 3638 2026 3692 enim

450 3751 715 3805 aquarum
768 3737 964 3788 anima:
996 3732 1208 3786 utilium
1242 3747 1305 3786 ae
1335 3731 1658 3784 salutarium
1709 3744 1863 3781 sacra
1914 3728 2031 3781 Elo-

450 3828 577 3896 quia
613 3836 777 3889 sunt;
815 3833 1094 3892 etquanto
1123 3824 1295 3890 magis
1318 3837 1382 3875 ea
1403 3820 1847 3874 meditationibus
1886 3818 2026 3873 fodi-

452 3933 596 3981 mus,
632 3926 784 3969 tauto
816 3916 1155 3978 copiosiores
1187 3918 1475 3967 veritatum
1521 3913 1706 3981 gratia:
1740 3911 1864 3963 inde
1907 3926 2028 3965 sca-

449 4012 680 4065 tut'iunt.
713 4007 935 4063 Dillicile
966 4009 1152 4076 itaque
1187 4007 1471 4061 videbatur
1500 4007 1626 4058 illud
1664 4022 1707 4057 ε(
1738 4002 1814 4056 Τιι
1853 4004 2027 4059 iratus

448 4116 527 4163 es,
567 4106 621 4152 et
664 4114 764 4153 nos
802 4097 1166 4166 peccavimus.
1214 4095 1340 4149 dum
1392 4094 1641 4147 absolute
1685 4092 1813 4155 dici,
1843 4106 1907 4146 ac
1960 4092 2028 4146 de

450 4191 707 4243 universo
729 4190 1013 4243 hominum
1038 4201 1233 4256 genere
1264 4186 1559 4257 putabatur
1597 4183 1843 4252 intelligi.
1878 4182 2024 4248 Quo-

449 4281 611 4333 modo
636 4281 782 4333 enim
827 4280 1099 4348 quispiam
1143 4288 1327 4346 posset
1369 4280 1541 4332 vitam
1593 4286 1898 4346 peccatum,
1932 4276 2022 4330 ubi

447 4368 625 4435 ipsum
690 4368 873 4424 divina
921 4367 1151 4422 immisit
1189 4367 1306 4423 ira?
1350 4365 1606 4431 Quaenam
1648 4378 1827 4419 autem
1873 4366 2020 4433 justa
2053 4405 2099 4460 υ

446 4459 683 4527 peccatis
734 4473 893 4527 paena
937 4459 1290 4526 irrogarctur,
1342 4458 1389 4512 si
1439 4459 1503 4510 ad
1548 4457 1701 4511 nctus
1739 4457 1891 4509 inviti
1924 4470 2019 4524 per

443 4554 551 4604 vim
604 4550 985 4606 traherentur?
1041 4548 1142 4605 Ubi
1202 4550 1430 4604 liberum
1482 4550 1805 4604 consisteret
1872 4548 2017 4601 arbi-

444 4643 657 4698 trium?
692 4644 869 4713 Atque
915 4642 1019 4697 alia
1061 4651 1320 4696 sexcenta
1371 4648 1720 4709 erumperent
1758 4641 2011 4704 absurda,

441 4749 674 4804 quorum
703 4751 865 4789 causa
902 4749 1082 4787 nonne
1116 4735 1295 4800 potius
1346 4740 1685 4801 proposuum
1725 4733 2011 4786 oraculqu

2130 1824 2300 1889 δεῖξαι
2334 1825 2425 1878 τὸν
2468 1826 2565 1879 καὶ
2612 1825 2909 1895 σύνδεσμον
2951 1826 3530 1895 μεταλαμϐανόμενον)
3563 1826 3661 1897 ἔφη
3685 1842 3698 1855 ⁸

2138 1935 2156 1967 ι
2178 1917 2310 1968 Οὐαὶ
2336 1917 2383 1967 οί
2418 1918 2475 1969 ὲν
2505 1918 2684 1986 κρυφῇ
2734 1914 2928 1985 βουλὴν
2987 1914 3286 1978 ποιοῦντες,
3344 1918 3437 1969 καὶ
3463 1917 3620 1969 ἔσται
3650 1917 3699 1965 ἐν

2132 1998 2322 2077 σκοτίᾳ
2344 2007 2411 2059 τὰ
2434 2007 2569 2078 ἔργα
2618 2006 2820 2059 αὐτῶν·
2849 2025 2867 2057 ι
2900 2007 2959 2058 τὸ
2998 2007 3106 2075 γάρ
3162 2008 3259 2059 καὶ
3317 2008 3491 2059 ἔσται
3536 2006 3699 2066 οὐδεὶς

2131 2100 2197 2152 ἂν
2224 2099 2662 2169 ἀμφισϐητήσειε
2718 2100 2792 2167 μὴ
2816 2098 2937 2166 οὐχὶ
2995 2096 3372 2166 αἰτιολογικῶς
3429 2098 3694 2169 εἰρῆσθαι*

2129 2191 2218 2244 διὰ
2236 2192 2397 2245 τοῦτο
2422 2193 2605 2254 αὐτοῖς
2643 2192 2738 2244 καὶ
2760 2193 2820 2243 τὸ
2848 2189 2982 2244 οὐαὶ
3014 2190 3327 2258 ὲπαφίεται.

2213 2370 2402 2434 Οὖτως
2434 2366 2527 2424 οὖν
2553 2369 2648 2422 καὶ
2676 2369 2757 2431 τὸ,
2800 2388 2817 2421 ι
2843 2369 3152 2440 Ὠργίσθης,
3206 2372 3301 2423 καὶ
3338 2372 3504 2439 ἡμεῖς
3530 2371 3699 2439 ήμάρ·

2128 2477 2315 2531 τομεν,
2346 2478 2365 2511 ι
2406 2457 2826 2527 ἀταλαιπώρως,
2887 2461 2982 2512 καὶ
3028 2459 3197 2529 χωρίς
3230 2477 3374 2523 τινος
3415 2459 3701 2528 ἐπιδρομῆς

2130 2553 2548 2621 κατανοήσεται,
2579 2552 2678 2620 τῆς
2725 2552 3004 2623 Γραφικῆς
3034 2551 3323 2621 συνηθείας
3353 2551 3413 2603 τὸ
3474 2552 3700 2619 ἕτοιμον,

2130 2645 2227 2699 καὶ
2250 2645 2318 2697 δι’
2364 2646 2534 2713 ἀκοῆς
2584 2643 2791 2697 ἀλύπου
2834 2640 3207 2713 παραδύεσθαι
3242 2642 3378 2712 πρὸς
3411 2642 3514 2712 τὴν
3550 2642 3701 2713 ὀρθὴν

2128 2738 2369 2791 διάνοιαν
2401 2736 2803 2807 παρεχομένης,
2837 2736 2931 2786 καὶ
2957 2731 3019 2784 τὸ
3050 2732 3225 2786 κοινὸν
3250 2732 3594 2801 ὁμολόγημα,
3618 2732 3702 2782 καί

2131 2827 2373 2895 θεοφιλὲς
2408 2826 2527 2880 ἀντὶ
2558 2825 2657 2895 τῆς
2688 2826 2747 2885 ἐξ
2766 2824 3199 2895 ἀρχῆςάπορίας
3222 2822 3698 2891 συνδιασωζούσης.

2134 2922 2352 2973 Ἔννοια
2379 2919 2487 2989 γάρ
2517 2922 2694 2988 κοινὴ,
2716 2918 2811 2970 καὶ
2832 2917 3069 2987 μάλιστά
3086 2932 3148 2984 γε
3167 2918 3279 2978 τοῖς
3310 2916 3613 2976 εὐσεϐέσιν,
3639 2914 3701 2973 ὡς

2055 3043 2096 3098 C
2136 3011 2562 3083 ἁμαρτανόντων
2592 3010 2746 3078 ἡμῶν
2774 3008 2835 3060 τὸ
2879 3007 3034 3059 Θεῖον
3084 3005 3380 3077 ὀργίζεται.
3439 3006 3551 3058 Καὶ
3584 3006 3702 3074 ὸρᾷν

2131 3104 2299 3167 ἔστιν,
2335 3102 2406 3165 ὡς
2434 3105 2461 3155 ὁ
2487 3100 2675 3172 παρὼν
2706 3102 2885 3168 λόγος,
2913 3101 3035 3152 ὅσον
3062 3098 3428 3170 μετριώτερον
3474 3099 3568 3152 τοῦ
3619 3100 3697 3149 ἀν-

2131 3196 2375 3265 ηγμένου
2423 3194 2669 3264 φέρεται,
2725 3192 2979 3245 τοσοῦτον
3011 3189 3121 3243 τῶν
3180 3190 3368 3260 κύκλῳ
3414 3191 3702 3263 περιόντων

2133 3289 2416 3358 ῥημάτων,
2481 3286 2576 3338 καὶ
2622 3286 2740 3346 ταῖς
2818 3284 3121 3354 περινοίαις
3182 3280 3595 3335 ἀποθλιδόντων
3650 3278 3701 3329 τὸ

2131 3380 2309 3447 νόημα
2332 3377 2587 3446 ἀνενδεὴς
2618 3375 2875 3446 ὑπάρχει,
2911 3374 3007 3427 καὶ
3069 3372 3357 3444 κρείττων,
3392 3373 3426 3443 ἦ
3462 3370 3699 3443 ἀποχρή-

2132 3470 2347 3526 caedat.

2212 3646 2563 3699 Ἐπισκοπεῖν
2588 3646 2633 3699 δ’
2656 3646 2757 3699 οὐκ
2788 3645 3125 3715 ἀποκνητέον
3149 3663 3164 3677 ι
3196 3644 3349 3717 πηγὴ
3393 3646 3508 3715 γάρ
3538 3642 3700 3713 exap-

2130 3750 2214 3803 χει
2245 3734 2604 3804 ψυχωιρελῶν,
2660 3734 2754 3786 καὶ
2814 3734 3102 3803 σωτηρίων
3153 3735 3410 3804 ναμάτων
3473 3734 3547 3786 τὰ
3593 3731 3700 3802 ἱερὰ

2130 3827 2164 3894 ἡ
2174 3824 2288 3894 μῶν
2316 3824 2487 3891 Λόγια
2510 3838 2523 3851 '
2547 3825 2641 3877 καὶ
2663 3825 2785 3877 ὅσον
2803 3826 2867 3877 ἂν
2891 3825 3028 3878 αὐτὰ
3052 3828 3160 3887 τοῖς
3180 3825 3459 3895 λογισμοῖς
3489 3824 3699 3895 ἀνορύτ-

2129 3933 2333 3987 τωμεν,
2363 3914 2618 3969 τοσοῦτον
2650 3916 2715 3969 ἂν
2745 3916 3012 3985 ἀφθόνους
3042 3917 3280 3987 πηγάξει
3331 3916 3441 3971 τῶν
3504 3916 3698 3985 νοημά-

2126 4024 2236 4060 των
2260 4006 2361 4070 τὰς
2395 4007 2643 4077 χάριτας.
2682 4008 2922 4074 Ἀπορον
2971 4004 3063 4061 οὖν
3092 4009 3267 4061 ἐδόκει
3303 4008 3364 4061 τό
3388 4027 3399 4040 ο
3440 4028 3458 4059 ι
3502 4010 3572 4061 Σὺ
3596 4007 3696 4076 ὡρ-

2127 4096 2344 4167 γίσθης,
2380 4096 2473 4150 καὶ
2506 4097 2667 4166 ἡμεῖς
2698 4097 3038 4167 ἡμάρτομεν,
3072 4116 3089 4147 ι
3118 4097 3378 4161 ἁπλῶςτε
3392 4098 3692 4167 λεγόμενον,

2128 4188 2224 4241 καὶ
2253 4188 2336 4255 ἐφ’
2372 4187 2498 4255 ὅλης
2528 4188 2625 4256 τῆς
2648 4188 2997 4258 ἀνθρωπίνης
3041 4188 3437 4259 ὲξακουόμενον
3469 4190 3692 4258 φύσεως.

2128 4277 2239 4331 Ποῦ
2263 4278 2371 4347 γάρ
2405 4277 2533 4346 ἐνῆν
2560 4294 2683 4330 τινα
2739 4281 2931 4345 φυγεῖν
2962 4280 3061 4346 τὴν
3094 4278 3396 4347 ἁμαρτίαν,
3426 4281 3529 4348 τῆς
3560 4275 3693 4335 θείας

2127 4366 2298 4436 ὀργῆς
2332 4363 2536 4434 ταύτην
2568 4367 2928 4435 ὲπαφιεὶσης;
2958 4366 3054 4427 Τίς
3092 4365 3149 4418 δὲ
3181 4365 3367 4419 δικαία
3394 4366 3506 4418 τῶν
3525 4367 3692 4434 ἀμαρ-

2127 4456 2390 4527 τημάτων
2443 4456 2751 4527 εῖσπραξις,
2789 4458 3035 4533 ἀκόντων.
3081 4457 3389 4526 ἑλκομένων
3438 4458 3523 4521 είς
3555 4456 3588 4510 ἃ
3626 4452 3689 4523 μὴ

2125 4549 2302 4618 θέμις,
2334 4549 2443 4601 τῶν
2468 4546 2965 4618 ὲπηρεαζομένων;
3000 4548 3072 4601 Τὸ
3094 4549 3151 4601 δὲ
3187 4548 3538 4613 αὐτεξούσιον
3564 4546 3687 4604 ποῦς

2073 4670 2085 4683 ο
2125 4639 2234 4691 Καὶ
2268 4638 2436 4709 μυρία
2477 4638 2634 4704 ἄλλα,
2674 4630 2748 4691 ὧν
2798 4639 2919 4708 οὐχὶ
2976 4640 3037 4693 τὸ
3088 4639 3251 4711 ῥητὸν
3285 4640 3482 4709 μᾶλλον
3534 4642 3687 4693 αίτιον

2122 4732 2344 4800 (Spirat;
2393 4730 2531 4783 Ἀλλ’
2578 4730 2632 4782 εἴ
2683 4747 2766 4792 τις
2802 4730 2935 4784 αὐτὸ
2984 4732 3117 4801 πρὸς
3163 4730 3223 4784 τὸ
3253 4732 3433 4787 κοινὸν
3479 4733 3686 4798 ἀξίωμα

1878 4968 1883 4975 ¹
1954 4888 2181 4947 nom.

513 5046 625 5115 (3i)
660 5046 798 5099 l’sal.
850 5063 979 5105 cru,
1025 5046 1107 5099 15.
1158 5045 1309 5114 Legit
1353 5054 1534 5097 autem
1592 5044 1817 5113 Vulgata
1869 5063 1882 5097 :
1933 5042 2015 5096 Da

441 5115 587 5168 nobis
628 5118 886 5168 auxilium
919 5118 982 5168 de
1016 5116 1373 5175 tribulatione,
1413 5116 1534 5183 quia
1568 5130 1699 5166 rana
1740 5116 1885 5166 salus
1924 5116 2016 5165 Iw—

443 5184 897 5239 minis.llebra:us
929 5194 1109 5238 autem
1178 5186 1411 5238 versioui
1454 5183 1749 5237 LXXvirali
1792 5186 2013 5251 propius

439 5274 704 5347 accedens
731 5274 891 5347 habet
919 5290 931 5326 :
966 5284 1083 5347 mis
1113 5282 1288 5347 men
1315 5282 1451 5330 Nam
1476 5280 1780 5347 Ἥβη-πυ
1800 5255 1883 5347 1:5
1905 5283 2012 5328 nm

439 5343 645 5394 Itacltab
668 5342 793 5394 lauu
816 5343 1059 5396 Itbezrath
1086 5344 1333 5395 mitztzar
1362 5347 1572 5395 rescaub
1604 5345 1781 5394 lidam.
1815 5339 2001 5394 Nemi-

442 5428 561 5466 nem
636 5428 812 5465 auicm
873 5415 949 5465 vel
1016 5415 1241 5465 tironem
1302 5414 1351 5465 in
1415 5413 1677 5466 llebraica
1758 5414 2003 5477 palaestra

444 5486 674 5548 praeterit
702 5482 978 5551 prie/imum
1003 5492 1025 5540 ἰ
1054 5484 1321 5536 interdum
1358 5498 1461 5535 non
1495 5484 1870 5550 conjunctivze,
1911 5484 2003 5534 sed

438 5552 675 5606 causalis
716 5556 993 5622 particulae
1027 5554 1197 5606 vicem
1242 5569 1445 5622 gerere.
1486 5552 1616 5606 Vide
1650 5568 1757 5620 pra:
1793 5553 2002 5605 creteris

439 5622 709 5677 Glassium
734 5621 913 5676 Grant.
946 5625 981 5676 Ι.
1023 5640 1095 5685 tv,
1122 5621 1275 5677 tract.
1308 5624 1355 5683 l,
1386 5628 1597 5677 observ.
1632 5624 1680 5675 7.

508 5691 618 5761 (32)
646 5694 747 5747 lsa.
790 5709 934 5757 xxix,
973 5693 1055 5747 l5.
1104 5696 1182 5747 lta
1228 5703 1355 5747 sunt
1421 5693 1793 5747 transferenda
1854 5707 1996 5744 run

2124 5045 2399 5119 seniorum
2444 5046 2638 5119 verba.
2672 5046 2774 5101 Sed
2812 5046 2871 5100 D.
2908 5046 3221 5119 Hieronymi
3258 5046 3437 5102 versio
3477 5048 3667 5101 habet:

2137 5112 2244 5174 ι’ω,
2275 5117 2365 5184 qui
2410 5112 2661 5183 profundi
2687 5119 2814 5172 estis
2843 5118 3017 5184 corde,
3060 5112 3128 5173 αι’
3147 5136 3179 5172 α
3221 5119 3443 5171 Domino
3473 5120 3678 5171 abscvn—

2122 5186 2261 5236 datis
2316 5188 2622 5249 coiisilium,
2677 5205 2899 5251 quarunt
2952 5201 3074 5241 sunt
3127 5207 3179 5243 in
3236 5190 3462 5241 tenebris
3515 5202 3674 5254 opera.

2118 5272 2187 5324 At
2218 5280 2435 5356 quinm
2472 5282 2626 5336 rem
2651 5284 2800 5338 rixa
2826 5261 2982 5333 “and:
3009 5284 3215 5335 rem:
3246 5285 3576 5358 aptium
3610 5282 3678 5329 un

2115 5368 2391 5419 Dn‘u‘jm
2454 5360 2540 5427 Itoj
2592 5362 3098 5414 liummahlwmikim
3158 5365 3456 5416 uteie/toral:
3515 5360 3674 5415 Lastir

2108 5430 2355 5487 liltelzuh,
2404 5432 2612 5482 reltuielt
2672 5434 3044 5484 bemarhscarh
3101 5436 3489 5494 malrlmsrlmm,
3560 5433 3673 5495 legit

2107 5497 2362 5569 llebrwus
2385 5502 2525 5567 quod
2563 5503 2702 5552 κατὰ
2720 5501 2862 5565 λέξιν
2888 5502 3072 5555 Latine
3091 5514 3303 5556 sonaret
3328 5522 3341 5555 :
3371 5502 3672 5569 prrofuh-

2103 5568 2357 5640 (litoribus
2383 5588 2412 5619 η
2433 5570 2657 5623 Domino
2680 5573 2746 5622 ad
2796 5574 3189 5627 absconsioncm
3216 5574 3443 5640 consilii,
3469 5568 3519 5627 et
3540 5568 3667 5625 eum.

2106 5639 2161 5689 in
2193 5640 2412 5692 tenebris
2442 5657 2597 5707 Opera
2629 5658 2831 5696 eorum.
