3888 6186
203 277 311 358 2'91

1164 307 1267 366 AD
1296 308 1886 370 AMPHILOCHIUM
1947 309 2292 384 QUrESTIO
2323 313 2508 372 XLII.

3279 278 3285 283 ’
3379 307 3484 369 298

204 406 450 474 επαίρει,
484 424 576 458 και
615 408 756 462 κατὰ
811 409 994 481 πάσης
1044 414 1145 483 τῆς
1201 414 1549 485 ἀνθρωπίνης
1580 413 1797 483 φύσεως

1907 417 2251 488 agnoscitur?
2275 420 2344 472 At
2381 419 2451 472 ita
2483 419 2606 484 erit,
2642 418 2686 471 si
2720 418 2844 486 quis
2875 417 3004 472 illud
3031 416 3098 470 ad
3131 431 3479 469 communem

206 497 463 568 εἰρῆσθαι
494 500 721 568 νομίζει’
754 501 897 564 ἐπεὶ,
926 502 979 555 εἴ
1005 519 1089 566 τις
1120 520 1182 570 γε
1201 505 1335 559 αὐτὸ
1361 506 1501 576 πρὸς
1519 507 1622 577 τὴν
1656 507 1794 560 καθ-

207 590 398 661 ολικὴν
462 592 540 662 μὴ
569 591 878 657 ὲκϐιὰζοιτο
897 593 1130 662 ἔννοιαν,
1159 597 1296 651 ἀλλὰ
1319 600 1432 661 τοῖς
1469 598 1621 662 ἰδίοις
1646 599 1794 670 ὅροις

209 683 427 753 συνέχει
447 673 955 756 περιστελλόμενον,
985 687 1096 741 τῶν
1125 689 1391 744 πλειόνων
1423 691 1796 761 ἀτοπημάτων

208 773 504 830 ἀνεύθυνον
549 778 902 848 ὀραθήσεται.

283 955 351 1008 Τί
377 955 470 1009 οὖν
496 957 662 1019 ἐστιν,
706 957 735 1010 ὃ
765 958 940 1026 λέγως
972 959 1093 1012 Ὅτι
1127 975 1232 1029 περ
1261 959 1357 1013 106
1398 957 1797 1030 ’ῐσραηλιτικοῦ

209 1048 408 1114 ἔθνους
439 1051 942 1121 προενήνεκται”τῷ
973 1053 1238 1124 Προφήτῃ
1282 1051 1345 1104 τὸ
1377 1054 1550 1122 ῥῆμα,
1595 1050 1709 1105 ἀλλ’
1737 1051 1798 1104 οὐ

209 1141 346 1210 περὶ
376 1141 592 1195 πάντων
627 1141 815 1204 ἁπλῶς
849 1140 1153 1211 ἀνθρώπιον
1175 1159 1188 1172 ο
1229 1143 1323 1194 καὶ
1369 1142 1451 1195 ὅτι
1495 1142 1672 1194 οὐδενὶ
1701 1159 1801 1195 κα-

208 1234 464 1288 ταλείπει
494 1233 931 1304 ἀμφισϐήτησιν,
983 1233 1121 1304 αὐτή
1155 1250 1217 1303 γε
1247 1236 1280 1304 ἠ
1324 1235 1426 1303 τῆς
1462 1233 1802 1306 προφητείας

210 1325 500 1398 ἐπιγραφὴ
536 1327 824 1396 μαρτυρεῖ·
864 1344 884 1376 ι
913 1327 1144 1396 Ὂρασις
1171 1327 1301 1397 γὰρ,
1326 1325 1510 1395 φησὶν,
1547 1327 1614 1394 ἢν
1661 1320 1803 1378 εἶδεν

225 1418 458 1481 Ἡσαΐας
481 1418 594 1481 nlo;
635 1416 837 1486 Ἀμὼς,
869 1417 936 1487 ἢν
963 1414 1068 1470 εἶδε
1097 1417 1238 1471 κατὰ
1266 1418 1365 1487 τῆς
1404 1416 1684 1479 Ἰουδαίας,
1709 1417 1803 1468 καὶ

211 1511 360 1566 κατὰ
401 1511 753 1582 Ἰερουσαλὴμ
782 1512 841 1564 ὲν
893 1511 1137 1582 βασιλεία
1182 1510 1509 1575 ’οζίου,’καὶ
1545 1509 1802 1580 Ἰωαθὰμ,

214 1605 318 1657 καὶ
350 1602 546 1672 Ἀχαζ,
578 1604 673 1657 καὶ
701 1604 966 1668 Ἐζεκίου.
999 1623 1016 1656 ι
1054 1605 1164 1657 Καὶ
1193 1605 1322 1674 γὰρ,
1358 1603 1452 1657 κού¹
1475 1605 1533 1657 ὲν
1574 1598 1656 1666 οἷς
1683 1602 1803 1656 ἑτέ-

1900 509 2181 564 hominum
2219 510 2587 566 conditionem
2645 510 2856 574 evehat,
2905 509 3057 564 etde
3090 516 3199 562 tota
3241 509 3482 562 humana

1899 610 2092 657 natura
2143 602 2347 658 dictum
2388 617 2511 657 esse
2551 601 2855 671 epinetur:
2913 600 3174 669 quoniam
3231 597 3481 667 pluribus

1898 694 2330 751 absurditatihus
2359 695 2604 748 immune
2625 692 3022 762 conspicietur,
3053 690 3098 744 si
3136 683 3264 758 quis
3303 689 3480 758 ipsum

1899 787 1966 842 ad
2001 788 2366 843 universalem
2404 801 2627 842 sensum
2665 802 2771 840 non
2813 784 3156 852 detorqueat,
3203 780 3299 835 sed
3335 780 3482 834 intra

1814 932 1820 938 _
1900 877 2150 946 proprios
2181 877 2443 931 terminos
2468 876 2785 930 conclusum
2817 873 3079 928 detineat.

1972 967 2114 1036 Quid
2149 970 2314 1039 igitur
2355 968 2574 1024 dicam?
2612 965 2817 1034 Nempe
2868 967 3012 1035 quod
3053 965 3123 1022 de
3180 965 3480 1020 lsraelitica

1902 1071 2082 1133 gente,
2110 1077 2218 1117 non
2254 1070 2434 1116 autem
2463 1061 2530 1115 de
2555 1059 2810 1114 omnibus
2841 1059 3066 1112 omnino
3108 1058 3428 1113 hominibus
3452 1073 3480 1110 a

1905 1153 2162 1222 propheta
2184 1169 2246 1206 ea
2271 1153 2433 1208 verba
2465 1152 2670 1220 prolata
2704 1153 2814 1205 sint
2847 1166 2858 1199 :
2890 1151 3144 1220 quodque
3173 1149 3378 1203 nemini
3419 1149 3486 1202 de

1904 1246 2009 1300 hoc
2038 1245 2345 1314 ambigendi
2378 1244 2716 1310 relinquatur
2757 1243 2928 1305 locus,
2980 1241 3092 1310 ipsa
3133 1241 3327 1309 utique
3358 1255 3485 1306 pro-

1905 1331 2100 1401 phetia:
2151 1331 2433 1399 inscriptio
2496 1337 2747 1385 testatur.
2801 1329 2986 1398 Inquit
3038 1329 3183 1382 enim
3223 1346 3236 1380 :
3274 1347 3292 1378 ι
3331 1325 3482 1380 Visio

1904 1421 2056 1478 Isaiae
2092 1422 2185 1476 ﬁlii
2209 1425 2397 1482 Amos,
2429 1438 2588 1492 quam
2618 1422 2753 1476 vidit
2795 1437 2960 1491 super
2997 1420 3192 1475 Judam
3229 1431 3283 1474 et
3331 1418 3488 1472 Jeru-

1906 1515 2076 1570 salem
2129 1515 2182 1567 iu
2240 1515 2433 1570 diebus
2467 1514 2636 1580 Oziae,
2685 1512 2960 1579 Joatham,
3001 1516 3206 1579 Achaz,
3245 1521 3299 1567 et
3351 1510 3487 1564 Eze-

1907 1603 2043 1659 chiae
2064 1605 2132 1659 ”.
2171 1624 2188 1656 ι
2216 1605 2420 1660 Revera
2455 1606 2537 1660 vel
2573 1606 2664 1661 ubi
2705 1606 2933 1660 aliarum
2979 1605 3218 1675 gentium
3255 1602 3486 1658 mentio-

213 1697 522 1766 ρωνὲθνῶν
549 1699 772 1767 μνήμην
817 1699 1072 1762 ποιεῖται,
1110 1697 1205 1751 καὶ
1263 1697 1482 1768 ὁράσεις
1535 1695 1806 1750 ἀνακαλύ-

1909 1711 2033 1750 nem
2063 1695 2212 1762 facit,
2252 1698 2562 1768 revelatque
2603 1698 2864 1764 visiones,
2914 1705 3062 1752 certe
3089 1696 3285 1750 horum
3319 1696 3485 1748 etiam

213 1800 368 1849 πτει,
407 1784 546 1838 ἀλλὰ
574 1785 683 1855 γὰρ
716 1786 811 1839 καὶ
842 1785 1046 1839 τούτων
1073 1788 1106 1856 ή
1157 1786 1434 1857 διήγησις,
1472 1787 1548 1851 ὼς
1572 1786 1797 1853 ἐπίπαν,

1907 1789 2178 1843 enarratio
2207 1788 2591 1852 lsraelitieum,
2635 1798 2697 1844 ut
2744 1790 3062 1858 plurimum,
3101 1787 3362 1857 populum
3403 1801 3488 1838 re-

211 1873 297 1934 εἰς
322 1873 414 1926 τὸν
452 1873 792 1947 Ἰσραηλίτην
836 1874 962 1929 λαὸν
1018 1877 1232 1947 ἀφορᾷ·
1263 1875 1360 1930 νῦν
1389 1877 1487 1946 μὲν
1534 1877 1798 1948 μάστιγος

211 1965 403 2027 αὐτοῖς
429 1965 889 2038 ἀναπληρούντων
915 1966 1104 2038 χρείαν
1139 1967 1246 2036 τῶν
1276 1967 1611 2038 ἀλλοφύλων,
1645 1967 1799 2039 παρὰ

211 2056 286 2111 τὰ
325 2057 420 2111 106
467 2048 684 2128 Κυρίου
721 2058 1069 2129 δικαιώματα
1119 2059 1535 2130 πορευομένοις·
1586 2059 1685 2114 νῦν
1743 2059 1802 2114 δὲ

212 2153 424 2215 κράτος
468 2151 648 2204 αὐτῶν
683 2151 782 2222 τῆς
816 2150 966 2216 θείας
1009 2153 1182 2223 ῥοπῆς
1237 2152 1673 2224 ὲγχειριζούσης,
1712 2153 1804 2206 καὶ

211 2241 395 2312 νίκην,
423 2240 530 2294 τῶν
569 2243 915 2296 Δεσποτικῶν
938 2243 1170 2310 ἐντολῶν
1198 2244 1688 2314 ἀντιποιουμένοις.

279 2333 393 2384 Ναὶ
416 2332 478 2402 δὴ
511 2332 606 2386 καὶ
656 2331 763 2402 πρό
799 2349 862 2400 γε
901 2333 1151 2403 βραχέως
1175 2331 1271 2386 τοῦ
1299 2335 1668 2405 προκειμένου
1705 2337 1805 2407 ρη-

209 2422 334 2488 106,
368 2424 455 2476 ἵνα
484 2423 553 2476 τὰ
581 2423 718 2478 ἄλλα
747 2425 917 2490 ἐάσω,
950 2426 1439 2498 ἀναμφισϐήτητον
1469 2429 1604 2482 πᾶσι
1628 2429 1801 2485 ποιῶν

210 2520 240 2570 ό
291 2518 602 2589 προφήτης,
663 2519 744 2571 ὅτι
803 2518 930 2589 περὶ
991 2517 1086 2571 106
1159 2519 1554 2591 ἰσραηλιτικοῦ
1608 2521 1802 2590 γένους

211 2609 420 2680 ἐρρέθη
453 2611 534 2676 τὸ,
573 2630 592 2662 ι
616 2611 688 2664 Σὺ
723 2611 1025 2682 ὠργίσθης,
1055 2613 1150 2665 καὶ
1179 2614 1342 2683 ἡμεῖς
1374 2613 1730 2685 ἡμάρτομεν·
1769 2634 1792 2668 ι

209 2701 359 2756 οὕτω
389 2720 507 2766 πως
543 2702 646 2773 ἔφη
676 2720 689 2734 ο
745 2723 764 2754 ι
793 2703 903 2756 Ποῦ
951 2705 1170 2758 ἐστιν...
1214 2705 1243 2754 ὀ
1293 2704 1517 2774 ἀγαγὼν
1559 2708 1625 2776 τῇ
1650 2705 1801 2776 δεξιᾷ

208 2799 476 2869 Μωῦσῆν,
511 2799 539 2850 ὁ
568 2796 810 2872 βραχίων
833 2795 932 2864 τῆς
964 2796 1124 2868 δόξης
1159 2796 1397 2852 αὑτοῦ...
1437 2797 1547 2852 Καὶ
1591 2799 1799 2870 ἤγαγεν

207 2891 410 2954 αὐτοὺς
437 2890 525 2944 διὰ
557 2891 658 2961 τῆς
690 2889 950 2953 ἀϐύσσου,
995 2889 1071 2954 ὡς
1122 2891 1288 2944 ἵππον
1319 2890 1386 2944 δι’
1420 2891 1652 2962 ἐρήμου,
1699 2892 1798 2946 καὶ

204 2984 312 3035 οὐκ
334 2982 698 3036 ἐκοπίασαν...
730 2980 917 3045 Οὕτως
943 2981 1150 3052 ἠγαγες
1171 2981 1262 3034 τὸν
1287 2981 1416 3035 λαόν
1449 2999 1542 3036 σου
1568 2983 1797 3052 ποιῆσαι

207 3074 426 3145 σεαυτῷ
473 3073 846 3145 ὄνομαδόξης.
894 3074 1252 3145 Ἐπίστρεψον
1283 3075 1349 3128 ὲκ
1381 3074 1476 3128 106
1539 3075 1793 3147 ούρανοῦ,

1913 1879 2073 1949 spicit
2113 1898 2129 1931 :
2168 1879 2367 1950 quippe
2407 1880 2582 1936 modo
2635 1880 2856 1950 quidem
2913 1880 3235 1949 alienigena:
3291 1877 3487 1948 ﬂagelli

1911 1981 2094 2041 partes
2143 1973 2440 2041 implebant
2488 1973 2542 2027 in
2602 1987 2727 2026 eum
2801 1982 2995 2026 contra
3066 1968 3489 2040 justiﬁcationes

1908 2064 2122 2119 Domini
2171 2066 2573 2132 ambulantem;
2617 2065 2780 2120 modo
2823 2075 3003 2121 autem
3054 2065 3160 2134 ipsi
3205 2063 3488 2118 Dominica

1906 2157 2164 2211 mandata
2211 2157 2517 2227 capessenti
2602 2157 3030 2228 alienigenarum
3084 2154 3380 2225 potentiam
3425 2167 3491 2207 ac

1907 2249 2189 2303 victoriam
2223 2249 2468 2304 divinant
2497 2249 2764 2321 auxilium
2798 2251 2852 2304 in
2891 2265 3086 2304 manus
3123 2247 3400 2302 tradebat.

1974 2339 2116 2406 Quin
2147 2342 2314 2395 etiam
2347 2346 2511 2410 paulo
2542 2350 2670 2395 ante
2707 2341 3048 2411 propositum
3085 2340 3398 2401 oraculum,
3431 2347 3492 2392 ut
3550 2341 3552 2343 ’

1902 2437 2095 2486 caetera
2133 2441 2472 2499 printercam,
2527 2434 2813 2502 propheta,
2865 2447 2976 2502 quo
3023 2432 3282 2486 omnibus
3334 2439 3488 2484 extra

1902 2521 2258 2578 dubitationis
2306 2523 2479 2577 aleam
2515 2534 2764 2592 poneret,
2795 2520 2853 2579 se
2887 2524 2954 2578 de
2989 2523 3292 2578 Israelitica
3328 2535 3488 2594 gente

1902 2613 2104 2669 dixisse
2133 2613 2264 2668 illud
2295 2631 2308 2667 :
2340 2634 2358 2666 ι
2391 2611 2475 2668 Tu
2517 2616 2694 2671 iratus
2720 2633 2802 2680 es,
2836 2625 2890 2670 et
2913 2629 3014 2669 nos
3048 2617 3430 2684 peccavimus;
3464 2633 3482 2664 ›

1901 2704 1980 2757 sic
2011 2702 2305 2772 aliquando
2355 2703 2534 2773 inquit
2567 2720 2580 2755 :
2612 2723 2632 2756 ι
2677 2703 2777 2759 Ubi
2809 2715 2893 2760 est
3036 2706 3130 2775 qui
3180 2705 3370 2759 eduxit
3419 2703 3490 2775 ad

1899 2795 2179 2851 dexteram
2234 2795 2456 2866 Moysen
2503 2797 2728 2852 brachio
2791 2798 3096 2869 maiestatis
3159 2813 3274 2852 sua:
3425 2797 3493 2851 Et

1899 2887 2087 2945 eduxit
2123 2904 2218 2944 eos
2261 2903 2358 2958 per
2400 2890 2650 2960 abyssos,
2702 2890 2861 2960 quasi
2912 2906 3113 2960 equum
3177 2891 3230 2943 in
3272 2891 3492 2945 deserto

1898 2995 2008 3036 non
2043 2980 2506 3053 impingentem...
2552 2982 2643 3036 Sic
2699 2983 2976 3038 adduxisti
3008 2985 3272 3053 populqu
3309 2994 3487 3048 tuum,

1900 3080 1960 3124 ut
1992 3069 2203 3127 faceres
2241 3073 2334 3126 tibi
2365 3089 2564 3127 nomen
2613 3073 2820 3143 gloriae.
2872 3075 3107 3130 Attende
3137 3077 3203 3130 de
3233 3077 3399 3138 cmlo,
3438 3085 3493 3132 et

205 3170 304 3221 καὶ
343 3169 419 3222 ἴδε
451 3169 514 3221 ὲκ
541 3167 636 3221 106
666 3168 818 3220 οἴκου
845 3165 941 3219 τοῦ
975 3166 1134 3234 ἁγίου
1169 3183 1285 3232 σου,
1321 3167 1419 3220 καὶ
1454 3166 1683 3240 δόξης...
1718 3169 1791 3221 Σὺ

1907 3163 2026 3217 vide
2047 3165 2116 3219 de
2142 3165 2451 3219 habitaculo
2476 3173 2668 3220 sancto
2703 3172 2815 3229 tuo,
2837 3175 2890 3219 et
2921 3167 3201 3232 gloriam...-
3235 3167 3316 3221 Tu
3345 3169 3490 3223 enim

206 3261 320 3329 γᾴρ
350 3259 507 3330 ἡμῶν
578 3257 628 3314 εἰ
672 3261 875 3331 πατὴρ,
897 3261 979 3314 ὅτι
1011 3257 1269 3331 Ἀϐραὰμ
1291 3259 1392 3314 οὐκ
1433 3261 1576 3329 ἔγνω
1629 3263 1798 3332 ἡμᾶς,

203 3354 304 3406 καὶ
345 3350 560 3423 Ἰσραὴλ
586 3352 684 3406 οὐκ
713 3354 930 3420 ὲπέγνω
961 3353 1129 3422 ἡμᾶς.
1172 3371 1191 3403 ι
1247 3350 1359 3404 Καὶ
1385 3351 1617 3424 ὀχληρὸν
1665 3352 1798 3415 ίσως

206 3441 390 3493 πάντα
414 3440 758 3508 καταλέγειν.

291 3533 449 3586 Ἐπεὶ
479 3529 572 3586 οὖν
619 3533 1092 3607 περιφανέστατον
1121 3533 1370 3601 γέγονεν,
1408 3534 1484 3596 ὡς
1511 3535 1642 3604 περὶ
1704 3536 1799 3588 τοῦ

216 3623 620 3695 ἰσραηλιτικοῠ
677 3624 866 3693 γένους
894 3624 980 3678 τό·
1053 3643 1071 3675 ι
1114 3624 1249 3677 Ἰδοὺ
1317 3624 1639 3695 ὡργίσθης,
1702 3626 1832 3679 καὶ¹

207 3719 731 3788 ἡμείςήμὰρτομεν,
746 3738 764 3769 ι
788 3719 1001 3789 εἴρηται
1021 3733 1034 3746 ·
1057 3718 1336 3789 ἐπιζητεῖν
1358 3720 1476 3771 ἐστι
1493 3718 1802 3781 λοιπὸν,καὶ

203 3811 348 3861 διότι
387 3813 621 3878 εἴρηται;
655 3809 870 3863 Πολλῶν
897 3809 1301 3870 ἀπολαύσαντες
1329 3809 1668 3879 παραδόξων,
1708 3809 1802 3862 καὶ

206 3902 510 3972 ὑπερφυῶν
549 3901 746 3973 ἔργων’
811 3901 972 3955 τοῦτο
1009 3902 1105 3971 μὲν
1146 3899 1552 3971 μαστιζομένην
1575 3900 1677 3969 τὴν
1714 3900 1802 3952 Αἵ·

207 4010 423 4061 γυπτον
451 3994 518 4046 δι’
551 3995 745 4056 αὐτοὺς
768 3993 900 4046 δέκα
927 3993 1162 4062 πληγαῖς
1187 3993 1494 4064 ἑωρακότες
1518 4009 1532 4023 θ
1563 3991 1718 4045 10610
1741 3992 1800 4046 δὲ

206 4086 339 4144 τοὺς
367 4082 659 4152 πολεμίους
709 4083 1100 4146 ἐπιδιώκοντας
1145 4083 1276 4136 ἄνευ
1323 4084 1529 4153 χειρὸς,
1559 4082 1655 4136 καὶ
1712 4083 1801 4136 δό-

209 4191 377 4244 9110;
409 4174 758 4246 πανωλεθρίᾳ
778 4174 1176 4243 διαφθαρέντας
1199 4190 1212 4203 ·
1242 4174 1402 4228 τοῦτο
1420 4175 1478 4228 δὲ
1509 4176 1606 4244 τὴν
1628 4174 1802 4244 ὑγρὰν

208 4267 376 4337 φύσιν
395 4266 535 4339 ξηρὰ
563 4269 629 4321 τὰ
656 4267 799 4322 νῶτα
831 4269 1160 4338 πεζοπορείν
1182 4269 1613 4338 παρασχομένην
1631 4285 1646 4299 ο
1671 4266 1803 4320 στύ-

206 4356 300 4408 λον
329 4357 504 4426 πυρὸς
542 4358 601 4411 ὲν
624 4357 780 4410 νυκτὶ
837 4357 1180 4428 πυρσεύοντα
1212 4362 1348 4426 πρὸς
1378 4357 1496 4412 ὁδὸν
1537 4358 1752 4413 εὐθεῖαν
1784 4373 1798 4387 ⁸

206 4449 303 4502 καὶ
324 4449 557 4518 νεφέλην
586 4450 760 4518 φωτὸς
816 4450 914 4514 τὰς
937 4450 1046 4504 ἀπὸ
1095 4450 1190 4503 τοῦ
1229 4451 1448 4513 Ἡλίου,
1501 4451 1802 4520 στέγουσαν

1902 3263 2054 3324 pater
2078 3265 2285 3322 noster,
2321 3269 2376 3311 et
2426 3257 2705 3312 Abraham
2768 3261 3004 3314 neseivit
3062 3275 3182 3326 nos,
3227 3269 3282 3315 et
3327 3259 3496 3315 Israel

1904 3345 2174 3416 ignoravit
2201 3349 2386 3404 nos“.
2420 3366 2440 3399 ι
2462 3350 2540 3404 Ac
2571 3349 2862 3405 molestum
2888 3350 3123 3406 fortasse
3151 3351 3493 3406 foretomnia

1903 3454 2250 3510 percensere.

1971 3535 2110 3590 Cum
2137 3534 2316 3604 igitur
2365 3523 2806 3591 luéulentissime
2834 3545 3051 3592 constet
3083 3536 3150 3590 de
3188 3535 3494 3590 lsraelitira

1903 3637 2061 3694 gente
2094 3627 2198 3681 hoc
2227 3644 2242 3679 :
2280 3644 2301 3679 ι
2331 3625 2472 3682 Ecce
2508 3627 2686 3682 iratus
2715 3641 2794 3692 es,
2827 3637 2884 3680 et
2909 3642 3009 3682 nos
3051 3628 3419 3696 peccavimus,
3469 3647 3488 3678 ι

1905 3714 2076 3770 fuisse
2103 3716 2342 3781 dictum;
2388 3715 2660 3783 reliquum
2686 3726 2771 3770 est
2816 3726 2895 3781 ut,
2931 3726 2984 3769 et
3015 3730 3115 3770 cur
3151 3716 3358 3770 dictum
3397 3717 3491 3779 sit,

1905 3809 2269 3878 inquiramus.
2302 3807 2486 3862 Multis
2519 3807 2727 3862 Hebraei
2757 3807 3193 3867 incredibilibus.
3226 3823 3290 3860 ac
3333 3819 3496 3860 natu-

1908 3917 1980 3956 rae
2009 3902 2154 3955 vires
2183 3900 2574 3956 excedentibus
2606 3901 2868 3970 prodigiis
2897 3901 3086 3965 ditati;
3145 3914 3271 3953 cum
3324 3901 3493 3954 vidis-
3574 3895 3577 3898 ’

1905 4001 2028 4049 sent
2091 3989 2255 4047 modo
2334 3990 2633 4063 [Egyptum
2684 3992 2869 4046 decem
2932 3992 3108 4062 plagis
3163 3999 3386 4062 propter
3435 4007 3494 4046 se

1904 4081 2231 4152 ﬂagellatam
2295 4083 2376 4148 ⁴³;
2435 4082 2599 4136 modo
2671 4091 3066 4151 persequenles
3123 4083 3310 4136 hostes
3373 4083 3494 4136 sine

1906 4191 2067 4229 manu
2102 4185 2156 4229 et
2214 4175 2372 4230 hasta
2427 4173 2668 4242 perditos
2714 4187 2779 4227 ac
2827 4173 3145 4244 proﬂigatos
3186 4173 3271 4237 “;
3330 4174 3494 4227 modo

1905 4269 2185 4323 humidam
2225 4268 2510 4321 materiam
2542 4266 2622 4320 eis
2651 4267 2884 4329 siceum,
2913 4275 2972 4319 ut
3007 4266 3236 4334 pedibus
3272 4265 3496 4319 incede-

1905 4371 2048 4424 rent,
2079 4361 2253 4415 solum
2294 4359 2624 4429 praebentem
2659 4358 2744 4421 "';
2788 4359 3098 4410 columnam
3138 4357 3277 4427 ignis
3336 4365 3495 4410 nocte

1907 4455 2312 4524 praelucentem,
2347 4461 2408 4506 ut
2440 4461 2640 4506 rectam
2681 4458 2940 4520 caperent
2972 4450 3152 4510 viam;
3189 4456 3244 4502 et
3285 4448 3488 4501 nubem

205 4541 459 4604 ἀκτῖνας,
492 4539 569 4602 ὡς
603 4540 938 4613 ἀλυπότερον
993 4542 1240 4610 γίνεσθαι
1267 4542 1368 4615 τὴν
1421 4543 1738 4613 ὁδοιπορίαν
1774 4558 1790 4573 ⁸

1907 4548 2045 4602 lucis
2067 4545 2253 4601 radios
2277 4561 2307 4599 a
2336 4544 2452 4599 sole
2497 4544 2730 4598 emissos
2769 4550 3062 4610 tegentem,
3098 4547 3156 4592 nt
3190 4537 3494 4608 jucundius

206 4633 378 4703 ἄρτον
423 4633 715 4704 οὐρανόθεν
762 4636 1034 4706 Μωσαῖκῇ
1072 4634 1298 4708 γλώσσῃ
1338 4635 1796 4707 γεωργούμενον·

210 4726 307 4778 καὶ
341 4723 618 4780 θάλασσαν
651 4728 748 4780 καὶ
784 4729 888 4799 γῆν
937 4727 1302 4799 αὐτοσχεδίων
1343 4728 1608 4799 θυμόιτων
1656 4728 1800 4800 τρά-

210 4816 384 4882 πεζαν
411 4817 594 4883 αὐτοῖς
625 4821 1154 4891 παρασκευάζουσαν
1178 4822 1318 4891 (35)·
1359 4821 1501 4890 ὕδωρ
1541 4821 1600 4889 ἐξ
1630 4822 1798 4895 ἀκρο-

278 4997 327 5030 δι
362 4997 467 5070 lsa.
500 5014 536 5060 ι,
572 4998 622 5050 l.
702 4998 746 5031 δ’
781 4997 880 5070 lsa.
912 5014 1067 5066 ωιιιι,
1103 5001 1350 5070 Ηλεοᾳιι.

210 5084 392 5140 seqq.;
416 5067 608 5135 Josue,
634 5084 718 5134 ιιι,
745 5069 810 5123 15
836 5087 989 5141 seqq.
1067 5072 1114 5102 ⁸⁸
1168 5067 1338 5126 Exod.
1373 5088 1488 5138 sui,
1514 5072 1576 5124 ‘2!
1611 5089 1730 5143 seq.

1428 5002 1474 5034 “
1503 4999 1673 5055 Exod.
1702 5017 1799 5062 vu.
1833 5016 1949 5064 viti,
1989 5015 2065 5066 ιιι,
2099 5017 2151 5064 x,
2185 5015 2262 5054 ιιι.
2339 4997 2385 5029 ⁵⁸
2421 4996 2591 5053 Exod.
2626 5011 2738 5064 3m,
2773 4996 2806 5051 6
2846 5007 2998 5065 seqq.

1807 5071 1851 5102 ⁸⁷
1887 5071 2061 5126 Exod.
2101 5087 2213 5135 xvi,
2251 5070 2318 5124 15
2353 5084 2510 5141 seqq.

1907 4636 2010 4692 iter
2037 4636 2399 4692 conﬁceretur
2428 4634 2507 4700 ἰ⁶;
2543 4646 2736 4704 panem
2776 4632 2994 4688 caelitus
3041 4629 3279 4686 Mosaica
3310 4629 3496 4698 lingua

1908 4739 2158 4800 paratum
2185 4727 2263 4794 ‘7;
2311 4737 2423 4782 tum
2473 4740 2646 4790 mare,
2708 4734 2822 4779 tum
2866 4733 3065 4778 terram
3120 4719 3494 4775 tumultuariis

1907 4823 2101 4878 hostiis
2137 4837 2355 4877 mensas
2383 4834 2574 4875 eorum
2603 4824 2989 4875 exstruentem
3025 4814 3164 4883 (54);
3199 4828 3398 4883 aquam
3421 4826 3492 4868 ex

3077 4992 3122 5024 "
3147 4991 3277 5047 ibid.
3312 5005 3432 5058 XL,
3463 4991 3488 5046 1

1735 5205 1968 5262 NOTAE.

205 5365 208 5367 ’
245 5419 257 5423 Α
287 5345 403 5418 (55)
431 5347 987 5423 ΔῙιιιιρασιιευαζούσιις
1024 5367 1253 5406 numero
1310 5352 1676 5423 πληθυντικοῦ
1715 5354 1796 5408 ad

211 5419 599 5488 elegantiorem
643 5419 874 5474 fortasse
929 5421 1181 5485 σύνταξιν
1237 5419 1796 5478 ΙιιιιιοιΒιιιηιιιιιὶιιιιε.

285 5489 408 5562 (34)Δ
442 5489 498 5562 _Si
524 5489 772 5562 hoc_loco
825 5491 1093 5562 intelligas
1123 5493 1274 5546 cibos
1306 5510 1333 5546 a
1378 5503 1519 5547 terra
1576 5505 1630 5547 et
1659 5493 1797 5547 mari

212 5560 590 5628 conquisitos;
625 5559 863 5634 fortasse
887 5565 950 5634 ad
981 5559 1068 5616 res
1105 5579 1170 5615 ex
1219 5562 1598 5634 IEgyptiorum
1655 5576 1796 5618 terra

214 5638 523 5703 asportatas
552 5640 612 5703 et
634 5629 705 5684 ad
730 5633 1042 5703 coturnices
1068 5644 1228 5686 vento
1251 5629 1428 5689 valido
1452 5651 1616 5703 supra
1648 5650 1798 5688 mare

216 5699 446 5778 delatas,
467 5698 638 5754 Exod.
663 5717 777 5778 xvi,
811 5703 878 5756 15
900 5701 1129 5778 ειΝιιιιι.
1159 5706 1343 5778 x531.
1379 5705 1432 5778 id
1452 5698 1794 5778 retinendum

216 5777 320 5821 est.
346 5770 402 5823 Si
432 5779 613 5825 autem
643 5771 815 5840 spolia
842 5789 908 5829 ex
951 5773 1248 5839 proﬂigatis
1276 5775 1520 5830 hostibus
1555 5777 1794 5832 detracta

1899 5352 1990 5407 hic
2008 5350 2158 5404 innni
2183 5349 2449 5419 epinaris,
2473 5348 2640 5403 habes
2656 5361 2884 5422 easq‘uae
2913 5360 2978 5422 ex
2997 5342 3498 5422 Egyptiorumnca-

1897 5423 2191 5476 daverihus
2218 5413 2412 5488 capere
2442 5429 2754 5487 potuerunt,
2781 5413 2960 5470 Exod.
3007 5413 3216 5488 ιιζςᾷι,
3258 5423 3313 5466 et
3338 5413 3494 5488 alias,

1897 5509 2018 5560 qua:
2077 5507 2141 5544 ex
2187 5483 2371 5545 multis
2416 5483 2590 5557 captis
2639 5488 3001 5560 direptisque
3035 5485 3268 5560 urbibus
3315 5483 3500 5536 relata:

1896 5553 2044 5616 sunt.
2077 5560 2232 5624 Vide,
2260 5553 2614 5632 praegcacteris
2647 5553 3003 5632 Pentateucbi
3033 5556 3192 5618 locis,
3236 5553 3498 5632 Dettterii-

1898 5634 2167 5698 nomium,
2229 5625 2290 5688 ιι.
2326 5629 2424 5688 ‘25.
2491 5641 2545 5684 et
2577 5644 2658 5692 ιιι,
2715 5629 2764 5682 7.
2822 5625 3035 5698 Ιιιιοηρι
3068 5634 3258 5698 aperte
3291 5625 3496 5676 dicitur

1896 5705 2075 5772 rapite
2126 5695 2216 5768 xix,
2274 5702 2362 5767 M,
2415 5699 2668 5756 Comedes
2725 5701 2788 5752 de
2843 5697 3030 5768 spoliis
3088 5695 3325 5750 hostium
3379 5700 3500 5745 tuo-

1899 5790 2036 5828 runt.
