3808 6288
433 332 538 396 23$

1589 330 1785 390 PHOT
1794 329 1850 388 [Ι
1887 323 2392 387 PATRIARCHA‘J
2417 324 2527 382 (ΖΡ.

3579 308 3678 370 300

435 452 710 514 praerupta
735 457 866 510 rupe
894 441 1249 496 inexhaustos
1275 443 1524 496 edentem
1560 442 1738 496 fontes
1765 441 1810 473 “
1835 457 1849 492 :
1882 453 2008 493 cum

2134 432 2279 502 τόμον
2323 433 2527 500 πέτρας
2583 428 2764 497 πηγὰς
2807 422 3115 484 ἀκενώτους
3159 414 3462 480 ἀναϐλύζον
3490 430 3511 448 ο
3558 417 3677 470 τού-

440 535 527 592 bis
555 534 832 598 omnibus,
879 548 1001 602 quae
1053 549 1153 587 nec
1191 533 1445 602 exprimi,
1491 547 1588 587 nec
1619 532 1842 600 intelligi
1881 544 2010 600 pos-

441 637 591 693 sunt,
639 626 914 682 beneficiis
965 639 1029 678 ac
1071 624 1230 678 donis
1299 622 1611 678 fruerentur
1672 623 1914 689 llebrmi;
1958 631 2013 676 et

441 718 844 791 quodammodo
895 732 1237 786 quaecunque
1275 715 1340 770 ad
1380 732 1476 772 eos
1509 715 1874 785 pertinebant,
1923 729 2012 768 es-

441 818 564 865 sent
597 807 852 875 peculiari
885 816 1032 862 sorte
1056 807 1274 867 selecta.
1303 821 1368 861 ac
1403 807 1505 860 sub
1543 805 1818 860 communi
1848 815 2012 859 caete-

444 900 520 954 ris
571 898 883 953 hominibus
922 897 1256 965 providentia
1293 909 1345 952 et
1377 898 1651 968 vigilantia
1699 913 1806 951 non
1847 897 2015 951 conti-

444 999 740 1056 nerentur;
797 989 1170 1058 hujuscemodi
1233 989 1395 1042 verba
1445 988 1737 1042 emittunt:
1779 1006 1797 1038 ι
1849 987 2010 1053 Deus,

444 1083 538 1150 qui
579 1087 691 1134 haec
737 1080 917 1135 omnia
971 1080 1158 1146 gratis,
1189 1087 1352 1146 atque
1401 1093 1464 1131 ex
1511 1078 1624 1131 sola
1685 1076 2015 1145 benignitate

445 1170 605 1225 nobis
633 1169 1062 1238 impertiebatur,
1088 1183 1194 1221 non
1223 1168 1560 1236 permisisset
1589 1183 1692 1220 nos
1726 1182 2012 1235 peccasse;

449 1263 553 1318 nisi
585 1262 808 1315 nimiam
852 1277 1007 1316 suam
1052 1276 1116 1314 ac
1142 1259 1469 1313 int-ﬂabilem
1498 1274 1624 1327 erga
1660 1273 1759 1313 nos
1803 1273 2013 1324 curam,

447 1361 502 1405 ct
532 1350 863 1420 vigilantiam
895 1351 946 1404 in
974 1352 1108 1404 iram
1138 1349 1354 1403 sivisset
1392 1350 1710 1417 permutari.
1751 1366 1769 1398 ι

520 1445 695 1510 Atque
724 1443 838 1496 haec
869 1443 1052 1495 dicere
1087 1454 1139 1495 et
1169 1442 1408 1510 cogitare
1450 1449 1632 1508 posset
1664 1440 1827 1493 Israel
1860 1440 2017 1494 obse-

448 1533 674 1594 crando,
708 1548 812 1586 non
849 1531 1200 1597 allii-mando;
1237 1546 1412 1599 neque
1440 1529 1767 1599 proferendo
1797 1529 2014 1598 dogma,

448 1624 540 1680 sed
570 1624 892 1678 concitando
925 1623 1365 1688 miserationem;
1395 1637 1569 1690 neque
1597 1629 1656 1674 ut
1698 1637 1819 1675 sese
1851 1634 2016 1687 nega-

450 1708 533 1765 ret
585 1727 707 1766 esse
761 1711 962 1778 peccati
1021 1725 1266 1772 causam,
1327 1709 1419 1764 sed
1466 1718 1523 1762 ut
1573 1706 2016 1761 lamentationem

2111 542 2220 579 των
2244 524 2499 577 ἁπάντων
2525 521 2634 574 τῶν
2659 519 2796 588 ὑπὲρ
2843 517 3021 584 λόγον,
3061 513 3160 567 καὶ
3205 511 3413 564 ἔννοιαν
3459 507 3678 576 εὐεργε-

2117 615 2270 679 σιῶν,
2333 614 2430 667 καὶ
2473 611 2693 683 δωρεῶν
2748 605 3038 663 ἀπολαύων
3095 606 3124 657 ὁ
3156 602 3394 672 Ἰσραὴλ,
3461 601 3561 654 καὶ
3615 602 3683 663 ὡς

2114 707 2377 761 πάντατὰ
2408 705 2537 774 περὶ
2559 703 2756 765 αὐτοὺς
2780 699 2866 769 εἴη
2931 697 3066 767 πρῆς
3111 694 3174 748 τὸ
3221 692 3508 764 ἐξαίρετον
3557 692 3683 744 ἀπο-

2115 795 2530 867 κεκληρωμένα,
2557 793 2652 845 καὶ
2678 791 2738 844 οὗ
2765 790 2906 844 κατά
2935 788 3034 858 τὴν
3057 786 3222 854 ἄλλην
3245 783 3357 836 τῶν
3381 781 3686 852 ἀνθρώπων

2115 889 2372 961 πρόνοιάν
2399 904 2480 950 τε,
2511 887 2607 939 καὶ
2646 881 2996 953 κηδεμονίαν,
3037 878 3232 950 ἀφίησι
3269 877 3460 946 φωνὴν
3512 871 3683 926 τοιαῦτ

2115 998 2236 1050 την,
2274 1000 2292 1030 ι
2331 979 2417 1041 Ὠς
2441 980 2470 1028 ὁ
2505 976 2680 1030 ταῦτα
2702 976 2922 1043 προῖκα,
2949 970 3043 1024 καὶ
3067 969 3154 1021 διά
3187 967 3357 1037 μόνην
3381 964 3689 1032 ἀγαθότητα

2117 1069 2416 1142 παρασχὼν
2442 1070 2596 1138 ἡμῖν,
2619 1066 2727 1120 οὐδ’
2748 1065 2814 1118 ἂν
2848 1064 3114 1133 ἁμαρτεῖν
3147 1060 3329 1112 είασεν
3349 1073 3366 1087 ο
3409 1058 3462 1108 εί
3491 1055 3568 1125 μὴ
3602 1053 3694 1123 τὴν

2116 1165 2313 1234 πολλὴν
2343 1161 2528 1226 αὑτοῦ,
2560 1162 2656 1213 καὶ
2675 1157 3065 1226 ἀνεκδιήγητον
3113 1153 3242 1222 περ)⁸
3276 1151 3428 1222 ἡμᾶς
3483 1146 3692 1216 φροντί-

2115 1260 2202 1322 δα,
2248 1259 2343 1311 καὶ
2397 1251 2729 1324 κηδεμονίαν
2769 1250 2849 1312 είς
2877 1247 3046 1320 ὀργὴν
3110 1245 3293 1314 ἀφῆκε
3349 1235 3695 1310 περιτραπῆ-

2117 1367 2227 1404 ναι.
2269 1367 2288 1399 ι

2188 1439 2299 1492 Καὶ
2393 1434 2568 1488 ταῦτα
2656 1428 3024 1500 ποτνιώμενος
3113 1425 3201 1496 εἴη
3276 1423 3364 1487 ἂν,
3415 1421 3519 1473 καὶ
3607 1418 3696 1470 λέ-

2117 1546 2249 1596 γων,
2304 1527 2399 1579 καὶ
2437 1521 2816 1591 διανοούμενος
2877 1522 2906 1573 ὁ
2951 1516 3197 1588 Ἰσραὴλ,
3243 1513 3360 1568 ἀλλ’
3415 1513 3524 1565 οὐκ
3571 1511 3695 1563 ἁπο-

2121 1620 2445 1691 φαινόμενος
2477 1632 2492 1646 ⁶
2553 1615 2674 1668 οὐδὲ
2723 1611 3085 1682 δογματίζων,
3141 1609 3255 1662 ἀλλ’
3304 1601 3694 1669 ὲλεεινολογού·

2125 1727 2300 1783 μενος·
2339 1710 2457 1762 οὐδὲ
2495 1709 2592 1779 τὴν
2613 1705 2790 1759 αἰτίαν
2808 1705 2902 1758 τοῦ
2922 1702 3255 1773 ἁμαρτάνειν
3304 1697 3691 1766 ἀπολυόμενος,

449 1801 672 1863 faceret,
716 1816 980 1869 suamque
1031 1801 1380 1854 deliberatam
1424 1798 1825 1867 improbitatem
1874 1797 2024 1850 incu-

2134 1799 2263 1853 ἀλλά
2284 1795 2647 1867 Θρηνολογῶν,
2680 1796 2774 1846 καί
2795 1795 2896 1864 τὴν
2956 1791 3092 1843 ἰδίαν
3123 1785 3485 1841 ὲθελοκακίαν
3514 1799 3696 1836 καται-

449 1902 612 1947 saret.
633 1891 812 1956 Quare
838 1907 900 1945 ea
930 1906 1146 1960 quoque
1173 1905 1295 1959 quae
1337 1899 1621 1958 paternum
1655 1888 1747 1943 Dei
1781 1903 2018 1941 amorem

449 1992 505 2036 et
532 1982 963 2036 misericordiam
999 1996 1214 2036 movere
1250 1990 1485 2049 possent,
1515 1980 1638 2034 aliis
1679 1978 1868 2033 attexit
1899 1993 2019 2032 ver-

452 2073 537 2128 bis
567 2089 611 2125 :I
640 2070 718 2125 Tu
746 2080 898 2140 pater
923 2081 1128 2136 noster,
1152 2071 1426 2124 Abraham
1461 2061 1689 2124 nescivit
1713 2084 1813 2123 nos

452 2180 484 2217 a
517 2164 716 2218 saeculo
745 2179 940 2218 nomen
981 2173 1130 2216 tuum
1166 2178 1326 2230 super
1350 2177 1450 2216 nos
1471 2161 1550 2224 ‘9,
1595 2180 1613 2211 ι
1677 2169 1732 2214 et
1767 2175 2024 2229 quaecun-

453 2269 560 2326 que
599 2253 703 2307 alia
757 2253 824 2306 ad
883 2251 1277 2306 IIIiserationeIII
1334 2258 1388 2304 et
1440 2249 1785 2304 clementiam
1840 2250 2024 2302 conci-

456 2343 690 2399 liandam
721 2343 925 2412 adjecta
952 2351 1114 2406 sunt;
1148 2351 1208 2394 ut
1235 2339 1629 2409 prepemodum
1665 2339 1811 2394 dicat
1834 2357 1876 2392 ει
1919 2339 2024 2392 Pro

454 2437 600 2505 quali
624 2435 731 2504 (hei
761 2435 948 2501 mihi!)
972 2433 1127 2502 copia
1160 2433 1451 2496 donorum,
1483 2441 1538 2484 et
1567 2431 1752 2499 gloriae
1794 2447 1891 2499 per
1915 2430 2026 2483 uni-

454 2543 673 2581 versum
701 2527 885 2580 orbem
923 2532 1246 2594 pervagatae,
1269 2523 1534 2592 qualibus
1572 2523 1810 2590 peccatis
1847 2523 2026 2591 impli-

455 2626 637 2683 catus,
689 2624 744 2670 et
790 2616 967 2670 factus
1012 2613 1398 2687 [opprobrium
1451 2619 1507 2667 et
1549 2611 1944 2684 subsannatio]
1979 2613 2025 2644 ⁸ο

455 2708 832 2783 deprehendor
856 2711 868 2762 i
907 2725 925 2758 ι
1543 2723 1548 2728 ·

524 2799 679 2868 Quod
712 2801 758 2856 si
796 2800 849 2853 in
879 2799 1013 2852 duas
1051 2810 1235 2868 parIes
1288 2797 1489 2867 ubique
1533 2793 1768 2867 dispesci
1812 2796 2029 2866 conspi-

456 2895 681 2949 ciuntur
710 2889 920 2944 Hebraei
949 2904 962 2941 :
999 2889 1246 2943 nonnulli
1272 2890 1416 2943 enim
1443 2903 1632 2942 eorum
1669 2888 1896 2942 vitulum
1924 2888 2028 2944 sibi

457 2985 695 3041 conﬂant
729 2982 1169 3052 derelinquentes
1201 2981 1367 3034 Deum
1395 2982 1473 3047 ⁶¹;
1509 2993 1673 3051 atque
1713 2983 1764 3035 hi
1803 2990 1858 3036 et
1886 2982 2031 3038 caade

458 3081 512 3125 et
539 3080 710 3125 morte
741 3084 933 3138 pamas
956 3069 1215 3124 facinoris
1241 3069 1422 3133 luunt,
1452 3068 1704 3124 Massica:
1728 3073 2027 3135 sententiae,

459 3172 553 3217 aut
583 3162 762 3230 potius
790 3161 939 3229 justo
982 3159 1076 3214 Dei
1115 3161 1324 3228 judicio
1369 3161 1600 3229 subjecti
1635 3161 1681 3192 ⁸²
1725 3178 1737 3214 :
1786 3162 2032 3216 nonnulli

463 3258 720 3320 praeterea
774 3251 1052 3306 incensum
1087 3251 1321 3306 offerunt
1369 3250 1476 3306 Deo
1504 3291 1518 3316 ,
1552 3252 1635 3306 his
1665 3261 1846 3306 autem
1877 3261 2034 3309 terra:

468 3345 648 3399 hiatus
704 3353 1185 3413 extemporaneum
1238 3345 1370 3398 fmnt
1403 3345 1709 3413 Sepulcrum
1752 3346 1826 3412 5’;
1875 3361 2035 3416 porro

465 3435 756 3490 nonnullos
805 3435 1037 3491 flammae
1076 3451 1106 3491 a
1149 3436 1259 3492 Deo
1313 3437 1574 3492 immissae
1643 3438 1926 3504 devorant,
1977 3450 2036 3494 ut

463 3527 908 3582 murmurationis
952 3526 1158 3582 crimen
1207 3527 1543 3583 ulciscantur
1587 3527 1667 3592 ll‘;
1713 3527 1802 3581 alii
1847 3538 2035 3582 contra

464 3620 521 3674 in
554 3617 645 3674 Dei
679 3618 1109 3674 misericordiam
1150 3629 1204 3674 et
1235 3620 1290 3674 in
1331 3618 1526 3673 bonam
1558 3618 1769 3690 frugem
1800 3635 1860 3675 se
1901 3620 2038 3674 reci-

465 3705 698 3776 pientes,
734 3709 1071 3763 incredibilis
1117 3710 1265 3765 illius
1309 3710 1543 3779 portenti
1586 3718 1919 3778 spectatores
1974 3725 2038 3764 ac

468 3807 633 3852 testes
682 3796 818 3852 fiunt
875 3796 955 3864 ";
1007 3813 1072 3854 ac
1111 3797 1327 3853 illorum
1389 3798 1607 3868 quidem
1683 3798 1924 3853 membra
1982 3800 2036 3852 in

467 3887 682 3942 deserto
715 3889 935 3953 cadunt,
969 3898 1230 3960 terraique
1262 3892 1545 3960 promissas
1591 3890 1904 3957 judicantur
1955 3892 2039 3945 in-

469 3980 614 4048 digni
642 3979 720 4047 “;
749 3980 801 4033 hi
829 3991 1012 4035 autem
1041 3981 1110 4035 ab
1154 3982 1642 4051 repromissionum
1695 3983 2040 4039 assecutioue

472 4087 575 4126 non
607 4072 866 4126 excidunt
894 4073 979 4139 5’;
1030 4083 1193 4143 atque
1232 4074 1351 4129 alia-
1385 4073 1673 4129 innumera
1688 4089 1720 4128 ἐ
1753 4090 1877 4128 cum
1939 4075 2042 4130 ita-

469 4177 574 4231 que
625 4161 922 4218 Israelitica
977 4165 1125 4218 natio
1183 4163 1254 4218 ita
1316 4165 1368 4218 in
1421 4164 1558 4220 duas
1614 4165 2041 4234 distingueretur

469 4264 672 4322 partes,
705 4271 936 4324 quarum
983 4256 1149 4310 altera
1185 4256 1590 4324 resipiscentes,
1625 4257 1794 4312 altera
1826 4273 2041 4327 perver-

469 4362 562 4401 sos
591 4347 1006 4415 complectitur;
1040 4345 1199 4399 nihil;
1215 4345 1482 4415 prohibet,
1517 4349 1812 4416 quominus
1846 4349 2040 4418 resipi-

2122 1887 2400 1956 τιὼμενος.
2431 1884 2522 1936 Διὸ
2566 1881 2680 1945 καὶ,
2713 1879 2748 1934 δι
2780 1877 3034 1949 στοργὴν,
3098 1878 3194 1928 καὶ
3220 1873 3367 1927 ἔλεον
3424 1869 3696 1925 ἀνακινεῖν

2122 1972 2251 2034 οἶδε,
2276 1974 2388 2032 τοῖς
2425 1970 2604 2032 ἄλλοις
2636 1968 2915 2021 διαπλέκει
2941 1967 3198 2035 ῥήμασιν·
3234 1979 3253 2013 ι
3297 1959 3492 2030 Πατὴρ
3550 1957 3696 2025 ἡμῶν

2123 2059 2172 2115 εἷ
2198 2060 2282 2116 σύο
2324 2056 2573 2127 Ἀϐραὰμ
2631 2056 2732 2107 οὐκ
2787 2053 2929 2120 ἔγνω
2983 2051 3220 2120 ήμᾶς....
3274 2047 3371 2100 ἀπ’
3413 2045 3597 2117 ἀρχῆς
3641 2040 3696 2094 τὸ

2123 2153 2292 2223 δνομά
2324 2168 2418 2204 σου
2451 2151 2536 2218 ἐφ’
2565 2149 2728 2217 ἡμᾶς·
2760 2165 2779 2197 ›
2811 2146 2902 2197 καὶ
2925 2144 3024 2196 ὅσα
3055 2142 3190 2194 ἄλλα
3221 2139 3544 2209 συνείρηται
3570 2153 3697 2204 συμ-

2125 2244 2376 2306 πάθειαν,
2400 2241 2494 2294 καὶ
2526 2239 2809 2308 εὐμένειαν
2866 2235 3044 2286 ’ἐλκειν
3072 2230 3364 2301 δυνάμενα,
3417 2226 3698 2300 μονονουχὶ

2124 2333 2318 2400 λέγων·
2359 2349 2377 2382 t
2425 2331 2514 2392 Ὠς
2541 2328 2657 2381 ἀνθ’
2711 2326 2822 2379 οἵου
2856 2323 3086 2377 πλούτου
3115 2322 3356 2390 δωρεῶν,
3384 2321 3440 2372 οί
3467 2336 3580 2389 μοι,
3611 2317 3696 2368 καὶ

2125 2425 2282 2494 δόξης
2303 2425 2381 2485 είς
2409 2421 2504 2491 τὴν
2534 2419 2854 2488 οἰκουμένην
2901 2415 3304 2484 διαϐοηθείσης,
3344 2413 3483 2475 οἵοις
3529 2412 3699 2478 ἀμαρ-

2112 2521 2360 2588 ’τήμασιν
2383 2513 2658 2577 ἑαλωκὼς,
2696 2512 2789 2574 καὶ
2825 2510 3048 2574 ὄνειδος,
3079 2510 3173 2562 καὶ
3205 2505 3589 2578 μυκτηρισμὸς
3609 2518 3696 2570 γε·-

2127 2605 2297 2677 γονὼς
2327 2603 2700 2673 ἐξελέγχομαι.
2732 2620 2751 2652 ι

2203 2786 2265 2841 El
2289 2787 2345 2841 δὲ
2371 2785 2465 2839 καὶ
2493 2782 2628 2854 πρὸς
2651 2780 2844 2851 διπλῆν
2865 2783 3058 2852 μοῖραν
3092 2773 3368 2845 πανταχοῦ
3401 2770 3697 2841 καθορᾶται

2135 2878 2488 2951 μεριζόμενος
2516 2879 2544 2929 ὁ
2585 2873 2820 2945 Ἰσραήλ·
2855 2873 2908 2924 ot
2935 2873 3030 2940 μὲν
3057 2869 3164 2938 γὰρ
3188 2866 3368 2922 αὐτῶν
3417 2878 3698 2936 μοσχοποι-

2131 2971 2281 3024 οὖσιν
2305 2965 2875 3036 ὲγκαταλιμπάνοντες
2895 2961 3026 3014 Θεόν
3055 2977 3068 2992 ο
3097 2960 3149 3012 οἱ
3173 2959 3230 3011 δὲ
3262 2958 3432 3026 φόνῳ,
3485 2953 3582 3008 καὶ
3617 2951 3702 3004 θα⁴

2133 3063 2276 3133 νάτῳ
2327 3061 2426 3130 τὴν
2483 3057 2686 3128 τόλμαν
2750 3054 3048 3118 δικάζουσι,
3100 3054 3166 3120 τῇ
3204 3050 3476 3116 Μωσαῖκῇ
3523 3045 3697 3113 ψήφῳ,

2139 3155 2338 3228 μᾶλλον
2367 3153 2425 3206 δὲ
2455 3153 2520 3222 τῇ
2543 3149 2637 3202 τοῦ
2661 3146 2795 3202 Θεοῦ
2819 3144 3188 3218 δικαιοκρισίᾳ
3231 3138 3662 3211 ὑπηρετούμενοι
3683 3147 3697 3162 ⁸

2136 3249 2231 3302 καὶ
2262 3245 2311 3299 οἱ
2352 3243 2451 3315 μὲν
2508 3240 2846 3313 ίερατεύουσι
2893 3237 2969 3308 τῷ
3034 3235 3174 3304 Θεῷ,
3203 3237 3315 3296 τοῖς
3359 3232 3415 3285 δὲ
3453 3232 3698 3303 χάσματα

2138 3338 2244 3408 γῆς
2276 3333 2619 3403 αὐτοσχέδιος
2645 3332 2816 3400 τάφος
2837 3329 3044 3398 γίνεται
3072 3342 3084 3354 ·
3122 3326 3361 3385 καὶτοὺς
3390 3323 3490 3391 μὲν
3519 3319 3699 3388 φλόγες

2140 3428 2388 3498 Θεήλατοι
2436 3424 2836 3490 κατανέμονται
2877 3419 2972 3472 τοῦ
3017 3413 3333 3486 γογγυσμοῦ
3385 3413 3545 3473 δίκας
3597 3409 3700 3460 εἰσ-

2139 3517 2512 3591 πραττόμεναι
2535 3533 2549 3545 ·
2585 3515 2635 3566 οί
2657 3513 2712 3565 δὲ
2738 3512 2875 3582 πρὸς
2908 3510 2998 3562 τὸν
3029 3508 3199 3568 ἔλεον,
3245 3507 3338 3559 καὶ
3385 3504 3487 3573 τὴν
3512 3502 3702 3591 εὐγνωῖ

2143 3607 2380 3680 μοσύνην
2407 3604 2864 3673 καταφεύγοντες,
2897 3600 3106 3662 Οεαταὶ,
3159 3599 3254 3650 καὶ
3293 3595 3572 3666 μάρτυρες
3620 3589 3702 3642 τοῦ

2140 3713 2442 3783 παραδόξου
2475 3711 2747 3780 Θεάματος
2772 3708 3012 3776 γίνονται
3041 3721 3056 3736 ο
3099 3704 3193 3756 καὶ
3227 3701 3334 3754 τῶν
3366 3701 3467 3770 μὲν
3510 3698 3575 3751 τὰ
3606 3695 3702 3747 κῶ-

2139 3807 2208 3860 λα
2255 3808 2312 3858 ὲν
2374 3805 2566 3874 ἐρήμῳ
2611 3800 2820 3864 πίπτει,
2851 3800 2946 3851 καὶ
2990 3796 3090 3865 τῆς
3141 3792 3562 3862 ἐπηγγελμένης
3611 3787 3704 3854 γῆς

2141 3894 2350 3960 ἀνάξιοι
2378 3891 2655 3963 κρίνονται
2687 3905 2703 3919 ·
2733 3890 2781 3942 οἱ
2808 3888 2991 3940 δὲ.τῶν
3016 3883 3358 3951 ἐπαγγελιῶν
3425 3883 3527 3934 οὐκ
3559 3874 3701 3932 ἐκπί-

2143 4002 2334 4040 πτουσι
2355 4002 2367 4013 ·
2403 3984 2497 4036 καὶ
2527 3981 2696 4051 μυρία
2724 3979 2859 4033 ἄλλα
2889 3995 2900 4009 ⁸
2932 3977 3107 4040 οὕτως
3141 3971 3232 4029 οὖν
3263 3978 3342 4035 είς
3369 3973 3465 4025 δύο
3501 3971 3700 4041 μοίρας,

2142 4078 2223 4140 είς
2261 4093 2318 4129 τε
2352 4075 2450 4145 τὴν
2482 4071 2824 4142 εὐγνώμονα,
2856 4071 2952 4124 καὶ
3000 4069 3312 4138 ἀγνώμονα,
3349 4065 3450 4134 τῆς
3508 4065 3702 4131 Ἰσραη-

2142 4169 2336 4231 λίτιδος
2357 4166 2531 4235 φυλῆς
2565 4163 2972 4235 διαιρουμένης,
3001 4162 3151 4215 οὐδὲν
3182 4160 3380 4212 κωλύει
3408 4158 3586 4226 λέγειν
3607 4151 3701 4203 τῶν

2148 4261 2246 4330 μὲν
2275 4258 2634 4328 εὐγνωμόνων
2685 4257 3046 4328 διανοήματα,
3080 4255 3174 4306 καὶ
3235 4253 3528 4322 ὁμολογίας
3579 4245 3700 4300 εἶναι

2143 4355 2236 4406 τό·
2279 4371 2295 4403 I
2333 4350 2788 4421 Πολλὴὴἀνομία
2831 4349 2987 4418 ἡμῶν
3041 4347 3281 4402 ἐναντίον
3317 4363 3410 4398 σου
3435 4360 3450 4376 ο
3506 4343 3596 4397 καὶ
3655 4337 3702 4388 αἱ

467 4437 734 4492 scentium
763 4436 1119 4506 cogitationes
1144 4437 1627 4507 confessionesque
1653 4438 1898 4493 dicamus
1917 4455 2028 4494 esse

2139 4445 2404 4514 ἁμαρτίαι
2431 4445 2586 4514 ἡμῶν
2625 4443 2960 4511 ἀντέστησαν
2990 4443 3120 4510 ἡμῖν
3146 4458 3158 4470 ·
3189 4440 3284 4493 καὶ
3301 4440 3384 4493 ὅτι
3415 4439 3470 4492 αἱ
3501 4432 3699 4502 ἀνομίαι

467 4530 596 4584 illud
630 4549 643 4585 :
671 4551 689 4583 ι
729 4529 1097 4602 Multiplicata:
1125 4539 1252 4589 sunt
1284 4531 1598 4601 iniquitates
1627 4542 1828 4587 nostra:
1852 4549 2035 4588 coram

464 4631 536 4685 te,
590 4633 644 4677 et
698 4633 917 4692 peccata
975 4631 1163 4677 nostra
1215 4623 1612 4691 responderunt
1672 4623 1850 4689 nobis,
1911 4624 2039 4692 quia

464 4713 672 4768 scelera
726 4722 918 4768 nostra
968 4715 1292 4776 nobiscum,
1348 4724 1401 4766 et
1453 4713 1770 4782 iniquitates
1825 4725 2040 4769 nostras

463 4803 844 4874 cognovimus;
905 4819 1153 4874 peccare,
1213 4812 1267 4856 et
1322 4803 1536 4856 mentiri
1752 4813 1805 4858 et
1865 4805 2039 4865 aversi

466 4911 676 4958 smnus,
725 4912 793 4950 ne
835 4897 1039 4950 iremus
1068 4903 1190 4965 post
1222 4904 1431 4965 tergum
1470 4893 1563 4947 Dei
1608 4896 1780 4950 nostri
1824 4896 1905 4961 ‘9;
1936 4915 1954 4948 ι
1989 4905 2043 4950 et

467 5001 805 5055 quaecunque
857 4987 963 5042 alia
1017 4988 1083 5041 ad
1133 4987 1380 5042 eamdem
1407 4985 1842 5052 fcmifessionem,
1897 5004 2044 5042 com-

469 5075 925 5147 punctionemquc
977 5078 1250 5148 pertinent
1299 5096 1312 5130 :
1377 5078 1836 5132 murmurantium
1888 5095 2040 5143 vero,

536 5191 580 5222 ⁸⁸
613 5189 783 5244 Exod.
819 5207 945 5252 vaI,
972 5191 1040 5253 6;
1086 5190 1244 5245 Num.
1269 5207 1360 5255 xx,
1406 5193 1489 5245 11.

1567 5193 1612 5224 ⁸³
1648 5191 1751 5246 lsa.
1788 5210 1938 5258 ant,
1992 5196 2058 5250 16
2088 5211 2202 5265 seq.

2145 4538 2304 4608 ἡμῶν
2341 4538 2573 4607 ὲνὴμῖν,
2605 4535 2700 4588 καὶ
2756 4536 2824 4586 τὰ
2867 4534 3181 4604 ἀδικήματα
3239 4532 3394 4602 ἡμῶν
3449 4531 3698 4598 ἔγνωμεν·

2153 4629 2527 4699 ὴσεϐήσαμεν,
2558 4627 2651 4679 καὶ
2679 4625 3054 4694 ὲ-ψευσάμεθα.
3084 4663 3100 4678 .
3142 4665 3156 4678 .
3194 4662 3209 4676 .
3267 4624 3362 4675 καὶ
3406 4612 3706 4686 ἀπέστημεν

2147 4720 2254 4775 ἀπὸ
2287 4718 2510 4772 ὄπισθεν
2548 4715 2643 4768 τοῦ
2693 4716 2828 4768 Θεοῦ
2862 4715 3020 4786 ἡμῶν
3060 4728 3074 4742 ⁸
3137 4733 3154 4764 ι
3190 4714 3286 4767 καὶ
3311 4713 3412 4764 ὅσα
3437 4711 3571 4764 ἄλλα
3618 4703 3701 4770 τῆς

2147 4811 2317 4880 αὐτῆς
2346 4808 2726 4878 ὁμολογήσεως
2765 4806 3021 4876 ὑπάρχει.
3054 4805 3148 4857 καὶ
3191 4799 3562 4864 κατανύξεως⁸
3608 4791 3700 4844 τῶν

2146 4901 2203 4954 δὲ
2227 4876 2694 4969 γογγυστῶν,ίκαὶ
2722 4897 3051 4966 ἀχαρίστων,
3085 4897 3179 4947 καὶ
3233 4893 3564 4962 ἀγνωμόνων
3593 4887 3700 4937 δυσ·
3741 4876 3748 4881 ’

2149 4990 2359 5060 φημίας
2393 4986 2531 5043 εἶναι
2570 4988 2649 5041 τόο
2689 5008 2708 5040 I
2755 4989 2885 5040 Ἰδοὺ
2912 4987 3210 5057 ὠργίσυης,
3235 4985 3332 5037 καὶ
3363 4985 3521 5052 ἡμεῖς
3544 4975 3700 5048 ἦμάρ·

2148 5099 2313 5151 τομεν
2341 5097 2355 5112 ·
2396 5099 2414 5132 I
2443 5083 2490 5133 εί
2515 5078 2692 5150 βούλει
2723 5079 2801 5143 δὲ,
2838 5079 2931 5132 καὶ
2964 5079 3024 5130 τό
3052 5095 3065 5108 '
3097 5094 3115 5127 ι
3146 5076 3211 5127 Τί
3245 5074 3551 5144 ὲπλάνησας
3576 5063 3701 5136 ἡμεῖς

2279 5197 2324 5228 ⁵ο
2361 5193 2505 5250 Psal.
2537 5210 2692 5257 XLIII,
2726 5194 2825 5261 14;
2859 5209 3085 5255 LXXVIII,
3111 5192 3166 5246 4.
3239 5191 3282 5222 ⁸¹
3322 5191 3492 5244 Exod.
3546 5189 3695 5261 xm];

468 5262 486 5312 ί
522 5243 715 5336 sequ;
741 5260 807 5336 ff
834 5243 960 5336 ibi!T
997 5243 1255 5336 assam;
1273 5243 1376 5293 ﬁt"
1410 5243 1575 5336 Nam.
1611 5243 1965 5334 ιξιίἷϋέἑὶιὶὶ.
1996 5243 2230 5322 ἰῖιῖὒίιλ
2259 5267 2327 5320 25
2361 5243 2825 5336 sitiq'fs'é's’xdti.’
2850 5243 2985 5331 ἐξ]
3004 5243 3222 5334 (seqq.
3258 5263 3305 5296 ιο
3332 5243 3492 5315 Num.
3522 5266 3622 5316 XIV,
3641 5243 3700 5300 εδ

468 5346 581 5399 srq.
656 5330 702 5362 ⁸⁷
739 5331 868 5386 ibid.
896 5332 986 5384 50.
1064 5331 1109 5362 "’
1141 5333 1240 5384 lsa.
1275 5347 1386 5397 ιιι,
1428 5332 1494 5384 12
1529 5349 1683 5402 seqq.

2007 5449 2240 5507 ΝΟΤΔΕ.

540 5563 653 5662 (ὃξ)
685 5578 892 5662 Ηοοςιά
938 5581 1419 5662 .cos‘rcferendum
1472 5593 1620 5662 putn_,
1657 5586 1750 5656 qui
1796 5589 2038 5662 singulis

468 5652 1150 5734 populicastigationibus
1187 5652 1506 5734 superstites
1556 5656 1626 5710 ob
1666 5652 2038 5734 ῥᾳςῃίιειιῖἱειιι

470 5721 708 5776 fuerunt.
769 5721 1031 5778 Nimirum
1084 5724 1136 5778 in
1207 5721 1380 5794 prima
1421 5741 1638 5797 quoque
1667 5721 2040 5785 Hebraeorum
2128 5771 2134 5778 .

2143 5592 2300 5714 mitiga
2331 5590 2647 5662 hujusmodi
2679 5589 2824 5647 viros
2852 5590 3023 5647 fuisse
3055 5597 3294 5647 constat.
3341 5586 3509 5645 Exod.
3546 5591 3692 5644 xxxtn
