3888 6186
211 289 323 354 301
901 321 919 336 ·
1183 303 1282 365 ΑΙ)
1311 306 1908 375 AMPHILOCHIUM
1959 316 2306 385 OUxESTIO
2343 315 2564 390 XLIII.
3392 328 3497 394 302

210 404 330 457 ἀπὸ
365 405 466 475 τῆς
491 403 611 459 ὀδοῦ
637 421 754 474 σου,
780 407 876 464 καὶ
896 407 1063 482 ισκλή
1075 427 1237 482 ρυνας
1263 415 1364 478 τὰς
1387 418 1614 488 καρδίας
1635 421 1795 490 ἡμῶν

1908 426 2392 500 ingratorumque,
2432 449 2498 489 ac
2559 434 2875 491 vecordium
2937 435 3310 508 blasphemias
3369 456 3494 498 esse

208 497 316 548 τοῦ
366 496 442 568 μὴ
494 497 778 567 φοϐεῖσθαί
863 517 960 566 σε;
1020 520 1040 554 ο
1110 503 1206 556 καὶ
1283 505 1384 558 ὅσα
1457 509 1559 577 τῆς
1623 510 1796 581 αὐτῆς

1908 517 2029 582 hoc,
2063 534 2190 575 ecce
2229 541 2248 572 ι
2279 522 2454 580 Iratus
2484 541 2566 592 es,
2606 537 2661 582 et
2701 543 2801 583 nos
2840 530 3213 598 peccavimus;
3256 551 3273 584 ι
3302 532 3414 588 imo
3441 545 3494 589 et

209 586 660 658 ἀπονενοημένης
717 589 942 662 γνώμης
1001 592 1119 646 ἐστὶ
1152 593 1380 650 τοιαῦτα
1417 596 1798 680 ρλαστήματα.

1906 605 2009 661 hoc
2045 622 2058 659 :
2099 627 2117 659 ι
2151 609 2334 675 Quare
2362 628 2546 670 errare
2575 631 2675 672 nos
2719 615 2895 672 fecisti
2929 619 2996 673 de
3036 618 3138 675 viis
3171 621 3300 685 luis,
3333 621 3492 676 indu-

213 680 356 733 rasti
432 695 529 735 cor
571 692 844 752 nostrum,
891 699 962 740 ne
1013 686 1334 745 timeremus
1390 697 1443 745 te
1495 691 1578 745 "‘2
1611 712 1631 745 ι
1675 701 1840 765 atque
1910 698 2015 754 alia
2076 701 2417 772 hujusmodi,
2464 723 2586 777 quae
2641 724 2708 764 ex
2758 711 2948 767 eadem
3020 713 3192 768 animi
3251 715 3495 771 caecitate

209 785 537 844 erumpunt.

284 869 349 920 Et
367 869 475 940 γὰρ
499 872 592 923 καὶ
609 870 820 942 ἑτέροις
839 873 1018 942 λόγοις
1033 874 1101 928 τὰ
1121 874 1348 948 ὕστερον
1366 881 1636 951 εἰρημένα
1657 883 1800 938 διαι-

209 959 440 1021 τᾶσθαι.
465 962 567 1016 ’καὶ
587 961 953 1018 καθίστασθαι
975 965 1200 1021 δύναται
1221 969 1358 1038 πρὸς
1382 971 1474 1023 τὸν
1495 974 1686 1042 εἱρμὸν
1705 976 1804 1046 τῆς

209 1050 658 1116 ἀκολουθίας,καὶ
688 1055 749 1108 τὸ
771 1056 871 1126 τῆς
901 1060 1388 1126 συγκατανεύσεως
1415 1065 1800 1122 ἀστασίαστον

208 1143 334 1195 ἀλλ’
368 1140 463 1198 οὖν
495 1147 588 1200 καὶ
627 1149 654 1200 ό
689 1147 874 1217 ῥηθεὶς
903 1150 1106 1220 τρόπος
1149 1153 1332 1215 ἱκανός
1376 1157 1493 1208 ἐστι
1529 1158 1628 1226 τὴν
1691 1160 1802 1214 τῶν

211 1233 500 1304 λογισμῶν
549 1239 718 1307 ἀχλὺν
752 1239 1139 1307 ἀποσκεδάσαι,
1195 1245 1289 1302 καὶ
1320 1244 1380 1296 τὸ
1425 1246 1526 1316 τῆς
1561 1248 1802 1317 ἀμφιϐο-

210 1323 342 1388 λίας
414 1328 573 1398 νέφος
630 1328 1007 1386 διαλύσασθαι.
1069 1333 1178 1386 Καὶ⁵
1223 1333 1325 1387 οὐκ
1382 1335 1532 1389 ἐστιν
1591 1339 1800 1392 ἐνδοια-

209 1416 446 1486 ζόμενον
524 1420 622 1490 τῆς
699 1420 1014 1491 ἀγνώμονος
1096 1420 1236 1478 εἶναι
1324 1426 1623 1492 διαθέσεως
1703 1432 1804 1500 τῆς

209 1507 532 1580 δυσφημίας
577 1511 646 1565 τὰ
691 1514 932 1583 ῥήματα.
987 1515 1271 1570 Είωθὸτων
1320 1519 1429 1589 γὰρ
1475 1521 1618 1574 κατὰ
1641 1522 1800 1586 Θεοῦ,

211 1601 310 1650 καὶ
333 1602 475 1654 κατὰ
498 1601 604 1654 τῶν
618 1603 780 1656 αὑτοῦ
811 1603 1159 1673 θεραπόντων
1192 1607 1508 1676 γογγύζειν,
1543 1607 1640 1664 καὶ
1661 1627 1801 1669 κατ-

1912 905 1928 922 ι
1973 883 2090 940 Etsi
2127 887 2272 942 enim
2327 890 2490 946 verba
2527 891 2714 950 isthtec
2754 895 2875 952 aliis
2905 912 3123 968 quoque
3166 898 3495 969 interpreta-

1905 978 2146 1033 tionibus
2179 982 2486 1050 eonciliari,
2527 994 2580 1038 et
2613 987 2680 1039 ad
2726 989 3080 1043 consentanei
3131 1006 3327 1046 sensus
3367 1007 3492 1047 con-

1905 1071 2230 1140 nexionem,
2285 1078 2818 1151 consensionemque
2877 1082 3264 1139 inconcussam
3318 1085 3491 1152 redigi

1897 1174 2156 1230 possunt;
2187 1168 2475 1232 praedictus
2507 1178 2687 1225 tamen
2736 1173 2925 1226 modus
2960 1174 3158 1228 snlIicit
3209 1177 3275 1228 ad
3311 1174 3494 1228 discu-

1910 1251 2152 1306 tiendam
2222 1257 2702 1315 ratiocinationum
2783 1264 3107 1333 caliginem,
3175 1275 3228 1320 et
3292 1266 3492 1318 nubem

1903 1346 2287 1416 ambiguitatis
2319 1351 2746 1408 dissolvendam.
2779 1356 2963 1426 Neque
2999 1357 3051 1409 in
3087 1357 3312 1411 dubium
3345 1372 3494 1410 revo-

1902 1446 2081 1499 catur,
2144 1439 2274 1506 quin
2333 1441 2399 1495 ad
2458 1447 2741 1499 vecordem
2823 1447 3173 1502 lIebrmorum
3241 1449 3487 1502 animum

1901 1526 2255 1597 blasphemiae
2301 1533 2463 1588 verba
2511 1538 2838 1603 pertineant.
2889 1540 3026 1593 Cum
3088 1542 3233 1592 enim
3293 1540 3351 1603 ii,
3395 1540 3487 1608 qui

1901 1620 2255 1688 vecordium,
2302 1623 2732 1694 obduratorum,
2789 1640 2950 1698 atque
3011 1630 3490 1684 incmendabilium

211 1689 604 1753 εξανίστασθαι
638 1692 745 1746 τῶν
798 1695 1266 1764 συμπληρούντων
1336 1697 1435 1769 τὴν
1482 1699 1797 1770 ἀγνώμονα,

1908 1707 2190 1764 hominum
2259 1724 2470 1781 partem
2528 1719 2964 1786 constituebant,
3015 1730 3204 1774 contra
3282 1721 3488 1786 Deum,

212 1781 314 1834 καὶ
377 1785 814 1855 πεπωρωμένην,
846 1787 941 1840 καὶ
981 1786 1355 1858 ἀθεράπευτον
1383 1793 1580 1860 μοῖραν
1618 1809 1630 1823 ο
1667 1794 1801 1847 ἀκό-

212 1867 408 1930 λουθός
441 1871 588 1922 ἐστιν
609 1871 789 1933 αὐτοῖς
807 1873 900 1926 καὶ
930 1873 1154 1943 μελέτη,
1190 1875 1426 1944 μάλιστα
1460 1881 1552 1932 καὶ
1565 1878 1671 1933 τῶν
1701 1898 1802 1933 κα-

213 1958 332 2010 κῶν
365 1959 620 2012 ἁπάντων
650 1960 770 2013 ἀντὶ
792 1960 886 2014 τοῦ
907 1962 1136 2026 ἑαυτοὺς
1165 1964 1376 2028 αίτίους
1416 1967 1690 2037 νομίζειν,
1722 1972 1802 2034 εἰς

213 2050 318 2120 τὴν
342 2050 440 2121 τῆς
473 2052 748 2122 σωτηρίας
779 2055 998 2123 ἀπάσης
1022 2056 1228 2127 πηγὴν,
1257 2059 1354 2112 καὶ
1373 2059 1483 2114 τῶν
1509 2060 1689 2117 καλῶν
1717 2062 1802 2118 al-

213 2157 332 2194 τιον
356 2142 453 2205 τὰς
483 2142 660 2207 αίτίας
685 2145 855 2215 ἁναφέ
865 2164 998 2216 ρειν.

303 2233 443 2285 Ἀλλ’
475 2235 690 2305 εἴρηται
723 2238 842 2307 μὲν,
869 2240 970 2292 ὅσα
1003 2241 1217 2314 είρηται
1245 2260 1260 2276 ·
1291 2247 1404 2308 τοῖς
1440 2246 1498 2299 δὲ
1525 2246 1646 2318 τὴν.
1669 2265 1792 2317 κρι-

213 2324 378 2394 τικὴν
397 2325 508 2389 ἕξιν
536 2329 602 2398 τῇ
633 2328 728 2381 τοῦ
764 2332 1033 2399 παναγίου
1072 2334 1395 2405 Πνεύιματος
1423 2337 1652 2408 δυνάμει
1698 2356 1800 2410 χα-

216 2415 528 2484 ριτωθείσιν
551 2419 917 2491 ὑπεξίσταμαι
940 2424 1274 2496 διαιτᾷν,κα“ι
1303 2429 1372 2482 τὰ
1403 2431 1634 2500 κρείττω
1662 2433 1799 2502 μᾶλ-

217 2507 309 2559 λον
339 2508 448 2560 τῶν
509 2510 684 2565 ἄλλων
749 2515 1132 2586 ἀποδέχεσθαι.
1193 2521 1286 2573 καὶ
1345 2522 1616 2592 στέργειν.
1678 2525 1800 2577 Ἐπὶ

213 2599 367 2653 τέλει
396 2601 453 2654 δέ
489 2619 580 2672 μοι
604 2604 698 2657 τοῦ
733 2605 893 2675 λόγου
931 2611 1219 2681 περιῆλθεν
1251 2615 1284 2682 ἡ
1341 2615 1533 2684 μνήμη
1553 2615 1654 2685 τῆς
1703 2616 1801 2670 τοῦ.

218 2693 517 2765 Συμμάχου
554 2697 991 2771 ἐκδόσεω;,.ἧτις
1019 2705 1066 2755 εἰ
1092 2703 1210 2756 κατ’
1235 2705 1411 2774 ἀρχὰς
1442 2707 1541 2760 ἐπέ
1553 2723 1676 2776 ατη,
1698 2707 1797 2761 οὐκ

217 2783 286 2836 ἂν
311 2787 584 2841 τοσούτων
629 2789 1055 2861 ἐνθυμημάτων,
1117 2795 1238 2847 οὐδὲ
1313 2797 1798 2866 περινενοημένων

217 2871 597 2944 θεωρημάτων
652 2878 789 2947 πρὸς
817 2881 913 2950 τὴν
954 2879 1106 2933 λύσιν
1155 2881 1478 2953 ἐδεήθημεν.
1534 2885 1643 2937 Καὶ
1690 2885 1799 2958 γὰρ

216 2967 430 3028 ἐκεῖνος
479 2968 541 3020 τὸ
586 2971 749 3038 ῥητὸν
809 2970 986 3036 οὕτως
1035 2973 1351 3039 ἐκδέδωκεν,
1420 2993 1439 3027 ι
1511 2977 1798 3048 Ὠργίσθης

218 3057 379 3126 ἡμῶν
399 3059 792 3130 ἁμαρτόντων·
851 3082 870 3116 ι
919 3064 1057 3135 ὅπερ
1108 3065 1260 3128 οὐδὲν
1309 3067 1630 3136 ἀμφίϐολον,
1676 3070 1798 3126 οὐδέ

216 3166 343 3203 τινα
373 3153 672 3223 παρέχεται
712 3155 941 3227 ζήτησιν
973 3171 987 3184 ⁸
1020 3158 1261 3225 φανερὰν
1291 3159 1367 3223 δὲ,
1422 3161 1517 3214 καὶ
1565 3164 1800 3235 κρείττω

218 3245 627 3322 προτίθησιν,ἢ
671 3250 1075 3327 διαπορεῖσθαι,
1119 3240 1241 3326 ⁸τὴν
1293 3258 1555 3315 διάνοιαν.
1611 3260 1800 3330 Ἴσμεν

217 3339 354 3409 γὰρ,
396 3339 552 3412 ἴσμεν
582 3344 769 3413 σαφῶς
803 3346 916 3415 (57)
940 3347 1181 3411 ἅπαντες
1219 3349 1282 3401 τὸ
1327 3350 1481 3403 Θείον
1541 3352 1636 3405 ἐπὶ
1680 3355 1800 3417 ταῖς

219 3430 521 3501 ἁμαρτίαις
573 3436 732 3505 ήμῶν
782 3437 1154 3510 ὀργιζόμενον.
1213 3442 1326 3494 Οὐκ
1362 3442 1557 3511 ἄδηλον
1611 3445 1688 3508 δὲ,
1719 3445 1800 3498 ὃτι

221 3520 297 3590 μὴ
339 3524 498 3591 μόνον
529 3526 666 3598 αὐτὴ
687 3529 810 3582 καθ’
840 3531 1040 3602 ἑαυτὴν
1074 3535 1107 3600 ἠ
1142 3533 1367 3604 τοιαύτη
1413 3536 1659 3599 Ἔκδοσις
1689 3536 1802 3589 δια-

218 3609 368 3663 λύειν
392 3614 539 3667 ἐστὶν
563 3617 723 3689 ἱκανὴ
747 3620 808 3672 τὸ
829 3620 1094 3692 ἁπόρημα
1113 3638 1127 3652 ο
1161 3621 1297 3675 ἀλλὰ
1323 3624 1419 3677 καὶ
1439 3624 1522 3678 ὅτι
1549 3627 1648 3678 ούκ
1689 3626 1799 3679 ὀλί-

217 3718 320 3770 γας
345 3704 453 3757 τῶν
475 3713 888 3781 προειρημένων
913 3712 1215 3767 ὲπιλύσεων
1246 3713 1594 3787 βεϐαιοτέρας
1644 3719 1799 3786 μᾶλοι

216 3793 308 3847 λον
334 3796 624 3865 ἀποφαίνει
653 3819 667 3832 ·
708 3802 828 3856 οὐδὲ
854 3806 991 3875 πρὸς
1036 3805 1136 3868 τὰς
1176 3805 1370 3870 λοιπὰς
1403 3807 1795 3881 διαφερομένῃ,

217 3885 336 3937 ἀλλ’
403 3889 497 3942 ἐπὶ
552 3891 653 3962 τῆς
739 3893 875 3958 ἰδίας
954 3896 1143 3968 χρείας
1215 3897 1494 3968 διαμένειν
1575 3900 1796 3959 ἀπολεί-

218 3991 421 4031 πουσα.

751 4077 1087 4130 ΕΡΩΤΗΣΙΣ
1110 4078 1254 4132 ΜΓ..

1904 1800 2131 1869 ejusque
2182 1802 2460 1860 ministros
2537 1822 2902 1870 murmurare.
2971 1820 3135 1880 atque
3206 1811 3489 1881 insurgere

1904 1886 2051 1940 soliti
2102 1887 2346 1958 fuerint;
2406 1905 2774 1949 consentanea
2830 1897 2995 1950 etiam
3047 1898 3179 1967 ipsis
3235 1913 3299 1954 ea
3355 1915 3486 1953 cura

1903 1989 2006 2044 est,
2040 1991 2166 2036 utet
2217 1988 2486 2056 praecipue
2539 1990 2805 2044 malorum
2838 1992 3109 2054 omnium,
3158 2009 3256 2062 pro
3309 2009 3372 2047 eo
3425 2010 3489 2048 ae

1903 2085 2024 2126 sese
2051 2088 2302 2130 auctores
2329 2081 2682 2146 arbitrentur,
2737 2097 2933 2138 causas
2995 2084 3047 2136 in
3099 2084 3261 2140 totius
3289 2085 3484 2140 salutis

1903 2160 2135 2230 fontem,
2162 2169 2539 2238 originemque
2570 2173 2840 2226 bonorum
2869 2175 3221 2230 transferant.

1969 2253 2036 2306 At
2064 2269 2165 2324 ego
2197 2259 2414 2326 quidem
2442 2261 2574 2323 dixi,
2623 2277 2746 2332 qute
2789 2263 2900 2316 dixi
2937 2282 2949 2317 :
3009 2263 3134 2319 Haec
3167 2273 3348 2320 autem
3393 2266 3484 2330 Iis,

1902 2345 1995 2418 qui
2025 2355 2142 2401 arte
2171 2351 2361 2406 critica
2393 2367 2485 2420 per
2513 2351 2748 2422 Spiritus
2778 2355 2951 2409 sancti
2987 2357 3239 2410 virtutem
3272 2358 3483 2427 praediti
3552 2366 3553 2369 ‘

1903 2452 2050 2509 sunt,
2102 2445 2277 2508 trado,
2325 2454 2381 2498 ut
2431 2447 2744 2512 concilient,
2795 2455 2848 2500 et
2895 2462 3016 2514 quae
3069 2449 3292 2504 meliora
3334 2460 3483 2512 sunt.

1901 2551 2012 2605 prte
2044 2538 2255 2590 caeteris
2301 2537 2696 2605 amplectantur
2739 2554 2804 2592 ac
2852 2540 3104 2608 probent.
3154 2541 3324 2595 Porro
3355 2544 3483 2597 dum

1903 2624 2149 2679 diatribae
2179 2625 2341 2680 linem
2376 2627 2745 2696 imponebam,
2784 2630 2931 2684 venit
2982 2631 3114 2684 mihi
3158 2631 3210 2684 in
3247 2642 3481 2687 mentem

1905 2715 2220 2786 Symmachi
2276 2719 2488 2784 versio;
2542 2735 2706 2788 quant
2771 2720 2816 2774 si
2867 2722 3051 2776 statim
3111 2738 3140 2776 a
3214 2724 3484 2794 principio

1902 2806 2337 2873 adduxissemus,
2374 2809 2563 2879 utique
2596 2825 2704 2863 non
2739 2809 2932 2866 fuisset
2964 2827 3103 2882 opus
3131 2821 3306 2868 tantas
3333 2831 3484 2869 eom-

1901 2896 2304 2963 mentationes,
2361 2897 2921 2969 ratiocinationesque
3001 2902 3068 2955 ad
3147 2903 3482 2958 dillicultatis

1901 2987 2230 3043 solutionem
2275 2990 2610 3057 excogitare.
2671 2989 2720 3045 Is
2770 2993 2915 3046 enim
2967 2993 3169 3047 dictum
3229 2995 3360 3049 illud
3411 2997 3484 3049 ita

1900 3078 2172 3136 reddidit:
2222 3096 2241 3130 ι
2283 3079 2458 3133 Iratus
2521 3097 2580 3135 es
2637 3082 2796 3136 nobis
2863 3085 3216 3152 peccantibus
3269 3085 3419 3157 (56);
3458 3105 3479 3138 ι

1899 3177 2044 3246 quod
2094 3174 2312 3246 quidem
2373 3173 2575 3226 nullam
2627 3175 3084 3244 ambiguitatem,
3146 3193 3210 3232 ac
3278 3178 3480 3232 nullam

1899 3268 2215 3337 quaestionis
2258 3266 2541 3325 materiam
2583 3267 2830 3332 exhibet;
2870 3269 3224 3337 perspicuum
3275 3279 3482 3334 autem,

1897 3370 1950 3415 et
1973 3361 2038 3414 de
2067 3373 2177 3429 quc.
2211 3359 2487 3428 ambigere
2524 3373 2682 3414 nemo
2713 3368 2910 3428 potest.
2943 3376 3164 3415 sensum
3203 3361 3477 3431 proponit.

1896 3450 2156 3505 Novimus
2187 3452 2353 3514 enim,
2387 3451 2656 3517 novimus,
2691 3454 2933 3521 inquam,
2960 3451 3262 3507 luculenter
3289 3466 3484 3507 omnes

1909 3543 2078 3597 Deum
2106 3551 2324 3612 propter
2361 3553 2579 3611 peccata
2619 3555 2804 3598 nostra
2845 3544 3032 3598 irasci.
3093 3541 3245 3597 Patet
3293 3552 3478 3595 autem

1902 3633 2218 3700 huiusmodi
2256 3636 2564 3686 versionem
2598 3648 2704 3686 non
2753 3633 2914 3687 modo
2956 3633 3127 3701 ipsam
3163 3648 3260 3701 per
3299 3647 3360 3688 se
3413 3631 3480 3684 ad

1898 3723 2255 3790 quaestionem
2283 3704 2684 3776 dissolvendam
2717 3723 2988 3786 subicere,
3033 3723 3124 3777 sed
3171 3722 3332 3775 etiam
3371 3736 3476 3774 non

1896 3829 2102 3884 paucas
2165 3829 2233 3869 ex
2285 3814 2466 3869 allatis
2526 3814 2890 3870 solutionibus
2953 3814 3126 3885 magis
3200 3815 3482 3883 magisque

1901 3906 2246 3971 conlirmare,
2271 3906 2399 3960 dttm
2443 3921 2513 3960 ne
2560 3907 2831 3976 discrepat
2873 3906 3092 3976 quidem
3134 3919 3164 3958 a
3219 3904 3477 3973 reliquis,

1901 3998 1996 4052 sed
2031 3997 2174 4068 ipsas
2202 3997 2254 4052 in
2293 3997 2528 4066 propriis
2559 3998 2744 4051 usibus
2768 4010 3091 4066 permanere
3119 3995 3250 4050 sinit
3272 3994 3406 4065 ('58).

2238 4087 2565 4154 ρυίΕεΤιο
2602 4088 2763 4142 XLIII
2798 4087 2895 4161 [αι.
2933 4088 3120 4160 XLII].

222 4160 283 4214 Τί
296 4162 392 4238 ’δή
417 4181 561 4238 ποτε
583 4166 690 4222 τοῦ
708 4169 938 4238 ,Κυρίου
967 4169 1063 4221 καί
1093 4168 1362 4236 Σωτῆρος
1398 4169 1566 4238 ἡμῶν
1587 4173 1789 4237 Ἰησοῦ

1908 4179 2133 4234 Cumont
2177 4197 2296 4234 cum
2347 4182 2601 4234 Dominus
2661 4189 2710 4233 et
2781 4181 3032 4234 Servator
3089 4193 3269 4236 ηοειεν
3321 4181 3480 4236 Ιεσιιε

289 4234 550 4312 ἔρῳ-τοῦ
574 4240 665 4301 εις
696 4234 1152 4312 ὅγολιαληματρὸς
1179 4234 1276 4292 καὶ
1306 4234 1456 4312 -Υίρῧ
1486 4242 1586 4293 καὶ
1616 4234 1790 4312 ἁγίου
1827 4293 1830 4298 .

287 4303 638 4377 ιςινέυματος
696 4303 1007 4370 ,βαπτίζειν
1034 4303 1628 4377 μυσταγωγιξσαντος
1653 4303 1675 4372 ,’
1737 4315 1791 4366 οἱ

287 4371 619 4446 ἀπόστολοι
647 4379 740 4430 καὶ
764 4371 1393 4446 μαθ-ηταὶάὺτοῦόὗκ
1413 4371 1620 4444 οὕτως,
1653 4371 1792 4436 ἀλλ’

286 4444 377 4508 εις
403 4444 470 4496 τὸ
498 4445 686 4515 ὄνομα
714 4444 820 4501 τοῦ
849 4449 1068 4513 Κυρίου
1099 4447 1304 4514 Ἰησοῦ
1333 4444 1644 4510 ἐϐάπτιζον
1668 4469 1689 4515 ;

1966 4251 2204 4305 Christus
2228 4253 2284 4304 in
2323 4253 2526 4305 nomine
2557 4250 2736 4305 Patris
2768 4261 2815 4304 et
2836 4249 2965 4303 Filii
2995 4261 3040 4304 et
3057 4255 3227 4305 sancti
3250 4251 3481 4320 Spiritus

1966 4321 2238 4388 baptizare
2265 4321 2549 4392 docuisset,
2572 4320 2810 4392 apostoli
2829 4331 2986 4392 atque
3006 4321 3195 4375 lterum
3229 4321 3478 4392 discipuli

1925 4452 1927 4455 ι
1967 4384 2067 4443 non
2101 4393 2194 4458 sic,
2228 4391 2318 4445 sed
2363 4392 2417 4444 in
2441 4384 2646 4444 nomine
2678 4384 2910 4444 Domini
2935 4384 3066 4445 Jesu
3107 4384 3472 4462 baptizabant.

615 4558 757 4610 Edita
781 4560 843 4610 ab
864 4561 993 4637 Aug.
1034 4561 1176 4619 Maio,
1217 4561 1344 4610 Nov.
1385 4559 1526 4620 Coll.,
1551 4561 1809 4620 1,90-120.
1852 4561 1929 4612 De
1976 4572 2219 4628 baptismo
2257 4570 2306 4618 in
2332 4571 2530 4618 nomine
2552 4568 2673 4617 .lesu
2705 4567 3068 4618 administrate.

288 4646 360 4695 α’.
383 4641 544 4706 Τινάς
569 4641 667 4712 μὲν
690 4645 782 4698 οὖν
799 4644 907 4698 τῶν
931 4646 1092 4716 ἱερῶν
1117 4646 1326 4717 ἀνδρῶν
1346 4646 1490 4701 ἔστιν
1510 4648 1637 4702 ίδείν
1662 4651 1810 4704 ίστα-

223 4733 420 4804 μένους
452 4734 590 4804 πρὸς
616 4734 676 4787 τὸ
698 4737 921 4808 ἄπορον,
949 4737 1010 4791 οὑ
1038 4739 1106 4791 δι’
1134 4731 1210 4790 ὧν
1231 4738 1292 4790 τὸ
1327 4736 1553 4810 ζήτημα
1593 4741 1804 4800 διαλύε-

285 4851 333 4883 ⁸⁹
388 4848 495 4907 Isa.
543 4867 697 4920 Lxm,
738 4814 842 4908 17..

1985 4655 2036 4708 1.
2065 4657 2388 4712 Sanctorum
2417 4665 2630 4726 patrum
2670 4656 2960 4710 nonnullos
3002 4654 3156 4709 video
3186 4655 3258 4715 ita
3288 4655 3340 4709 in
3377 4656 3475 4712 hac

1907 4746 2102 4817 qumsti
2257 4756 2554 4812 versantes,
2596 4759 2656 4802 ut
2695 4763 2802 4800 non
2858 4755 2965 4798 tam
3020 4744 3111 4798 illa
3152 4757 3472 4816 argumenta

1684 4948 1915 5006 ΝΟΤᾸΞ.

292 5039 406 5113 ('56)
439 5042 640 5098 Gratiae
665 5042 862 5113 Photio
888 5040 1172 5113 habendae,
1206 5039 1354 5112 quod
1380 5040 1483 5096 hoc
1512 5055 1590 5113 ex
1627 5042 1796 5113 Sym-

224 5111 401 5166 machi
433 5117 684 5167 versione
738 5111 991 5181 λείψανον
1041 5112 1201 5166 nobis
1225 5111 1584 5176 iservaverit;
1610 5111 1798 5167 deerat

222 5181 366 5251 enim
408 5182 461 5235 in
493 5183 571 5236 eis
609 5181 970 5250 Hexaptorum
1014 5181 1414 5251 ἀποσπάσμασι
1442 5197 1566 5251 quae
1625 5181 1798 5237 Mont-

226 5250 510 5307 fauconius
531 5253 850 5316 collegerat.

295 5321 406 5390 ('57)
449 5323 522 5376 Ita
557 5324 608 5376 in
643 5321 904 5376 Vaticano
930 5322 1253 5392 ὲμφατικῶς
1283 5322 1516 5391 legitur;
1546 5320 1796 5376 Barberi-

226 5402 532 5470 nus_a_nten_t
565 5393 724 5470 habet
750 5402 974 5470 tantum,
1003 5393 1161 5461 ῐσμεν
1191 5393 1300 5470 γὰρ
1325 5392 1535 5463 σαφῶς.
1708 5460 1718 5470 _

295 5461 406 5531 (58)
435 5461 784 5542 Calvinistas,
815 5465 907 5531 qui
943 5463 1110 5516 Deum
1149 5463 1217 5542 ad
1249 5461 1530 5531 peccatum
1573 5476 1675 5542 nos
1708 5461 1793 5541 in-

227 5529 504 5601 citantem,
536 5532 644 5584 imo
667 5529 947 5601 cogentem
982 5529 1351 5599 somniantur,
1382 5549 1491 5586 non
1525 5531 1706 5584 minus
1737 5531 1790 5583 in

230 5599 348 5660 hac,
366 5617 527 5669 quam
551 5603 604 5655 in
632 5599 952 5669 praecedenti
979 5604 1357 5658 lucubratione
1384 5601 1611 5656 Photius
1641 5602 1795 5654 Iucu-

165 5731 168 5734 λ
231 5669 526 5725 lentissime
578 5671 844 5738 refellere,
897 5689 960 5726 ac
989 5689 1055 5728 ne
1083 5687 1146 5728 ex
1183 5674 1461 5741 proposito
1493 5672 1644 5726 Isaia:
1675 5672 1794 5724 loco

231 5755 421 5798 novam
480 5751 700 5798 sumant
765 5743 1055 5800 cavillandi
1100 5745 1402 5809 materiam,
1457 5750 1795 5797 antevertere

1850 5045 2131 5104 ,videtnr.
2186 5042 2570 5098 Adnotandum
2626 5043 2766 5096 vero'
2821 5043 2964 5112 quod
3021 5041 3368 5105 Munsterus,
3411 5057 3476 5098 ac

1894 5115 2160 5180 Grotius,
2213 5113 2504 5181 ca'teroqui
2553 5113 2961 5166 Catholicorum
3029 5113 3314 5182 δογμάτων
3365 5128 3472 5167 non

1896 5186 2059 5238 nimis
2081 5183 2260 5246 amici,
2303 5184 2430 5236 illud
2484 5191 2535 5237 et
2590 5185 2935 5246 peccavimus.
2981 5183 3068 5238 cui
3098 5195 3207 5236 tota
3238 5183 3468 5236 dillicul-

1897 5255 2024 5308 tatis
2056 5255 2225 5307 moles
2251 5255 2518 5319 innititur,
2555 5255 2679 5323 quia
2726 5255 3054 5321 peccavimus
3089 5252 3472 5322 exponendum

1898 5339 2002 5394 non
2038 5323 2372 5377 infieiantur.
2407 5325 2634 5379 Photius
2680 5335 2859 5378 autem
2894 5325 3122 5387 ozt-teris,
3157 5325 3300 5394 quod
3336 5324 3471 5387 scio,

1900 5393 2077 5447 fusius
2115 5409 2179 5447 ac
2219 5394 2432 5461 planius
2476 5397 2754 5463 proposita
2799 5395 3076 5464 propheta:
3124 5393 3292 5447 verba
3323 5407 3470 5446 com-

1899 5472 2206 5543 mentatur;
2228 5479 2291 5517 ac
2317 5465 2682 5543 blasphemias
2710 5482 2774 5543 ex
2804 5465 3010 5543 Calvini
3031 5479 3216 5543 errore
3245 5471 3470 5543 eruptu-

1899 5548 1990 5604 ras
2052 5535 2454 5604 quodammodo
2511 5536 2802 5604 praesentit.
2875 5533 2949 5588 De
3008 5534 3208 5604 quibus
3273 5533 3471 5604 videsis

1900 5602 2212 5674 Dionysium
2265 5602 2544 5661 Petavium
2575 5603 2650 5658 De
2711 5603 2846 5672 Deo,
2900 5604 2996 5661 lib.
3030 5602 3063 5659 it
3094 5603 3168 5660 De
3193 5603 3464 5674 prwdest.,

1898 5688 2017 5742 cap.
2048 5673 2080 5728 6
2112 5681 2165 5729 et
2194 5688 2346 5746 seqq.
